  <div class='ocr_page' id='page_1' title='image "/cluster/home/n/w/nwhite01/storage/ocr_20150623/117/hvd.32044015466899/313.png"; bbox 0 0 3996 6444; ppageno 0'>
   <div class='ocr_carea' id='block_1_1' title="bbox 443 451 550 508">
    <p class='ocr_par' dir='ltr' id='par_1_1' title="bbox 443 451 550 508">
     <span class='ocr_line' id='line_1_1' title="bbox 443 451 550 508; baseline 0.009 -1"><span class='ocrx_word' id='word_1_1' title='bbox 443 451 550 508; x_wconf 77' lang='grc'><strong>615</strong></span> 
     </span>
    </p>
   </div>
   <div class='ocr_carea' id='block_1_2' title="bbox 931 434 3253 532">
    <p class='ocr_par' dir='ltr' id='par_1_2' title="bbox 931 434 3253 532">
     <span class='ocr_line' id='line_1_2' title="bbox 931 434 3253 532; baseline -0.006 -26"><span class='ocrx_word' id='word_1_2' title='bbox 931 439 1284 506; x_wconf 79' lang='lat' dir='ltr'><strong>HAYMONIS</strong></span> <span class='ocrx_word' id='word_1_3' title='bbox 1319 443 1802 504; x_wconf 79' lang='lat' dir='ltr'><strong>HALBERSTAT.</strong></span> <span class='ocrx_word' id='word_1_4' title='bbox 1841 441 2060 532; x_wconf 85' lang='lat' dir='ltr'><strong>EPlSC.</strong></span> <span class='ocrx_word' id='word_1_5' title='bbox 2099 439 2251 501; x_wconf 82' lang='lat' dir='ltr'><strong>OPP.</strong></span> <span class='ocrx_word' id='word_1_6' title='bbox 2294 438 2478 496; x_wconf 79' lang='lat' dir='ltr'><strong>PARS</strong></span> <span class='ocrx_word' id='word_1_7' title='bbox 2514 438 2556 494; x_wconf 85' lang='grc' dir='ltr'><strong>Ι.</strong></span> <span class='ocrx_word' id='word_1_8' title='bbox 2585 467 2654 480; x_wconf 92' lang='grc'><strong>-</strong></span> <span class='ocrx_word' id='word_1_9' title='bbox 2678 435 3032 496; x_wconf 77' lang='lat' dir='ltr'><strong>COMMENT.</strong></span> <span class='ocrx_word' id='word_1_10' title='bbox 3079 434 3253 493; x_wconf 82' lang='lat' dir='ltr'><strong>BlBL.</strong></span> 
     </span>
    </p>
   </div>
   <div class='ocr_carea' id='block_1_3' title="bbox 3615 434 3734 490">
    <p class='ocr_par' dir='ltr' id='par_1_3' title="bbox 3615 434 3734 490">
     <span class='ocr_line' id='line_1_3' title="bbox 3615 434 3734 490; baseline -0.008 0"><span class='ocrx_word' id='word_1_11' title='bbox 3615 434 3734 490; x_wconf 77' lang='grc' dir='ltr'><strong>(ἱιῦ</strong></span> 
     </span>
    </p>
   </div>
   <div class='ocr_carea' id='block_1_4' title="bbox 444 551 3736 635">
    <p class='ocr_par' dir='ltr' id='par_1_4' title="bbox 444 551 3736 635">
     <span class='ocr_line' id='line_1_4' title="bbox 444 551 3736 635; baseline -0.004 -12"><span class='ocrx_word' id='word_1_12' title='bbox 444 575 502 624; x_wconf 92' lang='lat' dir='ltr'><strong>et</strong></span> <span class='ocrx_word' id='word_1_13' title='bbox 525 580 632 623; x_wconf 92' lang='lat' dir='ltr'><strong>non</strong></span> <span class='ocrx_word' id='word_1_14' title='bbox 660 563 989 628; x_wconf 87' lang='lat' dir='ltr'><strong>volentibus,</strong></span> <span class='ocrx_word' id='word_1_15' title='bbox 1035 562 1356 634; x_wconf 84' lang='lat' dir='ltr'><strong>quibusdam</strong></span> <span class='ocrx_word' id='word_1_16' title='bbox 1391 570 1511 619; x_wconf 90' lang='lat' dir='ltr'><strong>erat</strong></span> <span class='ocrx_word' id='word_1_17' title='bbox 1557 563 1674 634; x_wconf 91' lang='lat' dir='ltr'><strong>ipsa</strong></span> <span class='ocrx_word' id='word_1_18' title='bbox 1720 561 2034 635; x_wconf 63' lang='lat' dir='ltr'><strong>praedicatio</strong></span> <span class='ocrx_word' id='word_1_19' title='bbox 2058 565 2114 627; x_wconf 80' lang='grc' dir='ltr'><strong>Α</strong></span> <span class='ocrx_word' id='word_1_20' title='bbox 2136 557 2292 615; x_wconf 88' lang='lat' dir='ltr'><strong>nobis</strong></span> <span class='ocrx_word' id='word_1_21' title='bbox 2317 556 2693 614; x_wconf 88' lang='lat' dir='ltr'><strong>testimonium</strong></span> <span class='ocrx_word' id='word_1_22' title='bbox 2738 556 2914 612; x_wconf 84' lang='lat' dir='ltr'><strong>laudis</strong></span> <span class='ocrx_word' id='word_1_23' title='bbox 2940 555 3284 626; x_wconf 88' lang='lat' dir='ltr'><strong>perhibeant.</strong></span> <span class='ocrx_word' id='word_1_24' title='bbox 3314 551 3552 624; x_wconf 76' lang='lat' dir='ltr'><strong>Exponit</strong></span> <span class='ocrx_word' id='word_1_25' title='bbox 3588 568 3736 622; x_wconf 85' lang='lat' dir='ltr'><strong>ergo</strong></span> 
     </span>
    </p>
   </div>
   <div class='ocr_carea' id='block_1_5' title="bbox 445 648 3288 732">
    <p class='ocr_par' dir='ltr' id='par_1_5' title="bbox 445 648 3288 732">
     <span class='ocr_line' id='line_1_5' title="bbox 445 648 3288 732; baseline -0.004 -16"><span class='ocrx_word' id='word_1_26' title='bbox 445 667 633 732; x_wconf 88' lang='lat' dir='ltr'><strong>gustus</strong></span> <span class='ocrx_word' id='word_1_27' title='bbox 675 665 732 714; x_wconf 91' lang='lat' dir='ltr'><strong>et</strong></span> <span class='ocrx_word' id='word_1_28' title='bbox 769 655 905 712; x_wconf 92' lang='lat' dir='ltr'><strong>odor</strong></span> <span class='ocrx_word' id='word_1_29' title='bbox 946 654 1139 711; x_wconf 91' lang='lat' dir='ltr'><strong>mortis</strong></span> <span class='ocrx_word' id='word_1_30' title='bbox 1166 654 1236 710; x_wconf 89' lang='lat' dir='ltr'><strong>ad</strong></span> <span class='ocrx_word' id='word_1_31' title='bbox 1259 663 1499 711; x_wconf 89' lang='lat' dir='ltr'><strong>mortem</strong></span> <span class='ocrx_word' id='word_1_32' title='bbox 1523 662 1784 710; x_wconf 71' lang='lat' dir='ltr'><strong>aeternam</strong></span> <span class='ocrx_word' id='word_1_33' title='bbox 1811 694 1827 721; x_wconf 94' lang='lat'><strong>,</strong></span> <span class='ocrx_word' id='word_1_34' title='bbox 1853 652 2034 725; x_wconf 91' lang='lat' dir='ltr'><strong>potius</strong></span> <span class='ocrx_word' id='word_1_35' title='bbox 2137 666 2356 708; x_wconf 86' lang='lat' dir='ltr'><strong>causam</strong></span> <span class='ocrx_word' id='word_1_36' title='bbox 2381 665 2554 722; x_wconf 88' lang='lat' dir='ltr'><strong>quare</strong></span> <span class='ocrx_word' id='word_1_37' title='bbox 2578 665 2685 706; x_wconf 89' lang='lat' dir='ltr'><strong>non</strong></span> <span class='ocrx_word' id='word_1_38' title='bbox 2713 648 2972 721; x_wconf 75' lang='lat' dir='ltr'><strong>indigeat,</strong></span> <span class='ocrx_word' id='word_1_39' title='bbox 2997 648 3248 718; x_wconf 87' lang='lat' dir='ltr'><strong>inquiens</strong></span> <span class='ocrx_word' id='word_1_40' title='bbox 3276 664 3288 704; x_wconf 87' lang='lat'><strong>:</strong></span> 
     </span>
    </p>
   </div>
   <div class='ocr_carea' id='block_1_6' title="bbox 402 744 2038 822">
    <p class='ocr_par' dir='ltr' id='par_1_6' title="bbox 402 744 2038 822">
     <span class='ocr_line' id='line_1_6' title="bbox 402 744 2038 822; baseline -0.004 -17"><span class='ocrx_word' id='word_1_41' title='bbox 402 770 404 772; x_wconf 50' lang='grc' dir='ltr'><strong><em>ν</em></strong></span> <span class='ocrx_word' id='word_1_42' title='bbox 446 767 610 822; x_wconf 87' lang='lat' dir='ltr'><strong>quam</strong></span> <span class='ocrx_word' id='word_1_43' title='bbox 655 750 721 814; x_wconf 86' lang='lat' dir='ltr'><strong>ad</strong></span> <span class='ocrx_word' id='word_1_44' title='bbox 763 756 1107 819; x_wconf 67' lang='lat' dir='ltr'><strong>praesentem,</strong></span> <span class='ocrx_word' id='word_1_45' title='bbox 1153 762 1318 818; x_wconf 89' lang='lat' dir='ltr'><strong>quam</strong></span> <span class='ocrx_word' id='word_1_46' title='bbox 1371 747 1636 803; x_wconf 86' lang='lat' dir='ltr'><strong>habemus</strong></span> <span class='ocrx_word' id='word_1_47' title='bbox 1678 744 2038 802; x_wconf 81' lang='lat' dir='ltr'><strong>communiter</strong></span> 
     </span>
    </p>
   </div>
   <div class='ocr_carea' id='block_1_7' title="bbox 445 839 2038 914">
    <p class='ocr_par' dir='ltr' id='par_1_7' title="bbox 445 839 2038 914">
     <span class='ocr_line' id='line_1_7' title="bbox 445 839 2038 914; baseline -0.004 -13"><span class='ocrx_word' id='word_1_48' title='bbox 445 860 568 901; x_wconf 89' lang='lat' dir='ltr'><strong>cum</strong></span> <span class='ocrx_word' id='word_1_49' title='bbox 596 841 920 898; x_wconf 87' lang='lat' dir='ltr'><strong>animalibus</strong></span> <span class='ocrx_word' id='word_1_50' title='bbox 955 849 1012 898; x_wconf 93' lang='lat' dir='ltr'><strong>et</strong></span> <span class='ocrx_word' id='word_1_51' title='bbox 1047 841 1354 914; x_wconf 82' lang='lat' dir='ltr'><strong>pecoribus,</strong></span> <span class='ocrx_word' id='word_1_52' title='bbox 1397 840 1524 911; x_wconf 89' lang='lat' dir='ltr'><strong>quia</strong></span> <span class='ocrx_word' id='word_1_53' title='bbox 1555 839 1884 897; x_wconf 83' lang='lat' dir='ltr'><strong>aeternaliter</strong></span> <span class='ocrx_word' id='word_1_54' title='bbox 1911 839 2038 895; x_wconf 88' lang='lat' dir='ltr'><strong>inde</strong></span> 
     </span>
    </p>
   </div>
   <div class='ocr_carea' id='block_1_8' title="bbox 447 931 2035 1004">
    <p class='ocr_par' dir='ltr' id='par_1_8' title="bbox 447 931 2035 1004">
     <span class='ocr_line' id='line_1_8' title="bbox 447 931 2035 1004; baseline -0.004 -13"><span class='ocrx_word' id='word_1_55' title='bbox 447 933 863 1000; x_wconf 71' lang='lat' dir='ltr'><strong>damnabantur,</strong></span> <span class='ocrx_word' id='word_1_56' title='bbox 895 933 1041 1004; x_wconf 90' lang='lat' dir='ltr'><strong>quod</strong></span> <span class='ocrx_word' id='word_1_57' title='bbox 1059 932 1316 990; x_wconf 85' lang='lat' dir='ltr'><strong>nolebant</strong></span> <span class='ocrx_word' id='word_1_58' title='bbox 1339 932 1563 989; x_wconf 83' lang='lat' dir='ltr'><strong>obedire</strong></span> <span class='ocrx_word' id='word_1_59' title='bbox 1585 932 1766 988; x_wconf 84' lang='lat' dir='ltr'><strong>verbis</strong></span> <span class='ocrx_word' id='word_1_60' title='bbox 1789 931 2035 1002; x_wconf 85' lang='lat' dir='ltr'><strong>Evange-</strong></span> 
     </span>
    </p>
   </div>
   <div class='ocr_carea' id='block_1_9' title="bbox 445 1022 2040 1098">
    <p class='ocr_par' dir='ltr' id='par_1_9' title="bbox 445 1022 2040 1098">
     <span class='ocr_line' id='line_1_9' title="bbox 445 1022 2040 1098; baseline -0.003 -16"><span class='ocrx_word' id='word_1_61' title='bbox 445 1027 532 1094; x_wconf 89' lang='lat' dir='ltr'><strong>lii;</strong></span> <span class='ocrx_word' id='word_1_62' title='bbox 559 1026 882 1098; x_wconf 87' lang='lat' dir='ltr'><strong>quibusdam</strong></span> <span class='ocrx_word' id='word_1_63' title='bbox 911 1034 1092 1082; x_wconf 85' lang='lat' dir='ltr'><strong>autem</strong></span> <span class='ocrx_word' id='word_1_64' title='bbox 1122 1033 1245 1081; x_wconf 89' lang='lat' dir='ltr'><strong>erat</strong></span> <span class='ocrx_word' id='word_1_65' title='bbox 1269 1025 1407 1081; x_wconf 91' lang='lat' dir='ltr'><strong>odor</strong></span> <span class='ocrx_word' id='word_1_66' title='bbox 1428 1032 1484 1080; x_wconf 91' lang='lat' dir='ltr'><strong>et</strong></span> <span class='ocrx_word' id='word_1_67' title='bbox 1505 1034 1695 1094; x_wconf 77' lang='lat' dir='ltr'><strong>gustus</strong></span> <span class='ocrx_word' id='word_1_68' title='bbox 1717 1024 1840 1079; x_wconf 64' lang='lat' dir='ltr'><strong>vitae</strong></span> <span class='ocrx_word' id='word_1_69' title='bbox 1865 1023 1931 1078; x_wconf 90' lang='lat' dir='ltr'><strong>ad</strong></span> <span class='ocrx_word' id='word_1_70' title='bbox 1959 1022 2040 1078; x_wconf 88' lang='lat' dir='ltr'><strong>vi-</strong></span> 
     </span>
    </p>
   </div>
   <div class='ocr_carea' id='block_1_10' title="bbox 446 1119 2037 1192">
    <p class='ocr_par' dir='ltr' id='par_1_10' title="bbox 446 1119 2037 1192">
     <span class='ocr_line' id='line_1_10' title="bbox 446 1119 2037 1192; baseline -0.001 -16"><span class='ocrx_word' id='word_1_71' title='bbox 446 1129 557 1176; x_wconf 86' lang='lat' dir='ltr'><strong>tam</strong></span> <span class='ocrx_word' id='word_1_72' title='bbox 581 1129 843 1177; x_wconf 67' lang='lat' dir='ltr'><strong>aeternam</strong></span> <span class='ocrx_word' id='word_1_73' title='bbox 867 1119 1268 1192; x_wconf 88' lang='lat' dir='ltr'><strong>percipiendam</strong></span> <span class='ocrx_word' id='word_1_74' title='bbox 1286 1160 1302 1186; x_wconf 93' lang='lat'><strong>,</strong></span> <span class='ocrx_word' id='word_1_75' title='bbox 1329 1119 1420 1191; x_wconf 90' lang='lat' dir='ltr'><strong>qui</strong></span> <span class='ocrx_word' id='word_1_76' title='bbox 1447 1134 1546 1190; x_wconf 90' lang='lat' dir='ltr'><strong>per</strong></span> <span class='ocrx_word' id='word_1_77' title='bbox 1565 1119 1721 1174; x_wconf 80' lang='lat' dir='ltr'><strong>illam</strong></span> <span class='ocrx_word' id='word_1_78' title='bbox 1748 1119 2037 1175; x_wconf 84' lang='lat' dir='ltr'><strong>salvaban-</strong></span> 
     </span>
    </p>
   </div>
   <div class='ocr_carea' id='block_1_11' title="bbox 445 1210 2039 1282">
    <p class='ocr_par' dir='ltr' id='par_1_11' title="bbox 445 1210 2039 1282">
     <span class='ocr_line' id='line_1_11' title="bbox 445 1210 2039 1282; baseline -0.003 -13"><span class='ocrx_word' id='word_1_79' title='bbox 445 1222 554 1269; x_wconf 91' lang='lat' dir='ltr'><strong>tur.</strong></span> <span class='ocrx_word' id='word_1_80' title='bbox 599 1212 752 1269; x_wconf 85' lang='lat' dir='ltr'><strong>Sicut</strong></span> <span class='ocrx_word' id='word_1_81' title='bbox 774 1212 919 1268; x_wconf 91' lang='lat' dir='ltr'><strong>enim</strong></span> <span class='ocrx_word' id='word_1_82' title='bbox 943 1212 1230 1273; x_wconf 39' lang='lat' dir='ltr'><strong>credentes,</strong></span> <span class='ocrx_word' id='word_1_83' title='bbox 1255 1225 1352 1282; x_wconf 87' lang='lat' dir='ltr'><strong>per</strong></span> <span class='ocrx_word' id='word_1_84' title='bbox 1373 1211 1525 1267; x_wconf 87' lang='lat' dir='ltr'><strong>illam</strong></span> <span class='ocrx_word' id='word_1_85' title='bbox 1553 1211 1686 1266; x_wconf 88' lang='lat' dir='ltr'><strong>salvi</strong></span> <span class='ocrx_word' id='word_1_86' title='bbox 1711 1210 1932 1277; x_wconf 86' lang='lat' dir='ltr'><strong>ﬁebant,</strong></span> <span class='ocrx_word' id='word_1_87' title='bbox 1962 1211 2039 1265; x_wconf 90' lang='lat' dir='ltr'><strong>ita</strong></span> 
     </span>
    </p>
   </div>
   <div class='ocr_carea' id='block_1_12' title="bbox 447 1302 2035 1372">
    <p class='ocr_par' dir='ltr' id='par_1_12' title="bbox 447 1302 2035 1372">
     <span class='ocr_line' id='line_1_12' title="bbox 447 1302 2035 1372; baseline -0.003 -12"><span class='ocrx_word' id='word_1_88' title='bbox 447 1304 712 1361; x_wconf 91' lang='lat' dir='ltr'><strong>increduli</strong></span> <span class='ocrx_word' id='word_1_89' title='bbox 763 1304 1160 1360; x_wconf 86' lang='lat' dir='ltr'><strong>damnabantur</strong></span> <span class='ocrx_word' id='word_1_90' title='bbox 1184 1343 1200 1368; x_wconf 92' lang='lat'><strong>,</strong></span> <span class='ocrx_word' id='word_1_91' title='bbox 1247 1302 1374 1372; x_wconf 90' lang='lat' dir='ltr'><strong>quia</strong></span> <span class='ocrx_word' id='word_1_92' title='bbox 1427 1303 1821 1359; x_wconf 83' lang='lat' dir='ltr'><strong>inexcusabiles</strong></span> <span class='ocrx_word' id='word_1_93' title='bbox 1861 1310 2035 1358; x_wconf 88' lang='lat' dir='ltr'><strong>erant.</strong></span> 
     </span>
    </p>
   </div>
   <div class='ocr_carea' id='block_1_13' title="bbox 447 1393 2040 1464">
    <p class='ocr_par' dir='ltr' id='par_1_13' title="bbox 447 1393 2040 1464">
     <span class='ocr_line' id='line_1_13' title="bbox 447 1393 2040 1464; baseline -0.003 -13"><span class='ocrx_word' id='word_1_94' title='bbox 447 1395 520 1451; x_wconf 88' lang='lat' dir='ltr'><strong>Et</strong></span> <span class='ocrx_word' id='word_1_95' title='bbox 555 1397 624 1452; x_wconf 90' lang='lat' dir='ltr'><strong>ad</strong></span> <span class='ocrx_word' id='word_1_96' title='bbox 651 1398 788 1462; x_wconf 68' lang='lat' dir='ltr'><strong>haec,</strong></span> <span class='ocrx_word' id='word_1_97' title='bbox 819 1395 1078 1452; x_wconf 87' lang='lat' dir='ltr'><strong>subaudis</strong></span> <span class='ocrx_word' id='word_1_98' title='bbox 1104 1394 1480 1460; x_wconf 91' lang='lat' dir='ltr'><strong>discernenda,</strong></span> <span class='ocrx_word' id='word_1_99' title='bbox 1516 1394 1634 1464; x_wconf 86' lang='lat' dir='ltr'><strong>quis</strong></span> <span class='ocrx_word' id='word_1_100' title='bbox 1677 1404 1786 1448; x_wconf 87' lang='lat' dir='ltr'><strong>tam</strong></span> <span class='ocrx_word' id='word_1_101' title='bbox 1818 1393 2040 1448; x_wconf 86' lang='lat' dir='ltr'><strong>idoneus</strong></span> 
     </span>
    </p>
   </div>
   <div class='ocr_carea' id='block_1_14' title="bbox 449 1484 2040 1558">
    <p class='ocr_par' dir='ltr' id='par_1_14' title="bbox 449 1484 2040 1558">
     <span class='ocr_line' id='line_1_14' title="bbox 449 1484 2040 1558; baseline -0.002 -15"><span class='ocrx_word' id='word_1_102' title='bbox 449 1497 506 1544; x_wconf 92' lang='lat' dir='ltr'><strong>et</strong></span> <span class='ocrx_word' id='word_1_103' title='bbox 545 1496 702 1558; x_wconf 87' lang='lat' dir='ltr'><strong>aptus</strong></span> <span class='ocrx_word' id='word_1_104' title='bbox 748 1487 1076 1557; x_wconf 64' lang='lat' dir='ltr'><strong>praedicator</strong></span> <span class='ocrx_word' id='word_1_105' title='bbox 1116 1495 1215 1551; x_wconf 89' lang='lat' dir='ltr'><strong>est,</strong></span> <span class='ocrx_word' id='word_1_106' title='bbox 1273 1493 1334 1540; x_wconf 91' lang='lat' dir='ltr'><strong>ut</strong></span> <span class='ocrx_word' id='word_1_107' title='bbox 1374 1485 1548 1555; x_wconf 91' lang='lat' dir='ltr'><strong>possit</strong></span> <span class='ocrx_word' id='word_1_108' title='bbox 1589 1484 1903 1540; x_wconf 83' lang='lat' dir='ltr'><strong>discernere</strong></span> <span class='ocrx_word' id='word_1_109' title='bbox 1946 1485 2040 1553; x_wconf 91' lang='lat' dir='ltr'><strong>qui</strong></span> 
     </span>
    </p>
   </div>
   <div class='ocr_carea' id='block_1_15' title="bbox 450 1574 2041 1649">
    <p class='ocr_par' dir='ltr' id='par_1_15' title="bbox 450 1574 2041 1649">
     <span class='ocr_line' id='line_1_15' title="bbox 450 1574 2041 1649; baseline -0.004 -15"><span class='ocrx_word' id='word_1_110' title='bbox 450 1578 561 1634; x_wconf 90' lang='lat' dir='ltr'><strong>sint</strong></span> <span class='ocrx_word' id='word_1_111' title='bbox 602 1577 720 1649; x_wconf 84' lang='lat' dir='ltr'><strong>ejus</strong></span> <span class='ocrx_word' id='word_1_112' title='bbox 763 1577 1146 1648; x_wconf 83' lang='lat' dir='ltr'><strong>praedicatione</strong></span> <span class='ocrx_word' id='word_1_113' title='bbox 1193 1575 1432 1632; x_wconf 88' lang='lat' dir='ltr'><strong>salvandi</strong></span> <span class='ocrx_word' id='word_1_114' title='bbox 1487 1584 1653 1647; x_wconf 89' lang='lat' dir='ltr'><strong>atque</strong></span> <span class='ocrx_word' id='word_1_115' title='bbox 1707 1574 2041 1631; x_wconf 85' lang='lat' dir='ltr'><strong>damnandi?</strong></span> 
     </span>
    </p>
   </div>
   <div class='ocr_carea' id='block_1_16' title="bbox 449 1671 2042 1745">
    <p class='ocr_par' dir='ltr' id='par_1_16' title="bbox 449 1671 2042 1745">
     <span class='ocr_line' id='line_1_16' title="bbox 449 1671 2042 1745; baseline -0.004 -14"><span class='ocrx_word' id='word_1_116' title='bbox 449 1673 658 1732; x_wconf 85' lang='lat' dir='ltr'><strong>Nullus.</strong></span> <span class='ocrx_word' id='word_1_117' title='bbox 707 1673 940 1745; x_wconf 90' lang='lat' dir='ltr'><strong>Ideoque</strong></span> <span class='ocrx_word' id='word_1_118' title='bbox 977 1673 1229 1730; x_wconf 90' lang='lat' dir='ltr'><strong>omnibus</strong></span> <span class='ocrx_word' id='word_1_119' title='bbox 1280 1671 1673 1743; x_wconf 87' lang='lat' dir='ltr'><strong>impendendus</strong></span> <span class='ocrx_word' id='word_1_120' title='bbox 1729 1677 1814 1726; x_wconf 90' lang='lat' dir='ltr'><strong>est</strong></span> <span class='ocrx_word' id='word_1_121' title='bbox 1860 1683 2042 1728; x_wconf 87' lang='lat' dir='ltr'><strong>sermo</strong></span> 
     </span>
    </p>
   </div>
   <div class='ocr_carea' id='block_1_17' title="bbox 397 1755 872 1839">
    <p class='ocr_par' dir='ltr' id='par_1_17' title="bbox 397 1755 872 1839">
     <span class='ocr_line' id='line_1_17' title="bbox 397 1755 872 1839; baseline -0.006 -16"><span class='ocrx_word' id='word_1_122' title='bbox 397 1755 401 1764; x_wconf 60' lang='grc'><strong><em>“</em></strong></span> <span class='ocrx_word' id='word_1_123' title='bbox 452 1766 872 1839; x_wconf 68' lang='lat' dir='ltr'><strong>prmdicationis.</strong></span> 
     </span>
    </p>
   </div>
   <div class='ocr_carea' id='block_1_18' title="bbox 530 1855 2043 1928">
    <p class='ocr_par' dir='ltr' id='par_1_18' title="bbox 530 1855 2043 1928">
     <span class='ocr_line' id='line_1_18' title="bbox 530 1855 2043 1928; baseline -0.004 -14"><span class='ocrx_word' id='word_1_124' title='bbox 530 1858 656 1914; x_wconf 86' lang='lat' dir='ltr'><strong>Non</strong></span> <span class='ocrx_word' id='word_1_125' title='bbox 682 1859 821 1914; x_wconf 90' lang='lat' dir='ltr'><strong>enim</strong></span> <span class='ocrx_word' id='word_1_126' title='bbox 847 1875 1030 1914; x_wconf 87' lang='lat' dir='ltr'><strong>sumus</strong></span> <span class='ocrx_word' id='word_1_127' title='bbox 1070 1873 1173 1914; x_wconf 91' lang='lat' dir='ltr'><strong>nos</strong></span> <span class='ocrx_word' id='word_1_128' title='bbox 1216 1857 1443 1928; x_wconf 87' lang='lat' dir='ltr'><strong>apostoli</strong></span> <span class='ocrx_word' id='word_1_129' title='bbox 1481 1857 1616 1912; x_wconf 80' lang='lat' dir='ltr'><strong>sicut</strong></span> <span class='ocrx_word' id='word_1_130' title='bbox 1641 1855 1854 1928; x_wconf 81' lang='lat' dir='ltr'><strong>plurimi</strong></span> <span class='ocrx_word' id='word_1_131' title='bbox 1887 1855 2043 1909; x_wconf 84' lang='lat' dir='ltr'><strong>auul-</strong></span> 
     </span>
    </p>
   </div>
   <div class='ocr_carea' id='block_1_19' title="bbox 2207 740 3734 813">
    <p class='ocr_par' dir='ltr' id='par_1_19' title="bbox 2207 740 3734 813">
     <span class='ocr_line' id='line_1_19' title="bbox 2207 740 3734 813; baseline -0.003 -16"><span class='ocrx_word' id='word_1_132' title='bbox 2207 741 2448 813; x_wconf 87' lang='lat' dir='ltr'><strong>Epistola</strong></span> <span class='ocrx_word' id='word_1_133' title='bbox 2471 751 2651 798; x_wconf 86' lang='lat' dir='ltr'><strong>nostra</strong></span> <span class='ocrx_word' id='word_1_134' title='bbox 2672 758 2760 796; x_wconf 81' lang='lat' dir='ltr'><strong>vos</strong></span> <span class='ocrx_word' id='word_1_135' title='bbox 2779 741 2922 806; x_wconf 89' lang='lat' dir='ltr'><strong>estis,</strong></span> <span class='ocrx_word' id='word_1_136' title='bbox 2939 741 3135 810; x_wconf 87' lang='lat' dir='ltr'><strong>scripta</strong></span> <span class='ocrx_word' id='word_1_137' title='bbox 3155 741 3212 795; x_wconf 91' lang='lat' dir='ltr'><strong>in</strong></span> <span class='ocrx_word' id='word_1_138' title='bbox 3235 740 3482 796; x_wconf 80' lang='lat' dir='ltr'><strong>cordibus</strong></span> <span class='ocrx_word' id='word_1_139' title='bbox 3504 741 3734 796; x_wconf 80' lang='lat' dir='ltr'><strong>nostris.</strong></span> 
     </span>
    </p>
   </div>
   <div class='ocr_carea' id='block_1_20' title="bbox 2137 833 3740 908">
    <p class='ocr_par' dir='ltr' id='par_1_20' title="bbox 2137 833 3740 908">
     <span class='ocr_line' id='line_1_20' title="bbox 2137 833 3740 908; baseline -0.001 -17"><span class='ocrx_word' id='word_1_140' title='bbox 2137 835 2379 907; x_wconf 91' lang='lat' dir='ltr'><strong>Epistola</strong></span> <span class='ocrx_word' id='word_1_141' title='bbox 2403 835 2620 908; x_wconf 89' lang='lat' dir='ltr'><strong>signum</strong></span> <span class='ocrx_word' id='word_1_142' title='bbox 2645 843 2733 891; x_wconf 85' lang='lat' dir='ltr'><strong>est</strong></span> <span class='ocrx_word' id='word_1_143' title='bbox 2759 833 2972 898; x_wconf 89' lang='lat' dir='ltr'><strong>salutis,</strong></span> <span class='ocrx_word' id='word_1_144' title='bbox 3003 835 3133 904; x_wconf 91' lang='lat' dir='ltr'><strong>quia</strong></span> <span class='ocrx_word' id='word_1_145' title='bbox 3176 833 3406 890; x_wconf 86' lang='lat' dir='ltr'><strong>salutem</strong></span> <span class='ocrx_word' id='word_1_146' title='bbox 3450 835 3740 891; x_wconf 86' lang='lat' dir='ltr'><strong>mittentis</strong></span> 
     </span>
    </p>
   </div>
   <div class='ocr_carea' id='block_1_21' title="bbox 2139 925 3740 996">
    <p class='ocr_par' dir='ltr' id='par_1_21' title="bbox 2139 925 3740 996">
     <span class='ocr_line' id='line_1_21' title="bbox 2139 925 3740 996; baseline 0.001 -14"><span class='ocrx_word' id='word_1_147' title='bbox 2139 927 2403 994; x_wconf 89' lang='lat' dir='ltr'><strong>continet,</strong></span> <span class='ocrx_word' id='word_1_148' title='bbox 2427 936 2484 984; x_wconf 90' lang='lat' dir='ltr'><strong>et</strong></span> <span class='ocrx_word' id='word_1_149' title='bbox 2525 926 2593 983; x_wconf 92' lang='lat' dir='ltr'><strong>de</strong></span> <span class='ocrx_word' id='word_1_150' title='bbox 2639 926 2785 982; x_wconf 88' lang='lat' dir='ltr'><strong>illius</strong></span> <span class='ocrx_word' id='word_1_151' title='bbox 2820 925 2995 982; x_wconf 87' lang='lat' dir='ltr'><strong>salute</strong></span> <span class='ocrx_word' id='word_1_152' title='bbox 3041 925 3301 996; x_wconf 90' lang='lat' dir='ltr'><strong>loquitur,</strong></span> <span class='ocrx_word' id='word_1_153' title='bbox 3333 927 3422 982; x_wconf 94' lang='lat' dir='ltr'><strong>cui</strong></span> <span class='ocrx_word' id='word_1_154' title='bbox 3462 928 3740 984; x_wconf 84' lang='lat' dir='ltr'><strong>mittitur.</strong></span> 
     </span>
    </p>
   </div>
   <div class='ocr_carea' id='block_1_22' title="bbox 2138 1016 3744 1091">
    <p class='ocr_par' dir='ltr' id='par_1_22' title="bbox 2138 1016 3744 1091">
     <span class='ocr_line' id='line_1_22' title="bbox 2138 1016 3744 1091; baseline 0.002 -18"><span class='ocrx_word' id='word_1_155' title='bbox 2138 1017 2397 1088; x_wconf 87' lang='lat' dir='ltr'><strong>Epistola,</strong></span> <span class='ocrx_word' id='word_1_156' title='bbox 2423 1018 2621 1090; x_wconf 90' lang='lat' dir='ltr'><strong>inquit,</strong></span> <span class='ocrx_word' id='word_1_157' title='bbox 2663 1026 2852 1074; x_wconf 91' lang='lat' dir='ltr'><strong>nostra</strong></span> <span class='ocrx_word' id='word_1_158' title='bbox 2880 1034 2979 1074; x_wconf 92' lang='lat' dir='ltr'><strong>vos</strong></span> <span class='ocrx_word' id='word_1_159' title='bbox 3006 1017 3162 1085; x_wconf 90' lang='lat' dir='ltr'><strong>estis,</strong></span> <span class='ocrx_word' id='word_1_160' title='bbox 3200 1016 3744 1091; x_wconf 47' lang='lat' dir='ltr'><strong>Corinthii,,scripta</strong></span> 
     </span>
    </p>
   </div>
   <div class='ocr_carea' id='block_1_23' title="bbox 2138 1109 3744 1183">
    <p class='ocr_par' dir='ltr' id='par_1_23' title="bbox 2138 1109 3744 1183">
     <span class='ocr_line' id='line_1_23' title="bbox 2138 1109 3744 1183; baseline 0.002 -17"><span class='ocrx_word' id='word_1_161' title='bbox 2138 1109 2194 1166; x_wconf 91' lang='lat' dir='ltr'><strong>in</strong></span> <span class='ocrx_word' id='word_1_162' title='bbox 2242 1111 2499 1168; x_wconf 90' lang='lat' dir='ltr'><strong>cordibus</strong></span> <span class='ocrx_word' id='word_1_163' title='bbox 2549 1111 2769 1179; x_wconf 86' lang='lat' dir='ltr'><strong>nostris,</strong></span> <span class='ocrx_word' id='word_1_164' title='bbox 2799 1111 2928 1183; x_wconf 86' lang='lat' dir='ltr'><strong>quia</strong></span> <span class='ocrx_word' id='word_1_165' title='bbox 2973 1112 3040 1168; x_wconf 91' lang='lat' dir='ltr'><strong>de</strong></span> <span class='ocrx_word' id='word_1_166' title='bbox 3072 1120 3257 1168; x_wconf 91' lang='lat' dir='ltr'><strong>vestra</strong></span> <span class='ocrx_word' id='word_1_167' title='bbox 3299 1111 3473 1169; x_wconf 87' lang='lat' dir='ltr'><strong>salute</strong></span> <span class='ocrx_word' id='word_1_168' title='bbox 3504 1114 3594 1170; x_wconf 91' lang='lat' dir='ltr'><strong>die</strong></span> <span class='ocrx_word' id='word_1_169' title='bbox 3629 1130 3744 1170; x_wconf 77' lang='lat' dir='ltr'><strong>no—</strong></span> 
     </span>
    </p>
   </div>
   <div class='ocr_carea' id='block_1_24' title="bbox 2139 1202 3748 1276">
    <p class='ocr_par' dir='ltr' id='par_1_24' title="bbox 2139 1202 3748 1276">
     <span class='ocr_line' id='line_1_24' title="bbox 2139 1202 3748 1276; baseline 0.002 -18"><span class='ocrx_word' id='word_1_170' title='bbox 2139 1210 2339 1272; x_wconf 91' lang='lat' dir='ltr'><strong>ctuque</strong></span> <span class='ocrx_word' id='word_1_171' title='bbox 2394 1202 2724 1258; x_wconf 88' lang='lat' dir='ltr'><strong>meditamur</strong></span> <span class='ocrx_word' id='word_1_172' title='bbox 2761 1211 2820 1258; x_wconf 92' lang='lat' dir='ltr'><strong>et</strong></span> <span class='ocrx_word' id='word_1_173' title='bbox 2863 1202 3183 1274; x_wconf 87' lang='lat' dir='ltr'><strong>cogitamus,</strong></span> <span class='ocrx_word' id='word_1_174' title='bbox 3223 1214 3278 1259; x_wconf 91' lang='lat' dir='ltr'><strong>et</strong></span> <span class='ocrx_word' id='word_1_175' title='bbox 3326 1203 3442 1276; x_wconf 87' lang='lat' dir='ltr'><strong>ipsa</strong></span> <span class='ocrx_word' id='word_1_176' title='bbox 3494 1204 3748 1262; x_wconf 84' lang='lat' dir='ltr'><strong>intentio</strong></span> 
     </span>
    </p>
   </div>
   <div class='ocr_carea' id='block_1_25' title="bbox 2139 1295 3747 1372">
    <p class='ocr_par' dir='ltr' id='par_1_25' title="bbox 2139 1295 3747 1372">
     <span class='ocr_line' id='line_1_25' title="bbox 2139 1295 3747 1372; baseline 0.003 -22"><span class='ocrx_word' id='word_1_177' title='bbox 2139 1295 2312 1350; x_wconf 89' lang='lat' dir='ltr'><strong>nostri</strong></span> <span class='ocrx_word' id='word_1_178' title='bbox 2335 1296 2515 1352; x_wconf 89' lang='lat' dir='ltr'><strong>cordis</strong></span> <span class='ocrx_word' id='word_1_179' title='bbox 2538 1295 2787 1366; x_wconf 89' lang='lat' dir='ltr'><strong>perhibet</strong></span> <span class='ocrx_word' id='word_1_180' title='bbox 2803 1295 2961 1352; x_wconf 85' lang='lat' dir='ltr'><strong>vobis</strong></span> <span class='ocrx_word' id='word_1_181' title='bbox 2986 1295 3353 1352; x_wconf 90' lang='lat' dir='ltr'><strong>testimonium</strong></span> <span class='ocrx_word' id='word_1_182' title='bbox 3380 1297 3576 1364; x_wconf 86' lang='lat' dir='ltr'><strong>laudis,</strong></span> <span class='ocrx_word' id='word_1_183' title='bbox 3609 1318 3747 1372; x_wconf 72' lang='lat' dir='ltr'><strong>qua:</strong></span> 
     </span>
    </p>
   </div>
   <div class='ocr_carea' id='block_1_26' title="bbox 2139 1384 3746 1459">
    <p class='ocr_par' dir='ltr' id='par_1_26' title="bbox 2139 1384 3746 1459">
     <span class='ocr_line' id='line_1_26' title="bbox 2139 1384 3746 1459; baseline 0.004 -19"><span class='ocrx_word' id='word_1_184' title='bbox 2139 1384 2407 1456; x_wconf 88' lang='lat' dir='ltr'><strong>epistola,</strong></span> <span class='ocrx_word' id='word_1_185' title='bbox 2462 1387 2630 1440; x_wconf 83' lang='lat' dir='ltr'><strong>scitur</strong></span> <span class='ocrx_word' id='word_1_186' title='bbox 2673 1396 2721 1441; x_wconf 88' lang='lat' dir='ltr'><strong>et</strong></span> <span class='ocrx_word' id='word_1_187' title='bbox 2768 1386 2958 1457; x_wconf 79' lang='lat' dir='ltr'><strong>legitur</strong></span> <span class='ocrx_word' id='word_1_188' title='bbox 3003 1386 3068 1441; x_wconf 87' lang='lat' dir='ltr'><strong>ab</strong></span> <span class='ocrx_word' id='word_1_189' title='bbox 3102 1388 3341 1444; x_wconf 86' lang='lat' dir='ltr'><strong>omnibus</strong></span> <span class='ocrx_word' id='word_1_190' title='bbox 3389 1390 3746 1459; x_wconf 76' lang='lat' dir='ltr'><strong>hominibus,</strong></span> 
     </span>
    </p>
   </div>
   <div class='ocr_carea' id='block_1_27' title="bbox 2142 1479 3748 1556">
    <p class='ocr_par' dir='ltr' id='par_1_27' title="bbox 2142 1479 3748 1556">
     <span class='ocr_line' id='line_1_27' title="bbox 2142 1479 3748 1556; baseline 0.006 -22"><span class='ocrx_word' id='word_1_191' title='bbox 2142 1479 2196 1534; x_wconf 89' lang='lat' dir='ltr'><strong>id</strong></span> <span class='ocrx_word' id='word_1_192' title='bbox 2224 1490 2311 1536; x_wconf 89' lang='lat' dir='ltr'><strong>est</strong></span> <span class='ocrx_word' id='word_1_193' title='bbox 2342 1479 2412 1534; x_wconf 90' lang='lat' dir='ltr'><strong>ab</strong></span> <span class='ocrx_word' id='word_1_194' title='bbox 2440 1480 2692 1536; x_wconf 89' lang='lat' dir='ltr'><strong>omnibus</strong></span> <span class='ocrx_word' id='word_1_195' title='bbox 2721 1480 3033 1536; x_wconf 78' lang='lat' dir='ltr'><strong>hominibus</strong></span> <span class='ocrx_word' id='word_1_196' title='bbox 3064 1481 3239 1538; x_wconf 89' lang='lat' dir='ltr'><strong>scitur</strong></span> <span class='ocrx_word' id='word_1_197' title='bbox 3283 1491 3338 1538; x_wconf 91' lang='lat' dir='ltr'><strong>et</strong></span> <span class='ocrx_word' id='word_1_198' title='bbox 3357 1481 3578 1556; x_wconf 82' lang='lat' dir='ltr'><strong>legitur,</strong></span> <span class='ocrx_word' id='word_1_199' title='bbox 3619 1503 3748 1543; x_wconf 86' lang='lat' dir='ltr'><strong>non</strong></span> 
     </span>
    </p>
   </div>
   <div class='ocr_carea' id='block_1_28' title="bbox 2142 1573 3748 1648">
    <p class='ocr_par' dir='ltr' id='par_1_28' title="bbox 2142 1573 3748 1648">
     <span class='ocr_line' id='line_1_28' title="bbox 2142 1573 3748 1648; baseline 0.004 -20"><span class='ocrx_word' id='word_1_200' title='bbox 2142 1573 2314 1628; x_wconf 91' lang='lat' dir='ltr'><strong>oculis</strong></span> <span class='ocrx_word' id='word_1_201' title='bbox 2345 1573 2645 1644; x_wconf 91' lang='lat' dir='ltr'><strong>corporeis,</strong></span> <span class='ocrx_word' id='word_1_202' title='bbox 2677 1574 2770 1629; x_wconf 92' lang='lat' dir='ltr'><strong>sed</strong></span> <span class='ocrx_word' id='word_1_203' title='bbox 2795 1583 2978 1629; x_wconf 88' lang='lat' dir='ltr'><strong>mente</strong></span> <span class='ocrx_word' id='word_1_204' title='bbox 3002 1574 3327 1648; x_wconf 77' lang='lat' dir='ltr'><strong>intelligitur</strong></span> <span class='ocrx_word' id='word_1_205' title='bbox 3353 1576 3444 1632; x_wconf 91' lang='lat' dir='ltr'><strong>illa</strong></span> <span class='ocrx_word' id='word_1_206' title='bbox 3471 1579 3748 1648; x_wconf 80' lang='lat' dir='ltr'><strong>epistola,</strong></span> 
     </span>
    </p>
   </div>
   <div class='ocr_carea' id='block_1_29' title="bbox 2143 1664 3750 1740">
    <p class='ocr_par' dir='ltr' id='par_1_29' title="bbox 2143 1664 3750 1740">
     <span class='ocr_line' id='line_1_29' title="bbox 2143 1664 3750 1740; baseline 0.004 -20"><span class='ocrx_word' id='word_1_207' title='bbox 2143 1664 2198 1720; x_wconf 94' lang='lat' dir='ltr'><strong>id</strong></span> <span class='ocrx_word' id='word_1_208' title='bbox 2235 1673 2340 1733; x_wconf 91' lang='lat' dir='ltr'><strong>est,</strong></span> <span class='ocrx_word' id='word_1_209' title='bbox 2374 1665 2478 1721; x_wconf 90' lang='lat' dir='ltr'><strong>hoc</strong></span> <span class='ocrx_word' id='word_1_210' title='bbox 2515 1665 2659 1735; x_wconf 90' lang='lat' dir='ltr'><strong>quod</strong></span> <span class='ocrx_word' id='word_1_211' title='bbox 2703 1665 2772 1722; x_wconf 91' lang='lat' dir='ltr'><strong>de</strong></span> <span class='ocrx_word' id='word_1_212' title='bbox 2796 1674 2978 1722; x_wconf 88' lang='lat' dir='ltr'><strong>vestra</strong></span> <span class='ocrx_word' id='word_1_213' title='bbox 3025 1666 3200 1723; x_wconf 88' lang='lat' dir='ltr'><strong>salute</strong></span> <span class='ocrx_word' id='word_1_214' title='bbox 3251 1682 3466 1740; x_wconf 89' lang='lat' dir='ltr'><strong>semper</strong></span> <span class='ocrx_word' id='word_1_215' title='bbox 3521 1672 3750 1740; x_wconf 79' lang='lat' dir='ltr'><strong>cogita-</strong></span> 
     </span>
    </p>
   </div>
   <div class='ocr_carea' id='block_1_30' title="bbox 2045 1771 2286 1812">
    <p class='ocr_par' dir='ltr' id='par_1_30' title="bbox 2045 1771 2286 1812">
     <span class='ocr_line' id='line_1_30' title="bbox 2045 1771 2286 1812; baseline 0 0"><span class='ocrx_word' id='word_1_216' title='bbox 2045 1809 2047 1812; x_wconf 26' lang='lat'><strong>.</strong></span> <span class='ocrx_word' id='word_1_217' title='bbox 2142 1771 2286 1812; x_wconf 79' lang='lat' dir='ltr'><strong>ntus.</strong></span> 
     </span>
    </p>
   </div>
   <div class='ocr_carea' id='block_1_31' title="bbox 2216 1852 3752 1926">
    <p class='ocr_par' dir='ltr' id='par_1_31' title="bbox 2216 1852 3752 1926">
     <span class='ocr_line' id='line_1_31' title="bbox 2216 1852 3752 1926; baseline 0.005 -19"><span class='ocrx_word' id='word_1_218' title='bbox 2216 1852 2544 1924; x_wconf 80' lang='lat' dir='ltr'><strong>Manifestati</strong></span> <span class='ocrx_word' id='word_1_219' title='bbox 2580 1855 2839 1925; x_wconf 84' lang='lat' dir='ltr'><strong>quoniam</strong></span> <span class='ocrx_word' id='word_1_220' title='bbox 2862 1855 3086 1926; x_wconf 86' lang='lat' dir='ltr'><strong>epistola</strong></span> <span class='ocrx_word' id='word_1_221' title='bbox 3123 1857 3247 1912; x_wconf 84' lang='lat' dir='ltr'><strong>estis</strong></span> <span class='ocrx_word' id='word_1_222' title='bbox 3283 1856 3504 1914; x_wconf 78' lang='lat' dir='ltr'><strong>Christi.</strong></span> <span class='ocrx_word' id='word_1_223' title='bbox 3529 1858 3612 1915; x_wconf 79' lang='lat' dir='ltr'><strong>Ex</strong></span> <span class='ocrx_word' id='word_1_224' title='bbox 3653 1876 3752 1916; x_wconf 85' lang='lat' dir='ltr'><strong>su-</strong></span> 
     </span>
    </p>
   </div>
   <div class='ocr_carea' id='block_1_32' title="bbox 452 1939 3750 2022">
    <p class='ocr_par' dir='ltr' id='par_1_32' title="bbox 452 1939 3750 2022">
     <span class='ocr_line' id='line_1_32' title="bbox 452 1939 3750 2022; baseline 0 -15"><span class='ocrx_word' id='word_1_225' title='bbox 452 1960 679 2007; x_wconf 86' lang='lat' dir='ltr'><strong>terantes</strong></span> <span class='ocrx_word' id='word_1_226' title='bbox 719 1950 930 2006; x_wconf 80' lang='lat' dir='ltr'><strong>verbum</strong></span> <span class='ocrx_word' id='word_1_227' title='bbox 967 1949 1085 2006; x_wconf 88' lang='lat' dir='ltr'><strong>Dei.</strong></span> <span class='ocrx_word' id='word_1_228' title='bbox 1119 1949 1219 2006; x_wconf 87' lang='lat' dir='ltr'><strong>Hic</strong></span> <span class='ocrx_word' id='word_1_229' title='bbox 1256 1949 1492 2022; x_wconf 85' lang='lat' dir='ltr'><strong>percutit</strong></span> <span class='ocrx_word' id='word_1_230' title='bbox 1530 1947 2033 2020; x_wconf 89' lang='lat' dir='ltr'><strong>pseudoapostolos.</strong></span> <span class='ocrx_word' id='word_1_231' title='bbox 2067 1939 2116 2000; x_wconf 84' lang='lat' dir='ltr'><strong>B</strong></span> <span class='ocrx_word' id='word_1_232' title='bbox 2140 1946 2446 2018; x_wconf 86' lang='lat' dir='ltr'><strong>perioribus</strong></span> <span class='ocrx_word' id='word_1_233' title='bbox 2479 1947 2714 2017; x_wconf 89' lang='lat' dir='ltr'><strong>pendent</strong></span> <span class='ocrx_word' id='word_1_234' title='bbox 2745 1967 2758 2002; x_wconf 84' lang='lat'><strong>:</strong></span> <span class='ocrx_word' id='word_1_235' title='bbox 2797 1947 2900 2004; x_wconf 81' lang='lat' dir='ltr'><strong>Vos</strong></span> <span class='ocrx_word' id='word_1_236' title='bbox 2949 1948 3041 2018; x_wconf 93' lang='lat' dir='ltr'><strong>qui</strong></span> <span class='ocrx_word' id='word_1_237' title='bbox 3079 1949 3214 2006; x_wconf 89' lang='lat' dir='ltr'><strong>estis</strong></span> <span class='ocrx_word' id='word_1_238' title='bbox 3260 1949 3495 2022; x_wconf 85' lang='lat' dir='ltr'><strong>Epistola</strong></span> <span class='ocrx_word' id='word_1_239' title='bbox 3539 1962 3750 2010; x_wconf 81' lang='lat' dir='ltr'><strong>nostra</strong></span> 
     </span>
    </p>
   </div>
   <div class='ocr_carea' id='block_1_33' title="bbox 452 2038 2034 2100">
    <p class='ocr_par' dir='ltr' id='par_1_33' title="bbox 452 2038 2034 2100">
     <span class='ocr_line' id='line_1_33' title="bbox 452 2038 2034 2100; baseline -0.005 0"><span class='ocrx_word' id='word_1_240' title='bbox 452 2042 608 2100; x_wconf 78' lang='lat' dir='ltr'><strong>Sicut</strong></span> <span class='ocrx_word' id='word_1_241' title='bbox 633 2043 780 2100; x_wconf 92' lang='lat' dir='ltr'><strong>enim</strong></span> <span class='ocrx_word' id='word_1_242' title='bbox 807 2042 1020 2099; x_wconf 88' lang='lat' dir='ltr'><strong>adulter</strong></span> <span class='ocrx_word' id='word_1_243' title='bbox 1040 2057 1151 2098; x_wconf 90' lang='lat' dir='ltr'><strong>non</strong></span> <span class='ocrx_word' id='word_1_244' title='bbox 1172 2057 1338 2098; x_wconf 89' lang='lat' dir='ltr'><strong>causa</strong></span> <span class='ocrx_word' id='word_1_245' title='bbox 1366 2041 1568 2097; x_wconf 89' lang='lat' dir='ltr'><strong>amoris</strong></span> <span class='ocrx_word' id='word_1_246' title='bbox 1616 2040 1851 2096; x_wconf 92' lang='lat' dir='ltr'><strong>ﬁliorum</strong></span> <span class='ocrx_word' id='word_1_247' title='bbox 1881 2038 2034 2094; x_wconf 84' lang='lat' dir='ltr'><strong>adul-</strong></span> 
     </span>
    </p>
   </div>
   <div class='ocr_carea' id='block_1_34' title="bbox 478 2133 2037 2204">
    <p class='ocr_par' dir='ltr' id='par_1_34' title="bbox 478 2133 2037 2204">
     <span class='ocr_line' id='line_1_34' title="bbox 478 2133 2037 2204; baseline -0.003 -12"><span class='ocrx_word' id='word_1_248' title='bbox 478 2135 838 2193; x_wconf 90' lang='lat' dir='ltr'><strong>eratalterius</strong></span> <span class='ocrx_word' id='word_1_249' title='bbox 856 2151 1104 2197; x_wconf 83' lang='lat' dir='ltr'><strong>uxorem.</strong></span> <span class='ocrx_word' id='word_1_250' title='bbox 1126 2137 1220 2193; x_wconf 90' lang='lat' dir='ltr'><strong>sed</strong></span> <span class='ocrx_word' id='word_1_251' title='bbox 1241 2151 1404 2192; x_wconf 87' lang='lat' dir='ltr'><strong>causa</strong></span> <span class='ocrx_word' id='word_1_252' title='bbox 1419 2150 1530 2192; x_wconf 64' lang='lat' dir='ltr'><strong>suae</strong></span> <span class='ocrx_word' id='word_1_253' title='bbox 1549 2134 1790 2190; x_wconf 90' lang='lat' dir='ltr'><strong>libidinis</strong></span> <span class='ocrx_word' id='word_1_254' title='bbox 1814 2133 2037 2204; x_wconf 80' lang='lat' dir='ltr'><strong>explen-</strong></span> 
     </span>
    </p>
   </div>
   <div class='ocr_carea' id='block_1_35' title="bbox 460 2224 2038 2299">
    <p class='ocr_par' dir='ltr' id='par_1_35' title="bbox 460 2224 2038 2299">
     <span class='ocr_line' id='line_1_35' title="bbox 460 2224 2038 2299; baseline -0.003 -16"><span class='ocrx_word' id='word_1_255' title='bbox 460 2228 564 2297; x_wconf 66' lang='lat' dir='ltr'><strong>die,</strong></span> <span class='ocrx_word' id='word_1_256' title='bbox 588 2228 662 2283; x_wconf 89' lang='lat' dir='ltr'><strong>ita</strong></span> <span class='ocrx_word' id='word_1_257' title='bbox 689 2227 811 2284; x_wconf 80' lang='lat' dir='ltr'><strong>falsi</strong></span> <span class='ocrx_word' id='word_1_258' title='bbox 837 2228 1065 2299; x_wconf 78' lang='lat' dir='ltr'><strong>apostoli</strong></span> <span class='ocrx_word' id='word_1_259' title='bbox 1101 2227 1480 2284; x_wconf 87' lang='lat' dir='ltr'><strong>adulterabant</strong></span> <span class='ocrx_word' id='word_1_260' title='bbox 1504 2226 1732 2282; x_wconf 84' lang='lat' dir='ltr'><strong>verbum</strong></span> <span class='ocrx_word' id='word_1_261' title='bbox 1761 2225 1876 2290; x_wconf 89' lang='lat' dir='ltr'><strong>Dei,</strong></span> <span class='ocrx_word' id='word_1_262' title='bbox 1909 2224 2038 2295; x_wconf 89' lang='lat' dir='ltr'><strong>quia</strong></span> 
     </span>
    </p>
   </div>
   <div class='ocr_carea' id='block_1_36' title="bbox 457 2317 2038 2391">
    <p class='ocr_par' dir='ltr' id='par_1_36' title="bbox 457 2317 2038 2391">
     <span class='ocr_line' id='line_1_36' title="bbox 457 2317 2038 2391; baseline -0.002 -16"><span class='ocrx_word' id='word_1_263' title='bbox 457 2333 567 2375; x_wconf 92' lang='lat' dir='ltr'><strong>non</strong></span> <span class='ocrx_word' id='word_1_264' title='bbox 593 2319 717 2376; x_wconf 92' lang='lat' dir='ltr'><strong>ideo</strong></span> <span class='ocrx_word' id='word_1_265' title='bbox 743 2319 1110 2390; x_wconf 66' lang='lat' dir='ltr'><strong>praedicabant</strong></span> <span class='ocrx_word' id='word_1_266' title='bbox 1133 2328 1194 2374; x_wconf 92' lang='lat' dir='ltr'><strong>ut</strong></span> <span class='ocrx_word' id='word_1_267' title='bbox 1226 2318 1364 2374; x_wconf 89' lang='lat' dir='ltr'><strong>ﬁlios</strong></span> <span class='ocrx_word' id='word_1_268' title='bbox 1388 2319 1661 2391; x_wconf 86' lang='lat' dir='ltr'><strong>spiritales</strong></span> <span class='ocrx_word' id='word_1_269' title='bbox 1687 2319 1800 2375; x_wconf 91' lang='lat' dir='ltr'><strong>Deo</strong></span> <span class='ocrx_word' id='word_1_270' title='bbox 1842 2317 2038 2388; x_wconf 87' lang='lat' dir='ltr'><strong>acqui-</strong></span> 
     </span>
    </p>
   </div>
   <div class='ocr_carea' id='block_1_37' title="bbox 454 2412 2042 2484">
    <p class='ocr_par' dir='ltr' id='par_1_37' title="bbox 454 2412 2042 2484">
     <span class='ocr_line' id='line_1_37' title="bbox 454 2412 2042 2484; baseline -0.001 -16"><span class='ocrx_word' id='word_1_271' title='bbox 454 2420 660 2480; x_wconf 86' lang='lat' dir='ltr'><strong>rerent,</strong></span> <span class='ocrx_word' id='word_1_272' title='bbox 691 2413 820 2482; x_wconf 89' lang='lat' dir='ltr'><strong>quia</strong></span> <span class='ocrx_word' id='word_1_273' title='bbox 850 2412 988 2469; x_wconf 80' lang='lat' dir='ltr'><strong>falso</strong></span> <span class='ocrx_word' id='word_1_274' title='bbox 1013 2413 1403 2484; x_wconf 81' lang='lat' dir='ltr'><strong>praedicabant,</strong></span> <span class='ocrx_word' id='word_1_275' title='bbox 1434 2427 1612 2483; x_wconf 90' lang='lat' dir='ltr'><strong>neque</strong></span> <span class='ocrx_word' id='word_1_276' title='bbox 1643 2427 1742 2484; x_wconf 89' lang='lat' dir='ltr'><strong>pro</strong></span> <span class='ocrx_word' id='word_1_277' title='bbox 1783 2427 2042 2468; x_wconf 85' lang='lat' dir='ltr'><strong>remune-</strong></span> 
     </span>
    </p>
   </div>
   <div class='ocr_carea' id='block_1_38' title="bbox 453 2505 2038 2577">
    <p class='ocr_par' dir='ltr' id='par_1_38' title="bbox 453 2505 2038 2577">
     <span class='ocr_line' id='line_1_38' title="bbox 453 2505 2038 2577; baseline -0.001 -14"><span class='ocrx_word' id='word_1_278' title='bbox 453 2505 666 2563; x_wconf 85' lang='lat' dir='ltr'><strong>ratione</strong></span> <span class='ocrx_word' id='word_1_279' title='bbox 689 2506 928 2563; x_wconf 72' lang='lat' dir='ltr'><strong>ctelestis</strong></span> <span class='ocrx_word' id='word_1_280' title='bbox 949 2506 1162 2577; x_wconf 80' lang='lat' dir='ltr'><strong>patriae,</strong></span> <span class='ocrx_word' id='word_1_281' title='bbox 1200 2507 1294 2563; x_wconf 86' lang='lat' dir='ltr'><strong>sed</strong></span> <span class='ocrx_word' id='word_1_282' title='bbox 1317 2521 1416 2576; x_wconf 90' lang='lat' dir='ltr'><strong>pro</strong></span> <span class='ocrx_word' id='word_1_283' title='bbox 1439 2505 1607 2562; x_wconf 91' lang='lat' dir='ltr'><strong>lucris</strong></span> <span class='ocrx_word' id='word_1_284' title='bbox 1629 2506 2038 2576; x_wconf 88' lang='lat' dir='ltr'><strong>temporalibus,</strong></span> 
     </span>
    </p>
   </div>
   <div class='ocr_carea' id='block_1_39' title="bbox 454 2598 2043 2658">
    <p class='ocr_par' dir='ltr' id='par_1_39' title="bbox 454 2598 2043 2658">
     <span class='ocr_line' id='line_1_39' title="bbox 454 2598 2043 2658; baseline -0.003 0"><span class='ocrx_word' id='word_1_285' title='bbox 454 2607 513 2658; x_wconf 84' lang='lat' dir='ltr'><strong>et</strong></span> <span class='ocrx_word' id='word_1_286' title='bbox 539 2600 815 2658; x_wconf 82' lang='lat' dir='ltr'><strong>favoribus</strong></span> <span class='ocrx_word' id='word_1_287' title='bbox 867 2599 1142 2655; x_wconf 85' lang='lat' dir='ltr'><strong>humanis.</strong></span> <span class='ocrx_word' id='word_1_288' title='bbox 1182 2600 1243 2654; x_wconf 91' lang='lat' dir='ltr'><strong>ln</strong></span> <span class='ocrx_word' id='word_1_289' title='bbox 1297 2600 1401 2655; x_wconf 91' lang='lat' dir='ltr'><strong>hoc</strong></span> <span class='ocrx_word' id='word_1_290' title='bbox 1441 2598 1607 2656; x_wconf 89' lang='lat' dir='ltr'><strong>etiam</strong></span> <span class='ocrx_word' id='word_1_291' title='bbox 1663 2598 2043 2654; x_wconf 89' lang='lat' dir='ltr'><strong>adulterabant</strong></span> 
     </span>
    </p>
   </div>
   <div class='ocr_carea' id='block_1_40' title="bbox 455 2689 2042 2763">
    <p class='ocr_par' dir='ltr' id='par_1_40' title="bbox 455 2689 2042 2763">
     <span class='ocr_line' id='line_1_40' title="bbox 455 2689 2042 2763; baseline -0.001 -15"><span class='ocrx_word' id='word_1_292' title='bbox 455 2693 682 2750; x_wconf 88' lang='lat' dir='ltr'><strong>verbum</strong></span> <span class='ocrx_word' id='word_1_293' title='bbox 727 2691 844 2759; x_wconf 89' lang='lat' dir='ltr'><strong>Dei,</strong></span> <span class='ocrx_word' id='word_1_294' title='bbox 876 2692 1006 2763; x_wconf 88' lang='lat' dir='ltr'><strong>quia</strong></span> <span class='ocrx_word' id='word_1_295' title='bbox 1049 2707 1157 2748; x_wconf 92' lang='lat' dir='ltr'><strong>non</strong></span> <span class='ocrx_word' id='word_1_296' title='bbox 1201 2698 1351 2747; x_wconf 88' lang='lat' dir='ltr'><strong>recte</strong></span> <span class='ocrx_word' id='word_1_297' title='bbox 1385 2706 1564 2762; x_wconf 92' lang='lat' dir='ltr'><strong>neque</strong></span> <span class='ocrx_word' id='word_1_298' title='bbox 1601 2690 1872 2746; x_wconf 88' lang='lat' dir='ltr'><strong>veraciter</strong></span> <span class='ocrx_word' id='word_1_299' title='bbox 1911 2689 2042 2746; x_wconf 90' lang='lat' dir='ltr'><strong>illud</strong></span> 
     </span>
    </p>
   </div>
   <div class='ocr_carea' id='block_1_41' title="bbox 456 2781 2041 2850">
    <p class='ocr_par' dir='ltr' id='par_1_41' title="bbox 456 2781 2041 2850">
     <span class='ocr_line' id='line_1_41' title="bbox 456 2781 2041 2850; baseline -0.002 -10"><span class='ocrx_word' id='word_1_300' title='bbox 456 2782 752 2850; x_wconf 73' lang='lat' dir='ltr'><strong>docebant,</strong></span> <span class='ocrx_word' id='word_1_301' title='bbox 788 2783 1034 2838; x_wconf 88' lang='lat' dir='ltr'><strong>dicentes</strong></span> <span class='ocrx_word' id='word_1_302' title='bbox 1084 2781 1363 2838; x_wconf 87' lang='lat' dir='ltr'><strong>Christum</strong></span> <span class='ocrx_word' id='word_1_303' title='bbox 1411 2798 1522 2838; x_wconf 91' lang='lat' dir='ltr'><strong>non</strong></span> <span class='ocrx_word' id='word_1_304' title='bbox 1570 2797 1693 2838; x_wconf 91' lang='lat' dir='ltr'><strong>esse</strong></span> <span class='ocrx_word' id='word_1_305' title='bbox 1743 2790 2041 2848; x_wconf 90' lang='lat' dir='ltr'><strong>mortuum,</strong></span> 
     </span>
    </p>
   </div>
   <div class='ocr_carea' id='block_1_42' title="bbox 455 2875 2044 2946">
    <p class='ocr_par' dir='ltr' id='par_1_42' title="bbox 455 2875 2044 2946">
     <span class='ocr_line' id='line_1_42' title="bbox 455 2875 2044 2946; baseline 0.001 -15"><span class='ocrx_word' id='word_1_306' title='bbox 455 2890 633 2946; x_wconf 88' lang='lat' dir='ltr'><strong>neque</strong></span> <span class='ocrx_word' id='word_1_307' title='bbox 674 2891 706 2930; x_wconf 90' lang='lat' dir='ltr'><strong>a</strong></span> <span class='ocrx_word' id='word_1_308' title='bbox 745 2875 972 2931; x_wconf 88' lang='lat' dir='ltr'><strong>mortuis</strong></span> <span class='ocrx_word' id='word_1_309' title='bbox 1013 2875 1339 2931; x_wconf 80' lang='lat' dir='ltr'><strong>surrexisse.</strong></span> <span class='ocrx_word' id='word_1_310' title='bbox 1394 2875 1637 2946; x_wconf 87' lang='lat' dir='ltr'><strong>Apostoli</strong></span> <span class='ocrx_word' id='word_1_311' title='bbox 1686 2887 1872 2932; x_wconf 89' lang='lat' dir='ltr'><strong>autem</strong></span> <span class='ocrx_word' id='word_1_312' title='bbox 1933 2890 2044 2932; x_wconf 89' lang='lat' dir='ltr'><strong>non</strong></span> 
     </span>
    </p>
   </div>
   <div class='ocr_carea' id='block_1_43' title="bbox 458 2966 2046 3038">
    <p class='ocr_par' dir='ltr' id='par_1_43' title="bbox 458 2966 2046 3038">
     <span class='ocr_line' id='line_1_43' title="bbox 458 2966 2046 3038; baseline 0.001 -16"><span class='ocrx_word' id='word_1_313' title='bbox 458 2966 854 3034; x_wconf 88' lang='lat' dir='ltr'><strong>adulterabant,</strong></span> <span class='ocrx_word' id='word_1_314' title='bbox 904 2967 1032 3037; x_wconf 90' lang='lat' dir='ltr'><strong>quia</strong></span> <span class='ocrx_word' id='word_1_315' title='bbox 1086 2966 1357 3038; x_wconf 89' lang='lat' dir='ltr'><strong>spiritales</strong></span> <span class='ocrx_word' id='word_1_316' title='bbox 1409 2967 1549 3025; x_wconf 89' lang='lat' dir='ltr'><strong>ﬁlios</strong></span> <span class='ocrx_word' id='word_1_317' title='bbox 1599 2967 1708 3026; x_wconf 88' lang='lat' dir='ltr'><strong>Deo</strong></span> <span class='ocrx_word' id='word_1_318' title='bbox 1758 2969 2046 3038; x_wconf 82' lang='lat' dir='ltr'><strong>acquirere</strong></span> 
     </span>
    </p>
   </div>
   <div class='ocr_carea' id='block_1_44' title="bbox 457 3058 2046 3131">
    <p class='ocr_par' dir='ltr' id='par_1_44' title="bbox 457 3058 2046 3131">
     <span class='ocr_line' id='line_1_44' title="bbox 457 3058 2046 3131; baseline -0.001 -14"><span class='ocrx_word' id='word_1_319' title='bbox 457 3059 858 3127; x_wconf 86' lang='lat' dir='ltr'><strong>desiderabant,</strong></span> <span class='ocrx_word' id='word_1_320' title='bbox 883 3067 940 3116; x_wconf 90' lang='lat' dir='ltr'><strong>et</strong></span> <span class='ocrx_word' id='word_1_321' title='bbox 957 3074 1065 3115; x_wconf 91' lang='lat' dir='ltr'><strong>non</strong></span> <span class='ocrx_word' id='word_1_322' title='bbox 1087 3075 1187 3131; x_wconf 92' lang='lat' dir='ltr'><strong>pro</strong></span> <span class='ocrx_word' id='word_1_323' title='bbox 1210 3058 1376 3115; x_wconf 91' lang='lat' dir='ltr'><strong>lucris</strong></span> <span class='ocrx_word' id='word_1_324' title='bbox 1397 3059 1805 3131; x_wconf 89' lang='lat' dir='ltr'><strong>temporalibus,</strong></span> <span class='ocrx_word' id='word_1_325' title='bbox 1831 3061 1925 3116; x_wconf 90' lang='lat' dir='ltr'><strong>sed</strong></span> <span class='ocrx_word' id='word_1_326' title='bbox 1946 3075 2046 3130; x_wconf 89' lang='lat' dir='ltr'><strong>pro</strong></span> 
     </span>
    </p>
   </div>
   <div class='ocr_carea' id='block_1_45' title="bbox 454 3151 2042 3223">
    <p class='ocr_par' dir='ltr' id='par_1_45' title="bbox 454 3151 2042 3223">
     <span class='ocr_line' id='line_1_45' title="bbox 454 3151 2042 3223; baseline -0.001 -14"><span class='ocrx_word' id='word_1_327' title='bbox 454 3152 681 3223; x_wconf 82' lang='lat' dir='ltr'><strong>praemio</strong></span> <span class='ocrx_word' id='word_1_328' title='bbox 705 3159 921 3208; x_wconf 69' lang='lat' dir='ltr'><strong>aeternae</strong></span> <span class='ocrx_word' id='word_1_329' title='bbox 932 3151 1287 3208; x_wconf 89' lang='lat' dir='ltr'><strong>beatitudinis</strong></span> <span class='ocrx_word' id='word_1_330' title='bbox 1306 3153 1678 3223; x_wconf 84' lang='lat' dir='ltr'><strong>praedicationi</strong></span> <span class='ocrx_word' id='word_1_331' title='bbox 1705 3153 2042 3221; x_wconf 90' lang='lat' dir='ltr'><strong>insistentes,</strong></span> 
     </span>
    </p>
   </div>
   <div class='ocr_carea' id='block_1_46' title="bbox 461 3243 2043 3317">
    <p class='ocr_par' dir='ltr' id='par_1_46' title="bbox 461 3243 2043 3317">
     <span class='ocr_line' id='line_1_46' title="bbox 461 3243 2043 3317; baseline 0.001 -17"><span class='ocrx_word' id='word_1_332' title='bbox 461 3259 640 3316; x_wconf 90' lang='lat' dir='ltr'><strong>neque</strong></span> <span class='ocrx_word' id='word_1_333' title='bbox 664 3260 765 3316; x_wconf 90' lang='lat' dir='ltr'><strong>pro</strong></span> <span class='ocrx_word' id='word_1_334' title='bbox 789 3243 976 3302; x_wconf 82' lang='lat' dir='ltr'><strong>favore</strong></span> <span class='ocrx_word' id='word_1_335' title='bbox 1004 3255 1060 3301; x_wconf 91' lang='lat' dir='ltr'><strong>et</strong></span> <span class='ocrx_word' id='word_1_336' title='bbox 1086 3245 1244 3301; x_wconf 83' lang='lat' dir='ltr'><strong>laude</strong></span> <span class='ocrx_word' id='word_1_337' title='bbox 1283 3245 1519 3300; x_wconf 89' lang='lat' dir='ltr'><strong>humana</strong></span> <span class='ocrx_word' id='word_1_338' title='bbox 1564 3246 1868 3302; x_wconf 86' lang='lat' dir='ltr'><strong>rectissime</strong></span> <span class='ocrx_word' id='word_1_339' title='bbox 1899 3244 2043 3317; x_wconf 84' lang='lat' dir='ltr'><strong>prae-</strong></span> 
     </span>
    </p>
   </div>
   <div class='ocr_carea' id='block_1_47' title="bbox 2139 2036 3753 2106">
    <p class='ocr_par' dir='ltr' id='par_1_47' title="bbox 2139 2036 3753 2106">
     <span class='ocr_line' id='line_1_47' title="bbox 2139 2036 3753 2106; baseline 0.006 -14"><span class='ocrx_word' id='word_1_340' title='bbox 2139 2036 2341 2106; x_wconf 89' lang='lat' dir='ltr'><strong>scripta</strong></span> <span class='ocrx_word' id='word_1_341' title='bbox 2406 2036 2463 2091; x_wconf 92' lang='lat' dir='ltr'><strong>in</strong></span> <span class='ocrx_word' id='word_1_342' title='bbox 2527 2037 2780 2092; x_wconf 90' lang='lat' dir='ltr'><strong>cordibus</strong></span> <span class='ocrx_word' id='word_1_343' title='bbox 2813 2077 2828 2104; x_wconf 91' lang='lat'><strong>,</strong></span> <span class='ocrx_word' id='word_1_344' title='bbox 2883 2052 2982 2094; x_wconf 89' lang='lat' dir='ltr'><strong>vos</strong></span> <span class='ocrx_word' id='word_1_345' title='bbox 3033 2039 3168 2096; x_wconf 86' lang='lat' dir='ltr'><strong>estis</strong></span> <span class='ocrx_word' id='word_1_346' title='bbox 3222 2042 3554 2099; x_wconf 83' lang='lat' dir='ltr'><strong>manifestati</strong></span> <span class='ocrx_word' id='word_1_347' title='bbox 3611 2046 3753 2101; x_wconf 84' lang='lat' dir='ltr'><strong>aliis</strong></span> 
     </span>
    </p>
   </div>
   <div class='ocr_carea' id='block_1_48' title="bbox 2139 2128 3750 2208">
    <p class='ocr_par' dir='ltr' id='par_1_48' title="bbox 2139 2128 3750 2208">
     <span class='ocr_line' id='line_1_48' title="bbox 2139 2128 3750 2208; baseline 0.006 -24"><span class='ocrx_word' id='word_1_348' title='bbox 2139 2128 2283 2200; x_wconf 88' lang='lat' dir='ltr'><strong>quod</strong></span> <span class='ocrx_word' id='word_1_349' title='bbox 2330 2137 2515 2184; x_wconf 89' lang='lat' dir='ltr'><strong>nostra</strong></span> <span class='ocrx_word' id='word_1_350' title='bbox 2565 2129 2949 2199; x_wconf 64' lang='lat' dir='ltr'><strong>praedicatione</strong></span> <span class='ocrx_word' id='word_1_351' title='bbox 2994 2130 3063 2186; x_wconf 90' lang='lat' dir='ltr'><strong>ad</strong></span> <span class='ocrx_word' id='word_1_352' title='bbox 3097 2130 3261 2188; x_wconf 87' lang='lat' dir='ltr'><strong>ﬁdem</strong></span> <span class='ocrx_word' id='word_1_353' title='bbox 3299 2133 3546 2199; x_wconf 85' lang='lat' dir='ltr'><strong>venistis,</strong></span> <span class='ocrx_word' id='word_1_354' title='bbox 3592 2154 3750 2208; x_wconf 60' lang='lat' dir='ltr'><strong>quo.</strong></span> 
     </span>
    </p>
   </div>
   <div class='ocr_carea' id='block_1_49' title="bbox 2139 2219 3751 2292">
    <p class='ocr_par' dir='ltr' id='par_1_49' title="bbox 2139 2219 3751 2292">
     <span class='ocr_line' id='line_1_49' title="bbox 2139 2219 3751 2292; baseline 0.005 -18"><span class='ocrx_word' id='word_1_355' title='bbox 2139 2220 2286 2274; x_wconf 88' lang='lat' dir='ltr'><strong>niam</strong></span> <span class='ocrx_word' id='word_1_356' title='bbox 2341 2221 2574 2292; x_wconf 90' lang='lat' dir='ltr'><strong>epistola</strong></span> <span class='ocrx_word' id='word_1_357' title='bbox 2619 2220 2755 2278; x_wconf 86' lang='lat' dir='ltr'><strong>estis</strong></span> <span class='ocrx_word' id='word_1_358' title='bbox 2792 2219 3017 2278; x_wconf 87' lang='lat' dir='ltr'><strong>Christi.</strong></span> <span class='ocrx_word' id='word_1_359' title='bbox 3066 2221 3431 2280; x_wconf 79' lang='lat' dir='ltr'><strong>Ministrataa</strong></span> <span class='ocrx_word' id='word_1_360' title='bbox 3470 2229 3654 2292; x_wconf 85' lang='lat' dir='ltr'><strong>nobis,</strong></span> <span class='ocrx_word' id='word_1_361' title='bbox 3701 2241 3751 2285; x_wconf 82' lang='lat' dir='ltr'><strong>et</strong></span> 
     </span>
    </p>
   </div>
   <div class='ocr_carea' id='block_1_50' title="bbox 2138 2312 3749 2386">
    <p class='ocr_par' dir='ltr' id='par_1_50' title="bbox 2138 2312 3749 2386">
     <span class='ocr_line' id='line_1_50' title="bbox 2138 2312 3749 2386; baseline 0.006 -20"><span class='ocrx_word' id='word_1_362' title='bbox 2138 2312 2356 2382; x_wconf 80' lang='lat' dir='ltr'><strong>scripta,</strong></span> <span class='ocrx_word' id='word_1_363' title='bbox 2405 2329 2510 2368; x_wconf 88' lang='lat' dir='ltr'><strong>non</strong></span> <span class='ocrx_word' id='word_1_364' title='bbox 2548 2322 2868 2379; x_wconf 86' lang='lat' dir='ltr'><strong>atramento,</strong></span> <span class='ocrx_word' id='word_1_365' title='bbox 2909 2314 3001 2370; x_wconf 91' lang='lat' dir='ltr'><strong>sed</strong></span> <span class='ocrx_word' id='word_1_366' title='bbox 3054 2317 3245 2386; x_wconf 84' lang='lat' dir='ltr'><strong>spiritu</strong></span> <span class='ocrx_word' id='word_1_367' title='bbox 3296 2317 3391 2373; x_wconf 90' lang='lat' dir='ltr'><strong>Dei</strong></span> <span class='ocrx_word' id='word_1_368' title='bbox 3430 2321 3555 2375; x_wconf 77' lang='lat' dir='ltr'><strong>vivi.</strong></span> <span class='ocrx_word' id='word_1_369' title='bbox 3600 2320 3749 2377; x_wconf 79' lang='lat' dir='ltr'><strong>[llud</strong></span> 
     </span>
    </p>
   </div>
   <div class='ocr_carea' id='block_1_51' title="bbox 2139 2405 3748 2476">
    <p class='ocr_par' dir='ltr' id='par_1_51' title="bbox 2139 2405 3748 2476">
     <span class='ocr_line' id='line_1_51' title="bbox 2139 2405 3748 2476; baseline 0.006 -17"><span class='ocrx_word' id='word_1_370' title='bbox 2139 2405 2284 2476; x_wconf 89' lang='lat' dir='ltr'><strong>quod</strong></span> <span class='ocrx_word' id='word_1_371' title='bbox 2332 2413 2640 2460; x_wconf 89' lang='lat' dir='ltr'><strong>atramento</strong></span> <span class='ocrx_word' id='word_1_372' title='bbox 2689 2405 2948 2461; x_wconf 87' lang='lat' dir='ltr'><strong>scribitur</strong></span> <span class='ocrx_word' id='word_1_373' title='bbox 3013 2406 3316 2464; x_wconf 88' lang='lat' dir='ltr'><strong>oblitterari</strong></span> <span class='ocrx_word' id='word_1_374' title='bbox 3383 2410 3499 2467; x_wconf 90' lang='lat' dir='ltr'><strong>sive</strong></span> <span class='ocrx_word' id='word_1_375' title='bbox 3564 2413 3748 2470; x_wconf 86' lang='lat' dir='ltr'><strong>deleri</strong></span> 
     </span>
    </p>
   </div>
   <div class='ocr_carea' id='block_1_52' title="bbox 2139 2497 3746 2569">
    <p class='ocr_par' dir='ltr' id='par_1_52' title="bbox 2139 2497 3746 2569">
     <span class='ocr_line' id='line_1_52' title="bbox 2139 2497 3746 2569; baseline 0.004 -16"><span class='ocrx_word' id='word_1_376' title='bbox 2139 2506 2341 2568; x_wconf 89' lang='lat' dir='ltr'><strong>potest,</strong></span> <span class='ocrx_word' id='word_1_377' title='bbox 2383 2497 2519 2554; x_wconf 87' lang='lat' dir='ltr'><strong>ﬁdes</strong></span> <span class='ocrx_word' id='word_1_378' title='bbox 2541 2507 2725 2554; x_wconf 88' lang='lat' dir='ltr'><strong>autem</strong></span> <span class='ocrx_word' id='word_1_379' title='bbox 2753 2515 2875 2569; x_wconf 65' lang='lat' dir='ltr'><strong>quae</strong></span> <span class='ocrx_word' id='word_1_380' title='bbox 2897 2514 2928 2554; x_wconf 91' lang='lat' dir='ltr'><strong>a</strong></span> <span class='ocrx_word' id='word_1_381' title='bbox 2953 2497 3159 2568; x_wconf 89' lang='lat' dir='ltr'><strong>Spiritu</strong></span> <span class='ocrx_word' id='word_1_382' title='bbox 3207 2509 3400 2557; x_wconf 88' lang='lat' dir='ltr'><strong>sancto</strong></span> <span class='ocrx_word' id='word_1_383' title='bbox 3448 2504 3746 2569; x_wconf 84' lang='lat' dir='ltr'><strong>scribitur,</strong></span> 
     </span>
    </p>
   </div>
   <div class='ocr_carea' id='block_1_53' title="bbox 2141 2589 3749 2666">
    <p class='ocr_par' dir='ltr' id='par_1_53' title="bbox 2141 2589 3749 2666">
     <span class='ocr_line' id='line_1_53' title="bbox 2141 2589 3749 2666; baseline 0.007 -24"><span class='ocrx_word' id='word_1_384' title='bbox 2141 2589 2233 2658; x_wconf 92' lang='lat' dir='ltr'><strong>qui</strong></span> <span class='ocrx_word' id='word_1_385' title='bbox 2257 2603 2471 2659; x_wconf 87' lang='lat' dir='ltr'><strong>semper</strong></span> <span class='ocrx_word' id='word_1_386' title='bbox 2499 2589 2654 2655; x_wconf 86' lang='lat' dir='ltr'><strong>vivit,</strong></span> <span class='ocrx_word' id='word_1_387' title='bbox 2691 2598 2897 2644; x_wconf 62' lang='lat' dir='ltr'><strong>aeterna</strong></span> <span class='ocrx_word' id='word_1_388' title='bbox 2925 2598 3026 2654; x_wconf 90' lang='lat' dir='ltr'><strong>est,</strong></span> <span class='ocrx_word' id='word_1_389' title='bbox 3059 2590 3185 2661; x_wconf 90' lang='lat' dir='ltr'><strong>quia</strong></span> <span class='ocrx_word' id='word_1_390' title='bbox 3224 2592 3363 2648; x_wconf 90' lang='lat' dir='ltr'><strong>sicut</strong></span> <span class='ocrx_word' id='word_1_391' title='bbox 3388 2593 3473 2649; x_wconf 92' lang='lat' dir='ltr'><strong>ille</strong></span> <span class='ocrx_word' id='word_1_392' title='bbox 3499 2594 3749 2666; x_wconf 87' lang='lat' dir='ltr'><strong>Spiritus</strong></span> 
     </span>
    </p>
   </div>
   <div class='ocr_carea' id='block_1_54' title="bbox 2141 2678 3747 2746">
    <p class='ocr_par' dir='ltr' id='par_1_54' title="bbox 2141 2678 3747 2746">
     <span class='ocr_line' id='line_1_54' title="bbox 2141 2678 3747 2746; baseline 0.006 -12"><span class='ocrx_word' id='word_1_393' title='bbox 2141 2686 2377 2734; x_wconf 64' lang='lat' dir='ltr'><strong>aeternus</strong></span> <span class='ocrx_word' id='word_1_394' title='bbox 2427 2686 2533 2746; x_wconf 90' lang='lat' dir='ltr'><strong>est,</strong></span> <span class='ocrx_word' id='word_1_395' title='bbox 2576 2679 2653 2733; x_wconf 89' lang='lat' dir='ltr'><strong>ita</strong></span> <span class='ocrx_word' id='word_1_396' title='bbox 2700 2678 2793 2735; x_wconf 88' lang='lat' dir='ltr'><strong>illa</strong></span> <span class='ocrx_word' id='word_1_397' title='bbox 2831 2679 2968 2735; x_wconf 78' lang='lat' dir='ltr'><strong>ﬁdes</strong></span> <span class='ocrx_word' id='word_1_398' title='bbox 3013 2690 3217 2736; x_wconf 76' lang='lat' dir='ltr'><strong>aeterna</strong></span> <span class='ocrx_word' id='word_1_399' title='bbox 3246 2691 3351 2739; x_wconf 89' lang='lat' dir='ltr'><strong>est.</strong></span> <span class='ocrx_word' id='word_1_400' title='bbox 3403 2683 3747 2743; x_wconf 80' lang='lat' dir='ltr'><strong>Manifestati</strong></span> 
     </span>
    </p>
   </div>
   <div class='ocr_carea' id='block_1_55' title="bbox 2142 2765 3747 2845">
    <p class='ocr_par' dir='ltr' id='par_1_55' title="bbox 2142 2765 3747 2845">
     <span class='ocr_line' id='line_1_55' title="bbox 2142 2765 3747 2845; baseline 0.006 -20"><span class='ocrx_word' id='word_1_401' title='bbox 2142 2769 2298 2836; x_wconf 90' lang='lat' dir='ltr'><strong>estis,</strong></span> <span class='ocrx_word' id='word_1_402' title='bbox 2344 2770 2539 2840; x_wconf 92' lang='lat' dir='ltr'><strong>inquit,</strong></span> <span class='ocrx_word' id='word_1_403' title='bbox 2573 2769 2718 2839; x_wconf 92' lang='lat' dir='ltr'><strong>quod</strong></span> <span class='ocrx_word' id='word_1_404' title='bbox 2761 2779 2949 2826; x_wconf 90' lang='lat' dir='ltr'><strong>nostra</strong></span> <span class='ocrx_word' id='word_1_405' title='bbox 2990 2771 3374 2841; x_wconf 69' lang='lat' dir='ltr'><strong>praedicatione</strong></span> <span class='ocrx_word' id='word_1_406' title='bbox 3407 2765 3747 2845; x_wconf 74' lang='lat' dir='ltr'><strong>Credidisu&#39;s,</strong></span> 
     </span>
    </p>
   </div>
   <div class='ocr_carea' id='block_1_56' title="bbox 2143 2850 3747 2932">
    <p class='ocr_par' dir='ltr' id='par_1_56' title="bbox 2143 2850 3747 2932">
     <span class='ocr_line' id='line_1_56' title="bbox 2143 2850 3747 2932; baseline 0.006 -17"><span class='ocrx_word' id='word_1_407' title='bbox 2143 2861 2398 2932; x_wconf 88' lang='lat' dir='ltr'><strong>quoniam</strong></span> <span class='ocrx_word' id='word_1_408' title='bbox 2455 2861 2682 2932; x_wconf 88' lang='lat' dir='ltr'><strong>epistola</strong></span> <span class='ocrx_word' id='word_1_409' title='bbox 2715 2862 2847 2918; x_wconf 89' lang='lat' dir='ltr'><strong>estis</strong></span> <span class='ocrx_word' id='word_1_410' title='bbox 2897 2861 3124 2929; x_wconf 87' lang='lat' dir='ltr'><strong>Christi,</strong></span> <span class='ocrx_word' id='word_1_411' title='bbox 3172 2850 3226 2918; x_wconf 76' lang='lat' dir='ltr'><strong>id</strong></span> <span class='ocrx_word' id='word_1_412' title='bbox 3270 2874 3356 2921; x_wconf 89' lang='lat' dir='ltr'><strong>est</strong></span> <span class='ocrx_word' id='word_1_413' title='bbox 3382 2865 3548 2923; x_wconf 89' lang='lat' dir='ltr'><strong>ﬁdem</strong></span> <span class='ocrx_word' id='word_1_414' title='bbox 3595 2869 3747 2926; x_wconf 87' lang='lat' dir='ltr'><strong>illius</strong></span> 
     </span>
    </p>
   </div>
   <div class='ocr_carea' id='block_1_57' title="bbox 2145 2955 3748 3031">
    <p class='ocr_par' dir='ltr' id='par_1_57' title="bbox 2145 2955 3748 3031">
     <span class='ocr_line' id='line_1_57' title="bbox 2145 2955 3748 3031; baseline 0.006 -21"><span class='ocrx_word' id='word_1_415' title='bbox 2145 2955 2382 3020; x_wconf 89' lang='lat' dir='ltr'><strong>habetis,</strong></span> <span class='ocrx_word' id='word_1_416' title='bbox 2440 2970 2473 3009; x_wconf 88' lang='lat' dir='ltr'><strong>a</strong></span> <span class='ocrx_word' id='word_1_417' title='bbox 2521 2969 2630 3024; x_wconf 89' lang='lat' dir='ltr'><strong>quo</strong></span> <span class='ocrx_word' id='word_1_418' title='bbox 2689 2955 2932 3012; x_wconf 89' lang='lat' dir='ltr'><strong>dicimini</strong></span> <span class='ocrx_word' id='word_1_419' title='bbox 2988 2955 3286 3013; x_wconf 89' lang='lat' dir='ltr'><strong>Christiani</strong></span> <span class='ocrx_word' id='word_1_420' title='bbox 3323 2977 3337 3013; x_wconf 92' lang='lat'><strong>:</strong></span> <span class='ocrx_word' id='word_1_421' title='bbox 3370 2976 3489 3031; x_wconf 69' lang='lat' dir='ltr'><strong>quae</strong></span> <span class='ocrx_word' id='word_1_422' title='bbox 3542 2961 3686 3019; x_wconf 83' lang='lat' dir='ltr'><strong>ﬁdes</strong></span> <span class='ocrx_word' id='word_1_423' title='bbox 3716 2980 3748 3019; x_wconf 89' lang='lat' dir='ltr'><strong>a</strong></span> 
     </span>
    </p>
   </div>
   <div class='ocr_carea' id='block_1_58' title="bbox 2144 3046 3743 3127">
    <p class='ocr_par' dir='ltr' id='par_1_58' title="bbox 2144 3046 3743 3127">
     <span class='ocr_line' id='line_1_58' title="bbox 2144 3046 3743 3127; baseline 0.006 -25"><span class='ocrx_word' id='word_1_424' title='bbox 2144 3046 2300 3102; x_wconf 86' lang='lat' dir='ltr'><strong>nobis</strong></span> <span class='ocrx_word' id='word_1_425' title='bbox 2337 3055 2422 3102; x_wconf 92' lang='lat' dir='ltr'><strong>est</strong></span> <span class='ocrx_word' id='word_1_426' title='bbox 2454 3046 2785 3114; x_wconf 89' lang='lat' dir='ltr'><strong>ministrata,</strong></span> <span class='ocrx_word' id='word_1_427' title='bbox 2802 3047 2930 3117; x_wconf 91' lang='lat' dir='ltr'><strong>quia</strong></span> <span class='ocrx_word' id='word_1_428' title='bbox 2969 3048 3102 3104; x_wconf 87' lang='lat' dir='ltr'><strong>ﬁdes</strong></span> <span class='ocrx_word' id='word_1_429' title='bbox 3130 3065 3197 3104; x_wconf 78' lang='lat' dir='ltr'><strong>ea:</strong></span> <span class='ocrx_word' id='word_1_430' title='bbox 3225 3052 3415 3107; x_wconf 85' lang='lat' dir='ltr'><strong>auditu</strong></span> <span class='ocrx_word' id='word_1_431' title='bbox 3441 3062 3529 3110; x_wconf 85' lang='lat' dir='ltr'><strong>est</strong></span> <span class='ocrx_word' id='word_1_432' title='bbox 3556 3054 3743 3127; x_wconf 76' lang='lat' dir='ltr'><strong>(Rom.</strong></span> 
     </span>
    </p>
   </div>
   <div class='ocr_carea' id='block_1_59' title="bbox 2145 3136 3750 3212">
    <p class='ocr_par' dir='ltr' id='par_1_59' title="bbox 2145 3136 3750 3212">
     <span class='ocr_line' id='line_1_59' title="bbox 2145 3136 3750 3212; baseline 0.007 -20"><span class='ocrx_word' id='word_1_433' title='bbox 2145 3136 2224 3210; x_wconf 69' lang='grc' dir='ltr'><strong>χ),</strong></span> <span class='ocrx_word' id='word_1_434' title='bbox 2255 3145 2311 3193; x_wconf 90' lang='lat' dir='ltr'><strong>ct</strong></span> <span class='ocrx_word' id='word_1_435' title='bbox 2359 3153 2390 3193; x_wconf 89' lang='lat' dir='ltr'><strong>a</strong></span> <span class='ocrx_word' id='word_1_436' title='bbox 2425 3136 2629 3209; x_wconf 90' lang='lat' dir='ltr'><strong>Spiritu</strong></span> <span class='ocrx_word' id='word_1_437' title='bbox 2674 3146 2864 3196; x_wconf 88' lang='lat' dir='ltr'><strong>sancto</strong></span> <span class='ocrx_word' id='word_1_438' title='bbox 2891 3146 2978 3196; x_wconf 90' lang='lat' dir='ltr'><strong>est</strong></span> <span class='ocrx_word' id='word_1_439' title='bbox 3024 3140 3225 3212; x_wconf 88' lang='lat' dir='ltr'><strong>scripta</strong></span> <span class='ocrx_word' id='word_1_440' title='bbox 3252 3142 3307 3198; x_wconf 91' lang='lat' dir='ltr'><strong>in</strong></span> <span class='ocrx_word' id='word_1_441' title='bbox 3343 3145 3604 3202; x_wconf 88' lang='lat' dir='ltr'><strong>cordibus</strong></span> <span class='ocrx_word' id='word_1_442' title='bbox 3653 3162 3750 3203; x_wconf 72' lang='lat' dir='ltr'><strong>ve-</strong></span> 
     </span>
    </p>
   </div>
   <div class='ocr_carea' id='block_1_60' title="bbox 2145 3228 3748 3305">
    <p class='ocr_par' dir='ltr' id='par_1_60' title="bbox 2145 3228 3748 3305">
     <span class='ocr_line' id='line_1_60' title="bbox 2145 3228 3748 3305; baseline 0.006 -21"><span class='ocrx_word' id='word_1_443' title='bbox 2145 3230 2296 3296; x_wconf 88' lang='lat' dir='ltr'><strong>stris,</strong></span> <span class='ocrx_word' id='word_1_444' title='bbox 2324 3229 2451 3300; x_wconf 88' lang='lat' dir='ltr'><strong>quia</strong></span> <span class='ocrx_word' id='word_1_445' title='bbox 2497 3228 2621 3285; x_wconf 85' lang='lat' dir='ltr'><strong>alils</strong></span> <span class='ocrx_word' id='word_1_446' title='bbox 2657 3229 2819 3285; x_wconf 88' lang='lat' dir='ltr'><strong>datur</strong></span> <span class='ocrx_word' id='word_1_447' title='bbox 2863 3230 2998 3286; x_wconf 90' lang='lat' dir='ltr'><strong>ﬁdes</strong></span> <span class='ocrx_word' id='word_1_448' title='bbox 3027 3230 3084 3286; x_wconf 88' lang='lat' dir='ltr'><strong>in</strong></span> <span class='ocrx_word' id='word_1_449' title='bbox 3131 3231 3321 3288; x_wconf 92' lang='lat' dir='ltr'><strong>eodem</strong></span> <span class='ocrx_word' id='word_1_450' title='bbox 3352 3235 3572 3305; x_wconf 86' lang='lat' dir='ltr'><strong>spiritu.</strong></span> <span class='ocrx_word' id='word_1_451' title='bbox 3617 3237 3748 3294; x_wconf 74' lang='lat' dir='ltr'><strong>Non</strong></span> 
     </span>
    </p>
   </div>
   <div class='ocr_carea' id='block_1_61' title="bbox 457 3308 3747 3407">
    <p class='ocr_par' dir='ltr' id='par_1_61' title="bbox 457 3308 3747 3407">
     <span class='ocr_line' id='line_1_61' title="bbox 457 3308 3747 3407; baseline 0.003 -31"><span class='ocrx_word' id='word_1_452' title='bbox 457 3308 745 3406; x_wconf 54' lang='lat' dir='ltr'><strong>dicgme&#39;s,</strong></span> <span class='ocrx_word' id='word_1_453' title='bbox 815 3338 957 3394; x_wconf 49' lang='lat' dir='ltr'><strong>sicut</strong></span> <span class='ocrx_word' id='word_1_454' title='bbox 1034 3338 1176 3393; x_wconf 72' lang='lat' dir='ltr'><strong>idem</strong></span> <span class='ocrx_word' id='word_1_455' title='bbox 1243 3336 1532 3407; x_wconf 73' lang='grc' dir='ltr'><strong>Αροειοιυε</strong></span> <span class='ocrx_word' id='word_1_456' title='bbox 1589 3336 1793 3403; x_wconf 53' lang='lat' dir='ltr'><strong>subdit,</strong></span> <span class='ocrx_word' id='word_1_457' title='bbox 1844 3308 1934 3392; x_wconf 69' lang='grc' dir='ltr'><strong>εεξι</strong></span> <span class='ocrx_word' id='word_1_458' title='bbox 1984 3354 2048 3392; x_wconf 68' lang='grc' dir='ltr'><strong>επ</strong></span> <span class='ocrx_word' id='word_1_459' title='bbox 2075 3313 2119 3377; x_wconf 85' lang='lat' dir='ltr'><strong>C</strong></span> <span class='ocrx_word' id='word_1_460' title='bbox 2151 3331 2236 3379; x_wconf 90' lang='lat' dir='ltr'><strong>est</strong></span> <span class='ocrx_word' id='word_1_461' title='bbox 2288 3323 2492 3393; x_wconf 90' lang='lat' dir='ltr'><strong>scripta</strong></span> <span class='ocrx_word' id='word_1_462' title='bbox 2533 3308 2640 3378; x_wconf 74' lang='lat' dir='ltr'><strong>illa</strong></span> <span class='ocrx_word' id='word_1_463' title='bbox 2667 3322 2804 3379; x_wconf 87' lang='lat' dir='ltr'><strong>ﬁdes</strong></span> <span class='ocrx_word' id='word_1_464' title='bbox 2849 3325 2906 3378; x_wconf 90' lang='lat' dir='ltr'><strong>in</strong></span> <span class='ocrx_word' id='word_1_465' title='bbox 2957 3323 3150 3379; x_wconf 86' lang='lat' dir='ltr'><strong>tabulis</strong></span> <span class='ocrx_word' id='word_1_466' title='bbox 3200 3323 3424 3397; x_wconf 79' lang='lat' dir='ltr'><strong>lapideis</strong></span> <span class='ocrx_word' id='word_1_467' title='bbox 3464 3328 3610 3384; x_wconf 79' lang='lat' dir='ltr'><strong>sicut</strong></span> <span class='ocrx_word' id='word_1_468' title='bbox 3658 3330 3747 3387; x_wconf 79' lang='lat' dir='ltr'><strong>lex</strong></span> 
     </span>
    </p>
   </div>
   <div class='ocr_carea' id='block_1_62' title="bbox 472 3426 2051 3498">
    <p class='ocr_par' dir='ltr' id='par_1_62' title="bbox 472 3426 2051 3498">
     <span class='ocr_line' id='line_1_62' title="bbox 472 3426 2051 3498; baseline -0.001 -14"><span class='ocrx_word' id='word_1_469' title='bbox 472 3430 797 3496; x_wconf 81' lang='lat' dir='ltr'><strong>sinceritate,</strong></span> <span class='ocrx_word' id='word_1_470' title='bbox 818 3427 1016 3498; x_wconf 90' lang='lat' dir='ltr'><strong>inquit,</strong></span> <span class='ocrx_word' id='word_1_471' title='bbox 1039 3427 1419 3498; x_wconf 62' lang='lat' dir='ltr'><strong>praedicamus,</strong></span> <span class='ocrx_word' id='word_1_472' title='bbox 1450 3426 1504 3481; x_wconf 95' lang='lat' dir='ltr'><strong>id</strong></span> <span class='ocrx_word' id='word_1_473' title='bbox 1530 3434 1701 3482; x_wconf 80' lang='lat' dir='ltr'><strong>estex</strong></span> <span class='ocrx_word' id='word_1_474' title='bbox 1737 3427 1975 3497; x_wconf 88' lang='lat' dir='ltr'><strong>puritate</strong></span> <span class='ocrx_word' id='word_1_475' title='bbox 1995 3436 2051 3483; x_wconf 92' lang='lat' dir='ltr'><strong>et</strong></span> 
     </span>
    </p>
   </div>
   <div class='ocr_carea' id='block_1_63' title="bbox 461 3519 2049 3596">
    <p class='ocr_par' dir='ltr' id='par_1_63' title="bbox 461 3519 2049 3596">
     <span class='ocr_line' id='line_1_63' title="bbox 461 3519 2049 3596; baseline -0.001 -18"><span class='ocrx_word' id='word_1_476' title='bbox 461 3523 732 3589; x_wconf 88' lang='lat' dir='ltr'><strong>veritate;</strong></span> <span class='ocrx_word' id='word_1_477' title='bbox 760 3521 852 3577; x_wconf 85' lang='lat' dir='ltr'><strong>sed</strong></span> <span class='ocrx_word' id='word_1_478' title='bbox 878 3523 1013 3577; x_wconf 82' lang='lat' dir='ltr'><strong>sicut</strong></span> <span class='ocrx_word' id='word_1_479' title='bbox 1053 3537 1116 3574; x_wconf 80' lang='lat' dir='ltr'><strong>ea:</strong></span> <span class='ocrx_word' id='word_1_480' title='bbox 1152 3519 1284 3586; x_wconf 88' lang='lat' dir='ltr'><strong>Deo,</strong></span> <span class='ocrx_word' id='word_1_481' title='bbox 1311 3519 1367 3575; x_wconf 93' lang='lat' dir='ltr'><strong>id</strong></span> <span class='ocrx_word' id='word_1_482' title='bbox 1406 3527 1502 3596; x_wconf 79' lang='lat' dir='ltr'><strong>est</strong></span> <span class='ocrx_word' id='word_1_483' title='bbox 1527 3533 1595 3575; x_wconf 82' lang='lat' dir='ltr'><strong>ex</strong></span> <span class='ocrx_word' id='word_1_484' title='bbox 1627 3519 1833 3590; x_wconf 89' lang='lat' dir='ltr'><strong>Spiritu</strong></span> <span class='ocrx_word' id='word_1_485' title='bbox 1861 3528 2049 3577; x_wconf 90' lang='lat' dir='ltr'><strong>sancto</strong></span> 
     </span>
    </p>
   </div>
   <div class='ocr_carea' id='block_1_64' title="bbox 461 3610 2049 3684">
    <p class='ocr_par' dir='ltr' id='par_1_64' title="bbox 461 3610 2049 3684">
     <span class='ocr_line' id='line_1_64' title="bbox 461 3610 2049 3684; baseline -0.001 -14"><span class='ocrx_word' id='word_1_486' title='bbox 461 3613 795 3684; x_wconf 88' lang='lat' dir='ltr'><strong>accepimus,</strong></span> <span class='ocrx_word' id='word_1_487' title='bbox 848 3612 924 3667; x_wconf 89' lang='lat' dir='ltr'><strong>ita</strong></span> <span class='ocrx_word' id='word_1_488' title='bbox 959 3611 1320 3683; x_wconf 71' lang='lat' dir='ltr'><strong>praedicamus</strong></span> <span class='ocrx_word' id='word_1_489' title='bbox 1377 3610 1505 3681; x_wconf 88' lang='lat' dir='ltr'><strong>quia</strong></span> <span class='ocrx_word' id='word_1_490' title='bbox 1534 3610 1695 3666; x_wconf 89' lang='lat' dir='ltr'><strong>unius</strong></span> <span class='ocrx_word' id='word_1_491' title='bbox 1734 3611 2049 3668; x_wconf 65' lang='lat' dir='ltr'><strong>substantiae</strong></span> 
     </span>
    </p>
   </div>
   <div class='ocr_carea' id='block_1_65' title="bbox 461 3702 2048 3770">
    <p class='ocr_par' dir='ltr' id='par_1_65' title="bbox 461 3702 2048 3770">
     <span class='ocr_line' id='line_1_65' title="bbox 461 3702 2048 3770; baseline -0.003 -8"><span class='ocrx_word' id='word_1_492' title='bbox 461 3705 708 3762; x_wconf 78' lang='lat' dir='ltr'><strong>existens</strong></span> <span class='ocrx_word' id='word_1_493' title='bbox 737 3720 859 3761; x_wconf 92' lang='lat' dir='ltr'><strong>cum</strong></span> <span class='ocrx_word' id='word_1_494' title='bbox 889 3703 1054 3761; x_wconf 89' lang='lat' dir='ltr'><strong>Patre</strong></span> <span class='ocrx_word' id='word_1_495' title='bbox 1102 3713 1156 3760; x_wconf 91' lang='lat' dir='ltr'><strong>et</strong></span> <span class='ocrx_word' id='word_1_496' title='bbox 1180 3702 1320 3760; x_wconf 87' lang='lat' dir='ltr'><strong>Filio</strong></span> <span class='ocrx_word' id='word_1_497' title='bbox 1357 3717 1497 3758; x_wconf 91' lang='lat' dir='ltr'><strong>unus</strong></span> <span class='ocrx_word' id='word_1_498' title='bbox 1534 3711 1620 3759; x_wconf 91' lang='lat' dir='ltr'><strong>est</strong></span> <span class='ocrx_word' id='word_1_499' title='bbox 1649 3704 1812 3770; x_wconf 88' lang='lat' dir='ltr'><strong>Deus,</strong></span> <span class='ocrx_word' id='word_1_500' title='bbox 1870 3720 2048 3758; x_wconf 89' lang='lat' dir='ltr'><strong>coram</strong></span> 
     </span>
    </p>
   </div>
   <div class='ocr_carea' id='block_1_66' title="bbox 460 3797 2048 3870">
    <p class='ocr_par' dir='ltr' id='par_1_66' title="bbox 460 3797 2048 3870">
     <span class='ocr_line' id='line_1_66' title="bbox 460 3797 2048 3870; baseline -0.001 -16"><span class='ocrx_word' id='word_1_501' title='bbox 460 3797 572 3854; x_wconf 86' lang='lat' dir='ltr'><strong>Deo</strong></span> <span class='ocrx_word' id='word_1_502' title='bbox 592 3799 848 3856; x_wconf 90' lang='lat' dir='ltr'><strong>subaudis</strong></span> <span class='ocrx_word' id='word_1_503' title='bbox 873 3798 1166 3870; x_wconf 90' lang='lat' dir='ltr'><strong>loquimur,</strong></span> <span class='ocrx_word' id='word_1_504' title='bbox 1193 3798 1249 3854; x_wconf 94' lang='lat' dir='ltr'><strong>id</strong></span> <span class='ocrx_word' id='word_1_505' title='bbox 1268 3804 1372 3864; x_wconf 88' lang='lat' dir='ltr'><strong>est,</strong></span> <span class='ocrx_word' id='word_1_506' title='bbox 1400 3797 1479 3853; x_wconf 90' lang='lat' dir='ltr'><strong>sic</strong></span> <span class='ocrx_word' id='word_1_507' title='bbox 1507 3797 1867 3868; x_wconf 60' lang='lat' dir='ltr'><strong>prmdicamus</strong></span> <span class='ocrx_word' id='word_1_508' title='bbox 1889 3797 2048 3866; x_wconf 90' lang='lat' dir='ltr'><strong>quasi</strong></span> 
     </span>
    </p>
   </div>
   <div class='ocr_carea' id='block_1_67' title="bbox 461 3890 2050 3969">
    <p class='ocr_par' dir='ltr' id='par_1_67' title="bbox 461 3890 2050 3969">
     <span class='ocr_line' id='line_1_67' title="bbox 461 3890 2050 3969; baseline -0.004 -17"><span class='ocrx_word' id='word_1_509' title='bbox 461 3895 516 3953; x_wconf 91' lang='lat' dir='ltr'><strong>in</strong></span> <span class='ocrx_word' id='word_1_510' title='bbox 564 3895 850 3969; x_wconf 56' lang='lat' dir='ltr'><strong>praesentia</strong></span> <span class='ocrx_word' id='word_1_511' title='bbox 887 3895 983 3952; x_wconf 90' lang='lat' dir='ltr'><strong>Dei</strong></span> <span class='ocrx_word' id='word_1_512' title='bbox 1019 3908 1235 3966; x_wconf 88' lang='lat' dir='ltr'><strong>semper</strong></span> <span class='ocrx_word' id='word_1_513' title='bbox 1278 3893 1448 3948; x_wconf 90' lang='lat' dir='ltr'><strong>simus</strong></span> <span class='ocrx_word' id='word_1_514' title='bbox 1492 3891 1674 3962; x_wconf 89' lang='lat' dir='ltr'><strong>positi,</strong></span> <span class='ocrx_word' id='word_1_515' title='bbox 1716 3899 1770 3947; x_wconf 92' lang='lat' dir='ltr'><strong>et</strong></span> <span class='ocrx_word' id='word_1_516' title='bbox 1820 3891 1937 3962; x_wconf 91' lang='lat' dir='ltr'><strong>ipse</strong></span> <span class='ocrx_word' id='word_1_517' title='bbox 1977 3890 2050 3946; x_wconf 89' lang='lat' dir='ltr'><strong>sit</strong></span> 
     </span>
    </p>
   </div>
   <div class='ocr_carea' id='block_1_68' title="bbox 463 3986 2049 4062">
    <p class='ocr_par' dir='ltr' id='par_1_68' title="bbox 463 3986 2049 4062">
     <span class='ocr_line' id='line_1_68' title="bbox 463 3986 2049 4062; baseline -0.004 -14"><span class='ocrx_word' id='word_1_518' title='bbox 463 3999 654 4049; x_wconf 88' lang='lat' dir='ltr'><strong>noster</strong></span> <span class='ocrx_word' id='word_1_519' title='bbox 699 3991 932 4062; x_wconf 87' lang='lat' dir='ltr'><strong>adjutor.</strong></span> <span class='ocrx_word' id='word_1_520' title='bbox 980 3987 1192 4046; x_wconf 85' lang='lat' dir='ltr'><strong>Revera</strong></span> <span class='ocrx_word' id='word_1_521' title='bbox 1227 3988 1372 4045; x_wconf 91' lang='lat' dir='ltr'><strong>enim</strong></span> <span class='ocrx_word' id='word_1_522' title='bbox 1415 3987 1533 4058; x_wconf 87' lang='lat' dir='ltr'><strong>ipse</strong></span> <span class='ocrx_word' id='word_1_523' title='bbox 1566 3986 1768 4056; x_wconf 91' lang='lat' dir='ltr'><strong>ubique</strong></span> <span class='ocrx_word' id='word_1_524' title='bbox 1807 4001 2049 4057; x_wconf 56' lang='lat' dir='ltr'><strong>praesens</strong></span> 
     </span>
    </p>
   </div>
   <div class='ocr_carea' id='block_1_69' title="bbox 447 4076 2048 4152">
    <p class='ocr_par' dir='ltr' id='par_1_69' title="bbox 447 4076 2048 4152">
     <span class='ocr_line' id='line_1_69' title="bbox 447 4076 2048 4152; baseline -0.005 -12"><span class='ocrx_word' id='word_1_525' title='bbox 447 4081 631 4140; x_wconf 74' lang='lat' dir='ltr'><strong>&#39;adest.</strong></span> <span class='ocrx_word' id='word_1_526' title='bbox 664 4079 734 4137; x_wconf 89' lang='lat' dir='ltr'><strong>In</strong></span> <span class='ocrx_word' id='word_1_527' title='bbox 761 4079 970 4138; x_wconf 81' lang='lat' dir='ltr'><strong>Christo</strong></span> <span class='ocrx_word' id='word_1_528' title='bbox 1011 4079 1454 4152; x_wconf 75' lang='lat' dir='ltr'><strong>Iesu-loquimur,</strong></span> <span class='ocrx_word' id='word_1_529' title='bbox 1484 4077 1541 4134; x_wconf 91' lang='lat' dir='ltr'><strong>id</strong></span> <span class='ocrx_word' id='word_1_530' title='bbox 1562 4086 1648 4134; x_wconf 84' lang='lat' dir='ltr'><strong>est</strong></span> <span class='ocrx_word' id='word_1_531' title='bbox 1672 4076 1743 4134; x_wconf 90' lang='lat' dir='ltr'><strong>ad</strong></span> <span class='ocrx_word' id='word_1_532' title='bbox 1780 4077 2048 4134; x_wconf 90' lang='lat' dir='ltr'><strong>honorem</strong></span> 
     </span>
    </p>
   </div>
   <div class='ocr_carea' id='block_1_70' title="bbox 459 4171 1441 4258">
    <p class='ocr_par' dir='ltr' id='par_1_70' title="bbox 459 4171 1441 4258">
     <span class='ocr_line' id='line_1_70' title="bbox 459 4171 1441 4258; baseline -0.006 -26"><span class='ocrx_word' id='word_1_533' title='bbox 459 4174 779 4252; x_wconf 66' lang='lat' dir='ltr'><strong>etgloriam.</strong></span> <span class='ocrx_word' id='word_1_534' title='bbox 797 4171 1004 4230; x_wconf 83' lang='lat' dir='ltr'><strong>Christi</strong></span> <span class='ocrx_word' id='word_1_535' title='bbox 1032 4171 1180 4256; x_wconf 63' lang='lat' dir='ltr'><strong>Iesu.</strong></span> <span class='ocrx_word' id='word_1_536' title='bbox 1245 4247 1262 4258; x_wconf 39' lang='grc' dir='ltr'><strong><em>ο</em></strong></span> <span class='ocrx_word' id='word_1_537' title='bbox 1430 4244 1441 4252; x_wconf 39' lang='grc'><strong>.</strong></span> 
     </span>
    </p>
   </div>
   <div class='ocr_carea' id='block_1_71' title="bbox 1087 4262 1432 4320">
    <p class='ocr_par' dir='ltr' id='par_1_71' title="bbox 1087 4262 1432 4320">
     <span class='ocr_line' id='line_1_71' title="bbox 1087 4262 1432 4320; baseline -0.006 0"><span class='ocrx_word' id='word_1_538' title='bbox 1087 4262 1316 4320; x_wconf 85' lang='lat' dir='ltr'><strong>CAPUT</strong></span> <span class='ocrx_word' id='word_1_539' title='bbox 1341 4262 1432 4318; x_wconf 85' lang='lat' dir='ltr'><strong>Ill.</strong></span> 
     </span>
    </p>
   </div>
   <div class='ocr_carea' id='block_1_72' title="bbox 534 4351 2051 4426">
    <p class='ocr_par' dir='ltr' id='par_1_72' title="bbox 534 4351 2051 4426">
     <span class='ocr_line' id='line_1_72' title="bbox 534 4351 2051 4426; baseline -0.001 -16"><span class='ocrx_word' id='word_1_540' title='bbox 534 4355 826 4426; x_wconf 85' lang='lat' dir='ltr'><strong>Incipimus</strong></span> <span class='ocrx_word' id='word_1_541' title='bbox 880 4356 1072 4410; x_wconf 86' lang='lat' dir='ltr'><strong>iterum</strong></span> <span class='ocrx_word' id='word_1_542' title='bbox 1139 4355 1480 4425; x_wconf 83' lang='lat' dir='ltr'><strong>nosmetipsos</strong></span> <span class='ocrx_word' id='word_1_543' title='bbox 1539 4353 1945 4410; x_wconf 79' lang='lat' dir='ltr'><strong>commendare?</strong></span> <span class='ocrx_word' id='word_1_544' title='bbox 1991 4351 2051 4408; x_wconf 89' lang='lat' dir='ltr'><strong>ld</strong></span> 
     </span>
    </p>
   </div>
   <div class='ocr_carea' id='block_1_73' title="bbox 463 4443 2051 4516">
    <p class='ocr_par' dir='ltr' id='par_1_73' title="bbox 463 4443 2051 4516">
     <span class='ocr_line' id='line_1_73' title="bbox 463 4443 2051 4516; baseline -0.004 -13"><span class='ocrx_word' id='word_1_545' title='bbox 463 4455 548 4503; x_wconf 88' lang='lat' dir='ltr'><strong>est</strong></span> <span class='ocrx_word' id='word_1_546' title='bbox 591 4445 835 4502; x_wconf 88' lang='lat' dir='ltr'><strong>laudare.</strong></span> <span class='ocrx_word' id='word_1_547' title='bbox 861 4443 1115 4516; x_wconf 85' lang='lat' dir='ltr'><strong>Nunquid</strong></span> <span class='ocrx_word' id='word_1_548' title='bbox 1145 4459 1252 4499; x_wconf 90' lang='lat' dir='ltr'><strong>non</strong></span> <span class='ocrx_word' id='word_1_549' title='bbox 1293 4459 1352 4499; x_wconf 90' lang='lat' dir='ltr'><strong>se</strong></span> <span class='ocrx_word' id='word_1_550' title='bbox 1395 4455 1451 4498; x_wconf 91' lang='lat' dir='ltr'><strong>et</strong></span> <span class='ocrx_word' id='word_1_551' title='bbox 1494 4443 1629 4500; x_wconf 90' lang='lat' dir='ltr'><strong>alios</strong></span> <span class='ocrx_word' id='word_1_552' title='bbox 1650 4444 1765 4516; x_wconf 87' lang='lat' dir='ltr'><strong>jam</strong></span> <span class='ocrx_word' id='word_1_553' title='bbox 1812 4443 2051 4500; x_wconf 89' lang='lat' dir='ltr'><strong>laudavit</strong></span> 
     </span>
    </p>
   </div>
   <div class='ocr_carea' id='block_1_74' title="bbox 462 4536 2051 4608">
    <p class='ocr_par' dir='ltr' id='par_1_74' title="bbox 462 4536 2051 4608">
     <span class='ocr_line' id='line_1_74' title="bbox 462 4536 2051 4608; baseline 0.001 -17"><span class='ocrx_word' id='word_1_554' title='bbox 462 4536 627 4608; x_wconf 89' lang='lat' dir='ltr'><strong>paulo</strong></span> <span class='ocrx_word' id='word_1_555' title='bbox 657 4537 940 4607; x_wconf 83' lang='lat' dir='ltr'><strong>superius?</strong></span> <span class='ocrx_word' id='word_1_556' title='bbox 962 4536 1114 4592; x_wconf 83' lang='lat' dir='ltr'><strong>Fecit</strong></span> <span class='ocrx_word' id='word_1_557' title='bbox 1155 4536 1340 4606; x_wconf 90' lang='lat' dir='ltr'><strong>utique</strong></span> <span class='ocrx_word' id='word_1_558' title='bbox 1379 4543 1435 4591; x_wconf 90' lang='lat' dir='ltr'><strong>et</strong></span> <span class='ocrx_word' id='word_1_559' title='bbox 1466 4537 1732 4608; x_wconf 82' lang='lat' dir='ltr'><strong>superius,</strong></span> <span class='ocrx_word' id='word_1_560' title='bbox 1767 4545 1824 4592; x_wconf 93' lang='lat' dir='ltr'><strong>et</strong></span> <span class='ocrx_word' id='word_1_561' title='bbox 1852 4536 2051 4592; x_wconf 92' lang='lat' dir='ltr'><strong>iterum</strong></span> 
     </span>
    </p>
   </div>
   <div class='ocr_carea' id='block_1_75' title="bbox 462 4628 2051 4702">
    <p class='ocr_par' dir='ltr' id='par_1_75' title="bbox 462 4628 2051 4702">
     <span class='ocr_line' id='line_1_75' title="bbox 462 4628 2051 4702; baseline -0.002 -15"><span class='ocrx_word' id='word_1_562' title='bbox 462 4631 654 4687; x_wconf 93' lang='lat' dir='ltr'><strong>istoin</strong></span> <span class='ocrx_word' id='word_1_563' title='bbox 692 4630 812 4686; x_wconf 92' lang='lat' dir='ltr'><strong>loco</strong></span> <span class='ocrx_word' id='word_1_564' title='bbox 840 4640 1002 4702; x_wconf 86' lang='lat' dir='ltr'><strong>atque</strong></span> <span class='ocrx_word' id='word_1_565' title='bbox 1047 4630 1102 4684; x_wconf 91' lang='lat' dir='ltr'><strong>in</strong></span> <span class='ocrx_word' id='word_1_566' title='bbox 1131 4628 1505 4700; x_wconf 84' lang='lat' dir='ltr'><strong>sequentibus.</strong></span> <span class='ocrx_word' id='word_1_567' title='bbox 1541 4629 1648 4684; x_wconf 87' lang='lat' dir='ltr'><strong>Sed</strong></span> <span class='ocrx_word' id='word_1_568' title='bbox 1683 4645 1804 4684; x_wconf 91' lang='lat' dir='ltr'><strong>cum</strong></span> <span class='ocrx_word' id='word_1_569' title='bbox 1835 4630 2051 4700; x_wconf 85' lang='lat' dir='ltr'><strong>sapien-</strong></span> 
     </span>
    </p>
   </div>
   <div class='ocr_carea' id='block_1_76' title="bbox 2149 3415 3745 3488">
    <p class='ocr_par' dir='ltr' id='par_1_76' title="bbox 2149 3415 3745 3488">
     <span class='ocr_line' id='line_1_76' title="bbox 2149 3415 3745 3488; baseline 0.005 -17"><span class='ocrx_word' id='word_1_570' title='bbox 2149 3415 2340 3488; x_wconf 84' lang='lat' dir='ltr'><strong>Moysi,</strong></span> <span class='ocrx_word' id='word_1_571' title='bbox 2379 3415 2470 3472; x_wconf 87' lang='lat' dir='ltr'><strong>sed</strong></span> <span class='ocrx_word' id='word_1_572' title='bbox 2510 3416 2568 3471; x_wconf 88' lang='lat' dir='ltr'><strong>in</strong></span> <span class='ocrx_word' id='word_1_573' title='bbox 2617 3416 2811 3472; x_wconf 89' lang='lat' dir='ltr'><strong>tabulis</strong></span> <span class='ocrx_word' id='word_1_574' title='bbox 2853 3418 3026 3474; x_wconf 81' lang='lat' dir='ltr'><strong>cordis</strong></span> <span class='ocrx_word' id='word_1_575' title='bbox 3066 3417 3388 3474; x_wconf 85' lang='lat' dir='ltr'><strong>carnalibus.</strong></span> <span class='ocrx_word' id='word_1_576' title='bbox 3431 3419 3745 3479; x_wconf 72' lang='lat' dir='ltr'><strong>Praevidens</strong></span> 
     </span>
    </p>
   </div>
   <div class='ocr_carea' id='block_1_77' title="bbox 2148 3508 3748 3582">
    <p class='ocr_par' dir='ltr' id='par_1_77' title="bbox 2148 3508 3748 3582">
     <span class='ocr_line' id='line_1_77' title="bbox 2148 3508 3748 3582; baseline 0.006 -17"><span class='ocrx_word' id='word_1_577' title='bbox 2148 3509 2492 3581; x_wconf 78' lang='lat' dir='ltr'><strong>omnipotens</strong></span> <span class='ocrx_word' id='word_1_578' title='bbox 2525 3508 2669 3566; x_wconf 90' lang='lat' dir='ltr'><strong>Deus</strong></span> <span class='ocrx_word' id='word_1_579' title='bbox 2694 3510 2953 3566; x_wconf 91' lang='lat' dir='ltr'><strong>duritiam</strong></span> <span class='ocrx_word' id='word_1_580' title='bbox 2990 3511 3173 3567; x_wconf 90' lang='lat' dir='ltr'><strong>cordis</strong></span> <span class='ocrx_word' id='word_1_581' title='bbox 3219 3511 3553 3582; x_wconf 73' lang='lat' dir='ltr'><strong>Judaeorum,</strong></span> <span class='ocrx_word' id='word_1_582' title='bbox 3594 3532 3748 3574; x_wconf 67' lang='lat' dir='ltr'><strong>em</strong></span> 
     </span>
    </p>
   </div>
   <div class='ocr_carea' id='block_1_78' title="bbox 2149 3600 3746 3678">
    <p class='ocr_par' dir='ltr' id='par_1_78' title="bbox 2149 3600 3746 3678">
     <span class='ocr_line' id='line_1_78' title="bbox 2149 3600 3746 3678; baseline 0.005 -23"><span class='ocrx_word' id='word_1_583' title='bbox 2149 3600 2273 3656; x_wconf 89' lang='lat' dir='ltr'><strong>dem</strong></span> <span class='ocrx_word' id='word_1_584' title='bbox 2312 3600 2488 3672; x_wconf 90' lang='lat' dir='ltr'><strong>legem</strong></span> <span class='ocrx_word' id='word_1_585' title='bbox 2525 3615 2690 3670; x_wconf 88' lang='lat' dir='ltr'><strong>quam</strong></span> <span class='ocrx_word' id='word_1_586' title='bbox 2735 3601 2816 3657; x_wconf 86' lang='lat' dir='ltr'><strong>eis</strong></span> <span class='ocrx_word' id='word_1_587' title='bbox 2849 3600 3034 3669; x_wconf 85' lang='lat' dir='ltr'><strong>dabat,</strong></span> <span class='ocrx_word' id='word_1_588' title='bbox 3090 3601 3144 3656; x_wconf 87' lang='lat' dir='ltr'><strong>in</strong></span> <span class='ocrx_word' id='word_1_589' title='bbox 3186 3601 3365 3674; x_wconf 87' lang='lat' dir='ltr'><strong>lapide</strong></span> <span class='ocrx_word' id='word_1_590' title='bbox 3404 3606 3648 3678; x_wconf 89' lang='lat' dir='ltr'><strong>scripsit,</strong></span> <span class='ocrx_word' id='word_1_591' title='bbox 3688 3617 3746 3663; x_wconf 90' lang='lat' dir='ltr'><strong>ut</strong></span> 
     </span>
    </p>
   </div>
   <div class='ocr_carea' id='block_1_79' title="bbox 2149 3692 3741 3768">
    <p class='ocr_par' dir='ltr' id='par_1_79' title="bbox 2149 3692 3741 3768">
     <span class='ocr_line' id='line_1_79' title="bbox 2149 3692 3741 3768; baseline 0.004 -20"><span class='ocrx_word' id='word_1_592' title='bbox 2149 3708 2247 3763; x_wconf 91' lang='lat' dir='ltr'><strong>per</strong></span> <span class='ocrx_word' id='word_1_593' title='bbox 2301 3692 2534 3763; x_wconf 90' lang='lat' dir='ltr'><strong>lapidem</strong></span> <span class='ocrx_word' id='word_1_594' title='bbox 2589 3692 2792 3749; x_wconf 88' lang='lat' dir='ltr'><strong>duritia</strong></span> <span class='ocrx_word' id='word_1_595' title='bbox 2841 3692 3024 3749; x_wconf 90' lang='lat' dir='ltr'><strong>cordis</strong></span> <span class='ocrx_word' id='word_1_596' title='bbox 3072 3693 3288 3750; x_wconf 87' lang='lat' dir='ltr'><strong>illorum</strong></span> <span class='ocrx_word' id='word_1_597' title='bbox 3341 3696 3741 3768; x_wconf 87' lang='lat' dir='ltr'><strong>designaretur.</strong></span> 
     </span>
    </p>
   </div>
   <div class='ocr_carea' id='block_1_80' title="bbox 2147 3785 3742 3863">
    <p class='ocr_par' dir='ltr' id='par_1_80' title="bbox 2147 3785 3742 3863">
     <span class='ocr_line' id='line_1_80' title="bbox 2147 3785 3742 3863; baseline 0.006 -22"><span class='ocrx_word' id='word_1_598' title='bbox 2147 3785 2254 3842; x_wconf 84' lang='lat' dir='ltr'><strong>Per</strong></span> <span class='ocrx_word' id='word_1_599' title='bbox 2283 3786 2492 3843; x_wconf 88' lang='lat' dir='ltr'><strong>tabulas</strong></span> <span class='ocrx_word' id='word_1_600' title='bbox 2521 3801 2651 3858; x_wconf 87' lang='lat' dir='ltr'><strong>ergo</strong></span> <span class='ocrx_word' id='word_1_601' title='bbox 2688 3786 2929 3858; x_wconf 88' lang='lat' dir='ltr'><strong>lapideas</strong></span> <span class='ocrx_word' id='word_1_602' title='bbox 2967 3789 3230 3846; x_wconf 91' lang='lat' dir='ltr'><strong>debemus</strong></span> <span class='ocrx_word' id='word_1_603' title='bbox 3257 3789 3569 3863; x_wconf 79' lang='lat' dir='ltr'><strong>intelligere</strong></span> <span class='ocrx_word' id='word_1_604' title='bbox 3607 3795 3742 3850; x_wconf 83' lang='lat' dir='ltr'><strong>dura</strong></span> 
     </span>
    </p>
   </div>
   <div class='ocr_carea' id='block_1_81' title="bbox 2149 3880 3742 3954">
    <p class='ocr_par' dir='ltr' id='par_1_81' title="bbox 2149 3880 3742 3954">
     <span class='ocr_line' id='line_1_81' title="bbox 2149 3880 3742 3954; baseline 0.005 -17"><span class='ocrx_word' id='word_1_605' title='bbox 2149 3880 2314 3937; x_wconf 86' lang='lat' dir='ltr'><strong>corda</strong></span> <span class='ocrx_word' id='word_1_606' title='bbox 2341 3881 2620 3936; x_wconf 85' lang='lat' dir='ltr'><strong>hominum</strong></span> <span class='ocrx_word' id='word_1_607' title='bbox 2659 3889 2714 3936; x_wconf 91' lang='lat' dir='ltr'><strong>et</strong></span> <span class='ocrx_word' id='word_1_608' title='bbox 2739 3880 3097 3949; x_wconf 90' lang='lat' dir='ltr'><strong>insensibilia,</strong></span> <span class='ocrx_word' id='word_1_609' title='bbox 3138 3883 3196 3938; x_wconf 92' lang='lat' dir='ltr'><strong>in</strong></span> <span class='ocrx_word' id='word_1_610' title='bbox 3223 3883 3424 3954; x_wconf 90' lang='lat' dir='ltr'><strong>quibus</strong></span> <span class='ocrx_word' id='word_1_611' title='bbox 3454 3903 3567 3943; x_wconf 89' lang='lat' dir='ltr'><strong>non</strong></span> <span class='ocrx_word' id='word_1_612' title='bbox 3610 3890 3742 3945; x_wconf 81' lang='lat' dir='ltr'><strong>scri-</strong></span> 
     </span>
    </p>
   </div>
   <div class='ocr_carea' id='block_1_82' title="bbox 2148 3971 3744 4047">
    <p class='ocr_par' dir='ltr' id='par_1_82' title="bbox 2148 3971 3744 4047">
     <span class='ocr_line' id='line_1_82' title="bbox 2148 3971 3744 4047; baseline 0.006 -18"><span class='ocrx_word' id='word_1_613' title='bbox 2148 3973 2297 4029; x_wconf 85' lang='lat' dir='ltr'><strong>bitur</strong></span> <span class='ocrx_word' id='word_1_614' title='bbox 2334 3971 2471 4028; x_wconf 88' lang='lat' dir='ltr'><strong>ﬁdes</strong></span> <span class='ocrx_word' id='word_1_615' title='bbox 2512 3971 2738 4039; x_wconf 89' lang='lat' dir='ltr'><strong>Christi,</strong></span> <span class='ocrx_word' id='word_1_616' title='bbox 2786 3973 2914 4044; x_wconf 90' lang='lat' dir='ltr'><strong>quia</strong></span> <span class='ocrx_word' id='word_1_617' title='bbox 2952 3974 3101 4030; x_wconf 90' lang='lat' dir='ltr'><strong>nulla</strong></span> <span class='ocrx_word' id='word_1_618' title='bbox 3138 3975 3549 4047; x_wconf 57' lang='lat' dir='ltr'><strong>pradicatione,</strong></span> <span class='ocrx_word' id='word_1_619' title='bbox 3581 3982 3744 4039; x_wconf 85' lang='lat' dir='ltr'><strong>nullis</strong></span> 
     </span>
    </p>
   </div>
   <div class='ocr_carea' id='block_1_83' title="bbox 2150 4066 3740 4144">
    <p class='ocr_par' dir='ltr' id='par_1_83' title="bbox 2150 4066 3740 4144">
     <span class='ocr_line' id='line_1_83' title="bbox 2150 4066 3740 4144; baseline 0.003 -20"><span class='ocrx_word' id='word_1_620' title='bbox 2150 4067 2451 4124; x_wconf 88' lang='lat' dir='ltr'><strong>terroribus</strong></span> <span class='ocrx_word' id='word_1_621' title='bbox 2471 4066 2704 4124; x_wconf 91' lang='lat' dir='ltr'><strong>emolliri</strong></span> <span class='ocrx_word' id='word_1_622' title='bbox 2720 4077 2970 4139; x_wconf 90' lang='lat' dir='ltr'><strong>possunt.</strong></span> <span class='ocrx_word' id='word_1_623' title='bbox 2999 4068 3103 4125; x_wconf 90' lang='lat' dir='ltr'><strong>Per</strong></span> <span class='ocrx_word' id='word_1_624' title='bbox 3124 4070 3230 4127; x_wconf 91' lang='lat' dir='ltr'><strong>hoc</strong></span> <span class='ocrx_word' id='word_1_625' title='bbox 3259 4086 3393 4128; x_wconf 84' lang='lat' dir='ltr'><strong>vero</strong></span> <span class='ocrx_word' id='word_1_626' title='bbox 3406 4074 3556 4144; x_wconf 91' lang='lat' dir='ltr'><strong>quod</strong></span> <span class='ocrx_word' id='word_1_627' title='bbox 3575 4074 3740 4131; x_wconf 83' lang='lat' dir='ltr'><strong>dicit:</strong></span> 
     </span>
    </p>
   </div>
   <div class='ocr_carea' id='block_1_84' title="bbox 2150 4159 3742 4242">
    <p class='ocr_par' dir='ltr' id='par_1_84' title="bbox 2150 4159 3742 4242">
     <span class='ocr_line' id='line_1_84' title="bbox 2150 4159 3742 4242; baseline 0.005 -24"><span class='ocrx_word' id='word_1_628' title='bbox 2150 4161 2258 4218; x_wconf 87' lang='lat' dir='ltr'><strong>Sed</strong></span> <span class='ocrx_word' id='word_1_629' title='bbox 2290 4162 2346 4215; x_wconf 86' lang='lat' dir='ltr'><strong>in</strong></span> <span class='ocrx_word' id='word_1_630' title='bbox 2368 4159 2562 4216; x_wconf 88' lang='lat' dir='ltr'><strong>tabulis</strong></span> <span class='ocrx_word' id='word_1_631' title='bbox 2591 4162 2765 4217; x_wconf 87' lang='lat' dir='ltr'><strong>cordis</strong></span> <span class='ocrx_word' id='word_1_632' title='bbox 2789 4161 3116 4230; x_wconf 81' lang='lat' dir='ltr'><strong>carnalibus,</strong></span> <span class='ocrx_word' id='word_1_633' title='bbox 3141 4163 3410 4222; x_wconf 87' lang='lat' dir='ltr'><strong>debemus</strong></span> <span class='ocrx_word' id='word_1_634' title='bbox 3437 4167 3742 4242; x_wconf 85' lang='lat' dir='ltr'><strong>intelligere</strong></span> 
     </span>
    </p>
   </div>
   <div class='ocr_carea' id='block_1_85' title="bbox 2149 4252 3741 4325">
    <p class='ocr_par' dir='ltr' id='par_1_85' title="bbox 2149 4252 3741 4325">
     <span class='ocr_line' id='line_1_85' title="bbox 2149 4252 3741 4325; baseline 0.004 -15"><span class='ocrx_word' id='word_1_635' title='bbox 2149 4269 2245 4310; x_wconf 91' lang='lat' dir='ltr'><strong>cor</strong></span> <span class='ocrx_word' id='word_1_636' title='bbox 2271 4253 2435 4310; x_wconf 92' lang='lat' dir='ltr'><strong>molle</strong></span> <span class='ocrx_word' id='word_1_637' title='bbox 2481 4261 2540 4309; x_wconf 90' lang='lat' dir='ltr'><strong>et</strong></span> <span class='ocrx_word' id='word_1_638' title='bbox 2585 4252 2867 4321; x_wconf 86' lang='lat' dir='ltr'><strong>sensibile,</strong></span> <span class='ocrx_word' id='word_1_639' title='bbox 2897 4255 3042 4325; x_wconf 92' lang='lat' dir='ltr'><strong>quod</strong></span> <span class='ocrx_word' id='word_1_640' title='bbox 3086 4256 3257 4312; x_wconf 90' lang='lat' dir='ltr'><strong>sentit</strong></span> <span class='ocrx_word' id='word_1_641' title='bbox 3300 4266 3359 4313; x_wconf 90' lang='lat' dir='ltr'><strong>et</strong></span> <span class='ocrx_word' id='word_1_642' title='bbox 3394 4256 3636 4316; x_wconf 80' lang='lat' dir='ltr'><strong>ﬂectitur</strong></span> <span class='ocrx_word' id='word_1_643' title='bbox 3675 4262 3741 4316; x_wconf 81' lang='lat' dir='ltr'><strong>ad</strong></span> 
     </span>
    </p>
   </div>
   <div class='ocr_carea' id='block_1_86' title="bbox 2149 4344 3739 4422">
    <p class='ocr_par' dir='ltr' id='par_1_86' title="bbox 2149 4344 3739 4422">
     <span class='ocr_line' id='line_1_86' title="bbox 2149 4344 3739 4422; baseline 0.004 -20"><span class='ocrx_word' id='word_1_644' title='bbox 2149 4345 2459 4413; x_wconf 91' lang='lat' dir='ltr'><strong>mollitiem,</strong></span> <span class='ocrx_word' id='word_1_645' title='bbox 2489 4353 2546 4401; x_wconf 91' lang='lat' dir='ltr'><strong>et</strong></span> <span class='ocrx_word' id='word_1_646' title='bbox 2572 4344 2825 4418; x_wconf 85' lang='lat' dir='ltr'><strong>intelligit</strong></span> <span class='ocrx_word' id='word_1_647' title='bbox 2851 4345 2996 4416; x_wconf 92' lang='lat' dir='ltr'><strong>quod</strong></span> <span class='ocrx_word' id='word_1_648' title='bbox 3034 4345 3258 4414; x_wconf 89' lang='lat' dir='ltr'><strong>dicitur,</strong></span> <span class='ocrx_word' id='word_1_649' title='bbox 3289 4349 3486 4422; x_wconf 90' lang='lat' dir='ltr'><strong>recipit</strong></span> <span class='ocrx_word' id='word_1_650' title='bbox 3513 4361 3574 4408; x_wconf 90' lang='lat' dir='ltr'><strong>et</strong></span> <span class='ocrx_word' id='word_1_651' title='bbox 3611 4368 3739 4408; x_wconf 79' lang='lat' dir='ltr'><strong>cou-</strong></span> 
     </span>
    </p>
   </div>
   <div class='ocr_carea' id='block_1_87' title="bbox 2152 4437 3741 4511">
    <p class='ocr_par' dir='ltr' id='par_1_87' title="bbox 2152 4437 3741 4511">
     <span class='ocr_line' id='line_1_87' title="bbox 2152 4437 3741 4511; baseline 0.006 -17"><span class='ocrx_word' id='word_1_652' title='bbox 2152 4439 2308 4504; x_wconf 91' lang='lat' dir='ltr'><strong>tinet,</strong></span> <span class='ocrx_word' id='word_1_653' title='bbox 2335 4439 2392 4494; x_wconf 89' lang='lat' dir='ltr'><strong>in</strong></span> <span class='ocrx_word' id='word_1_654' title='bbox 2414 4437 2612 4508; x_wconf 89' lang='lat' dir='ltr'><strong>quibus</strong></span> <span class='ocrx_word' id='word_1_655' title='bbox 2639 4437 2896 4494; x_wconf 89' lang='lat' dir='ltr'><strong>scribitur</strong></span> <span class='ocrx_word' id='word_1_656' title='bbox 2913 4438 3144 4510; x_wconf 90' lang='lat' dir='ltr'><strong>epistola</strong></span> <span class='ocrx_word' id='word_1_657' title='bbox 3169 4437 3397 4511; x_wconf 89' lang='lat' dir='ltr'><strong>Christi,</strong></span> <span class='ocrx_word' id='word_1_658' title='bbox 3430 4443 3487 4500; x_wconf 93' lang='lat' dir='ltr'><strong>id</strong></span> <span class='ocrx_word' id='word_1_659' title='bbox 3504 4454 3593 4502; x_wconf 89' lang='lat' dir='ltr'><strong>est</strong></span> <span class='ocrx_word' id='word_1_660' title='bbox 3608 4445 3741 4504; x_wconf 87' lang='lat' dir='ltr'><strong>ﬁdes</strong></span> 
     </span>
    </p>
   </div>
   <div class='ocr_carea' id='block_1_88' title="bbox 2151 4530 2666 4602">
    <p class='ocr_par' dir='ltr' id='par_1_88' title="bbox 2151 4530 2666 4602">
     <span class='ocr_line' id='line_1_88' title="bbox 2151 4530 2666 4602; baseline -0.002 -16"><span class='ocrx_word' id='word_1_661' title='bbox 2151 4530 2207 4586; x_wconf 92' lang='lat' dir='ltr'><strong>in</strong></span> <span class='ocrx_word' id='word_1_662' title='bbox 2223 4530 2431 4602; x_wconf 91' lang='lat' dir='ltr'><strong>Spiritu</strong></span> <span class='ocrx_word' id='word_1_663' title='bbox 2458 4538 2666 4588; x_wconf 90' lang='lat' dir='ltr'><strong>sancto.</strong></span> 
     </span>
    </p>
   </div>
   <div class='ocr_carea' id='block_1_89' title="bbox 2227 4622 3741 4698">
    <p class='ocr_par' dir='ltr' id='par_1_89' title="bbox 2227 4622 3741 4698">
     <span class='ocr_line' id='line_1_89' title="bbox 2227 4622 3741 4698; baseline 0.006 -21"><span class='ocrx_word' id='word_1_664' title='bbox 2227 4622 2512 4678; x_wconf 85' lang='lat' dir='ltr'><strong>Fiduciam</strong></span> <span class='ocrx_word' id='word_1_665' title='bbox 2575 4632 2753 4679; x_wconf 86' lang='lat' dir='ltr'><strong>autem</strong></span> <span class='ocrx_word' id='word_1_666' title='bbox 2791 4623 2951 4679; x_wconf 89' lang='lat' dir='ltr'><strong>talem</strong></span> <span class='ocrx_word' id='word_1_667' title='bbox 3020 4624 3272 4682; x_wconf 82' lang='lat' dir='ltr'><strong>habemus</strong></span> <span class='ocrx_word' id='word_1_668' title='bbox 3331 4645 3426 4698; x_wconf 87' lang='lat' dir='ltr'><strong>per</strong></span> <span class='ocrx_word' id='word_1_669' title='bbox 3476 4629 3741 4687; x_wconf 75' lang='lat' dir='ltr'><strong>Christum</strong></span> 
     </span>
    </p>
   </div>
   <div class='ocr_carea' id='block_1_90' title="bbox 463 4713 3742 4794">
    <p class='ocr_par' dir='ltr' id='par_1_90' title="bbox 463 4713 3742 4794">
     <span class='ocr_line' id='line_1_90' title="bbox 463 4713 3742 4794; baseline -0 -14"><span class='ocrx_word' id='word_1_670' title='bbox 463 4723 538 4780; x_wconf 88' lang='lat' dir='ltr'><strong>tia</strong></span> <span class='ocrx_word' id='word_1_671' title='bbox 584 4723 728 4780; x_wconf 87' lang='lat' dir='ltr'><strong>dicat</strong></span> <span class='ocrx_word' id='word_1_672' title='bbox 779 4737 878 4794; x_wconf 91' lang='lat' dir='ltr'><strong>per</strong></span> <span class='ocrx_word' id='word_1_673' title='bbox 930 4721 1276 4778; x_wconf 86' lang='lat' dir='ltr'><strong>Salomonem</strong></span> <span class='ocrx_word' id='word_1_674' title='bbox 1315 4719 1573 4779; x_wconf 49' lang='lat' dir='ltr'><strong>:‘Laudet</strong></span> <span class='ocrx_word' id='word_1_675' title='bbox 1617 4730 1666 4774; x_wconf 85' lang='lat' dir='ltr'><strong>te</strong></span> <span class='ocrx_word' id='word_1_676' title='bbox 1715 4719 1950 4787; x_wconf 86' lang='lat' dir='ltr'><strong>alienus,</strong></span> <span class='ocrx_word' id='word_1_677' title='bbox 1997 4730 2048 4775; x_wconf 91' lang='lat' dir='ltr'><strong>et</strong></span> <span class='ocrx_word' id='word_1_678' title='bbox 2079 4713 2130 4743; x_wconf 81' lang='grc' dir='ltr'><strong>ν</strong></span> <span class='ocrx_word' id='word_1_679' title='bbox 2156 4715 2225 4771; x_wconf 86' lang='lat' dir='ltr'><strong>ad</strong></span> <span class='ocrx_word' id='word_1_680' title='bbox 2277 4713 2464 4770; x_wconf 90' lang='lat' dir='ltr'><strong>Deum.</strong></span> <span class='ocrx_word' id='word_1_681' title='bbox 2502 4713 2562 4770; x_wconf 87' lang='lat' dir='ltr'><strong>In</strong></span> <span class='ocrx_word' id='word_1_682' title='bbox 2585 4715 2690 4772; x_wconf 88' lang='lat' dir='ltr'><strong>hac</strong></span> <span class='ocrx_word' id='word_1_683' title='bbox 2730 4715 2964 4772; x_wconf 91' lang='lat' dir='ltr'><strong>lectione</strong></span> <span class='ocrx_word' id='word_1_684' title='bbox 2988 4715 3104 4772; x_wconf 90' lang='lat' dir='ltr'><strong>vult</strong></span> <span class='ocrx_word' id='word_1_685' title='bbox 3149 4717 3443 4791; x_wconf 86' lang='lat' dir='ltr'><strong>Apostolus</strong></span> <span class='ocrx_word' id='word_1_686' title='bbox 3493 4722 3742 4778; x_wconf 76' lang='lat' dir='ltr'><strong>diﬁ‘eren-</strong></span> 
     </span>
    </p>
   </div>
   <div class='ocr_carea' id='block_1_91' title="bbox 464 4810 2045 4886">
    <p class='ocr_par' dir='ltr' id='par_1_91' title="bbox 464 4810 2045 4886">
     <span class='ocr_line' id='line_1_91' title="bbox 464 4810 2045 4886; baseline -0.003 -15"><span class='ocrx_word' id='word_1_687' title='bbox 464 4831 568 4871; x_wconf 88' lang='lat' dir='ltr'><strong>non</strong></span> <span class='ocrx_word' id='word_1_688' title='bbox 597 4832 653 4870; x_wconf 88' lang='lat' dir='ltr'><strong>os</strong></span> <span class='ocrx_word' id='word_1_689' title='bbox 678 4825 826 4870; x_wconf 89' lang='lat' dir='ltr'><strong>tuum</strong></span> <span class='ocrx_word' id='word_1_690' title='bbox 865 4810 1046 4886; x_wconf 85' lang='lat' dir='ltr'><strong>(Prov.</strong></span> <span class='ocrx_word' id='word_1_691' title='bbox 1070 4814 1268 4886; x_wconf 77' lang='lat' dir='ltr'><strong>xxvii),</strong></span> <span class='ocrx_word' id='word_1_692' title='bbox 1317 4827 1488 4883; x_wconf 87' lang='lat' dir='ltr'><strong>quare</strong></span> <span class='ocrx_word' id='word_1_693' title='bbox 1514 4827 1573 4867; x_wconf 92' lang='lat' dir='ltr'><strong>se</strong></span> <span class='ocrx_word' id='word_1_694' title='bbox 1618 4811 1862 4867; x_wconf 91' lang='lat' dir='ltr'><strong>laudabit</strong></span> <span class='ocrx_word' id='word_1_695' title='bbox 1897 4812 2045 4884; x_wconf 86' lang='lat' dir='ltr'><strong>Apo-</strong></span> 
     </span>
    </p>
   </div>
   <div class='ocr_carea' id='block_1_92' title="bbox 460 4903 2050 4964">
    <p class='ocr_par' dir='ltr' id='par_1_92' title="bbox 460 4903 2050 4964">
     <span class='ocr_line' id='line_1_92' title="bbox 460 4903 2050 4964; baseline -0.001 -1"><span class='ocrx_word' id='word_1_696' title='bbox 460 4907 667 4964; x_wconf 86' lang='lat' dir='ltr'><strong>stolus?</strong></span> <span class='ocrx_word' id='word_1_697' title='bbox 710 4907 978 4962; x_wconf 90' lang='lat' dir='ltr'><strong>Nimirum</strong></span> <span class='ocrx_word' id='word_1_698' title='bbox 1037 4905 1245 4961; x_wconf 92' lang='lat' dir='ltr'><strong>idcirco</strong></span> <span class='ocrx_word' id='word_1_699' title='bbox 1298 4913 1358 4960; x_wconf 92' lang='lat' dir='ltr'><strong>ut</strong></span> <span class='ocrx_word' id='word_1_700' title='bbox 1406 4903 1720 4960; x_wconf 89' lang='lat' dir='ltr'><strong>Corinthios</strong></span> <span class='ocrx_word' id='word_1_701' title='bbox 1749 4905 1818 4960; x_wconf 92' lang='lat' dir='ltr'><strong>ab</strong></span> <span class='ocrx_word' id='word_1_702' title='bbox 1864 4920 2050 4961; x_wconf 90' lang='lat' dir='ltr'><strong>amore</strong></span> 
     </span>
    </p>
   </div>
   <div class='ocr_carea' id='block_1_93' title="bbox 463 4997 2044 5072">
    <p class='ocr_par' dir='ltr' id='par_1_93' title="bbox 463 4997 2044 5072">
     <span class='ocr_line' id='line_1_93' title="bbox 463 4997 2044 5072; baseline -0.003 -15"><span class='ocrx_word' id='word_1_703' title='bbox 463 4998 1039 5072; x_wconf 88' lang='lat' dir='ltr'><strong>pseudoapostolorum</strong></span> <span class='ocrx_word' id='word_1_704' title='bbox 1084 4997 1389 5054; x_wconf 89' lang='lat' dir='ltr'><strong>retraheret</strong></span> <span class='ocrx_word' id='word_1_705' title='bbox 1450 4997 1517 5052; x_wconf 84' lang='lat' dir='ltr'><strong>ad</strong></span> <span class='ocrx_word' id='word_1_706' title='bbox 1569 5012 1728 5054; x_wconf 86' lang='lat' dir='ltr'><strong>suum</strong></span> <span class='ocrx_word' id='word_1_707' title='bbox 1784 5011 2044 5064; x_wconf 84' lang='lat' dir='ltr'><strong>amorem,</strong></span> 
     </span>
    </p>
   </div>
   <div class='ocr_carea' id='block_1_94' title="bbox 463 5092 2048 5166">
    <p class='ocr_par' dir='ltr' id='par_1_94' title="bbox 463 5092 2048 5166">
     <span class='ocr_line' id='line_1_94' title="bbox 463 5092 2048 5166; baseline -0.001 -16"><span class='ocrx_word' id='word_1_708' title='bbox 463 5096 802 5166; x_wconf 84' lang='lat' dir='ltr'><strong>aliorumque</strong></span> <span class='ocrx_word' id='word_1_709' title='bbox 856 5094 1220 5150; x_wconf 89' lang='lat' dir='ltr'><strong>veridicorum</strong></span> <span class='ocrx_word' id='word_1_710' title='bbox 1257 5092 1646 5165; x_wconf 89' lang='lat' dir='ltr'><strong>apostolorum.</strong></span> <span class='ocrx_word' id='word_1_711' title='bbox 1680 5095 1784 5149; x_wconf 83' lang='lat' dir='ltr'><strong>Aut</strong></span> <span class='ocrx_word' id='word_1_712' title='bbox 1812 5093 2048 5165; x_wconf 84' lang='lat' dir='ltr'><strong>nunquid</strong></span> 
     </span>
    </p>
   </div>
   <div class='ocr_carea' id='block_1_95' title="bbox 463 5185 2052 5258">
    <p class='ocr_par' dir='ltr' id='par_1_95' title="bbox 463 5185 2052 5258">
     <span class='ocr_line' id='line_1_95' title="bbox 463 5185 2052 5258; baseline 0.001 -19"><span class='ocrx_word' id='word_1_713' title='bbox 463 5203 672 5256; x_wconf 88' lang='lat' dir='ltr'><strong>egemus</strong></span> <span class='ocrx_word' id='word_1_714' title='bbox 694 5185 828 5242; x_wconf 88' lang='lat' dir='ltr'><strong>sicut</strong></span> <span class='ocrx_word' id='word_1_715' title='bbox 855 5185 1072 5257; x_wconf 90' lang='lat' dir='ltr'><strong>quidam</strong></span> <span class='ocrx_word' id='word_1_716' title='bbox 1099 5186 1540 5241; x_wconf 86' lang='lat' dir='ltr'><strong>commendatitiis</strong></span> <span class='ocrx_word' id='word_1_717' title='bbox 1579 5185 1861 5258; x_wconf 59' lang='lat' dir='ltr'><strong>epistolist?</strong></span> <span class='ocrx_word' id='word_1_718' title='bbox 1889 5186 1944 5241; x_wconf 89' lang='lat' dir='ltr'><strong>ld</strong></span> <span class='ocrx_word' id='word_1_719' title='bbox 1965 5193 2052 5241; x_wconf 89' lang='lat' dir='ltr'><strong>est</strong></span> 
     </span>
    </p>
   </div>
   <div class='ocr_carea' id='block_1_96' title="bbox 465 5273 2082 5351">
    <p class='ocr_par' dir='ltr' id='par_1_96' title="bbox 465 5273 2082 5351">
     <span class='ocr_line' id='line_1_96' title="bbox 465 5273 2082 5351; baseline 0.001 -21"><span class='ocrx_word' id='word_1_720' title='bbox 465 5276 784 5344; x_wconf 88' lang='lat' dir='ltr'><strong>laudatitiis,</strong></span> <span class='ocrx_word' id='word_1_721' title='bbox 813 5291 934 5348; x_wconf 69' lang='lat' dir='ltr'><strong>quae</strong></span> <span class='ocrx_word' id='word_1_722' title='bbox 961 5274 1030 5330; x_wconf 90' lang='lat' dir='ltr'><strong>ab</strong></span> <span class='ocrx_word' id='word_1_723' title='bbox 1055 5273 1178 5332; x_wconf 91' lang='lat' dir='ltr'><strong>aliis</strong></span> <span class='ocrx_word' id='word_1_724' title='bbox 1199 5277 1448 5348; x_wconf 88' lang='lat' dir='ltr'><strong>gentibus</strong></span> <span class='ocrx_word' id='word_1_725' title='bbox 1476 5287 1533 5334; x_wconf 92' lang='lat' dir='ltr'><strong>et</strong></span> <span class='ocrx_word' id='word_1_726' title='bbox 1563 5277 1840 5344; x_wconf 84' lang='lat' dir='ltr'><strong>Ecclesiis,</strong></span> <span class='ocrx_word' id='word_1_727' title='bbox 1866 5278 1936 5332; x_wconf 88' lang='lat' dir='ltr'><strong>ad</strong></span> <span class='ocrx_word' id='word_1_728' title='bbox 1958 5294 2048 5333; x_wconf 81' lang='lat' dir='ltr'><strong>vos</strong></span> <span class='ocrx_word' id='word_1_729' title='bbox 2080 5349 2082 5351; x_wconf 4' lang='lat' dir='ltr'><strong>g</strong></span> 
     </span>
    </p>
   </div>
   <div class='ocr_carea' id='block_1_97' title="bbox 464 5370 2048 5443">
    <p class='ocr_par' dir='ltr' id='par_1_97' title="bbox 464 5370 2048 5443">
     <span class='ocr_line' id='line_1_97' title="bbox 464 5370 2048 5443; baseline 0.002 -17"><span class='ocrx_word' id='word_1_730' title='bbox 464 5372 772 5438; x_wconf 88' lang='lat' dir='ltr'><strong>mittantur,</strong></span> <span class='ocrx_word' id='word_1_731' title='bbox 813 5378 906 5425; x_wconf 89' lang='lat' dir='ltr'><strong>aut</strong></span> <span class='ocrx_word' id='word_1_732' title='bbox 940 5388 970 5424; x_wconf 91' lang='lat' dir='ltr'><strong>a</strong></span> <span class='ocrx_word' id='word_1_733' title='bbox 993 5370 1132 5425; x_wconf 81' lang='lat' dir='ltr'><strong>vobis</strong></span> <span class='ocrx_word' id='word_1_734' title='bbox 1163 5371 1230 5426; x_wconf 89' lang='lat' dir='ltr'><strong>ad</strong></span> <span class='ocrx_word' id='word_1_735' title='bbox 1261 5371 1416 5438; x_wconf 86' lang='lat' dir='ltr'><strong>alias,</strong></span> <span class='ocrx_word' id='word_1_736' title='bbox 1457 5389 1577 5443; x_wconf 78' lang='lat' dir='ltr'><strong>qua:</strong></span> <span class='ocrx_word' id='word_1_737' title='bbox 1610 5373 1767 5427; x_wconf 88' lang='lat' dir='ltr'><strong>vobis</strong></span> <span class='ocrx_word' id='word_1_738' title='bbox 1807 5373 2048 5429; x_wconf 90' lang='lat' dir='ltr'><strong>testimo-</strong></span> 
     </span>
    </p>
   </div>
   <div class='ocr_carea' id='block_1_98' title="bbox 465 5463 2044 5535">
    <p class='ocr_par' dir='ltr' id='par_1_98' title="bbox 465 5463 2044 5535">
     <span class='ocr_line' id='line_1_98' title="bbox 465 5463 2044 5535; baseline -0.001 -16"><span class='ocrx_word' id='word_1_739' title='bbox 465 5463 612 5519; x_wconf 90' lang='lat' dir='ltr'><strong>nium</strong></span> <span class='ocrx_word' id='word_1_740' title='bbox 645 5463 821 5519; x_wconf 87' lang='lat' dir='ltr'><strong>laudis</strong></span> <span class='ocrx_word' id='word_1_741' title='bbox 845 5470 900 5518; x_wconf 92' lang='lat' dir='ltr'><strong>et</strong></span> <span class='ocrx_word' id='word_1_742' title='bbox 928 5463 1234 5519; x_wconf 86' lang='lat' dir='ltr'><strong>sanctitatis</strong></span> <span class='ocrx_word' id='word_1_743' title='bbox 1275 5463 1612 5535; x_wconf 88' lang='lat' dir='ltr'><strong>perhibeant,</strong></span> <span class='ocrx_word' id='word_1_744' title='bbox 1644 5463 1779 5517; x_wconf 87' lang='lat' dir='ltr'><strong>sicut</strong></span> <span class='ocrx_word' id='word_1_745' title='bbox 1805 5463 2044 5534; x_wconf 86' lang='lat' dir='ltr'><strong>quidam,</strong></span> 
     </span>
    </p>
   </div>
   <div class='ocr_carea' id='block_1_99' title="bbox 463 5552 2044 5626">
    <p class='ocr_par' dir='ltr' id='par_1_99' title="bbox 463 5552 2044 5626">
     <span class='ocr_line' id='line_1_99' title="bbox 463 5552 2044 5626; baseline 0.001 -17"><span class='ocrx_word' id='word_1_746' title='bbox 463 5554 722 5609; x_wconf 89' lang='lat' dir='ltr'><strong>subaudis</strong></span> <span class='ocrx_word' id='word_1_747' title='bbox 745 5552 973 5621; x_wconf 84' lang='lat' dir='ltr'><strong>faciunt,</strong></span> <span class='ocrx_word' id='word_1_748' title='bbox 1003 5553 1208 5622; x_wconf 90' lang='lat' dir='ltr'><strong>pseudo</strong></span> <span class='ocrx_word' id='word_1_749' title='bbox 1230 5555 1480 5611; x_wconf 90' lang='lat' dir='ltr'><strong>videlicet</strong></span> <span class='ocrx_word' id='word_1_750' title='bbox 1513 5553 1742 5626; x_wconf 90' lang='lat' dir='ltr'><strong>apostoli</strong></span> <span class='ocrx_word' id='word_1_751' title='bbox 1771 5563 1826 5610; x_wconf 89' lang='lat' dir='ltr'><strong>et</strong></span> <span class='ocrx_word' id='word_1_752' title='bbox 1853 5553 2044 5623; x_wconf 58' lang='lat' dir='ltr'><strong>Judaei,</strong></span> 
     </span>
    </p>
   </div>
   <div class='ocr_carea' id='block_1_100' title="bbox 461 5642 2049 5717">
    <p class='ocr_par' dir='ltr' id='par_1_100' title="bbox 461 5642 2049 5717">
     <span class='ocr_line' id='line_1_100' title="bbox 461 5642 2049 5717; baseline 0.003 -20"><span class='ocrx_word' id='word_1_753' title='bbox 461 5642 557 5715; x_wconf 94' lang='lat' dir='ltr'><strong>qui</strong></span> <span class='ocrx_word' id='word_1_754' title='bbox 599 5643 872 5715; x_wconf 88' lang='lat' dir='ltr'><strong>accipiunt</strong></span> <span class='ocrx_word' id='word_1_755' title='bbox 911 5660 942 5699; x_wconf 93' lang='lat' dir='ltr'><strong>a</strong></span> <span class='ocrx_word' id='word_1_756' title='bbox 974 5648 1168 5702; x_wconf 78' lang='lat' dir='ltr'><strong>scribis</strong></span> <span class='ocrx_word' id='word_1_757' title='bbox 1197 5653 1254 5701; x_wconf 91' lang='lat' dir='ltr'><strong>et</strong></span> <span class='ocrx_word' id='word_1_758' title='bbox 1280 5645 1572 5702; x_wconf 70' lang='lat' dir='ltr'><strong>Pbarisaeis</strong></span> <span class='ocrx_word' id='word_1_759' title='bbox 1595 5645 2049 5717; x_wconf 87' lang='lat' dir='ltr'><strong>pontiﬁcibusque</strong></span> 
     </span>
    </p>
   </div>
   <div class='ocr_carea' id='block_1_101' title="bbox 462 5731 2050 5810">
    <p class='ocr_par' dir='ltr' id='par_1_101' title="bbox 462 5731 2050 5810">
     <span class='ocr_line' id='line_1_101' title="bbox 462 5731 2050 5810; baseline 0.001 -19"><span class='ocrx_word' id='word_1_760' title='bbox 462 5731 774 5792; x_wconf 67' lang='lat' dir='ltr'><strong>Judteorum</strong></span> <span class='ocrx_word' id='word_1_761' title='bbox 816 5732 1076 5810; x_wconf 87' lang='lat' dir='ltr'><strong>epistolas</strong></span> <span class='ocrx_word' id='word_1_762' title='bbox 1124 5737 1460 5804; x_wconf 88' lang='lat' dir='ltr'><strong>laudatitias,</strong></span> <span class='ocrx_word' id='word_1_763' title='bbox 1507 5745 1566 5793; x_wconf 94' lang='lat' dir='ltr'><strong>ut</strong></span> <span class='ocrx_word' id='word_1_764' title='bbox 1608 5752 1710 5809; x_wconf 89' lang='lat' dir='ltr'><strong>pro</strong></span> <span class='ocrx_word' id='word_1_765' title='bbox 1756 5737 1964 5794; x_wconf 89' lang='lat' dir='ltr'><strong>sanctis</strong></span> <span class='ocrx_word' id='word_1_766' title='bbox 1990 5745 2050 5793; x_wconf 90' lang='lat' dir='ltr'><strong>et</strong></span> 
     </span>
    </p>
   </div>
   <div class='ocr_carea' id='block_1_102' title="bbox 461 5831 2048 5906">
    <p class='ocr_par' dir='ltr' id='par_1_102' title="bbox 461 5831 2048 5906">
     <span class='ocr_line' id='line_1_102' title="bbox 461 5831 2048 5906; baseline -0.001 -14"><span class='ocrx_word' id='word_1_767' title='bbox 461 5831 734 5906; x_wconf 88' lang='lat' dir='ltr'><strong>religiosis</strong></span> <span class='ocrx_word' id='word_1_768' title='bbox 787 5850 820 5891; x_wconf 89' lang='lat' dir='ltr'><strong>a</strong></span> <span class='ocrx_word' id='word_1_769' title='bbox 866 5834 1322 5893; x_wconf 65' lang='lat' dir='ltr'><strong>Pratdicatoribus</strong></span> <span class='ocrx_word' id='word_1_770' title='bbox 1357 5834 1716 5892; x_wconf 78' lang='lat' dir='ltr'><strong>habeantur?</strong></span> <span class='ocrx_word' id='word_1_771' title='bbox 1745 5834 1865 5892; x_wconf 85' lang='lat' dir='ltr'><strong>Non</strong></span> <span class='ocrx_word' id='word_1_772' title='bbox 1905 5835 2048 5892; x_wconf 82' lang='lat' dir='ltr'><strong>indi-</strong></span> 
     </span>
    </p>
   </div>
   <div class='ocr_carea' id='block_1_103' title="bbox 459 5927 2046 6002">
    <p class='ocr_par' dir='ltr' id='par_1_103' title="bbox 459 5927 2046 6002">
     <span class='ocr_line' id='line_1_103' title="bbox 459 5927 2046 6002; baseline 0.001 -17"><span class='ocrx_word' id='word_1_773' title='bbox 459 5941 653 6002; x_wconf 74' lang='lat' dir='ltr'><strong>gamus</strong></span> <span class='ocrx_word' id='word_1_774' title='bbox 681 5935 866 5986; x_wconf 85' lang='lat' dir='ltr'><strong>vestra</strong></span> <span class='ocrx_word' id='word_1_775' title='bbox 889 5927 1069 6000; x_wconf 89' lang='lat' dir='ltr'><strong>laude,</strong></span> <span class='ocrx_word' id='word_1_776' title='bbox 1097 5943 1273 6002; x_wconf 85' lang='lat' dir='ltr'><strong>neque</strong></span> <span class='ocrx_word' id='word_1_777' title='bbox 1295 5928 1538 6001; x_wconf 88' lang='lat' dir='ltr'><strong>epistolis</strong></span> <span class='ocrx_word' id='word_1_778' title='bbox 1575 5928 1879 5989; x_wconf 86' lang='lat' dir='ltr'><strong>laudatitiis</strong></span> <span class='ocrx_word' id='word_1_779' title='bbox 1923 5944 2046 6001; x_wconf 79' lang='lat' dir='ltr'><strong>quae</strong></span> 
     </span>
    </p>
   </div>
   <div class='ocr_carea' id='block_1_104' title="bbox 2153 4807 3765 4884">
    <p class='ocr_par' dir='ltr' id='par_1_104' title="bbox 2153 4807 3765 4884">
     <span class='ocr_line' id='line_1_104' title="bbox 2153 4807 3765 4884; baseline 0.004 -20"><span class='ocrx_word' id='word_1_780' title='bbox 2153 4808 2286 4864; x_wconf 88' lang='lat' dir='ltr'><strong>tiam</strong></span> <span class='ocrx_word' id='word_1_781' title='bbox 2308 4815 2366 4864; x_wconf 89' lang='lat' dir='ltr'><strong>et</strong></span> <span class='ocrx_word' id='word_1_782' title='bbox 2403 4807 2720 4864; x_wconf 87' lang='lat' dir='ltr'><strong>distantiam</strong></span> <span class='ocrx_word' id='word_1_783' title='bbox 2740 4808 2928 4868; x_wconf 72' lang='lat' dir='ltr'><strong>facere</strong></span> <span class='ocrx_word' id='word_1_784' title='bbox 2962 4809 3108 4865; x_wconf 90' lang='lat' dir='ltr'><strong>inter</strong></span> <span class='ocrx_word' id='word_1_785' title='bbox 3128 4808 3349 4883; x_wconf 77' lang='lat' dir='ltr'><strong>Moysen</strong></span> <span class='ocrx_word' id='word_1_786' title='bbox 3376 4812 3765 4884; x_wconf 76' lang='lat' dir='ltr'><strong>legislatoreln</strong></span> 
     </span>
    </p>
   </div>
   <div class='ocr_carea' id='block_1_105' title="bbox 2153 4898 3743 4976">
    <p class='ocr_par' dir='ltr' id='par_1_105' title="bbox 2153 4898 3743 4976">
     <span class='ocr_line' id='line_1_105' title="bbox 2153 4898 3743 4976; baseline 0.006 -21"><span class='ocrx_word' id='word_1_787' title='bbox 2153 4907 2211 4955; x_wconf 93' lang='lat' dir='ltr'><strong>et</strong></span> <span class='ocrx_word' id='word_1_788' title='bbox 2261 4898 2538 4956; x_wconf 87' lang='lat' dir='ltr'><strong>Christum</strong></span> <span class='ocrx_word' id='word_1_789' title='bbox 2583 4899 2829 4957; x_wconf 83' lang='lat' dir='ltr'><strong>datorem</strong></span> <span class='ocrx_word' id='word_1_790' title='bbox 2895 4900 3212 4974; x_wconf 82' lang='lat' dir='ltr'><strong>Evangelii,</strong></span> <span class='ocrx_word' id='word_1_791' title='bbox 3263 4903 3410 4960; x_wconf 90' lang='lat' dir='ltr'><strong>inter</strong></span> <span class='ocrx_word' id='word_1_792' title='bbox 3460 4905 3636 4976; x_wconf 88' lang='lat' dir='ltr'><strong>legem</strong></span> <span class='ocrx_word' id='word_1_793' title='bbox 3689 4918 3743 4963; x_wconf 82' lang='lat' dir='ltr'><strong>et</strong></span> 
     </span>
    </p>
   </div>
   <div class='ocr_carea' id='block_1_106' title="bbox 2153 4991 3742 5070">
    <p class='ocr_par' dir='ltr' id='par_1_106' title="bbox 2153 4991 3742 5070">
     <span class='ocr_line' id='line_1_106' title="bbox 2153 4991 3742 5070; baseline 0.004 -24"><span class='ocrx_word' id='word_1_794' title='bbox 2153 4991 2528 5062; x_wconf 85' lang='lat' dir='ltr'><strong>Evangelium,</strong></span> <span class='ocrx_word' id='word_1_795' title='bbox 2582 4992 2726 5049; x_wconf 91' lang='lat' dir='ltr'><strong>inter</strong></span> <span class='ocrx_word' id='word_1_796' title='bbox 2757 4993 3007 5050; x_wconf 81' lang='lat' dir='ltr'><strong>doctOres</strong></span> <span class='ocrx_word' id='word_1_797' title='bbox 3057 4994 3194 5065; x_wconf 89' lang='lat' dir='ltr'><strong>legis</strong></span> <span class='ocrx_word' id='word_1_798' title='bbox 3238 5003 3296 5050; x_wconf 86' lang='lat' dir='ltr'><strong>et</strong></span> <span class='ocrx_word' id='word_1_799' title='bbox 3345 4996 3628 5070; x_wconf 84' lang='lat' dir='ltr'><strong>Evangelii</strong></span> <span class='ocrx_word' id='word_1_800' title='bbox 3655 5009 3742 5054; x_wconf 83' lang='lat' dir='ltr'><strong>:et</strong></span> 
     </span>
    </p>
   </div>
   <div class='ocr_carea' id='block_1_107' title="bbox 2155 5085 3802 5164">
    <p class='ocr_par' dir='ltr' id='par_1_107' title="bbox 2155 5085 3802 5164">
     <span class='ocr_line' id='line_1_107' title="bbox 2155 5085 3802 5164; baseline 0.005 -23"><span class='ocrx_word' id='word_1_801' title='bbox 2155 5085 2394 5141; x_wconf 91' lang='lat' dir='ltr'><strong>ostendit</strong></span> <span class='ocrx_word' id='word_1_802' title='bbox 2428 5085 2555 5157; x_wconf 93' lang='lat' dir='ltr'><strong>quia</strong></span> <span class='ocrx_word' id='word_1_803' title='bbox 2595 5096 2800 5157; x_wconf 87' lang='lat' dir='ltr'><strong>quanta</strong></span> <span class='ocrx_word' id='word_1_804' title='bbox 2843 5088 3100 5144; x_wconf 87' lang='lat' dir='ltr'><strong>distantia</strong></span> <span class='ocrx_word' id='word_1_805' title='bbox 3129 5097 3214 5144; x_wconf 93' lang='lat' dir='ltr'><strong>est</strong></span> <span class='ocrx_word' id='word_1_806' title='bbox 3253 5089 3398 5146; x_wconf 89' lang='lat' dir='ltr'><strong>inter</strong></span> <span class='ocrx_word' id='word_1_807' title='bbox 3441 5091 3664 5164; x_wconf 77' lang='lat' dir='ltr'><strong>Moysen</strong></span> <span class='ocrx_word' id='word_1_808' title='bbox 3690 5104 3742 5149; x_wconf 87' lang='lat' dir='ltr'><strong>et</strong></span> <span class='ocrx_word' id='word_1_809' title='bbox 3798 5148 3802 5150; x_wconf 23' lang='grc' dir='ltr'><strong>γ</strong></span> 
     </span>
    </p>
   </div>
   <div class='ocr_carea' id='block_1_108' title="bbox 2157 5177 3741 5255">
    <p class='ocr_par' dir='ltr' id='par_1_108' title="bbox 2157 5177 3741 5255">
     <span class='ocr_line' id='line_1_108' title="bbox 2157 5177 3741 5255; baseline 0.004 -21"><span class='ocrx_word' id='word_1_810' title='bbox 2157 5177 2454 5248; x_wconf 87' lang='lat' dir='ltr'><strong>Christum,</strong></span> <span class='ocrx_word' id='word_1_811' title='bbox 2480 5186 2632 5233; x_wconf 89' lang='lat' dir='ltr'><strong>tanta</strong></span> <span class='ocrx_word' id='word_1_812' title='bbox 2679 5179 2935 5236; x_wconf 89' lang='lat' dir='ltr'><strong>distantia</strong></span> <span class='ocrx_word' id='word_1_813' title='bbox 2964 5188 3048 5236; x_wconf 90' lang='lat' dir='ltr'><strong>est</strong></span> <span class='ocrx_word' id='word_1_814' title='bbox 3087 5181 3231 5237; x_wconf 92' lang='lat' dir='ltr'><strong>inter</strong></span> <span class='ocrx_word' id='word_1_815' title='bbox 3260 5181 3436 5255; x_wconf 86' lang='lat' dir='ltr'><strong>legem</strong></span> <span class='ocrx_word' id='word_1_816' title='bbox 3473 5193 3528 5239; x_wconf 90' lang='lat' dir='ltr'><strong>et</strong></span> <span class='ocrx_word' id='word_1_817' title='bbox 3570 5185 3741 5240; x_wconf 81' lang='lat' dir='ltr'><strong>Evan-</strong></span> 
     </span>
    </p>
   </div>
   <div class='ocr_carea' id='block_1_109' title="bbox 2155 5272 3740 5347">
    <p class='ocr_par' dir='ltr' id='par_1_109' title="bbox 2155 5272 3740 5347">
     <span class='ocr_line' id='line_1_109' title="bbox 2155 5272 3740 5347; baseline 0.005 -21"><span class='ocrx_word' id='word_1_818' title='bbox 2155 5272 2378 5343; x_wconf 87' lang='lat' dir='ltr'><strong>gelium,</strong></span> <span class='ocrx_word' id='word_1_819' title='bbox 2402 5280 2458 5329; x_wconf 91' lang='lat' dir='ltr'><strong>et</strong></span> <span class='ocrx_word' id='word_1_820' title='bbox 2484 5273 2628 5328; x_wconf 91' lang='lat' dir='ltr'><strong>inter</strong></span> <span class='ocrx_word' id='word_1_821' title='bbox 2653 5272 2905 5330; x_wconf 90' lang='lat' dir='ltr'><strong>doctores</strong></span> <span class='ocrx_word' id='word_1_822' title='bbox 2931 5272 3066 5345; x_wconf 90' lang='lat' dir='ltr'><strong>legis</strong></span> <span class='ocrx_word' id='word_1_823' title='bbox 3093 5283 3153 5331; x_wconf 92' lang='lat' dir='ltr'><strong>et</strong></span> <span class='ocrx_word' id='word_1_824' title='bbox 3181 5275 3495 5347; x_wconf 90' lang='lat' dir='ltr'><strong>Evangelii;</strong></span> <span class='ocrx_word' id='word_1_825' title='bbox 3517 5278 3740 5334; x_wconf 83' lang='lat' dir='ltr'><strong>demon-</strong></span> 
     </span>
    </p>
   </div>
   <div class='ocr_carea' id='block_1_110' title="bbox 2156 5363 3737 5435">
    <p class='ocr_par' dir='ltr' id='par_1_110' title="bbox 2156 5363 3737 5435">
     <span class='ocr_line' id='line_1_110' title="bbox 2156 5363 3737 5435; baseline 0.003 -15"><span class='ocrx_word' id='word_1_826' title='bbox 2156 5372 2294 5420; x_wconf 90' lang='lat' dir='ltr'><strong>strat</strong></span> <span class='ocrx_word' id='word_1_827' title='bbox 2319 5377 2536 5435; x_wconf 90' lang='lat' dir='ltr'><strong>quoque</strong></span> <span class='ocrx_word' id='word_1_828' title='bbox 2559 5363 2686 5434; x_wconf 91' lang='lat' dir='ltr'><strong>quia</strong></span> <span class='ocrx_word' id='word_1_829' title='bbox 2723 5363 2860 5419; x_wconf 89' lang='lat' dir='ltr'><strong>nihil</strong></span> <span class='ocrx_word' id='word_1_830' title='bbox 2891 5379 3101 5431; x_wconf 90' lang='lat' dir='ltr'><strong>sumus,</strong></span> <span class='ocrx_word' id='word_1_831' title='bbox 3141 5366 3247 5422; x_wconf 90' lang='lat' dir='ltr'><strong>nisi</strong></span> <span class='ocrx_word' id='word_1_832' title='bbox 3275 5366 3495 5425; x_wconf 89' lang='lat' dir='ltr'><strong>Domini</strong></span> <span class='ocrx_word' id='word_1_833' title='bbox 3522 5369 3737 5425; x_wconf 86' lang='lat' dir='ltr'><strong>miseri-</strong></span> 
     </span>
    </p>
   </div>
   <div class='ocr_carea' id='block_1_111' title="bbox 2154 5454 3739 5530">
    <p class='ocr_par' dir='ltr' id='par_1_111' title="bbox 2154 5454 3739 5530">
     <span class='ocr_line' id='line_1_111' title="bbox 2154 5454 3739 5530; baseline 0.002 -16"><span class='ocrx_word' id='word_1_834' title='bbox 2154 5457 2341 5514; x_wconf 90' lang='lat' dir='ltr'><strong>cordia</strong></span> <span class='ocrx_word' id='word_1_835' title='bbox 2369 5465 2436 5529; x_wconf 44' lang='lat' dir='ltr'><strong>et.</strong></span> <span class='ocrx_word' id='word_1_836' title='bbox 2461 5455 2637 5530; x_wconf 90' lang='lat' dir='ltr'><strong>gratia</strong></span> <span class='ocrx_word' id='word_1_837' title='bbox 2681 5470 2956 5529; x_wconf 91' lang='lat' dir='ltr'><strong>regamur.</strong></span> <span class='ocrx_word' id='word_1_838' title='bbox 3008 5454 3314 5525; x_wconf 85' lang='lat' dir='ltr'><strong>Fiduciam,</strong></span> <span class='ocrx_word' id='word_1_839' title='bbox 3343 5459 3540 5530; x_wconf 90' lang='lat' dir='ltr'><strong>inquit,</strong></span> <span class='ocrx_word' id='word_1_840' title='bbox 3563 5461 3621 5517; x_wconf 84' lang='lat' dir='ltr'><strong>id</strong></span> <span class='ocrx_word' id='word_1_841' title='bbox 3650 5469 3739 5516; x_wconf 82' lang='lat' dir='ltr'><strong>est</strong></span> 
     </span>
    </p>
   </div>
   <div class='ocr_carea' id='block_1_112' title="bbox 2156 5549 3735 5622">
    <p class='ocr_par' dir='ltr' id='par_1_112' title="bbox 2156 5549 3735 5622">
     <span class='ocr_line' id='line_1_112' title="bbox 2156 5549 3735 5622; baseline 0.002 -15"><span class='ocrx_word' id='word_1_842' title='bbox 2156 5551 2442 5608; x_wconf 89' lang='lat' dir='ltr'><strong>audaciam</strong></span> <span class='ocrx_word' id='word_1_843' title='bbox 2478 5559 2534 5606; x_wconf 90' lang='lat' dir='ltr'><strong>et</strong></span> <span class='ocrx_word' id='word_1_844' title='bbox 2571 5549 2734 5606; x_wconf 81' lang='lat' dir='ltr'><strong>ﬁdem</strong></span> <span class='ocrx_word' id='word_1_845' title='bbox 2757 5549 2913 5606; x_wconf 88' lang='lat' dir='ltr'><strong>talem</strong></span> <span class='ocrx_word' id='word_1_846' title='bbox 2941 5550 3191 5606; x_wconf 86' lang='lat' dir='ltr'><strong>habemus</strong></span> <span class='ocrx_word' id='word_1_847' title='bbox 3216 5568 3310 5622; x_wconf 87' lang='lat' dir='ltr'><strong>per</strong></span> <span class='ocrx_word' id='word_1_848' title='bbox 3330 5551 3597 5610; x_wconf 72' lang='lat' dir='ltr'><strong>Christum</strong></span> <span class='ocrx_word' id='word_1_849' title='bbox 3627 5555 3735 5610; x_wconf 87' lang='lat' dir='ltr'><strong>Do-</strong></span> 
     </span>
    </p>
   </div>
   <div class='ocr_carea' id='block_1_113' title="bbox 2154 5639 3736 5715">
    <p class='ocr_par' dir='ltr' id='par_1_113' title="bbox 2154 5639 3736 5715">
     <span class='ocr_line' id='line_1_113' title="bbox 2154 5639 3736 5715; baseline 0.001 -18"><span class='ocrx_word' id='word_1_850' title='bbox 2154 5643 2362 5699; x_wconf 91' lang='lat' dir='ltr'><strong>minum</strong></span> <span class='ocrx_word' id='word_1_851' title='bbox 2394 5650 2662 5706; x_wconf 88' lang='lat' dir='ltr'><strong>nostrum,</strong></span> <span class='ocrx_word' id='word_1_852' title='bbox 2687 5639 2841 5711; x_wconf 90' lang='lat' dir='ltr'><strong>cujus</strong></span> <span class='ocrx_word' id='word_1_853' title='bbox 2868 5640 3122 5712; x_wconf 88' lang='lat' dir='ltr'><strong>passione</strong></span> <span class='ocrx_word' id='word_1_854' title='bbox 3156 5643 3423 5715; x_wconf 80' lang='lat' dir='ltr'><strong>redempti</strong></span> <span class='ocrx_word' id='word_1_855' title='bbox 3458 5652 3513 5702; x_wconf 88' lang='lat' dir='ltr'><strong>et</strong></span> <span class='ocrx_word' id='word_1_856' title='bbox 3541 5657 3736 5699; x_wconf 83' lang='lat' dir='ltr'><strong>recon-</strong></span> 
     </span>
    </p>
   </div>
   <div class='ocr_carea' id='block_1_114' title="bbox 2153 5734 3732 5806">
    <p class='ocr_par' dir='ltr' id='par_1_114' title="bbox 2153 5734 3732 5806">
     <span class='ocr_line' id='line_1_114' title="bbox 2153 5734 3732 5806; baseline -0.001 -15"><span class='ocrx_word' id='word_1_857' title='bbox 2153 5735 2322 5791; x_wconf 88' lang='lat' dir='ltr'><strong>ciliati</strong></span> <span class='ocrx_word' id='word_1_858' title='bbox 2353 5750 2541 5791; x_wconf 89' lang='lat' dir='ltr'><strong>sumus</strong></span> <span class='ocrx_word' id='word_1_859' title='bbox 2577 5734 2646 5789; x_wconf 90' lang='lat' dir='ltr'><strong>ad</strong></span> <span class='ocrx_word' id='word_1_860' title='bbox 2686 5734 2874 5801; x_wconf 84' lang='lat' dir='ltr'><strong>Deum,</strong></span> <span class='ocrx_word' id='word_1_861' title='bbox 2911 5735 2967 5790; x_wconf 91' lang='lat' dir='ltr'><strong>id</strong></span> <span class='ocrx_word' id='word_1_862' title='bbox 3005 5743 3090 5792; x_wconf 88' lang='lat' dir='ltr'><strong>est</strong></span> <span class='ocrx_word' id='word_1_863' title='bbox 3125 5737 3269 5806; x_wconf 88' lang='lat' dir='ltr'><strong>apud</strong></span> <span class='ocrx_word' id='word_1_864' title='bbox 3293 5734 3463 5793; x_wconf 90' lang='lat' dir='ltr'><strong>Deum</strong></span> <span class='ocrx_word' id='word_1_865' title='bbox 3494 5735 3732 5804; x_wconf 70' lang='lat' dir='ltr'><strong>Patren),</strong></span> 
     </span>
    </p>
   </div>
   <div class='ocr_carea' id='block_1_115' title="bbox 2155 5827 3735 5904">
    <p class='ocr_par' dir='ltr' id='par_1_115' title="bbox 2155 5827 3735 5904">
     <span class='ocr_line' id='line_1_115' title="bbox 2155 5827 3735 5904; baseline 0.001 -20"><span class='ocrx_word' id='word_1_866' title='bbox 2155 5827 2369 5900; x_wconf 86' lang='lat' dir='ltr'><strong>qualem</strong></span> <span class='ocrx_word' id='word_1_867' title='bbox 2404 5843 2507 5903; x_wconf 87' lang='lat' dir='ltr'><strong>ego</strong></span> <span class='ocrx_word' id='word_1_868' title='bbox 2543 5828 2788 5887; x_wconf 85' lang='lat' dir='ltr'><strong>dicturus</strong></span> <span class='ocrx_word' id='word_1_869' title='bbox 2828 5835 2884 5886; x_wconf 90' lang='lat' dir='ltr'><strong>et</strong></span> <span class='ocrx_word' id='word_1_870' title='bbox 2917 5828 3220 5902; x_wconf 86' lang='lat' dir='ltr'><strong>scripturus</strong></span> <span class='ocrx_word' id='word_1_871' title='bbox 3258 5845 3380 5889; x_wconf 88' lang='lat' dir='ltr'><strong>sum</strong></span> <span class='ocrx_word' id='word_1_872' title='bbox 3419 5831 3475 5890; x_wconf 93' lang='lat' dir='ltr'><strong>in</strong></span> <span class='ocrx_word' id='word_1_873' title='bbox 3501 5841 3735 5904; x_wconf 58' lang='lat' dir='ltr'><strong>sequens</strong></span> 
     </span>
    </p>
   </div>
   <div class='ocr_carea' id='block_1_116' title="bbox 2155 5923 2320 5982">
    <p class='ocr_par' dir='ltr' id='par_1_116' title="bbox 2155 5923 2320 5982">
     <span class='ocr_line' id='line_1_116' title="bbox 2155 5923 2320 5982; baseline -0.006 -2"><span class='ocrx_word' id='word_1_874' title='bbox 2155 5923 2320 5982; x_wconf 90' lang='lat' dir='ltr'><strong>tibus.</strong></span> 
     </span>
    </p>
   </div>
  </div>
