3996 6454
495 399 602 456 δίο
678 386 687 395 ⁴

961 386 1318 447 llAYMONIS
1356 382 1835 441 HALBERSTAT.
1875 380 2091 438 EPISC.
2132 377 2281 435 OPP.
2323 375 2501 433 PARS
2538 377 2580 435 Ι.
2619 406 2691 418 --
2725 338 3081 432 COMMENT.
3122 372 3293 428 BIBL.

3667 375 3781 432 ωε)

486 517 587 574 ille
616 514 752 572 dixit
777 530 789 567 :
817 506 1042 567 Ostende
1081 503 1207 559 mihi
1234 476 1490 571 leipsum,
1528 497 1582 553 id
1607 506 1711 562 est,
1737 493 2072 558 invisibilita-
2103 495 2151 554 Α
2180 488 2305 560 gelii
2333 504 2456 561 qua:
2501 487 2663 543 datur
2703 485 3165 544 ministratoribus
3200 483 3317 554 ejus
3355 492 3414 539 et
3453 486 3781 549 observato-

498 617 608 664 tem
636 602 819 660 tuam?
854 596 1047 655 Altiori
1086 594 1249 666 igitur
1279 589 1558 648 intellectu
1585 587 1819 659 Moyses,
1851 586 1943 656 qui
1976 598 2077 655 po-

497 701 661 758 nebat
681 695 924 751 velamen
963 701 1126 759 super
1170 684 1365 741 faciem
1406 696 1581 745 suam,
1629 693 1699 734 ne
1735 676 2079 732 intenderent

496 795 555 849 in
582 805 706 847 eum
749 786 845 842 ﬁlii
884 781 1067 846 Israel,
1097 778 1368 850 signiﬁcat
1408 775 1579 845 ipsam
1619 771 1815 842 legem,
1848 767 2076 825 sicut'in

498 880 793 954 Evangelio
841 876 1104 932 Dominus
1148 878 1381 927 testatur
1424 867 1628 923 dixisse
1687 863 1959 954 Abraham
2006 860 2077 916 ad

498 952 718 1035 divitem
753 991 767 1027 :
803 965 1017 1025 Habent
1056 964 1275 1035 Moysen
1308 958 1463 1033 (Luc.
1506 955 1645 1028 xvn),
1681 955 1735 1010 id
1763 962 1847 1009 est
1880 952 2075 1023 legem.

493 1066 755 1124 “Velamen
783 1059 915 1117 illud
951 1055 1222 1128 signiﬁcat
1255 1049 1665 1120 intelligentiam
1705 1045 1993 1103 litteralem
2023 1051 2080 1100 et

486 1159 818 1216 historicum
861 1166 1105 1215 sensum,
1136 1162 1244 1218 quo
1281 1144 1637 1200 obumbratur
1670 1140 1785 1210 ipsa
1820 1138 1930 1202 lex,
1953 1136 2076 1192 inli—

499 1253 693 1309 delitas
715 1262 932 1319 quoque
955 1253 1011 1300 et
1034 1240 1336 1313 ignorantia
1365 1236 1540 1292 cordis
1560 1234 1890 1289 Judzeorum.
1915 1231 2074 1287 Vela-

484 1357 621 1399 -men
645 1354 777 1410 ergo
799 1336 942 1409 quod
973 1334 1206 1405 ponebat
1246 1343 1408 1399 super
1431 1326 1623 1381 faciem
1656 1340 1809 1381 suam
1844 1324 2074 1396 Moyses,

500 1451 606 1491 non
637 1430 850 1487 sinebat
878 1427 1009 1482 illos
1040 1437 1263 1480 cernere
1300 1419 1525 1489 gloriam
1560 1417 1740 1472 'vultus
1772 1415 1910 1484 ejus,
1949 1414 2077 1485 quia

498 1531 811 1595 inﬁdelitas,
836 1523 1167 1598 ignorantia,
1189 1529 1243 1576 et
1275 1526 1559 1590 peccatum
1588 1529 1800 1578 eorum,
1826 1509 2079 1567 litteralis

498 1638 712 1697 quoque
752 1616 1126 1689 intelligentia,
1171 1621 1226 1667 et
1268 1609 1561 1666 historicus
1589 1622 1781 1664 sensus
1813 1620 1919 1660 non
1955 1618 2079 1697 per-

498 1694 749 1772 mittebat
779 1711 900 1767 illos
932 1716 1221 1780 penetrare
1250 1713 1305 1759 et
1336 1702 1640 1773 intelligere
1667 1699 1894 1770 gloriam
1925 1694 2080 1767 spiri-

498 1810 624 1864 talis
665 1804 1065 1876 intelligcntia‘e,
1090 1815 1211 1870 quae
1243 1797 1446 1853 latebat
1486 1797 1541 1851 in
1581 1795 1717 1866 lege.
1748 1792 1909 1861 Quod
1946 1805 2077 1847 vero

497 1902 627 1957 dicit
650 1855 875 1971 gloriati;
907 1905 963 1951 et
999 1855 1302 1950 claritatem
1344 1889 1511 1961 Moysi
1548 1894 1890 1953 evacuatam,
1919 1885 2073 1950 dicit,
2105 1855 2153 1918 Β

497 1998 755 2064 quantum
794 1987 858 2043 ad
890 1986 1124 2040 litteram
1156 1981 1390 2052 pertinet
1418 1998 1431 2034 :
1469 1979 1594 2051 quia
1631 1977 1812 2048 Moyse
1844 1985 2076 2040 mortuo,

496 2082 664 2139 facies
690 2080 808 2150 ejus
837 2094 958 2149 quae
1002 2084 1126 2129 ante
1151 2072 1454 2144 splendoris
1485 2070 1666 2126 radios
1690 2068 1993 2133 emittebat,
2023 2066 2077 2121 in

488 2172 759 2245 pallorem
787 2183 944 2223 versa
964 2174 1065 2221 est.
1098 2163 1290 2219 Altiori
1319 2169 1497 2217 autem
1524 2176 1683 2216 sensu
1704 2168 1760 2215 et
1780 2157 2079 2215 sublimiori

494 2263 793 2322 secundum
824 2258 1180 2329 Augustinum
1215 2272 1229 2308 :
1268 2254 1449 2310 Gloria
1479 2253 1614 2324 legis
1645 2267 1765 2321 qua:
1794 2250 2082 2307 videbatur

488 2356 692 2414 essein
720 2351 1103 2409 festivitatibus
1131 2358 1185 2405 et
1205 2347 1478 2417 operibus,
1509 2355 1768 2400 evacuata
1784 2352 1886 2409 est,
1920 2342 2082 2398 adve-

497 2448 679 2502 niente
718 2443 955 2505 Christo,
1007 2455 1167 2511 quem
1212 2439 1304 2495 illa
1348 2437 1691 2509 signiﬁcabat
1736 2454 1750 2491 :
1791 2437 1876 2491 vel
1912 2437 2080 2491 etiam

483 2553 624 2609 pars
646 2534 905 2607 spiritalis
941 2532 1328 2603 intelligentiae,
1357 2544 1479 2601 quae
1517 2544 1549 2583 a
1574 2528 1896 2598 quibusdam
1925 2527 2083 2582 intel-

497 2634 782 2705 ligebatur,
827 2632 969 2686 sicut
1019 2645 1050 2686 a
1103 2629 1318 2700 Moyse,
1370 2626 1551 2686 losue.
1606 2625 1858 2690 Samuel,
1910 2624 2082 2679 David

496 2725 814 2796 exterisque
841 2724 1061 2789 talibus,
1096 2721 1418 2778 adveniente
1441 2721 1681 2786 Christo,
1711 2720 1765 2774 in
1794 2734 1903 2789 quo
1928 2733 2081 2774 com-

496 2817 639 2888 pleta
670 2824 755 2872 est
776 2824 832 2870 et
858 2831 889 2869 a
918 2829 1027 2885 quo
1063 2813 1410 2869 manifestata
1437 2819 1522 2868 est
1559 2810 1818 2883 apostolis
1850 2826 1914 2865 ex
1947 2818 2078 2864 toto.

499 2909 696 2965 Statim
726 2916 785 2965 ut
806 2906 955 2962 venit
993 2905 1286 2976 plenitudo,
1326 2912 1643 2959 evacuatum
1670 2909 1754 2956 est
1781 2901 1909 2956 illud
1937 2898 2080 2970 quod

472 3016 565 3055 .ex
591 3006 747 3072 parte
788 3005 928 3062 erat,
977 3012 1083 3052 non
1126 3004 1195 3051 :ut
1245 3004 1486 3051 cessaret
1524 2993 1762 3065 penitus,
1793 3001 1849 3049 et
1877 2993 2083 3064 periret

476 3094 616 3164 ipsa
644 3089 998 3162 intelligentia
1023 3088 1303 3159 spiritalis,
1332 3088 1426 3143 sed
1453 3095 1511 3141 ut
1545 3088 1596 3141 in
1638 3085 1831 3142 melius
1853 3085 2083 3155 proﬁce-

2180 579 2350 647 ribus,
2377 580 2552 649 major
2579 587 2664 635 est
2702 579 2876 650 gloria
2922 578 3060 650 legis
3084 591 3204 648 qua:
3237 576 3510 648 splenduit
3539 578 3594 633 in
3635 577 3782 636 facie

2178 670 2368 742 Moysi,
2419 671 2548 742 quia
2595 670 2684 726 illa
2728 671 2834 727 fuit
2880 671 3217 741 temporalis,
3265 678 3321 724 et
3364 685 3395 724 a
3441 685 3780 742 quocunque

2179 764 2309 818 ferri
2355 762 2531 833 potuit
2569 770 2627 819 et
2670 762 2863 828 videri,
2896 762 3000 818 ista
3047 770 3230 817 autem
3258 772 3460 816 aeterna
3492 762 3625 827 erit,
3676 778 3780 819 nec

2178 853 2349 924 potuit
2391 852 2523 909 ferri
2567 854 2635 909 ab
2675 853 2934 923 apostolis
2961 852 3180 923 quando
3217 866 3248 906 a
3280 852 3512 906 Domino
3548 861 3779 908 ostensa

2177 952 2262 1000 est
2284 945 2339 998 in
2361 953 2564 1011 monte,
2595 945 2724 1015 quia
2761 945 2947 1001 statim
2990 945 3126 1014 lapsi
3156 953 3284 999 sunt
3307 945 3362 1000 in
3386 953 3599 1000 terram
3629 945 3779 1001 velut

2179 1038 2400 1095 mortui.
2445 1037 2786 1110 Quapropter
2850 1037 3205 1094 laborandum
3272 1047 3355 1094 est
3402 1038 3667 1094 omnibus
3720 1048 3781 1093 ut

2178 1129 2557 1185 observatores
2601 1130 2770 1185 simus
2804 1129 3083 1200 Evangelii
3134 1144 3149 1183 :
3203 1139 3474 1199 quatenus
3512 1132 3584 1185 ad
3626 1130 3777 1186 illam

2178 1226 2404 1298 gloriam
2435 1226 2580 1297 digni
2606 1226 2776 1282 simus
2800 1226 3108 1297 pertingere
3136 1240 3301 1295 quam
3331 1225 3629 1295 promittit.

2252 1319 2398 1375 Nam
2431 1335 2524 1373 nec
2552 1317 2905 1390 glori/iactum
2928 1326 3004 1372 est
3032 1317 3172 1389 quod
3195 1316 3389 1372 claruit
3416 1318 3474 1371 in
3502 1317 3606 1372 hac
3628 1330 3780 1387 parte

2179 1420 2389 1481 propter
2443 1409 2778 1467 excellentem
2816 1408 3058 1481 gloriam.
3098 1408 3155 1464 In
3197 1402 3302 1464 hac
3348 1418 3511 1478 parte
3557 1409 3701 1465 dicit
3728 1410 3780 1465 in

2182 1502 2364 1574 Moyse
2419 1502 2621 1572 (Exod.
2660 1501 2769 1573 ιιι),
2821 1501 2905 1557 vel
2935 1501 3079 1573 quod
3129 1509 3318 1557 narrat
3365 1502 3423 1557 in
3461 1503 3570 1559 hac
3620 1510 3782 1573 parte
3852 1514 3861 1527 '

2148 1594 2305 1651 -libri
2350 1596 2519 1651 Exodi
2556 1596 2623 1652 de
2662 1596 2950 1665 splendore
2978 1596 3159 1653 vultus
3203 1597 3382 1663 illius,
3413 1598 3781 1655 excellentem

2181 1692 2413 1765 gloriam
2458 1692 2717 1764 appellat,
2765 1708 2873 1763 qua
2919 1692 3182 1749 Dominus
3226 1691 3567 1763 gloriﬁcatus
3607 1702 3702 1748 est
3730 1693 3781 1747 ia

2182 1792 2387 1849 monte,
2423 1798 2492 1839 ex
2522 1798 2628 1855 qua
2659 1782 2993 1854 gloriﬁcandi
3024 1789 3152 1837 sunt
3179 1798 3368 1837 omnes
3390 1781 3574 1845 electi,
3604 1792 3670 1839 et
3703 1792 3784 1838 est

2177 1890 2368 1932 sensus
2398 1888 2413 1929 :
2443 1873 2577 1929 illud
2605 1874 2748 1945 quod
2770 1873 3042 1944 splenduit
3079 1873 3134 1928 in
3157 1872 3297 1929 facie
3326 1872 3524 1943 Moysi,
3557 1888 3675 1927 non
3703 1882 3781 1927 est

2179 1968 2563 2038 glorilicatum,
2579 1965 2630 2020 id
2644 1974 2753 2031 est,
2772 1978 2878 2021 non
2900 1963 3003 2018 fuit
3019 1963 3188 2035 gloria
3209 1978 3333 2019 vera
3346 2005 3359 2028 ,
3372 1964 3504 2033 quia
3521 1963 3780 2018 evacuari

2179 2059 2361 2130 potuit
2401 2072 2500 2128 per
2528 2066 2760 2113 mortem
2805 2056 2948 2112 illius
2974 2073 2994 2111 7:
3034 2070 3136 2109 nec
3159 2054 3259 2108 fuit
3294 2054 3598 2124 gloriosum
3628 2070 3781 2110 eom-

2180 2149 2467 2221 paratione
2494 2149 2652 2204 istius
2687 2149 2889 2219 glorite,
2916 2162 3038 2217 quae
3067 2145 3400 2202 aiternaliter
3431 2145 3710 2209 manebit,
3732 2156 3784 2202 et

2182 2242 2352 2297 multo
2377 2242 2611 2312 amplior
2638 2241 2765 2296 erit.
2797 2240 2856 2295 In
2906 2241 3012 2294 hoc
3053 2238 3198 2293 enim
3222 2238 3368 2309 quod
3396 2237 3535 2293 nulli
3573 2236 3784 2306 profuit

2181 2333 2350 2403 glo'ri‘a
2374 2332 2555 2388 vultus
2602 2332 2739 2400 ejus,
2795 2331 2951 2401 quasi
3000 2346 3109 2386 non
3142 2330 3245 2386 fuit
3270 2330 3464 2401 gloria,
3502 2330 3637 2399 quia
3672 2345 3780 2385 non

2184 2422 2376 2479 habuit
2395 2421 2632 2478 fructum
2681 2404 2885 2492 gloriae.
2935 2419 3109 2474 Aliter
3155 2434 3170 2473 :
3221 2418 3376 2486 Quod
3403 2418 3538 2475 dicit
3587 2418 3645 2472 in
3682 2418 3783 2472 hac

2182 2522 2360 2584 parte,
2392 2513 2547 2584 quasi
2586 2512 2642 2566 in
2672 2512 2833 2567 istam
2866 2519 3098 2582 partem,
3143 2509 3197 2564 id
3227 2518 3310 2565 est
3336 2510 3480 2579 quod
3500 2508 3711 2564 claruit
3731 2518 3783 2563 et

2184 2601 2459 2673 splenduit
2504 2602 2559 2656 in
2604 2600 2819 2672 Moyse,
2867 2615 2974 2655 non
3022 2607 3108 2655 est
3156 2598 3521 2670 glorificatum
3568 2599 3623 2652 in
3679 2599 3782 2653 bac

2183 2700 2362 2766 parte,
2390 2692 2446 2748 id
2470 2701 2555 2748 est
2577 2676 2838 2764 quantum
2867 2692 2934 2745 ad
2962 2690 3120 2746 istam
3150 2700 3359 2759 partem
3387 2690 3576 2760 gloria:
3602 2689 3783 2743 Evano

2184 2785 2309 2856 gelii
2337 2785 2593 2857 pertinet,
2625 2799 2735 2840 non
2760 2792 2844 2840 est
2885 2782 3180 2855 gloriosum
3204 2791 3433 2853 propter
3458 2781 3625 2839 istam
3664 2781 3782 2852 glo-

2183 2877 2322 2933 riam
2362 2876 2644 2947 majorem.

2255 2965 2314 3023 Si
2344 2968 2482 3022 enim
2533 2967 2673 3038 quod
2713 2974 3016 3031 evacuatur,
3054 2981 3149 3038 per
3195 2965 3420 3037 gloriam
3452 2975 3571 3031 est,
3608 2965 3783 3020 multo

2181 3060 2350 3131 magis
2371 3059 2512 3130 quod
2542 3067 2714 3113 manet
2753 3058 2809 3113 in
2855 3067 3145 3126 internum,
3190 3058 3246 3113 in
3269 3056 3439 3128 gloria
3462 3067 3570 3121 est,
3593 3056 3649 3111 id
3673 3066 3779 3119 est,

499 3146 604 3249 rei,
636 3190 800 3253 atque
817 3146 1173 3251 augmen-tum
1207 3146 1444 3250 caperet.
1473 3177 1633 3234 Verbi
1671 3146 1892 3248 gratia-z
1926 3177 2080 3253 Sicut
2110 3232 2150 3253 η
2184 3149 2230 3207 εί
2253 3149 2363 3252 ,Ῐθκ
2413 3163 2535 3253 quin
2585 3148 2841 3253 “39??
2893 3149 3107 3253 1mm“:
3146 3148 3203 3202 in
3241 3147 3360 3249 ε¹ξπ
3363 3147 3429 3253 i1
3454 3146 3563 3201 “‘3‘
3603 3147 3782 3253 ¥°353

497 3281 796 3331 evacuatur
817 3270 1042 3328 infantia
1070 3279 1126 3327 et
1149 3271 1404 3342 pueritia,
1428 3270 1748 3325 adveniente
1768 3244 2081 3325 adolescen-

497 3366 599 3436 tia,
630 3373 683 3420 et
714 3362 1032 3418 adveniente
1054 3361 1340 3431 juventute
1376 3368 1670 3414 evacuatur
1690 3359 2077 3425 adolescentia,

500 3458 630 3512 dum
677 3454 733 3509 in
761 3452 955 3508 melius
998 3449 1231 3522 prolicit.
1262 3450 1320 3504 In
1349 3450 1641 3520 Evangelia
1668 3458 1848 3505 autem
1880 3466 1987 3506 non
2023 3451 2082 3504 lit

500 3548 596 3610 ita,
624 3544 749 3614 quia
780 3540 1128 3610 Evangelium
1152 3538 1468 3609 spiritaliter
1491 3540 1811 3610 intelligitur
1846 3556 1912 3595 ex
1944 3549 2077 3602 toto,

503 3651 608 3691 nec
651 3642 969 3698 evacuatur,
1018 3632 1145 3702 quia
1185 3639 1445 3685 aeternum
1472 3639 1574 3685 est.
1626 3629 1682 3685 Si
1715 3646 1846 3701 ergo
1882 3630 1956 3685 illi
1988 3631 2079 3699 qui

486 3729 679 3797 'legem
721 3723 974 3794 operibus
1025 3721 1333 3791 implerunt,
1377 3737 1443 3776 ex
1474 3729 1627 3790 parte
1666 3721 1983 3791 spiritaliter
2008 3721 2081 3775 in-

503 3818 833 3873 tellexerunt
866 3833 879 3870 :
910 3829 1031 3886 qua:
1072 3821 1332 3869 evacuata
1366 3821 1452 3867 est
1488 3820 1695 3867 tantam
1727 3812 1951 3882 gloriam
1987 3811 2082 3871 ba-
2170 3842 2173 3843 ν

485 3910 736 3968 «δυετυηι
778 3910 835 3964 in
883 3907 1135 3980 praesenti
1179 3904 1399 3971 smculo,
1444 3912 1505 3960 ut
1551 3914 1753 3960 terram
1792 3905 2083 3974 repromis—

489 4002 677 4059 sionis
723 3999 1033 4070 acciperent
1088 3997 1432 4066 victoresque
1477 3994 1820 4065 postmodum
1858 4008 2082 4050 suorum

504 4093 741 4150 hostium
780 4089 1137 4154 exsisterent,
1177 4097 1384 4158 quanto
1407 4086 1723 4157 ampliorem
1763 4086 2085 4141 obtinebunt

490 4183 596 4239 .isti
626 4181 719 4252 qui
747 4178 1065 4251 spiritaliter
1086 4178 1257 4249 legem
1300 4187 1358 4232 et
1382 4176 1729 4247 Evangelium
1758 4175 2082 4246 intelligunt,

488 4277 813 4335 observant,
865 4270 1191 4341 prtedicantq
1228 4276 1284 4324 et
1330 4268 1558 4331 docent,
1605 4267 1749 4337 quod
1806 4280 2084 4337 nunquam

504 4364 835 4421 evacuatur?

578 4457 722 4513 Nam
760 4458 809 4510 si
855 4454 1170 4509 ministratio
1203 4453 1558 4508 damnationis
1585 4452 1758 4524 gloria
1781 4462 1881 4519 est,
1919 4453 2084 4508 multo

491 4549 672 4620 magis
709 4546 942 4602 abundat
980 4546 1325 4600 ministerium
1355 4545 1584 4616 justitiae
1607 4546 1663 4598 in
1688 4542 1876 4614 gloria.
1908 4544 2082 4614 Repe-

508 4640 628 4695 titio
672 4644 758 4693 est
795 4634 1133 4705 superiorum
1173 4642 1382 4689 mutato
1411 4647 1682 4689 sermone.
1738 4629 1873 4689 Nam
1907 4633 1953 4688 si
1983 4632 2083 4687 mi—

507 4729 757 4786 nistratio
784 4727 1148 4784 damnationis
1171 4726 1345 4798 gloria
1381 4733 1489 4791 est,
1536 4723 1588 4779 id
1624 4732 1729 4789 est,
1761 4723 1809 4778 si
1850 4723 1934 4778 lex
1961 4738 2083 4793 quae

505 4821 754 4877 ministra
803 4828 924 4875 erat
960 4818 1325 4874 damnationis
1371 4824 1428 4873 et
1473 4815 1686 4881 mortis,
1731 4824 1938 4871 tantam
1976 4814 2086 4887 glo-

496 4916 641 4970 siam
688 4910 942 4984 priestitit
989 4909 1159 4980 Moysi
1211 4923 1309 4964 suo
1356 4907 1715 4964 ministratori
1765 4914 1823 4963 et
1870 4907 2085 4964 caeteris

500 5005 619 5063 suis
646 5001 1108 5065 observatoribus,
1155 4999 1326 5056 multo
1365 5000 1539 5071 magis
1564 4999 1805 5055 abundat
1830 4999 2079 5055 ministe-

504 5097 645 5152 rium
667 5093 917 5164 justitiaa,
958 5090 1012 5147 id
1032 5098 1119 5147 est
1145 5088 1496 5161 Evangelium
1526 5089 1670 5161 quod
1694 5090 1961 5161 justiﬁcat
1988 5089 2088 5169 lto-

504 5187 702 5252 mines,
726 5184 968 5242 abundat
1011 5181 1067 5239 in
1104 5181 1277 5252 gloria
1313 5188 1537 5236 aeterna.
1578 5180 1929 5252 Evangelium
1954 5195 2087 5253 ergo

504 5277 866 5332 ministerium
896 5274 1125 5344 Justitiae
1161 5281 1267 5339 est,
1292 5273 1417 5343 quia
1444 5286 1550 5342 per
1588 5272 1720 5328 illud
1745 5272 2088 5327 ministratur

504 5368 662 5424 nobis
682 5366 915 5437 iustitia,
954 5364 1123 5432 salus,
1152 5374 1209 5421 et
1247 5367 1356 5421 vita
1405 5373 1608 5421 aeterna
1635 5371 1881 5434 tempore
1907 5364 2089 5434 bapti-

503 5457 717 5523 smatis,
734 5458 879 5514 sicut
899 5457 1156 5514 Dominus
1175 5457 1307 5514 dicit
1326 5455 1586 5528 apostolis
1605 5453 1823 5527 (Matth.
1850 5455 2081 5527 XXVIII)“:

503 5551 607 5617 Ite,
660 5550 840 5605 docete
886 5566 1063 5606 omnes
1114 5559 1314 5623 gentes,
1364 5550 1419 5605 id
1465 5556 1571 5614 est,
1621 5547 1929 5605 ministrate
1980 5548 2086 5605 illis

508 5640 881 5709 Evangelium.
905 5641 1009 5709 Qui
1036 5640 1315 5696 crediderit
1341 5649 1391 5694 et
1418 5640 1713 5711 baptizatus
1756 5639 1933 5710 fuerit,
1978 5641 2088 5696 sal-

509 5749 602 5788 ous
621 5732 718 5787 erit
746 5733 918 5788 salute
945 5742 1151 5790 aeterna
1177 5750 1190 5784 :
1220 5731 1347 5802 quia
1371 5731 1719 5787 mundabitur
1742 5733 1812 5788 ab
1835 5733 2086 5789 omnibus

508 5825 745 5892 peccatis
774 5843 788 5880 :
814 5835 869 5884 et
898 5823 1161 5883 efﬁcietur
1178 5823 1377 5895 justus.
1421 5822 1603 5880 Gloria
1637 5824 1871 5896 denique
1912 5826 2088 5882 Evan-

2108 3232 2153 3295 C
2185 3241 2404 3310 suisque
2454 3240 2915 3304 observatoribus,
2977 3240 3149 3295 multo
3173 3239 3346 3311 magis
3386 3238 3779 3309 Evangelinm,

2185 3331 2331 3403 quod
2358 3338 2542 3386 manet
2565 3331 2622 3385 in
2656 3340 2941 3397 aeternum,
2967 3330 3021 3385 in
3045 3331 3216 3402 gloria
3246 3338 3332 3385 est
3354 3330 3470 3385 suis
3498 3329 3783 3385 ministra-

2187 3423 2399 3480 toribus
2432 3433 2487 3478 et
2515 3423 2904 3480 occultoribus.
2930 3423 3204 3492 Quantum
3235 3423 3381 3478 enim
3412 3423 3560 3478 inter
3590 3424 3781 3495 imagi-

2188 3531 2312 3570 nem
2344 3515 2511 3571 distat
2534 3524 2590 3570 et
2616 3516 2926 3581 veritatem,
2954 3525 3162 3571 tantum
3191 3515 3354 3570 distat
3378 3515 3526 3570 inter
3549 3516 3779 3587 gloriam

2187 3603 2370 3659 vultus
2415 3603 2581 3675 Moysi
2617 3614 2671 3659 et
2716 3603 2944 3675 gloriam
2987 3604 3212 3672 Christi,
3245 3605 3333 3661 cui
3374 3605 3589 3661 similes
3615 3616 3783 3662 erunt

2186 3707 2378 3749 omnes
2407 3692 2565 3749 electi
2594 3694 2648 3747 in
2680 3693 2871 3765 gloria.

2260 3783 2521 3839 Habentes
2550 3785 2711 3856 igitur
2746 3786 2904 3855 talem
2933 3802 3093 3856 spem,
3120 3786 3335 3843 videndi
3360 3797 3417 3843 et
3443 3788 3779 3859 percipiendi

2187 3875 2439 3948 gloriam,
2468 3891 2575 3931 non
2620 3875 2780 3933 talem
2810 3876 2985 3946 qualis
3013 3875 3115 3932 fuit
3155 3877 3207 3932 in
3259 3878 3409 3933 vultu
3456 3878 3652 3951 Moysi,
3686 3879 3780 3938 aed

2188 3983 2308 4024 eam
2333 3983 2495 4038 quam
2526 3968 2777 4023 viderunt
2803 3975 2913 4023 tres
2944 3969 3171 4038 apostoli
3208 3969 3263 4024 in
3292 3980 3479 4026 monte
3506 3970 3782 4027 revelante

2189 4074 2248 4115 se
2289 4057 2540 4123 Domino,
2592 4057 2759 4113 multa
2807 4059 3006 4129 fiducia
3033 4060 3234 4114 utimur
3271 4061 3327 4115 in
3365 4062 3777 4132 pnedicatione,

2189 4150 2369 4207 securi
2397 4151 2463 4205 de
2489 4151 2735 4221 praemio.

2260 4256 2329 4310 Et
2355 4272 2460 4310 non
2487 4256 2621 4310 sicut
2650 4255 2857 4327 Moyses
2882 4256 3107 4328 ponebat
3134 4255 3369 4312 velamen
3391 4272 3555 4327 super
3589 4256 3777 4326 faciest

2188 4364 2364 4416 suam,
2392 4359 2452 4403 ut
2479 4365 2585 4403 non
2610 4350 2936 4404 intenderent
2964 4350 3020 4405 in
3052 4364 3196 4415 eum,
3234 4350 3313 4405 sic
3336 4358 3503 4422 ponet
3528 4349 3777 4407 Christus

2185 4443 2245 4498 in
2300 4442 2594 4514 Evangelio
2657 4442 2792 4515 legis
2837 4443 3112 4509 velamen,
3164 4444 3303 4515 quod
3347 4443 3600 4499 velamen
3644 4443 3776 4514 legis

2190 4543 2493 4597 evacuatur,
2519 4533 2573 4587 id
2597 4541 2702 4598 est,
2730 4549 2838 4593 non
2868 4535 3018 4604 ponit
3036 4534 3287 4591 Christus
3306 4535 3558 4590 velamen
3587 4534 3778 4590 intelli-

2188 4620 2385 4692 gentiae
2428 4620 2681 4677 litteralis
2719 4623 2775 4678 in
2826 4624 3115 4696 Evangelio
3163 4634 3218 4681 et
3263 4625 3684 4693 obscuritatem,
3718 4634 3776 4679 ut

2182 4726 2296 4767 non
2322 4713 2532 4782 possint
2548 4712 2733 4769 ﬁdeles
2744 4714 2972 4785 gloriam
2996 4715 3255 4786 spiritalis
3282 4716 3660 4788 intelligentia:
3685 4732 3775 4786 pe-

2190 4809 2410 4859 netrare
2436 4803 2578 4860 sicut
2605 4802 2821 4876 Moyses
2858 4807 3113 4876 ponebat,
3152 4822 3222 4863 ne
3254 4806 3309 4862 in
3338 4806 3575 4878 gloriam
3596 4807 3773 4861 vultus

2187 4892 2306 4964 eius
2347 4894 2711 4963 intenderent,
2753 4886 2903 4969 quod
2939 4899 3185 4957 velamen
3224 4900 3499 4972 signiﬁcat
3532 4900 3774 4958 obscuri-

2184 4994 2358 5043 tatem
2414 4998 2473 5045 ct
2531 4989 3002 5047 obumbrationem
3060 4990 3217 5062 legis,
3266 4991 3413 5061 quod
3468 4975 3774 5048 Bvacuator

2189 5081 2408 5151 quando
2444 5097 2475 5136 a
2503 5081 2721 5140 Christo
2746 5084 3016 5140 revelatur
3042 5093 3098 5140 et
3118 5084 3439 5154 spiritaliter
3468 5086 3661 5141 eadem
3686 5083 3771 5138 lex

2188 5169 2508 5244 intelligitur
2535 5190 2549 5225 :
2580 5172 2802 5229 velnon
2830 5174 2906 5230 ita
2943 5173 3238 5230 occultabit
3266 5173 3520 5230 Christus
3545 5173 3771 5245 gloriam

2189 5276 2344 5317 suam
2372 5260 2583 5330 electis,
2615 5261 2757 5318 sicut
2783 5262 2995 5333 Moyses
3035 5264 3343 5322 occultabat
3373 5265 3571 5321 faciem
3598 5279 3768 5327 suam.

2187 5357 2437 5427 ponendo
2461 5356 2710 5414 velamen
2736 5373 2902 5429 super
2929 5358 3122 5414 faciem
3152 5373 3330 5425 suam,
3350 5359 3504 5429 quod
3528 5358 3768 5413 velame-

2185 5456 2483 5503 evacuatur
2531 5464 2545 5502 :
2599 5463 2701 5519 pro
2749 5462 2816 5505 eo
2867 5449 3013 5519 quod
3059 5458 3389 5507 evacuatum
3418 5458 3530 5514 est,
3557 5449 3771 5519 quando

2185 5534 2400 5607 Moyses
2422 5546 2671 5593 mortuus
2690 5547 2796 5594 est.

2260 5643 2365 5701 Sed
2384 5645 2555 5701 obtusi
2575 5657 2697 5702 sunt
2723 5662 2906 5702 sensus
2930 5660 3129 5712 eorum,
3155 5647 3207 5702 id
3224 5654 3331 5713 est,
3358 5646 3485 5702 licet
3505 5645 3767 5708 velamen,

2188 5737 2334 5805 quod
2355 5737 2623 5808 signiﬁcat
2658 5738 3240 5809 obscuritatem-legis,
3278 5747 3598 5794 evacuatum
3638 5737 3707 5791 sit
3734 5750 3766 5788 ι

2191 5825 2430 5894 Christo,
2476 5835 2532 5884 et
2582 5827 2635 5884 in
2686 5827 2977 5898 Evangelia
3005 5841 3112 5897 non
3164 5828 3238 5884 sit
3284 5826 3550 5895 velamen,
3585 5835 3765 5882 tamen
