3996 6458
461 440 569 497 625

944 423 1298 484 ΗΑγΜοΝιε
1336 416 1813 480 ηΑιΒΕεετΑτ.
1852 414 2061 473 EPISC.

2168 412 2263 468 PP.
2300 411 2480 468 PARS
2519 411 2561 466 Ι.
2589 439 2659 461 -λ
2686 407 3044 466 COMMENT.
3085 407 3257 465 BIBL.

3633 403 3744 461 εει

462 556 515 610 id
544 560 631 609 est
666 544 937 608 acumine,
975 557 1042 598 eo
1079 536 1223 610 quod
1251 537 1476 593 nimium
1506 536 1580 590 sit
1606 542 1763 588 acuta
1789 533 1856 587 ad
1891 531 2036 586 dcei-
2068 532 2116 591 Λ
2144 529 2301 583 nobis
2350 529 2405 582 in
2457 527 2594 596 facie
2637 525 2836 581 Christi
2860 524 3015 581 Iesu.
3073 525 3220 583 Ordo
3264 533 3392 582 est:
3455 524 3605 579 Deus
3649 524 3744 594 qui

463 643 690 715 piendos
734 636 998 693 homines.
1049 629 1230 701 Neque
1278 626 1636 683 adulterantes
1684 625 1890 693 verbum
1922 622 2043 688 Dei,

466 738 606 793 sicut
646 723 1075 803 pseudoapostoli
1110 721 1294 778 multis
1330 720 1528 786 modis,
1555 720 1645 775 sed
1666 721 1721 789 in
1745 716 2048 786 manifesta-

466 828 604 882 tione
645 820 908 884 ueritatis,
958 815 1219 871 subaudis
1258 812 1617 883 prmdicamus
1659 809 1882 864 verbum
1926 806 2043 873 Dei,

466 931 571 973 non
613 912 794 968 fucato
840 922 1112 971 sermone,
1148 917 1324 973 neque
1358 901 1745 972 philosophica,
1779 900 1873 953 sed
1911 898 2041 953 sim-

463 1007 612 1081 plici,
642 1013 703 1059 ut
738 1000 1012 1071 simplices
1049 997 1250 1077 quique
1293 995 1504 1066 possint
1546 993 1671 1046 illud
1709 990 2042 1059 intelligere;

466 1096 886 1155 commendantes
937 1091 1276 1159 nosmetipsos
1325 1086 1395 1140 ad
1438 1101 1639 1140 omnem
1671 1082 2047 1138 conscientiam

466 1189 758 1251 hominum,
800 1184 851 1241 id
887 1191 971 1238 est
1011 1179 1307 1235 laudabiles
1352 1193 1450 1232 nos
1476 1176 1736 1231 facientes
1760 1175 1827 1228 ad
1858 1185 2049 1227 omnes

467 1283 716 1339 homines
754 1285 940 1334 sancte
985 1271 1242 1333 vivendo,
1273 1271 1414 1324 bene
1449 1266 1825 1337 priedicando;
1868 1278 2047 1317 coram

467 1373 599 1438 Deo,
617 1371 668 1425 id
692 1377 794 1432 est,
821 1367 874 1422 in
903 1363 1185 1437 prtesentia
1207 1360 1323 1425 Dei,
1339 1360 1420 1413 cui
1438 1359 1616 1429 placet
1638 1356 1779 1427 quod
1805 1355 2045 1425 agimus:

467 1461 554 1518 vel
594 1475 778 1516 coram
824 1457 956 1520 Deo,
997 1454 1123 1525 quia
1160 1452 1299 1506 sicut
1338 1450 1407 1505 ab
1449 1449 1538 1503 illo
1566 1448 1721 1502 nobis
1759 1445 1945 1510 datur,
1973 1444 2048 1499 ita

468 1544 828 1624 praedicamus
866 1548 918 1600 in
949 1541 1233 1615 praesentia
1285 1539 1430 1595 illius
1466 1554 1625 1609 quem
1671 1536 2049 1608 cognoscimus

470 1643 629 1698 nobis
670 1642 859 1695 adesse
900 1645 1220 1709 prmsentem
1275 1651 1288 1687 :
1343 1639 1557 1702 poterat
1604 1629 1799 1698 aliquis
1844 1628 2047 1694 dicere,

472 1735 740 1809 quomodo
781 1730 1088 1803 praedicatis
1125 1728 1178 1781 in
1220 1723 1676 1785 manifestatione,
1718 1736 1838 1776 eum
1864 1734 2052 1774 omnes

473 1841 576 1880 non
608 1823 909 1892 intelligant
935 1835 1053 1889 qum
1090 1815 1273 1872 dicitis
1311 1829 1485 1885 neque
1526 1811 1784 1877 credant?
1823 1811 1907 1866 Ah
1937 1811 2055 1865 haec

473 1912 747 1983 subjunin
782 1907 1068 1981 Apostolus
1099 1925 1112 1960 :

476 2006 479 2007 ⁷
541 2000 693 2068 Quod
746 2000 791 2055 si
850 2005 1085 2069 opertum
1152 2004 1226 2050 est
1280 1992 1621 2064 Evangelium
1678 2001 1936 2059 nostrum,
1998 1991 2056 2047 id

471 2102 573 2159 est,
614 2093 659 2147 si
687 2091 931 2148 clausum
966 2095 1051 2142 est
1076 2094 1130 2141 et
1160 2086 1445 2141 obscurum
1476 2092 1534 2137 ut
1576 2098 1681 2137 non
1706 2081 2054 2153 intelligatur,

471 2187 528 2240 in
552 2184 632 2239 Itis
658 2183 745 2257 qui
771 2188 1008 2253 pereunt,
1032 2188 1106 2233 est
1139 2187 1407 2248 apertum;
1449 2176 1604 2246 quasi
1633 2175 1809 2249 dicat:
1841 2173 1936 2230 His
1963 2174 2058 2244 qui

473 2285 703 2349 pereunt
748 2274 801 2329 in
851 2271 1190 2336 inﬁdelitate,
1228 2269 1334 2324 illis
1369 2278 1451 2323 est
1476 2275 1744 2339 opertum,
1795 2267 1920 2337 quia
1952 2281 2058 2320 non

471 2368 769 2438 inspiratur
798 2365 877 2420 eis
905 2379 934 2417 a
969 2361 1176 2433 Spiritu
1218 2370 1426 2426 sancto,
1478 2374 1655 2429 neque
1701 2359 1893 2414 volunt
1933 2373 2058 2415 cre-

471 2461 638 2515 dere:
692 2455 992 2512 volentibus
1028 2467 1208 2509 autem
1258 2452 1501 2517 credere,
1555 2448 1905 2506 manifestum
1951 2460 2057 2506 est.

474 2550 779 2607 Audiebant
806 2546 1073 2617 siquidem
1103 2558 1294 2598 omnes
1332 2542 1767 2611 praedicationem
1792 2540 2061 2611 apostolo-

454 2656 621 2709 rum,
652 2637 748 2694 sed
776 2637 880 2692 illis
908 2636 1003 2707 qui
1023 2635 1274 2690 volebant
1296 2633 1542 2698 credere,
1567 2632 2019 2688 manifestabatur
2043 2650 2056 2687 :

476 2731 584 2786 illis
623 2745 753 2785 vero
800 2729 893 2800 qui
939 2730 994 2783 in
1036 2725 1355 2782 inﬁdelitate
1382 2725 1774 2796 permanebant
1824 2724 2063 2791 occulta:-

476 2823 657 2878 batur.

553 2915 832 2986 ln-quibus
868 2913 1008 2968 Deus
1034 2912 1195 2983 hujus
1227 2910 1408 2967 steculi
1435 2911 1710 2967 exctecavit
1754 2918 1948 2967 mentes
1974 2909 2061 2966 in-

458 3005 733 3093 ﬁdefum.
770 3005 996 3072 Quidam
1039 3003 1449 3068 lucreticorum,
1479 3010 1537 3057 et
1576 2999 1832 3065 Marcion,
1864 3000 2063 3071 aliique

478 3095 915 3177 pseudoapostoli
973 3096 1115 3150 hunc
1163 3108 1378 3149 versum
1438 3092 1578 3148 male
1628 3092 2059 3164 distinguentes,

476 3188 645 3242 Deum
677 3186 835 3255 hujus
875 3182 1055 3240 saeculi
1079 3183 1329 3239 dicebant
1357 3198 1480 3239 esse
1517 3182 1842 3252 appellatum
1867 3182 1920 3237 in
1957 3182 2062 3238 hoc

479 3276 606 3332 loco
631 3274 925 3339 diabolum,
954 3272 1023 3329 de
1065 3287 1174 3342 quo
1203 3273 1441 3327 dicitur:
1492 3271 1685 3327 Omnes
1732 3272 1808 3325 dii
1834 3273 2065 3342 gentium

482 3367 746 3422 dwmonia
775 3364 949 3436 (Psat.
976 3363 1098 3435 xcv)
1119 3380 1133 3429 ;
1155 3363 1283 3419 licet
1302 3363 1447 3418 enim
1476 3363 1550 3417 dii
1575 3362 1931 3433 appellantur,
1958 3378 2065 3419 non

481 3466 610 3514 sunt
645 3458 740 3511 dii.
781 3457 858 3511 lta
894 3469 1023 3524 ergo
1060 3461 1146 3508 est
1171 3453 1605 3523 distinguendus,
1632 3462 1691 3507 ut
1724 3452 1958 3523 primum
1987 3454 2067 3509 di-

481 3556 659 3603 catur.
685 3544 742 3600 ln
769 3545 984 3614 quibus,
1013 3544 1066 3598 id
1089 3552 1173 3598 est
1191 3542 1244 3596 in
1276 3541 1380 3598 illis
1405 3542 1496 3612 qui
1522 3551 1770 3613 pereunt,
1801 3543 1944 3600 Deus
1969 3559 2067 3601 ve-

491 3653 586 3693 rus
629 3653 643 3691 :
674 3644 731 3692 et
770 3632 1161 3699 deindeiufra,
1207 3633 1499 3688 exczecavit
1534 3642 1740 3689 mentes
1772 3633 2067 3692 inﬁdelium

476 3724 653 3795 ,h'ujus
690 3725 891 3789 saeculi,
925 3738 1193 3779 cumnon
1232 3723 1576 3792 illuminavit,
1623 3725 1765 3782 sicut
1796 3725 2070 3783 induravit

486 3833 585 3874 cor
631 3815 934 3871 Pharaonis
962 3831 1085 3870 cum
1133 3830 1238 3869 non
1286 3814 1564 3882 emollivit,
1612 3826 1668 3871 ut
1717 3834 1821 3871 non
1870 3817 2066 3888 fulgeat

488 3909 807 3965 illuminatio
843 3907 1115 3980 Evangelii
1144 3907 1198 3963 in
1221 3908 1352 3975 illis,
1384 3909 1438 3964 id
1473 3919 1556 3965 est
1580 3910 1714 3965 ﬁdes
1740 3918 1795 3966 et
1822 3910 2065 3966 doctrina

488 4000 765 4072 Evangelii
791 4009 847 4056 et
879 4000 1048 4071 gloria
1082 4000 1305 4056 Christi.
1332 4000 1484 4069 Quod
1520 4002 1870 4074 Evangelium
1895 4003 2066 4073 gloria

485 4093 688 4150 Christi
717 4101 823 4161 est,
855 4093 979 4164 quia
1007 4093 1079 4147 ibi
1118 4105 1411 4149 narrantur
1448 4095 1707 4153 nativitas
1737 4095 1855 4165 ejus
1884 4097 2067 4152 divina

485 4193 543 4241 et
566 4184 826 4250 humana,
848 4185 1022 4239 virtus
1048 4184 1453 4252 miraculorum,
1485 4188 1684 4256 passio,
1711 4189 2063 4256 resurrectio,

482 4277 750 4332 ascensio-
767 4276 834 4331 ad
855 4277 1043 4343 ctelos,
1074 4277 1339 4333 adventus
1366 4278 1433 4332 ad
1448 4277 1731 4348 judicium,
1757 4280 1871 4350 qui,
1905 4280 2066 4335 Chri-

487 4372 627 4433 stus,
654 4367 828 4436 imago
869 4374 943 4419 est
967 4365 1066 4420 Dei
1105 4365 1304 4431 Patris,
1334 4368 1388 4422 id
1412 4376 1493 4423 est
1521 4368 1714 4425 similis
1737 4369 1870 4425 eiin
1896 4371 2072 4427 omni-

490 4456 593 4510 bus
611 4454 902 4510 secundum
928 4453 1283 4517 divinitatem.

556 4544 688 4599 ‘Non
728 4544 864 4599 enim
911 4547 1249 4617 nosmetipsos
1292 4546 1547 4613 dicamus,
1590 4547 1887 4604 sedJesum
1911 4529 2068 4606 Clui-

490 4644 628 4690 stum
642 4634 922 4691 Dominum
936 4645 1190 4713 nostrum,
1212 4637 1260 4692 i.l
1277 4646 1379 4704 est,
1404 4653 1510 4693 non
1524 4640 1817 4709 quaerimus
1830 4652 2071 4699 nostra-

494 4726 730 4791 laudem,
758 4741 864 4780 non
897 4726 1047 4781 lucra
1085 4728 1419 4798 temporalia,
1463 4730 1557 4785 sed
1604 4729 1828 4799 gloriam
1875 4741 1933 4786 et
1975 4733 2072 4788 hoc

492 4831 684 4872 norem
727 4816 929 4871 Christi
967 4800 1325 4887 prmdicamus
1367 4828 1424 4874 et
1467 4821 1783 4888 quaerimus,
1827 4829 1883 4878 et
1912 4831 1974 4877 ut
2002 4822 2072 4878 ab

493 4905 588 4962 illo
620 4921 1049 4963 remuneremur.
1097 4908 1189 4964 llle
1219 4909 1364 4965 enim
1406 4911 1640 4982 seipsum
1668 4914 1948 4984 praedicat,
1980 4917 2072 4988 qui

492 5014 524 5053 a
552 4996 698 5053 culto
753 5012 1006 5053 sermone
1050 4998 1313 5070 loquitur,
1365 5009 1420 5056 et
1462 5003 1749 5060 veritatem
1795 5006 2072 5078 Evangelii

490 5088 688 5159 quierit
718 5088 933 5154 fucare,
965 5097 1021 5143 ut
1068 5089 1388 5160 praedicetur
1430 5094 1543 5163 ipse
1588 5096 1804 5166 sapiens
1848 5111 1969 5154 esse
2013 5108 2071 5155 et

490 5177 760 5245 laudetur,
782 5187 835 5235 et
869 5178 960 5248 qui
989 5179 1167 5249 potius
1194 5196 1291 5250 pro
1321 5181 1486 5240 lucris
1512 5187 1899 5256 temporalibus
1934 5204 2070 5259 prae-

493 5260 750 5322 dicationi
776 5267 997 5333 insistit,
1037 5285 1198 5341 quam
1230 5288 1326 5342 pro
1353 5274 1462 5335 vita
1486 5284 1711 5332 :eterna.

566 5356 827 5421 Quoniam
874 5358 1015 5413 Deus
1059 5361 1148 5431 qui
1190 5362 1345 5429 dixit,
1396 5365 1653 5422 subaudis
1703 5368 1759 5422 in
1806 5370 2072 5440 principio

491 5458 891 5516 creaturarum,
931 5451 995 5506 de
1041 5453 1263 5509 tenebris
1287 5454 1455 5510 lucem
1479 5456 1855 5526 splendescere,
1887 5446 2095 5518 dicens

489 5555 613 5594 cum
641 5541 818 5598 adhuc
849 5543 1083 5600 tenebrae
1106 5554 1289 5599 essent
1324 5560 1488 5616 super
1508 5546 1703 5603 faciem
1721 5550 1927 5621 abyssi,
1951 5550 2073 5608 Fiat

490 5629 606 5694 lux,
640 5641 690 5684 et
708 5632 850 5702 facta
877 5641 952 5686 est
988 5632 1082 5687 tua:
1109 5632 1263 5706 (Gen.
1300 5635 1362 5705 ι),
1407 5637 1515 5706 ipse
1544 5637 1718 5693 illuxit
1750 5640 1806 5693 in
1827 5640 2072 5697 cordibus

490 5718 700 5789 nostris,
732 5721 907 5777 lumen
938 5722 1061 5779 ﬁdei
1086 5733 1142 5780 et
1181 5725 1462 5791 doctrina},
1493 5727 1584 5796 qui
1639 5729 1877 5785 tenebrae
1905 5740 2069 5787 antea

486 5804 731 5883 eramus,
763 5814 830 5870 ad
856 5814 1287 5873 illuminationem
1318 5819 1549 5876 sciantur
1574 5818 1831 5877 claritatis
1873 5820 1970 5878 Dei
2013 5822 2066 5880 in

2144 618 2318 673 dixit:
2350 617 2472 671 Fiat
2501 617 2617 684 lux,
2651 632 2776 671 cum
2819 616 2995 671 adhuc
3021 618 3259 671 tenebrae
3281 626 3488 679 essent,
3520 623 3577 669 et
3603 612 3745 669 facta

2142 717 2227 764 est
2268 708 2380 773 lux,
2415 708 2593 763 illuxit
2637 707 2895 762 cordibus
2940 706 3143 762 nostris
3184 706 3368 762 lumen
3414 705 3539 760 ﬁdei
3565 714 3625 760 et
3647 705 3745 760 do.

2147 801 2335 856 ctrina:
2367 800 2418 855 in
2458 799 2600 856 facie
2626 798 2850 865 Christi,
2894 799 2949 853 id
2989 809 3075 854 est
3119 799 3172 854 in
3210 799 3502 869 prtescntia
3546 797 3667 861 Dei,
3695 805 3749 852 et

2144 907 2243 962 per
2270 892 2615 961 pricsentiam
2638 889 2839 945 Christi
2874 889 2942 943 ad
2968 889 3417 944 illuminationcm
3447 897 3504 942 et
3530 890 3751 947 demonc,

2147 984 2469 1038 strationem
2510 979 3082 1038 scientite‘divinitatis
3110 995 3240 1035 suae.
3273 978 3375 1034 Per
3399 977 3747 1047 praesentiam

2147 1093 2276 1151 ergo
2301 1078 2503 1135 Christi
2549 1077 2899 1132 manifestata
2929 1084 3014 1132 est
3039 1077 3280 1146 cognitio
3313 1076 3407 1130 Dei
3436 1075 3620 1128 Patris
3665 1084 3733 1128 at-

2148 1185 2254 1239 que
2311 1170 2479 1224 totius
2525 1167 2830 1231 Trinitatis,
2889 1167 3032 1222 sicut
3096 1167 3213 1237 ipse
3264 1166 3524 1221 Christus
3572 1165 3748 1220 dixit:

2151 1259 2331 1327 Pater,
2361 1260 2693 1330 manifestaci
2731 1276 2919 1314 nomen
2966 1269 3115 1314 tuum
3158 1259 3457 1314 hominibus
3487 1276 3620 1330 quos
3665 1260 3751 1313 dc-

2149 1351 2274 1406 disti
2321 1351 2450 1407 mihi
2492 1350 2674 1422 (Joan.
2723 1350 2855 1421 xvt),
2893 1365 2998 1405 non
3028 1349 3155 1403 illud
3188 1365 3297 1420 quo
3336 1348 3483 1404 Deus
3532 1348 3749 1414 diceris,

2151 1442 2245 1499 sed
2280 1457 2389 1513 quo
2414 1442 2577 1497 Pater
2604 1441 2840 1497 vocaris.
3215 1512 3222 1519 ἢ

2224 1530 2497 1586 Habemus
2546 1539 2721 1585 autem
2774 1531 3081 1586 thesaurum
3111 1532 3270 1585 istum
3314 1531 3373 1585 in
3410 1530 3552 1585 vasis
3580 1530 3757 1599 ﬁctili-

2153 1622 2269 1689 bus,
2316 1623 2633 1677 thesaurum
2676 1621 2767 1677 hic
2796 1621 3000 1677 dicitur
3029 1623 3177 1676 theca
3226 1630 3281 1677 et
3311 1621 3582 1692 repositio
3618 1622 3754 1675 auri.

2154 1713 2494 1768 Thesaurum
2541 1721 2722 1767 autem
2760 1712 3003 1784 appellat
3048 1712 3345 1784 Apostolus
3389 1713 3502 1767 isto
3541 1713 3595 1766 in
3643 1711 3757 1766 loco

2155 1812 2555 1860 sacramentum
2581 1805 2906 1876 cognitionis
2932 1813 3136 1883 saneta:
3185 1805 3499 1868 Trinitatis,
3549 1812 3607 1858 et
3649 1818 3759 1875 my-

2083 1891 2128 1950 B
2156 1896 2378 1951 stcrium
2403 1896 2792 1951 incarnationis
2813 1896 2936 1951 Filii
2954 1897 3049 1951 Dei
3075 1915 3089 1952 :
3115 1896 3268 1967 quia,
3292 1897 3437 1952 sicut
3465 1897 3760 1952 thesaurus

2163 1986 2219 2041 in
2261 1985 2474 2041 occulto
2518 1995 2573 2043 et
2606 1994 2819 2042 secreto
2863 1987 3084 2056 ponitur
3107 1986 3250 2051 loco,
3277 1987 3353 2041 ita
3384 1985 3534 2041 istud
3565 1996 3760 2057 myste-

2157 2077 2297 2132 rium
2332 2078 2385 2132 in
2424 2077 2680 2132 cordibus
2710 2077 2924 2131 illorum
2954 2083 3072 2131 erat
3110 2077 3478 2132 reconditum.
3532 2075 3678 2131 Vasa
3703 2078 3759 2129 ﬁ~

2158 2170 2304 2226 ctilia
2326 2157 2485 2226 vocat
2508 2184 2737 2240 corpora
2760 2169 2994 2239 fragilia,
3018 2184 3139 2239 qua:
3168 2184 3234 2224 ex
3268 2169 3401 2223 limo
3428 2180 3598 2225 terrae
3620 2168 3757 2224 facta

2162 2269 2308 2327 sunt,
2349 2269 2403 2315 et
2433 2262 2598 2317 variis
2637 2262 2981 2331 passionibus
3022 2271 3079 2316 et
3126 2260 3549 2317 inﬁrmitatibus
3590 2262 3760 2332 subj:-

2160 2358 2306 2416 cent,
2339 2349 2464 2404 fami
2486 2390 2500 2415 ,
2529 2349 2639 2415 siti,
2676 2351 2932 2415 nuditati,
2965 2349 3289 2421 caeterisque
3320 2351 3565 2415 talibus;
3594 2362 3651 2404 ut
3679 2368 3761 2404 su-

2161 2438 2390 2495 blimitas
2420 2442 2485 2495 sit
2530 2441 2738 2495 virtutis
2767 2439 2865 2495 Dei
2900 2442 2956 2496 in
2984 2441 3153 2506 nobis,
3186 2452 3235 2495 ct
3271 2459 3375 2496 non
3405 2459 3473 2497 ea:
3510 2443 3686 2502 nobis.
3712 2442 3759 2496 id

2163 2540 2267 2597 est,
2298 2541 2357 2586 ut
2382 2532 2611 2587 altitudo
2638 2532 2854 2588 virtutis
2898 2534 2993 2588 Dei
3046 2536 3407 2590 annuntietur
3447 2552 3554 2606 per
3590 2551 3691 2591 nos
3713 2546 3762 2590 et

2165 2632 2443 2696 appareat,
2486 2626 2612 2695 quia
2648 2641 2755 2682 non
2784 2634 2868 2681 est
2897 2642 2964 2683 ex
2995 2627 3171 2693 nobis,
3218 2644 3394 2700 neque
3423 2628 3515 2682 illa
3550 2629 3761 2699 sapien-

2164 2716 2263 2780 tia,
2286 2731 2459 2785 neque
2483 2706 2660 2771 virtus
2691 2717 3102 2785 miraculorum,
3134 2719 3228 2775 sed
3255 2734 3323 2775 ex
3353 2719 3492 2786 Deo,
3526 2735 3651 2790 qua:
3675 2735 3764 2790 per

2164 2824 2265 2863 nos
2299 2817 2484 2863 tamen
2534 2807 2898 2875 ministratur,
2943 2826 3007 2866 ac
3036 2812 3080 2867 si
3128 2813 3335 2868 diceret
3363 2812 3488 2867 aliis
3540 2813 3759 2867 verbis:

2166 2898 2501 2954 Thesaurum
2543 2899 2733 2970 gratia:
2782 2900 3044 2970 spiritalis
3094 2903 3238 2973 quod
3269 2902 3662 2973 praedicamus,
3712 2910 3763 2956 et

2167 2995 2313 3066 quod
2342 2996 2495 3064 signa
2523 2994 2909 3050 miraculorum
2946 2992 3177 3049 facimus
3214 2993 3270 3048 in
3315 3008 3553 3063 corpore
3595 2991 3766 3063 fragili

2163 3084 2487 3153 bajulamus,
2517 3092 2572 3140 et
2598 3085 2743 3156 quod
2786 3084 2951 3139 etiam
2997 3082 3323 3154 frequenter
3351 3084 3481 3139 dum
3513 3083 3657 3137 alios
3684 3098 3766 3137 sae

2166 3192 2363 3232 namus
2392 3176 2493 3246 ipsi
2542 3175 2914 3243 inﬁrmamur,
2946 3176 3288 3248 subiacentes
3332 3176 3488 3241 fami,
3540 3177 3655 3242 siti,
3706 3185 3761 3230 ut

2095 3251 2139 3313 (ἶ
2174 3270 2316 3342 quod
2345 3269 2593 3337 facimus,
2616 3285 2722 3326 non
2750 3279 2934 3325 nostra
2956 3271 3178 3334 virtute,
3198 3269 3284 3324 vel
3307 3269 3512 3324 nostris
3535 3269 3763 3336 meritis,

2176 3365 2269 3421 sed
2290 3364 2594 3419 sublimitas
2620 3364 2875 3434 potentia:
2896 3363 2993 3435 Dei
3020 3378 3140 3420 esse
3161 3362 3556 3432 intelligantur.

2245 3456 2316 3511 In
2341 3455 2578 3512 omnibus
2602 3456 2776 3512 modis
2804 3464 2859 3512 et
2899 3456 3034 3512 locis
3068 3454 3463 3510 tribulationem
3493 3455 3764 3511 diversam

2172 3549 2421 3620 patimur,
2454 3548 2545 3603 sed
2573 3562 2677 3603 non
2707 3548 3073 3620 angustiamur
3101 3561 3119 3601 :
3156 3548 3208 3603 id
3240 3556 3346 3611 est,
3376 3546 3507 3602 licet
3539 3540 3768 3602 tribula-

2176 3638 2351 3692 tiones
2376 3645 2431 3692 et
2460 3637 2737 3703 angustias
2761 3636 3148 3702 sustineamus,
3182 3645 3361 3691 tamen
3394 3651 3504 3691 non
3539 3638 3612 3692 ita
3636 3652 3767 3691 con-

2174 3729 2495 3801 stringimur
2540 3730 2658 3785 sive
2700 3728 3097 3800 angustiamur,
3149 3736 3210 3783 ut
3261 3729 3524 3783 cedamus
3577 3729 3697 3784 loco
3738 3745 3767 3783 a

2174 3819 2580 3890 praedicatione,
2608 3808 2677 3873 et.
2694 3833 2968 3874 cessemus
2993 3833 3024 3872 a
3055 3824 3245 3873 nostro
3278 3819 3605 3889 propositio.
3628 3820 3766 3889 Αροο

2175 3914 2399 3977 riamur,
2448 3912 2502 3966 id
2531 3919 2615 3967 est
2648 3910 3024 3979 conjiciamur,
3072 3918 3126 3965 et
3156 3911 3484 3981 impmpcria
3536 3913 3767 3967 sustine-

2175 4019 2317 4069 mus,
2347 4004 2433 4061 vel
2452 4005 2596 4075 quod
2617 4004 2812 4060 melius
2836 4012 2938 4067 est,
2972 4003 3125 4074 quasi
3154 4018 3423 4075 pauperes
3449 4003 3765 4073 abjicimur;

2174 4096 2265 4149 sed
2288 4112 2390 4151 non
2405 4095 2763 4159 destituimur,
2788 4095 2842 4150 id
2863 4103 2966 4159 est,
2993 4109 3097 4149 non
3123 4093 3560 4165 derelinquimnr
3580 4112 3610 4150 a
3634 4095 3763 4161 Deo,

2175 4183 2271 4239 sed
2296 4184 2489 4254 positis
2514 4185 2568 4239 in
2597 4193 2916 4254 paupertate
2957 4193 3013 4239 et
3054 4184 3255 4265 inopia,
3305 4171 3462 4241 adest
3489 4187 3651 4242 nobis
3676 4203 3768 4257 pa—

2178 4283 2295 4330 stor
2351 4276 2515 4331 Dens.
2564 4276 2736 4347 Apras
2781 4275 2972 4331 Graeco
3018 4276 3283 4331 vocabulo
3327 4275 3520 4333 Latine
3574 4279 3767 4333 dicitur

2174 4379 2400 4436 pauper,
2432 4365 2557 4422 inde
2588 4365 2859 4437 aporiare,
2889 4365 3104 4436 proprie
3151 4367 3307 4437 quasi
3349 4382 3648 4440 pauperem
3676 4372 3767 4425 ab-

2088 4522 2091 4529 ,
2171 4458 2359 4529 jic‘ere.

2247 4548 2461 4620 Semper
2511 4550 2973 4620 mortiﬁcationem
3024 4549 3157 4606 Iesu
3211 4552 3269 4607 in
3313 4566 3535 4625 corpore
3591 4565 3764 4608 nostra

2096 4624 2151 4681 Π
2175 4641 2614 4711 circumferentes,
2655 4642 2768 4697 sive
2804 4650 3106 4712 portantes,
3132 4643 3185 4698 id
3206 4651 3309 4708 est,
3340 4659 3562 4714 semper
3584 4661 3765 4701 sumus

2177 4733 2570 4790 mortiﬁcantes
2604 4735 2851 4790 membra
2880 4745 3063 4790 nostra
3094 4751 3217 4791 cum
3256 4736 3405 4791 vitiis
3431 4746 3486 4791 et
3511 4739 3765 4809 cont-api.

2178 4821 2420 4888 scenti-is,
2454 4832 2511 4877 ut
2546 4831 2595 4877 et
2626 4824 2734 4878 vita
2753 4823 2904 4889 Iesu,
2934 4839 3040 4895 qua
3065 4824 3180 4894 ipse
3201 4826 3363 4881 modo
3387 4826 3517 4880 vivit
3546 4828 3767 4882 immor-

2177 4911 2301 4968 talis
2333 4910 2389 4966 in
2416 4912 2720 4982 corporibus
2762 4915 2955 4968 nostris
2982 4915 3353 4981 manifestetur
3389 4926 3513 4986 post
3540 4932 3768 4984 genera-

2176 5003 2282 5058 lem
2309 5004 2788 5068 resurrectionem,
2810 5005 2973 5059 aliter
3006 5004 3255 5061 Christus
3278 5006 3421 5061 sicut
3444 5010 3693 5077 pascitur
3713 5017 3767 5063 et

2174 5093 2415 5150 vescitur
2465 5094 2521 5149 in
2564 5094 2710 5161 suis,
2751 5095 2893 5150 sicut
2930 5095 3074 5151 dicet
3122 5096 3310 5165 electis
3338 5099 3639 5166 :Quandiu
3682 5099 3773 5154 his

2156 5185 2418 5242 .minimis
2433 5188 2569 5243 meis
2596 5186 2822 5255 fecistis,
2846 5187 2979 5243 mihi
3014 5187 3218 5244 fecistis
3245 5189 3464 5261 (Matth.
3506 5196 3659 5263 xxv),
3695 5194 3766 5246 ita

2092 5342 2097 5347 ,
2179 5277 2446 5334 occiditur
2476 5286 2534 5334 et
2561 5277 2925 5333 mortiﬁcatur
2951 5287 3116 5348 atque
3159 5280 3468 5350 ﬂagellatur
3506 5292 3565 5338 et
3586 5297 3766 5356 perac»

2179 5369 2366 5437 quitur
2390 5370 2443 5424 in
2470 5369 2605 5424 suis.
2634 5368 2826 5424 Nonne
2855 5369 2908 5424 in
2947 5369 3225 5441 Stephano
3254 5376 3689 5444 persequebatur
3712 5384 3766 5429 et

2179 5458 2540 5528 lapidabatur,
2581 5459 2799 5530 quando
2827 5460 2999 5515 dicite
3043 5461 3235 5529 ﬁnite,
3284 5462 3466 5530 Scuta,
3513 5466 3645 5535 quid
3682 5481 3769 5519 me

2174 5553 2537 5624 persequeris?
2566 5552 2704 5624 (Act.
2739 5553 2839 5625 nr.)
2870 5552 2967 5609 Sic
3004 5554 3141 5610 dixit
3168 5556 3335 5610 etiam
3356 5555 3555 5611 Petro:
3592 5556 3764 5613 Venio

2174 5641 2402 5698 Romam
2434 5644 2651 5699 itemut
2694 5644 2939 5716 cruciﬁgi
2999 5645 3053 5699 in
3098 5653 3173 5701 te.
3245 5646 3514 5717 Semper,
3562 5647 3762 5718 inquit,

2174 5733 2646 5790 mortiﬁcationem
2693 5733 2822 5791 Jesu
2850 5736 2907 5791 in
2953 5751 3182 5806 corpore
3211 5748 3401 5794 nostro
3441 5752 3628 5794 sumus
3649 5741 3764 5794 cra-

2171 5824 2530 5883 «inferentes
2552 5825 2675 5898 sive
2697 5827 3078 5896 perstantes,“
3114 5838 3196 5885 est
3216 5842 3435 5901 semper
3460 5827 3763 5887 muniﬁca-
