3996 6442
246 451 355 511 625

926 450 1288 509 ωοδιτιο
1324 451 1391 507 IN
1428 452 1578 509 EPP.
1620 453 1681 510 S.
1720 452 1833 510 PM

1938 492 1950 507 .
1990 483 2061 495 —
2098 451 2167 508 IN
2202 453 2419 512 EPIST.‘
2456 453 2502 511 11
2536 455 2629 511 AD
2663 454 2819 512 COll.

3408 455 3513 513 626

242 574 333 622 tur
350 564 511 622 Iesus
530 562 584 620 in
609 564 769 621 nobis
793 572 852 621 et
876 565 1167 631 occiditur,
1191 575 1251 622 ut
1273 567 1417 623 sicut
1437 568 1554 637 ipse
1578 566 1633 621 in
1664 566 1822 622 nobis
1851 574 1899 634 Α
1926 577 2176 647 aeternum
2207 568 2387 640 glorise
2405 578 2608 639 pondus
2626 581 2869 642 aperatur
2891 572 2945 625 in
2961 571 3126 627 nobis.
3156 571 3509 641 Momentum,

243 657 407 713 modo
433 656 723 729 occiditur,
754 665 811 712 et
833 673 934 714 nos
968 674 1066 729 pro
1085 659 1222 729 ipso,
1251 659 1326 714 ita
1348 659 1511 714 etiam
1541 659 1655 728 ipse
1683 659 1830 713 vivat

245 749 301 805 in
332 749 512 815 nobis,
537 757 592 804 et
616 764 716 805 nos
740 749 985 806 vivamus
1011 751 1084 805 ‘in
1116 751 1227 806 illo.
1271 751 1339 806 Et
1376 750 1527 805 sicut
1558 750 1676 820 ipse
1713 751 1829 821 jam

246 856 352 897 non
385 841 638 908 moritur,
687 841 781 897 sed
844 857 1063 913 semper
1123 842 1279 911 vivit,
1335 842 1411 896 ita
1460 849 1516 898 et
1556 856 1655 897 nos
1709 848 1832 911 post

245 933 702 990 resurrectionem
731 934 975 991 vivamus
1019 934 1352 991 immortales
1396 943 1454 989 et
1506 934 1833 1004 incorrupti-

244 1024 402 1082 biles.

318 1115 538 1187 Semper
563 1116 704 1171 enim
747 1108 863 1181 nos,
904 1118 994 1189 qui
1025 1117 1241 1173 vivimus
1271 1117 1323 1172 in
1352 1117 1615 1189 praesenti.
1634 1121 1831 1172 szecuio

247 1206 353 1261 fide
381 1208 646 1278 bonisque
669 1210 944 1278 operibus,
975 1210 1031 1264 in
1074 1219 1293 1263 mortem
1334 1209 1596 1264 tradimur
1622 1218 1833 1280 propter

245 1298 452 1367 Iesum,
492 1302 547 1357 id
579 1310 687 1368 est,
711 1303 950 1373 pericula
1000 1303 1192 1359 mortis
1238 1304 1566 1359 sustinemus
1611 1312 1833 1374 propter

250 1405 446 1446 nomen
472 1399 527 1446 et
567 1392 727 1447 ﬁdem
756 1392 955 1448 Christi
981 1408 1143 1463 quam
1183 1393 1538 1463 praedicamus
1564 1402 1621 1447 ut
1651 1403 1700 1447 et
1725 1395 1832 1449 vita

216 1462 399 1548 vlesu,
443 1498 549 1553 qua
579 1483 693 1554 ipse.
714 1482 827 1553 jam
859 1484 1010 1551 vivit,
1042 1485 1407 1554 manifestetur
1441 1485 1495 1538 in
1535 1500 1695 1539 carne
1736 1500 1833 1539 no-

247 1582 358 1626 stra
387 1573 621 1641 mortali,
662 1584 724 1629 ut
746 1576 855 1630 vita
888 1591 997 1645 qua
1026 1575 1281 1632 Christus
1307 1577 1609 1633 resurrexit
1634 1593 1664 1632 a
1686 1591 1831 1632 mor-

251 1662 378 1730 tuis,
416 1672 475 1719 et
525 1680 632 1736 qua
685 1667 847 1723 modo
889 1667 1043 1734 vivit,
1091 1668 1220 1725 huic
1268 1679 1467 1724 nostrae
1512 1669 1831 1725 mortalitati

247 1765 536 1824 praestetur
560 1758 938 1815 immortalitas
961 1768 1016 1815 et
1043 1760 1395 1831 incorruptio,
1418 1770 1477 1814 ut
1500 1768 1626 1831 post
1650 1776 1833 1817 resur-

248 1845 543 1902 reCtionem
578 1851 902 1919 promissam
926 1864 1032 1904 non
1064 1850 1352 1906 timeamus
1389 1851 1550 1905 mori.

1929 659 2311 715 brevissimum
2342 673 2428 716 est
2462 664 2694 731 spatium
2726 665 2986 734 temporis
3031 664 3232 720 dictum
3273 682 3303 720 a
3347 666 3510 722 celer-

1931 751 2069 807 rimo
2092 752 2327 807 siderum
2370 762 2535 807 metu.
2580 754 2784 810 Sensus
2818 766 2873 810 et
2912 757 3047 813 ordo
3086 758 3371 813 verborum
3408 758 3514 815 iste

1929 850 2053 899 est:
2097 842 2278 900 Omne
2312 851 2641 900 tormentum
2684 846 3051 904 tribulationis
3079 858 3277 905 nostra:
3306 867 3429 921 qum
3456 852 3511 907 in

1929 936 2182 1007 prtrsenti
2225 946 2329 1002 est,
2373 946 2824 1001 momentaneum,
2874 941 2988 996 sive
3030 943 3410 999 brevissimum
3458 953 3516 999 et

1929 1028 2046 1083 leve
2107 1030 2175 1084 ad
2229 1029 2585 1095 tolerandum,
2642 1039 2901 1100 operatur
2949 1033 3003 1086 in
3044 1034 3199 1087 nobis
3244 1043 3510 1089 aeternum

1927 1120 2140 1190 pondus
2161 1120 2369 1191 gloriae,
2400 1121 2452 1175 id
2480 1130 2563 1175 est
2593 1121 3019 1192 magnitudinem
3045 1124 3229 1195 gloriae
3252 1124 3306 1180 in
3336 1124 3518 1179 subli~

1929 1212 2117 1267 mitate
2153 1214 2341 1283 patriae
2367 1213 2630 1280 caelestis,
2674 1231 2836 1285 supra
2865 1217 3081 1273 modum
3122 1226 3173 1272 et
3205 1232 3367 1288 supra
3395 1226 3513 1272 ont-

1930 1319 2055 1359 nem
2077 1320 2386 1360 mensuram
2415 1323 2427 1359 :
2453 1306 2576 1377 quia
2607 1314 2908 1376 nonpotest
2928 1306 3313 1377 comprehendi
3334 1322 3511 1378 quan-

1931 1398 2229 1455 titasvillius
2254 1400 2460 1470 gloriae,
2498 1415 2674 1471 neque
2702 1402 3003 1457 mensurari
3057 1398 3349 1473 tempore:
3387 1401 3513 1474 quia

1930 1491 2048 1547 sine
2071 1491 2177 1547 line
2201 1500 2255 1547 et
2290 1492 2417 1548 sine
2433 1493 2664 1549 termino
2689 1494 2793 1548 erit
2820 1495 3146 1551 :eternaliter
3168 1512 3512 1566 permanens,

1933 1599 2036 1637 non
2073 1582 2539 1654 contemplantibus
2605 1585 2752 1640 nobis
2790 1603 2908 1657 qum
2963 1587 3224 1653 uidentur,
3267 1589 3356 1643 sed
3395 1608 3514 1661 quis

1933 1670 2034 1730 nan
2057 1675 2316 1740 videntur,
2347 1674 2399 1731 id
2420 1685 2524 1742 est,
2542 1692 2648 1732 non
2671 1678 3138 1733 considerantibus
3164 1679 3318 1736 nobis
3342 1689 3399 1736 et
3427 1691 3512 1736 at-

1935 1764 2277 1823 tendentibus
2326 1769 2581 1834 honores,
2628 1769 2868 1835 divitias,
2912 1778 2967 1825 et
3011 1770 3160 1843 lucra
3194 1771 3515 1842 temporalia

1934 1875 2055 1929 qua:
2077 1860 2328 1915 videntur
2360 1869 2416 1915 et
2458 1861 2615 1916 nobis
2652 1862 3040 1932 promittuntur
3069 1861 3140 1917 ab
3181 1862 3516 1918 amatoribus

316 1935 465 2009 Ergo
487 1954 629 1994 mors
652 1940 711 1995 in
736 1941 884 1995 nobis
911 1950 1177 2012 operatur,
1209 1942 1467 1998 subaudis
1504 1942 1646 2011 quod
1675 1959 1831 1999 suum
1863 1941 1908 2003 Β
1936 1951 2094 2022 hujus
2131 1951 2334 2017 saeculi,
2368 1953 2462 2009 sed
2503 1953 2696 2023 gaudia
2741 1954 2931 2023 patriae
2960 1954 3218 2019 caelestis,
3261 1971 3381 2025 qua:
3407 1970 3513 2009 non

246 2038 352 2095 est,
383 2029 509 2099 quia
537 2046 753 2101 semper
782 2032 1074 2088 mortiﬁcat
1102 2049 1203 2089 nos
1242 2048 1342 2104 per
1381 2033 1580 2090 multas
1609 2035 1836 2091 tribula-

249 2122 424 2185 tiones
458 2129 515 2176 et
541 2122 840 2192 angustias,
872 2123 975 2177 vita
999 2110 1195 2189 autem,
1229 2124 1280 2179 id
1307 2132 1414 2189 est,
1444 2125 1578 2179 ﬁdes
1614 2141 1722 2197 qua
1747 2125 1837 2195 ju-

250 2220 371 2268 stus
397 2212 552 2277 vivit,
588 2210 643 2267 in
669 2213 810 2269 vobis
847 2224 1105 2286 operatur
1130 2216 1274 2286 quod
1323 2231 1481 2272 suum
1511 2226 1617 2284 est,
1643 2227 1699 2272 et
1724 2226 1836 2274 tra-

247 2303 328 2358 hit
348 2304 416 2359 ad
446 2303 612 2359 vitam
640 2317 920 2372 aeternam,
949 2316 1003 2362 et
1032 2315 1115 2363 est
1142 2322 1332 2363 sensus
1362 2327 1374 2363 :
1408 2308 1638 2377 Propter
1668 2310 1834 2365 vitam

245 2405 506 2452 aeternam
529 2412 693 2468 quam
719 2414 818 2455 nos
833 2400 983 2456 vobis
1004 2401 1384 2470 praedicamus,
1408 2410 1463 2457 et
1486 2402 1645 2458 tidem
1668 2419 1832 2473 quam

246 2490 400 2545 vobis
426 2490 820 2557 ministramus,
861 2494 1125 2549 morimur
1149 2504 1205 2551 et
1240 2494 1617 2563 interficimur,
1657 2496 1834 2567 quoti-

247 2581 337 2655 die
364 2583 607 2652 pericula
634 2586 1187 2649 mortissustinendo.

317 2674 588 2731 Habemus
616 2687 790 2733 autem
812 2695 911 2735 nos
935 2682 1162 2750 apostoli
1196 2685 1486 2756 caeterique
1524 2672 1828 2757 credentes,

246 2765 482 2819 eumdem
510 2768 752 2838 spiritum
791 2770 908 2834 Dei,
935 2772 1192 2828 subaudis
1217 2788 1377 2843 quem
1411 2776 1717 2834 habuerunt
1737 2795 1833 2850 pa-

251 2866 362 2914 tres
386 2856 599 2916 Veteris
626 2859 957 2919 Testamenti
984 2882 996 2919 :
1028 2866 1155 2935 quia
1185 2869 1328 2936 quod
1357 2868 1432 2924 illi
1463 2872 1832 2940 praedixerunt

248 2950 316 3007 de
343 2951 558 3009 Christo
600 2956 954 3028 implendum,
986 2975 1085 3015 nos
1128 2963 1398 3017 credimus
1428 2962 1540 3032 jam
1567 2965 1829 3037 adimple-

250 3054 386 3103 tum.
419 3046 682 3106 Similiter
723 3051 793 3107 de
835 3052 1011 3107 salute
1036 3055 1298 3123 gentium,
1330 3057 1548 3111 scientes
1579 3059 1830 3129 quoniam

250 3136 392 3195 Deus
419 3139 578 3196 Pater
604 3144 693 3213 qui
718 3143 1205 3210 suseitavitlesum,
1237 3156 1285 3201 et
1313 3163 1406 3202 nos
1435 3164 1551 3202 cum
1582 3147 1711 3203 Iesu
1733 3167 1826 3205 su-

247 3229 475 3295 scitabit,
504 3230 560 3286 in
595 3231 680 3287 die
702 3232 922 3303 judicii,
956 3234 1008 3290 id
1034 3244 1119 3291 est
1149 3252 1248 3306 per
1290 3237 1545 3293 virtutem
1578 3238 1728 3308 Jesu,
1776 3249 1825 3296 et

249 3320 522 3374 constituet
551 3320 835 3389 uobiscum,
864 3323 919 3378 in
948 3325 1115 3396 gloria
1141 3336 1363 3382 aeterna.

322 3411 513 3467 Omnia
548 3416 706 3483 enim,
733 3416 991 3474 subaudis
1029 3421 1256 3478 adversa
1283 3421 1444 3493 hujus
1473 3424 1679 3490 saeculi,
1707 3441 1833 3495 pro—

248 3513 361 3573 pter
385 3520 471 3561 vos
501 3507 853 3574 sustinemus,
894 3526 928 3566 o
963 3513 1211 3583 gentiles,
1251 3516 1376 3585 quia
1404 3516 1556 3571 vobis
1583 3516 1740 3572 ﬁdem
1776 3525 1833 3573 et

250 3591 415 3646 vitam
445 3601 700 3650 mternam
731 3598 1125 3667 praedicamus:
1158 3612 1215 3656 ut
1240 3604 1413 3674 gratia
1443 3605 1718 3661 abundans
1743 3624 1837 3677 per

250 3682 440 3738 multos
483 3685 535 3741 in
562 3690 856 3758 gratiarum
879 3694 1101 3759 actione,
1129 3696 1356 3751 abundet
1380 3698 1436 3751 in
1461 3699 1683 3769 gloriam
1714 3700 1831 3755 Dei.

250 3769 493 3830 Gratiam
546 3779 909 3835 abundantem
949 3784 1182 3853 appellat
1232 3792 1483 3856 magnam
1513 3774 1834 3859 sapientiam

249 3863 512 3933 divinam,
560 3884 681 3939 quae
722 3873 893 3941 gratis
936 3872 1044 3928 illis
1087 3875 1213 3929 data
1248 3886 1351 3932 est.
1398 3879 1545 3935 Ordo
1575 3890 1660 3935 est
1690 3881 1832 3937 iste:

247 3956 374 4013 Ideo
408 3958 634 4015 adversa
664 3960 824 4028 hujus
865 3962 1048 4018 sinculi
1081 3975 1304 4036 propter
1346 3984 1442 4024 vos
1480 3971 1833 4037 sustinemus,

250 4058 311 4125 ut
340 4065 533 4121 magna
559 4051 823 4120 sapientia
848 4054 1031 4109 divina
1060 4072 1181 4126 qua:
1211 4059 1369 4114 nobis
1389 4061 1560 4130 gratis
1581 4063 1704 4117 data
1726 4072 1833 4132 est,

251 4140 491 4200 abundet
518 4158 616 4212 per
639 4143 836 4200 multos
856 4148 1143 4204 credentes
1168 4149 1222 4204 in
1246 4151 1472 4223 gloriant
1499 4173 1511 4208 :
1539 4163 1595 4209 et
1622 4155 1834 4213 laudem

250 4230 350 4287 Dei
386 4247 508 4286 cum
542 4233 838 4304 gratiarum
861 4239 1097 4306 actione,
1125 4242 1372 4299 videlicet
1391 4258 1451 4298 ut
1474 4246 1689 4316 plurimi
1713 4263 1835 4304 cre-

250 4325 443 4382 dentes
470 4343 568 4397 per
592 4340 834 4386 nostram
870 4334 1199 4403 doctrinam,
1230 4339 1431 4410 gratias
1452 4349 1507 4396 et
1535 4341 1720 4399 laudes
1747 4360 1834 4400 re—

250 4414 431 4473 ferant
471 4419 602 4474 Deo.
642 4420 871 4489 Quidam
920 4427 1137 4483 codices
1188 4430 1408 4497 habent,
1465 4440 1525 4486 ut
1572 4435 1832 4506 sapientia

250 4511 432 4566 divina
454 4512 691 4570 abundet
718 4532 817 4586 per
842 4519 1035 4574 multas
1054 4523 1347 4592 gratiarum
1380 4527 1619 4583 actiones
1640 4529 1693 4591 in
1721 4529 1837 4587 lau-

250 4602 373 4656 dem
401 4604 519 4669 Dei,
551 4606 693 4674 quod
719 4623 825 4663 non
853 4609 1123 4682 discrepat
1150 4631 1180 4668 a
1213 4629 1396 4670 sensu.

323 4712 551 4787 Propter
572 4720 731 4787 quod,
764 4721 1022 4778 subaudis
1060 4732 1117 4778 ut
1152 4727 1414 4796 sapientia
1442 4728 1621 4785 divina
1657 4732 1832 4786 abun-

251 4805 343 4860 det
369 4820 468 4876 per
496 4808 692 4865 multos
719 4812 1003 4869 credentes
1042 4814 1093 4869 in
1127 4816 1337 4872 laudem
1376 4820 1489 4884 Dei,
1518 4838 1621 4876 non
1659 4822 1839 4893 deﬁci-

184 4968 191 4975 .
249 4912 371 4951 mus
400 4896 542 4979 inter
590 4902 828 4970 pericula
878 4906 1068 4960 mortis
1114 4922 1145 4961 a
1191 4908 1313 4965 fide.
1365 4909 1471 4965 Sed
1503 4912 1618 4967 licet
1666 4916 1711 4968 is
1746 4917 1835 4987 qui

253 4986 386 5057 {eris
420 4998 494 5043 est
528 5001 705 5046 noster
724 4992 877 5047 homo
904 5008 1289 5067 corrumpatur,
1320 5008 1494 5056 tamen
1515 5003 1560 5057 is
1582 5004 1672 5074 qui
1692 4986 1834 5059 intus

251 5087 330 5143 est
354 5091 641 5152 renouatur
663 5082 729 5138 de
757 5084 842 5138 die
862 5086 921 5139 in
939 5085 1098 5140 diem.
1125 5086 1299 5155 llomo
1328 5092 1568 5146 exterior
1598 5094 1835 5163 appella-

253 5181 346 5227 tur
391 5189 613 5242 corpus,
664 5176 889 5233 interior
921 5193 1050 5234 vero
1094 5182 1294 5236 anima.
1354 5183 1505 5238 Licet
1552 5196 1729 5242 autem
1765 5205 1831 5244 ex

251 5264 473 5320 duabus
493 5266 807 5324 substantiis
844 5278 900 5324 ct
934 5273 1143 5326 naturis
1177 5280 1390 5328 constet
1424 5275 1608 5340 homo,
1654 5286 1834 5334 tamen

252 5369 364 5410 non
388 5364 516 5411 sunt
544 5357 652 5412 duo
680 5357 950 5425 homines,
995 5362 1177 5416 anima
1224 5372 1279 5417 et
1323 5378 1540 5432 corpus,
1572 5366 1666 5422 sed
1696 5383 1836 5424 unus

254 5449 443 5503 homo.
475 5447 647 5504 Homo
689 5451 780 5520 qui
812 5452 944 5525 toﬁ
977 5460 1082 5519 est,
1114 5470 1310 5525 corpus
1336 5457 1607 5522 videlicet,
1630 5469 1837 5528 quanto

254 5540 490 5610 amplius
535 5542 900 5612 corrumpitur
947 5548 1232 5601 tormentis
1276 5558 1330 5602 et
1375 5548 1833 5615 tribulationibus,

253 5650 325 5690 eo
351 5632 583 5704 amplius
604 5642 892 5697 renovatur
912 5635 1163 5703 interior,
1193 5639 1246 5693 id
1272 5649 1355 5694 est
1392 5640 1672 5711 purgatior
1692 5641 1838 5697 exsi-

254 5728 354 5782 stit
374 5726 580 5781 anima.

257 5906 618 5977 tribulationis
674 5918 901 5977 nostrte,
945 5926 1106 5982 supra
1156 5913 1365 5969 modum
1414 5915 1469 5969 in
1518 5916 1838 5972 sublimitate

1860 4664 1913 4724 D

1933 2043 2186 2099 videntur
2219 2045 2388 2100 oculis
2416 2046 2714 2114 corporeis,
2744 2046 2833 2100 illa
2872 2045 3300 2100 consideramus.
3353 2042 3512 2101 Puto-

1934 2144 2021 2191 rat
2055 2135 2251 2206 aliquis
2275 2137 2493 2193 dicere:
2520 2137 2698 2205 Quare
2724 2153 2829 2192 non
2858 2138 3215 2192 consideratis
3243 2139 3345 2193 ista
3374 2147 3513 2193 tem-

1932 2224 2172 2299 poralia?
2195 2224 2276 2281 Ad
2299 2226 2416 2280 haec
2446 2225 2737 2296 Apostolus
2761 2228 2977 2282 subdit:
3006 2226 3138 2292 Qui:
3168 2227 3306 2282 enim
3338 2228 3515 2281 viden-

1931 2326 2018 2371 tur
2041 2315 2351 2388 temporalia
2372 2327 2512 2383 sunt,
2537 2326 2593 2373 et
2615 2318 2924 2373 transitoria
2951 2336 2963 2372 :
2984 2334 3103 2389 quae
3123 2328 3297 2372 autem
3314 2335 3421 2372 non
3439 2318 3514 2371 vi-

1932 2409 2140 2476 dentur,
2178 2410 2281 2468 nisi
2330 2426 2430 2482 per
2474 2411 2655 2478 ﬁdem,
2711 2422 2906 2466 aeterna
2955 2420 3097 2477 sunt,
3147 2411 3373 2481 ideoque
3422 2410 3509 2465 illa

1930 2502 2323 2573 postponimus,
2355 2509 2409 2557 et
2438 2502 2509 2557 ita
2540 2503 2912 2573 amplectimur
2937 2518 3059 2574 quae
3086 2517 3336 2558 mansura
3362 2512 3508 2557 sunt.

2541 2611 2770 2670 CAPUT
2810 2614 2874 2670 ν.
3180 2673 3187 2678 .

2002 2704 2207 2763 Scimus
2230 2707 2369 2761 enim
2387 2707 2635 2776 quoniam
2659 2707 2705 2761 si
2726 2708 2981 2762 terrestris
3014 2706 3199 2762 domus
3224 2716 3401 2762 nostra
3422 2708 3514 2762 hu-

1922 2796 2016 2867 jus
2045 2796 2383 2851 habitationis
2406 2797 2743 2864 dissolvatur,
2773 2798 2825 2853 id
2847 2806 2952 2862 est,
2976 2799 3021 2852 si
3045 2813 3241 2869 corpus
3265 2809 3509 2854 nostrum

1930 2896 2231 2953 terrenum,
2298 2889 2529 2944 mortale
2582 2898 2639 2945 et
2682 2891 3032 2961 corruptibile
3080 2892 3133 2946 in
3184 2907 3292 2962 quo
3331 2892 3511 2946 anima

1929 2987 2113 3036 nostra
2140 2980 2369 3043 habitat,
2407 2980 2733 3035 dissolvatur
2751 2997 2849 3051 per
2871 2982 3265 3052 aegritudinem,
3298 2997 3394 3052 per
3421 2983 3515 3035 tri-

1929 3071 2234 3127 bulationes
2278 3072 2575 3137 maximas,
2620 3083 2674 3127 et
2720 3089 2819 3142 per
2860 3086 3087 3129 mortem
3130 3076 3407 3146 redigatur
3457 3077 3510 3129 in

1928 3164 2230 3237 pulverem;
2255 3164 2392 3237 quod
2414 3163 2815 3234 aediﬁcationem
2840 3166 3120 3220 habeamus
3147 3183 3212 3221 ea:
3230 3166 3337 3221 Deo
3362 3186 3374 3221 :
3399 3168 3512 3223 sive

1932 3272 1963 3312 a
2008 3257 2156 3322 Deo,
2204 3257 2415 3311 domum
2443 3273 2544 3311 non
2594 3257 2983 3327 manufactam,
3031 3258 3121 3313 sed
3163 3268 3411 3313 a'ternam
3453 3260 3510 3314 in

1937 3348 2095 3404 caelis.
2131 3347 2282 3415 Quod
2307 3347 2437 3402 dicit
2455 3347 2876 3416 aediﬁcationem,
2910 3347 3012 3402 hoc
3041 3348 3274 3419 appellat
3295 3350 3510 3404 domum

1936 3457 2047 3497 non
2087 3440 2483 3506 manufactam,
2520 3455 2720 3510 corpus
2761 3440 3016 3497 videlicet
3061 3442 3322 3508 mortale,
3367 3443 3513 3513 quod

1936 3549 2043 3588 non
2074 3532 2166 3587 ﬁet
2192 3547 2375 3596 manu,
2399 3531 2451 3586 id
2487 3540 2572 3587 est
2605 3531 2975 3601 complexione
3007 3534 3173 3588 maris
3193 3544 3247 3588 et
3273 3532 3512 3598 feminae,

1936 3624 2097 3679 sicuti
2124 3623 2290 3688 istud,
2321 3624 2414 3678 sed
2441 3623 2495 3677 in
2520 3623 2721 3678 virtute
2743 3624 3130 3695 omnipotentis
3167 3624 3263 3681 Dei
3295 3641 3514 3697 repara-

1936 3718 2105 3783 bitur,
2144 3726 2202 3772 ut
2237 3718 2311 3775 sit
2350 3719 2658 3773 immortale
2696 3725 2751 3774 et
2792 3728 3073 3787 aeternum,
3106 3728 3161 3775 et
3201 3721 3270 3776 sit
3295 3720 3350 3775 in
3376 3720 3516 3776 coelo

1936 3823 2181 3880 semper;
2214 3817 2272 3864 et
2296 3819 2382 3864 est
2406 3810 2540 3865 ordo
2567 3820 2731 3880 atque
2768 3827 2996 3868 sensus:
3046 3814 3103 3867 Si
3145 3813 3376 3868 mortale
3413 3813 3517 3868 hoc

1937 3914 2154 3970 corpus,
2186 3900 2277 3954 tibi
2305 3900 2464 3955 modo
2487 3901 2694 3956 habitat
2733 3904 2942 3965 anima,
2977 3902 3298 3958 dissolutum
3349 3903 3515 3959 fuerit

1938 4005 2035 4059 per
2068 3999 2320 4055 mortem,
2346 3991 2548 4046 scimus
2576 4000 2631 4047 et
2657 3994 2792 4048 certi
2820 4010 3006 4048 sumus
3033 3995 3177 4064 quod
3209 4010 3240 4049 a
3271 3994 3383 4049 Deo
3415 3996 3514 4050 ha-

1938 4081 2160 4136 beamus
2182 4081 2238 4135 in
2269 4081 2424 4137 caelis
2462 4092 2720 4138 aeternam
2746 4085 3180 4151 aedificationem,
3214 4095 3270 4140 et
3295 4088 3515 4141 domum

1938 4188 2047 4228 non
2076 4173 2439 4228 manufactam
2472 4193 2484 4229 :
2528 4190 2724 4247 corpus
2752 4176 3001 4233 videlicet
3041 4178 3364 4245 immortale,
3409 4179 3517 4234 vir—

1938 4273 2051 4322 tute
2082 4264 2176 4320 Dei
2202 4275 2524 4335 reparatum.

2014 4356 2153 4410 Nam
2177 4366 2224 4410 et
2264 4357 2318 4411 in
2351 4356 2470 4422 hoc,
2511 4358 2768 4415 subaudis
2790 4375 3015 4430 corpore
3043 4363 3281 4431 mortali,
3332 4365 3515 4434 positi,

1936 4449 2345 4518 ingemiscimus,
2375 4450 2548 4515 idest,
2573 4466 2695 4505 cum
2720 4452 2920 4524 gemitu
2955 4454 3288 4524 postulamus
3313 4456 3518 4512 absolvi

1937 4539 2008 4595 ab
2030 4542 2133 4596 hoc
2166 4555 2395 4611 corpore
2425 4544 2660 4607 mortali,
2698 4545 2959 4615 cupientes
2988 4549 3293 4621 superindui
3316 4550 3522 4609 habita-

1938 4633 2129 4689 tionem
2160 4644 2390 4689 nostram
2437 4651 2554 4706 quae
2595 4637 2661 4689 de
2710 4636 2835 4690 caelo
2855 4648 2949 4700 est,
2998 4639 3048 4699 id
3078 4649 3184 4706 est,
3217 4641 3522 4700 immortale

1941 4739 2137 4795 corpus
2165 4725 2445 4795 cupientes
2469 4727 2730 4796 recipere.
2755 4726 2909 4797 Quod
2935 4728 3054 4787 ideo
3077 4732 3143 4786 de
3169 4733 3306 4793 caelo
3326 4735 3525 4790 dicitur

1942 4832 2083 4882 esse,
2107 4818 2233 4888 quia
2266 4819 2487 4875 caeleste
2512 4822 2619 4876 erit
2646 4830 2700 4875 et
2730 4822 2782 4876 in
2827 4821 2981 4880 cmlis
3011 4824 3300 4893 habitabit.
3332 4844 3519 4899 superv

1943 4902 2090 4963 indui
2119 4919 2296 4964 autem
2318 4950 2333 4975 ,
2359 4911 2411 4966 id
2433 4920 2519 4967 est
2542 4929 2706 4983 super
2741 4916 2976 4971 animam
2998 4958 3025 4981 ,,
3050 4918 3191 4978 sicut
3226 4922 3386 4979 modo
3413 4922 3523 4979 isto.

1942 4998 2153 5052 mortali
2191 5007 2273 5054 est
2295 5000 2474 5056 anima
2503 5004 2716 5058 vestita.

2015 5089 2074 5146 Si
2102 5102 2275 5147 tamen
2318 5094 2507 5160 vestiti,
2536 5098 2792 5154 subaudis
2826 5116 2854 5156 a
2899 5100 3151 5168 Christo,
3177 5114 3225 5160 et
3270 5122 3372 5161 non
3394 5108 3524 5167 nudi

1940 5183 2289 5251 inueniamur,
2323 5186 2393 5240 ab
2423 5186 2536 5253 illo,
2563 5196 2617 5244 et
2641 5199 2724 5249 est
2752 5207 2943 5247 sensus
2968 5212 2980 5247 :
3018 5193 3169 5251 Tunc
3199 5198 3522 5267 recipiemus

1941 5288 2138 5344 corpus
2168 5275 2471 5333 immortale
2496 5280 2563 5333 ad
2591 5280 2835 5352 gloriam,
2865 5292 2919 5338 et
2955 5292 3081 5340 tunc
3111 5286 3215 5341 erit
3239 5288 3457 5346 cmleste
3477 5293 3524 5346 si

1942 5364 1995 5420 in
2043 5366 2130 5421 die
2177 5369 2367 5424 mortis
2413 5381 2614 5425 nostra:
2656 5372 2741 5427 vel
2791 5372 2844 5427 in
2884 5374 2971 5431 die
3014 5373 3206 5449 iudicii
3260 5376 3523 5435 fuerimus

1942 5460 2124 5514 vestiti
2149 5460 2386 5526 Christo,
2413 5473 2470 5517 ut
2495 5464 2609 5533 ipse
2636 5465 2707 5519 sit
2733 5465 3036 5532 nobiscum,
3059 5475 3114 5521 et
3133 5484 3238 5523 non
3262 5468 3525 5526 fuerimus

1939 5546 2145 5602 inventi
2177 5552 2304 5605 nudi
2345 5552 2413 5606 ab
2458 5553 2572 5619 illo,
2603 5562 2658 5608 et
2691 5555 2760 5609 ab
2797 5555 2914 5625 ejus
2953 5556 3289 5625 protectione
3334 5557 3517 5616 alieni.

1938 5635 2140 5693 Omnes
2163 5641 2306 5695 enim
2330 5643 2484 5698 electi
2513 5644 2734 5699 Christo
2755 5656 2881 5701 sunt
2907 5648 3108 5715 vestiti,
3139 5650 3265 5721 quia
3300 5651 3414 5723 ipse
3440 5664 3525 5710 est

1858 5730 1863 5735 ’
1937 5742 2123 5783 eorum
2149 5734 2434 5799 protectio,
2459 5736 2908 5806 sicutApostolus
2943 5739 3074 5795 dicit
3104 5760 3116 5795 :
3159 5741 3424 5816 Quotquot
3468 5745 3525 5800 in

291 5848 297 5861 ι
326 5816 398 5871 Id
417 5818 557 5872 enim
568 5816 716 5888 quod
745 5817 802 5871 in
844 5819 1091 5888 pruenti
1123 5829 1199 5875 est
1227 5833 1642 5878 momentaneum
1664 5834 1715 5879 et
1732 5824 1839 5879 lere
1867 5858 1872 5863 -

1940 5821 2147 5876 Christo
2188 5822 2438 5893 baptizati
2478 5828 2618 5889 estis,
2652 5827 2919 5884 Christum
2954 5831 3201 5887 induistis
3242 5830 3382 5905 (Gal.
3412 5835 3535 5917 in),

1938 5916 1990 5971 id
2014 5926 2118 5987 est,
2142 5916 2414 5974 Christum
2439 5920 2646 5974 habetis
2678 5929 3058 5990 protectorem.
