3996 6466
444 474 549 529 627

917 464 1277 525 HAYMOS‘IS
1310 459 1785 519 HALBERSTAT.
1826 459 2041 517 EPISC.
2082 457 2239 515 OPP.
2280 457 2464 515 PARS
2495 457 2540 513 1.
2575 489 2645 501 —-
2681 458 3040 517 COMDIENT.
3078 458 3253 515 BlBL.

3618 456 3725 514 69.8

521 592 661 648 Nam
699 601 749 647 et
789 590 878 661 qui
910 603 1090 643 sumus
1121 586 1178 639 in
1219 581 1557 639 tabernaculo
1586 581 1720 645 isto,
1754 579 1807 634 id
1849 587 1935 661 est
1973 579 2029 633 in
2055 581 2105 642 Α
2134 582 2415 641 nocentes,
2434 582 2491 629 et
2517 582 2578 629 ut
2606 574 2707 645 ipsi
2732 575 2900 631 etiam
2927 573 3098 629 videri
3122 573 3334 645 possint
3352 573 3431 629 ab
3444 573 3722 631 omnibus.

446 698 676 756 corpore
699 680 935 745 mortali,
955 678 1113 749 quasi
1140 678 1376 732 viatores
1405 674 1457 728 in
1479 672 1865 744 papilionibus,
1887 672 2030 742 inge-

443 780 747 842 miscimus,
782 774 837 829 id
875 781 982 838 est,
1011 770 1256 828 dolemus
1283 767 1518 839 gravati,
1544 765 1707 831 fame,
1731 764 1844 829 siti,
1875 763 2033 818 nudi-

446 878 590 932 tate,
626 866 859 936 aliisque
898 862 1161 935 periculis
1196 877 1257 915 eo
1276 858 1418 931 quod
1461 855 1705 912 nolumus
1747 852 2033 925 exspoliari

444 961 514 1016 ab
544 959 648 1013 hoc
667 969 896 1026 corpore
925 952 1164 1018 mortali,
1194 951 1286 1006 sed
1307 949 1555 1007 volumus
1576 946 1908 1018 supervestiri
1930 945 2032 999 im-

445 1047 800 1111 mortalitate,
826 1060 932 1100 non
955 1042 1350 1098 interveniente
1381 1047 1588 1103 morte,
1608 1046 1665 1092 ut
1693 1035 2034 1090 absorbeatur

443 1140 583 1210 quod
614 1137 839 1193 mortale
861 1146 961 1202 est,
990 1153 1023 1189 a
1043 1136 1169 1199 vita,
1198 1133 1251 1188 id
1274 1141 1357 1188 est
1380 1142 1439 1186 ut
1483 1130 1615 1185 illud
1637 1128 1782 1198 quod
1803 1126 2034 1183 mortale

445 1231 501 1286 in
522 1229 680 1286 nobis
706 1236 762 1285 et
793 1225 1166 1297 corruptibile,
1186 1224 1514 1295 deglutiatur
1534 1222 1602 1277 ab
1626 1218 2035 1275 immortalitate

444 1331 503 1377 et
534 1322 646 1376 vita
668 1333 952 1384 mansura,
979 1317 1121 1373 sicut
1154 1314 1493 1371 consumitur
1520 1310 1841 1382 parvissima
1879 1315 2031 1379 gutta

447 1426 623 1481 aqum,
657 1410 802 1465 avidi
844 1409 985 1481 ignis
1005 1408 1244 1478 projecta
1275 1405 1329 1460 in
1360 1403 1656 1458 maximum
1697 1400 2031 1465 incendium,

449 1518 514 1558 ac
560 1502 608 1558 si
651 1503 899 1558 diceret:
936 1501 1060 1557 ideo
1103 1499 1507 1572 ingemiscimus
1548 1497 1605 1551 in
1653 1496 1758 1552 hoc
1801 1508 2035 1565 corpore

450 1592 704 1659 mortali,
752 1593 897 1663 quod
943 1602 1200 1664 gravatur
1247 1592 1413 1647 variis
1467 1588 1768 1661 angustiis,
1813 1588 1941 1659 quia
1984 1587 2032 1644 si

447 1693 634 1756 posset
681 1684 823 1749 ﬁeri,
867 1683 1136 1746 nollemus
1172 1683 1335 1747 mori,
1385 1682 1482 1737 sed
1523 1682 1788 1743 vellemus
1816 1689 1876 1737 ut
1916 1682 2031 1751 ipsa

450 1789 601 1829 mors
629 1775 683 1829 in
712 1774 869 1831 nobis
896 1773 1176 1844 deﬁceret,
1199 1783 1257 1829 et
1288 1773 1657 1844 recipercmus
1680 1772 1737 1827 in
1777 1772 2031 1844 praesenti

448 1869 651 1926 steculo
674 1843 1140 1927 immortalitatem
1165 1877 1225 1924 ut
1245 1883 1521 1939 nunquam
1545 1881 1888 1923 moreremur
1906 1882 1920 1932 ;
1935 1866 2029 1922 sed

447 1959 596 2017 nullo
623 1960 784 2015 modo
812 1960 906 2015 ﬁet
937 1960 1065 2016 illud
1091 1959 1147 2015 in
1174 1959 1430 2030 praesenti
1458 1958 1682 2016 saeculo.

522 2051 627 2118 Qui
647 2062 823 2107 autem
862 2053 1014 2122 efﬁcit
1055 2069 1149 2105 nos
1192 2052 1250 2106 in
1282 2052 1378 2105 hoc
1418 2051 1621 2122 ipsum,
1652 2050 1744 2120 qui
1787 2048 2033 2120 perﬁciet

448 2143 785 2199 immortales
830 2144 887 2198 in
920 2144 1025 2198 alia
1065 2145 1193 2207 vita,
1226 2143 1390 2209 Deus,
1422 2152 1507 2199 est
1538 2144 1900 2213 omnipateus,
1943 2143 2032 2214 qui

450 2233 593 2288 dedit
626 2233 811 2300 nobis,
844 2233 900 2288 in
941 2249 1002 2289 se
1047 2235 1413 2301 credentibus,
1441 2236 1631 2306 pignus
1653 2234 1884 2305 Spiritus
1907 2249 2033 2290 san-

450 2326 522 2380 cti
547 2366 563 2391 ,
599 2325 653 2380 id
685 2334 773 2381 est
807 2326 1024 2381 vadium
1051 2326 1200 2382 dedit
1221 2326 1377 2382 nobis
1402 2335 1646 2395 tempore
1670 2325 2032 2396 baptismatis,

450 2418 681 2488 gratiam
707 2415 944 2487 Spiritus
970 2415 1168 2482 sancti,
1192 2425 1252 2472 ut
1284 2417 1462 2473 securi
1482 2416 1654 2473 simus
1678 2416 1744 2472 de
1764 2416 2034 2486 promissa

449 2508 621 2579 gloria
675 2508 1030 2578 haereditatis.
1084 2507 1145 2567 Si
1197 2508 1343 2563 enim
1401 2517 1608 2564 tantum
1669 2516 1753 2564 est
1804 2508 2030 2580 pignus,

448 2607 653 2670 quanta
682 2600 790 2653 erit
811 2599 1106 2654 hacreditas
1134 2609 1190 2656 et
1217 2599 1507 2670 completio
1539 2600 1963 2670 promissionis?

521 2690 786 2745 Audentes
827 2691 993 2761 igitur
1028 2707 1264 2762 semper,
1315 2692 1381 2746 id.
1417 2700 1504 2753 est
1549 2691 1831 2765 audaciam
1869 2690 2033 2746 habe-

451 2798 601 2848 mus,
623 2793 677 2837 et
696 2783 815 2839 ausi
844 2798 1032 2839 sumus
1054 2784 1234 2839 dicere
1250 2784 1450 2839 habere
1473 2799 1570 2838 nos
1592 2769 1785 2854 pignus
1801 2781 2034 2853 Spiritus

400 2868 423 2885 ’
453 2876 629 2931 sancti
652 2884 709 2930 et
738 2891 928 2931 sumus
949 2876 1167 2931 scientes
1196 2877 1445 2947 quoniam
1478 2876 1605 2930 dum
1632 2892 1812 2930 sumus
1845 2875 1899 2929 in
1937 2875 2033 2931 hac

451 2982 669 3039 corpore
687 2967 924 3030 mortali,
941 2970 1337 3039 peregrinantur
1357 2986 1388 3023 a
1410 2967 1660 3029 Domino.
1684 2967 1735 3022 id
1757 2977 1861 3032 est,
1876 2967 2035 3039 longe

449 3072 639 3113 sumus
670 3072 700 3111 a
729 3057 985 3113 Domino.
1014 3057 1147 3114 Cum
1192 3058 1334 3115 idem
1376 3058 1663 3128 Apostolus
1697 3059 1844 3116 dicat
1882 3059 2032 3126 alibi,

449 3149 787 3205 conﬁrmans
811 3149 1135 3204 sententiam
1173 3147 1452 3218 cujusdam
1495 3149 1740 3220 gentilis,
1777 3151 2033 3221 quoniam

447 3240 505 3294 in
534 3238 669 3309 ipso,
698 3238 749 3293 id
772 3247 858 3294 est
878 3237 931 3292 in
953 3238 1063 3295 Deo
1086 3240 1319 3305 vivimus,
1337 3256 1603 3295 movemur
1623 3250 1669 3295 et
1686 3257 1866 3295 sumus
1890 3240 2031 3313 (Act.

2131 666 2241 722 Pro
2265 667 2637 738 magnitudine
2660 682 2792 738 ergo
2838 669 3124 737 potestatis
3159 675 3215 723 et
3242 664 3487 735 iudicis,
3517 667 3725 737 magni-

2130 762 2260 818 tudo
2286 761 2573 818 tribunalis
2601 771 2655 818 et
2692 762 2883 833 judicii
2929 765 3247 819 aestimanda
3293 775 3422 820 est:
3464 764 3603 835 quia
3633 762 3725 820 illa

2129 862 2371 925 potestas
2397 861 2599 910 aeterna
2640 855 2715 910 ita
2756 854 3040 924 apparebit
3069 854 3283 909 excelsa
3324 870 3499 924 super
3520 854 3725 910 calum

2128 953 2187 1002 et
2213 955 2439 1011 terram,
2465 953 2527 1000 ut
2553 947 2622 1002 ab
2646 946 2899 1002 omnibus
2917 945 3093 1016 possit
3110 946 3301 1011 videri,
3326 947 3487 1002 bonis
3516 947 3728 1002 scilicet

2130 1054 2196 1093 ac
2226 1038 2491 1107 reprobis,
2518 1046 2580 1092 ut
2600 1037 2819 1093 videant
2848 1038 2903 1092 in
2932 1052 3095 1107 quem
3126 1047 3503 1110 pupugerunt;
3556 1047 3618 1092 ut
3646 1054 3728 1094 rs-

2130 1128 2287 1200 ferat,
2317 1127 2373 1183 id
2405 1137 2491 1183 est
2519 1135 2759 1197 reportet
2797 1128 2914 1183 sive
2948 1127 3180 1199 recipiat
3212 1129 3575 1200 unusquisque
3598 1144 3724 1198 pro-

2129 1222 2247 1291 pria
2285 1221 2541 1291 corporis,
2567 1220 2829 1275 subaudis
2847 1220 3067 1285 merita,
3098 1229 3251 1290 prout
3280 1222 3462 1291 gessit,
3488 1222 3597 1274 sive
3634 1220 3729 1274 bo-

2131 1327 2258 1366 num
2298 1312 2405 1367 sive
2426 1310 2645 1366 malum.
2669 1309 2804 1366 Cum
2836 1309 3003 1365 multa
3028 1318 3088 1364 et
3122 1310 3359 1364 maxima
3388 1318 3616 1381 peccata
3640 1324 3729 1380 εε-

2132 1410 2325 1458 rantur
2351 1402 2469 1458 solo
2491 1401 2695 1468 animo,
2739 1401 2884 1457 sicut
2927 1402 3134 1469 odium,
3176 1402 3409 1467 invidia,
3443 1403 3730 1472 superbia,

2130 1501 2188 1550 et
2214 1493 2346 1549 illud
2380 1493 2524 1564 quod
2552 1493 2684 1547 dixit
2727 1493 2979 1564 insipiens
3017 1494 3075 1547 in
3106 1494 3263 1548 corde
3288 1509 3387 1548 suo
3413 1507 3434 1544 :
3480 1492 3609 1549 Non
3650 1502 3729 1548 est

2130 1584 2276 1641 Deus
2320 1582 2494 1655 (Psal.
2551 1584 2705 1654 sui),
2748 1598 2921 1653 quare
2966 1583 3098 1640 dicit
3140 1583 3211 1639 de
3254 1583 3342 1639 his
3380 1583 3730 1639 solummodo

2131 1678 2404 1734 hominem
2424 1675 2778 1746 iudicandum
2805 1690 2927 1745 quae
2948 1691 3181 1746 corpore
3211 1683 3474 1746 operatus
3504 1683 3611 1740 est,
3650 1675 3730 1729 vi-

2132 1769 2329 1826 delicet
2352 1769 2419 1826 de
2461 1768 2778 1834 homicidio,
2818 1767 3105 1833 adulterio,
3134 1777 3194 1823 et
3235 1769 3459 1823 caeteris
3488 1768 3732 1824 talibus!

2132 1864 2287 1932 Quod
2314 1878 2444 1932 ergo
2473 1861 2606 1918 dicit
2626 1868 2688 1916 ut
2715 1859 2944 1931 recipiat
2981 1862 3201 1932 propria
3225 1861 3423 1915 merita
3453 1861 3727 1930 corporis,

2066 1948 2114 2009 B
2142 1956 2220 2012 sic
2243 1963 2327 2012 est
2344 1954 2777 2024 intelligendum,
2801 1963 2862 2009 ut
2892 1953 3119 2024 recipiat
3141 1953 3359 2023 propria
3388 1953 3588 2007 merita
3608 1968 3731 2022 qn

2133 2048 2300 2120 gessit
2327 2063 2394 2102 eo
2425 2055 2666 2118 tempore
2699 2060 2808 2116 quo
2834 2046 2891 2127 in
2910 2060 3139 2115 corpore
3164 2044 3287 2110 fuit,
3318 2053 3380 2100 ut
3405 2060 3509 2115 per
3531 2059 3730 2116 corpus

2132 2137 2465 2208 intelligatur
2505 2136 2751 2206 corporis
2800 2144 3029 2206 tempus.
3079 2136 3157 2190 Ex
3205 2136 3310 2190 hoc
3337 2151 3567 2205 quoque
3610 2136 3732 2191 loco

2130 2228 2413 2299 proposuit
2440 2227 2603 2283 beato
2621 2227 2924 2299 Augustino
2951 2227 3308 2296 quaestionem
3332 2226 3599 2283 Paulinus
3620 2228 3729 2284 No-

2132 2322 2293 2378 lanus
2337 2322 2655 2392 episcopus,
2705 2321 2836 2390 quid
2886 2320 3210 2390 prodessent
3251 2320 3462 2376 homini
3511 2330 3728 2376 mortuo

2131 2412 2407 2468 orationes
2444 2420 2499 2467 et
2521 2410 2878 2483 elecmosyua:
2896 2450 2915 2474 ,
2938 2424 3060 2479 qua:
3090 2417 3216 2481 post
3244 2418 3477 2465 mortem
3517 2411 3664 2465 illius
3696 2425 3726 2465 a

2132 2502 2452 2573 parentibus
2480 2509 2539 2557 et
2572 2501 2779 2557 amicis
2797 2517 2896 2572 pro
2923 2501 3166 2557 remedio
3194 2501 3364 2556 animi
3404 2501 3724 2571 implentur,

2132 2594 2181 2650 si
2209 2593 2371 2651 homo
2401 2594 2773 2648 tantummodo
2799 2594 3016 2664 propria
3045 2593 3240 2649 merita
3267 2601 3353 2648 est
3380 2603 3723 2664 recepturus,

2131 2701 2253 2757 quae
2300 2701 2366 2743 eo
2411 2693 2655 2757 tempore
2698 2685 2866 2755 gessit
2913 2700 3024 2755 quo
3062 2684 3116 2740 in
3157 2700 3387 2755 corpore
3430 2684 3581 2741 fuit?
3630 2684 3726 2741 Cui

2132 2780 2413 2851 respondit
2450 2779 2645 2835 beatus
2682 2779 3018 2851 Augustinus
3068 2778 3213 2835 nullo
3256 2780 3424 2835 modo
3464 2780 3729 2853 prodesse

2132 2889 2198 2931 ea
2225 2889 2347 2944 qua:
2374 2881 2499 2944 post
2527 2880 2755 2928 mortem
2782 2872 2919 2927 ﬁunt
2943 2888 2972 2927 a
3006 2872 3327 2943 parentibus
3375 2873 3455 2929 illi
3488 2874 3586 2944 qui
3613 2875 3725 2944 jam

2132 2972 2381 3020 mortuus
2404 2972 2511 3030 est,
2536 2963 2641 3019 nisi
2665 2963 2717 3018 in
2746 2963 2851 3019 hac
2869 2963 2979 3018 vita
3002 2963 3229 3033 positus,
3253 2963 3394 3019 bona
3425 2964 3727 3020 intentione

2132 3062 2187 3111 et
2231 3054 2508 3111 voluntate
2551 3063 2715 3124 atque
2743 3055 3091 3111 inchoatione
3108 3054 3215 3111 hoc
3243 3057 3634 3125 promeruerit,
3667 3064 3725 3109 ut

2131 3145 2220 3202 illa
2242 3154 2461 3216 accepta
2492 3146 2601 3201 sint
2623 3145 2753 3210 De‘o,
2777 3162 2897 3217 quae
2917 3155 3041 3218 post
3066 3144 3187 3216 ejus
3205 3147 3410 3202 exitum
3439 3147 3726 3203 celebran-

2134 3246 2272 3293 tura
2297 3238 2632 3308 parentibus.
2681 3237 2819 3294 Huic
2859 3239 3024 3295 etiam
3055 3240 3341 3296 sententiae
3380 3242 3724 3296 concor-dans

450 3304 618 3403 xvii);
653 3304 853 3386 etcum
885 3330 1031 3386 Deus
1064 3331 1262 3400 ubique
1284 3331 1377 3396 sit,
1411 3338 1468 3386 et
1490 3332 1654 3387 etiam
1680 3333 1858 3388 omnis
1882 3304 2033 3389 locus
2058 3304 2103 3366 (ἶ
2134 3304 2326 3385 beatus
2356 3328 2676 3401 Gregorius,
2703 3330 2879 3386 dicit:
2931 3329 3223 3387 Sciendum
3270 3329 3399 3402 quia
3431 3330 3627 3386 saltem
3655 3332 3727 3387 de

449 3422 504 3478 in
539 3423 656 3492 ipso
690 3423 780 3486 sit,
809 3423 953 3477 unde
981 3431 1035 3476 et
1060 3422 1257 3492 ubique
1295 3437 1534 3492 praesens
1562 3433 1665 3488 est,
1708 3438 1877 3495 quare
1902 3424 2035 3481 dicit

450 3512 611 3568 modo
640 3526 746 3567 nos.
761 3512 919 3583 longe
945 3527 1066 3567 esse
1094 3526 1125 3566 a
1153 3512 1416 3568 Domino?
1447 3513 1711 3568 Nimirum
1755 3514 1876 3569 ideo
1906 3515 2034 3571 talia

449 3605 603 3670 dicit,
646 3604 773 3675 quia
814 3604 1065 3675 proprius
1105 3604 1258 3659 locus
1295 3604 1679 3675 omnipotentis
1710 3604 1804 3660 Dei
1836 3605 2031 3662 caelum

450 3697 671 3763 dicitur,
700 3698 882 3767 ibique
916 3712 1130 3768 semper
1167 3698 1381 3753 videtur
1403 3699 1472 3754 ab
1495 3698 1701 3769 angelis
1740 3701 1944 3755 sanctis
1978 3710 2037 3757 et

451 3788 941 3858 bominibusjustis
967 3805 981 3841 :
1013 3797 1069 3842 et
1102 3787 1227 3857 quia
1255 3787 1344 3843 hic
1381 3788 1540 3857 positi
1568 3788 1655 3846 ubi
1685 3804 1793 3844 non
1820 3790 2036 3848 videtur

452 3881 566 3950 ipse
588 3895 764 3950 neque
787 3880 960 3951 gloria
982 3888 1199 3936 aeterna:
1239 3881 1609 3948 beatitudinis,
1641 3883 1802 3953 longe
1842 3884 1910 3941 ab
1942 3884 2034 3941 illo

451 3970 685 4026 dicimur
713 3986 854 4039 esse,
877 3980 935 4026 et
963 3973 1295 4044 peregrinari
1328 3972 1397 4029 ab
1435 3973 1523 4028 illa
1556 3973 1747 4045 gloria.

523 4060 629 4118 Per
657 4064 815 4134 ﬁdem
856 4065 998 4142 enim
1042 4064 1402 4132 ambulamus,
1444 4076 1490 4120 et
1528 4083 1632 4121 non
1664 4084 1758 4138 per
1789 4068 2031 4145 speciem,

451 4152 507 4207 id
548 4161 653 4220 est,
677 4170 775 4224 per
801 4154 959 4210 tidem
1004 4162 1061 4210 et
1085 4171 1234 4225 spem
1273 4157 1541 4213 tendimus
1567 4157 1632 4212 ad
1655 4159 1888 4229 patriam
1918 4176 2029 4219 cm-

452 4245 665 4311 lestem,
692 4253 746 4299 et
775 4260 879 4298 non
902 4260 1000 4314 per
1021 4247 1258 4315 speciem
1281 4263 1455 4319 neque
1478 4264 1577 4320 per
1596 4265 1736 4314 rem,
1754 4252 1879 4322 quia
1899 4269 2035 4311 non-

458 4338 581 4391 ilum
606 4337 853 4391 videmus
868 4338 1011 4407 quod
1032 4338 1255 4394 erimus.

524 4428 791 4483 Audemus
819 4438 1017 4494 autem,
1045 4429 1303 4485 subaudis
1327 4431 1527 4496 dicere,
1552 4442 1600 4487 et
1636 4433 1823 4489 bonam
1850 4436 2033 4492 uolun-

454 4526 614 4572 tatem
650 4517 898 4573 habemus
948 4520 1116 4590 magis
1149 4521 1472 4592 peregrinari
1493 4541 1524 4577 tt
1550 4541 1785 4596 corpore,
1816 4536 1863 4583 et
1888 4544 2031 4598 prae-

452 4616 619 4661 sentes
645 4624 753 4662 esse
784 4609 853 4662 ad
881 4607 1069 4664 Deum.
1105 4608 1164 4665 In
1190 4613 1371 4668 anima
1402 4615 1678 4685 subaudis,
1704 4633 1866 4688 quam
1890 4634 2027 4690 prte-

454 4708 636 4753 senles
657 4715 779 4755 esse
806 4700 856 4755 in
880 4715 1109 4771 corpore
1141 4720 1155 4757 :
1182 4711 1237 4758 et
1271 4703 1525 4762 absentes
1550 4721 1669 4763 esse
1703 4707 1756 4762 in
1774 4708 1966 4768 ,anima
1994 4725 2027 4765 a

453 4789 585 4854 Deo,
612 4789 664 4843 id
699 4796 783 4845 est
807 4790 979 4863 magis
1006 4791 1505 4864 desideramusjam
1525 4812 1645 4852 esse
1669 4798 1722 4852 in
1744 4799 2028 4868 prtesentia

454 4882 572 4948 Dei,
605 4882 764 4938 alieni
794 4899 825 4938 a
846 4899 1072 4955 corpore
1100 4886 1205 4941 isto
1230 4888 1464 4955 mortali,
1495 4904 1657 4960 quam
1694 4904 1815 4946 esse
1843 4891 1899 4946 in
1928 4892 2032 4949 hoc

452 4991 681 5047 corpore
701 4977 936 5046 mortali,
954 4979 1044 5036 ubi
1064 4990 1344 5037 manentes
1354 4981 1513 5054 longe
1534 4998 1763 5039 sumusa
1788 4983 1883 5040 Dei
1901 4999 2032 5042 con-

456 5067 819 5140 templatione.

533 5162 601 5218 Et
630 5164 744 5219 ideo
769 5165 893 5235 quia
920 5165 1061 5222 hanc
1086 5163 1417 5222 voluntatem
1448 5167 1732 5234 habemus,
1758 5169 2032 5224 contendi-

454 5272 573 5310 mus
601 5265 667 5312 .ct
713 5257 1023 5315 laboramus
1057 5258 1265 5330 placere
1297 5259 1398 5327 illi,
1427 5262 1533 5317 sive
1561 5262 1798 5319 absentes
1836 5263 2033 5330 simus,

458 5358 739 5406 manentes
759 5350 811 5405 in
828 5367 1052 5422 corpore
1070 5351 1305 5419 mortali,
1322 5354 1426 5409 sive
1444 5364 1721 5426 pmsentes
1742 5354 1796 5411 in
1815 5356 1996 5411 anima
2016 5373 2032 5411 :

456 5440 585 5511 quia
621 5443 712 5512 qui
750 5442 836 5498 llic
876 5443 1082 5512 positus
1108 5444 1306 5516 aplacet
1353 5445 1497 5513 Deo,
1547 5445 1657 5501 illic
1693 5460 1798 5501 non
1845 5445 2033 5517 displi-

459 5544 547 5590 cet
568 5533 638 5590 ei.

530 5626 722 5682 Omnes
747 5630 884 5683 enim
916 5646 1009 5685 nos
1041 5632 1371 5704 manifestari
1400 5641 1455 5690 et
1481 5633 1796 5704 praesentari
1835 5643 2033 5705 oportet

460 5728 580 5772 ante
600 5720 829 5774 tribunal
853 5718 1067 5778 Christi.
1094 5724 1354 5781 Tribunal
1381 5726 1537 5782 sedes
1586 5725 1800 5782 excelsa
1844 5736 1930 5783 est
1945 5727 2033 5797 ju—

460 5811 637 5865 dicunt
678 5820 732 5867 ct
772 5814 1074 5883 praesidum,
1122 5818 1213 5886 qui
1254 5817 1443 5873 dantes
1474 5816 1676 5886 judicia
1718 5818 1949 5890 populis,
1979 5820 2032 5873 in

460 5900 672 5956 excelso
717 5901 834 5958 loco
863 5903 1119 5971 resident,
1158 5915 1215 5960 ut
1245 5907 1453 5978 possint
1499 5908 1679 5966 videre
1710 5923 1832 5963 reos
1862 5917 1914 5962 et
1948 5908 2032 5962 in-

2055 4660 2109 4720 D

2132 3425 2372 3481 minimis
2398 3425 2533 3481 nihil
2565 3426 2798 3497 quisque
2826 3428 3162 3500 purgationis
3189 3436 3316 3499 post
3354 3436 3593 3485 mortem
3625 3430 3725 3485 ob-

2134 3518 2344 3584 tinebit,
2374 3518 2478 3574 nisi
2500 3519 2553 3574 in
2586 3519 2690 3574 hac
2735 3520 2845 3575 vita
2874 3520 3085 3590 positus
3113 3521 3217 3576 hoc
3236 3529 3632 3590 promereatur,
3660 3530 3723 3576 ut

2133 3609 2243 3665 illic
2289 3609 2504 3665 veniam
2547 3610 2717 3681 possit
2751 3610 2987 3680 assequi.
3035 3610 3161 3665 Tria
3209 3619 3389 3666 autem
3427 3620 3559 3666 sunt
3600 3627 3724 3682 qua

2132 3709 2360 3771 prosunt
2401 3709 2524 3772 post
2548 3710 2800 3763 mortem,
2833 3711 2895 3756 ut
2919 3703 3110 3758 beatus
3134 3703 3474 3774 Augustinus
3499 3704 3630 3760 dicit
3662 3703 3719 3759 in

2132 3792 2272 3849 libro
2301 3792 2671 3860 Enchiridion,
2708 3793 2912 3864 jejunis
2942 3794 3220 3855 videlicet.
3251 3794 3633 3867 eleemosynae,
3665 3805 3723 3851 et

2132 3884 2425 3950 orationes,
2449 3898 2571 3953 quae
2591 3892 2770 3938 autem
2792 3898 2895 3954 pro
2937 3884 3092 3940 valde
3117 3885 3275 3941 bonis
3307 3895 3570 3956 aguntur,
3598 3900 3722 3957 gra-

2134 3973 2335 4029 tiarum
2363 3973 2608 4039 actiones
2643 3984 2770 4029 sunt
2811 3991 2911 4046 pro
2941 3991 3051 4031 non
3085 3976 3241 4032 valde
3290 3977 3492 4033 bonis:
3537 3985 3596 4033 et
3621 3994 3722 4049 pro

2133 4079 2240 4119 non
2269 4063 2424 4119 valde
2444 4064 2623 4131 malis,
2640 4065 2805 4135 quiin
2827 4067 3150 4137 purgatione
3174 4066 3357 4137 aliqua
3380 4077 3508 4123 sunt
3532 4070 3719 4139 positi,

2134 4156 2543 4227 propitiationes
2571 4165 2699 4212 sunt
2726 4165 2782 4212 et
2823 4158 3171 4229 purgationes
3223 4173 3323 4229 pro
3366 4159 3521 4215 valde
3561 4160 3721 4216 malis

2134 4256 2191 4318 et
2214 4247 2543 4303 aaternaliter
2561 4247 2853 4313 damnatis,
2874 4258 2929 4302 et
2970 4248 3016 4303 si
3056 4247 3202 4302 nulla
3239 4257 3367 4304 sunt
3407 4247 3718 4317 adiumenta

2135 4346 2507 4404 mortuorum,
2558 4338 2964 4408 qualescunque
3012 4338 3261 4393 vivorum
3314 4338 3720 4395 consolationes

2136 4439 2282 4485 sunt.
2312 4429 2521 4498 Quibus
2540 4439 2719 4485 autem
2742 4431 2844 4486 ista
2873 4438 3121 4502 prosunt,
3149 4440 3245 4486 aut
3273 4432 3341 4487 ad
3364 4432 3469 4488 hoc
3493 4440 3722 4503 prosunt

2134 4530 2196 4576 ut
2216 4522 2310 4577 [lat
2338 4522 2443 4578 illis
2488 4522 2646 4593 plena
2683 4524 2969 4582 remissio:
3016 4534 3114 4581 aut
3147 4534 3209 4582 ut
3243 4526 3585 4585 tolerabilior
3626 4527 3721 4582 ﬁat

2135 4611 2410 4667 damnatio
2452 4611 2589 4682 ipsa.
2640 4610 2919 4668 Mitissima
2946 4628 3076 4669 sane
3118 4614 3361 4670 omnium
3389 4629 3551 4686 pmna
3591 4617 3720 4682 erit,

2133 4703 2223 4772 qui
2244 4711 2441 4774 praeter
2459 4711 2738 4775 peccatum
2759 4703 2903 4773 quod
2925 4704 3185 4775 originale
3199 4714 3501 4773 traxerunt,
3517 4707 3718 4763 nullum

2134 4794 2354 4864 insuper
2397 4794 2723 4851 addiderunt
2753 4812 2767 4849 :
2799 4804 2855 4850 et
2896 4795 2951 4850 in
2988 4796 3205 4853 caneris
3239 4798 3333 4868 qui
3369 4798 3717 4862 addiderunt,

2137 4885 2506 4955 unusquisque
2536 4893 2686 4941 tanto
2733 4885 2807 4941 ibi
2853 4884 3273 4942 tolerabiliorem
3315 4887 3535 4944 habebit
3572 4889 3720 4942 dam-

2141 4975 2446 5043 nationem,
2482 4984 2687 5047 quanto
2714 4976 2804 5032 ltic
2839 4976 3105 5033 minorem
3147 4977 3318 5049 gessit
3356 4976 3719 5048 iniquitatem.

2214 5086 2442 5143 Scientes
2464 5104 2586 5159 ergo
2616 5090 2852 5145 timorem
2875 5088 3110 5157 Domini,
3138 5105 3245 5146 non
3271 5103 3382 5161 quo
3402 5090 3517 5161 ipse
3541 5089 3716 5154 timet,

2136 5180 2233 5235 sed
2261 5194 2370 5251 quo
2396 5180 2666 5237 timendus
2685 5189 2789 5246 est,
2821 5189 2878 5236 et
2917 5196 3026 5252 quo
3062 5183 3413 5238 terrebuntur
3434 5195 3626 5237 omnes
3658 5180 3715 5235 'm

2137 5270 2223 5326 die
2249 5268 2463 5340 judicii,
2491 5271 2789 5327 hominibus
2809 5273 3093 5328 suademus
3118 5273 3395 5330 declinare
3419 5272 3635 5337 a'malo,
3660 5280 3718 5328 et

2136 5358 2317 5416 facere
2335 5360 2535 5416 bonum
2550 5400 2568 5426 ,
2589 5369 2650 5417 ut
2669 5362 2883 5431 possint
2897 5364 3126 5418 evadere
3145 5363 3241 5419 Dei
3265 5364 3581 5420 vindictam.
3604 5362 3715 5417 Dee

2137 5462 2313 5508 autem
2343 5454 2605 5524 manifesti
2637 5470 2820 5509 sumus
2847 5467 2868 5507 :
2898 5471 3048 5525 spero
3066 5463 3264 5531 «item
3303 5455 3361 5509 in
3389 5454 3715 5510 conscientiis

2135 5543 2335 5610 vestris,
2359 5558 2398 5598 ο
2423 5542 2710 5611 Corinthii,
2737 5544 3042 5614 manifestos
3083 5560 3175 5599 nos
3202 5561 3347 5611 esse,
3387 5545 3443 5603 id
3468 5553 3552 5601 est
3588 5544 3713 5614 ipsa

2138 5634 2484 5691 conscientiae
2496 5645 2690 5693 vestrm
2706 5636 3073 5693 testimonium
3089 5637 3247 5693 nobis
3264 5638 3571 5708 perhibent,
3590 5636 3709 5707 quia

2137 5733 2283 5781 recte
2304 5727 2574 5784 credimus
2590 5768 2608 5793 ,
2627 5737 2814 5784 sancte
2836 5728 3086 5795 vivimus,
3108 5718 3163 5784 et
3180 5730 3318 5786 bene
3337 5729 3707 5801 praedicamus,

2141 5817 2251 5873 Deo
2289 5826 2467 5873 autem
2493 5818 2764 5876 manifesti
2797 5836 3005 5877 sumus.
3043 5819 3196 5876 Nunc
3241 5819 3535 5877 revertitur
3556 5818 3623 5874 ad
3646 5829 3706 5871 ea

2142 5908 2285 5965 unde
2305 5917 2361 5965 et
2390 5912 2637 5980 superius
2660 5911 2870 5970 locutus
2894 5922 2993 5976 est,
3025 5914 3233 5970 scilicet
3258 5913 3404 5984 quod
3422 5911 3540 5969 falsi
3566 5910 3707 5980 Apo-
