3996 6466
258 491 361 548 629

930 482 1294 541 EXPOSITIO
1325 483 1397 539 IN
1437 480 1584 537 EPP.
1624 479 1683 534 S.
1727 475 1956 532 PAULI.
1997 507 2068 518 -—
2102 477 2166 532 IN
2205 478 2421 536 EPIST.
2463 481 2518 537 II.
2543 481 2639 536 AD
2673 481 2831 539 COB.

3417 491 3526 548 630'.

255 603 375 660 non
395 601 954 675 dijudicabamveros,
972 608 1027 656 ει
1047 601 1300 656 dicebam,
1318 598 1544 653 Paulum
1569 587 1833 649 etBarna-
1859 591 1910 650 Α
1935 589 2025 643 sed
2047 591 2093 643 ei
2116 593 2206 672 qui
2233 610 2327 661 pro
2357 594 2596 648 omnibus
2624 606 2860 652 mortuus
2873 607 2956 652 est
2977 639 2990 664 ,
3017 610 3078 654 et
3097 587 3396 658 resurrexit.
3429 603 3522 660 llle

255 700 377 754 bam
401 697 734 759 seductores,
765 694 1005 748 volentes
1030 693 1110 748 eis
1131 691 1385 762 praeferre
1413 705 1518 744 non
1535 689 1709 743 solum
1733 687 1835 742 Pe-

255 799 394 844 trum
416 788 656 856 aliosque
677 785 970 856 apostolos,
987 784 1081 839 sed
1100 784 1263 838 etiam
1283 783 1508 851 seipsos,
1524 797 1589 837 ac
1617 781 1663 836 si
1694 780 1835 836 dice-

1939 683 2073 737 vivit
2117 682 2355 750 Christo,
2379 687 2471 754 qui
2517 701 2622 742 non
2661 689 2856 757 quaerit
2903 705 3055 746 suam
3099 692 3384 750 utilitatem
3433 712 3520 752 so-

1938 774 2232 841 lummodo,
2255 777 2349 830 sed
2375 777 2604 832 aliorqu
2638 797 2650 833 :
2682 790 2737 834 et
2761 783 2851 850 qui
2875 798 2971 852 pro
3001 782 3263 841 fratribus
3288 802 3405 842 nou
3422 789 3520 843 du—

251 889 332 933 ret
351 881 540 933 beatus
555 877 791 931 Paulus:
819 877 927 931 Illis
947 877 1036 946 qui
1060 876 1214 930 nobis
1237 875 1546 941 detrahunt,
1577 875 1841 946 incogniti
1936 867 2071 922 bitat
2124 869 2263 924 mori
2313 886 2326 925 :
2362 869 2506 924 Sicut
2543 870 2792 927 Christus
2834 889 2938 928 non
2983 869 3238 945 quaesivit
3270 894 3398 944 sua,
3425 881 3518 934 sed

248 983 436 1023 sumus
457 967 586 1037 quia
614 967 861 1022 nesciunt
882 966 1068 1035 quales
1093 982 1301 1021 sumus.

323 1058 446 1112 Non
467 1060 655 1112 iterum
697 1075 789 1113 nos
833 1058 1257 1113 commendamus
1286 1059 1446 1123 vobis,
1495 1058 1549 1114 id
1576 1067 1678 1121 est,
1723 1073 1830 1113 non

246 1150 536 1204 laudamus
563 1164 663 1204 nos
695 1149 892 1204 iterum
936 1149 1123 1215 vobis,
1147 1149 1301 1220 quasi
1331 1149 1532 1219 aliquid
1575 1150 1830 1206 utilitatis

243 1243 298 1296 in
341 1256 406 1296 ea
436 1241 593 1296 laude
637 1241 955 1305 habeamus,
1000 1241 1090 1294 sed
1117 1241 1440 1294 occasionem
1476 1242 1663 1296 damus
1689 1242 1830 1297 vobis

241 1334 508 1403 gloriandi
548 1350 642 1404 pro
689 1335 858 1398 nobis,
889 1343 944 1385 ut
973 1332 1206 1386 habeatis
1248 1333 1318 1385 ad
1346 1348 1433 1387 eos
1475 1334 1564 1402 qui
1599 1333 1655 1388 in
1693 1333 1830 1403 facie

239 1425 558 1494 g.’oriantur,
587 1433 634 1478 et
660 1441 762 1478 non
788 1424 840 1478 in
871 1423 1044 1489 corde,
1075 1423 1127 1478 id
1156 1430 1273 1488 est,
1300 1432 1354 1477 ut
1398 1424 1646 1478 habeatis
1687 1424 1829 1478 unde

238 1515 463 1585 gloriari
494 1516 714 1584 possitis
753 1515 818 1569 ad
850 1514 1013 1569 falsos
1041 1513 1334 1585 apostolos,
1374 1515 1575 1570 habere
1604 1530 1702 1569 nos
1727 1517 1825 1571 bo-

239 1621 342 1660 nos
364 1612 418 1658 et
443 1619 664 1660 veraces
684 1604 976 1674 apostolos,
1002 1603 1053 1658 id
1077 1613 1162 1658 est
1181 1604 1583 1672 praedicatores.
1612 1605 1666 1658 In
1690 1603 1829 1662 facie

237 1694 614 1764 gloriabantur
641 1693 1071 1764 pseudoapostoli
1114 1694 1227 1749 sive
1266 1694 1319 1748 in
1365 1695 1657 1763 praesentia
1688 1696 1828 1750 mul-

236 1797 442 1852 torum,
489 1796 544 1842 et
589 1803 695 1842 non
723 1788 776 1842 in
823 1788 1023 1843 corde:
1055 1787 1204 1858 quia,
1250 1805 1354 1843 non
1382 1789 1646 1845 habentes
1685 1793 1826 1848 unde

233 1889 460 1952 possent
494 1881 711 1954 gloriari
761 1883 816 1937 in
863 1883 1045 1948 corde,
1076 1883 1368 1938 laudabant
1407 1899 1466 1938 se
1512 1900 1632 1939 esse
1680 1888 1824 1955 apud

1935 967 2116 1013 nostra
2146 977 2158 1012 :
2184 960 2308 1029 quia
2331 961 2697 1030 proomnibus
2718 974 2963 1019 mortuus
2977 975 3086 1032 est,
3109 976 3164 1022 et
3181 978 3266 1024 est
3285 986 3477 1026 sensus
3500 987 3515 1028 :

1935 1048 2036 1116 Qui
2062 1049 2311 1106 Christus
2340 1052 2655 1108 innocenter
2684 1070 2784 1123 pro
2806 1057 3064 1112 omnibus
3101 1069 3347 1116 mortuus
3375 1071 3459 1117 cst
3500 1080 3516 1116 :

1933 1156 2035 1210 ego
2078 1142 2279 1212 aliique
2311 1145 2540 1214 apostoli
2573 1160 2680 1199 non
2711 1145 2972 1202 debemus
2997 1163 3216 1205 cessare
3260 1151 3520 1208 fratribus

1933 1235 2244 1305 impendere
2269 1236 2370 1292 hoc
2395 1238 2537 1306 quod
2563 1238 2631 1293 ab
2665 1238 2759 1293 illo
2789 1239 3097 1309 accepimus
3139 1260 3152 1296 :
3181 1253 3237 1296 et
3265 1244 3428 1299 etiam
3471 1247 3518 1300 si

1932 1327 2230 1382 necessitas
2278 1327 2479 1393 fuerit,
2531 1329 2742 1384 animas
2791 1343 2890 1400 pro
2938 1331 3110 1386 salute
3159 1332 3372 1388 illorum
3425 1350 3519 1404 po-

1932 1433 2084 1473 uere.

1999 1509 2190 1581 Itaque
2241 1528 2335 1566 nos
2379 1528 2444 1566 ex
2489 1514 2585 1567 hoc
2640 1515 2894 1570 neminem
2948 1516 3184 1572 novimus
3229 1519 3518 1573 secundum

1929 1619 2155 1657 carnem.
2221 1603 2500 1660 Perfectos
2562 1607 2967 1662 Corinthiorum
3020 1608 3332 1678 alloquitur.
3403 1610 3510 1666 Sel

1928 1693 2169 1761 nunquid
2189 1693 2264 1750 illi
2285 1695 2501 1764 quando
2527 1696 2630 1751 ista
2657 1695 2998 1766 loquebatur,
3015 1713 3122 1754 non
3143 1709 3300 1753 erant
3325 1700 3378 1754 in
3404 1715 3499 1756 car

1926 1785 2027 1838 ne?
2049 1784 2217 1840 Erant
2239 1787 2424 1856 utique
2442 1828 2455 1853 ,
2479 1789 2574 1843 sed
2603 1788 2677 1842 ita
2704 1798 2788 1844 est
2812 1789 3215 1859 intelligendum
3247 1809 3260 1845 :
3291 1789 3369 1845 Ex
3392 1771 3521 1876 hoc:

1926 1873 1978 1926 id
2013 1883 2099 1928 est
2135 1890 2201 1929 ex
2245 1892 2354 1946 quo
2388 1878 2565 1932 vocati
2612 1879 2744 1934 estis
2794 1879 2861 1934 ad
2906 1880 3087 1946 ﬁdem,
3119 1881 3390 1937 neminem
3427 1873 3518 1940 ve;

233 1971 375 2026 alios
395 1973 536 2041 quod
559 1987 666 2026 non
696 1980 874 2027 erant.
893 1973 1060 2027 Electi
1082 1972 1227 2028 enim
1249 1973 1301 2027 in
1319 1974 1479 2028 corde
1500 1974 1821 2044 gloriantur,
1852 1983 1900 2042 Β
1929 1972 2100 2020 Strum
2136 1966 2500 2036 perfecturum
2531 1969 2778 2024 novimus
2809 1971 3103 2027 secundum
3143 1987 3292 2042 spem
3324 1988 3518 2028 carna-

231 2071 286 2115 et
320 2077 426 2116 non
470 2062 524 2115 in
552 2061 691 2117 facie
721 2063 910 2132 :“quia,
950 2073 1336 2133 cognoscentes
1357 2081 1416 2120 se
1438 2065 1650 2135 placere
1691 2067 1820 2134 Deo,

231 2155 474 2224 gaudent
496 2156 550 2210 in
583 2156 795 2222 animo,
827 2166 884 2212 et
927 2165 1105 2212 tamen
1137 2173 1242 2212 non
1286 2160 1570 2228 requirunt
1608 2160 1819 2216 laudari

230 2247 285 2300 in
315 2247 604 2316 prtnsentia
631 2266 644 2300 :
672 2264 738 2303 ne
763 2248 903 2304 forte
932 2249 1130 2305 bonum
1157 2251 1301 2321 quod
1340 2251 1560 2320 habent,
1604 2268 1700 2323 per
1724 2269 1822 2309 va-

230 2350 364 2390 nam
394 2335 620 2405 gloriam
654 2339 928 2394 amittant.

303 2427 424 2483 Sive
453 2430 590 2482 enim
620 2442 785 2485 mente
815 2431 1135 2499 excedimns,
1170 2434 1221 2488 id
1245 2444 1348 2501 est,
1380 2436 1426 2490 si
1458 2445 1644 2492 contra
1673 2453 1826 2493 men-

229 2528 344 2574 tem
375 2529 616 2574 nostram
647 2523 872 2593 agimus,
904 2524 1062 2579 aliter
1087 2527 1448 2596 przedicando,
1482 2538 1642 2599 atque
1668 2531 1824 2586 aliter

228 2611 486 2676 vivendo,
510 2613 594 2667 vel
623 2613 667 2668 si
695 2617 922 2685 superbe
951 2632 1049 2672 nos
1076 2616 1382 2685 laudamus;
1413 2619 1540 2682 Deo,
1568 2622 1824 2679 subaudis

230 2703 572 2774 relinquendi
606 2720 792 2762 sumus
834 2717 888 2762 et
931 2710 1260 2775 reservandi,
1294 2719 1348 2766 et
1372 2727 1477 2766 non
1506 2713 1686 2784 aliquo
1727 2730 1820 2769 ve-

227 2805 411 2853 strum
437 2797 709 2866 iudicandi
755 2819 767 2854 :
799 2803 903 2856 sive
929 2802 1088 2855 sobrii
1113 2795 1314 2871 sumus,
1344 2804 1396 2860 id
1431 2814 1536 2872 est,
1573 2807 1617 2862 si
1661 2808 1824 2864 habe-

228 2906 362 2946 mus
387 2907 575 2945 sanam
604 2893 927 2960 doctrinam,
952 2894 1034 2949 vel
1059 2895 1102 2950 si
1129 2895 1296 2951 sobrii
1335 2897 1564 2953 vivimus
1591 2908 1646 2954 et
1685 2909 1822 2954 tem-

227 2993 443 3054 perate,
471 2985 825 3053 praedicamus
854 2986 1025 3052 vobis,
1051 2988 1308 3042 subaudis
1335 3004 1638 3059 prosumus.

313 3075 560 3128 Charitas
603 3077 741 3128 enim
785 3075 980 3130 Christi
1027 3086 1175 3146 urget
1217 3093 1328 3142 nos,
1361 3079 1413 3132 id
1460 3089 1542 3135 est
1587 3081 1825 3136 charitas

227 3166 443 3223 Christi
479 3182 584 3236 qua
629 3183 729 3223 nos
759 3169 1030 3238 diligimus
1055 3209 1070 3234 ,
1104 3171 1378 3242 compellit
1430 3189 1530 3228 nos
1574 3173 1697 3228 talia
1746 3175 1826 3230 di-

228 3273 384 3323 cere,
409 3259 614 3315 scilicet
638 3269 698 3313 ut
720 3276 817 3315 nos
843 3259 1120 3317 laudemus
1147 3261 1320 3328 vobis,
1349 3263 1589 3319 volentes
1614 3281 1710 3321 vos
1740 3280 1825 3320 re-

1926 2056 2054 2111 lium
2099 2067 2156 2113 et.
2181 2060 2556 2128 temporalium
2581 2075 2761 2115 rerum
2790 2061 2993 2127 vivere,
3034 2063 3128 2118 sed
3167 2063 3221 2116 in
3252 2079 3348 2133 spe
3395 2078 3511 2120 ccc-

1923 2148 2140 2204 lestium
2177 2152 2544 2221 prtemiorum.
2573 2152 2639 2206 Et
2671 2154 2716 2206 si
2751 2155 3086 2222 cognovimus
3124 2152 3391 2208 Christum
3429 2171 3514 2211 ss-

1923 2241 2151 2294 cundum
2196 2259 2444 2308 carnem,
2496 2243 2756 2299 subaudis
2797 2243 3083 2298 mortalem
3114 2243 3283 2300 fuisse
3307 2254 3364 2300 et
3396 2259 3518 2301 cor-

1922 2334 2232 2403 ruptibilem
2266 2338 2394 2388 :sed
2434 2352 2570 2391 nunc
2617 2336 2735 2405 jam
2792 2351 2897 2388 non
2949 2335 3203 2397 novimus,
3259 2336 3517 2391 subaudis

1923 2429 2074 2484 illum
2124 2430 2407 2485 mortalem
2438 2439 2494 2485 et
2536 2429 2945 2500 corruptibilem
2967 2469 2983 2496 ,
3019 2431 3115 2485 sed
3147 2429 3512 2496 immortalem

1923 2527 1977 2575 et
2007 2521 2494 2590 incorruptibilem,
2523 2529 2579 2576 et
2628 2531 2712 2576 est
2765 2535 2960 2577 sensus
2999 2538 3014 2576 :
3057 2521 3183 2576 Ideo
3221 2536 3330 2586 non
3379 2524 3514 2578 estis

1922 2611 2082 2682 positi
2109 2611 2164 2666 in
2195 2627 2291 2682 spe
2320 2627 2505 2667 rerum
2554 2611 2854 2666 carnalium
2879 2619 2935 2667 et
2960 2612 3357 2682 temporalium,
3384 2614 3514 2682 quia

1923 2708 1976 2761 in
2015 2722 2109 2776 spe
2141 2715 2196 2761 et
2231 2706 2335 2761 ﬁde
2365 2706 2477 2776 jam
2511 2706 2644 2762 estis
2672 2704 3005 2760 immortales
3033 2713 3090 2760 et
3126 2706 3510 2775 incorruptibi-

1923 2797 2002 2854 les
2020 2797 2195 2852 securi
2218 2797 2285 2853 de
2314 2797 2558 2868 praemio.
2593 2796 2654 2852 Si
2677 2813 2783 2868 qua
2827 2812 2948 2866 ergo
2978 2785 3112 2850 nova
3143 2805 3387 2850 creatura
3411 2808 3510 2862 est,

1924 2891 1977 2946 id
2005 2897 2089 2946 est
2115 2905 2286 2945 novus
2322 2890 2551 2961 populus
2583 2904 2682 2960 per
2716 2889 2873 2944 ﬁdem
2909 2899 2965 2944 et
2990 2905 3088 2960 per
3127 2904 3324 2959 aquam
3355 2904 3509 2959 rcge-

1924 2982 2224 3039 nerationis
2249 3024 2264 3048 ,
2301 2994 2473 3037 vetera
2520 2983 2872 3046 transierunt,
2905 2981 3040 3048 illis,
3065 2982 3119 3037 id
3147 2991 3249 3047 est,
3280 2982 3368 3038 lex
3409 2982 3515 3038 Ve—

1926 3075 2058 3129 teris
2104 3073 2438 3129 Testamenti
2473 3075 2526 3128 in
2573 3073 2856 3128 sacriﬁciis
2882 3115 2896 3137 ,
2924 3073 3358 3138 circumcisione,
3386 3077 3514 3133 sab-

1928 3164 2037 3218 bati
2076 3164 2208 3227 otio,
2240 3165 2559 3234 caeterisque
2588 3163 2801 3218 talibus.
2830 3163 2966 3217 Ecce
2996 3163 3138 3231 facta
3172 3173 3292 3218 sunt
3331 3166 3510 3220 omnia

1929 3275 2083 3326 nova,
2119 3261 2171 3314 in
2202 3259 2515 3331 Evangelio,
2548 3258 2910 3323 circumcisio,
2936 3257 3188 3313 videlicet
3226 3258 3504 3327 spiritalis,

228 3364 439 3404 vocare
476 3350 542 3404 ab
587 3364 773 3405 amore
831 3353 1401 3423 pseudoapostolorum
1465 3354 1533 3408 ad
1582 3370 1823 3412 amorem
1852 3340 1896 3402 C
1927 3370 2048 3422 qua:
2097 3354 2154 3408 ﬁt
2180 3355 2233 3409 in
2264 3355 2607 3424 baptismate,
2641 3353 2730 3407 ubi
2757 3360 2842 3406 est
2866 3367 2993 3406 vera
3034 3353 3354 3422 exsrioliatio
3380 3367 3508 3423 pec-

229 3440 442 3497 Christi
471 3449 526 3496 et
569 3452 813 3496 nostrum
860 3461 873 3496 :
926 3444 1281 3499 existimantes
1329 3447 1466 3512 hoc,
1514 3456 1568 3502 et
1617 3457 1824 3502 certum

231 3529 508 3598 tenentes,
531 3537 778 3605 quoniam
811 3538 857 3590 si
880 3553 1036 3604 unus,
1069 3538 1120 3592 id
1142 3548 1226 3594 est
1251 3539 1518 3606 Christus,
1536 3558 1630 3610 pro
1653 3544 1822 3596 omni-

233 3628 336 3680 bus
388 3637 623 3681 mortuns
653 3637 727 3681 est
751 3668 767 3693 ,
793 3646 913 3698 ergo
959 3647 1136 3684 omnes
1178 3633 1371 3684 mortui
1400 3643 1551 3711 sunt,
1584 3633 1673 3702 qui
1705 3634 1825 3702 ejus

232 3721 531 3775 adventum
549 3731 942 3790 prmcesseruut
962 3723 1197 3777 etsecuti
1220 3734 1363 3786 sunt,
1387 3734 1432 3777 et
1457 3742 1552 3793 pro
1587 3727 1824 3780 omnibus

233 3821 480 3866 mortuus
514 3822 587 3866 est
621 3811 879 3866 Christus.
923 3812 1095 3868 Omne
1143 3829 1310 3884 genus
1358 3816 1649 3869 humanum
1702 3833 1827 3885 pro-

232 3913 360 3975 pter
387 3913 665 3972 peccatum
705 3904 966 3972 originale
989 3907 1128 3974 quod
1157 3907 1321 3960 traxit
1346 3922 1412 3962 ex
1438 3907 1606 3961 Adam
1633 3907 1654 3972 ,'
1681 3920 1734 3964 et
1769 3909 1822 3962 in

238 4007 472 4062 corpore
499 4002 554 4047 et
586 3993 638 4047 in
669 3995 849 4047 anima
891 4005 1162 4049 mortuum
1193 4005 1303 4058 est,
1339 3997 1465 4065 quia
1496 3997 1697 4051 dictum
1746 4006 1828 4053 est

235 4085 371 4139 Adae
403 4101 416 4137 :
450 4083 516 4136 In
545 4101 852 4155 quacunque
877 4086 962 4138 die
989 4085 1273 4140 comederis
1307 4102 1372 4139 ea:
1415 4102 1495 4152 eo,
1529 4098 1692 4140 morte
1719 4104 1828 4141 mo-

237 4174 396 4228 rieris
442 4171 592 4243 (Gen.
631 4174 714 4246 ιι).
747 4175 987 4231 Mortuus
1011 4184 1092 4232 est
1123 4177 1212 4232 illo
1253 4178 1338 4232 die
1386 4179 1602 4248 quando
1648 4195 1828 4235 come-

237 4265 323 4321 dit
349 4282 361 4318 :
401 4264 454 4318 in
490 4265 667 4319 anima
698 4275 749 4320 et
775 4267 827 4320 in
855 4282 1078 4337 corpore
1106 4267 1280 4323 factus
1301 4278 1384 4324 est
1405 4270 1670 4335 mortalis,
1700 4275 1828 4342 quia

237 4355 583 4425 postmodum
638 4363 886 4412 mortuus
927 4366 1028 4412 est.
1082 4357 1236 4413 Sicut
1265 4373 1394 4430 ergo
1440 4359 1617 4414 nullus
1667 4362 1828 4417 homo

239 4454 401 4501 extra
428 4445 557 4500 Adae
578 4448 890 4517 progeniem
920 4457 1023 4513 est,
1053 4449 1125 4503 ita
1157 4447 1335 4503 nullus
1360 4457 1508 4504 extra
1544 4460 1825 4520 peccatum

237 4547 328 4592 est
357 4537 499 4592 illius
534 4546 590 4591 et
616 4548 844 4594 mortem
865 4579 879 4604 ,
907 4547 1102 4610 praeter
1145 4556 1308 4594 unum
1338 4540 1633 4596 Christum.
1669 4542 1827 4598 Venit

238 4643 376 4698 ergo
415 4627 662 4683 Christus
715 4631 832 4684 sine
871 4640 1094 4699 peccato
1143 4645 1392 4697 nascens,
1436 4632 1552 4687 sine
1607 4644 1827 4704 peccato

1929 3459 2193 3503 calorum.
2245 3447 2612 3502 Similiterde
2663 3446 2875 3500 exteris
2923 3445 3322 3517 intelligendum
3359 3445 3506 3510 :vel,

1927 3551 2110 3598 vetera
2165 3541 2515 3602 transierunt,
2563 3538 2870 3603 inﬁdelitas,
2897 3546 3193 3608 peccatum,
3221 3545 3277 3592 et
3311 3545 3505 3592 caetera

1926 3649 2044 3704 qum
2068 3634 2134 3688 ad
2159 3643 2396 3688 veterem
2427 3631 2701 3686 hominem
2743 3631 2911 3685 Adam
2939 3632 3209 3701 pertinent
3240 3648 3253 3685 :
3283 3639 3338 3685 et
3364 3629 3506 3685 facta

1928 3737 2229 3790 suntnova,
2259 3726 2393 3781 ﬁdes
2421 3724 2687 3790 videlicet,
2706 3723 2936 3792 justitia,
2967 3724 3294 3789 obedientia,
3323 3723 3505 3778 chari-

1926 3825 2030 3882 tas,
2080 3827 2396 3885 creterteque
2439 3817 2666 3870 virtutes
2695 3814 2761 3869 ad
2792 3829 2989 3869 novum
3017 3815 3313 3882 hominem,
3346 3814 3399 3869 id
3427 3825 3511 3870 est

1928 3905 2222 3970 Christum,
2246 3906 2599 3976 pertinentes.
2643 3904 2817 3960 Aliter
2842 3923 2854 3959 :
2890 3904 2934 3960 si
2963 3920 3069 3974 qua
3097 3921 3231 3960 nova
3255 3915 3504 3962 creatura

1928 4004 2030 4059 est,
2066 3995 2120 4050 id
2169 4004 2251 4049 est
2303 4010 2475 4049 novus
2501 3995 2757 4063 populus,
2810 4003 2992 4048 vetera
3024 3996 3356 4050 transierunt
3401 3996 3508 4051 illis

1924 4087 2034 4158 jam
2063 4088 2115 4140 in
2151 4101 2265 4156 spe,
2297 4085 2598 4140 mortalitas
2625 4085 2872 4139 videlicet
2897 4092 2953 4139 et
2971 4085 3268 4153 corruptio,
3290 4093 3342 4140 et
3367 4084 3509 4140 facta

1929 4190 2054 4235 sunt
2076 4194 2211 4233 nova
2249 4176 2499 4232 similiter
2547 4177 2598 4230 in
2644 4191 2739 4247 spe
2773 4174 3150 4230 immortalitas
3178 4184 3235 4230 et
3260 4175 3506 4230 incorru-

1930 4276 2070 4347 ptio;
2101 4273 2203 4338 vel,
2230 4287 2359 4327 usus
2387 4279 2469 4325 est
2492 4270 2766 4340 prmterito
2795 4283 2893 4339 pro
2920 4267 3120 4332 futuro,
3147 4283 3247 4338 pro
3272 4283 3338 4324 eo
3361 4268 3506 4339 quod

1929 4375 2011 4422 est
2035 4408 2049 4430 ,
2089 4373 2271 4419 vetera
2304 4362 2640 4426 transibunt,
2666 4369 2720 4415 et
2761 4361 2891 4414 ﬁent
2920 4360 3100 4415 omnia
3146 4375 3282 4417 nova
3312 4401 3326 4426 ,
3351 4359 3504 4431 juxta

1928 4457 2070 4527 quod
2093 4453 2327 4508 Joannes
2347 4451 2476 4506 dicit
2508 4469 2519 4504 :
2553 4452 2721 4505 Erunt
2745 4452 2920 4504 omnia
2944 4467 3092 4506 nova.

2001 4547 2192 4601 Omnia
2237 4555 2430 4608 autem,
2480 4542 2737 4598 subaudis
2778 4557 2976 4613 genera
3021 4542 3412 4606 innovationis,
3443 4559 3510 4597 ea:

1929 4639 2039 4692 Deo
2066 4638 2226 4692 Patre
2261 4637 2414 4690 nobis
2443 4635 2741 4705 procedunt
2767 4635 2858 4703 qui
2888 4635 3253 4691 reconciliavit
3283 4652 3380 4691 nos
3405 4637 3506 4690 sibi

240 4733 578 4773 COIIVefsanS
607 4718 660 4772 in
701 4721 928 4783 mundo,
965 4722 1278 4776 innocenter
1309 4731 1554 4778 mortuus
1597 4733 1682 4778 est
1727 4741 1827 4795 pro
1858 4719 1908 4778 Ι)
1932 4747 2028 4801 per
2051 4729 2347 4792 Christum,
2378 4729 2430 4783 id
2456 4737 2539 4782 est
2571 4743 2669 4797 per
2698 4728 3005 4798 passionem
3025 4727 3222 4783 Christi
3248 4770 3261 4793 ,
3291 4739 3336 4782 et
3365 4729 3508 4783 dedit

239 4809 497 4864 omnibus
532 4811 928 4878 praedestinatis
967 4813 1032 4866 ad
1080 4814 1245 4868 vitam
1291 4823 1345 4868 et
1381 4823 1440 4868 ut
1468 4814 1701 4886 Prosper
1747 4817 1828 4871 di-

239 4901 339 4963 cit,
370 4910 425 4954 et
464 4899 699 4957 Joannes
729 4902 1176 4973 Chrysostomus,
1208 4904 1409 4974 aliique
1445 4906 1730 4973 doctores,
1766 4907 1828 4960 li-

243 5003 334 5049 cet
361 5010 548 5050 omnes
576 5011 682 5049 non
729 4998 982 5060 credant,
1016 5012 1068 5051 οι
1099 4998 1262 5052 etiam
1306 5013 1495 5052 omnes
1544 4999 1828 5056 credentes

243 5104 356 5144 non
383 5088 692 5155 salventur,
723 5089 812 5143 ille
833 5088 962 5144 fecit
985 5089 1129 5158 quod
1156 5105 1312 5142 suum
1356 5099 1493 5153 erat,
1525 5105 1623 5159 pro
1646 5092 1824 5146 omni-

242 5183 350 5238 bus
391 5182 644 5237 moriens.
703 5181 862 5237 Verbi
902 5182 1115 5248 gratia:
1151 5179 1303 5236 Sicut
1334 5182 1574 5236 medicus
1601 5182 1830 5250 quilibet

244 5290 579 5344 componens
631 5276 904 5344 potionem
961 5283 1148 5331 contra
1200 5290 1390 5330 omnes
1435 5274 1783 5331 inﬁrmitates
1809 5319 1823 5337 .

244 5370 432 5423 veniat
467 5369 520 5423 in
561 5369 835 5424 civitatem
883 5369 1204 5437 quamdam,
1237 5375 1290 5422 et
1336 5367 1478 5422 dicat
1530 5369 1824 5424 omnibus:

247 5461 569 5532 Quicunque
589 5476 653 5515 ex
687 5461 787 5517 hac
813 5461 1030 5529 potione
1055 5460 1274 5525 biberit,
1299 5459 1479 5514 salvus
1507 5459 1613 5514 erit
1638 5475 1668 5513 a
1693 5475 1828 5530 qua-

247 5567 463 5622 cunque
511 5551 824 5605 inﬁrmitate
852 5559 1064 5605 tenetur
1097 5568 1110 5603 :
1155 5557 1210 5604 et
1236 5548 1326 5618 qui
1354 5548 1528 5613 bibit,
1561 5557 1786 5603 sanatur
1813 5567 1826 5603 :

247 5643 356 5696 etsi
382 5657 570 5696 omnes
593 5641 836 5695 nolentes
867 5641 1052 5694 bibere
1082 5655 1186 5693 non
1219 5647 1500 5702 sanantur,
1530 5638 1620 5693 ille
1650 5646 1829 5694 tamen

246 5735 502 5790 omnibus
535 5735 641 5789 illis
672 5733 1166 5802 attulitpotionem,
1195 5739 1248 5785 et
1297 5729 1423 5785 fecit
1471 5731 1616 5801 quod
1661 5730 1727 5785 ad
1772 5747 1830 5787 se

250 5827 576 5897 pertinebat.
605 5827 728 5882 Ideo
754 5834 931 5879 autem
963 5834 1200 5878 mortuus
1227 5833 1301 5877 est
1331 5820 1569 5877 Christus
1592 5840 1685 5893 pro
1717 5840 1819 5878 om-

253 5918 407 5973 nibus
435 5960 448 5983 ,
478 5929 531 5973 ut
559 5930 608 5974 et
634 5920 721 5990 qui
751 5920 922 5973 rirunt
955 5917 1006 5972 iu
1036 5917 1167 5980 ﬁde,
1193 5917 1304 5986 jam
1349 5932 1450 5970 non
1487 5915 1585 5970 sibi
1615 5915 1787 5969 vivant
1810 5930 1831 5969 :

1937 4823 2082 4878 nobis
2123 4821 2379 4891 apostolis
2412 4820 2760 4874 ministerium
2801 4818 3258 4875 reconciliationis.
3308 4820 3386 4874 llli
3425 4836 3512 4874 re-

1934 4912 2322 4973 conciliantur,
2347 4910 2437 4977 qui
2463 4917 2620 4962 antca
2649 4907 2850 4964 inimici
2876 4916 3049 4968 erant.
3081 4908 3146 4963 Et
3173 4924 3270 4964 nos
3309 4909 3510 4964 inimici

1935 5018 2152 5057 eramus
2179 5001 2286 5055 Deo
2308 4999 2609 5065 Patri,-non
2638 5015 2734 5068 per
2756 5007 3001 5053 naturam
3029 5016 3193 5071 quam
3239 5001 3356 5071 ipse.
3387 5001 3513 5054 fecit

1936 5103 2177 5152 sanctam
2209 5103 2261 5148 et
2288 5095 2504 5157 bonam,
2533 5093 2628 5148 sed
2654 5108 2749 5162 per
2789 5093 2978 5147 vitium
3003 5093 3146 5162 quod
3173 5109 3270 5148 nos
3312 5093 3514 5147 addidi-

1937 5202 2075 5240 mus.
2107 5183 2300 5238 Ablato
2326 5197 2455 5251 ergo
2489 5190 2710 5252 peccato
2753 5182 2896 5252 quod
2942 5197 3040 5236 nos
3067 5181 3388 5244 addidimus,
3421 5195 3513 5251 per

1925 5275 2243 5346 sanguinem
2298 5271 2500 5327 Christi
2552 5271 2843 5327 reformata
2887 5282 2973 5327 est
3017 5280 3210 5327 natura
3245 5284 3306 5326 ut
3337 5272 3512 5327 fuerat

1925 5376 2143 5430 creata,
2195 5372 2251 5419 et
2296 5362 2624 5418 reconciliati
2673 5378 2860 5418 sumus
2905 5363 3015 5418 Deo
3055 5362 3226 5416 Patri.
3267 5361 3516 5417 Christus

1927 5474 2057 5528 ergo
2108 5470 2409 5527 procurans
2463 5455 2620 5509 nobis
2675 5454 3169 5514 reconciliationem
3222 5467 3318 5524 per
3361 5469 3516 5508 suam

1938 5548 2266 5620 passionem,
2320 5545 2478 5599 rediit
2521 5544 2588 5598 ad
2639 5544 2805 5599 Deum
2851 5545 3067 5600 Patrem
3093 5545 3234 5600 unde
3273 5554 3514 5600 venerat.

1939 5641 2046 5696 Sed
2081 5655 2148 5694 ne
2174 5638 2550 5708 imperfectum
2580 5637 2693 5691 sive
2736 5637 2996 5692 infectum
3032 5650 3339 5692 remaneret
3375 5638 3517 5706 quod

1939 5731 2093 5786 nobis
2114 5736 2521 5800 procuraverat,
2549 5727 2905 5781 ministerium
2941 5727 3397 5783 reconciliationis
3421 5726 3514 5780 de-

1939 5824 2018 5878 dit
2054 5822 2166 5877 suis
2210 5818 2506 5890 apostolis,
2553 5826 2613 5870 ut
2660 5818 2758 5887 ipsi
2813 5818 2968 5874 nobis
3008 5819 3397 5874 annuntiarent
3439 5832 3513 5871 re-

1940 5916 2182 5984 demptos
2224 5926 2342 5968 esse
2379 5909 2636 5980 sanguine
2664 5909 2864 5966 Christi
2908 5921 2960 5965 et
3011 5927 3106 5967 sua
3137 5908 3515 5983 prmdicatione
