3996 6476
465 491 575 548 651¹

938 486 1294 544 HAYMONIS
1331 486 1809 544 HALBERS‘I‘AT.
1852 487 2040 543 EPISC

2142 484 2258 543 ιρι).
2301 474 2483 544 risus
2522 490 2561 545 l.
2603 480 2671 530 -ἑ
2706 483 3069 548 εοωιεΝτξ
3106 491 3279 546 BIBL.

3638 493 3744 548 65!

466 606 882 662 reconciliarent
911 610 1026 658 nos.
1060 602 1218 657 Sicut
1241 602 1386 656 enim
1429 602 1544 671 ipse
1570 602 1742 656 dixit:
1776 601 1927 669 Sicpt
1950 600 2047 654 mi-
2076 603 2121 660 Α
2150 599 2427 656 oeulorum
2454 642 2469 665 ,
2502 601 2629 655 dum
2673 602 2725 655 ei
2775 602 2985 657 reducit
3038 603 3105 657 ad
3151 602 3475 657 memoriam
3520 606 3743 659 beatum

461 698 531 750 sit
548 712 635 752 me
660 693 839 754 Pater.
863 702 912 746 et
931 707 1025 762 ego
1073 693 1222 746 mitto
1262 707 1350 745 vos
1391 690 1573 761 (Joan.
1598 692 1675 762 γι)
1708 709 1719 744 :
1753 690 1842 755 ite,
1870 690 2047 744 docete

462 802 642 841 omna
667 794 845 854 gentes
864 782 1079 852 (Matth.
1110 782 1322 851 xxvm).
1354 796 1358 802 ·
1850 830 1855 834 .

536 875 801 941 Quoniam
837 873 977 927 Deus
1004 871 1166 927 Pater
1186 882 1297 928 erat
1327 875 1384 929 in
1421 871 1629 928 Christo
1669 873 1922 927 mundum
1967 887 2048 925 re-

461 966 747 1021 concilians
789 965 887 1020 sibi
918 981 1016 1034 per
1054 965 1224 1019 illum.
1274 966 1414 1020 Deus
1454 964 1616 1019 Pater
1644 965 1695 1019 in
1723 964 1858 1018 Filio
1906 972 2043 1027 erat,

457 1068 513 1113 et
543 1057 714 1113 Filius
740 1057 794 1111 in
826 1056 1008 1120 Patre,
1033 1056 1172 1111 sicut
1197 1056 1337 1113 idem
1361 1055 1527 1110 Filius
1545 1056 1658 1110 ait:
1686 1055 1801 1124 Ego
1821 1063 1867 1107 et
1890 1053 2055 1107 Pater

457 1162 622 1204 unum
644 1147 1034 1219 sumus(.loau.
1067 1146 1145 1216 x).
1172 1148 1258 1211 Et,
1288 1146 1401 1217 Ego
1424 1146 1477 1201 in
1500 1146 1662 1201 Patre
1680 1186 1695 1211 ,
1717 1155 1766 1200 et
1791 1143 1954 1199 Pater
1991 1145 2049 1197 in

454 1257 540 1295 me
572 1249 649 1296 est
679 1238 863 1309 (Joan.
900 1240 1033 1310 xiv).
1071 1228 1242 1293 Aliter
1272 1254 1404 1310 ergo
1430 1246 1549 1293 erat
1591 1239 1646 1293 in
1695 1237 1934 1303 Christo,
1965 1243 2048 1290 at-

456 1348 565 1405 que
580 1334 742 1389 aliter
770 1332 872 1387 fuit
907 1333 1267 1404 itrpi‘ophetis
1293 1341 1350 1387 et
1379 1331 1639 1403 apostolis
1658 1349 1766 1413 per
1790 1346 1930 1401 quos
1967 1331 2049 1385 lo-

454 1427 748 1497 quebatur.
780 1426 838 1480 in
878 1424 983 1480 illis
1024 1433 1145 1479 erat
1187 1439 1285 1495 per
1322 1425 1573 1495 gratiam,
1604 1423 1657 1478 in
1686 1421 1905 1479 Christo
1930 1430 2051 1476 erat

454 1532 556 1587 per
576 1518 838 1573 unitatem
879 1516 1213 1581 substantia,
1244 1518 1367 1586 quia
1395 1531 1560 1571 unum
1589 1523 1756 1571 sunt:
1789 1514 2046 1570 mundum

456 1611 832 1668 reconciliavit
852 1610 954 1665 sibi
1001 1624 1097 1678 per
1124 1608 1437 1672 Christum,
1470 1609 1524 1664 id
1552 1618 1657 1673 est,
1687 1622 1878 1663 omnes
1908 1622 2047 1676 prte-

456 1701 760 1756 destinatos
797 1700 862 1754 ad
886 1701 1050 1754 vitam
1088 1707 1371 1762 aeternam,
1399 1714 1502 1752 non
1532 1705 1782 1766 reputans
1826 1694 1956 1760 illis,
1991 1696 2053 1750 id

453 1802 542 1846 est
565 1792 949 1867 credentibus,
975 1800 1186 1861 peccata
1235 1791 1498 1858 ipsorum,
1530 1799 1825 1860 postquam
1870 1788 1937 1842 ad
1986 1787 2049 1841 ii-

455 1886 577 1941 dem
608 1893 871 1940 venerunt
913 1902 926 1937 :
973 1883 1099 1953 quia
1142 1882 1332 1953 quales
1378 1890 1538 1937 antea
1576 1880 1797 1936 fuerant
1829 1896 1936 1934 non
1965 1889 2048 1933 at-

2149 690 2392 754 Tobiam,
2422 702 2476 748 et
2496 693 2921 749 consolationem
2944 694 2992 749 ei
3015 709 3082 748 ex
3110 694 3212 750 hoc
3236 694 3475 765 aliquam
3492 707 3740 765 prastat.

2147 782 2453 838 exhortatio
2481 794 2583 838 est.
2617 783 2751 838 Dum
2781 784 2934 839 videt
2960 785 3125 840 etiam
3153 785 3317 840 alium
3352 786 3539 840 dolore
3576 789 3744 842 nimio

2146 871 2441 939 coiistringi
2476 882 2698 941 propter
2726 882 2945 941 peccata
2983 888 3081 928 sua
3103 914 3119 937 ,
3140 882 3197 928 et
3246 890 3382 943 pene
3406 875 3459 929 in
3488 876 3745 943 despera-

2148 958 2349 1013 tionem
2389 960 2616 1029 lapsum,
2647 961 2693 1015 si
2722 963 2889 1016 verbo
2913 972 3007 1016 aut
3040 962 3289 1033 exemplo
3313 964 3744 1019 consolationem

2147 1051 2370 1117 praebet,
2399 1067 2468 1105 ne
2515 1052 2764 1120 desperet
2813 1053 2879 1108 de
2930 1054 3085 1108 venia
3142 1064 3238 1109 aut
3280 1054 3456 1110 salute
3506 1056 3648 1109 dans
3692 1058 3739 1110 ei

2146 1139 2449 1210 exemplum
2478 1139 2705 1195 Mariam
2728 1142 3070 1197 meretricem
3090 1184 3106 1208 ,
3137 1144 3227 1199 cui
3256 1143 3521 1199 Dominus
3555 1147 3740 1199 oninia

2147 1241 2372 1300 peccata
2396 1233 2606 1288 dimisit
2630 1232 2782 1304 (Luc.
2813 1238 2935 1305 vn),
2965 1243 3021 1290 et
3048 1235 3314 1292 latronem
3344 1238 3399 1292 in
3426 1254 3629 1302 cruce,
3650 1241 3740 1308 qui

2146 1324 2215 1379 ad
2245 1340 2406 1380 unam
2442 1340 2628 1380 vocem
2661 1326 3106 1382 meruitaudire:
3137 1327 3311 1383 Hodie
3330 1345 3535 1383 meeum
3554 1331 3664 1384 eris
3688 1332 3743 1383 in

2146 1419 2395 1489 paradiso
2415 1418 2568 1490 (Luc.
2601 1419 2783 1490 χχιιι),
2820 1420 3133 1476 exhortatio
3165 1423 3307 1478 liena
3347 1432 3406 1477 et
3441 1424 3741 1479 consolatio

2145 1516 2247 1563 est.
2289 1509 2542 1565 Dicamus
2566 1518 2623 1565 et
2643 1508 2802 1565 aliter
2832 1528 2847 1567 :
2880 1512 3034 1567 Sicut
3062 1513 3241 1583 posito
3263 1514 3447 1584 aliquo
3473 1515 3528 1568 in
3566 1525 3743 1570 certa-

2147 1601 2292 1656 mine
2322 1601 2580 1669 singulari
2611 1617 2734 1656 cum
2763 1616 2862 1657 suo
2912 1603 3168 1668 inimico,
3199 1606 3324 1660 dum
3380 1607 3432 1661 ei
3474 1607 3613 1661 dicit
3648 1609 3741 1661 ali-

2145 1694 2269 1764 quis
2297 1710 2366 1748 ex
2393 1694 2893 1760 circumstantibus,
2942 1694 3126 1766 Pugna
3166 1695 3407 1762 fortiter,
3441 1698 3553 1752 noli
3581 1699 3737 1753 dubi-

2148 1795 2264 1841 tare
2289 1826 2307 1851 ,
2332 1786 2439 1860 noli
2470 1787 2723 1851 deiicere,
2754 1787 3038 1842 victoriam
3067 1789 3365 1851 obtinebis,
3402 1791 3739 1846 exhortatio-

2147 1891 2270 1932 nem
2304 1877 2352 1931 ei
2387 1877 2592 1948 praebet
2614 1885 2670 1932 et
2694 1878 2977 1933 audaciam
3004 1895 3016 1933 :
3046 1880 3127 1935 sic
3152 1880 3244 1950 qui
3286 1880 3526 1949 positum
3554 1882 3609 1935 in
3632 1897 3741 1935 cer-

453 1976 651 2041 tendit,
696 1976 792 2033 sed
841 1975 1028 2046 quales
1077 1974 1242 2028 futuri
1287 1982 1475 2040 erant;
1515 1983 1565 2028 et
1592 1974 1763 2043 posuit
1802 1973 1859 2028 in
1897 1973 2044 2027 nobis
2076 1959 2120 2017 Β
2149 1972 2350 2026 tamine
2381 1970 2535 2025 bona:
2574 1971 2906 2041 operationis
2946 1982 3135 2027 contra
3183 1974 3460 2029 diabolum
3507 1985 3563 2029 et
3613 1975 3736 2030 vitia

450 2069 663 2123 uerbum
708 2065 1183 2133 reconciliationis,
1256 2065 1309 2121 id
1365 2074 1451 2121 est
1509 2064 1812 2120 doctrinam
1868 2063 2048 2119 Evan-

451 2159 599 2231 gelii.
1694 2154 1695 2157 “

531 2249 638 2303 Pro
661 2250 871 2305 Christo
899 2266 1021 2320 ergo
1054 2249 1311 2320 legatione
1341 2249 1643 2320 fungimur,
1690 2248 1743 2303 id
1778 2256 1891 2312 est,
1923 2246 2044 2302 vice

449 2339 649 2395 Christi
685 2340 966 2396 missatico
1000 2339 1297 2411 fungimur,
1324 2350 1577 2412 tanquam
1601 2340 1710 2394 Deo
1735 2341 2044 2395 exhortante

447 2448 544 2498 per
572 2448 667 2487 nos
692 2473 708 2498 ,
732 2433 992 2488 subaudis
1018 2432 1265 2488 homines
1297 2433 1361 2486 ad
1389 2431 1737 2487 credendum.
1788 2432 2043 2486 Obsecra-

447 2538 566 2577 ηεαδ
586 2539 681 2593 pro
699 2521 933 2587 Christo,
950 2523 1002 2578 id
1023 2531 1127 2586 est,
1152 2523 1269 2577 vice
1281 2521 1481 2577 Christi
1500 2520 1911 2576 reconciliamini
1929 2520 2042 2575 Deo

450 2609 598 2666 Patri
629 2627 728 2681 per
747 2612 908 2667 ﬁdem
935 2620 991 2667 et
1008 2610 1281 2680 justitiam
1300 2652 1314 2675 ,
1340 2611 1651 2667 auferentes
1684 2625 1715 2663 a
1746 2609 1898 2665 vobis
1926 2625 2041 2666 om-

448 2715 520 2755 ne
551 2710 836 2769 peccatum
863 2703 1010 2772 quod
1034 2717 1067 2755 a
1111 2700 1224 2756 Deo
1247 2716 1342 2755 vos
1368 2709 1605 2770 separat.
1974 2722 1977 2725 λ

524 2793 686 2856 Eum,
716 2792 771 2848 id
795 2803 879 2849 est
906 2792 1202 2858 Christum,
1228 2794 1318 2862 qui
1349 2809 1453 2846 non
1494 2802 1704 2847 noverat
1749 2800 2039 2862 peccatum,

448 2885 594 2940 Deus
620 2883 803 2945 Pater,
829 2901 931 2955 pro
944 2884 1094 2939 nobis
1125 2895 1393 2954 peccatum
1420 2883 1563 2952 fecit,
1592 2883 1646 2938 id
1673 2891 1759 2939 est
1808 2882 2043 2938 hostiam

447 2989 551 3044 pro
577 2983 820 3045 peccato.
850 2974 942 3029 Sic
963 2974 1109 3030 enim
1130 2973 1431 3044 appellatur
1454 2973 1631 3028 hostia
1662 2989 1760 3044 pro
1791 2984 2036 3043 peccato,

450 3065 691 3121 maxime
739 3065 795 3119 in
838 3064 1191 3137 Septuaginta
1247 3065 1632 3136 interpretibus
1662 3104 1681 3131 ,
1738 3065 1831 3134 qui
1894 3065 2039 3121 soliti

447 3165 577 3211 sunt
618 3156 838 3213 dicere:
868 3156 1043 3210 Ponet
1079 3158 1215 3210 enim
1250 3173 1465 3211 manum
1512 3173 1664 3212 suam
1699 3173 1858 3228 super
1883 3167 2041 3223 caput

447 3251 656 3319 peccati
679 3249 863 3323 (Leuit.
890 3249 951 3321 ι),
979 3249 1030 3304 id
1062 3258 1166 3312 est,
1195 3264 1357 3320 super
1381 3259 1546 3318 caput
1571 3249 1759 3305 hostiae
1788 3264 1887 3320 pro
1911 3265 2035 3320 pec-

2143 2063 2345 2123 carnis,
2390 2064 2643 2119 admonet
2693 2080 2761 2119 ne
2807 2063 3026 2118 deﬁciat
3055 2081 3231 2136 neque
3276 2075 3459 2122 cesset
3497 2084 3528 2121 a
3560 2077 3740 2137 empto

2143 2167 2341 2223 opere,
2377 2154 2810 2209 exhortationem
2862 2156 3056 2210 bonam
3113 2157 3335 2226 praebet.
3399 2155 3553 2213 Unde
3608 2159 3739 2214 dicit

2143 2242 2429 2313 Apostolus
2454 2244 2617 2299 modo
2643 2244 2922 2314 alloquens
2943 2245 3283 2312 Corinthios,
3305 2256 3363 2301 et
3392 2247 3447 2301 in
3482 2248 3591 2303 illis
3618 2265 3734 2303 nm-

2143 2349 2239 2387 nes
2270 2333 2491 2388 ﬁdeles:
2524 2333 2818 2388 llortamur
2857 2350 2954 2390 vos
2989 2344 3174 2391 nostra
3210 2336 3605 2407 praedicatione
3645 2341 3737 2393 no-

2141 2432 2363 2494 stroque
2385 2424 2665 2493 exemplo,
2694 2426 3054 2495 omnibusque
3074 2428 3275 2493 modis,
3303 2442 3373 2482 ne
3402 2429 3457 2483 in
3504 2446 3732 2485 vacuum

2141 2518 2256 2571 sive
2286 2516 2448 2573 inane
2470 2524 2527 2572 et
2561 2518 2822 2573 inutiliter
2845 2520 3074 2588 gratiam
3105 2519 3199 2574 Dei
3224 2520 3527 2590 recipiatis,
3551 2526 3733 2577 omnia

2143 2606 2279 2661 bona
2305 2622 2427 2678 qum
2456 2609 2643 2678 genteri
2666 2608 2903 2663 humano
2923 2610 3138 2673 dantur,
3171 2612 3345 2680 gratia
3388 2612 3487 2667 Dei
3514 2614 3732 2676 dicitur.

2141 2698 2266 2768 quia
2295 2700 2465 2769 gratis
2512 2700 2562 2754 ei
2612 2702 3001 2777 conceduntur.
3037 2701 3222 2757 Gratia
3257 2704 3458 2774 quippe
3503 2705 3599 2760 Dei
3630 2719 3730 2771 est,

2144 2790 2342 2847 habere
2362 2791 2542 2855 (idem,
2570 2807 2742 2862 spem,
2770 2794 3110 2859 cliaritatem,
3141 2796 3465 2864 sapientiam
3496 2800 3732 2853 divinam

2143 2881 2228 2936 vel
2255 2882 2578 2945 humanam,
2608 2891 2664 2938 et
2704 2883 2843 2939 bona
2891 2885 3227 2955 temporalia.
3271 2886 3440 2943 Istam
3474 2905 3610 2959 ergo
3642 2890 3733 2944 Dei

2141 2973 2370 3042 gratiam
2396 2972 2450 3027 in
2478 2987 2705 3029 vacuum
2735 2974 2959 3045 recipit,
2988 2976 3079 3046 qui
3102 2977 3330 3034 veniens
3359 2980 3431 3035 ad
3477 2979 3753 3047 ﬂdem,et,

2143 3065 2516 3121 remissionem
2556 3075 2903 3136 peccatorum
2947 3070 3000 3124 in
3044 3070 3366 3140 baptismate
3404 3075 3730 3145 percipiens,

2140 3154 2239 3209 Dci
2298 3157 2584 3226 przeceptis
2633 3158 2951 3217 inobeiliens
2974 3162 3228 3225 exsistit,
3282 3179 3391 3219 non
3425 3166 3735 3223 adhibendo

2142 3246 2379 3302 studium
2400 3288 2417 3313 ,
2442 3258 2502 3303 ut
2525 3249 2697 3319 possit
2722 3250 2816 3305 Dei
2839 3262 3107 3321 praecepta
3142 3253 3262 3323 ipso
3289 3255 3588 3326 adjuvante
3632 3258 3734 3313 im-

447 3350 589 3396 cam,
637 3341 744 3397 sed
772 3343 999 3412 quaestio
1027 3343 1205 3396 οτιίιυι·
1232 3342 1285 3396 in
1318 3343 1421 3397 hoc
1446 3341 1584 3397 ιοοο,
1632 3341 1913 3408 Quomodo
1938 3342 2027 3410 ju-
2058 3328 2102 3389 C
2133 3338 2572 3408 plere,quoniam
2596 3340 2728 3396 iides
2748 3342 2864 3396 sine
2883 3343 3139 3413 operibus
3159 3356 3369 3400 mortua
3385 3356 3544 3403 estet
3559 3349 3733 3405 inanis

447 3432 594 3489 dicet
623 3432 767 3488 Deus
795 3440 852 3488 et
890 3432 1129 3487 vindicet
1155 3431 1207 3485 in
1247 3431 1464 3487 homine
1493 3444 1771 3500 peceatum
1797 3473 1813 3496 ,
1840 3433 1885 3487 si
1922 3433 2037 3502 ipse

449 3533 737 3593 peccatum
779 3539 891 3579 non
942 3522 1127 3578 novit?
1154 3520 1284 3589 Qua:
1330 3523 1404 3577 ita
1445 3522 1689 3587 solvitur,
1722 3523 1847 3592 quia
1887 3523 2038 3578 novit

449 3630 550 3684 per
606 3615 926 3684 sapientiam
962 3621 1248 3684 peccaturo
1277 3627 1398 3668 esse
1425 3613 1646 3678 malum,
1676 3615 1769 3668 sed
1799 3629 1905 3668 non
1941 3608 2061 3668 no-'

450 3707 531 3760 vit
557 3705 980 3775 experientiam,
1009 3714 1066 3759 ut
1095 3703 1385 3774 aliquando
1414 3712 1695 3774 peccaret;
1736 3704 1883 3759 verbi
1915 3720 2039 3774 gra-

454 3799 526 3857 tia
548 3837 568 3863 ,
610 3798 691 3853 sic
721 3797 952 3852 dicimus
979 3811 994 3849 :
1024 3796 1263 3852 Joannes
1288 3796 1615 3867 evangelista
1645 3796 1863 3865 quando
1909 3796 2040 3851 scri—

451 3896 560 3960 psit
594 3907 750 3947 snum
776 3889 1151 3960 Evangelium,
1198 3888 1347 3944 novit
1394 3888 1629 3951 mentiri,
1666 3889 1718 3943 id
1753 3898 1856 3951 est,
1887 3889 2039 3943 novit

451 3982 793 4038 mendacium
822 3998 923 4052 per
948 3981 1293 4052 sapientiam,
1320 3982 1416 4037 sed
1432 3996 1541 4061 non
1563 3981 1711 4038 novit
1732 3997 1831 4053 per
1850 3981 2039 4037 volun-

451 4083 624 4131 tatem
673 4084 734 4130 ut
785 4073 946 4129 vellet
995 4073 1235 4140 mentiri,
1288 4090 1465 4143 neque
1510 4090 1608 4145 per
1648 4075 2035 4144 experientiam

451 4167 672 4237 quando
695 4166 825 4223 illud
852 4167 1089 4237 scripsit.
1120 4166 1246 4221 Ideo
1276 4167 1405 4223 fecit
1435 4167 1575 4223 Deus
1598 4167 1761 4223 Pater
1805 4169 2036 4224 hostiam

450 4274 552 4328 pro
599 4266 827 4328 peccato
867 4255 1144 4312 Christum
1184 4271 1198 4310 :
1234 4267 1291 4311 ut
1323 4274 1416 4313 nos
1460 4259 1790 4328 efﬁceremur
1825 4259 2038 4328 justitia

451 4350 549 4403 Dei
574 4350 633 4402 in
651 4350 785 4418 ipso,
809 4347 861 4402 id
881 4354 993 4413 est,
1011 4356 1074 4401 ut
1093 4344 1431 4403 eiliceremur
1448 4346 1581 4416 justi
1609 4363 1707 4417 per
1734 4348 2039 4403 misericor-

453 4443 599 4497 diam
623 4441 717 4495 Dei
740 4440 922 4497 Patris
950 4441 1002 4495 in
1033 4440 1182 4511 ipso.
1221 4440 1272 4496 id
1301 4450 1384 4497 est
1410 4456 1507 4511 per
1542 4441 1840 4506 Christum,
1870 4442 1956 4497 vel
1984 4443 2039 4497 in

456 4536 599 4602 ipso,
621 4531 675 4587 id
700 4539 806 4597 est,
834 4531 1137 4602 incorpore
1160 4532 1365 4587 Christi
1388 4531 1683 4601 conjuncti,
1723 4531 2040 4600 adjuvantes

456 4634 638 4680 autem
666 4640 763 4680 vos
792 4635 976 4681 nostra
1009 4625 1392 4696 pnedicatione
1413 4634 1467 4680 et
1491 4624 1763 4694 exemplo.

1071 4775 1299 4834 CAPUT
1339 4775 1425 4831 Vl.

526 4890 821 4949 Hortamur
841 4907 928 4946 vos
958 4906 1021 4944 ne
1046 4890 1100 4943 in
1126 4903 1348 4943 vacuum
1370 4888 1598 4957 gratiam
1624 4886 1722 4943 Dei
1756 4889 2039 4959 recipiatis.

454 4986 775 5049 Exhortatio
802 4984 1012 5053 species
1038 4989 1123 5037 est
1152 4981 1435 5046 doctrinae,
1472 4982 1598 5038 dum
1622 4980 1850 5052 quilibet
1878 4980 2043 5037 verbo

453 5088 549 5133 aut
592 5075 841 5146 exemplo
887 5073 1309 5129 consolationem
1360 5082 1586 5143 praestat
1641 5072 1835 5137 alicui;
1887 5072 2039 5128 verbi

454 5170 632 5239 gratia
660 5186 674 5223 :
704 5168 852 5227 videt
880 5166 1075 5235 aliquis
1110 5174 1355 5221 nostrum
1388 5146 1610 5221 fratrein
1637 5180 1795 5221 suum
1823 5164 1877 5219 in
1904 5178 2039 5218 mte-

455 5277 580 5318 rore
612 5268 672 5317 et
713 5259 931 5317 tristitia
971 5258 1207 5329 positum
1239 5265 1462 5328 propter
1505 5257 1855 5313 amissionem
1903 5254 2037 5311 lilio-

457 5370 577 5408 rum
621 5362 679 5409 et
719 5354 930 5417 uxoris,
956 5363 1050 5407 aut
1088 5359 1311 5423 propter
1358 5353 1613 5408 damnum
1659 5351 2037 5421 temporalium

458 5459 671 5509 rerum,
700 5445 828 5499 dum
853 5445 905 5499 ei
936 5444 1147 5500 reducit
1189 5445 1258 5499 ad
1290 5443 1610 5499 memoriam
1658 5452 1715 5499 et
1760 5444 1814 5498 in
1858 5458 2041 5498 exem-

454 5535 840 5604 plum,quanta
852 5542 908 5588 et
926 5534 1105 5601 qualia
1127 5534 1383 5590 sustinuit
1404 5533 1596 5588 beatus
1613 5531 1717 5587 Job
1743 5533 2035 5602 patienter,

457 5635 515 5681 ct
539 5624 812 5696 quomodo
840 5624 1181 5694 postmodum
1219 5624 1420 5680 meruit
1460 5634 1681 5695 propter
1715 5625 2038 5695 patientiam

459 5733 613 5798 suam
638 5716 821 5772 omnia
848 5717 1089 5788 recipere
1110 5718 1165 5773 in
1196 5717 1459 5786 duplum:
1491 5716 1593 5773 ista
1639 5717 1761 5773 talis
1786 5720 2037 5775 consola-

460 5810 537 5863 tio
557 5817 613 5863 et
631 5808 950 5872 admonitio,
968 5807 1276 5864 exhortatio
1302 5816 1386 5864 est
1412 5808 1662 5865 dicenda.
1694 5808 1849 5866 Videt
1871 5812 2037 5867 etiam

459 5900 690 5971 aliquem
721 5900 1030 5957 contristari
1053 5908 1109 5954 et
1129 5899 1308 5955 dolere
1339 5909 1558 5971 propter
1578 5901 1834 5958 amissum
1858 5902 2038 5959 lumen

2141 3430 2281 3499 (Jac.
2310 3432 2392 3501 ιι).
2433 3432 2489 3488 ln
2522 3449 2750 3489 vacuum
2785 3448 3002 3504 quoque
3039 3436 3182 3491 bona
3212 3438 3533 3507 temporalia
3562 3442 3735 3512 gratis

2140 3537 2170 3575 a
2202 3522 2313 3578 Dco
2362 3524 2484 3578 data
2515 3524 2779 3594 percipit,
2806 3525 2897 3594 qui
2931 3524 3021 3579 illa
3063 3525 3226 3581 hilari
3266 3538 3453 3582 mente
3481 3532 3732 3601 pauperi-

2139 3617 2239 3671 bus
2300 3632 2398 3685 pro
2448 3616 2540 3672 Dei
2594 3632 2782 3672 amore
2833 3631 3059 3687 erogare
3108 3633 3214 3673 non
3263 3620 3467 3675 studet.
3506 3621 3577 3678 Ut
3601 3638 3745 3695 ergo,

2140 3724 2247 3762 non
2296 3707 2505 3778 longius
2544 3709 2873 3778 protelamus
2911 3727 3237 3778 sermonem,
3268 3715 3518 3773 dicamus
3563 3734 3729 3773 unum

2138 3814 2206 3853 ex
2234 3799 2443 3865 multis,
2493 3801 2765 3869 quomodo
2794 3803 2967 3872 gratia
3008 3803 3102 3859 Dei
3149 3803 3202 3859 in
3236 3820 3471 3861 vacuum
3501 3809 3732 3879 recipia-

2140 3900 2247 3955 tur,
2274 3891 2533 3945 deinns
2561 3891 2694 3945 dicit
2741 3892 2793 3946 in
2836 3893 3129 3962 Evangelia
3159 3897 3441 3967 discipulis
3467 3917 3481 3953 :
3512 3900 3611 3966 Ite,
3637 3902 3730 3955 do-

2138 3991 2245 4035 cete
2265 3998 2440 4036 omnes
2459 3992 2633 4052 gentes
2670 3982 2829 4039 ﬁdem
2855 3993 3056 4041 sancite
3077 3985 3377 4053 Trinitatis,
3407 3993 3729 4061 baptizatus:

2137 4090 2247 4137 eos,
2280 4083 2328 4129 et
2376 4074 2618 4131 docentes
2660 4093 2867 4132 servare
2908 4064 3084 4133 omnia
3120 4096 3447 4154 quiscunque
3484 4087 3728 4139 mandari

2140 4166 2279 4220 vobis
2321 4165 2538 4236 (Matth.
2570 4168 2785 4238 xxvm).
2826 4169 3146 4239 Quicunque
3177 4173 3246 4226 ad
3274 4172 3436 4228 ﬁdem
3482 4177 3649 4237 venit,
3675 4187 3729 4231 et

2140 4275 2246 4313 non
2273 4270 2458 4314 servat
2477 4273 2540 4314 ea
2574 4276 2695 4329 qua:
2723 4261 2775 4315 in
2804 4260 2920 4331 lege
2947 4270 3004 4317 et
3036 4262 3328 4333 Evangelio
3357 4266 3722 4331 continentur,

2142 4349 2195 4404 in
2227 4364 2456 4404 vacuum
2497 4354 2726 4421 gratiam
2754 4353 2847 4407 Dei
2874 4354 3085 4424 recipit.

2210 4440 2294 4492 Ait
2321 4439 2456 4494 enim
2482 4452 2499 4490 :
2536 4439 2784 4509 Tempore
2820 4452 3030 4513 accepto
3058 4446 3303 4501 exaudiri
3331 4457 3381 4500 te
3408 4461 3430 4499 .'
3460 4459 3509 4501 et
3547 4449 3603 4503 in
3642 4450 3727 4503 die

2137 4530 2327 4585 salutis
2362 4530 2545 4599 adjuvi
2585 4541 2653 4585 te.
2698 4530 2811 4586 lloc
2857 4531 3024 4589 Isaias
3061 4538 3327 4605 propheta
3378 4540 3607 4609 protulit
3659 4557 3721 4596 ex

2141 4639 2368 4695 persona
2396 4625 2491 4679 Dei
2522 4622 2700 4679 Patris
2728 4625 2998 4695 loquentis
3018 4628 3084 4683 ad
3112 4627 3306 4684 Filium
3341 4649 3355 4685 :
3385 4632 3622 4701 Tempus
3640 4649 3725 4688 ac-

2065 4699 2118 4759 Ῐ)
2143 4726 2356 4788 ceptum
2387 4718 2499 4772 Deo
2519 4716 2697 4783 Patri,
2727 4727 2784 4773 et
2810 4719 2926 4774 dies
2979 4720 3166 4776 salutis
3212 4722 3433 4778 humani
3492 4699 3722 4799 generis.

2147 4820 2360 4881 tempus
2387 4809 2488 4864 fuit
2512 4811 2780 4880 passionis
2804 4810 3008 4868 Christi
3054 4814 3107 4867 in
3141 4829 3250 4884 quo
3285 4815 3428 4872 Dens
3453 4816 3615 4873 Pater
3642 4820 3725 4873 de-

2142 4903 2337 4963 crevit,
2374 4902 2660 4971 disposuit,
2694 4904 3099 4974 przndestinavit
3130 4921 3227 4976 per
3249 4909 3563 4978 passionem
3609 4909 3726 4965 Filii

2143 4993 2225 5048 sui
2249 4991 2459 5049 salvare
2481 5009 2547 5050 ac
2572 4996 2837 5051 redimere
2860 5010 3030 5065 genus
3058 4998 3354 5055 humanum
3388 5020 3401 5054 ε
3444 5002 3551 5058 isto
3592 5013 3719 5059 lem-

2140 5101 2274 5156 pore
2293 5095 2516 5156 accepto
2538 5088 2681 5144 Deus
2702 5087 2867 5144 Pater
2884 5090 3159 5145 exaudivit
3174 5091 3369 5148 Filium
3399 5112 3577 5154 suum.
3604 5100 3722 5166 quia

2141 5177 2405 5247 quidquid
2457 5180 2634 5233 oravit
2679 5180 2848 5235 Filius
2897 5196 2997 5251 pro
3031 5181 3205 5238 salute
3250 5186 3468 5255 generis
3510 5187 3723 5242 humani

2142 5279 2317 5329 totum
2341 5270 2669 5341 impetravit.
2698 5270 2954 5342 Legimus
2975 5274 3122 5329 enim
3161 5275 3214 5330 in
3245 5276 3538 5348 Evangelio
3564 5277 3722 5334 Joan-

2143 5360 2230 5415 nis
2254 5358 2397 5430 quod
2419 5362 2855 5433 appropinquans
2884 5365 3144 5433 passioui,
3170 5367 3347 5421 oravit
3375 5369 3596 5425 dicens:
3625 5369 3723 5423 Pu-

2144 5460 2244 5516 ter,
2274 5467 2403 5521 quos
2424 5451 2614 5506 dedisti
2636 5453 2787 5518 mihi,
2819 5454 2933 5508 volo
2974 5466 3029 5508 ut
3061 5456 3149 5515 ubi
3178 5473 3272 5527 ego
3299 5475 3417 5512 sum
3447 5473 3496 5513 et
3525 5460 3605 5513 itli
3622 5460 3719 5515 sint

2144 5557 2369 5607 mecum,
2397 5550 2448 5595 ut
2473 5542 2680 5597 videant
2704 5542 3000 5599 claritatem
3043 5562 3211 5600 meam
3251 5546 3434 5618 (Joan.
3465 5552 3621 5619 xv").
3666 5532 3726 5603 Si.

2144 5629 2268 5700 quis
2294 5645 2425 5685 vero
2462 5631 2529 5687 de
2557 5633 2819 5702 apostolis
2842 5635 2948 5690 hoc
2985 5638 3361 5692 tantummodo
3401 5639 3605 5696 dictum
3640 5657 3721 5695 as-

2145 5724 2299 5789 serit,
2326 5723 2570 5780 attendat
2601 5727 2745 5796 quod
2784 5727 2901 5797 ipse
2938 5726 3075 5784 alias
3118 5728 3292 5784 dicit:
3324 5730 3451 5787 Non
3506 5750 3602 5803 pro
3643 5735 3725 5787 his

2147 5831 2273 5884 rogo
2291 5823 2518 5879 tantum,
2546 5818 2639 5871 sed
2668 5826 2716 5871 et
2739 5834 2835 5887 pro
2859 5819 2933 5873 eis
2953 5819 3044 5891 qui
3074 5821 3326 5876 credituri
3345 5835 3466 5878 sunt
3498 5842 3591 5893 per
3617 5842 3719 5880 vero

2149 5907 2269 5962 bum
2299 5924 2477 5963 eorum
2504 5909 2558 5963 in
2587 5926 2667 5965 me
2691 5909 2901 5982 (Ibid).
2920 5911 3210 5970 Exauditit
3240 5932 3456 5987 quoque
3485 5918 3631 5973 illum
3658 5918 3723 5972 de
