3996 6442
196 437 300 495 653

873 436 1238 494 EXPOSITIO
1281 436 1346 492 IN
1388 436 1537 494 EPP.
1578 435 1636 492 S.
1677 433 1904 490 PAULl.
1943 465 2012 476 --
2050 437 2116 492 ΙΝ
2157 437 2374 494 EPIST.
2417 440 2459 494 ll
2494 439 2588 496 AD
2617 440 2780 497 COR.

3363 445 3468 502 635

197 564 289 604 sua
311 545 577 610 oratione,
602 545 818 616 quando
843 548 1019 601 oravit
1049 549 1237 602 dicens
1275 567 1288 602 :
1324 545 1505 611 Pater,
1540 547 1776 616 clnriﬁca
1809 551 1855 607 Α
1883 563 2053 612 mutu,
2094 550 2321 618 sepeliat
2373 563 2669 618 mortuum,
2721 564 2776 609 et
2827 555 2882 610 in
2928 556 3013 610 his
3059 558 3311 615 omnibus
3354 576 3466 617 non

196 642 394 698 Filium
414 651 582 695 tuum.
609 641 674 694 Et
702 640 850 695 venit
875 655 975 695 vox
1004 641 1070 695 de
1100 641 1514 706 caelo,clamans
1542 657 1554 695 :
1582 638 1650 692 Et
1674 640 1778 694 cla-

197 715 414 802 rificdvi,
441 730 700 786 subaudis
731 740 972 801 tempore
1014 733 1355 802 baptismatis
1403 740 1455 786 et
1497 732 1551 785 in
1594 740 1777 786 monte

196 840 378 881 coram
410 823 686 893 discipulis
716 837 730 875 :
759 833 807 876 et
847 822 1152 892 clariﬁcabo
1179 824 1338 878 tertia
1371 824 1457 878 die
1484 839 1514 877 a
1547 823 1776 878 mortuis

195 914 526 972 suscitando.
550 915 618 969 Et
643 930 749 970 non
773 915 946 969 solum
971 931 1068 984 pro
1094 915 1216 970 aliis
1239 915 1527 971 exauditus
1550 923 1652 980 est,
1683 916 1778 969 sed

195 1011 358 1064 etiam
381 1021 480 1076 pro
509 1006 624 1060 suis
647 1006 1084 1074 persecutoribus
1109 1022 1206 1076 pro
1234 1007 1430 1075 quibus
1449 1006 1623 1060 oravit
1648 1021 1780 1074 pen-

195 1101 394 1156 densiu
423 1116 584 1155 cruce
615 1116 627 1152 :
656 1097 839 1163 Pater,
865 1097 1065 1152 dimitte
1086 1098 1213 1163 illis,
1235 1100 1360 1168 quia
1384 1099 1618 1154 nesciunt
1639 1097 1778 1169 quod

195 1193 398 1261 faciunt
449 1189 601 1258 (Luc.
637 1188 812 1259 xxut).
865 1185 1028 1244 Multa
1072 1190 1216 1243 enim
1263 1189 1427 1243 millia
1487 1199 1610 1258 post
1663 1187 1780 1256 ejus

196 1284 570 1339 ascensionem
598 1298 665 1336 ex
698 1283 783 1336 his
809 1281 1245 1351 praedicationem
1273 1281 1639 1351 apostolorum
1661 1297 1780 1336 cre-

195 1374 469 1428 diderunt.
498 1371 716 1425 Andivit
743 1388 956 1441 quoque
987 1372 1136 1425 illum
1160 1372 1211 1427 in
1237 1372 1324 1427 die
1354 1372 1543 1427 salutis
1567 1371 1779 1442 generis

195 1466 440 1529 humani,
466 1465 592 1534 quia
631 1465 790 1517 tertia
814 1465 900 1517 die
925 1463 1137 1518 devicto
1160 1464 1352 1519 mortis
1383 1463 1628 1534 imperio,
1654 1478 1779 1518 eum

195 1577 222 1612 a
248 1557 480 1611 mortuis
516 1555 808 1611 revocavit.
843 1553 997 1608 Sicut
1025 1554 1310 1608 retulimus
1359 1553 1459 1608 ista
1509 1554 1576 1608 ad
1618 1561 1780 1622 caput

193 1651 438 1706 omnium
490 1649 810 1712 electorum,
846 1647 898 1700 id
931 1649 1114 1702 estad
1141 1647 1442 1712 Christum,
1473 1645 1779 1700 referamus

193 1761 255 1800 ea
299 1753 353 1798 et
409 1742 476 1796 ad
531 1742 774 1795 membra
825 1739 1014 1809 ipsius.
1069 1737 1305 1808 Tempus
1345 1746 1624 1807 acceptum
1671 1753 1778 1807 quo

190 1834 440 1892 exaudiri
474 1846 782 1905 possumus,
810 1839 866 1885 et
915 1830 1030 1885 dies
1079 1831 1132 1886 in
1181 1846 1285 1900 qua
1343 1828 1574 1884 salutem
1623 1829 1778 1884 nobis

1878 634 2090 707 qumrat’
2114 640 2325 694 laudem
2359 643 2669 710 humanam,
2699 646 2794 700 sed
2824 646 2920 700 Dei
2941 648 3174 715 gratiam
3202 667 3214 704 :
3240 666 3350 705 non
3368 653 3467 707 ho-

1881 729 2114 785 minibus
2144 731 2378 800 placere,
2411 734 2504 787 sed
2557 735 2648 788 Dei
2704 739 2988 806 praeceptis
3039 740 3280 794 obedire.
3335 741 3464 798 Haec

1878 821 2189 891 quicunque
2225 822 2434 890 fecerit,
2476 825 2586 880 Deo
2609 827 2960 893 ministrabit,
2989 840 3044 884 et
3076 833 3370 886 merebitur
3395 834 3466 888 ab
3532 827 3550 842 ’

1881 912 1971 966 illo
2012 913 2198 969 audire
2247 930 2369 968 cum
2409 916 2596 970 electis
2656 935 2669 970 :
2732 916 2984 982 Quandiu
3029 920 3226 988 fecistis
3266 924 3356 976 uni
3397 939 3466 977 ea:

1878 1003 1960 1059 Itis
1981 1006 2212 1060 minimis
2235 1007 2382 1071 meis,
2409 1008 2536 1060 mihi
2557 1007 2752 1077 fecistis
2775 1009 2992 1080 (Matth.
3018 1012 3168 1082 xxv).
3198 1012 3264 1066 In
3297 1013 3466 1068 multa

1877 1096 2147 1166 patientia.
2190 1096 2454 1152 Patientia
2495 1106 2599 1162 est,
2633 1113 2738 1153 non
2787 1101 3022 1156 deiicere
3065 1102 3208 1157 inter
3235 1104 3467 1160 adversa

1878 1184 2037 1256 hujus
2071 1187 2307 1242 szcculi:
2360 1204 2522 1258 quam
2580 1189 2888 1246 habuerunt
2943 1193 3118 1247 sancti
3170 1204 3458 1266 martyres.

1878 1276 1995 1333 Non
2045 1279 2101 1333 in
2137 1295 2330 1350 parva,
2389 1280 2585 1349 inquit,
2628 1297 2804 1352 neque
2847 1283 2900 1338 in
2941 1284 3147 1338 modica
3179 1287 3464 1356 patientia,

1877 1369 1974 1426 sed
2011 1370 2064 1425 in
2097 1371 2265 1426 multa
2293 1373 2647 1428 exhibeamus
2671 1375 3034 1445 nosmetipsos
3062 1376 3202 1430 sicut
3232 1378 3324 1432 Dei
3357 1379 3462 1434 mi-

1877 1460 2096 1517 nistros.
2130 1461 2397 1517 Patientia
2445 1479 2660 1534 quoque
2687 1473 2772 1520 est
2802 1466 3073 1536 patienter
3100 1467 3244 1523 ferre
3291 1469 3464 1523 delin-

1877 1563 2129 1623 quentes,
2162 1555 2304 1610 sicut
2342 1557 2533 1611 beatus
2575 1557 2866 1625 Apostolus
2915 1559 3220 1615 sustinebat
3250 1560 3464 1616 .Corin—

1877 1645 2022 1700 thios
2063 1664 2077 1700 :
2113 1647 2230 1716 qui,
2282 1657 2566 1718 postquam
2595 1650 2662 1702 ad
2701 1649 2862 1704 ﬁdem
2902 1660 3180 1712 venerant.
3232 1653 3300 1707 ad
3333 1653 3466 1708 vitia

1877 1738 2104 1807 pristina
2143 1748 2270 1812 sunt
2298 1741 2538 1807 reversi,
2571 1757 2709 1811 quos
2756 1742 3046 1812 aliquando
3105 1743 3324 1811 blande,
3359 1745 3461 1800 ali-

1877 1834 2092 1904 quando
2121 1835 2364 1906 improbe
2402 1836 2684 1906 corripuit,
2715 1851 2999 1906 quousque
3047 1838 3322 1892 revocavit
3367 1855 3464 1895 eos

189 1939 452 1984 aeternam
492 1940 787 1996 procurare
815 1923 1076 1989 valemus,
1105 1925 1174 1978 ab
1211 1924 1435 1978 exordio
1483 1923 1775 1978 Dominica:
1805 1915 1850 1974 Β
1878 1926 1942 1981 ad
1968 1926 2149 1982 ﬁdem.
2180 1925 2706 1992 Intribulationibus,
2737 1928 2996 1982 subaudis
3017 1929 3188 1983 simus
3214 1929 3267 1982 iu
3294 1930 3461 1984 multa

191 2020 598 2092 prazdicationis
621 2027 724 2083 est,
755 2017 849 2073 sed
879 2017 1111 2071 maxime
1141 2017 1209 2070 ab
1236 2017 1352 2086 ejus
1380 2015 1778 2070 resurrectione

192 2132 367 2185 usque
399 2115 465 2168 ad
495 2112 639 2167 diem
669 2110 859 2182 judicii
887 2126 995 2180 quo
1021 2117 1262 2179 tempore
1291 2124 1389 2178 per
1428 2110 1570 2163 bona
1613 2123 1778 2177 opera

190 2224 480 2280 possumus
503 2204 861 2276 acceptabilcs
890 2219 1013 2259 esse
1035 2203 1146 2258 Deo
1167 2201 1342 2266 Patri,
1362 2209 1419 2256 et
1439 2202 1653 2271 placere
1678 2200 1775 2265 illi,

189 2311 362 2370 atque
394 2296 638 2352 exaudiri
673 2295 742 2349 ab
776 2294 886 2349 illo.
919 2295 994 2348 De
1032 2310 1139 2363 quo
1174 2302 1414 2364 tempore
1439 2293 1604 2348 etiam
1627 2293 1774 2361 Apo-

189 2391 367 2449 stolus
415 2388 638 2444 subdit:
672 2385 805 2440 Ecce
858 2403 994 2440 nunc
1045 2395 1246 2454 tempus
1293 2383 1779 2452 acceptabile,ecce

191 2501 336 2538 num
380 2483 490 2536 dies
536 2480 743 2534 salutis.
786 2479 1022 2548 Tempus
1051 2477 1384 2546 acceptabile
1412 2477 1480 2531 ad
1511 2476 1778 2546 paeniten-

191 2576 331 2631 tiam
355 2573 616 2644 agendam
643 2570 748 2624 vita
776 2585 1013 2638 przcsens
1027 2577 1111 2624 est
1132 2583 1300 2637 usque
1318 2567 1385 2620 ad
1407 2563 1776 2633 diemjudicii,

189 2682 320 2737 qua:
349 2663 648 2735 appeliatur
669 2669 724 2715 ct
745 2661 864 2715 dies
894 2659 1102 2723 salutis,
1132 2659 1187 2714 in
1215 2674 1323 2728 qua
1352 2657 1508 2712 nobis
1546 2655 1778 2710 salutem

187 2766 458 2814 mternam
490 2769 777 2826 possumus
825 2751 1163 2822 promereri,
1202 2750 1456 2820 quoniam
1512 2757 1636 2818 apta
1692 2753 1780 2802 est

190 2851 255 2905 ad
286 2848 644 2919 operaudum.
671 2847 746 2900 De
772 2860 877 2914 qua
909 2844 995 2898 die
1026 2843 1154 2897 dicit
1179 2843 1436 2897 Dominus
1464 2859 1476 2894 :
1503 2840 1780 2894 Ambulate

188 2945 326 2998 dum
363 2940 529 2994 lucem
576 2937 775 2992 habetis
823 2935 1006 3010 (loqu.
1046 2937 1164 3008 xu).
1215 2934 1350 2990 Huic
1394 2933 1500 2989 diei
1541 2931 1781 2986 succedit

189 3049 328 3096 nox,
357 3031 592 3084 tenebrrc
637 3027 847 3083 scilicet
878 3036 1095 3082 aeterna:
1145 3025 1531 3087 damnationis,
1574 3021 1629 3076 in
1673 3037 1780 3092 qua

189 3139 362 3182 nemo
391 3131 566 3193 potest
595 3120 809 3190 operari
841 3120 982 3174 sicut
1016 3119 1274 3173 Dominus
1288 3117 1421 3172 dicit
1450 3131 1464 3171 :
1504 3115 1652 3170 Venit
1675 3131 1781 3170 nox

187 3221 243 3272 in
269 3233 385 3288 qua
410 3231 557 3269 nemo
579 3213 765 3283 poterit
789 3211 995 3277 operari
1024 3209 1204 3280 (Joan.
1234 3210 1332 3281 Ix).
1365 3209 1432 3263 Et
1472 3209 1615 3263 idem
1638 3207 1780 3278 Apo-

1877 2017 2160 2088 patientia,
2191 2026 2248 2072 et
2282 2017 2638 2072 cxhibcamus
2686 2033 2784 2072 nos
2829 2019 2969 2072 sicut
3017 2018 3110 2072 Dei
3159 2019 3461 2074 ministros.

1878 2106 1945 2160 In
1968 2105 2392 2160 tribulationibus
2417 2106 2566 2171 dicit,
2598 2106 2651 2161 id
2673 2114 2758 2162 est
2788 2107 2840 2161 in
2865 2107 3029 2171 fame,
3055 2108 3165 2170 siti,
3193 2109 3460 2173 nuditate,

1879 2200 2106 2271 aliisque
2133 2200 2535 2256 aﬂlictionibus.
2575 2199 2644 2256 1n
2688 2201 3098 2256 necessitatibus.
3151 2200 3461 2257 Necessitas

1877 2292 2076 2349 dicitur
2096 2307 2162 2345 eo
2187 2291 2330 2361 quod
2360 2292 2412 2345 in
2445 2307 2575 2347 nece
2615 2293 2687 2348 sit
2717 2293 2913 2362 posita,
2941 2293 2994 2348 id
3028 2303 3112 2347 est
3135 2293 3188 2347 in
3221 2293 3464 2364 periculo

1878 2385 2091 2449 mortis,
2116 2384 2208 2438 ubi
2247 2384 2495 2454 praecipit
2540 2385 2832 2455 Apostolus
2871 2386 3188 2456 patientiam
3239 2400 3464 2441 servare

1876 2479 1932 2532 in
1965 2479 2243 2549 angustiis.
2292 2476 2483 2534 Omnis
2527 2478 2823 2550 indigentia
2868 2489 2923 2534 et
2970 2479 3175 2550 inopia,
3213 2479 3463 2552 angustia

1879 2579 2120 2627 vocatur.

1949 2659 2017 2714 In
2041 2660 2234 2730 plagis.
2255 2661 2310 2714 in
2335 2661 2656 2718 carceribus.
2694 2661 2850 2733 Stepe
2889 2661 3062 2734 plagis
3101 2662 3378 2732 virgarum
3409 2672 3467 2718 et

1878 2751 2179 2822 gladiorum
2201 2769 2374 2810 caesus
2406 2763 2489 2810 est
2515 2755 2835 2824 Apostolus,
2871 2771 3012 2826 saepe
3049 2756 3214 2810 etiam
3257 2757 3310 2810 in
3349 2772 3467 2812 car-

1880 2843 2094 2900 ceribus
2133 2853 2378 2900 retrusus
2427 2855 2511 2900 est
2558 2861 2658 2916 pro
2705 2847 2912 2902 Christi
2971 2847 3210 2912 nomine,
3235 2848 3328 2902 ubi
3357 2863 3462 2904 non

1881 2936 2113 2989 cessavit
2139 2934 2341 2989 donum
2381 2937 2478 2991 Dei
2513 2939 2842 3007 praedicare,
2874 2947 3185 3010 contempta
3228 2956 3326 2995 sua
3375 2956 3467 2995 sa-

1881 3022 2011 3079 lute;
2039 3023 2308 3080 Admonet
2327 3034 2505 3081 autem
2532 3043 2656 3083 cum
2691 3028 2859 3083 multa
2892 3029 3174 3099 patientia,
3201 3030 3248 3084 si
3273 3045 3464 3086 neces-

1882 3118 2018 3173 sitas
2042 3115 2207 3172 fuerit
2233 3117 2356 3172 talia
2399 3119 2516 3188 pati
2550 3134 2648 3188 pro
2695 3135 2881 3175 amore
2931 3120 3135 3175 Christi
3178 3130 3234 3175 et
3289 3121 3466 3177 salute

1885 3207 2113 3263 fratrum
2139 3215 2472 3275 nostrorum,
2499 3209 2678 3278 qualia
2725 3210 2838 3280 ipse
2883 3211 3143 3266 sustinuit
3182 3227 3354 3282 usque
3397 3213 3465 3266 ad

189 3269 371 3364 stolus
403 3321 417 3358 :
449 3269 590 3358 Dum
616 3314 813 3372 tempus
841 3302 1109 3366 habemus,
1139 3317 1410 3372 operemur
1428 3300 1566 3372 quod
1589 3301 1780 3353 bonum
1807 3269 1854 3332 C
1886 3299 2399 3355 decollationemJn
2416 3301 2756 3356 seditionibus
2781 3303 2952 3356 simus
2980 3303 3034 3357 in
3065 3303 3232 3358 multa
3256 3269 3468 3374 patien-

187 3410 265 3454 est
325 3394 465 3467 (Gal.
509 3394 607 3465 vi).
648 3393 803 3448 Modo
842 3393 986 3448 enim
1020 3407 1126 3446 non
1157 3407 1446 3462 possumus
1491 3392 1559 3446 ad
1605 3389 1783 3445 indul-

191 3489 442 3560 gentiam
478 3485 740 3556 prolicere
791 3493 1106 3553 peccatores
1135 3523 1150 3548 ,
1190 3483 1350 3538 modo
1382 3481 1630 3536 valemus
1681 3479 1781 3536 ob-

192 3583 378 3638 linere
397 3577 608 3631 veniam
637 3593 649 3629 :
679 3574 801 3645 quia
829 3573 1121 3628 secundum
1144 3572 1286 3643 quod
1312 3572 1573 3643 propheta
1603 3569 1735 3626 dicit
1765 3587 1778 3624 :

189 3674 250 3728 In
287 3668 506 3726 inferno
544 3681 700 3720 nemo
726 3663 1085 3719 conlidebitur
1114 3665 1223 3718 Deo
1252 3663 1318 3716 ad
1361 3663 1572 3717 veniam
1600 3659 1776 3732 (Psal.

190 3768 298 3838 vi).
335 3761 451 3816 Erit
483 3759 625 3813 enim
657 3755 995 3827 pmttitcutia,
1024 3755 1119 3809 sed
1147 3769 1271 3809 sera
1301 3759 1355 3806 et
1385 3750 1564 3806 tarda.

267 3858 488 3914 Nemini
511 3857 693 3911 dantes
730 3854 894 3910 ullam.
912 3851 1272 3918 o/feusionem.
1301 3845 1538 3902 Olfcnsio
1563 3843 1783 3916 proprie

188 3960 284 4007 est
318 3949 657 4013 scandalum,
690 3947 872 4008 ruina,
897 3941 982 3995 vel
1014 3939 1290 4008 itupeditio
1342 3938 1494 4007 pedis
1549 3954 1562 3990 :
1607 3935 1702 3990 sed
1728 3934 1783 3988 in

189 4045 308 4100 hoc
336 4041 456 4095 loco
482 4056 580 4109 pro
630 4037 915 4092 occasione
957 4031 1190 4098 maxime
1238 4029 1460 4098 ponitur
1509 4044 1523 4080 :
1578 4025 1779 4087 Simus,

186 4132 402 4203 inquit,
425 4129 626 4184 nemini
652 4128 841 4182 dantes
876 4123 1036 4179 ullam
1063 4119 1416 4176 oll‘cnsionem
1438 4157 1453 4182 ,
1484 4116 1536 4172 id
1568 4123 1654 4172 est
1685 4130 1781 4170 oc-

186 4226 481 4282 casionem
501 4220 758 4291 peccandi
781 4227 870 4273 aut
900 4218 952 4270 in
980 4216 1165 4278 verbo,
1197 4221 1287 4268 aut
1313 4213 1364 4265 in
1390 4225 1569 4281 pravae
1589 4225 1784 4280 cpera-

188 4316 372 4378 tionis
399 4313 667 4384 exemplo,
689 4309 772 4364 vel
804 4307 1074 4363 neminem
1113 4302 1543 4359 scandalizemus
1576 4301 1628 4355 in
1679 4299 1780 4353 ali-

185 4425 312 4484 quo
361 4421 612 4464 sermone
656 4402 736 4458 vel
779 4402 956 4464 facto;
1006 4407 1060 4452 ut
1095 4413 1197 4451 non
1221 4397 1536 4464 vituperetur
1557 4392 1786 4446 ministe-

190 4507 345 4560 rium
370 4509 625 4555 nostrum.
658 4496 737 4550 Ex
785 4506 1014 4564 persona
1059 4506 1155 4544 sua
1197 4487 1440 4557 loquitur
1487 4484 1780 4554 Apostolus

188 4595 554 4662 omniumque
583 4587 1014 4660 praedicatorum,
1038 4581 1271 4660 jungen‘s
1312 4595 1371 4633 se
1413 4594 1536 4633 cum
1587 4577 1780 4632 Corin-

190 4689 358 4746 thiis.
392 4681 742 4738 Ministerium
775 4676 1192 4747 praedicatorum
1236 4671 1576 4741 vituperatur
1619 4678 1784 4740 atque

191 4774 571 4835 contemnitur
596 4786 610 4825 :
634 4770 680 4826 si
707 4769 848 4840 quod
871 4765 1164 4836 przedicant
1184 4763 1362 4818 verbis
1380 4763 1666 4833 agendum,
1687 4763 1784 4818 de-

192 4875 428 4928 struunt
481 4863 772 4934 operibus,
823 4858 968 4913 aliud
1025 4855 1276 4910 videlicet
1326 4853 1685 4929 praedicantes
1728 4853 1783 4907 in

189 4960 442 5036 publico,
479 4967 534 5011 et
559 4955 703 5010 aliud
733 4959 954 5022 agentes
981 4950 1032 5004 in
1064 4949 1278 5004 occulto
1312 4965 1324 5001 ε
1360 4949 1498 5003 bona
1530 4948 1787 5003 docentes

192 5056 256 5112 in
289 5047 596 5122 propatulo,
631 5044 804 5114 turpia
840 5043 892 5097 in
914 5040 1156 5096 conclavi
1187 5048 1496 5110 operantes.

276 5141 388 5199 Sed
412 5141 463 5193 in
487 5137 744 5202 omnibus,
773 5134 1029 5189 subaudis
1056 5132 1257 5186 nostris
1277 5130 1487 5186 actibus
1508 5140 1563 5186 et
1584 5130 1786 5196 verbis,

193 5234 543 5294 exhibeamus
571 5235 625 5282 et
651 5241 1017 5296 prwparcmus
1045 5241 1136 5279 nos
1179 5223 1315 5276 sicut
1363 5221 1458 5275 Dei
1501 5221 1786 5276 ministros.

193 5327 300 5385 Dei
327 5323 574 5379 minister
594 5328 696 5385 est,
724 5318 814 5388 qui
848 5318 956 5372 Deo
979 5317 1174 5372 militat
1202 5323 1258 5370 et
1297 5315 1406 5369 Deo
1432 5313 1596 5370 servit
1623 5315 1790 5370 verbo

193 5415 472 5476 doctrinae
522 5419 577 5464 et
622 5408 796 5463 fructu
850 5408 1005 5462 home
1055 5405 1406 5476 Operationis.
1470 5404 1790 5474 Quicunque

194 5509 358 5566 enim
385 5505 480 5559 Dei
513 5503 759 5556 minister
786 5501 898 5555 vult
926 5515 1071 5564 esse,
1101 5501 1210 5554 Deo
1245 5499 1404 5554 debet
1439 5497 1496 5552 in
1535 5497 1789 5552 omnibus

195 5597 545 5664 ministrare,
569 5601 627 5647 ut
651 5593 705 5648 in
733 5592 982 5646 omnibus
1012 5606 1132 5660 quae
1157 5591 1264 5660 agit
1290 5597 1649 5661 cognoscatur
1672 5590 1787 5646 veri

198 5692 302 5748 Dei
334 5705 456 5744 esse
486 5687 687 5752 cultor,
719 5683 869 5740 verbi
903 5685 1100 5757 gratia,
1130 5692 1190 5738 ut
1215 5685 1405 5740 doceat
1425 5683 1675 5746 insciutu,
1701 5699 1788 5754 pa-

195 5790 326 5843 scat
375 5782 722 5841 esurientem,
771 5785 917 5847 potet
977 5777 1268 5842 sitientem,
1314 5777 1511 5832 vestiat
1560 5775 1784 5843 nudum,

197 5873 494 5933 calefaciat
521 5872 808 5944 algentem,
831 5868 1047 5940 colligat
1072 5878 1388 5939 vagantem,
1413 5869 1595 5926 visitet
1638 5869 1784 5925 inﬁr-

1885 3393 1978 3448 tia.
2013 3391 2318 3448 Seditiones
2347 3393 2564 3463 proprie
2593 3393 2661 3446 ad
2711 3394 2858 3448 cives
2907 3395 3200 3464 pertinent,
3248 3404 3304 3450 et
3340 3403 3466 3450 sunt

1885 3483 2144 3540 tumultus
2173 3492 2229 3538 et
2253 3483 2700 3540 conturbationes
2730 3485 2844 3539 sive
2875 3488 3267 3540 contentiones.
3298 3484 3365 3539 In
3387 3485 3469 3539 la-

1885 3577 2114 3634 boribus.
2153 3575 2354 3632 Paulus
2396 3577 2674 3648 apostolus
2719 3594 2826 3634 non
2873 3578 3047 3634 solum
3096 3579 3377 3636 laborabat
3412 3579 3466 3635 in

1882 3667 2292 3739 pradicatione,
2321 3667 2416 3722 sed
2459 3669 2624 3723 etiam
2655 3669 2708 3722 in
2736 3668 2922 3724 labore
2953 3685 3209 3725 manuum
3238 3671 3466 3727 desuda-

1884 3759 1979 3814 bat
2009 3776 2020 3812 :
2047 3757 2190 3813 unde
2213 3758 2317 3812 sibi
2345 3758 2547 3812 victum
2575 3769 2630 3814 et
2657 3761 2915 3814 vestitum
2942 3761 3258 3830 acquirebat
3283 3761 3339 3816 in
3387 3761 3468 3815 la-

1863 3851 2016 3904 bore
2041 3849 2246 3904 scilicet
2267 3847 2674 3904 scenol‘actoriae
2713 3851 2868 3914 artis,
2893 3866 2960 3905 ne
2987 3851 3167 3922 gravis
3188 3861 3331 3906 esset
3353 3852 3469 3906 suis

1886 3939 2242 4003 auditoribus,
2275 3939 2319 3991 si
2349 3939 2418 3992 ah
2463 3938 2543 3993 eis
2588 3938 2788 4008 aliquid
2834 3941 3124 4008 acciperet,
3153 3950 3335 4000 certus
3364 3943 3469 3997 hoc

1887 4033 1989 4089 sibi
2014 4031 2282 4104 prolicere
2308 4031 2449 4099 apud
2485 4031 2674 4085 Deum.
2718 4030 2783 4084 In
2825 4031 3014 4101 vigiliis
3061 4033 3232 4086 simus
3276 4033 3466 4087 dediti.

1884 4123 2004 4194 Ipse
2037 4137 2145 4177 non
2171 4119 2344 4177 solum
2370 4120 2458 4175 dic
2481 4135 2588 4176 non
2637 4120 2886 4175 cessabat
2926 4136 2956 4174 a
3004 4120 3188 4175 labore
3229 4135 3329 4176 nec
3381 4137 3467 4176 re-

1886 4222 2225 4295 quiescebat,
2255 4221 2350 4276 sed
2385 4218 2550 4274 etiam
2599 4226 2806 4272 tantum
2852 4225 2972 4272 erat
3010 4217 3274 4273 sollicitus
3321 4217 3465 4273 circa

1883 4315 2118 4371 cilicium
2146 4312 2249 4369 sibi
2277 4312 2601 4382 deligatum,
2625 4318 2684 4365 ut
2721 4324 2822 4365 nec
2857 4318 3016 4366 nocte
3043 4316 3284 4365 cessaret
3314 4318 3406 4363 aut
3436 4326 3466 4363 a

1884 4406 2290 4480 prmdicatione,
2321 4411 2416 4458 aut
2443 4403 2510 4456 ab
2539 4401 2645 4456 alio
2691 4414 2889 4470 opere;
2949 4400 3092 4455 unde
3140 4399 3368 4470 legimus
3416 4401 3469 4456 iu

1885 4503 2112 4559 Actibus
2136 4498 2526 4571 apostolorum,
2560 4495 2687 4566 quia
2714 4512 2876 4565 usque
2901 4495 2969 4549 ad
3001 4493 3227 4548 mediam
3270 4506 3470 4548 noctem

1813 4627 1861 4686 Ι)
1888 4609 2044 4652 suum
2068 4609 2355 4650 sermonem
2376 4591 2632 4663 protraxit
2654 4589 2791 4660 (Act.
2808 4588 2924 4660 xx),
2945 4588 3159 4658 quando
3173 4587 3469 4659 Eutychus,

1887 4687 1979 4757 qui
2009 4686 2400 4754 interpretatur
2428 4697 2637 4746 amens,
2662 4681 2730 4736 de
2757 4680 2916 4734 tertio
2943 4679 3225 4735 cmnaculo
3249 4680 3470 4744 cecidit,

1887 4795 1954 4833 eo
2002 4779 2145 4847 quod
2197 4776 2474 4846 negligens
2523 4782 2668 4830 esset
2721 4774 2774 4828 in
2819 4772 3000 4829 studio
3043 4773 3298 4828 audiendi
3349 4789 3470 4826 ver-

1887 4869 2015 4924 bum
2073 4866 2191 4921 Dei.
2254 4865 2322 4920 In
2364 4865 2586 4935 jejuniis
2627 4863 2798 4920 simus
2837 4863 3124 4933 patientes.
3167 4863 3473 4932 Aliquando

1889 4958 2208 5022 voluntarie,
2236 4957 2524 5025 aliquando
2545 4957 2744 5012 invitus
2768 4955 3064 5026 jejunabat,
3097 4963 3150 5009 et
3178 4971 3244 5010 ne
3270 4955 3474 5009 ventris

1888 5065 2054 5104 causa
2081 5048 2452 5110 inclinarctur,
2480 5047 2590 5101 Deo
2635 5047 2836 5117 gratias
2877 5047 3090 5114 agebat.
3135 5044 3287 5099 Sicut
3327 5045 3470 5098 enim

1891 5141 2156 5196 medicina
2192 5139 2472 5204 archiatri,
2501 5140 2551 5193 id
2571 5149 2656 5193 est
2689 5138 2884 5193 summi
2916 5135 3129 5200 medici,
3170 5135 3471 5189 necessaria

1889 5240 1974 5287 est
2000 5229 2356 5286 vulneribus:
2393 5229 2467 5284 ita
2499 5229 2690 5284 anima:
2739 5237 2940 5284 nostra:
2986 5225 3292 5291 necessaria
3347 5235 3474 5282 sunt

1883 5321 2111 5394 jejunia.

1963 5411 2030 5466 In
2057 5413 2296 5466 castitate
2326 5411 2525 5466 mentis
2557 5419 2613 5465 ct
2649 5410 2914 5480 corporis.
2955 5408 3192 5464 Castitas
3227 5408 3476 5478 corporis

1893 5512 1999 5569 est,
2023 5504 2370 5559 immaculate
2393 5511 2450 5559 et
2473 5503 2751 5572 impolluta
2782 5502 3043 5559 custodiri
3072 5503 3140 5556 ab
3177 5502 3322 5556 οηιηὶ
3354 5501 3475 5556 libi-

1895 5596 2038 5652 dinis
2066 5595 2444 5652 delectatione.
2497 5595 2735 5651 Castitas
2783 5595 3010 5661 mentis,
3057 5593 3342 5666 integritas
3390 5603 3477 5648 est

1894 5685 2021 5742 ﬁdei
2049 5687 2178 5756 quia
2219 5685 2310 5742 illa
2352 5703 2480 5743 vera
2508 5696 2593 5743 est
2615 5687 2838 5742 castitas
2866 5701 2988 5756 quae
3016 5700 3119 5742 nec
3150 5693 3330 5742 mente
3359 5686 3472 5757 pol-

1891 5775 2078 5832 luitur.
2114 5775 2207 5832 Vel
2237 5777 2402 5832 etiam
2429 5777 2484 5831 in
2506 5777 2744 5832 castitate
2770 5775 2922 5842 dicit,
2955 5777 3007 5831 id
3040 5787 3124 5832 est
3149 5777 3202 5832 in
3245 5777 3473 5832 sinceri-

1895 5875 2007 5923 tate
2037 5875 2091 5923 et
2121 5866 2433 5937 integritate
2460 5867 2606 5924 verbi
2659 5868 2752 5924 Dei
2805 5866 2978 5924 simus
3004 5867 3200 5934 dediti,
3253 5875 3314 5922 ut
3362 5878 3473 5920 non
