3996 6450
505 431 612 516 oss

972 456 1324 513 llAYMONlS
1361 455 1842 514 HALBERSTAT.
1885 457 2100 514 EPISC.
2141 458 2289 514 OPP.
2333 455 2514 512 PARS
2553 456 2593 511 l.
2630 486 2703 500 —
2740 454 3092 513 COMMENT.
3134 454 3304 511 BIBL.

3686 459 3793 514 6'56

505 572 874 629 adulteremus
910 572 1133 626 verbum
1191 571 1323 636 Dei,
1375 587 1483 626 non
1524 578 1829 642 quzerentes
1872 570 2099 640 gloriam
2130 570 2174 629 Α
2206 568 2474 636 patienter
2523 567 2664 622 sicut
2703 567 2940 622 ministri
2998 567 3126 633 Dei,
3174 575 3232 620 ut
3280 580 3454 636 neque
3503 565 3694 623 favore
3735 575 3789 622 et

506 663 803 735 propriam,
833 662 927 718 sed
952 661 1047 716 Dei
1073 680 1087 716 :
1121 678 1226 717 non
1248 679 1346 734 pro
1370 664 1534 718 lucris
1559 662 1944 733 temporalibus
1965 677 2102 733 prae-

509 756 762 811 dicationi
787 756 1120 820 insistentes,
1144 758 1236 812 sed
1260 772 1359 827 pro
1383 759 1822 812 remuneratione
1845 766 2044 811 aeterna
2083 775 2096 809 :

507 861 614 899 non
659 847 1019 916 przedicantes
1068 847 1172 901 alia
1220 849 1271 902 in
1323 848 1566 917 publico,
1617 857 1673 903 et
1724 849 1826 902 alia
1879 857 2100 918 agentes

507 936 833 997 clanculum,
855 945 911 991 et
932 952 1141 992 sacram
1176 939 1513 1006 Seripturam
1541 953 1648 991 non
1680 938 2098 1006 interpretantes

505 1042 783 1098 perverse.
819 1027 887 1082 In
935 1031 1155 1082 scientia
1208 1031 1420 1085 Veteris
1475 1031 1809 1085 Testamenti
1857 1039 1911 1085 et
1964 1029 2094 1085 Novi

506 1119 678 1173 simus
725 1121 998 1190 occupati,
1038 1138 1145 1175 non
1198 1123 1252 1176 in
1304 1122 1670 1188 simulatione,
1705 1139 1881 1192 neque
1916 1125 1967 1178 in
1997 1124 2097 1177 hu-

506 1226 668 1265 mana
691 1213 976 1282 sapientia,
1012 1228 1133 1283 quae
1158 1212 1306 1268 inﬂat
1333 1213 1606 1268 hominem
1640 1215 1756 1269 sine
1802 1215 2090 1268 charitate.

504 1299 575 1354 In
612 1301 1028 1372 longanimitate.
1063 1303 1466 1374 Longanimitas
1486 1313 1570 1360 est
1593 1305 1749 1376 longa
1781 1306 1944 1360 animi
1971 1321 2094 1375 per-

506 1395 840 1458 severantia,
864 1403 920 1448 et
943 1395 1204 1465 patientia
1233 1397 1284 1450 in
1317 1395 1559 1452 adversis
1587 1396 1746 1464 hujus
1788 1398 1989 1453 saeculi.
2024 1397 2091 1452 In

505 1484 787 1550 suavitate,
817 1494 878 1538 ut
908 1486 1037 1540 nulli
1073 1503 1178 1541 non
1224 1488 1396 1542 solum
1422 1487 1598 1553 factis,
1633 1489 1726 1543 sed
1775 1490 1938 1544 etiam
1992 1505 2093 1546 nec

505 1574 686 1630 verbis
721 1577 920 1631 nostris
964 1579 1378 1634 amaritudinem
1413 1595 1752 1651 generemns.
1790 1580 1858 1634 In
1888 1580 2088 1652 Spiritu

502 1675 707 1732 sancto,
741 1667 792 1721 id
814 1676 918 1733 est,
947 1669 1080 1725 tales
1106 1687 1206 1725 nos
1236 1672 1607 1737 exhibeamus,
1641 1681 1700 1728 ut
1732 1673 1986 1744 templum
2011 1675 2086 1730 si-

504 1775 628 1814 mus
651 1762 822 1816 sancti
851 1760 1107 1833 Spiritus.
1135 1765 1199 1819 In
1224 1766 1476 1819 charitate
1499 1784 1601 1820 non
1647 1767 1790 1835 ﬁcta.
1835 1767 2087 1824 Charitas

504 1848 630 1904 ﬂeta
668 1859 770 1914 est,
801 1854 1019 1921 quando
1045 1855 1168 1925 quis
1195 1855 1384 1909 videns
1416 1856 1637 1910 fratrem
1683 1871 1840 1911 suum
1892 1859 1944 1912 in
1992 1875 2084 1913 ne-

2205 661 2361 716 laude
2403 661 2641 716 ﬁdelium
2681 661 2977 724 elevemur,
3023 674 3201 730 neque
3231 659 3569 714 detractione
3602 659 3792 716 inlide-

2205 750 2333 804 lium
2373 751 2709 821 dejiciamur.
2739 752 2911 806 Aliter
2944 769 2957 805 :
2990 751 3096 805 Per
3119 751 3346 820 gloriam
3380 753 3665 822 sapientia:
3709 753 3792 807 di-

2202 843 2359 906 vinae,
2392 851 2446 896 et
2473 843 2698 913 gloriam
2732 844 2994 898 virtutum
3022 845 3135 898 sive
3163 843 3546 897 miraculorum
3565 883 3581 908 ,
3614 854 3672 898 et
3695 860 3793 914 per

2201 931 2595 1003 ignobilitatem
2640 934 3000 1006 ﬂagellorum,
3045 934 3471 1004 despectionum,
3512 945 3570 990 et
3599 949 3792 990 carce-

2200 1039 2320 1076 rum
2354 1024 2626 1092 patienter
2655 1025 2969 1079 incedamus
2993 1040 3086 1094 per
3106 1024 3384 1093 infantiam
3407 1032 3456 1076 et
3486 1023 3682 1077 bonam
3709 1025 3791 1093 fa-

2198 1133 2357 1170 mam.
2382 1117 2607 1172 lnfamia
2636 1128 2719 1173 est
2747 1117 2888 1172 mala
2918 1117 3092 1182 fama;
3126 1116 3266 1171 bona
3294 1132 3423 1171 vero
3448 1115 3618 1182 fama,
3648 1118 3790 1172 bona

2197 1219 2279 1264 est
2301 1211 2483 1280 Opinio
2507 1211 2710 1266 etlaus.
2734 1212 2800 1266 Et
2821 1212 2964 1282 quod
2991 1211 3247 1281 superius
3271 1211 3429 1274 dixit,
3447 1226 3544 1280 per
3558 1211 3788 1281 gloriam

2197 1309 2252 1353 et
2281 1299 2690 1370 ignobilitatem,
2716 1301 2820 1356 hoc
2842 1301 3093 1370 repetivit
3112 1301 3473 1370 explanando,
3491 1302 3746 1369 inquiens
3771 1317 3787 1354 :

2197 1389 2300 1444 Per
2329 1389 2604 1446 infamiam
2629 1400 2679 1446 et
2703 1393 2899 1447 bonam
2927 1392 3124 1446 famam
3148 1393 3418 1462 patienter
3447 1393 3784 1457 incedamus,

2197 1481 2458 1538 habentes
2487 1483 2786 1538 custodiam
2810 1484 3072 1538 virtutum
3102 1499 3130 1537 a
3158 1484 3365 1538 dextris
3386 1493 3440 1538 et
3466 1500 3494 1537 a
3524 1485 3786 1548 sinistris,

2195 1572 2478 1645 credentes
2503 1571 2621 1642 plus
2651 1573 2944 1643 nobisipsis
2974 1573 3038 1627 de
3069 1573 3227 1628 nobis
3249 1574 3378 1643 quid
3402 1574 3602 1637 simus,
3624 1591 3786 1645 quam

2194 1644 2424 1715 aliorum
2461 1662 2659 1718 verbis.
2697 1660 2763 1717 Ut
2789 1664 3086 1718 seductores
3107 1674 3156 1717 et
3185 1680 3409 1718 veraces.
3437 1665 3600 1720 Modo
3629 1683 3788 1736 expo-

2193 1756 2275 1809 nit
2301 1757 2600 1826 superiora.
2634 1755 2717 1811 Ab
2747 1757 3056 1812 inﬁdelibus
3103 1758 3427 1812 dicebantur
3463 1774 3589 1814 esse
3626 1762 3785 1816 sedu-

2193 1852 2394 1910 ctores,
2421 1845 2560 1915 magi
2593 1855 2648 1901 et
2679 1846 2908 1901 malefici
2947 1865 2963 1901 :
2995 1863 3026 1901 a
3070 1847 3319 1902 ﬁdelibus
3355 1863 3512 1914 vero,
3566 1862 3787 1921 propter

502 1943 757 1997 cessitate
785 1945 1021 2013 positum
1054 1946 1381 2016 derelinquit
1408 1963 1528 2000 eum
1553 1988 1566 2009 ,
1592 1963 1751 2016 quem
1774 1958 1930 2004 antea
1965 1965 2088 2018 pro—
2118 1941 2163 1999 Β
2193 1949 2378 1988 Sanam
2405 1935 2710 1990 (Ῐοοιτίηειηι
2739 1946 2792 1991 ει
2832 1938 3084 1992 Virllllem
3115 1937 3525 2003 miraculorum.
3558 1956 3667 1996 non
3698 1958 3783 1997 so-

500 2032 758 2088 ﬁtebatur
783 2049 842 2088 se
874 2043 986 2089 toto
1013 2036 1133 2090 nisu
1165 2039 1363 2091 mentis
1389 2037 1630 2108 diligere.
1679 2038 1832 2094 Ficta
1874 2054 2088 2110 quoque

499 2124 742 2179 Charitas
765 2134 870 2189 est,
900 2126 1118 2195 quando
1143 2128 1268 2196 quis
1299 2129 1487 2182 videns
1512 2127 1732 2182 fratrem
1763 2145 1918 2183 suum
1964 2145 2090 2199 pec-

499 2230 646 2281 care,
676 2232 785 2270 non
831 2218 1059 2286 corripit
1105 2234 1226 2272 eum
1287 2235 1449 2274 causa
1505 2219 1848 2274 adulationis.
1900 2219 2083 2274 Firma

497 2321 630 2360 vero
654 2307 892 2362 Charitas
922 2315 1022 2371 est,
1049 2308 1092 2361 si
1120 2308 1394 2379 diligimus
1429 2311 1737 2379 proximum
1768 2319 1826 2364 ut
1850 2319 2087 2366 nosmet-

497 2397 647 2468 ipsos
673 2408 726 2452 et
758 2400 844 2453 cui
896 2408 1141 2469 tempore
1184 2403 1564 2471 prosperitatis
1613 2403 1896 2458 adhaerere
1943 2405 2089 2458 vide-

494 2490 711 2553 bamur,
739 2499 982 2559 tempore
1012 2494 1408 2560 persecutionis
1431 2494 1578 2547 illum
1615 2511 1721 2549 non
1757 2494 2084 2563 derelinqui-

493 2594 634 2632 mus.
688 2581 762 2634 De
797 2581 1062 2636 charitate
1088 2583 1219 2635 dicit
1249 2583 1523 2651 apostolus
1551 2583 1790 2639 Joannes
1818 2601 1830 2636 τ
1863 2583 2084 2639 Charis-

493 2668 636 2732 simi,
669 2684 776 2724 non
805 2669 1095 2738 diligamus
1118 2671 1454 2727 solummodo
1476 2673 1642 2728 verbo
1668 2681 1721 2727 et
1762 2674 1962 2746 lingua,
1987 2675 2082 2730 sed

493 2773 660 2828 opere
683 2769 738 2814 et
769 2761 1022 2814 veritate.

562 2850 632 2904 In
677 2853 828 2906 verba
867 2854 1123 2909 veritatis.
1172 2853 1356 2912 Simus
1397 2857 1665 2927 occupati,
1694 2856 1744 2911 id
1782 2868 1866 2913 est
1891 2859 1946 2913 in
1979 2859 2078 2914 do-

490 2945 665 3001 ctrina
693 2945 996 3014 Evangelii,
1023 2947 1106 3002 vel
1135 2956 1284 3003 certe
1310 2949 1363 3003 in
1392 2951 1559 3005 verbo
1596 2951 1842 3006 veritatis
1861 2993 1875 3016 ,
1898 2960 1958 3006 ut
1987 2969 2081 3008 ve-

490 3037 710 3092 ritatem
747 3036 1033 3105 loquamur
1061 3054 1185 3093 cum
1215 3041 1478 3110 proximis
1519 3043 1738 3097 nostris.
1786 3042 1851 3097 In
1893 3045 2080 3100 virtute

489 3127 589 3182 Dei
613 3141 880 3196 ponamus
907 3143 1057 3198 spem
1087 3139 1348 3194 nostram,
1377 3147 1484 3186 non
1527 3133 1579 3186 in
1619 3144 1800 3188 nostra
1849 3135 2076 3189 audacia

489 3228 584 3273 aut
617 3218 846 3288 alicujus
877 3221 1115 3276 hominis
1145 3224 1405 3291 potentia,
1435 3224 1558 3293 quia
1590 3224 1897 3279 maledictus
1920 3226 2073 3280 homo

2191 2023 2299 2078 lum
2326 2041 2546 2081 veraces
2567 2035 2622 2080 et
2644 2025 2800 2094 justi,
2831 2030 2924 2083 sed
2953 2029 3116 2084 etiam
3139 2031 3221 2084 ‘dii
3259 2030 3628 2096 habebantur,
3650 2035 3784 2089 sicut

2191 2116 2417 2188 legimus
2448 2119 2500 2171 in
2526 2117 2750 2173 Actibus
2773 2120 3138 2189 apostolorum
3165 2111 3303 2191 (Act.
3329 2125 3470 2192 nv),
3495 2126 3718 2192 quando
3734 2125 3780 2177 ei

2187 2215 2242 2260 et
2264 2206 2506 2262 Barnabe
2533 2223 2764 2265 coronas
2798 2211 3128 2275 detulerunt,
3161 2213 3403 2268 dicentes
3428 2228 3444 2266 :
3473 2214 3556 2268 Dii
3579 2226 3704 2269 sunt
3732 2218 3778 2270 in

2187 2295 2362 2367 eﬂigie
2392 2297 2670 2353 hominum
2697 2301 2947 2358 latentes.
2974 2303 3039 2356 Et
3069 2304 3198 2373 quid
3241 2305 3438 2359 mirum
3471 2306 3517 2359 si
3545 2309 3772 2376 apostoli

2187 2395 2242 2443 et
2271 2388 2414 2442 servi
2445 2390 2760 2446 seductores
2786 2392 3038 2462 appellati
3061 2403 3351 2458 sunt,cqu
3377 2395 3495 2464 ipse
3523 2396 3777 2452 Dominus

2187 2491 2240 2537 et
2271 2483 2534 2552 magister
2557 2484 2798 2538 omnium
2827 2487 3084 2541 seductor
3111 2487 3182 2542 sit
3229 2487 3557 2557 appellatus,
3603 2490 3777 2544 dicen—

2187 2572 2330 2627 tibus
2349 2573 2546 2629 Judaeis
2574 2585 2696 2644 post
2719 2587 2946 2632 mortem
2970 2579 3087 2648 ejus
3120 2580 3187 2633 ad
3218 2579 3449 2634 Pilatum
3489 2598 3502 2634 :
3529 2581 3774 2647 Domine,

2185 2664 2446 2717 recordati
2474 2681 2654 2720 sumus
2675 2667 2800 2736 quia
2829 2668 3075 2722 seductor
3101 2668 3190 2724 ille
3213 2670 3348 2724 dixit
3371 2671 3548 2724 adhuc
3577 2673 3774 2726 uirens:

2185 2753 2314 2808 Post
2336 2764 2440 2807 tres
2463 2755 2574 2810 dies
2599 2771 2866 2828 resurgam
2891 2758 3106 2830 (Matth.
3131 2761 3324 2831 xxvii).
3352 2761 3422 2817 Ut
3461 2763 3778 2818 seductores

2184 2845 2324 2914 apud
2355 2845 2618 2914 inﬁdeles,
2647 2856 2702 2902 et
2730 2865 2953 2905 veraces
2985 2852 3125 2920 apud
3149 2853 3434 2908 credentes
3461 2855 3780 2909 incedamus

2181 2936 2468 3005 patienter,
2513 2940 2742 3008 protecti
2785 2942 3022 3011 undique
3076 2943 3244 2998 armis
3304 2945 3591 3010 virtutum,
3643 2949 3774 3000 sicut

2179 3027 2272 3097 qui
2326 3028 2488 3098 ignoti
2526 3030 2817 3087 incredulis
2861 3043 2910 3088 et
2955 3035 3149 3104 cogniti
3177 3036 3560 3104 credentibus,
3594 3039 3648 3092 id
3691 3051 3774 3094 est

2181 3123 2325 3176 inter
2375 3122 2495 3178 illos
2555 3127 2647 3194 qui
2719 3142 2826 3180 non
2898 3137 3233 3195 cognoscunt
3293 3136 3770 3189 conversationem

2181 3221 2448 3280 nostram,
2491 3231 2590 3271 nec
2624 3217 2804 3272 valent
2831 3231 3120 3290 penetrare
3147 3223 3449 3279 doctrinam
3504 3239 3771 3291 nostram,

487 3312 576 3381 qui
601 3313 814 3380 conlidit
838 3315 891 3366 in
913 3314 1120 3368 homine
1151 3314 1285 3384 (λεν.
1315 3314 1466 3385 xvu).
1503 3314 1619 3381 Vel,
1650 3317 1702 3370 in
1745 3317 1930 3370 virtute
1978 3317 2072 3371 Dei

2179 3311 2232 3358 et
2270 3303 2414 3359 inter
2447 3305 2568 3360 illos
2607 3323 2635 3360 a
2691 3309 2887 3377 quibus
2915 3314 3298 3380 cognoscimur
3325 3331 3447 3370 esse
3473 3320 3607 3372 veri
3655 3321 3766 3372 cul-

489 3402 640 3464 dicit,
670 3402 722 3456 id
752 3412 854 3468 est,
901 3412 960 3457 ut
1010 3420 1115 3457 non
1163 3404 1362 3458 nostris
1396 3406 1604 3460 meritis
1641 3407 1978 3476 deputemus,
2023 3409 2069 3462 si

487 3495 616 3563 quid
648 3495 773 3549 boni
805 3495 1032 3567 agimus,
1067 3495 1160 3550 sed
1203 3497 1403 3551 virtute
1452 3497 1544 3550 Dei
1581 3515 1594 3551 :
1628 3513 1734 3566 quo
1783 3497 2072 3565 adjuvaute

485 3587 670 3641 omnia
701 3587 841 3642 bona
870 3589 1094 3657 implere
1121 3589 1414 3642 valeamus.
1448 3589 1552 3642 Per
1593 3605 1743 3644 arma
1771 3591 1997 3660 justitite
2037 3611 2069 3647 a

485 3678 680 3732 dextris
705 3686 752 3732 et
773 3695 805 3730 a
833 3679 1081 3742 sinistris,
1109 3680 1160 3734 id
1188 3689 1291 3743 est,
1317 3695 1412 3750 per
1443 3696 1592 3734 arma
1625 3681 1885 3735 virtutum
1925 3683 2072 3738 ince-

484 3769 678 3824 damus
707 3769 760 3822 in
797 3770 1074 3839 prosperis
1095 3780 1144 3824 et
1178 3772 1230 3825 in
1258 3772 1518 3826 adversis.
1542 3772 1706 3826 Arma
1732 3787 1884 3843 ergo,
1914 3774 1964 3828 id
1985 3785 2070 3830 est

483 3863 782 3915 custodiam
810 3861 1069 3915 virtutum
1099 3878 1127 3915 a
1156 3865 1363 3919 dextris
1407 3864 1590 3929 habet,
1628 3864 1783 3935 cujus
1829 3868 2066 3922 animum

481 3965 742 4022 prospera
771 3953 931 4022 hujus
959 3955 1136 4008 saeculi
1165 3970 1269 4010 non
1299 3956 1513 4011 elevant
1541 3957 1594 4012 in
1617 3959 1948 4029 superbiam,
1974 3977 2068 4016 ne-

481 4058 588 4114 que
609 4043 909 4099 emolliunt.
938 4047 981 4098 A
1008 4047 1244 4102 sinistris
1269 4063 1482 4118 quoque
1507 4064 1656 4105 arma
1691 4051 1876 4117 habet,
1905 4069 2064 4124 quem

482 4135 708 4190 adversa
742 4152 848 4190 non
878 4136 1156 4204 dejiciuut,
1179 4154 1353 4208 neque
1385 4138 1658 4211 frangunt.
1683 4142 1883 4200 Paulus
1905 4146 2069 4216 igitur

483 4243 514 4279 a
543 4226 752 4281 dextris
777 4237 831 4281 et
863 4243 892 4281 a
920 4229 1156 4285 sinistris
1178 4247 1325 4286 arma
1351 4234 1626 4302 portabat,
1655 4245 1818 4306 atque
1841 4253 2065 4295 securus

483 4317 538 4371 in
571 4319 754 4373 medio
785 4320 1068 4374 incedebat
1097 4336 1219 4374 cum
1273 4322 1398 4377 talia
1450 4325 1676 4387 diceret,
1728 4329 1852 4396 quia
1905 4339 1961 4384 et
2009 4330 2062 4385 in

481 4410 758 4478 prosperis
794 4421 915 4464 erat
942 4410 1191 4474 humilis,
1240 4422 1295 4465 et
1333 4413 1388 4466 in
1422 4414 1666 4470 adversis
1708 4417 2059 4476 fortissimus.

483 4500 712 4569 Semper
725 4516 854 4572 ergo
869 4503 1058 4556 adesse
1071 4503 1230 4557 debet
1243 4505 1512 4559 mentibus
1532 4508 1732 4562 nostris
1747 4509 1800 4562 in
1819 4511 2061 4566 adversi-

482 4602 596 4647 tate
620 4592 833 4654 ﬁducia,
867 4601 922 4647 et
957 4609 1080 4664 spes
1108 4605 1281 4661 certa,
1312 4605 1366 4650 et
1408 4598 1459 4652 in
1490 4602 1847 4669 prosperitate
1877 4605 2057 4672 timor,

2177 3404 2324 3452 tores
2349 3397 2443 3454 Dei
2475 3400 2788 3459 incedamus
2816 3406 3211 3476 patientissime
3259 3412 3450 3466 muniti
3481 3413 3651 3468 armis
3681 3412 3766 3482 ju-

2175 3489 2335 3544 stitiae
2365 3509 2378 3544 :
2666 3483 2690 3497 “

2247 3579 2415 3646 Quasi
2451 3586 2752 3653 morientes,
2778 3599 2826 3643 et
2852 3608 2968 3646 ecce
2994 3593 3230 3649 vivimus.
3259 3595 3422 3662 Quasi
3458 3602 3764 3657 morieban-

2175 3678 2264 3724 tur
2290 3675 2466 3728 sancti
2499 3678 2726 3746 apostoli
2756 3689 2809 3734 et
2840 3693 3108 3754 martyres
3129 3727 3142 3751 ,
3165 3701 3287 3740 cum
3324 3704 3422 3759 per
3451 3691 3626 3747 multa
3656 3703 3760 3747 tor-

2133 3823 2140 3830 .
2175 3773 2354 3818 menta
2384 3775 2438 3820 et
2465 3770 2831 3826 cruciamenta
2863 3789 3001 3844 pene
3046 3792 3218 3846 usque
3246 3780 3312 3833 ad
3355 3793 3594 3837 mortem
3635 3783 3762 3837 allii-

2171 3855 2456 3925 gehantur.
2488 3859 2592 3916 Sed
2639 3863 2767 3918 dum
2807 3866 2896 3920 ita
2943 3878 3126 3924 essent
3175 3871 3228 3926 in
3282 3874 3525 3942 periculo
3573 3879 3758 3932 mortis

2170 3949 2446 4005 constituti
2484 3962 2539 4008 et
2578 3956 2630 4009 in
2679 3957 3055 4028 desperatione
3082 3964 3224 4029 vitae,
3253 3981 3351 4034 per
3381 3968 3619 4039 ﬂagella,
3645 3985 3756 4024 ver-

2169 4038 2323 4104 bera,
2344 4050 2397 4096 et
2423 4042 2779 4114 lapidationes
2805 4053 2985 4107 subito
3013 4055 3213 4111 virtute
3243 4057 3335 4113 Dei
3368 4038 3612 4117 roborati
3640 4080 3758 4119 cou—

2169 4129 2527 4201 fortabantur,
2554 4146 2608 4192 ct
2641 4143 2794 4209 quasi
2825 4159 2891 4197 ex
2923 4147 3149 4202 mortuis
3192 4150 3354 4204 vitam
3397 4155 3754 4224 recipiebant.

2169 4222 2260 4278 Sic
2284 4225 2512 4294 legimus
2539 4229 2605 4284 de
2625 4231 2784 4288 beato
2810 4235 2997 4303 Paulo,
3018 4240 3141 4308 quia
3165 4256 3290 4296 eum
3332 4222 3530 4301 Listris
3572 4249 3752 4302 tandiu

2167 4322 2333 4379 esset,
2359 4314 2658 4386 ﬂagellatus
2685 4330 2740 4376 et
2788 4323 3056 4393 lapidibus
3103 4331 3361 4397 obrutus,
3407 4351 3507 4405 per
3547 4338 3758 4408 plateas

2167 4419 2381 4474 quoque
2409 4407 2645 4464 civitatis
2669 4418 2875 4468 tractus
2896 4431 3177 4488 quousque
3202 4424 3355 4491 quasi
3390 4407 3648 4484 mortuus
3675 4445 3758 4483 re-

2166 4494 2500 4566 linqueretur
2543 4519 2555 4554 :
2605 4513 2764 4560 nocte
2817 4509 3002 4563 eadem
3055 4521 3462 4573 transcurrente
3517 4521 3758 4576 diluculo

2164 4592 2329 4660 carpit
2365 4591 2416 4645 in
2447 4594 2656 4650 Derben
2698 4599 2921 4654 verbum
2952 4603 3044 4657 Dei
3074 4605 3286 4673 publice
3315 4610 3641 4678 praedicare.
3679 4614 3758 4668 Illi

482 4697 552 4736 ne
598 4691 692 4737 aut
718 4685 944 4739 adversa
995 4686 1046 4738 in
1096 4685 1527 4756 desperationem
1576 4705 1673 4745 nos
1720 4695 2055 4760 pertrahunt,
2087 4665 2138 4724 Ῐ)
2165 4683 2308 4737 enim
2333 4685 2424 4752 qui
2455 4686 2881 4757 decollabautur,
2913 4697 3065 4764 quasi
3110 4700 3486 4756 moriebantur
3517 4706 3652 4760 dum
3691 4708 3760 4761 ab

479 4775 644 4845 (sicut
670 4774 801 4829 Cain
832 4785 887 4830 ct
921 4774 1111 4830 Judam
1135 4779 1511 4848 proditorem),
1545 4791 1637 4835 aut
1657 4798 1914 4852 prospera
1940 4787 2060 4840 ani-

479 4882 625 4920 mum
654 4867 708 4920 in
736 4876 998 4922 tumorem
1023 4870 1288 4937 superbi-ae
1321 4871 1618 4935 extollant,
1643 4881 1695 4928 et
1723 4875 1776 4928 in
1804 4875 1885 4930 sui
1919 4876 2056 4933 ﬂdu-

473 4961 558 5013 cia
589 4959 884 5030 decipiant,
915 4968 1057 5014 sicut
1096 4969 1150 5015 et
1188 4960 1700 5028 Nabuchodonosor,
1728 4967 1944 5035 quando
1977 4969 2059 5022 di-

475 5053 595 5106 xit:
639 5053 829 5107 Nonne
864 5055 975 5106 lure
1013 5062 1085 5107 est
1141 5054 1234 5108 iMa
1281 5053 1515 5125 Babylon
1563 5074 1721 5126 quam
1764 5060 2059 5129 a’diﬁcavi?

473 5144 636 5213 (Dan.
665 5145 763 5215 tv.)

547 5235 654 5290 Per
671 5238 891 5307 gloriam
913 5246 960 5290 et
983 5238 1379 5308 ignobilitatem.
1426 5239 1581 5294 Sicut
1613 5240 1808 5294 nobilis
1854 5240 2054 5296 dicitur

473 5328 838 5391 nominabilis,
888 5329 962 5382 ita
1011 5328 1260 5397 ignobilis
1306 5332 1424 5385 sine
1474 5331 1753 5401 dignitatis
1808 5335 2046 5388 nomine.

471 5419 658 5473 Sancti
684 5419 907 5487 apostoli
933 5421 1072 5489 apud
1105 5421 1290 5477 ﬁdeles
1333 5423 1551 5492 gloriosi
1597 5423 1962 5489 habebantur,
1993 5436 2051 5480 et

470 5511 826 5567 laudabantur
856 5512 924 5565 ab
955 5511 1059 5566 illis
1093 5527 1315 5568 veraces
1346 5528 1497 5577 esse,
1544 5514 1718 5568 sancti
1762 5523 1818 5568 et
1844 5512 1976 5582 justi
2027 5531 2043 5570 :

467 5603 607 5673 apud
659 5603 904 5658 inﬁdeles
952 5619 1081 5659 vero
1126 5605 1391 5676 ignobiles
1429 5615 1486 5661 et
1510 5606 1629 5660 sine
1658 5607 1835 5676 aliqua
1867 5609 2039 5664 laude.

467 5693 623 5749 Unde
650 5695 780 5748 dicit
799 5695 1089 5764 Apostolus
1120 5713 1131 5749 :
1161 5697 1266 5752 Per
1293 5697 1518 5768 gloriam
1547 5698 1877 5766 ﬂdelium,et
1899 5702 2045 5772 igno-

462 5784 728 5842 bilitatem
757 5785 1047 5841 inﬁdelium
1075 5788 1208 5853 :vel,
1231 5788 1376 5842 inter
1400 5787 1520 5843 illos
1547 5805 1576 5842 a
1602 5790 1797 5858 quibus
1823 5791 2040 5862 gloriosi

459 5878 714 5944 dicimur,
743 5887 793 5933 et
818 5879 959 5935 inter
993 5880 1111 5936 illos
1138 5895 1168 5936 a
1191 5879 1386 5950 quibus
1416 5881 1700 5954 ignobiles,
1729 5883 2039 5941 incedamus

2167 4771 2270 4826 hoc
2293 4775 2490 4830 sarculo
2518 4781 2839 4843 transibant,
2857 4784 2949 4837 sed
2981 4785 3066 4839 illa
3091 4803 3239 4843 mors
3267 4796 3591 4861 temporalis
3615 4809 3758 4863 erat,

2162 4864 2248 4917 cui
2275 4866 2598 4922 succedebat
2627 4871 2735 4924 vita
2767 4883 3044 4942 perpetua.
3081 4875 3147 4930 Ut
3199 4883 3474 4952 castigati,
3503 4889 3758 4945 verberi-

2161 4955 2262 5010 bus
2291 4967 2345 5009 et
2378 4960 2557 5015 verbis
2577 5001 2592 5026 ,
2616 4963 2706 5015 sed
2736 4981 2836 5018 non
2865 4969 3188 5038 mortiﬁcati.
3238 4972 3468 5040 Quando
3514 4977 3760 5048 ﬂagella-

2160 5045 2360 5100 bantur
2382 5051 2552 5103 sancti
2586 5053 2812 5120 apostoli
2844 5064 2899 5109 et
2939 5069 3226 5128 martyres,
3271 5045 3758 5142 castigabatqui—

2158 5137 2279 5190 dem
2311 5138 2429 5194 illos
2455 5141 2617 5207 Deus,
2655 5160 2724 5198 ne
2750 5162 2808 5201 se
2831 5149 3151 5206 extollerent
3189 5164 3411 5225 promer
3447 5137 3752 5216 maximam

2153 5230 2382 5298 gratiam
2414 5234 2514 5288 sibi
2556 5250 2902 5305 concessam,
2953 5244 3045 5297 sed
3093 5260 3198 5298 non
3247 5250 3601 5317 pem'iittebat
3656 5269 3755 5309 eos

2154 5321 2290 5374 mori
2316 5338 2484 5392 usque
2511 5327 2577 5380 ad
2607 5337 2818 5400 tempus
2849 5348 2959 5401 quo
3005 5335 3055 5388 ei
3107 5336 3376 5404 placebat.
3421 5341 3756 5411 Castigatio-

2152 5426 2272 5464 nem
2299 5414 2498 5484 quippe
2525 5417 2577 5471 in
2605 5419 2708 5474 hoc
2746 5419 2865 5477 loco
2905 5437 3004 5492 pro
3042 5424 3406 5497 ﬂagellatione
3449 5447 3750 5503 possumus

2148 5503 2470 5577 intelligere,
2497 5509 2637 5565 sicut
2665 5512 2892 5583 legimus
2921 5517 3150 5573 Pilatum
3173 5521 3377 5578 dixisse
3397 5525 3463 5579 de
3487 5527 3743 5582 Domino.

2151 5595 2507 5670 Castigatum,
2541 5603 2808 5673 inquiens,
2839 5606 2991 5662 illum
3039 5610 3300 5665 dimittam
3345 5613 3499 5684 (Luc.
3553 5621 3742 5686 χχιιι).

2221 5701 2388 5769 Quasi
2423 5707 2624 5771 tristes,
2657 5725 2859 5778 semper
2895 5723 3070 5766 autem
3099 5715 3384 5782 gaudentes
3415 5719 3652 5786 apostoli
3684 5731 3739 5773 et

2150 5796 2320 5850 sancti
2363 5805 2627 5869 martyres
2653 5841 2667 5864 ,
2701 5799 2829 5854 dum
2865 5801 3310 5874 lacrymabantur
3345 5808 3490 5864 inter
3522 5809 3736 5880 ﬂagella

2149 5897 2200 5942 et
2249 5889 2524 5945 cruciatus
2567 5891 2869 5958 terribiles,
2906 5895 3089 5950 tristes
3135 5896 3460 5954 videbantur
3507 5916 3632 5956 esse
3685 5902 3737 5954 in
