  <div class='ocr_page' id='page_1' title='image "/cluster/home/n/w/nwhite01/storage/ocr_20150623/117/hvd.32044015466899/324.png"; bbox 0 0 3996 6450; ppageno 0'>
   <div class='ocr_carea' id='block_1_1' title="bbox 215 454 315 519">
    <p class='ocr_par' dir='ltr' id='par_1_1' title="bbox 215 454 315 519">
     <span class='ocr_line' id='line_1_1' title="bbox 215 454 315 519; baseline -0.02 0"><span class='ocrx_word' id='word_1_1' title='bbox 215 454 315 519; x_wconf 70' lang='grc' dir='ltr'><strong>ϐὅτ</strong></span> 
     </span>
    </p>
   </div>
   <div class='ocr_carea' id='block_1_2' title="bbox 884 456 2785 529">
    <p class='ocr_par' dir='ltr' id='par_1_2' title="bbox 884 456 2785 529">
     <span class='ocr_line' id='line_1_2' title="bbox 884 456 2785 529; baseline 0.004 -15"><span class='ocrx_word' id='word_1_2' title='bbox 884 456 1250 517; x_wconf 78' lang='lat' dir='ltr'><strong>EXPOSITIO</strong></span> <span class='ocrx_word' id='word_1_3' title='bbox 1284 458 1354 515; x_wconf 83' lang='grc' dir='ltr'><strong>ΙΝ</strong></span> <span class='ocrx_word' id='word_1_4' title='bbox 1392 458 1543 517; x_wconf 80' lang='lat' dir='ltr'><strong>EPP.</strong></span> <span class='ocrx_word' id='word_1_5' title='bbox 1582 458 1641 517; x_wconf 86' lang='lat' dir='ltr'><strong>S.</strong></span> <span class='ocrx_word' id='word_1_6' title='bbox 1682 459 1910 529; x_wconf 79' lang='lat' dir='ltr'><strong>PAULI.</strong></span> <span class='ocrx_word' id='word_1_7' title='bbox 1950 489 2021 500; x_wconf 90' lang='lat'><strong>—-</strong></span> <span class='ocrx_word' id='word_1_8' title='bbox 2056 460 2124 516; x_wconf 75' lang='lat' dir='ltr'><strong>1N</strong></span> <span class='ocrx_word' id='word_1_9' title='bbox 2161 461 2379 519; x_wconf 83' lang='lat' dir='ltr'><strong>EPIST.</strong></span> <span class='ocrx_word' id='word_1_10' title='bbox 2419 463 2463 520; x_wconf 87' lang='lat' dir='ltr'><strong>ll</strong></span> <span class='ocrx_word' id='word_1_11' title='bbox 2499 464 2594 521; x_wconf 84' lang='lat' dir='ltr'><strong>AD</strong></span> <span class='ocrx_word' id='word_1_12' title='bbox 2625 465 2785 524; x_wconf 76' lang='lat' dir='ltr'><strong>COll.</strong></span> 
     </span>
    </p>
   </div>
   <div class='ocr_carea' id='block_1_3' title="bbox 3379 469 3484 528">
    <p class='ocr_par' dir='ltr' id='par_1_3' title="bbox 3379 469 3484 528">
     <span class='ocr_line' id='line_1_3' title="bbox 3379 469 3484 528; baseline 0 -1"><span class='ocrx_word' id='word_1_13' title='bbox 3379 469 3484 528; x_wconf 77' lang='lat'><strong>638</strong></span> 
     </span>
    </p>
   </div>
   <div class='ocr_carea' id='block_1_4' title="bbox 214 573 3483 652">
    <p class='ocr_par' dir='ltr' id='par_1_4' title="bbox 214 573 3483 652">
     <span class='ocr_line' id='line_1_4' title="bbox 214 573 3483 652; baseline 0.001 -18"><span class='ocrx_word' id='word_1_14' title='bbox 214 578 396 644; x_wconf 84' lang='lat' dir='ltr'><strong>vultu,</strong></span> <span class='ocrx_word' id='word_1_15' title='bbox 430 575 525 634; x_wconf 90' lang='lat' dir='ltr'><strong>sed</strong></span> <span class='ocrx_word' id='word_1_16' title='bbox 565 575 872 649; x_wconf 78' lang='lat' dir='ltr'><strong>gaudebam</strong></span> <span class='ocrx_word' id='word_1_17' title='bbox 909 575 964 632; x_wconf 88' lang='lat' dir='ltr'><strong>in</strong></span> <span class='ocrx_word' id='word_1_18' title='bbox 1000 576 1193 641; x_wconf 83' lang='lat' dir='ltr'><strong>corde,</strong></span> <span class='ocrx_word' id='word_1_19' title='bbox 1232 576 1411 632; x_wconf 89' lang='lat' dir='ltr'><strong>securi</strong></span> <span class='ocrx_word' id='word_1_20' title='bbox 1448 576 1515 632; x_wconf 90' lang='lat' dir='ltr'><strong>de</strong></span> <span class='ocrx_word' id='word_1_21' title='bbox 1543 590 1641 647; x_wconf 92' lang='lat' dir='ltr'><strong>spe</strong></span> <span class='ocrx_word' id='word_1_22' title='bbox 1668 590 1781 631; x_wconf 73' lang='grc' dir='ltr'><strong>οω-</strong></span> <span class='ocrx_word' id='word_1_23' title='bbox 1814 578 1862 637; x_wconf 78' lang='grc' dir='ltr'>Α</span> <span class='ocrx_word' id='word_1_24' title='bbox 1891 573 2290 645; x_wconf 68' lang='lat' dir='ltr'><strong>praedicationis</strong></span> <span class='ocrx_word' id='word_1_25' title='bbox 2328 592 2481 633; x_wconf 87' lang='lat' dir='ltr'><strong>arma</strong></span> <span class='ocrx_word' id='word_1_26' title='bbox 2503 586 2559 635; x_wconf 91' lang='lat' dir='ltr'><strong>et</strong></span> <span class='ocrx_word' id='word_1_27' title='bbox 2588 579 2841 636; x_wconf 74' lang='lat' dir='ltr'><strong>virtutem</strong></span> <span class='ocrx_word' id='word_1_28' title='bbox 2868 578 3259 638; x_wconf 84' lang='lat' dir='ltr'><strong>miraculorum</strong></span> <span class='ocrx_word' id='word_1_29' title='bbox 3285 580 3483 652; x_wconf 54' lang='lat' dir='ltr'><strong>subjuo</strong></span> 
     </span>
    </p>
   </div>
   <div class='ocr_carea' id='block_1_5' title="bbox 214 666 1789 739">
    <p class='ocr_par' dir='ltr' id='par_1_5' title="bbox 214 666 1789 739">
     <span class='ocr_line' id='line_1_5' title="bbox 214 666 1789 739; baseline -0.004 -13"><span class='ocrx_word' id='word_1_30' title='bbox 214 669 428 727; x_wconf 87' lang='lat' dir='ltr'><strong>lestium</strong></span> <span class='ocrx_word' id='word_1_31' title='bbox 458 668 806 739; x_wconf 77' lang='lat' dir='ltr'><strong>praemiorum</strong></span> <span class='ocrx_word' id='word_1_32' title='bbox 827 708 842 733; x_wconf 93' lang='lat'><strong>,</strong></span> <span class='ocrx_word' id='word_1_33' title='bbox 874 668 1111 724; x_wconf 88' lang='lat' dir='ltr'><strong>scientes</strong></span> <span class='ocrx_word' id='word_1_34' title='bbox 1141 667 1267 737; x_wconf 86' lang='lat' dir='ltr'><strong>quia</strong></span> <span class='ocrx_word' id='word_1_35' title='bbox 1303 682 1409 722; x_wconf 93' lang='lat' dir='ltr'><strong>non</strong></span> <span class='ocrx_word' id='word_1_36' title='bbox 1441 675 1570 722; x_wconf 89' lang='lat' dir='ltr'><strong>sunt</strong></span> <span class='ocrx_word' id='word_1_37' title='bbox 1597 666 1789 722; x_wconf 89' lang='lat' dir='ltr'><strong>condi-</strong></span> 
     </span>
    </p>
   </div>
   <div class='ocr_carea' id='block_1_6' title="bbox 219 756 1790 832">
    <p class='ocr_par' dir='ltr' id='par_1_6' title="bbox 219 756 1790 832">
     <span class='ocr_line' id='line_1_6' title="bbox 219 756 1790 832; baseline -0.004 -17"><span class='ocrx_word' id='word_1_38' title='bbox 219 773 337 832; x_wconf 68' lang='lat' dir='ltr'><strong>gna:</strong></span> <span class='ocrx_word' id='word_1_39' title='bbox 366 757 652 830; x_wconf 86' lang='lat' dir='ltr'><strong>passiones</strong></span> <span class='ocrx_word' id='word_1_40' title='bbox 680 757 840 828; x_wconf 80' lang='lat' dir='ltr'><strong>hujus</strong></span> <span class='ocrx_word' id='word_1_41' title='bbox 871 757 1132 828; x_wconf 90' lang='lat' dir='ltr'><strong>temporis</strong></span> <span class='ocrx_word' id='word_1_42' title='bbox 1162 756 1231 813; x_wconf 91' lang='lat' dir='ltr'><strong>ad</strong></span> <span class='ocrx_word' id='word_1_43' title='bbox 1263 756 1497 812; x_wconf 78' lang='lat' dir='ltr'><strong>futuram</strong></span> <span class='ocrx_word' id='word_1_44' title='bbox 1527 756 1753 828; x_wconf 80' lang='lat' dir='ltr'><strong>gloriam</strong></span> <span class='ocrx_word' id='word_1_45' title='bbox 1773 796 1790 822; x_wconf 92' lang='lat'><strong>,</strong></span> 
     </span>
    </p>
   </div>
   <div class='ocr_carea' id='block_1_7' title="bbox 214 844 1795 920">
    <p class='ocr_par' dir='ltr' id='par_1_7' title="bbox 214 844 1795 920">
     <span class='ocr_line' id='line_1_7' title="bbox 214 844 1795 920; baseline -0.003 -16"><span class='ocrx_word' id='word_1_46' title='bbox 214 864 335 920; x_wconf 68' lang='lat' dir='ltr'><strong>qua:</strong></span> <span class='ocrx_word' id='word_1_47' title='bbox 368 847 700 904; x_wconf 74' lang='lat' dir='ltr'><strong>revelabitur</strong></span> <span class='ocrx_word' id='word_1_48' title='bbox 733 848 786 903; x_wconf 92' lang='lat' dir='ltr'><strong>in</strong></span> <span class='ocrx_word' id='word_1_49' title='bbox 828 846 939 902; x_wconf 84' lang='lat' dir='ltr'><strong>illis</strong></span> <span class='ocrx_word' id='word_1_50' title='bbox 983 864 997 901; x_wconf 91' lang='lat'><strong>:</strong></span> <span class='ocrx_word' id='word_1_51' title='bbox 1036 854 1092 902; x_wconf 87' lang='lat' dir='ltr'><strong>et</strong></span> <span class='ocrx_word' id='word_1_52' title='bbox 1129 847 1380 916; x_wconf 90' lang='lat' dir='ltr'><strong>quoniam</strong></span> <span class='ocrx_word' id='word_1_53' title='bbox 1416 846 1631 901; x_wconf 85' lang='lat' dir='ltr'><strong>tristitia</strong></span> <span class='ocrx_word' id='word_1_54' title='bbox 1677 844 1795 900; x_wconf 88' lang='lat' dir='ltr'><strong>illo—</strong></span> 
     </span>
    </p>
   </div>
   <div class='ocr_carea' id='block_1_8' title="bbox 211 934 1792 1009">
    <p class='ocr_par' dir='ltr' id='par_1_8' title="bbox 211 934 1792 1009">
     <span class='ocr_line' id='line_1_8' title="bbox 211 934 1792 1009; baseline -0.004 -15"><span class='ocrx_word' id='word_1_55' title='bbox 211 953 333 994; x_wconf 85' lang='lat' dir='ltr'><strong>rum</strong></span> <span class='ocrx_word' id='word_1_56' title='bbox 356 937 612 992; x_wconf 84' lang='lat' dir='ltr'><strong>vertenda</strong></span> <span class='ocrx_word' id='word_1_57' title='bbox 635 944 755 992; x_wconf 89' lang='lat' dir='ltr'><strong>erat</strong></span> <span class='ocrx_word' id='word_1_58' title='bbox 775 937 830 992; x_wconf 92' lang='lat' dir='ltr'><strong>in</strong></span> <span class='ocrx_word' id='word_1_59' title='bbox 852 937 1103 1009; x_wconf 82' lang='lat' dir='ltr'><strong>gaudium</strong></span> <span class='ocrx_word' id='word_1_60' title='bbox 1130 944 1412 991; x_wconf 67' lang='lat' dir='ltr'><strong>aeternum.</strong></span> <span class='ocrx_word' id='word_1_61' title='bbox 1437 935 1604 991; x_wconf 87' lang='lat' dir='ltr'><strong>Electi</strong></span> <span class='ocrx_word' id='word_1_62' title='bbox 1630 934 1792 1005; x_wconf 90' lang='lat' dir='ltr'><strong>quid-</strong></span> 
     </span>
    </p>
   </div>
   <div class='ocr_carea' id='block_1_9' title="bbox 212 1026 1791 1102">
    <p class='ocr_par' dir='ltr' id='par_1_9' title="bbox 212 1026 1791 1102">
     <span class='ocr_line' id='line_1_9' title="bbox 212 1026 1791 1102; baseline -0.003 -17"><span class='ocrx_word' id='word_1_63' title='bbox 212 1031 341 1102; x_wconf 88' lang='lat' dir='ltr'><strong>quid</strong></span> <span class='ocrx_word' id='word_1_64' title='bbox 384 1029 748 1085; x_wconf 80' lang='lat' dir='ltr'><strong>tribulationis</strong></span> <span class='ocrx_word' id='word_1_65' title='bbox 790 1037 845 1085; x_wconf 88' lang='lat' dir='ltr'><strong>et</strong></span> <span class='ocrx_word' id='word_1_66' title='bbox 877 1029 1268 1100; x_wconf 81' lang='lat' dir='ltr'><strong>persecutionis</strong></span> <span class='ocrx_word' id='word_1_67' title='bbox 1313 1028 1600 1093; x_wconf 84' lang='lat' dir='ltr'><strong>sustinent,</strong></span> <span class='ocrx_word' id='word_1_68' title='bbox 1638 1026 1791 1097; x_wconf 90' lang='lat' dir='ltr'><strong>quasi</strong></span> 
     </span>
    </p>
   </div>
   <div class='ocr_carea' id='block_1_10' title="bbox 209 1120 1796 1192">
    <p class='ocr_par' dir='ltr' id='par_1_10' title="bbox 209 1120 1796 1192">
     <span class='ocr_line' id='line_1_10' title="bbox 209 1120 1796 1192; baseline -0.003 -13"><span class='ocrx_word' id='word_1_69' title='bbox 209 1130 296 1179; x_wconf 88' lang='lat' dir='ltr'><strong>est</strong></span> <span class='ocrx_word' id='word_1_70' title='bbox 326 1121 471 1187; x_wconf 87' lang='lat' dir='ltr'><strong>illis,</strong></span> <span class='ocrx_word' id='word_1_71' title='bbox 503 1122 558 1177; x_wconf 92' lang='lat' dir='ltr'><strong>id</strong></span> <span class='ocrx_word' id='word_1_72' title='bbox 592 1130 674 1178; x_wconf 91' lang='lat' dir='ltr'><strong>est</strong></span> <span class='ocrx_word' id='word_1_73' title='bbox 703 1130 958 1191; x_wconf 85' lang='lat' dir='ltr'><strong>tanquam</strong></span> <span class='ocrx_word' id='word_1_74' title='bbox 987 1137 1094 1178; x_wconf 92' lang='lat' dir='ltr'><strong>non</strong></span> <span class='ocrx_word' id='word_1_75' title='bbox 1136 1122 1229 1188; x_wconf 86' lang='lat' dir='ltr'><strong>sit,</strong></span> <span class='ocrx_word' id='word_1_76' title='bbox 1279 1122 1404 1192; x_wconf 90' lang='lat' dir='ltr'><strong>quia</strong></span> <span class='ocrx_word' id='word_1_77' title='bbox 1433 1120 1480 1177; x_wconf 89' lang='lat' dir='ltr'><strong>si</strong></span> <span class='ocrx_word' id='word_1_78' title='bbox 1513 1120 1796 1176; x_wconf 63' lang='lat' dir='ltr'><strong>caiduntur</strong></span> 
     </span>
    </p>
   </div>
   <div class='ocr_carea' id='block_1_11' title="bbox 209 1211 1795 1284">
    <p class='ocr_par' dir='ltr' id='par_1_11' title="bbox 209 1211 1795 1284">
     <span class='ocr_line' id='line_1_11' title="bbox 209 1211 1795 1284; baseline -0.003 -15"><span class='ocrx_word' id='word_1_79' title='bbox 209 1213 414 1284; x_wconf 88' lang='lat' dir='ltr'><strong>virgis,</strong></span> <span class='ocrx_word' id='word_1_80' title='bbox 449 1212 496 1268; x_wconf 89' lang='lat' dir='ltr'><strong>si</strong></span> <span class='ocrx_word' id='word_1_81' title='bbox 533 1212 901 1278; x_wconf 79' lang='lat' dir='ltr'><strong>excoriantur,</strong></span> <span class='ocrx_word' id='word_1_82' title='bbox 942 1219 997 1268; x_wconf 91' lang='lat' dir='ltr'><strong>et</strong></span> <span class='ocrx_word' id='word_1_83' title='bbox 1033 1213 1198 1268; x_wconf 88' lang='lat' dir='ltr'><strong>etiam</strong></span> <span class='ocrx_word' id='word_1_84' title='bbox 1227 1211 1272 1268; x_wconf 90' lang='lat' dir='ltr'><strong>si</strong></span> <span class='ocrx_word' id='word_1_85' title='bbox 1299 1211 1642 1276; x_wconf 89' lang='lat' dir='ltr'><strong>occiduntur,</strong></span> <span class='ocrx_word' id='word_1_86' title='bbox 1676 1224 1795 1265; x_wconf 84' lang='lat' dir='ltr'><strong>om-</strong></span> 
     </span>
    </p>
   </div>
   <div class='ocr_carea' id='block_1_12' title="bbox 208 1298 1789 1375">
    <p class='ocr_par' dir='ltr' id='par_1_12' title="bbox 208 1298 1789 1375">
     <span class='ocr_line' id='line_1_12' title="bbox 208 1298 1789 1375; baseline -0.004 -15"><span class='ocrx_word' id='word_1_87' title='bbox 208 1304 300 1360; x_wconf 92' lang='lat' dir='ltr'><strong>nia</strong></span> <span class='ocrx_word' id='word_1_88' title='bbox 327 1304 482 1374; x_wconf 90' lang='lat' dir='ltr'><strong>quasi</strong></span> <span class='ocrx_word' id='word_1_89' title='bbox 512 1313 638 1359; x_wconf 90' lang='lat' dir='ltr'><strong>sunt</strong></span> <span class='ocrx_word' id='word_1_90' title='bbox 664 1322 677 1358; x_wconf 92' lang='lat'><strong>:</strong></span> <span class='ocrx_word' id='word_1_91' title='bbox 709 1305 835 1375; x_wconf 89' lang='lat' dir='ltr'><strong>quia</strong></span> <span class='ocrx_word' id='word_1_92' title='bbox 872 1303 1180 1360; x_wconf 83' lang='lat' dir='ltr'><strong>transitoria</strong></span> <span class='ocrx_word' id='word_1_93' title='bbox 1215 1313 1344 1358; x_wconf 87' lang='lat' dir='ltr'><strong>sunt</strong></span> <span class='ocrx_word' id='word_1_94' title='bbox 1371 1309 1427 1358; x_wconf 83' lang='lat' dir='ltr'><strong>et</strong></span> <span class='ocrx_word' id='word_1_95' title='bbox 1454 1298 1789 1372; x_wconf 88' lang='lat' dir='ltr'><strong>temporalia.</strong></span> 
     </span>
    </p>
   </div>
   <div class='ocr_carea' id='block_1_13' title="bbox 207 1391 1793 1464">
    <p class='ocr_par' dir='ltr' id='par_1_13' title="bbox 207 1391 1793 1464">
     <span class='ocr_line' id='line_1_13' title="bbox 207 1391 1793 1464; baseline -0.004 -15"><span class='ocrx_word' id='word_1_96' title='bbox 207 1393 401 1449; x_wconf 78' lang='lat' dir='ltr'><strong>Veniet</strong></span> <span class='ocrx_word' id='word_1_97' title='bbox 429 1399 610 1448; x_wconf 91' lang='lat' dir='ltr'><strong>autem</strong></span> <span class='ocrx_word' id='word_1_98' title='bbox 636 1407 822 1447; x_wconf 88' lang='lat' dir='ltr'><strong>verum</strong></span> <span class='ocrx_word' id='word_1_99' title='bbox 852 1392 1098 1457; x_wconf 88' lang='lat' dir='ltr'><strong>illorum,</strong></span> <span class='ocrx_word' id='word_1_100' title='bbox 1125 1391 1180 1447; x_wconf 90' lang='lat' dir='ltr'><strong>id</strong></span> <span class='ocrx_word' id='word_1_101' title='bbox 1209 1397 1293 1447; x_wconf 91' lang='lat' dir='ltr'><strong>est</strong></span> <span class='ocrx_word' id='word_1_102' title='bbox 1334 1391 1588 1464; x_wconf 81' lang='lat' dir='ltr'><strong>gaudium</strong></span> <span class='ocrx_word' id='word_1_103' title='bbox 1636 1397 1793 1444; x_wconf 86' lang='lat' dir='ltr'><strong>aeter-</strong></span> 
     </span>
    </p>
   </div>
   <div class='ocr_carea' id='block_1_14' title="bbox 206 1481 1792 1554">
    <p class='ocr_par' dir='ltr' id='par_1_14' title="bbox 206 1481 1792 1554">
     <span class='ocr_line' id='line_1_14' title="bbox 206 1481 1792 1554; baseline -0.003 -13"><span class='ocrx_word' id='word_1_104' title='bbox 206 1501 337 1541; x_wconf 91' lang='lat' dir='ltr'><strong>num</strong></span> <span class='ocrx_word' id='word_1_105' title='bbox 363 1495 420 1542; x_wconf 92' lang='lat' dir='ltr'><strong>et</strong></span> <span class='ocrx_word' id='word_1_106' title='bbox 445 1486 556 1541; x_wconf 88' lang='lat' dir='ltr'><strong>vita</strong></span> <span class='ocrx_word' id='word_1_107' title='bbox 583 1486 700 1541; x_wconf 87' lang='lat' dir='ltr'><strong>sine</strong></span> <span class='ocrx_word' id='word_1_108' title='bbox 728 1484 835 1541; x_wconf 84' lang='lat' dir='ltr'><strong>ﬁne</strong></span> <span class='ocrx_word' id='word_1_109' title='bbox 880 1500 1156 1540; x_wconf 88' lang='lat' dir='ltr'><strong>mansura.</strong></span> <span class='ocrx_word' id='word_1_110' title='bbox 1205 1483 1360 1541; x_wconf 86' lang='lat' dir='ltr'><strong>Sicut</strong></span> <span class='ocrx_word' id='word_1_111' title='bbox 1402 1483 1548 1539; x_wconf 91' lang='lat' dir='ltr'><strong>enim</strong></span> <span class='ocrx_word' id='word_1_112' title='bbox 1574 1483 1666 1539; x_wconf 87' lang='lat' dir='ltr'><strong>ille</strong></span> <span class='ocrx_word' id='word_1_113' title='bbox 1698 1481 1792 1554; x_wconf 85' lang='lat' dir='ltr'><strong>qui</strong></span> 
     </span>
    </p>
   </div>
   <div class='ocr_carea' id='block_1_15' title="bbox 205 1573 1792 1647">
    <p class='ocr_par' dir='ltr' id='par_1_15' title="bbox 205 1573 1792 1647">
     <span class='ocr_line' id='line_1_15' title="bbox 205 1573 1792 1647; baseline -0.004 -15"><span class='ocrx_word' id='word_1_114' title='bbox 205 1576 463 1642; x_wconf 87' lang='lat' dir='ltr'><strong>seminat,</strong></span> <span class='ocrx_word' id='word_1_115' title='bbox 492 1575 905 1647; x_wconf 81' lang='lat' dir='ltr'><strong>expergefactus</strong></span> <span class='ocrx_word' id='word_1_116' title='bbox 935 1574 1073 1631; x_wconf 88' lang='lat' dir='ltr'><strong>solet</strong></span> <span class='ocrx_word' id='word_1_117' title='bbox 1092 1575 1312 1631; x_wconf 87' lang='lat' dir='ltr'><strong>dicere:</strong></span> <span class='ocrx_word' id='word_1_118' title='bbox 1342 1573 1508 1642; x_wconf 85' lang='lat' dir='ltr'><strong>Quasi</strong></span> <span class='ocrx_word' id='word_1_119' title='bbox 1541 1573 1792 1628; x_wconf 83' lang='lat' dir='ltr'><strong>videbam</strong></span> 
     </span>
    </p>
   </div>
   <div class='ocr_carea' id='block_1_16' title="bbox 206 1662 1791 1737">
    <p class='ocr_par' dir='ltr' id='par_1_16' title="bbox 206 1662 1791 1737">
     <span class='ocr_line' id='line_1_16' title="bbox 206 1662 1791 1737; baseline -0.006 -12"><span class='ocrx_word' id='word_1_120' title='bbox 206 1668 458 1725; x_wconf 87' lang='lat' dir='ltr'><strong>homines</strong></span> <span class='ocrx_word' id='word_1_121' title='bbox 495 1668 791 1737; x_wconf 80' lang='lat' dir='ltr'><strong>:equitare,</strong></span> <span class='ocrx_word' id='word_1_122' title='bbox 829 1667 984 1737; x_wconf 89' lang='lat' dir='ltr'><strong>quasi</strong></span> <span class='ocrx_word' id='word_1_123' title='bbox 1019 1665 1270 1721; x_wconf 91' lang='lat' dir='ltr'><strong>videbam</strong></span> <span class='ocrx_word' id='word_1_124' title='bbox 1309 1672 1434 1720; x_wconf 88' lang='lat' dir='ltr'><strong>ante</strong></span> <span class='ocrx_word' id='word_1_125' title='bbox 1472 1677 1560 1718; x_wconf 91' lang='lat' dir='ltr'><strong>me</strong></span> <span class='ocrx_word' id='word_1_126' title='bbox 1592 1662 1791 1718; x_wconf 90' lang='lat' dir='ltr'><strong>multas</strong></span> 
     </span>
    </p>
   </div>
   <div class='ocr_carea' id='block_1_17' title="bbox 201 1754 1791 1830">
    <p class='ocr_par' dir='ltr' id='par_1_17' title="bbox 201 1754 1791 1830">
     <span class='ocr_line' id='line_1_17' title="bbox 201 1754 1791 1830; baseline -0.003 -18"><span class='ocrx_word' id='word_1_127' title='bbox 201 1758 389 1830; x_wconf 88' lang='lat' dir='ltr'><strong>epulas</strong></span> <span class='ocrx_word' id='word_1_128' title='bbox 423 1758 719 1830; x_wconf 88' lang='lat' dir='ltr'><strong>appositas,</strong></span> <span class='ocrx_word' id='word_1_129' title='bbox 760 1767 923 1828; x_wconf 89' lang='lat' dir='ltr'><strong>atque</strong></span> <span class='ocrx_word' id='word_1_130' title='bbox 957 1764 1131 1810; x_wconf 90' lang='lat' dir='ltr'><strong>totum</strong></span> <span class='ocrx_word' id='word_1_131' title='bbox 1175 1756 1326 1822; x_wconf 88' lang='lat' dir='ltr'><strong>dicit,</strong></span> <span class='ocrx_word' id='word_1_132' title='bbox 1359 1754 1537 1825; x_wconf 90' lang='lat' dir='ltr'><strong>quasi,</strong></span> <span class='ocrx_word' id='word_1_133' title='bbox 1566 1769 1673 1810; x_wconf 91' lang='lat' dir='ltr'><strong>non</strong></span> <span class='ocrx_word' id='word_1_134' title='bbox 1707 1760 1791 1808; x_wconf 88' lang='lat' dir='ltr'><strong>est</strong></span> 
     </span>
    </p>
   </div>
   <div class='ocr_carea' id='block_1_18' title="bbox 202 1845 1790 1916">
    <p class='ocr_par' dir='ltr' id='par_1_18' title="bbox 202 1845 1790 1916">
     <span class='ocr_line' id='line_1_18' title="bbox 202 1845 1790 1916; baseline -0.004 -11"><span class='ocrx_word' id='word_1_135' title='bbox 202 1848 277 1905; x_wconf 90' lang='lat' dir='ltr'><strong>ibi</strong></span> <span class='ocrx_word' id='word_1_136' title='bbox 310 1849 531 1916; x_wconf 90' lang='lat' dir='ltr'><strong>veritas,</strong></span> <span class='ocrx_word' id='word_1_137' title='bbox 560 1849 656 1905; x_wconf 89' lang='lat' dir='ltr'><strong>sed</strong></span> <span class='ocrx_word' id='word_1_138' title='bbox 685 1848 827 1905; x_wconf 90' lang='lat' dir='ltr'><strong>sicut</strong></span> <span class='ocrx_word' id='word_1_139' title='bbox 855 1846 1050 1903; x_wconf 90' lang='lat' dir='ltr'><strong>umbra</strong></span> <span class='ocrx_word' id='word_1_140' title='bbox 1081 1847 1447 1914; x_wconf 91' lang='lat' dir='ltr'><strong>transierunt,</strong></span> <span class='ocrx_word' id='word_1_141' title='bbox 1478 1846 1554 1900; x_wconf 88' lang='lat' dir='ltr'><strong>ita</strong></span> <span class='ocrx_word' id='word_1_142' title='bbox 1584 1845 1640 1900; x_wconf 91' lang='lat' dir='ltr'><strong>in</strong></span> <span class='ocrx_word' id='word_1_143' title='bbox 1670 1858 1790 1901; x_wconf 90' lang='lat' dir='ltr'><strong>om-</strong></span> 
     </span>
    </p>
   </div>
   <div class='ocr_carea' id='block_1_19' title="bbox 1897 673 2176 736">
    <p class='ocr_par' dir='ltr' id='par_1_19' title="bbox 1897 673 2176 736">
     <span class='ocr_line' id='line_1_19' title="bbox 1897 673 2176 736; baseline 0.007 -20"><span class='ocrx_word' id='word_1_144' title='bbox 1897 673 2176 736; x_wconf 84' lang='lat' dir='ltr'><strong>gaverant.</strong></span> 
     </span>
    </p>
   </div>
   <div class='ocr_carea' id='block_1_20' title="bbox 1966 753 3473 834">
    <p class='ocr_par' dir='ltr' id='par_1_20' title="bbox 1966 753 3473 834">
     <span class='ocr_line' id='line_1_20' title="bbox 1966 753 3473 834; baseline 0.009 -26"><span class='ocrx_word' id='word_1_145' title='bbox 1966 753 2022 809; x_wconf 86' lang='lat' dir='ltr'><strong>In</strong></span> <span class='ocrx_word' id='word_1_146' title='bbox 2051 757 2456 827; x_wconf 84' lang='lat' dir='ltr'><strong>possessoribus</strong></span> <span class='ocrx_word' id='word_1_147' title='bbox 2483 758 2685 814; x_wconf 85' lang='lat' dir='ltr'><strong>etenim</strong></span> <span class='ocrx_word' id='word_1_148' title='bbox 2725 760 2909 815; x_wconf 88' lang='lat' dir='ltr'><strong>omnia</strong></span> <span class='ocrx_word' id='word_1_149' title='bbox 2948 761 3302 831; x_wconf 87' lang='lat' dir='ltr'><strong>possidebant</strong></span> <span class='ocrx_word' id='word_1_150' title='bbox 3336 777 3473 834; x_wconf 88' lang='lat' dir='ltr'><strong>pos-</strong></span> 
     </span>
    </p>
   </div>
   <div class='ocr_carea' id='block_1_21' title="bbox 1894 845 3485 917">
    <p class='ocr_par' dir='ltr' id='par_1_21' title="bbox 1894 845 3485 917">
     <span class='ocr_line' id='line_1_21' title="bbox 1894 845 3485 917; baseline 0.004 -16"><span class='ocrx_word' id='word_1_151' title='bbox 1894 858 2186 901; x_wconf 86' lang='lat' dir='ltr'><strong>sessorum.</strong></span> <span class='ocrx_word' id='word_1_152' title='bbox 2216 845 2371 902; x_wconf 90' lang='lat' dir='ltr'><strong>Sicut</strong></span> <span class='ocrx_word' id='word_1_153' title='bbox 2396 847 2541 903; x_wconf 88' lang='lat' dir='ltr'><strong>enim</strong></span> <span class='ocrx_word' id='word_1_154' title='bbox 2572 847 2791 917; x_wconf 90' lang='lat' dir='ltr'><strong>quidam</strong></span> <span class='ocrx_word' id='word_1_155' title='bbox 2820 849 2930 905; x_wconf 77' lang='lat' dir='ltr'><strong>dux</strong></span> <span class='ocrx_word' id='word_1_156' title='bbox 2955 849 3325 907; x_wconf 78' lang='lat' dir='ltr'><strong>Romanorum</strong></span> <span class='ocrx_word' id='word_1_157' title='bbox 3351 851 3485 907; x_wconf 80' lang='lat' dir='ltr'><strong>Tar-</strong></span> 
     </span>
    </p>
   </div>
   <div class='ocr_carea' id='block_1_22' title="bbox 1893 935 3479 1013">
    <p class='ocr_par' dir='ltr' id='par_1_22' title="bbox 1893 935 3479 1013">
     <span class='ocr_line' id='line_1_22' title="bbox 1893 935 3479 1013; baseline 0.006 -24"><span class='ocrx_word' id='word_1_158' title='bbox 1893 935 2111 1006; x_wconf 89' lang='lat' dir='ltr'><strong>quinius</strong></span> <span class='ocrx_word' id='word_1_159' title='bbox 2139 937 2361 993; x_wconf 90' lang='lat' dir='ltr'><strong>nomine</strong></span> <span class='ocrx_word' id='word_1_160' title='bbox 2391 939 2674 1008; x_wconf 88' lang='lat' dir='ltr'><strong>respondit</strong></span> <span class='ocrx_word' id='word_1_161' title='bbox 2710 938 2905 1009; x_wconf 76' lang='lat' dir='ltr'><strong>legatis</strong></span> <span class='ocrx_word' id='word_1_162' title='bbox 2945 941 3226 1012; x_wconf 86' lang='lat' dir='ltr'><strong>cujusdam</strong></span> <span class='ocrx_word' id='word_1_163' title='bbox 3267 943 3479 1013; x_wconf 90' lang='lat' dir='ltr'><strong>gentis,</strong></span> 
     </span>
    </p>
   </div>
   <div class='ocr_carea' id='block_1_23' title="bbox 1893 1027 3486 1101">
    <p class='ocr_par' dir='ltr' id='par_1_23' title="bbox 1893 1027 3486 1101">
     <span class='ocr_line' id='line_1_23' title="bbox 1893 1027 3486 1101; baseline 0.004 -20"><span class='ocrx_word' id='word_1_164' title='bbox 1893 1042 2083 1082; x_wconf 88' lang='lat' dir='ltr'><strong>aurum</strong></span> <span class='ocrx_word' id='word_1_165' title='bbox 2113 1027 2419 1085; x_wconf 90' lang='lat' dir='ltr'><strong>volentibus</strong></span> <span class='ocrx_word' id='word_1_166' title='bbox 2444 1030 2574 1086; x_wconf 89' lang='lat' dir='ltr'><strong>dare</strong></span> <span class='ocrx_word' id='word_1_167' title='bbox 2601 1044 2702 1101; x_wconf 94' lang='lat' dir='ltr'><strong>pro</strong></span> <span class='ocrx_word' id='word_1_168' title='bbox 2730 1044 2864 1101; x_wconf 88' lang='lat' dir='ltr'><strong>pace</strong></span> <span class='ocrx_word' id='word_1_169' title='bbox 2890 1046 2955 1086; x_wconf 93' lang='lat' dir='ltr'><strong>ac</strong></span> <span class='ocrx_word' id='word_1_170' title='bbox 2979 1030 3250 1099; x_wconf 87' lang='lat' dir='ltr'><strong>libertate,</strong></span> <span class='ocrx_word' id='word_1_171' title='bbox 3280 1032 3486 1090; x_wconf 84' lang='lat' dir='ltr'><strong>Roma-</strong></span> 
     </span>
    </p>
   </div>
   <div class='ocr_carea' id='block_1_24' title="bbox 1894 1118 3483 1195">
    <p class='ocr_par' dir='ltr' id='par_1_24' title="bbox 1894 1118 3483 1195">
     <span class='ocr_line' id='line_1_24' title="bbox 1894 1118 3483 1195; baseline 0.004 -22"><span class='ocrx_word' id='word_1_172' title='bbox 1894 1134 1994 1174; x_wconf 92' lang='lat' dir='ltr'><strong>nos</strong></span> <span class='ocrx_word' id='word_1_173' title='bbox 2045 1118 2228 1189; x_wconf 89' lang='lat' dir='ltr'><strong>potius</strong></span> <span class='ocrx_word' id='word_1_174' title='bbox 2276 1119 2417 1177; x_wconf 90' lang='lat' dir='ltr'><strong>velle</strong></span> <span class='ocrx_word' id='word_1_175' title='bbox 2468 1135 2662 1176; x_wconf 90' lang='lat' dir='ltr'><strong>aurum</strong></span> <span class='ocrx_word' id='word_1_176' title='bbox 2711 1121 3117 1191; x_wconf 86' lang='lat' dir='ltr'><strong>possidentibus</strong></span> <span class='ocrx_word' id='word_1_177' title='bbox 3171 1124 3483 1195; x_wconf 89' lang='lat' dir='ltr'><strong>imperare,</strong></span> 
     </span>
    </p>
   </div>
   <div class='ocr_carea' id='block_1_25' title="bbox 1893 1212 3480 1289">
    <p class='ocr_par' dir='ltr' id='par_1_25' title="bbox 1893 1212 3480 1289">
     <span class='ocr_line' id='line_1_25' title="bbox 1893 1212 3480 1289; baseline 0.005 -24"><span class='ocrx_word' id='word_1_178' title='bbox 1893 1224 2057 1282; x_wconf 91' lang='lat' dir='ltr'><strong>quam</strong></span> <span class='ocrx_word' id='word_1_179' title='bbox 2097 1226 2291 1266; x_wconf 86' lang='lat' dir='ltr'><strong>aurum</strong></span> <span class='ocrx_word' id='word_1_180' title='bbox 2325 1212 2530 1269; x_wconf 89' lang='lat' dir='ltr'><strong>habere</strong></span> <span class='ocrx_word' id='word_1_181' title='bbox 2569 1222 2662 1269; x_wconf 87' lang='lat' dir='ltr'><strong>aut</strong></span> <span class='ocrx_word' id='word_1_182' title='bbox 2689 1214 3000 1285; x_wconf 89' lang='lat' dir='ltr'><strong>possidere,</strong></span> <span class='ocrx_word' id='word_1_183' title='bbox 3034 1214 3111 1270; x_wconf 87' lang='lat' dir='ltr'><strong>ita</strong></span> <span class='ocrx_word' id='word_1_184' title='bbox 3143 1217 3321 1272; x_wconf 90' lang='lat' dir='ltr'><strong>sancti</strong></span> <span class='ocrx_word' id='word_1_185' title='bbox 3351 1231 3480 1289; x_wconf 88' lang='lat' dir='ltr'><strong>apo-</strong></span> 
     </span>
    </p>
   </div>
   <div class='ocr_carea' id='block_1_26' title="bbox 1895 1298 3485 1380">
    <p class='ocr_par' dir='ltr' id='par_1_26' title="bbox 1895 1298 3485 1380">
     <span class='ocr_line' id='line_1_26' title="bbox 1895 1298 3485 1380; baseline 0.007 -25"><span class='ocrx_word' id='word_1_186' title='bbox 1895 1298 2020 1356; x_wconf 77' lang='lat' dir='ltr'><strong>stOli</strong></span> <span class='ocrx_word' id='word_1_187' title='bbox 2057 1301 2232 1371; x_wconf 82' lang='lat' dir='ltr'><strong>magis</strong></span> <span class='ocrx_word' id='word_1_188' title='bbox 2260 1303 2645 1361; x_wconf 87' lang='lat' dir='ltr'><strong>desiderabant</strong></span> <span class='ocrx_word' id='word_1_189' title='bbox 2671 1320 3015 1376; x_wconf 84' lang='lat' dir='ltr'><strong>possessores</strong></span> <span class='ocrx_word' id='word_1_190' title='bbox 3045 1307 3353 1364; x_wconf 88' lang='lat' dir='ltr'><strong>divitiarum</strong></span> <span class='ocrx_word' id='word_1_191' title='bbox 3381 1323 3485 1380; x_wconf 87' lang='lat' dir='ltr'><strong>per</strong></span> 
     </span>
    </p>
   </div>
   <div class='ocr_carea' id='block_1_27' title="bbox 1894 1390 3476 1470">
    <p class='ocr_par' dir='ltr' id='par_1_27' title="bbox 1894 1390 3476 1470">
     <span class='ocr_line' id='line_1_27' title="bbox 1894 1390 3476 1470; baseline 0.005 -23"><span class='ocrx_word' id='word_1_192' title='bbox 1894 1390 2056 1448; x_wconf 83' lang='lat' dir='ltr'><strong>ﬁdem</strong></span> <span class='ocrx_word' id='word_1_193' title='bbox 2084 1401 2140 1449; x_wconf 91' lang='lat' dir='ltr'><strong>et</strong></span> <span class='ocrx_word' id='word_1_194' title='bbox 2166 1393 2469 1451; x_wconf 87' lang='lat' dir='ltr'><strong>doctrinam</strong></span> <span class='ocrx_word' id='word_1_195' title='bbox 2499 1394 2708 1452; x_wconf 89' lang='lat' dir='ltr'><strong>Christi</strong></span> <span class='ocrx_word' id='word_1_196' title='bbox 2738 1397 3047 1467; x_wconf 88' lang='lat' dir='ltr'><strong>possidere,</strong></span> <span class='ocrx_word' id='word_1_197' title='bbox 3078 1413 3240 1468; x_wconf 90' lang='lat' dir='ltr'><strong>quam</strong></span> <span class='ocrx_word' id='word_1_198' title='bbox 3271 1398 3476 1470; x_wconf 88' lang='lat' dir='ltr'><strong>aliquid</strong></span> 
     </span>
    </p>
   </div>
   <div class='ocr_carea' id='block_1_28' title="bbox 1892 1481 3467 1559">
    <p class='ocr_par' dir='ltr' id='par_1_28' title="bbox 1892 1481 3467 1559">
     <span class='ocr_line' id='line_1_28' title="bbox 1892 1481 3467 1559; baseline 0.005 -23"><span class='ocrx_word' id='word_1_199' title='bbox 1892 1481 2171 1553; x_wconf 90' lang='lat' dir='ltr'><strong>proprium</strong></span> <span class='ocrx_word' id='word_1_200' title='bbox 2209 1484 2433 1540; x_wconf 89' lang='lat' dir='ltr'><strong>habere.</strong></span> <span class='ocrx_word' id='word_1_201' title='bbox 2478 1484 2773 1541; x_wconf 88' lang='lat' dir='ltr'><strong>Possumus</strong></span> <span class='ocrx_word' id='word_1_202' title='bbox 2810 1485 2976 1541; x_wconf 89' lang='lat' dir='ltr'><strong>etiam</strong></span> <span class='ocrx_word' id='word_1_203' title='bbox 3016 1488 3200 1544; x_wconf 89' lang='lat' dir='ltr'><strong>dicere</strong></span> <span class='ocrx_word' id='word_1_204' title='bbox 3240 1488 3368 1559; x_wconf 88' lang='lat' dir='ltr'><strong>quia</strong></span> <span class='ocrx_word' id='word_1_205' title='bbox 3410 1488 3467 1544; x_wconf 89' lang='lat' dir='ltr'><strong>in</strong></span> 
     </span>
    </p>
   </div>
   <div class='ocr_carea' id='block_1_29' title="bbox 1895 1572 3491 1647">
    <p class='ocr_par' dir='ltr' id='par_1_29' title="bbox 1895 1572 3491 1647">
     <span class='ocr_line' id='line_1_29' title="bbox 1895 1572 3491 1647; baseline 0.005 -20"><span class='ocrx_word' id='word_1_206' title='bbox 1895 1572 1998 1629; x_wconf 92' lang='lat' dir='ltr'><strong>hoc</strong></span> <span class='ocrx_word' id='word_1_207' title='bbox 2028 1572 2225 1630; x_wconf 71' lang='lat' dir='ltr'><strong>saeculo</strong></span> <span class='ocrx_word' id='word_1_208' title='bbox 2254 1576 2484 1646; x_wconf 89' lang='lat' dir='ltr'><strong>apostoli</strong></span> <span class='ocrx_word' id='word_1_209' title='bbox 2517 1577 2673 1647; x_wconf 90' lang='lat' dir='ltr'><strong>quasi</strong></span> <span class='ocrx_word' id='word_1_210' title='bbox 2703 1577 2841 1632; x_wconf 90' lang='lat' dir='ltr'><strong>nihil</strong></span> <span class='ocrx_word' id='word_1_211' title='bbox 2865 1578 3127 1634; x_wconf 86' lang='lat' dir='ltr'><strong>habentes</strong></span> <span class='ocrx_word' id='word_1_212' title='bbox 3155 1586 3344 1645; x_wconf 90' lang='lat' dir='ltr'><strong>erant,</strong></span> <span class='ocrx_word' id='word_1_213' title='bbox 3381 1580 3491 1635; x_wconf 76' lang='lat' dir='ltr'><strong>sed</strong></span> 
     </span>
    </p>
   </div>
   <div class='ocr_carea' id='block_1_30' title="bbox 1894 1662 3480 1741">
    <p class='ocr_par' dir='ltr' id='par_1_30' title="bbox 1894 1662 3480 1741">
     <span class='ocr_line' id='line_1_30' title="bbox 1894 1662 3480 1741; baseline 0.006 -24"><span class='ocrx_word' id='word_1_214' title='bbox 1894 1662 1949 1717; x_wconf 92' lang='lat' dir='ltr'><strong>in</strong></span> <span class='ocrx_word' id='word_1_215' title='bbox 1981 1664 2157 1734; x_wconf 88' lang='lat' dir='ltr'><strong>capite</strong></span> <span class='ocrx_word' id='word_1_216' title='bbox 2185 1680 2285 1721; x_wconf 89' lang='lat' dir='ltr'><strong>suo</strong></span> <span class='ocrx_word' id='word_1_217' title='bbox 2312 1664 2530 1723; x_wconf 88' lang='lat' dir='ltr'><strong>Christo</strong></span> <span class='ocrx_word' id='word_1_218' title='bbox 2547 1667 2728 1722; x_wconf 87' lang='lat' dir='ltr'><strong>omnia</strong></span> <span class='ocrx_word' id='word_1_219' title='bbox 2750 1668 3132 1739; x_wconf 87' lang='lat' dir='ltr'><strong>possidebant,</strong></span> <span class='ocrx_word' id='word_1_220' title='bbox 3152 1668 3309 1739; x_wconf 79' lang='lat' dir='ltr'><strong>juxta</strong></span> <span class='ocrx_word' id='word_1_221' title='bbox 3333 1670 3480 1741; x_wconf 88' lang='lat' dir='ltr'><strong>quod</strong></span> 
     </span>
    </p>
   </div>
   <div class='ocr_carea' id='block_1_31' title="bbox 1893 1752 3481 1828">
    <p class='ocr_par' dir='ltr' id='par_1_31' title="bbox 1893 1752 3481 1828">
     <span class='ocr_line' id='line_1_31' title="bbox 1893 1752 3481 1828; baseline 0.005 -19"><span class='ocrx_word' id='word_1_222' title='bbox 1893 1752 2033 1810; x_wconf 91' lang='lat' dir='ltr'><strong>idem</strong></span> <span class='ocrx_word' id='word_1_223' title='bbox 2057 1754 2347 1826; x_wconf 80' lang='lat' dir='ltr'><strong>Apostolus</strong></span> <span class='ocrx_word' id='word_1_224' title='bbox 2375 1757 2429 1812; x_wconf 89' lang='lat' dir='ltr'><strong>in</strong></span> <span class='ocrx_word' id='word_1_225' title='bbox 2453 1757 2691 1828; x_wconf 85' lang='lat' dir='ltr'><strong>Epistola</strong></span> <span class='ocrx_word' id='word_1_226' title='bbox 2716 1758 2784 1813; x_wconf 89' lang='lat' dir='ltr'><strong>ad</strong></span> <span class='ocrx_word' id='word_1_227' title='bbox 2813 1759 3089 1816; x_wconf 78' lang='lat' dir='ltr'><strong>Romanos</strong></span> <span class='ocrx_word' id='word_1_228' title='bbox 3114 1760 3249 1816; x_wconf 91' lang='lat' dir='ltr'><strong>dicit</strong></span> <span class='ocrx_word' id='word_1_229' title='bbox 3273 1760 3340 1817; x_wconf 93' lang='lat' dir='ltr'><strong>de</strong></span> <span class='ocrx_word' id='word_1_230' title='bbox 3366 1762 3481 1817; x_wconf 86' lang='lat' dir='ltr'><strong>Deo</strong></span> 
     </span>
    </p>
   </div>
   <div class='ocr_carea' id='block_1_32' title="bbox 1892 1843 3484 1921">
    <p class='ocr_par' dir='ltr' id='par_1_32' title="bbox 1892 1843 3484 1921">
     <span class='ocr_line' id='line_1_32' title="bbox 1892 1843 3484 1921; baseline 0.004 -22"><span class='ocrx_word' id='word_1_231' title='bbox 1892 1843 2095 1900; x_wconf 88' lang='lat' dir='ltr'><strong>Patre:</strong></span> <span class='ocrx_word' id='word_1_232' title='bbox 2135 1845 2239 1912; x_wconf 79' lang='lat' dir='ltr'><strong>Qui</strong></span> <span class='ocrx_word' id='word_1_233' title='bbox 2273 1848 2431 1902; x_wconf 84' lang='lat' dir='ltr'><strong>etiam</strong></span> <span class='ocrx_word' id='word_1_234' title='bbox 2467 1846 2668 1903; x_wconf 85' lang='lat' dir='ltr'><strong>Filium</strong></span> <span class='ocrx_word' id='word_1_235' title='bbox 2705 1865 2861 1905; x_wconf 83' lang='lat' dir='ltr'><strong>suum</strong></span> <span class='ocrx_word' id='word_1_236' title='bbox 2903 1866 2999 1921; x_wconf 82' lang='lat' dir='ltr'><strong>pro</strong></span> <span class='ocrx_word' id='word_1_237' title='bbox 3048 1850 3288 1906; x_wconf 83' lang='lat' dir='ltr'><strong>omnibus</strong></span> <span class='ocrx_word' id='word_1_238' title='bbox 3332 1851 3484 1906; x_wconf 84' lang='lat' dir='ltr'><strong>nobis</strong></span> 
     </span>
    </p>
   </div>
   <div class='ocr_carea' id='block_1_33' title="bbox 200 1934 3473 2011">
    <p class='ocr_par' dir='ltr' id='par_1_33' title="bbox 200 1934 3473 2011">
     <span class='ocr_line' id='line_1_33' title="bbox 200 1934 3473 2011; baseline -0 -15"><span class='ocrx_word' id='word_1_239' title='bbox 200 1941 365 1996; x_wconf 90' lang='lat' dir='ltr'><strong>nibus</strong></span> <span class='ocrx_word' id='word_1_240' title='bbox 412 1955 533 2011; x_wconf 68' lang='lat' dir='ltr'><strong>qua:</strong></span> <span class='ocrx_word' id='word_1_241' title='bbox 581 1939 752 1995; x_wconf 87' lang='lat' dir='ltr'><strong>sancti</strong></span> <span class='ocrx_word' id='word_1_242' title='bbox 797 1938 852 1992; x_wconf 88' lang='lat' dir='ltr'><strong>in</strong></span> <span class='ocrx_word' id='word_1_243' title='bbox 898 1938 1004 1993; x_wconf 92' lang='lat' dir='ltr'><strong>hoc</strong></span> <span class='ocrx_word' id='word_1_244' title='bbox 1048 1936 1245 1993; x_wconf 68' lang='lat' dir='ltr'><strong>saeculo</strong></span> <span class='ocrx_word' id='word_1_245' title='bbox 1286 1936 1588 2006; x_wconf 90' lang='lat' dir='ltr'><strong>patiuntur,</strong></span> <span class='ocrx_word' id='word_1_246' title='bbox 1633 1934 1788 2005; x_wconf 89' lang='lat' dir='ltr'><strong>quasi</strong></span> <span class='ocrx_word' id='word_1_247' title='bbox 1819 1934 1865 1994; x_wconf 89' lang='lat' dir='ltr'><strong>B</strong></span> <span class='ocrx_word' id='word_1_248' title='bbox 1892 1935 2147 2002; x_wconf 76' lang='lat' dir='ltr'><strong>tradidit,</strong></span> <span class='ocrx_word' id='word_1_249' title='bbox 2185 1938 2447 2007; x_wconf 76' lang='lat' dir='ltr'><strong>quomodo</strong></span> <span class='ocrx_word' id='word_1_250' title='bbox 2485 1939 2644 1992; x_wconf 83' lang='lat' dir='ltr'><strong>etiam</strong></span> <span class='ocrx_word' id='word_1_251' title='bbox 2683 1955 2802 1993; x_wconf 88' lang='lat' dir='ltr'><strong>cum</strong></span> <span class='ocrx_word' id='word_1_252' title='bbox 2836 1939 2930 1994; x_wconf 85' lang='lat' dir='ltr'><strong>illo</strong></span> <span class='ocrx_word' id='word_1_253' title='bbox 2961 1956 3066 1995; x_wconf 84' lang='lat' dir='ltr'><strong>non</strong></span> <span class='ocrx_word' id='word_1_254' title='bbox 3104 1941 3282 1995; x_wconf 89' lang='lat' dir='ltr'><strong>omnia</strong></span> <span class='ocrx_word' id='word_1_255' title='bbox 3322 1941 3473 1995; x_wconf 79' lang='lat' dir='ltr'><strong>nobis</strong></span> 
     </span>
    </p>
   </div>
   <div class='ocr_carea' id='block_1_34' title="bbox 200 2026 1790 2102">
    <p class='ocr_par' dir='ltr' id='par_1_34' title="bbox 200 2026 1790 2102">
     <span class='ocr_line' id='line_1_34' title="bbox 200 2026 1790 2102; baseline -0.003 -16"><span class='ocrx_word' id='word_1_256' title='bbox 200 2041 323 2098; x_wconf 87' lang='lat' dir='ltr'><strong>est,</strong></span> <span class='ocrx_word' id='word_1_257' title='bbox 375 2032 502 2102; x_wconf 89' lang='lat' dir='ltr'><strong>quia</strong></span> <span class='ocrx_word' id='word_1_258' title='bbox 543 2029 889 2086; x_wconf 91' lang='lat' dir='ltr'><strong>transitivum</strong></span> <span class='ocrx_word' id='word_1_259' title='bbox 936 2035 1039 2084; x_wconf 91' lang='lat' dir='ltr'><strong>est.</strong></span> <span class='ocrx_word' id='word_1_260' title='bbox 1089 2026 1424 2083; x_wconf 80' lang='lat' dir='ltr'><strong>Videbantur</strong></span> <span class='ocrx_word' id='word_1_261' title='bbox 1467 2026 1610 2081; x_wconf 91' lang='lat' dir='ltr'><strong>enim</strong></span> <span class='ocrx_word' id='word_1_262' title='bbox 1647 2026 1790 2081; x_wconf 89' lang='lat' dir='ltr'><strong>inter</strong></span> 
     </span>
    </p>
   </div>
   <div class='ocr_carea' id='block_1_35' title="bbox 196 2116 1789 2192">
    <p class='ocr_par' dir='ltr' id='par_1_35' title="bbox 196 2116 1789 2192">
     <span class='ocr_line' id='line_1_35' title="bbox 196 2116 1789 2192; baseline -0.004 -14"><span class='ocrx_word' id='word_1_263' title='bbox 196 2119 466 2192; x_wconf 87' lang='lat' dir='ltr'><strong>supplicia</strong></span> <span class='ocrx_word' id='word_1_264' title='bbox 497 2119 669 2186; x_wconf 91' lang='lat' dir='ltr'><strong>mori,</strong></span> <span class='ocrx_word' id='word_1_265' title='bbox 696 2119 1025 2175; x_wconf 87' lang='lat' dir='ltr'><strong>videbantur</strong></span> <span class='ocrx_word' id='word_1_266' title='bbox 1054 2117 1257 2172; x_wconf 90' lang='lat' dir='ltr'><strong>tristari</strong></span> <span class='ocrx_word' id='word_1_267' title='bbox 1288 2116 1586 2173; x_wconf 89' lang='lat' dir='ltr'><strong>secundum</strong></span> <span class='ocrx_word' id='word_1_268' title='bbox 1622 2116 1789 2189; x_wconf 79' lang='lat' dir='ltr'><strong>fragi-</strong></span> 
     </span>
    </p>
   </div>
   <div class='ocr_carea' id='block_1_36' title="bbox 180 2202 1784 2284">
    <p class='ocr_par' dir='ltr' id='par_1_36' title="bbox 180 2202 1784 2284">
     <span class='ocr_line' id='line_1_36' title="bbox 180 2202 1784 2284; baseline -0.003 -15"><span class='ocrx_word' id='word_1_269' title='bbox 180 2202 441 2279; x_wconf 73' lang='lat' dir='ltr'><strong>litatem,</strong></span> <span class='ocrx_word' id='word_1_270' title='bbox 475 2214 568 2269; x_wconf 91' lang='lat' dir='ltr'><strong>sed</strong></span> <span class='ocrx_word' id='word_1_271' title='bbox 600 2213 755 2284; x_wconf 88' lang='lat' dir='ltr'><strong>quasi</strong></span> <span class='ocrx_word' id='word_1_272' title='bbox 794 2220 912 2269; x_wconf 93' lang='lat' dir='ltr'><strong>erat</strong></span> <span class='ocrx_word' id='word_1_273' title='bbox 944 2211 1048 2275; x_wconf 90' lang='lat' dir='ltr'><strong>ibi,</strong></span> <span class='ocrx_word' id='word_1_274' title='bbox 1089 2211 1217 2282; x_wconf 90' lang='lat' dir='ltr'><strong>quia</strong></span> <span class='ocrx_word' id='word_1_275' title='bbox 1246 2221 1429 2267; x_wconf 91' lang='lat' dir='ltr'><strong>mente</strong></span> <span class='ocrx_word' id='word_1_276' title='bbox 1459 2210 1784 2280; x_wconf 77' lang='lat' dir='ltr'><strong>gaudebant.</strong></span> 
     </span>
    </p>
   </div>
   <div class='ocr_carea' id='block_1_37' title="bbox 194 2300 1787 2375">
    <p class='ocr_par' dir='ltr' id='par_1_37' title="bbox 194 2300 1787 2375">
     <span class='ocr_line' id='line_1_37' title="bbox 194 2300 1787 2375; baseline -0.003 -13"><span class='ocrx_word' id='word_1_277' title='bbox 194 2305 263 2362; x_wconf 86' lang='lat' dir='ltr'><strong>Et</strong></span> <span class='ocrx_word' id='word_1_278' title='bbox 300 2305 347 2361; x_wconf 90' lang='lat' dir='ltr'><strong>si</strong></span> <span class='ocrx_word' id='word_1_279' title='bbox 378 2306 751 2361; x_wconf 86' lang='lat' dir='ltr'><strong>moriebantur</strong></span> <span class='ocrx_word' id='word_1_280' title='bbox 779 2305 847 2359; x_wconf 91' lang='lat' dir='ltr'><strong>ad</strong></span> <span class='ocrx_word' id='word_1_281' title='bbox 878 2313 1124 2375; x_wconf 89' lang='lat' dir='ltr'><strong>tempus,</strong></span> <span class='ocrx_word' id='word_1_282' title='bbox 1157 2303 1337 2359; x_wconf 91' lang='lat' dir='ltr'><strong>subito</strong></span> <span class='ocrx_word' id='word_1_283' title='bbox 1372 2300 1638 2358; x_wconf 87' lang='lat' dir='ltr'><strong>transibat</strong></span> <span class='ocrx_word' id='word_1_284' title='bbox 1667 2302 1787 2358; x_wconf 75' lang='lat' dir='ltr'><strong>illo~</strong></span> 
     </span>
    </p>
   </div>
   <div class='ocr_carea' id='block_1_38' title="bbox 192 2393 1785 2466">
    <p class='ocr_par' dir='ltr' id='par_1_38' title="bbox 192 2393 1785 2466">
     <span class='ocr_line' id='line_1_38' title="bbox 192 2393 1785 2466; baseline -0.003 -14"><span class='ocrx_word' id='word_1_285' title='bbox 192 2412 323 2452; x_wconf 91' lang='lat' dir='ltr'><strong>rum</strong></span> <span class='ocrx_word' id='word_1_286' title='bbox 353 2411 501 2452; x_wconf 89' lang='lat' dir='ltr'><strong>mors</strong></span> <span class='ocrx_word' id='word_1_287' title='bbox 530 2397 585 2452; x_wconf 94' lang='lat' dir='ltr'><strong>in</strong></span> <span class='ocrx_word' id='word_1_288' title='bbox 611 2397 780 2452; x_wconf 90' lang='lat' dir='ltr'><strong>vitam</strong></span> <span class='ocrx_word' id='word_1_289' title='bbox 811 2403 1094 2452; x_wconf 67' lang='lat' dir='ltr'><strong>aeternam.</strong></span> <span class='ocrx_word' id='word_1_290' title='bbox 1135 2393 1403 2466; x_wconf 82' lang='lat' dir='ltr'><strong>Reprobis</strong></span> <span class='ocrx_word' id='word_1_291' title='bbox 1438 2402 1617 2450; x_wconf 89' lang='lat' dir='ltr'><strong>autem</strong></span> <span class='ocrx_word' id='word_1_292' title='bbox 1638 2434 1653 2460; x_wconf 97' lang='lat'><strong>,</strong></span> <span class='ocrx_word' id='word_1_293' title='bbox 1691 2393 1785 2464; x_wconf 89' lang='lat' dir='ltr'><strong>qui</strong></span> 
     </span>
    </p>
   </div>
   <div class='ocr_carea' id='block_1_39' title="bbox 193 2484 1786 2559">
    <p class='ocr_par' dir='ltr' id='par_1_39' title="bbox 193 2484 1786 2559">
     <span class='ocr_line' id='line_1_39' title="bbox 193 2484 1786 2559; baseline -0.003 -15"><span class='ocrx_word' id='word_1_294' title='bbox 193 2497 372 2544; x_wconf 86' lang='lat' dir='ltr'><strong>totam</strong></span> <span class='ocrx_word' id='word_1_295' title='bbox 417 2503 571 2559; x_wconf 90' lang='lat' dir='ltr'><strong>spem</strong></span> <span class='ocrx_word' id='word_1_296' title='bbox 615 2501 769 2544; x_wconf 90' lang='lat' dir='ltr'><strong>suam</strong></span> <span class='ocrx_word' id='word_1_297' title='bbox 806 2486 861 2541; x_wconf 92' lang='lat' dir='ltr'><strong>in</strong></span> <span class='ocrx_word' id='word_1_298' title='bbox 894 2489 1128 2542; x_wconf 89' lang='lat' dir='ltr'><strong>terrenis</strong></span> <span class='ocrx_word' id='word_1_299' title='bbox 1157 2489 1324 2543; x_wconf 89' lang='lat' dir='ltr'><strong>rebus</strong></span> <span class='ocrx_word' id='word_1_300' title='bbox 1356 2500 1420 2542; x_wconf 90' lang='lat' dir='ltr'><strong>ac</strong></span> <span class='ocrx_word' id='word_1_301' title='bbox 1455 2484 1786 2540; x_wconf 87' lang='lat' dir='ltr'><strong>transitoriis</strong></span> 
     </span>
    </p>
   </div>
   <div class='ocr_carea' id='block_1_40' title="bbox 188 2575 1783 2650">
    <p class='ocr_par' dir='ltr' id='par_1_40' title="bbox 188 2575 1783 2650">
     <span class='ocr_line' id='line_1_40' title="bbox 188 2575 1783 2650; baseline -0.001 -17"><span class='ocrx_word' id='word_1_302' title='bbox 188 2587 439 2650; x_wconf 87' lang='lat' dir='ltr'><strong>ponunt,</strong></span> <span class='ocrx_word' id='word_1_303' title='bbox 472 2594 572 2634; x_wconf 92' lang='lat' dir='ltr'><strong>nec</strong></span> <span class='ocrx_word' id='word_1_304' title='bbox 601 2579 828 2633; x_wconf 89' lang='lat' dir='ltr'><strong>tendunt</strong></span> <span class='ocrx_word' id='word_1_305' title='bbox 854 2577 920 2634; x_wconf 90' lang='lat' dir='ltr'><strong>ad</strong></span> <span class='ocrx_word' id='word_1_306' title='bbox 946 2585 1150 2633; x_wconf 68' lang='lat' dir='ltr'><strong>(eterna</strong></span> <span class='ocrx_word' id='word_1_307' title='bbox 1175 2577 1402 2648; x_wconf 89' lang='lat' dir='ltr'><strong>gaudia,</strong></span> <span class='ocrx_word' id='word_1_308' title='bbox 1434 2577 1531 2632; x_wconf 91' lang='lat' dir='ltr'><strong>sed</strong></span> <span class='ocrx_word' id='word_1_309' title='bbox 1565 2575 1621 2631; x_wconf 90' lang='lat' dir='ltr'><strong>in</strong></span> <span class='ocrx_word' id='word_1_310' title='bbox 1654 2590 1783 2647; x_wconf 77' lang='lat' dir='ltr'><strong>pro-</strong></span> 
     </span>
    </p>
   </div>
   <div class='ocr_carea' id='block_1_41' title="bbox 189 2669 1784 2741">
    <p class='ocr_par' dir='ltr' id='par_1_41' title="bbox 189 2669 1784 2741">
     <span class='ocr_line' id='line_1_41' title="bbox 189 2669 1784 2741; baseline -0.002 -14"><span class='ocrx_word' id='word_1_311' title='bbox 189 2671 458 2741; x_wconf 83' lang='lat' dir='ltr'><strong>spcritate</strong></span> <span class='ocrx_word' id='word_1_312' title='bbox 518 2669 883 2741; x_wconf 79' lang='lat' dir='ltr'><strong>felicitateque</strong></span> <span class='ocrx_word' id='word_1_313' title='bbox 924 2671 1083 2740; x_wconf 89' lang='lat' dir='ltr'><strong>hujus</strong></span> <span class='ocrx_word' id='word_1_314' title='bbox 1129 2669 1312 2726; x_wconf 57' lang='lat' dir='ltr'><strong>saeculi</strong></span> <span class='ocrx_word' id='word_1_315' title='bbox 1359 2670 1643 2738; x_wconf 77' lang='lat' dir='ltr'><strong>laetantur,</strong></span> <span class='ocrx_word' id='word_1_316' title='bbox 1698 2670 1784 2724; x_wconf 87' lang='lat' dir='ltr'><strong>vi-</strong></span> 
     </span>
    </p>
   </div>
   <div class='ocr_carea' id='block_1_42' title="bbox 188 2756 1784 2829">
    <p class='ocr_par' dir='ltr' id='par_1_42' title="bbox 188 2756 1784 2829">
     <span class='ocr_line' id='line_1_42' title="bbox 188 2756 1784 2829; baseline -0.003 -13"><span class='ocrx_word' id='word_1_317' title='bbox 188 2760 359 2816; x_wconf 88' lang='lat' dir='ltr'><strong>detur</strong></span> <span class='ocrx_word' id='word_1_318' title='bbox 383 2758 526 2828; x_wconf 91' lang='lat' dir='ltr'><strong>quod</strong></span> <span class='ocrx_word' id='word_1_319' title='bbox 550 2773 736 2814; x_wconf 86' lang='lat' dir='ltr'><strong>verum</strong></span> <span class='ocrx_word' id='word_1_320' title='bbox 765 2767 1012 2825; x_wconf 91' lang='lat' dir='ltr'><strong>teneant,</strong></span> <span class='ocrx_word' id='word_1_321' title='bbox 1037 2756 1131 2814; x_wconf 91' lang='lat' dir='ltr'><strong>sed</strong></span> <span class='ocrx_word' id='word_1_322' title='bbox 1158 2773 1265 2814; x_wconf 92' lang='lat' dir='ltr'><strong>non</strong></span> <span class='ocrx_word' id='word_1_323' title='bbox 1290 2767 1374 2815; x_wconf 86' lang='lat' dir='ltr'><strong>est</strong></span> <span class='ocrx_word' id='word_1_324' title='bbox 1400 2773 1589 2814; x_wconf 85' lang='lat' dir='ltr'><strong>verum</strong></span> <span class='ocrx_word' id='word_1_325' title='bbox 1606 2799 1622 2824; x_wconf 94' lang='lat'><strong>,</strong></span> <span class='ocrx_word' id='word_1_326' title='bbox 1656 2757 1784 2829; x_wconf 89' lang='lat' dir='ltr'><strong>quia</strong></span> 
     </span>
    </p>
   </div>
   <div class='ocr_carea' id='block_1_43' title="bbox 189 2850 1785 2922">
    <p class='ocr_par' dir='ltr' id='par_1_43' title="bbox 189 2850 1785 2922">
     <span class='ocr_line' id='line_1_43' title="bbox 189 2850 1785 2922; baseline -0.001 -15"><span class='ocrx_word' id='word_1_327' title='bbox 189 2852 547 2907; x_wconf 88' lang='lat' dir='ltr'><strong>transitivum</strong></span> <span class='ocrx_word' id='word_1_328' title='bbox 582 2861 638 2908; x_wconf 91' lang='lat' dir='ltr'><strong>et</strong></span> <span class='ocrx_word' id='word_1_329' title='bbox 674 2850 967 2922; x_wconf 88' lang='lat' dir='ltr'><strong>temporale</strong></span> <span class='ocrx_word' id='word_1_330' title='bbox 1000 2858 1122 2916; x_wconf 91' lang='lat' dir='ltr'><strong>est;</strong></span> <span class='ocrx_word' id='word_1_331' title='bbox 1161 2857 1215 2904; x_wconf 91' lang='lat' dir='ltr'><strong>et</strong></span> <span class='ocrx_word' id='word_1_332' title='bbox 1253 2865 1376 2905; x_wconf 92' lang='lat' dir='ltr'><strong>cum</strong></span> <span class='ocrx_word' id='word_1_333' title='bbox 1415 2851 1484 2906; x_wconf 87' lang='lat' dir='ltr'><strong>ab</strong></span> <span class='ocrx_word' id='word_1_334' title='bbox 1530 2851 1631 2906; x_wconf 91' lang='lat' dir='ltr'><strong>bac</strong></span> <span class='ocrx_word' id='word_1_335' title='bbox 1673 2850 1785 2905; x_wconf 88' lang='lat' dir='ltr'><strong>vita</strong></span> 
     </span>
    </p>
   </div>
   <div class='ocr_carea' id='block_1_44' title="bbox 192 2941 1784 3011">
    <p class='ocr_par' dir='ltr' id='par_1_44' title="bbox 192 2941 1784 3011">
     <span class='ocr_line' id='line_1_44' title="bbox 192 2941 1784 3011; baseline -0.001 -12"><span class='ocrx_word' id='word_1_336' title='bbox 192 2943 556 3009; x_wconf 67' lang='lat' dir='ltr'><strong>tra‘nsierint,</strong></span> <span class='ocrx_word' id='word_1_337' title='bbox 606 2943 741 2998; x_wconf 89' lang='lat' dir='ltr'><strong>nihil</strong></span> <span class='ocrx_word' id='word_1_338' title='bbox 790 2943 1066 2998; x_wconf 83' lang='lat' dir='ltr'><strong>invenient</strong></span> <span class='ocrx_word' id='word_1_339' title='bbox 1109 2956 1177 2997; x_wconf 81' lang='lat' dir='ltr'><strong>ex</strong></span> <span class='ocrx_word' id='word_1_340' title='bbox 1226 2942 1313 2997; x_wconf 91' lang='lat' dir='ltr'><strong>his</strong></span> <span class='ocrx_word' id='word_1_341' title='bbox 1353 2957 1474 3011; x_wconf 72' lang='lat' dir='ltr'><strong>quze</strong></span> <span class='ocrx_word' id='word_1_342' title='bbox 1507 2942 1597 2998; x_wconf 90' lang='lat' dir='ltr'><strong>hic</strong></span> <span class='ocrx_word' id='word_1_343' title='bbox 1629 2941 1784 3011; x_wconf 90' lang='lat' dir='ltr'><strong>quasi</strong></span> 
     </span>
    </p>
   </div>
   <div class='ocr_carea' id='block_1_45' title="bbox 188 3030 1780 3102">
    <p class='ocr_par' dir='ltr' id='par_1_45' title="bbox 188 3030 1780 3102">
     <span class='ocr_line' id='line_1_45' title="bbox 188 3030 1780 3102; baseline -0.001 -14"><span class='ocrx_word' id='word_1_344' title='bbox 188 3050 333 3090; x_wconf 85' lang='lat' dir='ltr'><strong>vera</strong></span> <span class='ocrx_word' id='word_1_345' title='bbox 366 3034 493 3089; x_wconf 86' lang='lat' dir='ltr'><strong>visa</strong></span> <span class='ocrx_word' id='word_1_346' title='bbox 543 3041 669 3089; x_wconf 89' lang='lat' dir='ltr'><strong>sunt</strong></span> <span class='ocrx_word' id='word_1_347' title='bbox 715 3032 857 3099; x_wconf 89' lang='lat' dir='ltr'><strong>illis,</strong></span> <span class='ocrx_word' id='word_1_348' title='bbox 897 3030 1053 3101; x_wconf 82' lang='lat' dir='ltr'><strong>juxta</strong></span> <span class='ocrx_word' id='word_1_349' title='bbox 1102 3033 1246 3102; x_wconf 91' lang='lat' dir='ltr'><strong>quod</strong></span> <span class='ocrx_word' id='word_1_350' title='bbox 1279 3031 1566 3088; x_wconf 87' lang='lat' dir='ltr'><strong>Psalmista</strong></span> <span class='ocrx_word' id='word_1_351' title='bbox 1603 3032 1780 3087; x_wconf 90' lang='lat' dir='ltr'><strong>dicit:</strong></span> 
     </span>
    </p>
   </div>
   <div class='ocr_carea' id='block_1_46' title="bbox 185 3124 1782 3190">
    <p class='ocr_par' dir='ltr' id='par_1_46' title="bbox 185 3124 1782 3190">
     <span class='ocr_line' id='line_1_46' title="bbox 185 3124 1782 3190; baseline -0.005 -6"><span class='ocrx_word' id='word_1_352' title='bbox 185 3127 544 3184; x_wconf 85' lang='lat' dir='ltr'><strong>Dormierunt</strong></span> <span class='ocrx_word' id='word_1_353' title='bbox 580 3141 820 3180; x_wconf 80' lang='lat' dir='ltr'><strong>somnum</strong></span> <span class='ocrx_word' id='word_1_354' title='bbox 858 3140 1046 3190; x_wconf 86' lang='lat' dir='ltr'><strong>suum,</strong></span> <span class='ocrx_word' id='word_1_355' title='bbox 1085 3133 1134 3178; x_wconf 89' lang='lat' dir='ltr'><strong>et</strong></span> <span class='ocrx_word' id='word_1_356' title='bbox 1169 3124 1302 3178; x_wconf 79' lang='lat' dir='ltr'><strong>nihil</strong></span> <span class='ocrx_word' id='word_1_357' title='bbox 1331 3125 1637 3178; x_wconf 85' lang='lat' dir='ltr'><strong>invenerunt</strong></span> <span class='ocrx_word' id='word_1_358' title='bbox 1666 3139 1782 3177; x_wconf 86' lang='lat' dir='ltr'><strong>om-</strong></span> 
     </span>
    </p>
   </div>
   <div class='ocr_carea' id='block_1_47' title="bbox 186 3199 1779 3288">
    <p class='ocr_par' dir='ltr' id='par_1_47' title="bbox 186 3199 1779 3288">
     <span class='ocr_line' id='line_1_47' title="bbox 186 3199 1779 3288; baseline -0.003 -15"><span class='ocrx_word' id='word_1_359' title='bbox 186 3235 285 3274; x_wconf 84' lang='lat' dir='ltr'><strong>nes</strong></span> <span class='ocrx_word' id='word_1_360' title='bbox 338 3216 434 3272; x_wconf 73' lang='lat' dir='ltr'><strong>uiri</strong></span> <span class='ocrx_word' id='word_1_361' title='bbox 481 3216 784 3270; x_wconf 85' lang='lat' dir='ltr'><strong>divitiarum</strong></span> <span class='ocrx_word' id='word_1_362' title='bbox 828 3199 885 3271; x_wconf 79' lang='lat' dir='ltr'><strong>in</strong></span> <span class='ocrx_word' id='word_1_363' title='bbox 921 3215 1163 3270; x_wconf 86' lang='lat' dir='ltr'><strong>manibus</strong></span> <span class='ocrx_word' id='word_1_364' title='bbox 1201 3215 1311 3270; x_wconf 85' lang='lat' dir='ltr'><strong>suis</strong></span> <span class='ocrx_word' id='word_1_365' title='bbox 1351 3211 1544 3288; x_wconf 85' lang='lat' dir='ltr'><strong>(Psal.</strong></span> <span class='ocrx_word' id='word_1_366' title='bbox 1576 3230 1716 3271; x_wconf 80' lang='lat' dir='ltr'><strong>Lxxv</strong></span> <span class='ocrx_word' id='word_1_367' title='bbox 1739 3216 1779 3283; x_wconf 82' lang='lat'><strong>).</strong></span> 
     </span>
    </p>
   </div>
   <div class='ocr_carea' id='block_1_48' title="bbox 187 3289 1859 3378">
    <p class='ocr_par' dir='ltr' id='par_1_48' title="bbox 187 3289 1859 3378">
     <span class='ocr_line' id='line_1_48' title="bbox 187 3289 1859 3378; baseline -0.001 -15"><span class='ocrx_word' id='word_1_368' title='bbox 187 3306 481 3363; x_wconf 84' lang='lat' dir='ltr'><strong>Transihit</strong></span> <span class='ocrx_word' id='word_1_369' title='bbox 507 3321 637 3378; x_wconf 89' lang='lat' dir='ltr'><strong>ergo</strong></span> <span class='ocrx_word' id='word_1_370' title='bbox 672 3306 897 3361; x_wconf 86' lang='lat' dir='ltr'><strong>istorum</strong></span> <span class='ocrx_word' id='word_1_371' title='bbox 935 3305 1091 3375; x_wconf 88' lang='lat' dir='ltr'><strong>quasi</strong></span> <span class='ocrx_word' id='word_1_372' title='bbox 1126 3320 1352 3370; x_wconf 87' lang='lat' dir='ltr'><strong>verum,</strong></span> <span class='ocrx_word' id='word_1_373' title='bbox 1389 3305 1486 3360; x_wconf 90' lang='lat' dir='ltr'><strong>sed</strong></span> <span class='ocrx_word' id='word_1_374' title='bbox 1521 3320 1626 3361; x_wconf 90' lang='lat' dir='ltr'><strong>non</strong></span> <span class='ocrx_word' id='word_1_375' title='bbox 1666 3314 1786 3361; x_wconf 88' lang='lat' dir='ltr'><strong>erat</strong></span> <span class='ocrx_word' id='word_1_376' title='bbox 1812 3289 1859 3353; x_wconf 72' lang='grc' dir='ltr'>Ο</span> 
     </span>
    </p>
   </div>
   <div class='ocr_carea' id='block_1_49' title="bbox 182 3396 1787 3465">
    <p class='ocr_par' dir='ltr' id='par_1_49' title="bbox 182 3396 1787 3465">
     <span class='ocr_line' id='line_1_49' title="bbox 182 3396 1787 3465; baseline -0.001 -12"><span class='ocrx_word' id='word_1_377' title='bbox 182 3414 426 3465; x_wconf 82' lang='lat' dir='ltr'><strong>verum,</strong></span> <span class='ocrx_word' id='word_1_378' title='bbox 473 3405 531 3453; x_wconf 92' lang='lat' dir='ltr'><strong>et</strong></span> <span class='ocrx_word' id='word_1_379' title='bbox 573 3398 755 3453; x_wconf 88' lang='lat' dir='ltr'><strong>veniet</strong></span> <span class='ocrx_word' id='word_1_380' title='bbox 798 3396 1012 3453; x_wconf 90' lang='lat' dir='ltr'><strong>illorum</strong></span> <span class='ocrx_word' id='word_1_381' title='bbox 1071 3412 1183 3463; x_wconf 83' lang='lat' dir='ltr'><strong>vae,</strong></span> <span class='ocrx_word' id='word_1_382' title='bbox 1231 3397 1337 3453; x_wconf 91' lang='lat' dir='ltr'><strong>hoc</strong></span> <span class='ocrx_word' id='word_1_383' title='bbox 1400 3405 1485 3452; x_wconf 84' lang='lat' dir='ltr'><strong>est</strong></span> <span class='ocrx_word' id='word_1_384' title='bbox 1522 3407 1787 3453; x_wconf 65' lang='lat' dir='ltr'><strong>aeternum</strong></span> 
     </span>
    </p>
   </div>
   <div class='ocr_carea' id='block_1_50' title="bbox 184 3488 1784 3565">
    <p class='ocr_par' dir='ltr' id='par_1_50' title="bbox 184 3488 1784 3565">
     <span class='ocr_line' id='line_1_50' title="bbox 184 3488 1784 3565; baseline -0.003 -16"><span class='ocrx_word' id='word_1_385' title='bbox 184 3489 543 3565; x_wconf 87' lang='lat' dir='ltr'><strong>supplicium.</strong></span> <span class='ocrx_word' id='word_1_386' title='bbox 576 3489 725 3545; x_wconf 81' lang='lat' dir='ltr'><strong>Sicut</strong></span> <span class='ocrx_word' id='word_1_387' title='bbox 752 3499 953 3561; x_wconf 77' lang='lat' dir='ltr'><strong>egentes</strong></span> <span class='ocrx_word' id='word_1_388' title='bbox 979 3489 1181 3556; x_wconf 87' lang='lat' dir='ltr'><strong>simus,</strong></span> <span class='ocrx_word' id='word_1_389' title='bbox 1211 3488 1404 3543; x_wconf 83' lang='lat' dir='ltr'><strong>multos</strong></span> <span class='ocrx_word' id='word_1_390' title='bbox 1432 3498 1605 3544; x_wconf 88' lang='lat' dir='ltr'><strong>autem</strong></span> <span class='ocrx_word' id='word_1_391' title='bbox 1636 3488 1784 3544; x_wconf 84' lang='lat' dir='ltr'><strong>Iocu-</strong></span> 
     </span>
    </p>
   </div>
   <div class='ocr_carea' id='block_1_51' title="bbox 181 3576 1785 3655">
    <p class='ocr_par' dir='ltr' id='par_1_51' title="bbox 181 3576 1785 3655">
     <span class='ocr_line' id='line_1_51' title="bbox 181 3576 1785 3655; baseline -0.003 -16"><span class='ocrx_word' id='word_1_392' title='bbox 181 3583 472 3655; x_wconf 79' lang='lat' dir='ltr'><strong>pletantes.</strong></span> <span class='ocrx_word' id='word_1_393' title='bbox 534 3580 697 3649; x_wconf 86' lang='lat' dir='ltr'><strong>Quasi</strong></span> <span class='ocrx_word' id='word_1_394' title='bbox 741 3590 962 3651; x_wconf 77' lang='lat' dir='ltr'><strong>egentes</strong></span> <span class='ocrx_word' id='word_1_395' title='bbox 999 3580 1324 3637; x_wconf 88' lang='lat' dir='ltr'><strong>videbantur</strong></span> <span class='ocrx_word' id='word_1_396' title='bbox 1375 3578 1577 3637; x_wconf 89' lang='lat' dir='ltr'><strong>divitiis</strong></span> <span class='ocrx_word' id='word_1_397' title='bbox 1622 3576 1785 3649; x_wconf 87' lang='lat' dir='ltr'><strong>hujus</strong></span> 
     </span>
    </p>
   </div>
   <div class='ocr_carea' id='block_1_52' title="bbox 181 3670 1783 3742">
    <p class='ocr_par' dir='ltr' id='par_1_52' title="bbox 181 3670 1783 3742">
     <span class='ocr_line' id='line_1_52' title="bbox 181 3670 1783 3742; baseline -0.004 -10"><span class='ocrx_word' id='word_1_398' title='bbox 181 3673 381 3732; x_wconf 82' lang='lat' dir='ltr'><strong>saeculi</strong></span> <span class='ocrx_word' id='word_1_399' title='bbox 406 3716 419 3737; x_wconf 92' lang='lat'><strong>,</strong></span> <span class='ocrx_word' id='word_1_400' title='bbox 449 3673 543 3729; x_wconf 90' lang='lat' dir='ltr'><strong>sed</strong></span> <span class='ocrx_word' id='word_1_401' title='bbox 572 3672 921 3728; x_wconf 86' lang='lat' dir='ltr'><strong>abundabant</strong></span> <span class='ocrx_word' id='word_1_402' title='bbox 946 3670 1152 3726; x_wconf 89' lang='lat' dir='ltr'><strong>divitiis</strong></span> <span class='ocrx_word' id='word_1_403' title='bbox 1182 3670 1517 3741; x_wconf 86' lang='lat' dir='ltr'><strong>spiritalibus</strong></span> <span class='ocrx_word' id='word_1_404' title='bbox 1554 3670 1609 3726; x_wconf 90' lang='lat' dir='ltr'><strong>in</strong></span> <span class='ocrx_word' id='word_1_405' title='bbox 1644 3686 1783 3742; x_wconf 68' lang='lat' dir='ltr'><strong>pra:-</strong></span> 
     </span>
    </p>
   </div>
   <div class='ocr_carea' id='block_1_53' title="bbox 182 3762 1784 3833">
    <p class='ocr_par' dir='ltr' id='par_1_53' title="bbox 182 3762 1784 3833">
     <span class='ocr_line' id='line_1_53' title="bbox 182 3762 1784 3833; baseline -0.002 -11"><span class='ocrx_word' id='word_1_406' title='bbox 182 3764 471 3822; x_wconf 86' lang='lat' dir='ltr'><strong>dicatione</strong></span> <span class='ocrx_word' id='word_1_407' title='bbox 525 3772 580 3819; x_wconf 92' lang='lat' dir='ltr'><strong>et</strong></span> <span class='ocrx_word' id='word_1_408' title='bbox 633 3763 949 3827; x_wconf 88' lang='lat' dir='ltr'><strong>miraculis,</strong></span> <span class='ocrx_word' id='word_1_409' title='bbox 1013 3777 1081 3817; x_wconf 82' lang='lat' dir='ltr'><strong>ex</strong></span> <span class='ocrx_word' id='word_1_410' title='bbox 1130 3764 1327 3833; x_wconf 91' lang='lat' dir='ltr'><strong>quibus</strong></span> <span class='ocrx_word' id='word_1_411' title='bbox 1378 3762 1784 3833; x_wconf 88' lang='lat' dir='ltr'><strong>locupletabant</strong></span> 
     </span>
    </p>
   </div>
   <div class='ocr_carea' id='block_1_54' title="bbox 180 3853 1783 3925">
    <p class='ocr_par' dir='ltr' id='par_1_54' title="bbox 180 3853 1783 3925">
     <span class='ocr_line' id='line_1_54' title="bbox 180 3853 1783 3925; baseline -0.003 -12"><span class='ocrx_word' id='word_1_412' title='bbox 180 3857 351 3914; x_wconf 80' lang='lat' dir='ltr'><strong>alios.</strong></span> <span class='ocrx_word' id='word_1_413' title='bbox 380 3854 476 3913; x_wconf 87' lang='lat' dir='ltr'><strong>Vel</strong></span> <span class='ocrx_word' id='word_1_414' title='bbox 500 3868 688 3911; x_wconf 87' lang='lat' dir='ltr'><strong>revera</strong></span> <span class='ocrx_word' id='word_1_415' title='bbox 717 3862 936 3925; x_wconf 84' lang='lat' dir='ltr'><strong>egentes</strong></span> <span class='ocrx_word' id='word_1_416' title='bbox 964 3854 1287 3908; x_wconf 80' lang='lat' dir='ltr'><strong>videbantur</strong></span> <span class='ocrx_word' id='word_1_417' title='bbox 1311 3853 1615 3908; x_wconf 88' lang='lat' dir='ltr'><strong>substantia</strong></span> <span class='ocrx_word' id='word_1_418' title='bbox 1642 3860 1783 3908; x_wconf 88' lang='lat' dir='ltr'><strong>tem-</strong></span> 
     </span>
    </p>
   </div>
   <div class='ocr_carea' id='block_1_55' title="bbox 178 3942 1779 4020">
    <p class='ocr_par' dir='ltr' id='par_1_55' title="bbox 178 3942 1779 4020">
     <span class='ocr_line' id='line_1_55' title="bbox 178 3942 1779 4020; baseline -0.004 -16"><span class='ocrx_word' id='word_1_419' title='bbox 178 3945 404 4020; x_wconf 87' lang='lat' dir='ltr'><strong>porali,</strong></span> <span class='ocrx_word' id='word_1_420' title='bbox 434 3944 529 4002; x_wconf 91' lang='lat' dir='ltr'><strong>sed</strong></span> <span class='ocrx_word' id='word_1_421' title='bbox 558 3944 757 3999; x_wconf 89' lang='lat' dir='ltr'><strong>multos</strong></span> <span class='ocrx_word' id='word_1_422' title='bbox 798 3942 1090 4012; x_wconf 89' lang='lat' dir='ltr'><strong>locupletes</strong></span> <span class='ocrx_word' id='word_1_423' title='bbox 1119 3942 1449 4009; x_wconf 90' lang='lat' dir='ltr'><strong>reddebant,</strong></span> <span class='ocrx_word' id='word_1_424' title='bbox 1480 3943 1622 3998; x_wconf 89' lang='lat' dir='ltr'><strong>sicut</strong></span> <span class='ocrx_word' id='word_1_425' title='bbox 1654 3958 1779 3998; x_wconf 84' lang='lat' dir='ltr'><strong>san-</strong></span> 
     </span>
    </p>
   </div>
   <div class='ocr_carea' id='block_1_56' title="bbox 178 4031 1782 4107">
    <p class='ocr_par' dir='ltr' id='par_1_56' title="bbox 178 4031 1782 4107">
     <span class='ocr_line' id='line_1_56' title="bbox 178 4031 1782 4107; baseline -0.005 -11"><span class='ocrx_word' id='word_1_426' title='bbox 178 4046 317 4096; x_wconf 83' lang='lat' dir='ltr'><strong>ctos</strong></span> <span class='ocrx_word' id='word_1_427' title='bbox 346 4035 438 4107; x_wconf 88' lang='lat' dir='ltr'><strong>qui</strong></span> <span class='ocrx_word' id='word_1_428' title='bbox 469 4043 621 4091; x_wconf 86' lang='lat' dir='ltr'><strong>erant</strong></span> <span class='ocrx_word' id='word_1_429' title='bbox 652 4031 1073 4104; x_wconf 84' lang='lat' dir='ltr'><strong>Hierosolymis,</strong></span> <span class='ocrx_word' id='word_1_430' title='bbox 1105 4034 1195 4103; x_wconf 88' lang='lat' dir='ltr'><strong>qui</strong></span> <span class='ocrx_word' id='word_1_431' title='bbox 1226 4048 1326 4103; x_wconf 87' lang='lat' dir='ltr'><strong>pro</strong></span> <span class='ocrx_word' id='word_1_432' title='bbox 1353 4032 1572 4089; x_wconf 82' lang='lat' dir='ltr'><strong>Christo</strong></span> <span class='ocrx_word' id='word_1_433' title='bbox 1600 4033 1782 4089; x_wconf 88' lang='lat' dir='ltr'><strong>omnia</strong></span> 
     </span>
    </p>
   </div>
   <div class='ocr_carea' id='block_1_57' title="bbox 172 4122 1781 4195">
    <p class='ocr_par' dir='ltr' id='par_1_57' title="bbox 172 4122 1781 4195">
     <span class='ocr_line' id='line_1_57' title="bbox 172 4122 1781 4195; baseline -0.003 -12"><span class='ocrx_word' id='word_1_434' title='bbox 172 4144 292 4187; x_wconf 85' lang='lat' dir='ltr'><strong>sua</strong></span> <span class='ocrx_word' id='word_1_435' title='bbox 338 4125 702 4195; x_wconf 87' lang='lat' dir='ltr'><strong>reliquerant,</strong></span> <span class='ocrx_word' id='word_1_436' title='bbox 754 4122 838 4179; x_wconf 92' lang='lat' dir='ltr'><strong>vel</strong></span> <span class='ocrx_word' id='word_1_437' title='bbox 867 4140 913 4178; x_wconf 15' lang='lat' dir='ltr'><strong>ea</strong></span> <span class='ocrx_word' id='word_1_438' title='bbox 955 4123 1153 4179; x_wconf 74' lang='lat' dir='ltr'><strong>Judteis</strong></span> <span class='ocrx_word' id='word_1_439' title='bbox 1194 4123 1482 4194; x_wconf 78' lang='lat' dir='ltr'><strong>exspoliati</strong></span> <span class='ocrx_word' id='word_1_440' title='bbox 1532 4123 1781 4192; x_wconf 80' lang='lat' dir='ltr'><strong>fuerant,</strong></span> 
     </span>
    </p>
   </div>
   <div class='ocr_carea' id='block_1_58' title="bbox 174 4214 1782 4288">
    <p class='ocr_par' dir='ltr' id='par_1_58' title="bbox 174 4214 1782 4288">
     <span class='ocr_line' id='line_1_58' title="bbox 174 4214 1782 4288; baseline -0.002 -12"><span class='ocrx_word' id='word_1_441' title='bbox 174 4234 257 4276; x_wconf 84' lang='lat' dir='ltr'><strong>eo</strong></span> <span class='ocrx_word' id='word_1_442' title='bbox 305 4216 449 4287; x_wconf 91' lang='lat' dir='ltr'><strong>quod</strong></span> <span class='ocrx_word' id='word_1_443' title='bbox 488 4216 544 4271; x_wconf 90' lang='lat' dir='ltr'><strong>in</strong></span> <span class='ocrx_word' id='word_1_444' title='bbox 583 4223 854 4270; x_wconf 90' lang='lat' dir='ltr'><strong>mortuum</strong></span> <span class='ocrx_word' id='word_1_445' title='bbox 894 4214 1169 4271; x_wconf 89' lang='lat' dir='ltr'><strong>hominem</strong></span> <span class='ocrx_word' id='word_1_446' title='bbox 1213 4214 1602 4281; x_wconf 89' lang='lat' dir='ltr'><strong>credidissent,</strong></span> <span class='ocrx_word' id='word_1_447' title='bbox 1645 4231 1782 4288; x_wconf 91' lang='lat' dir='ltr'><strong>quos</strong></span> 
     </span>
    </p>
   </div>
   <div class='ocr_carea' id='block_1_59' title="bbox 172 4304 1781 4378">
    <p class='ocr_par' dir='ltr' id='par_1_59' title="bbox 172 4304 1781 4378">
     <span class='ocr_line' id='line_1_59' title="bbox 172 4304 1781 4378; baseline -0.002 -12"><span class='ocrx_word' id='word_1_448' title='bbox 172 4305 495 4377; x_wconf 84' lang='lat' dir='ltr'><strong>alloquitur</strong></span> <span class='ocrx_word' id='word_1_449' title='bbox 534 4306 589 4361; x_wconf 91' lang='lat' dir='ltr'><strong>in</strong></span> <span class='ocrx_word' id='word_1_450' title='bbox 629 4305 867 4377; x_wconf 88' lang='lat' dir='ltr'><strong>Epistola</strong></span> <span class='ocrx_word' id='word_1_451' title='bbox 909 4306 977 4361; x_wconf 91' lang='lat' dir='ltr'><strong>ad</strong></span> <span class='ocrx_word' id='word_1_452' title='bbox 1020 4304 1320 4362; x_wconf 74' lang='lat' dir='ltr'><strong>liehrzeos:</strong></span> <span class='ocrx_word' id='word_1_453' title='bbox 1362 4305 1656 4378; x_wconf 83' lang='lat' dir='ltr'><strong>Rapinam,</strong></span> <span class='ocrx_word' id='word_1_454' title='bbox 1695 4309 1781 4363; x_wconf 85' lang='lat' dir='ltr'><strong>in-</strong></span> 
     </span>
    </p>
   </div>
   <div class='ocr_carea' id='block_1_60' title="bbox 172 4397 1782 4472">
    <p class='ocr_par' dir='ltr' id='par_1_60' title="bbox 172 4397 1782 4472">
     <span class='ocr_line' id='line_1_60' title="bbox 172 4397 1782 4472; baseline 0 -17"><span class='ocrx_word' id='word_1_455' title='bbox 172 4399 424 4472; x_wconf 87' lang='lat' dir='ltr'><strong>quiens,</strong></span> <span class='ocrx_word' id='word_1_456' title='bbox 466 4397 721 4452; x_wconf 81' lang='lat' dir='ltr'><strong>bonorum</strong></span> <span class='ocrx_word' id='word_1_457' title='bbox 776 4406 1061 4452; x_wconf 87' lang='lat' dir='ltr'><strong>vestrorum</strong></span> <span class='ocrx_word' id='word_1_458' title='bbox 1102 4415 1221 4453; x_wconf 87' lang='lat' dir='ltr'><strong>cum</strong></span> <span class='ocrx_word' id='word_1_459' title='bbox 1254 4398 1448 4469; x_wconf 88' lang='lat' dir='ltr'><strong>gaudio</strong></span> <span class='ocrx_word' id='word_1_460' title='bbox 1485 4401 1782 4470; x_wconf 75' lang='lat' dir='ltr'><strong>suscepistis</strong></span> 
     </span>
    </p>
   </div>
   <div class='ocr_carea' id='block_1_61' title="bbox 178 4487 1783 4563">
    <p class='ocr_par' dir='ltr' id='par_1_61' title="bbox 178 4487 1783 4563">
     <span class='ocr_line' id='line_1_61' title="bbox 178 4487 1783 4563; baseline 0.001 -17"><span class='ocrx_word' id='word_1_461' title='bbox 178 4493 203 4563; x_wconf 87' lang='lat'><strong>(</strong></span> <span class='ocrx_word' id='word_1_462' title='bbox 231 4487 416 4546; x_wconf 80' lang='lat' dir='ltr'><strong>Hebr.</strong></span> <span class='ocrx_word' id='word_1_463' title='bbox 446 4504 524 4544; x_wconf 81' lang='lat' dir='ltr'><strong>xu</strong></span> <span class='ocrx_word' id='word_1_464' title='bbox 548 4488 602 4561; x_wconf 88' lang='lat'><strong>),</strong></span> <span class='ocrx_word' id='word_1_465' title='bbox 634 4496 689 4544; x_wconf 88' lang='lat' dir='ltr'><strong>et</strong></span> <span class='ocrx_word' id='word_1_466' title='bbox 715 4489 782 4545; x_wconf 88' lang='lat' dir='ltr'><strong>de</strong></span> <span class='ocrx_word' id='word_1_467' title='bbox 809 4489 1004 4559; x_wconf 91' lang='lat' dir='ltr'><strong>quibus</strong></span> <span class='ocrx_word' id='word_1_468' title='bbox 1031 4488 1198 4545; x_wconf 86' lang='lat' dir='ltr'><strong>Isaias</strong></span> <span class='ocrx_word' id='word_1_469' title='bbox 1223 4507 1238 4543; x_wconf 88' lang='lat'><strong>:</strong></span> <span class='ocrx_word' id='word_1_470' title='bbox 1284 4489 1389 4556; x_wconf 82' lang='lat' dir='ltr'><strong>Qui</strong></span> <span class='ocrx_word' id='word_1_471' title='bbox 1430 4493 1667 4558; x_wconf 81' lang='lat' dir='ltr'><strong>recessit,</strong></span> <span class='ocrx_word' id='word_1_472' title='bbox 1700 4493 1783 4547; x_wconf 85' lang='lat' dir='ltr'><strong>in-</strong></span> 
     </span>
    </p>
   </div>
   <div class='ocr_carea' id='block_1_62' title="bbox 171 4577 1777 4657">
    <p class='ocr_par' dir='ltr' id='par_1_62' title="bbox 171 4577 1777 4657">
     <span class='ocr_line' id='line_1_62' title="bbox 171 4577 1777 4657; baseline 0.002 -21"><span class='ocrx_word' id='word_1_473' title='bbox 171 4582 343 4654; x_wconf 86' lang='lat' dir='ltr'><strong>quit,</strong></span> <span class='ocrx_word' id='word_1_474' title='bbox 373 4579 438 4634; x_wconf 83' lang='lat' dir='ltr'><strong>ab</strong></span> <span class='ocrx_word' id='word_1_475' title='bbox 467 4577 744 4650; x_wconf 78' lang='lat' dir='ltr'><strong>iniquitd‘le</strong></span> <span class='ocrx_word' id='word_1_476' title='bbox 766 4590 815 4635; x_wconf 86' lang='lat' dir='ltr'><strong>et</strong></span> <span class='ocrx_word' id='word_1_477' title='bbox 842 4580 1005 4647; x_wconf 90' lang='lat' dir='ltr'><strong>malo,</strong></span> <span class='ocrx_word' id='word_1_478' title='bbox 1038 4581 1234 4652; x_wconf 67' lang='lat' dir='ltr'><strong>prada:</strong></span> <span class='ocrx_word' id='word_1_479' title='bbox 1259 4582 1429 4653; x_wconf 89' lang='lat' dir='ltr'><strong>patuit</strong></span> <span class='ocrx_word' id='word_1_480' title='bbox 1459 4582 1614 4655; x_wconf 86' lang='lat' dir='ltr'><strong>(Isai.</strong></span> <span class='ocrx_word' id='word_1_481' title='bbox 1641 4585 1777 4657; x_wconf 64' lang='grc' dir='ltr'><strong>ιη).</strong></span> 
     </span>
    </p>
   </div>
   <div class='ocr_carea' id='block_1_63' title="bbox 1889 2024 3476 2103">
    <p class='ocr_par' dir='ltr' id='par_1_63' title="bbox 1889 2024 3476 2103">
     <span class='ocr_line' id='line_1_63' title="bbox 1889 2024 3476 2103; baseline 0.005 -24"><span class='ocrx_word' id='word_1_482' title='bbox 1889 2024 2149 2082; x_wconf 80' lang='lat' dir='ltr'><strong>donavit?</strong></span> <span class='ocrx_word' id='word_1_483' title='bbox 2175 2026 2369 2097; x_wconf 83' lang='lat' dir='ltr'><strong>(Rom.</strong></span> <span class='ocrx_word' id='word_1_484' title='bbox 2400 2028 2562 2102; x_wconf 86' lang='lat' dir='ltr'><strong>vm.)</strong></span> <span class='ocrx_word' id='word_1_485' title='bbox 2599 2028 2782 2086; x_wconf 89' lang='lat' dir='ltr'><strong>Simus</strong></span> <span class='ocrx_word' id='word_1_486' title='bbox 2815 2045 2948 2103; x_wconf 91' lang='lat' dir='ltr'><strong>ergo</strong></span> <span class='ocrx_word' id='word_1_487' title='bbox 2977 2039 3035 2086; x_wconf 87' lang='lat' dir='ltr'><strong>et</strong></span> <span class='ocrx_word' id='word_1_488' title='bbox 3072 2046 3172 2087; x_wconf 90' lang='lat' dir='ltr'><strong>nos</strong></span> <span class='ocrx_word' id='word_1_489' title='bbox 3208 2039 3476 2101; x_wconf 88' lang='lat' dir='ltr'><strong>tanquam</strong></span> 
     </span>
    </p>
   </div>
   <div class='ocr_carea' id='block_1_64' title="bbox 1889 2116 3480 2194">
    <p class='ocr_par' dir='ltr' id='par_1_64' title="bbox 1889 2116 3480 2194">
     <span class='ocr_line' id='line_1_64' title="bbox 1889 2116 3480 2194; baseline 0.006 -24"><span class='ocrx_word' id='word_1_490' title='bbox 1889 2116 2025 2171; x_wconf 87' lang='lat' dir='ltr'><strong>nihil</strong></span> <span class='ocrx_word' id='word_1_491' title='bbox 2052 2117 2314 2174; x_wconf 84' lang='lat' dir='ltr'><strong>habentes</strong></span> <span class='ocrx_word' id='word_1_492' title='bbox 2344 2118 2397 2174; x_wconf 94' lang='lat' dir='ltr'><strong>in</strong></span> <span class='ocrx_word' id='word_1_493' title='bbox 2427 2120 2532 2176; x_wconf 89' lang='lat' dir='ltr'><strong>hoc</strong></span> <span class='ocrx_word' id='word_1_494' title='bbox 2556 2120 2789 2189; x_wconf 64' lang='lat' dir='ltr'><strong>saeculo,</strong></span> <span class='ocrx_word' id='word_1_495' title='bbox 2820 2136 2929 2178; x_wconf 90' lang='lat' dir='ltr'><strong>nou</strong></span> <span class='ocrx_word' id='word_1_496' title='bbox 2957 2123 3208 2194; x_wconf 90' lang='lat' dir='ltr'><strong>ponendo</strong></span> <span class='ocrx_word' id='word_1_497' title='bbox 3234 2137 3388 2193; x_wconf 89' lang='lat' dir='ltr'><strong>spem</strong></span> <span class='ocrx_word' id='word_1_498' title='bbox 3417 2124 3480 2179; x_wconf 94' lang='lat' dir='ltr'><strong>in</strong></span> 
     </span>
    </p>
   </div>
   <div class='ocr_carea' id='block_1_65' title="bbox 1887 2211 2757 2271">
    <p class='ocr_par' dir='ltr' id='par_1_65' title="bbox 1887 2211 2757 2271">
     <span class='ocr_line' id='line_1_65' title="bbox 1887 2211 2757 2271; baseline 0.005 -7"><span class='ocrx_word' id='word_1_499' title='bbox 1887 2211 2216 2268; x_wconf 88' lang='lat' dir='ltr'><strong>transitoriis</strong></span> <span class='ocrx_word' id='word_1_500' title='bbox 2244 2214 2408 2268; x_wconf 90' lang='lat' dir='ltr'><strong>rebus</strong></span> <span class='ocrx_word' id='word_1_501' title='bbox 2434 2221 2492 2269; x_wconf 90' lang='lat' dir='ltr'><strong>et</strong></span> <span class='ocrx_word' id='word_1_502' title='bbox 2517 2213 2757 2271; x_wconf 85' lang='lat' dir='ltr'><strong>caducis.</strong></span> 
     </span>
    </p>
   </div>
   <div class='ocr_carea' id='block_1_66' title="bbox 1957 2307 3482 2383">
    <p class='ocr_par' dir='ltr' id='par_1_66' title="bbox 1957 2307 3482 2383">
     <span class='ocr_line' id='line_1_66' title="bbox 1957 2307 3482 2383; baseline 0.003 -21"><span class='ocrx_word' id='word_1_503' title='bbox 1957 2307 2304 2365; x_wconf 85' lang='lat' dir='ltr'><strong>Possidemus</strong></span> <span class='ocrx_word' id='word_1_504' title='bbox 2341 2308 2485 2365; x_wconf 91' lang='lat' dir='ltr'><strong>enim</strong></span> <span class='ocrx_word' id='word_1_505' title='bbox 2524 2309 2704 2365; x_wconf 89' lang='lat' dir='ltr'><strong>omnia</strong></span> <span class='ocrx_word' id='word_1_506' title='bbox 2735 2325 2860 2366; x_wconf 90' lang='lat' dir='ltr'><strong>cum</strong></span> <span class='ocrx_word' id='word_1_507' title='bbox 2891 2310 3140 2379; x_wconf 90' lang='lat' dir='ltr'><strong>Christo,</strong></span> <span class='ocrx_word' id='word_1_508' title='bbox 3172 2311 3397 2383; x_wconf 86' lang='lat' dir='ltr'><strong>insuper</strong></span> <span class='ocrx_word' id='word_1_509' title='bbox 3422 2319 3482 2368; x_wconf 93' lang='lat' dir='ltr'><strong>et</strong></span> 
     </span>
    </p>
   </div>
   <div class='ocr_carea' id='block_1_67' title="bbox 1887 2397 3481 2475">
    <p class='ocr_par' dir='ltr' id='par_1_67' title="bbox 1887 2397 3481 2475">
     <span class='ocr_line' id='line_1_67' title="bbox 1887 2397 3481 2475; baseline 0.004 -21"><span class='ocrx_word' id='word_1_510' title='bbox 1887 2397 2065 2469; x_wconf 89' lang='lat' dir='ltr'><strong>ipsum</strong></span> <span class='ocrx_word' id='word_1_511' title='bbox 2103 2414 2226 2455; x_wconf 91' lang='lat' dir='ltr'><strong>cum</strong></span> <span class='ocrx_word' id='word_1_512' title='bbox 2264 2398 2377 2455; x_wconf 91' lang='lat' dir='ltr'><strong>Deo</strong></span> <span class='ocrx_word' id='word_1_513' title='bbox 2408 2398 2572 2455; x_wconf 87' lang='lat' dir='ltr'><strong>Patre</strong></span> <span class='ocrx_word' id='word_1_514' title='bbox 2605 2408 2664 2456; x_wconf 90' lang='lat' dir='ltr'><strong>et</strong></span> <span class='ocrx_word' id='word_1_515' title='bbox 2699 2400 2905 2472; x_wconf 90' lang='lat' dir='ltr'><strong>Spiritu</strong></span> <span class='ocrx_word' id='word_1_516' title='bbox 2943 2411 3137 2459; x_wconf 88' lang='lat' dir='ltr'><strong>sancto</strong></span> <span class='ocrx_word' id='word_1_517' title='bbox 3180 2404 3481 2475; x_wconf 87' lang='lat' dir='ltr'><strong>possidebi-</strong></span> 
     </span>
    </p>
   </div>
   <div class='ocr_carea' id='block_1_68' title="bbox 1885 2490 3483 2565">
    <p class='ocr_par' dir='ltr' id='par_1_68' title="bbox 1885 2490 3483 2565">
     <span class='ocr_line' id='line_1_68' title="bbox 1885 2490 3483 2565; baseline 0.004 -18"><span class='ocrx_word' id='word_1_518' title='bbox 1885 2505 2026 2547; x_wconf 93' lang='lat' dir='ltr'><strong>mus.</strong></span> <span class='ocrx_word' id='word_1_519' title='bbox 2057 2490 2190 2548; x_wconf 87' lang='lat' dir='ltr'><strong>Nam</strong></span> <span class='ocrx_word' id='word_1_520' title='bbox 2220 2491 2362 2548; x_wconf 89' lang='lat' dir='ltr'><strong>sicut</strong></span> <span class='ocrx_word' id='word_1_521' title='bbox 2386 2492 2518 2549; x_wconf 89' lang='lat' dir='ltr'><strong>dicit</strong></span> <span class='ocrx_word' id='word_1_522' title='bbox 2542 2493 2797 2551; x_wconf 87' lang='lat' dir='ltr'><strong>Salomon</strong></span> <span class='ocrx_word' id='word_1_523' title='bbox 2815 2535 2830 2561; x_wconf 94' lang='lat'><strong>,</strong></span> <span class='ocrx_word' id='word_1_524' title='bbox 2857 2494 2949 2565; x_wconf 90' lang='lat' dir='ltr'><strong>qui</strong></span> <span class='ocrx_word' id='word_1_525' title='bbox 2978 2494 3154 2553; x_wconf 82' lang='lat' dir='ltr'><strong>ﬁdelis</strong></span> <span class='ocrx_word' id='word_1_526' title='bbox 3185 2506 3300 2562; x_wconf 90' lang='lat' dir='ltr'><strong>est,</strong></span> <span class='ocrx_word' id='word_1_527' title='bbox 3332 2504 3483 2554; x_wconf 88' lang='lat' dir='ltr'><strong>totus</strong></span> 
     </span>
    </p>
   </div>
   <div class='ocr_carea' id='block_1_69' title="bbox 1886 2584 3473 2659">
    <p class='ocr_par' dir='ltr' id='par_1_69' title="bbox 1886 2584 3473 2659">
     <span class='ocr_line' id='line_1_69' title="bbox 1886 2584 3473 2659; baseline 0.002 -19"><span class='ocrx_word' id='word_1_528' title='bbox 1886 2584 2125 2641; x_wconf 90' lang='lat' dir='ltr'><strong>mundus</strong></span> <span class='ocrx_word' id='word_1_529' title='bbox 2163 2584 2476 2641; x_wconf 88' lang='lat' dir='ltr'><strong>divitiarum</strong></span> <span class='ocrx_word' id='word_1_530' title='bbox 2512 2584 2658 2643; x_wconf 88' lang='lat' dir='ltr'><strong>illius</strong></span> <span class='ocrx_word' id='word_1_531' title='bbox 2696 2595 2815 2652; x_wconf 90' lang='lat' dir='ltr'><strong>est,</strong></span> <span class='ocrx_word' id='word_1_532' title='bbox 2856 2588 2985 2658; x_wconf 90' lang='lat' dir='ltr'><strong>quia</strong></span> <span class='ocrx_word' id='word_1_533' title='bbox 3025 2602 3134 2643; x_wconf 93' lang='lat' dir='ltr'><strong>non</strong></span> <span class='ocrx_word' id='word_1_534' title='bbox 3169 2588 3375 2659; x_wconf 90' lang='lat' dir='ltr'><strong>appetit</strong></span> <span class='ocrx_word' id='word_1_535' title='bbox 3406 2603 3473 2645; x_wconf 89' lang='lat' dir='ltr'><strong>ea</strong></span> 
     </span>
    </p>
   </div>
   <div class='ocr_carea' id='block_1_70' title="bbox 1889 2675 3474 2750">
    <p class='ocr_par' dir='ltr' id='par_1_70' title="bbox 1889 2675 3474 2750">
     <span class='ocr_line' id='line_1_70' title="bbox 1889 2675 3474 2750; baseline 0.004 -21"><span class='ocrx_word' id='word_1_536' title='bbox 1889 2690 2012 2746; x_wconf 83' lang='lat' dir='ltr'><strong>quae</strong></span> <span class='ocrx_word' id='word_1_537' title='bbox 2042 2675 2097 2730; x_wconf 92' lang='lat' dir='ltr'><strong>in</strong></span> <span class='ocrx_word' id='word_1_538' title='bbox 2125 2675 2328 2732; x_wconf 91' lang='lat' dir='ltr'><strong>mundo</strong></span> <span class='ocrx_word' id='word_1_539' title='bbox 2355 2683 2519 2742; x_wconf 92' lang='lat' dir='ltr'><strong>sunt,</strong></span> <span class='ocrx_word' id='word_1_540' title='bbox 2550 2690 2885 2747; x_wconf 89' lang='lat' dir='ltr'><strong>cognoscens</strong></span> <span class='ocrx_word' id='word_1_541' title='bbox 2921 2678 3113 2749; x_wconf 90' lang='lat' dir='ltr'><strong>procul</strong></span> <span class='ocrx_word' id='word_1_542' title='bbox 3149 2679 3313 2735; x_wconf 90' lang='lat' dir='ltr'><strong>dubio</strong></span> <span class='ocrx_word' id='word_1_543' title='bbox 3345 2680 3474 2750; x_wconf 88' lang='lat' dir='ltr'><strong>quia</strong></span> 
     </span>
    </p>
   </div>
   <div class='ocr_carea' id='block_1_71' title="bbox 1883 2764 3467 2837">
    <p class='ocr_par' dir='ltr' id='par_1_71' title="bbox 1883 2764 3467 2837">
     <span class='ocr_line' id='line_1_71' title="bbox 1883 2764 3467 2837; baseline 0.004 -18"><span class='ocrx_word' id='word_1_544' title='bbox 1883 2764 2119 2820; x_wconf 86' lang='lat' dir='ltr'><strong>mundus</strong></span> <span class='ocrx_word' id='word_1_545' title='bbox 2157 2765 2412 2821; x_wconf 89' lang='lat' dir='ltr'><strong>transibit</strong></span> <span class='ocrx_word' id='word_1_546' title='bbox 2440 2774 2498 2820; x_wconf 92' lang='lat' dir='ltr'><strong>et</strong></span> <span class='ocrx_word' id='word_1_547' title='bbox 2523 2766 2961 2837; x_wconf 90' lang='lat' dir='ltr'><strong>concupiscentia</strong></span> <span class='ocrx_word' id='word_1_548' title='bbox 2989 2765 3140 2837; x_wconf 88' lang='lat' dir='ltr'><strong>ejus,</strong></span> <span class='ocrx_word' id='word_1_549' title='bbox 3174 2777 3231 2824; x_wconf 92' lang='lat' dir='ltr'><strong>et</strong></span> <span class='ocrx_word' id='word_1_550' title='bbox 3266 2768 3321 2823; x_wconf 88' lang='lat' dir='ltr'><strong>in</strong></span> <span class='ocrx_word' id='word_1_551' title='bbox 3362 2769 3467 2826; x_wconf 91' lang='lat' dir='ltr'><strong>hoc</strong></span> 
     </span>
    </p>
   </div>
   <div class='ocr_carea' id='block_1_72' title="bbox 1885 2853 3487 2927">
    <p class='ocr_par' dir='ltr' id='par_1_72' title="bbox 1885 2853 3487 2927">
     <span class='ocr_line' id='line_1_72' title="bbox 1885 2853 3487 2927; baseline 0.005 -20"><span class='ocrx_word' id='word_1_552' title='bbox 1885 2854 2031 2923; x_wconf 91' lang='lat' dir='ltr'><strong>quod</strong></span> <span class='ocrx_word' id='word_1_553' title='bbox 2053 2868 2161 2909; x_wconf 89' lang='lat' dir='ltr'><strong>non</strong></span> <span class='ocrx_word' id='word_1_554' title='bbox 2185 2853 2389 2923; x_wconf 90' lang='lat' dir='ltr'><strong>appetit</strong></span> <span class='ocrx_word' id='word_1_555' title='bbox 2410 2868 2510 2910; x_wconf 91' lang='lat' dir='ltr'><strong>nec</strong></span> <span class='ocrx_word' id='word_1_556' title='bbox 2530 2855 2726 2925; x_wconf 71' lang='lat' dir='ltr'><strong>qumrit</strong></span> <span class='ocrx_word' id='word_1_557' title='bbox 2747 2855 2950 2912; x_wconf 89' lang='lat' dir='ltr'><strong>habere</strong></span> <span class='ocrx_word' id='word_1_558' title='bbox 2972 2856 3077 2913; x_wconf 91' lang='lat' dir='ltr'><strong>nisi</strong></span> <span class='ocrx_word' id='word_1_559' title='bbox 3103 2858 3248 2927; x_wconf 89' lang='lat' dir='ltr'><strong>quod</strong></span> <span class='ocrx_word' id='word_1_560' title='bbox 3277 2858 3443 2915; x_wconf 88' lang='lat' dir='ltr'><strong>habet</strong></span> <span class='ocrx_word' id='word_1_561' title='bbox 3458 2880 3487 2926; x_wconf 61' lang='grc' dir='ltr'><strong>,ί</strong></span> 
     </span>
    </p>
   </div>
   <div class='ocr_carea' id='block_1_73' title="bbox 1884 2943 3473 3020">
    <p class='ocr_par' dir='ltr' id='par_1_73' title="bbox 1884 2943 3473 3020">
     <span class='ocr_line' id='line_1_73' title="bbox 1884 2943 3473 3020; baseline 0.004 -22"><span class='ocrx_word' id='word_1_562' title='bbox 1884 2943 2040 3013; x_wconf 89' lang='lat' dir='ltr'><strong>quasi</strong></span> <span class='ocrx_word' id='word_1_563' title='bbox 2069 2943 2253 2997; x_wconf 89' lang='lat' dir='ltr'><strong>omnia</strong></span> <span class='ocrx_word' id='word_1_564' title='bbox 2281 2943 2541 3014; x_wconf 90' lang='lat' dir='ltr'><strong>possidet.</strong></span> <span class='ocrx_word' id='word_1_565' title='bbox 2568 2943 2760 3000; x_wconf 62' lang='lat' dir='ltr'><strong>vNemo</strong></span> <span class='ocrx_word' id='word_1_566' title='bbox 2800 2946 2945 3002; x_wconf 88' lang='lat' dir='ltr'><strong>enim</strong></span> <span class='ocrx_word' id='word_1_567' title='bbox 2968 2946 3091 3018; x_wconf 89' lang='lat' dir='ltr'><strong>plus</strong></span> <span class='ocrx_word' id='word_1_568' title='bbox 3118 2948 3283 3004; x_wconf 89' lang='lat' dir='ltr'><strong>habet</strong></span> <span class='ocrx_word' id='word_1_569' title='bbox 3312 2965 3473 3020; x_wconf 76' lang='lat' dir='ltr'><strong>quam</strong></span> 
     </span>
    </p>
   </div>
   <div class='ocr_carea' id='block_1_74' title="bbox 1882 3031 3467 3105">
    <p class='ocr_par' dir='ltr' id='par_1_74' title="bbox 1882 3031 3467 3105">
     <span class='ocr_line' id='line_1_74' title="bbox 1882 3031 3467 3105; baseline 0.006 -18"><span class='ocrx_word' id='word_1_570' title='bbox 1882 3032 1975 3104; x_wconf 91' lang='lat' dir='ltr'><strong>qui</strong></span> <span class='ocrx_word' id='word_1_571' title='bbox 2011 3031 2158 3087; x_wconf 91' lang='lat' dir='ltr'><strong>nullo</strong></span> <span class='ocrx_word' id='word_1_572' title='bbox 2189 3031 2430 3105; x_wconf 89' lang='lat' dir='ltr'><strong>indiget;</strong></span> <span class='ocrx_word' id='word_1_573' title='bbox 2462 3042 2518 3088; x_wconf 89' lang='lat' dir='ltr'><strong>et</strong></span> <span class='ocrx_word' id='word_1_574' title='bbox 2548 3041 2729 3090; x_wconf 89' lang='lat' dir='ltr'><strong>tamen</strong></span> <span class='ocrx_word' id='word_1_575' title='bbox 2764 3051 2890 3091; x_wconf 89' lang='lat' dir='ltr'><strong>cum</strong></span> <span class='ocrx_word' id='word_1_576' title='bbox 2928 3037 3124 3094; x_wconf 85' lang='lat' dir='ltr'><strong>divites</strong></span> <span class='ocrx_word' id='word_1_577' title='bbox 3162 3040 3329 3096; x_wconf 90' lang='lat' dir='ltr'><strong>multa</strong></span> <span class='ocrx_word' id='word_1_578' title='bbox 3369 3041 3467 3097; x_wconf 86' lang='lat' dir='ltr'><strong>ha-</strong></span> 
     </span>
    </p>
   </div>
   <div class='ocr_carea' id='block_1_75' title="bbox 1883 3123 3586 3197">
    <p class='ocr_par' dir='ltr' id='par_1_75' title="bbox 1883 3123 3586 3197">
     <span class='ocr_line' id='line_1_75' title="bbox 1883 3123 3586 3197; baseline 0.006 -18"><span class='ocrx_word' id='word_1_579' title='bbox 1883 3123 2080 3189; x_wconf 88' lang='lat' dir='ltr'><strong>beant,</strong></span> <span class='ocrx_word' id='word_1_580' title='bbox 2112 3124 2298 3180; x_wconf 85' lang='lat' dir='ltr'><strong>multis</strong></span> <span class='ocrx_word' id='word_1_581' title='bbox 2326 3125 2570 3195; x_wconf 86' lang='lat' dir='ltr'><strong>indigent</strong></span> <span class='ocrx_word' id='word_1_582' title='bbox 2598 3127 2721 3197; x_wconf 89' lang='lat' dir='ltr'><strong>quia</strong></span> <span class='ocrx_word' id='word_1_583' title='bbox 2758 3126 2881 3196; x_wconf 90' lang='lat' dir='ltr'><strong>plus</strong></span> <span class='ocrx_word' id='word_1_584' title='bbox 2917 3127 3229 3186; x_wconf 86' lang='lat' dir='ltr'><strong>desiderant</strong></span> <span class='ocrx_word' id='word_1_585' title='bbox 3263 3129 3467 3188; x_wconf 87' lang='lat' dir='ltr'><strong>habere</strong></span> <span class='ocrx_word' id='word_1_586' title='bbox 3568 3140 3586 3151; x_wconf 80' lang='grc'><em>”</em></span> 
     </span>
    </p>
   </div>
   <div class='ocr_carea' id='block_1_76' title="bbox 1887 3214 3487 3292">
    <p class='ocr_par' dir='ltr' id='par_1_76' title="bbox 1887 3214 3487 3292">
     <span class='ocr_line' id='line_1_76' title="bbox 1887 3214 3487 3292; baseline 0.006 -23"><span class='ocrx_word' id='word_1_587' title='bbox 1887 3230 2050 3286; x_wconf 89' lang='lat' dir='ltr'><strong>quam</strong></span> <span class='ocrx_word' id='word_1_588' title='bbox 2094 3214 2315 3271; x_wconf 87' lang='lat' dir='ltr'><strong>habent.</strong></span> <span class='ocrx_word' id='word_1_589' title='bbox 2359 3216 2452 3272; x_wconf 88' lang='lat' dir='ltr'><strong>llle</strong></span> <span class='ocrx_word' id='word_1_590' title='bbox 2492 3226 2675 3272; x_wconf 89' lang='lat' dir='ltr'><strong>autem</strong></span> <span class='ocrx_word' id='word_1_591' title='bbox 2713 3217 2860 3273; x_wconf 91' lang='lat' dir='ltr'><strong>nullo</strong></span> <span class='ocrx_word' id='word_1_592' title='bbox 2896 3218 3133 3291; x_wconf 90' lang='lat' dir='ltr'><strong>indiget,</strong></span> <span class='ocrx_word' id='word_1_593' title='bbox 3158 3221 3251 3291; x_wconf 92' lang='lat' dir='ltr'><strong>qui</strong></span> <span class='ocrx_word' id='word_1_594' title='bbox 3280 3231 3487 3292; x_wconf 82' lang='lat' dir='ltr'><strong>praeter</strong></span> 
     </span>
    </p>
   </div>
   <div class='ocr_carea' id='block_1_77' title="bbox 1890 3300 3474 3380">
    <p class='ocr_par' dir='ltr' id='par_1_77' title="bbox 1890 3300 3474 3380">
     <span class='ocr_line' id='line_1_77' title="bbox 1890 3300 3474 3380; baseline 0.006 -17"><span class='ocrx_word' id='word_1_595' title='bbox 1890 3300 2197 3363; x_wconf 78' lang='lat' dir='ltr'><strong>necessaria</strong></span> <span class='ocrx_word' id='word_1_596' title='bbox 2220 3309 2418 3376; x_wconf 86' lang='lat' dir='ltr'><strong>victus,</strong></span> <span class='ocrx_word' id='word_1_597' title='bbox 2440 3309 2748 3367; x_wconf 88' lang='lat' dir='ltr'><strong>vestimenti</strong></span> <span class='ocrx_word' id='word_1_598' title='bbox 2771 3318 2823 3367; x_wconf 92' lang='lat' dir='ltr'><strong>et</strong></span> <span class='ocrx_word' id='word_1_599' title='bbox 2846 3310 3197 3369; x_wconf 89' lang='lat' dir='ltr'><strong>calceamenti</strong></span> <span class='ocrx_word' id='word_1_600' title='bbox 3214 3355 3230 3380; x_wconf 90' lang='lat'><strong>,</strong></span> <span class='ocrx_word' id='word_1_601' title='bbox 3252 3330 3362 3371; x_wconf 90' lang='lat' dir='ltr'><strong>non</strong></span> <span class='ocrx_word' id='word_1_602' title='bbox 3382 3331 3474 3372; x_wconf 84' lang='lat' dir='ltr'><strong>re-</strong></span> 
     </span>
    </p>
   </div>
   <div class='ocr_carea' id='block_1_78' title="bbox 1886 3400 3469 3478">
    <p class='ocr_par' dir='ltr' id='par_1_78' title="bbox 1886 3400 3469 3478">
     <span class='ocr_line' id='line_1_78' title="bbox 1886 3400 3469 3478; baseline 0.007 -25"><span class='ocrx_word' id='word_1_603' title='bbox 1886 3400 2088 3470; x_wconf 87' lang='lat' dir='ltr'><strong>quirit,</strong></span> <span class='ocrx_word' id='word_1_604' title='bbox 2121 3407 2408 3457; x_wconf 89' lang='lat' dir='ltr'><strong>contentus</strong></span> <span class='ocrx_word' id='word_1_605' title='bbox 2442 3401 2528 3457; x_wconf 91' lang='lat' dir='ltr'><strong>his</strong></span> <span class='ocrx_word' id='word_1_606' title='bbox 2557 3416 2677 3472; x_wconf 71' lang='lat' dir='ltr'><strong>qua:</strong></span> <span class='ocrx_word' id='word_1_607' title='bbox 2702 3403 2887 3458; x_wconf 91' lang='lat' dir='ltr'><strong>habet.</strong></span> <span class='ocrx_word' id='word_1_608' title='bbox 2917 3402 2974 3458; x_wconf 93' lang='lat' dir='ltr'><strong>ln</strong></span> <span class='ocrx_word' id='word_1_609' title='bbox 3007 3404 3092 3461; x_wconf 92' lang='lat' dir='ltr'><strong>his</strong></span> <span class='ocrx_word' id='word_1_610' title='bbox 3120 3420 3253 3478; x_wconf 89' lang='lat' dir='ltr'><strong>ergo</strong></span> <span class='ocrx_word' id='word_1_611' title='bbox 3290 3409 3469 3463; x_wconf 85' lang='lat' dir='ltr'><strong>omni-</strong></span> 
     </span>
    </p>
   </div>
   <div class='ocr_carea' id='block_1_79' title="bbox 1885 3490 3466 3568">
    <p class='ocr_par' dir='ltr' id='par_1_79' title="bbox 1885 3490 3466 3568">
     <span class='ocr_line' id='line_1_79' title="bbox 1885 3490 3466 3568; baseline 0.004 -21"><span class='ocrx_word' id='word_1_612' title='bbox 1885 3490 1987 3547; x_wconf 90' lang='lat' dir='ltr'><strong>bus</strong></span> <span class='ocrx_word' id='word_1_613' title='bbox 2014 3490 2291 3546; x_wconf 90' lang='lat' dir='ltr'><strong>imitemur</strong></span> <span class='ocrx_word' id='word_1_614' title='bbox 2321 3499 2540 3548; x_wconf 88' lang='lat' dir='ltr'><strong>sanctos</strong></span> <span class='ocrx_word' id='word_1_615' title='bbox 2570 3493 2878 3563; x_wconf 85' lang='lat' dir='ltr'><strong>apostolos,</strong></span> <span class='ocrx_word' id='word_1_616' title='bbox 2911 3494 3165 3551; x_wconf 89' lang='lat' dir='ltr'><strong>doctores</strong></span> <span class='ocrx_word' id='word_1_617' title='bbox 3194 3505 3251 3552; x_wconf 91' lang='lat' dir='ltr'><strong>et</strong></span> <span class='ocrx_word' id='word_1_618' title='bbox 3279 3504 3466 3568; x_wconf 89' lang='lat' dir='ltr'><strong>patro-</strong></span> 
     </span>
    </p>
   </div>
   <div class='ocr_carea' id='block_1_80' title="bbox 1886 3581 3469 3657">
    <p class='ocr_par' dir='ltr' id='par_1_80' title="bbox 1886 3581 3469 3657">
     <span class='ocr_line' id='line_1_80' title="bbox 1886 3581 3469 3657; baseline 0.005 -22"><span class='ocrx_word' id='word_1_619' title='bbox 1886 3594 1987 3636; x_wconf 89' lang='lat' dir='ltr'><strong>nos</strong></span> <span class='ocrx_word' id='word_1_620' title='bbox 2013 3589 2230 3637; x_wconf 88' lang='lat' dir='ltr'><strong>nostros</strong></span> <span class='ocrx_word' id='word_1_621' title='bbox 2247 3622 2262 3646; x_wconf 93' lang='lat'><strong>,</strong></span> <span class='ocrx_word' id='word_1_622' title='bbox 2293 3581 2433 3636; x_wconf 91' lang='lat' dir='ltr'><strong>sicut</strong></span> <span class='ocrx_word' id='word_1_623' title='bbox 2462 3581 2558 3636; x_wconf 89' lang='lat' dir='ltr'><strong>ﬁlii</strong></span> <span class='ocrx_word' id='word_1_624' title='bbox 2587 3582 2713 3639; x_wconf 88' lang='lat' dir='ltr'><strong>boni</strong></span> <span class='ocrx_word' id='word_1_625' title='bbox 2741 3582 3026 3638; x_wconf 89' lang='lat' dir='ltr'><strong>imitantur</strong></span> <span class='ocrx_word' id='word_1_626' title='bbox 3053 3583 3223 3641; x_wconf 91' lang='lat' dir='ltr'><strong>bonos</strong></span> <span class='ocrx_word' id='word_1_627' title='bbox 3248 3595 3432 3657; x_wconf 90' lang='lat' dir='ltr'><strong>patres</strong></span> <span class='ocrx_word' id='word_1_628' title='bbox 3450 3627 3469 3655; x_wconf 96' lang='lat'><strong>,</strong></span> 
     </span>
    </p>
   </div>
   <div class='ocr_carea' id='block_1_81' title="bbox 1884 3670 3465 3743">
    <p class='ocr_par' dir='ltr' id='par_1_81' title="bbox 1884 3670 3465 3743">
     <span class='ocr_line' id='line_1_81' title="bbox 1884 3670 3465 3743; baseline 0.005 -19"><span class='ocrx_word' id='word_1_629' title='bbox 1884 3679 1945 3725; x_wconf 90' lang='lat' dir='ltr'><strong>ut</strong></span> <span class='ocrx_word' id='word_1_630' title='bbox 1978 3670 2120 3725; x_wconf 89' lang='lat' dir='ltr'><strong>inter</strong></span> <span class='ocrx_word' id='word_1_631' title='bbox 2153 3672 2380 3726; x_wconf 81' lang='lat' dir='ltr'><strong>adversa</strong></span> <span class='ocrx_word' id='word_1_632' title='bbox 2418 3678 2475 3726; x_wconf 90' lang='lat' dir='ltr'><strong>et</strong></span> <span class='ocrx_word' id='word_1_633' title='bbox 2509 3686 2769 3742; x_wconf 86' lang='lat' dir='ltr'><strong>prospera</strong></span> <span class='ocrx_word' id='word_1_634' title='bbox 2804 3673 3079 3743; x_wconf 87' lang='lat' dir='ltr'><strong>patienter</strong></span> <span class='ocrx_word' id='word_1_635' title='bbox 3116 3675 3465 3743; x_wconf 86' lang='lat' dir='ltr'><strong>incedamus,</strong></span> 
     </span>
    </p>
   </div>
   <div class='ocr_carea' id='block_1_82' title="bbox 1833 3763 3495 3841">
    <p class='ocr_par' dir='ltr' id='par_1_82' title="bbox 1833 3763 3495 3841">
     <span class='ocr_line' id='line_1_82' title="bbox 1833 3763 3495 3841; baseline 0.005 -24"><span class='ocrx_word' id='word_1_636' title='bbox 1833 3821 1845 3833; x_wconf 85' lang='lat'>_</span> <span class='ocrx_word' id='word_1_637' title='bbox 1883 3763 2203 3841; x_wconf 81' lang='lat' dir='ltr'><strong>exhibentes</strong></span> <span class='ocrx_word' id='word_1_638' title='bbox 2231 3778 2331 3820; x_wconf 90' lang='lat' dir='ltr'><strong>nos</strong></span> <span class='ocrx_word' id='word_1_639' title='bbox 2358 3764 2498 3819; x_wconf 91' lang='lat' dir='ltr'><strong>sicut</strong></span> <span class='ocrx_word' id='word_1_640' title='bbox 2526 3764 2619 3819; x_wconf 89' lang='lat' dir='ltr'><strong>Dei</strong></span> <span class='ocrx_word' id='word_1_641' title='bbox 2649 3766 2958 3833; x_wconf 89' lang='lat' dir='ltr'><strong>ministros,</strong></span> <span class='ocrx_word' id='word_1_642' title='bbox 2989 3768 3245 3837; x_wconf 78' lang='lat' dir='ltr'><strong>quaniam</strong></span> <span class='ocrx_word' id='word_1_643' title='bbox 3274 3768 3319 3824; x_wconf 92' lang='lat' dir='ltr'><strong>si</strong></span> <span class='ocrx_word' id='word_1_644' title='bbox 3348 3784 3495 3839; x_wconf 71' lang='lat' dir='ltr'><strong>par-&#39;</strong></span> 
     </span>
    </p>
   </div>
   <div class='ocr_carea' id='block_1_83' title="bbox 1884 3853 3468 3926">
    <p class='ocr_par' dir='ltr' id='par_1_83' title="bbox 1884 3853 3468 3926">
     <span class='ocr_line' id='line_1_83' title="bbox 1884 3853 3468 3926; baseline 0.005 -18"><span class='ocrx_word' id='word_1_645' title='bbox 1884 3853 2075 3925; x_wconf 88' lang='lat' dir='ltr'><strong>ticipes</strong></span> <span class='ocrx_word' id='word_1_646' title='bbox 2104 3853 2371 3909; x_wconf 83' lang='lat' dir='ltr'><strong>fuerimus</strong></span> <span class='ocrx_word' id='word_1_647' title='bbox 2399 3855 2613 3909; x_wconf 91' lang='lat' dir='ltr'><strong>illorum</strong></span> <span class='ocrx_word' id='word_1_648' title='bbox 2644 3864 2865 3912; x_wconf 89' lang='lat' dir='ltr'><strong>actuum</strong></span> <span class='ocrx_word' id='word_1_649' title='bbox 2895 3858 2950 3913; x_wconf 91' lang='lat' dir='ltr'><strong>in</strong></span> <span class='ocrx_word' id='word_1_650' title='bbox 2978 3858 3082 3914; x_wconf 88' lang='lat' dir='ltr'><strong>hoc</strong></span> <span class='ocrx_word' id='word_1_651' title='bbox 3109 3859 3329 3926; x_wconf 84' lang='lat' dir='ltr'><strong>sacculo,</strong></span> <span class='ocrx_word' id='word_1_652' title='bbox 3356 3861 3468 3916; x_wconf 87' lang='lat' dir='ltr'><strong>eri-</strong></span> 
     </span>
    </p>
   </div>
   <div class='ocr_carea' id='block_1_84' title="bbox 1883 3947 3489 4022">
    <p class='ocr_par' dir='ltr' id='par_1_84' title="bbox 1883 3947 3489 4022">
     <span class='ocr_line' id='line_1_84' title="bbox 1883 3947 3489 4022; baseline 0.004 -20"><span class='ocrx_word' id='word_1_653' title='bbox 1883 3962 2004 4002; x_wconf 89' lang='lat' dir='ltr'><strong>mus</strong></span> <span class='ocrx_word' id='word_1_654' title='bbox 2015 3947 2201 4016; x_wconf 90' lang='lat' dir='ltr'><strong>utique</strong></span> <span class='ocrx_word' id='word_1_655' title='bbox 2215 3956 2494 4003; x_wconf 88' lang='lat' dir='ltr'><strong>consortes</strong></span> <span class='ocrx_word' id='word_1_656' title='bbox 2507 3948 2721 4003; x_wconf 89' lang='lat' dir='ltr'><strong>illorum</strong></span> <span class='ocrx_word' id='word_1_657' title='bbox 2740 3958 3070 4005; x_wconf 64' lang='lat' dir='ltr'><strong>aeternorum</strong></span> <span class='ocrx_word' id='word_1_658' title='bbox 3090 3954 3465 4022; x_wconf 70' lang='lat' dir='ltr'><strong>prazmiorum.</strong></span> <span class='ocrx_word' id='word_1_659' title='bbox 3484 3978 3489 3983; x_wconf 84' lang='lat'><strong>-</strong></span> 
     </span>
    </p>
   </div>
   <div class='ocr_carea' id='block_1_85' title="bbox 1955 4037 3472 4111">
    <p class='ocr_par' dir='ltr' id='par_1_85' title="bbox 1955 4037 3472 4111">
     <span class='ocr_line' id='line_1_85' title="bbox 1955 4037 3472 4111; baseline 0.007 -18"><span class='ocrx_word' id='word_1_660' title='bbox 1955 4037 2031 4093; x_wconf 92' lang='lat' dir='ltr'><strong>0s</strong></span> <span class='ocrx_word' id='word_1_661' title='bbox 2058 4049 2293 4094; x_wconf 86' lang='lat' dir='ltr'><strong>nostrum</strong></span> <span class='ocrx_word' id='word_1_662' title='bbox 2317 4050 2459 4111; x_wconf 85' lang='lat' dir='ltr'><strong>patet</strong></span> <span class='ocrx_word' id='word_1_663' title='bbox 2488 4042 2557 4095; x_wconf 87' lang='lat' dir='ltr'><strong>ad</strong></span> <span class='ocrx_word' id='word_1_664' title='bbox 2585 4058 2673 4096; x_wconf 79' lang='lat' dir='ltr'><strong>vos</strong></span> <span class='ocrx_word' id='word_1_665' title='bbox 2694 4083 2709 4108; x_wconf 94' lang='lat'><strong>,</strong></span> <span class='ocrx_word' id='word_1_666' title='bbox 2739 4058 2771 4097; x_wconf 93' lang='lat' dir='ltr'><strong>o</strong></span> <span class='ocrx_word' id='word_1_667' title='bbox 2796 4040 3086 4109; x_wconf 84' lang='lat' dir='ltr'><strong>Corinthii,</strong></span> <span class='ocrx_word' id='word_1_668' title='bbox 3114 4062 3206 4099; x_wconf 89' lang='lat' dir='ltr'><strong>cor</strong></span> <span class='ocrx_word' id='word_1_669' title='bbox 3235 4055 3472 4104; x_wconf 87' lang='lat' dir='ltr'><strong>nostrum</strong></span> 
     </span>
    </p>
   </div>
   <div class='ocr_carea' id='block_1_86' title="bbox 1883 4127 3455 4191">
    <p class='ocr_par' dir='ltr' id='par_1_86' title="bbox 1883 4127 3455 4191">
     <span class='ocr_line' id='line_1_86' title="bbox 1883 4127 3455 4191; baseline 0.006 -9"><span class='ocrx_word' id='word_1_670' title='bbox 1883 4127 2161 4182; x_wconf 81' lang='lat' dir='ltr'><strong>dilatatam</strong></span> <span class='ocrx_word' id='word_1_671' title='bbox 2190 4137 2285 4185; x_wconf 83' lang='lat' dir='ltr'><strong>est.</strong></span> <span class='ocrx_word' id='word_1_672' title='bbox 2316 4129 2373 4185; x_wconf 91' lang='lat' dir='ltr'><strong>ld</strong></span> <span class='ocrx_word' id='word_1_673' title='bbox 2401 4138 2484 4185; x_wconf 90' lang='lat' dir='ltr'><strong>est</strong></span> <span class='ocrx_word' id='word_1_674' title='bbox 2520 4131 2772 4186; x_wconf 88' lang='lat' dir='ltr'><strong>voluntas</strong></span> <span class='ocrx_word' id='word_1_675' title='bbox 2800 4132 2997 4188; x_wconf 90' lang='lat' dir='ltr'><strong>mentis</strong></span> <span class='ocrx_word' id='word_1_676' title='bbox 3034 4142 3238 4190; x_wconf 66' lang='lat' dir='ltr'><strong>nostra:</strong></span> <span class='ocrx_word' id='word_1_677' title='bbox 3274 4144 3330 4191; x_wconf 92' lang='lat' dir='ltr'><strong>et</strong></span> <span class='ocrx_word' id='word_1_678' title='bbox 3369 4136 3455 4191; x_wconf 92' lang='lat' dir='ltr'><strong>in-</strong></span> 
     </span>
    </p>
   </div>
   <div class='ocr_carea' id='block_1_87' title="bbox 1886 4222 3466 4297">
    <p class='ocr_par' dir='ltr' id='par_1_87' title="bbox 1886 4222 3466 4297">
     <span class='ocr_line' id='line_1_87' title="bbox 1886 4222 3466 4297; baseline 0.003 -19"><span class='ocrx_word' id='word_1_679' title='bbox 1886 4222 2057 4279; x_wconf 91' lang='lat' dir='ltr'><strong>tentio</strong></span> <span class='ocrx_word' id='word_1_680' title='bbox 2087 4223 2290 4278; x_wconf 88' lang='lat' dir='ltr'><strong>cordis.</strong></span> <span class='ocrx_word' id='word_1_681' title='bbox 2321 4222 2644 4279; x_wconf 66' lang='lat' dir='ltr'><strong>Prwdicatio</strong></span> <span class='ocrx_word' id='word_1_682' title='bbox 2672 4239 2889 4295; x_wconf 90' lang='lat' dir='ltr'><strong>quoque</strong></span> <span class='ocrx_word' id='word_1_683' title='bbox 2921 4225 3038 4282; x_wconf 89' lang='lat' dir='ltr'><strong>oris</strong></span> <span class='ocrx_word' id='word_1_684' title='bbox 3075 4227 3246 4282; x_wconf 87' lang='lat' dir='ltr'><strong>nostri</strong></span> <span class='ocrx_word' id='word_1_685' title='bbox 3284 4236 3466 4297; x_wconf 89' lang='lat' dir='ltr'><strong>patet,</strong></span> 
     </span>
    </p>
   </div>
   <div class='ocr_carea' id='block_1_88' title="bbox 1883 4314 3469 4393">
    <p class='ocr_par' dir='ltr' id='par_1_88' title="bbox 1883 4314 3469 4393">
     <span class='ocr_line' id='line_1_88' title="bbox 1883 4314 3469 4393; baseline 0.004 -21"><span class='ocrx_word' id='word_1_686' title='bbox 1883 4325 1939 4372; x_wconf 90' lang='lat' dir='ltr'><strong>et</strong></span> <span class='ocrx_word' id='word_1_687' title='bbox 1963 4325 2150 4387; x_wconf 88' lang='lat' dir='ltr'><strong>aperta</strong></span> <span class='ocrx_word' id='word_1_688' title='bbox 2175 4328 2261 4371; x_wconf 89' lang='lat' dir='ltr'><strong>est</strong></span> <span class='ocrx_word' id='word_1_689' title='bbox 2291 4314 2404 4386; x_wconf 88' lang='lat' dir='ltr'><strong>jam</strong></span> <span class='ocrx_word' id='word_1_690' title='bbox 2441 4318 2508 4372; x_wconf 90' lang='lat' dir='ltr'><strong>ad</strong></span> <span class='ocrx_word' id='word_1_691' title='bbox 2538 4317 2980 4388; x_wconf 74' lang='lat' dir='ltr'><strong>prmdicandum,</strong></span> <span class='ocrx_word' id='word_1_692' title='bbox 3020 4329 3077 4376; x_wconf 93' lang='lat' dir='ltr'><strong>et</strong></span> <span class='ocrx_word' id='word_1_693' title='bbox 3112 4330 3361 4393; x_wconf 86' lang='lat' dir='ltr'><strong>prompta</strong></span> <span class='ocrx_word' id='word_1_694' title='bbox 3399 4323 3469 4378; x_wconf 90' lang='lat' dir='ltr'><strong>ad</strong></span> 
     </span>
    </p>
   </div>
   <div class='ocr_carea' id='block_1_89' title="bbox 1880 4408 3474 4488">
    <p class='ocr_par' dir='ltr' id='par_1_89' title="bbox 1880 4408 3474 4488">
     <span class='ocr_line' id='line_1_89' title="bbox 1880 4408 3474 4488; baseline 0.007 -25"><span class='ocrx_word' id='word_1_695' title='bbox 1880 4423 1979 4464; x_wconf 91' lang='lat' dir='ltr'><strong>vos</strong></span> <span class='ocrx_word' id='word_1_696' title='bbox 2006 4408 2327 4465; x_wconf 89' lang='lat' dir='ltr'><strong>docendum.</strong></span> <span class='ocrx_word' id='word_1_697' title='bbox 2356 4408 2502 4466; x_wconf 87' lang='lat' dir='ltr'><strong>lllius</strong></span> <span class='ocrx_word' id='word_1_698' title='bbox 2527 4426 2589 4465; x_wconf 92' lang='lat' dir='ltr'><strong>os</strong></span> <span class='ocrx_word' id='word_1_699' title='bbox 2611 4419 2763 4481; x_wconf 84' lang='lat' dir='ltr'><strong>patet</strong></span> <span class='ocrx_word' id='word_1_700' title='bbox 2789 4420 2845 4468; x_wconf 91' lang='lat' dir='ltr'><strong>et</strong></span> <span class='ocrx_word' id='word_1_701' title='bbox 2865 4422 3111 4483; x_wconf 87' lang='lat' dir='ltr'><strong>apertum</strong></span> <span class='ocrx_word' id='word_1_702' title='bbox 3137 4422 3221 4471; x_wconf 91' lang='lat' dir='ltr'><strong>est</strong></span> <span class='ocrx_word' id='word_1_703' title='bbox 3247 4416 3315 4473; x_wconf 90' lang='lat' dir='ltr'><strong>ad</strong></span> <span class='ocrx_word' id='word_1_704' title='bbox 3339 4432 3474 4488; x_wconf 76' lang='lat' dir='ltr'><strong>pra:-</strong></span> 
     </span>
    </p>
   </div>
   <div class='ocr_carea' id='block_1_90' title="bbox 1883 4501 3470 4580">
    <p class='ocr_par' dir='ltr' id='par_1_90' title="bbox 1883 4501 3470 4580">
     <span class='ocr_line' id='line_1_90' title="bbox 1883 4501 3470 4580; baseline 0.006 -21"><span class='ocrx_word' id='word_1_705' title='bbox 1883 4502 2204 4571; x_wconf 89' lang='lat' dir='ltr'><strong>dicandum,</strong></span> <span class='ocrx_word' id='word_1_706' title='bbox 2240 4501 2396 4574; x_wconf 90' lang='lat' dir='ltr'><strong>cujus</strong></span> <span class='ocrx_word' id='word_1_707' title='bbox 2432 4504 2682 4561; x_wconf 88' lang='lat' dir='ltr'><strong>voluntas</strong></span> <span class='ocrx_word' id='word_1_708' title='bbox 2714 4514 2800 4562; x_wconf 89' lang='lat' dir='ltr'><strong>est</strong></span> <span class='ocrx_word' id='word_1_709' title='bbox 2834 4505 3110 4576; x_wconf 80' lang='lat' dir='ltr'><strong>perfecta,</strong></span> <span class='ocrx_word' id='word_1_710' title='bbox 3150 4510 3470 4580; x_wconf 65' lang='lat' dir='ltr'><strong>praedicatio</strong></span> 
     </span>
    </p>
   </div>
   <div class='ocr_carea' id='block_1_91' title="bbox 1885 4596 3472 4670">
    <p class='ocr_par' dir='ltr' id='par_1_91' title="bbox 1885 4596 3472 4670">
     <span class='ocr_line' id='line_1_91' title="bbox 1885 4596 3472 4670; baseline 0.007 -21"><span class='ocrx_word' id='word_1_711' title='bbox 1885 4603 2071 4649; x_wconf 89' lang='lat' dir='ltr'><strong>sancta</strong></span> <span class='ocrx_word' id='word_1_712' title='bbox 2092 4636 2106 4660; x_wconf 91' lang='lat'><strong>,</strong></span> <span class='ocrx_word' id='word_1_713' title='bbox 2149 4596 2490 4651; x_wconf 89' lang='lat' dir='ltr'><strong>conversatio</strong></span> <span class='ocrx_word' id='word_1_714' title='bbox 2526 4596 2688 4651; x_wconf 88' lang='lat' dir='ltr'><strong>bona.</strong></span> <span class='ocrx_word' id='word_1_715' title='bbox 2730 4596 2897 4670; x_wconf 90' lang='lat' dir='ltr'><strong>Cujus</strong></span> <span class='ocrx_word' id='word_1_716' title='bbox 2932 4615 3063 4656; x_wconf 86' lang='lat' dir='ltr'><strong>vero</strong></span> <span class='ocrx_word' id='word_1_717' title='bbox 3096 4601 3352 4659; x_wconf 88' lang='lat' dir='ltr'><strong>voluntas</strong></span> <span class='ocrx_word' id='word_1_718' title='bbox 3386 4612 3472 4660; x_wconf 90' lang='lat' dir='ltr'><strong>est</strong></span> 
     </span>
    </p>
   </div>
   <div class='ocr_carea' id='block_1_92' title="bbox 174 4654 3470 4767">
    <p class='ocr_par' dir='ltr' id='par_1_92' title="bbox 174 4654 3470 4767">
     <span class='ocr_line' id='line_1_92' title="bbox 174 4654 3470 4767; baseline 0.004 -28"><span class='ocrx_word' id='word_1_719' title='bbox 174 4676 337 4731; x_wconf 71' lang='lat'><strong>18105</strong></span> <span class='ocrx_word' id='word_1_720' title='bbox 380 4687 509 4744; x_wconf 69' lang='grc'><strong>61⁵80</strong></span> <span class='ocrx_word' id='word_1_721' title='bbox 549 4672 795 4728; x_wconf 51' lang='lat' dir='ltr'><strong>(“tabam</strong></span> <span class='ocrx_word' id='word_1_722' title='bbox 832 4683 888 4728; x_wconf 71' lang='grc' dir='ltr'><strong>ει</strong></span> <span class='ocrx_word' id='word_1_723' title='bbox 918 4673 1319 4744; x_wconf 66' lang='grc' dir='ltr'><strong>Ῑοευριθωῧθηι</strong></span> <span class='ocrx_word' id='word_1_724' title='bbox 1349 4676 1609 4750; x_wconf 66' lang='grc' dir='ltr'><strong>θροβιοιίν</strong></span> <span class='ocrx_word' id='word_1_725' title='bbox 1652 4654 1777 4748; x_wconf 71' lang='lat' dir='ltr'><strong>quia</strong></span> <span class='ocrx_word' id='word_1_726' title='bbox 1806 4654 1858 4715; x_wconf 71' lang='grc' dir='ltr'><strong>ι)</strong></span> <span class='ocrx_word' id='word_1_727' title='bbox 1888 4654 2131 4744; x_wconf 83' lang='lat' dir='ltr'><strong>tortuosa</strong></span> <span class='ocrx_word' id='word_1_728' title='bbox 2153 4730 2168 4756; x_wconf 96' lang='lat'><strong>,</strong></span> <span class='ocrx_word' id='word_1_729' title='bbox 2211 4688 2553 4745; x_wconf 86' lang='lat' dir='ltr'><strong>conversatio</strong></span> <span class='ocrx_word' id='word_1_730' title='bbox 2590 4705 2655 4746; x_wconf 93' lang='lat' dir='ltr'><strong>ac</strong></span> <span class='ocrx_word' id='word_1_731' title='bbox 2690 4654 3038 4761; x_wconf 46' lang='lat' dir='ltr'><strong>vita&#39;prava,</strong></span> <span class='ocrx_word' id='word_1_732' title='bbox 3090 4693 3217 4750; x_wconf 90' lang='lat' dir='ltr'><strong>licet</strong></span> <span class='ocrx_word' id='word_1_733' title='bbox 3264 4694 3470 4767; x_wconf 88' lang='lat' dir='ltr'><strong>aliquid</strong></span> 
     </span>
    </p>
   </div>
   <div class='ocr_carea' id='block_1_93' title="bbox 172 4765 1782 4839">
    <p class='ocr_par' dir='ltr' id='par_1_93' title="bbox 172 4765 1782 4839">
     <span class='ocr_line' id='line_1_93' title="bbox 172 4765 1782 4839; baseline 0.002 -15"><span class='ocrx_word' id='word_1_734' title='bbox 172 4783 254 4824; x_wconf 78' lang='lat' dir='ltr'><strong>cx</strong></span> <span class='ocrx_word' id='word_1_735' title='bbox 305 4765 558 4821; x_wconf 89' lang='lat' dir='ltr'><strong>omnibus</strong></span> <span class='ocrx_word' id='word_1_736' title='bbox 585 4765 719 4821; x_wconf 88' lang='lat' dir='ltr'><strong>locis</strong></span> <span class='ocrx_word' id='word_1_737' title='bbox 758 4766 1060 4838; x_wconf 90' lang='lat' dir='ltr'><strong>ubicunque</strong></span> <span class='ocrx_word' id='word_1_738' title='bbox 1082 4768 1480 4839; x_wconf 80' lang='lat' dir='ltr'><strong>praedicabant,</strong></span> <span class='ocrx_word' id='word_1_739' title='bbox 1508 4771 1782 4827; x_wconf 87' lang='lat' dir='ltr'><strong>ministra-</strong></span> 
     </span>
    </p>
   </div>
   <div class='ocr_carea' id='block_1_94' title="bbox 172 4858 1778 4935">
    <p class='ocr_par' dir='ltr' id='par_1_94' title="bbox 172 4858 1778 4935">
     <span class='ocr_line' id='line_1_94' title="bbox 172 4858 1778 4935; baseline 0.004 -20"><span class='ocrx_word' id='word_1_740' title='bbox 172 4859 330 4915; x_wconf 86' lang='lat' dir='ltr'><strong>bant</strong></span> <span class='ocrx_word' id='word_1_741' title='bbox 353 4858 431 4913; x_wconf 88' lang='lat' dir='ltr'><strong>eis</strong></span> <span class='ocrx_word' id='word_1_742' title='bbox 453 4873 573 4927; x_wconf 68' lang='lat' dir='ltr'><strong>qua:</strong></span> <span class='ocrx_word' id='word_1_743' title='bbox 599 4860 906 4914; x_wconf 90' lang='lat' dir='ltr'><strong>necessaria</strong></span> <span class='ocrx_word' id='word_1_744' title='bbox 932 4869 1106 4915; x_wconf 88' lang='lat' dir='ltr'><strong>erant.</strong></span> <span class='ocrx_word' id='word_1_745' title='bbox 1134 4860 1288 4917; x_wconf 89' lang='lat' dir='ltr'><strong>Unde</strong></span> <span class='ocrx_word' id='word_1_746' title='bbox 1319 4862 1461 4919; x_wconf 88' lang='lat' dir='ltr'><strong>idem</strong></span> <span class='ocrx_word' id='word_1_747' title='bbox 1487 4862 1778 4935; x_wconf 86' lang='lat' dir='ltr'><strong>Apostolus</strong></span> 
     </span>
    </p>
   </div>
   <div class='ocr_carea' id='block_1_95' title="bbox 172 4949 1779 5026">
    <p class='ocr_par' dir='ltr' id='par_1_95' title="bbox 172 4949 1779 5026">
     <span class='ocr_line' id='line_1_95' title="bbox 172 4949 1779 5026; baseline 0.002 -18"><span class='ocrx_word' id='word_1_748' title='bbox 172 4953 239 5008; x_wconf 89' lang='lat' dir='ltr'><strong>in</strong></span> <span class='ocrx_word' id='word_1_749' title='bbox 286 4949 531 5020; x_wconf 86' lang='lat' dir='ltr'><strong>Epistola</strong></span> <span class='ocrx_word' id='word_1_750' title='bbox 570 4949 636 5004; x_wconf 90' lang='lat' dir='ltr'><strong>ad</strong></span> <span class='ocrx_word' id='word_1_751' title='bbox 668 4949 978 5007; x_wconf 81' lang='lat' dir='ltr'><strong>Romanos:</strong></span> <span class='ocrx_word' id='word_1_752' title='bbox 1013 4950 1205 5018; x_wconf 85' lang='lat' dir='ltr'><strong>Nunc,</strong></span> <span class='ocrx_word' id='word_1_753' title='bbox 1235 4952 1439 5025; x_wconf 89' lang='lat' dir='ltr'><strong>inquit,</strong></span> <span class='ocrx_word' id='word_1_754' title='bbox 1471 4956 1779 5026; x_wconf 76' lang='lat' dir='ltr'><strong>proficiscar</strong></span> 
     </span>
    </p>
   </div>
   <div class='ocr_carea' id='block_1_96' title="bbox 170 5040 1774 5119">
    <p class='ocr_par' dir='ltr' id='par_1_96' title="bbox 170 5040 1774 5119">
     <span class='ocr_line' id='line_1_96' title="bbox 170 5040 1774 5119; baseline 0.002 -20"><span class='ocrx_word' id='word_1_755' title='bbox 170 5045 239 5099; x_wconf 85' lang='lat' dir='ltr'><strong>in</strong></span> <span class='ocrx_word' id='word_1_756' title='bbox 266 5040 605 5098; x_wconf 84' lang='lat' dir='ltr'><strong>Hierusalem</strong></span> <span class='ocrx_word' id='word_1_757' title='bbox 628 5042 929 5098; x_wconf 85' lang='lat' dir='ltr'><strong>ministrare</strong></span> <span class='ocrx_word' id='word_1_758' title='bbox 948 5044 1143 5099; x_wconf 87' lang='lat' dir='ltr'><strong>sanctis</strong></span> <span class='ocrx_word' id='word_1_759' title='bbox 1165 5043 1341 5114; x_wconf 81' lang='lat' dir='ltr'><strong>(Rom.</strong></span> <span class='ocrx_word' id='word_1_760' title='bbox 1367 5046 1480 5117; x_wconf 84' lang='lat' dir='ltr'><strong>xv).</strong></span> <span class='ocrx_word' id='word_1_761' title='bbox 1503 5046 1774 5119; x_wconf 84' lang='lat' dir='ltr'><strong>Tanquam</strong></span> 
     </span>
    </p>
   </div>
   <div class='ocr_carea' id='block_1_97' title="bbox 173 5131 1775 5206">
    <p class='ocr_par' dir='ltr' id='par_1_97' title="bbox 173 5131 1775 5206">
     <span class='ocr_line' id='line_1_97' title="bbox 173 5131 1775 5206; baseline 0.001 -15"><span class='ocrx_word' id='word_1_762' title='bbox 173 5132 331 5191; x_wconf 81' lang='lat' dir='ltr'><strong>nihil</strong></span> <span class='ocrx_word' id='word_1_763' title='bbox 358 5131 634 5197; x_wconf 77' lang='lat' dir='ltr'><strong>habentes,</strong></span> <span class='ocrx_word' id='word_1_764' title='bbox 668 5143 716 5188; x_wconf 87' lang='lat' dir='ltr'><strong>et</strong></span> <span class='ocrx_word' id='word_1_765' title='bbox 747 5134 923 5188; x_wconf 89' lang='lat' dir='ltr'><strong>omnia</strong></span> <span class='ocrx_word' id='word_1_766' title='bbox 952 5135 1293 5205; x_wconf 84' lang='lat' dir='ltr'><strong>possidentes.</strong></span> <span class='ocrx_word' id='word_1_767' title='bbox 1327 5134 1610 5206; x_wconf 87' lang='lat' dir='ltr'><strong>Tanquam</strong></span> <span class='ocrx_word' id='word_1_768' title='bbox 1641 5138 1775 5193; x_wconf 88' lang='lat' dir='ltr'><strong>nihil</strong></span> 
     </span>
    </p>
   </div>
   <div class='ocr_carea' id='block_1_98' title="bbox 174 5224 1784 5296">
    <p class='ocr_par' dir='ltr' id='par_1_98' title="bbox 174 5224 1784 5296">
     <span class='ocr_line' id='line_1_98' title="bbox 174 5224 1784 5296; baseline 0 -14"><span class='ocrx_word' id='word_1_769' title='bbox 174 5226 465 5282; x_wconf 86' lang='lat' dir='ltr'><strong>habentes</strong></span> <span class='ocrx_word' id='word_1_770' title='bbox 490 5233 679 5289; x_wconf 90' lang='lat' dir='ltr'><strong>erant,</strong></span> <span class='ocrx_word' id='word_1_771' title='bbox 711 5224 837 5294; x_wconf 89' lang='lat' dir='ltr'><strong>quia</strong></span> <span class='ocrx_word' id='word_1_772' title='bbox 867 5224 1001 5279; x_wconf 89' lang='lat' dir='ltr'><strong>nihil</strong></span> <span class='ocrx_word' id='word_1_773' title='bbox 1026 5225 1306 5296; x_wconf 91' lang='lat' dir='ltr'><strong>pr0prium</strong></span> <span class='ocrx_word' id='word_1_774' title='bbox 1335 5224 1622 5281; x_wconf 85' lang='lat' dir='ltr'><strong>habebant.</strong></span> <span class='ocrx_word' id='word_1_775' title='bbox 1654 5224 1784 5282; x_wconf 84' lang='lat' dir='ltr'><strong>Om-</strong></span> 
     </span>
    </p>
   </div>
   <div class='ocr_carea' id='block_1_99' title="bbox 173 5315 1780 5387">
    <p class='ocr_par' dir='ltr' id='par_1_99' title="bbox 173 5315 1780 5387">
     <span class='ocr_line' id='line_1_99' title="bbox 173 5315 1780 5387; baseline -0.001 -12"><span class='ocrx_word' id='word_1_776' title='bbox 173 5316 285 5375; x_wconf 85' lang='lat' dir='ltr'><strong>nia</strong></span> <span class='ocrx_word' id='word_1_777' title='bbox 323 5324 505 5371; x_wconf 90' lang='lat' dir='ltr'><strong>autem</strong></span> <span class='ocrx_word' id='word_1_778' title='bbox 532 5315 915 5387; x_wconf 88' lang='lat' dir='ltr'><strong>possidebant,</strong></span> <span class='ocrx_word' id='word_1_779' title='bbox 944 5317 1069 5386; x_wconf 87' lang='lat' dir='ltr'><strong>quia</strong></span> <span class='ocrx_word' id='word_1_780' title='bbox 1099 5325 1257 5371; x_wconf 90' lang='lat' dir='ltr'><strong>erant</strong></span> <span class='ocrx_word' id='word_1_781' title='bbox 1284 5316 1391 5372; x_wconf 89' lang='lat' dir='ltr'><strong>illis</strong></span> <span class='ocrx_word' id='word_1_782' title='bbox 1417 5318 1600 5373; x_wconf 91' lang='lat' dir='ltr'><strong>omnia</strong></span> <span class='ocrx_word' id='word_1_783' title='bbox 1629 5333 1780 5374; x_wconf 92' lang='lat' dir='ltr'><strong>com-</strong></span> 
     </span>
    </p>
   </div>
   <div class='ocr_carea' id='block_1_100' title="bbox 172 5400 1782 5477">
    <p class='ocr_par' dir='ltr' id='par_1_100' title="bbox 172 5400 1782 5477">
     <span class='ocr_line' id='line_1_100' title="bbox 172 5400 1782 5477; baseline 0.001 -12"><span class='ocrx_word' id='word_1_784' title='bbox 172 5404 386 5465; x_wconf 86' lang='lat' dir='ltr'><strong>munia</strong></span> <span class='ocrx_word' id='word_1_785' title='bbox 433 5404 453 5477; x_wconf 93' lang='lat'>(</span> <span class='ocrx_word' id='word_1_786' title='bbox 475 5404 591 5460; x_wconf 85' lang='lat' dir='ltr'><strong>Act.</strong></span> <span class='ocrx_word' id='word_1_787' title='bbox 626 5421 699 5472; x_wconf 84' lang='grc' dir='ltr'><strong>ιι,</strong></span> <span class='ocrx_word' id='word_1_788' title='bbox 730 5421 784 5461; x_wconf 79' lang='lat' dir='ltr'><strong>Iv</strong></span> <span class='ocrx_word' id='word_1_789' title='bbox 809 5407 849 5477; x_wconf 93' lang='lat'><strong>).</strong></span> <span class='ocrx_word' id='word_1_790' title='bbox 897 5405 989 5463; x_wconf 93' lang='lat' dir='ltr'><strong>Sic</strong></span> <span class='ocrx_word' id='word_1_791' title='bbox 1026 5407 1224 5464; x_wconf 89' lang='lat' dir='ltr'><strong>debent</strong></span> <span class='ocrx_word' id='word_1_792' title='bbox 1262 5416 1317 5464; x_wconf 93' lang='lat' dir='ltr'><strong>et</strong></span> <span class='ocrx_word' id='word_1_793' title='bbox 1363 5409 1616 5464; x_wconf 89' lang='lat' dir='ltr'><strong>monachi</strong></span> <span class='ocrx_word' id='word_1_794' title='bbox 1644 5400 1782 5466; x_wconf 67' lang='lat' dir='ltr'><strong>&#39;esse</strong></span> 
     </span>
    </p>
   </div>
   <div class='ocr_carea' id='block_1_101' title="bbox 171 5496 1777 5572">
    <p class='ocr_par' dir='ltr' id='par_1_101' title="bbox 171 5496 1777 5572">
     <span class='ocr_line' id='line_1_101' title="bbox 171 5496 1777 5572; baseline 0.002 -17"><span class='ocrx_word' id='word_1_795' title='bbox 171 5508 459 5567; x_wconf 84' lang='lat' dir='ltr'><strong>tanquam</strong></span> <span class='ocrx_word' id='word_1_796' title='bbox 500 5496 636 5552; x_wconf 88' lang='lat' dir='ltr'><strong>nihil</strong></span> <span class='ocrx_word' id='word_1_797' title='bbox 678 5497 941 5555; x_wconf 88' lang='lat' dir='ltr'><strong>habentes</strong></span> <span class='ocrx_word' id='word_1_798' title='bbox 957 5499 1279 5571; x_wconf 82' lang='lat' dir='ltr'><strong>proprium,</strong></span> <span class='ocrx_word' id='word_1_799' title='bbox 1310 5511 1365 5556; x_wconf 93' lang='lat' dir='ltr'><strong>et</strong></span> <span class='ocrx_word' id='word_1_800' title='bbox 1391 5502 1571 5557; x_wconf 91' lang='lat' dir='ltr'><strong>omnia</strong></span> <span class='ocrx_word' id='word_1_801' title='bbox 1602 5504 1777 5572; x_wconf 89' lang='lat' dir='ltr'><strong>possi-</strong></span> 
     </span>
    </p>
   </div>
   <div class='ocr_carea' id='block_1_102' title="bbox 172 5589 1773 5662">
    <p class='ocr_par' dir='ltr' id='par_1_102' title="bbox 172 5589 1773 5662">
     <span class='ocr_line' id='line_1_102' title="bbox 172 5589 1773 5662; baseline 0 -13"><span class='ocrx_word' id='word_1_802' title='bbox 172 5595 393 5649; x_wconf 82' lang='lat' dir='ltr'><strong>dentes</strong></span> <span class='ocrx_word' id='word_1_803' title='bbox 432 5589 813 5646; x_wconf 88' lang='lat' dir='ltr'><strong>communiter.</strong></span> <span class='ocrx_word' id='word_1_804' title='bbox 845 5590 944 5646; x_wconf 85' lang='lat' dir='ltr'><strong>Vel</strong></span> <span class='ocrx_word' id='word_1_805' title='bbox 983 5599 1241 5662; x_wconf 87' lang='lat' dir='ltr'><strong>tanquam</strong></span> <span class='ocrx_word' id='word_1_806' title='bbox 1285 5592 1419 5649; x_wconf 90' lang='lat' dir='ltr'><strong>nihil</strong></span> <span class='ocrx_word' id='word_1_807' title='bbox 1466 5592 1773 5661; x_wconf 89' lang='lat' dir='ltr'><strong>habebant,</strong></span> 
     </span>
    </p>
   </div>
   <div class='ocr_carea' id='block_1_103' title="bbox 171 5681 1775 5757">
    <p class='ocr_par' dir='ltr' id='par_1_103' title="bbox 171 5681 1775 5757">
     <span class='ocr_line' id='line_1_103' title="bbox 171 5681 1775 5757; baseline 0.002 -19"><span class='ocrx_word' id='word_1_808' title='bbox 171 5682 327 5756; x_wconf 85' lang='lat' dir='ltr'><strong>quia</strong></span> <span class='ocrx_word' id='word_1_809' title='bbox 359 5696 463 5736; x_wconf 90' lang='lat' dir='ltr'><strong>non</strong></span> <span class='ocrx_word' id='word_1_810' title='bbox 490 5681 763 5738; x_wconf 90' lang='lat' dir='ltr'><strong>habebant</strong></span> <span class='ocrx_word' id='word_1_811' title='bbox 789 5681 1022 5753; x_wconf 61' lang='lat' dir='ltr'><strong>praedia,</strong></span> <span class='ocrx_word' id='word_1_812' title='bbox 1056 5698 1163 5739; x_wconf 91' lang='lat' dir='ltr'><strong>non</strong></span> <span class='ocrx_word' id='word_1_813' title='bbox 1192 5698 1384 5739; x_wconf 88' lang='lat' dir='ltr'><strong>aurum</strong></span> <span class='ocrx_word' id='word_1_814' title='bbox 1403 5724 1418 5749; x_wconf 95' lang='lat'><strong>,</strong></span> <span class='ocrx_word' id='word_1_815' title='bbox 1452 5699 1553 5741; x_wconf 90' lang='lat' dir='ltr'><strong>nec</strong></span> <span class='ocrx_word' id='word_1_816' title='bbox 1579 5701 1775 5757; x_wconf 89' lang='lat' dir='ltr'><strong>argen-</strong></span> 
     </span>
    </p>
   </div>
   <div class='ocr_carea' id='block_1_104' title="bbox 170 5774 1775 5850">
    <p class='ocr_par' dir='ltr' id='par_1_104' title="bbox 170 5774 1775 5850">
     <span class='ocr_line' id='line_1_104' title="bbox 170 5774 1775 5850; baseline -0.002 -16"><span class='ocrx_word' id='word_1_817' title='bbox 170 5786 312 5833; x_wconf 79' lang='lat' dir='ltr'><strong>tum</strong></span> <span class='ocrx_word' id='word_1_818' title='bbox 339 5814 353 5838; x_wconf 93' lang='lat'><strong>,</strong></span> <span class='ocrx_word' id='word_1_819' title='bbox 382 5788 485 5830; x_wconf 88' lang='lat' dir='ltr'><strong>non</strong></span> <span class='ocrx_word' id='word_1_820' title='bbox 514 5789 729 5840; x_wconf 89' lang='lat' dir='ltr'><strong>servos,</strong></span> <span class='ocrx_word' id='word_1_821' title='bbox 758 5782 851 5829; x_wconf 87' lang='lat' dir='ltr'><strong>aut</strong></span> <span class='ocrx_word' id='word_1_822' title='bbox 875 5774 1120 5842; x_wconf 87' lang='lat' dir='ltr'><strong>ancillas,</strong></span> <span class='ocrx_word' id='word_1_823' title='bbox 1150 5783 1206 5831; x_wconf 91' lang='lat' dir='ltr'><strong>et</strong></span> <span class='ocrx_word' id='word_1_824' title='bbox 1234 5785 1415 5831; x_wconf 89' lang='lat' dir='ltr'><strong>tamen</strong></span> <span class='ocrx_word' id='word_1_825' title='bbox 1443 5778 1623 5833; x_wconf 92' lang='lat' dir='ltr'><strong>omnia</strong></span> <span class='ocrx_word' id='word_1_826' title='bbox 1652 5794 1775 5850; x_wconf 87' lang='lat' dir='ltr'><strong>pos-</strong></span> 
     </span>
    </p>
   </div>
   <div class='ocr_carea' id='block_1_105' title="bbox 171 5865 1785 5942">
    <p class='ocr_par' dir='ltr' id='par_1_105' title="bbox 171 5865 1785 5942">
     <span class='ocr_line' id='line_1_105' title="bbox 171 5865 1785 5942; baseline -0.001 -17"><span class='ocrx_word' id='word_1_827' title='bbox 171 5865 448 5925; x_wconf 86' lang='lat' dir='ltr'><strong>sidebant</strong></span> <span class='ocrx_word' id='word_1_828' title='bbox 488 5866 588 5922; x_wconf 89' lang='lat' dir='ltr'><strong>ista</strong></span> <span class='ocrx_word' id='word_1_829' title='bbox 621 5865 675 5921; x_wconf 90' lang='lat' dir='ltr'><strong>iu</strong></span> <span class='ocrx_word' id='word_1_830' title='bbox 706 5865 1110 5937; x_wconf 87' lang='lat' dir='ltr'><strong>possessoribus</strong></span> <span class='ocrx_word' id='word_1_831' title='bbox 1136 5882 1321 5925; x_wconf 87' lang='lat' dir='ltr'><strong>eorum</strong></span> <span class='ocrx_word' id='word_1_832' title='bbox 1342 5908 1356 5935; x_wconf 92' lang='lat'><strong>,</strong></span> <span class='ocrx_word' id='word_1_833' title='bbox 1387 5884 1522 5940; x_wconf 88' lang='lat' dir='ltr'><strong>quos</strong></span> <span class='ocrx_word' id='word_1_834' title='bbox 1548 5870 1649 5927; x_wconf 88' lang='lat' dir='ltr'><strong>sibi</strong></span> <span class='ocrx_word' id='word_1_835' title='bbox 1676 5886 1785 5942; x_wconf 89' lang='lat' dir='ltr'><strong>per.</strong></span> 
     </span>
    </p>
   </div>
   <div class='ocr_carea' id='block_1_106' title="bbox 1884 4777 3468 4850">
    <p class='ocr_par' dir='ltr' id='par_1_106' title="bbox 1884 4777 3468 4850">
     <span class='ocr_line' id='line_1_106' title="bbox 1884 4777 3468 4850; baseline 0.006 -18"><span class='ocrx_word' id='word_1_836' title='bbox 1884 4777 2250 4849; x_wconf 71' lang='lat' dir='ltr'><strong>intelligentia:</strong></span> <span class='ocrx_word' id='word_1_837' title='bbox 2298 4779 2546 4835; x_wconf 88' lang='lat' dir='ltr'><strong>videatur</strong></span> <span class='ocrx_word' id='word_1_838' title='bbox 2597 4780 2833 4850; x_wconf 86' lang='lat' dir='ltr'><strong>habere,</strong></span> <span class='ocrx_word' id='word_1_839' title='bbox 2888 4782 3147 4839; x_wconf 81' lang='lat' dir='ltr'><strong>deﬁciunt</strong></span> <span class='ocrx_word' id='word_1_840' title='bbox 3194 4784 3246 4839; x_wconf 88' lang='lat' dir='ltr'><strong>ei</strong></span> <span class='ocrx_word' id='word_1_841' title='bbox 3299 4788 3468 4842; x_wconf 84' lang='lat' dir='ltr'><strong>verba</strong></span> 
     </span>
    </p>
   </div>
   <div class='ocr_carea' id='block_1_107' title="bbox 1880 4869 3471 4945">
    <p class='ocr_par' dir='ltr' id='par_1_107' title="bbox 1880 4869 3471 4945">
     <span class='ocr_line' id='line_1_107' title="bbox 1880 4869 3471 4945; baseline 0.004 -19"><span class='ocrx_word' id='word_1_842' title='bbox 1880 4884 2002 4926; x_wconf 89' lang='lat' dir='ltr'><strong>cum</strong></span> <span class='ocrx_word' id='word_1_843' title='bbox 2031 4885 2222 4937; x_wconf 90' lang='lat' dir='ltr'><strong>sensu,</strong></span> <span class='ocrx_word' id='word_1_844' title='bbox 2253 4869 2377 4926; x_wconf 91' lang='lat' dir='ltr'><strong>ideo</strong></span> <span class='ocrx_word' id='word_1_845' title='bbox 2418 4871 2562 4941; x_wconf 93' lang='lat' dir='ltr'><strong>quod</strong></span> <span class='ocrx_word' id='word_1_846' title='bbox 2599 4887 2704 4927; x_wconf 91' lang='lat' dir='ltr'><strong>non</strong></span> <span class='ocrx_word' id='word_1_847' title='bbox 2744 4881 2893 4944; x_wconf 90' lang='lat' dir='ltr'><strong>patet</strong></span> <span class='ocrx_word' id='word_1_848' title='bbox 2930 4873 3073 4930; x_wconf 91' lang='lat' dir='ltr'><strong>illius</strong></span> <span class='ocrx_word' id='word_1_849' title='bbox 3098 4890 3161 4931; x_wconf 93' lang='lat' dir='ltr'><strong>os</strong></span> <span class='ocrx_word' id='word_1_850' title='bbox 3185 4876 3251 4930; x_wconf 89' lang='lat' dir='ltr'><strong>ad</strong></span> <span class='ocrx_word' id='word_1_851' title='bbox 3278 4876 3471 4945; x_wconf 66' lang='lat' dir='ltr'><strong>praedi-</strong></span> 
     </span>
    </p>
   </div>
   <div class='ocr_carea' id='block_1_108' title="bbox 1879 4961 3469 5039">
    <p class='ocr_par' dir='ltr' id='par_1_108' title="bbox 1879 4961 3469 5039">
     <span class='ocr_line' id='line_1_108' title="bbox 1879 4961 3469 5039; baseline 0.006 -24"><span class='ocrx_word' id='word_1_852' title='bbox 1879 4961 2107 5016; x_wconf 89' lang='lat' dir='ltr'><strong>candum</strong></span> <span class='ocrx_word' id='word_1_853' title='bbox 2128 5002 2143 5026; x_wconf 93' lang='lat'><strong>,</strong></span> <span class='ocrx_word' id='word_1_854' title='bbox 2172 4962 2297 5032; x_wconf 88' lang='lat' dir='ltr'><strong>quia</strong></span> <span class='ocrx_word' id='word_1_855' title='bbox 2328 4963 2480 5019; x_wconf 91' lang='lat' dir='ltr'><strong>timet</strong></span> <span class='ocrx_word' id='word_1_856' title='bbox 2512 4963 2567 5018; x_wconf 89' lang='lat' dir='ltr'><strong>in</strong></span> <span class='ocrx_word' id='word_1_857' title='bbox 2598 4964 2721 5021; x_wconf 91' lang='lat' dir='ltr'><strong>aliis</strong></span> <span class='ocrx_word' id='word_1_858' title='bbox 2748 4965 3072 5038; x_wconf 88' lang='lat' dir='ltr'><strong>redarguere</strong></span> <span class='ocrx_word' id='word_1_859' title='bbox 3100 4968 3243 5037; x_wconf 92' lang='lat' dir='ltr'><strong>quod</strong></span> <span class='ocrx_word' id='word_1_860' title='bbox 3271 4982 3469 5039; x_wconf 89' lang='lat' dir='ltr'><strong>cogno-</strong></span> 
     </span>
    </p>
   </div>
   <div class='ocr_carea' id='block_1_109' title="bbox 1879 5050 2688 5126">
    <p class='ocr_par' dir='ltr' id='par_1_109' title="bbox 1879 5050 2688 5126">
     <span class='ocr_line' id='line_1_109' title="bbox 1879 5050 2688 5126; baseline 0.002 -20"><span class='ocrx_word' id='word_1_861' title='bbox 1879 5050 1982 5107; x_wconf 88' lang='lat' dir='ltr'><strong>scit</strong></span> <span class='ocrx_word' id='word_1_862' title='bbox 2010 5050 2064 5106; x_wconf 81' lang='lat' dir='ltr'><strong>in</strong></span> <span class='ocrx_word' id='word_1_863' title='bbox 2097 5065 2157 5107; x_wconf 87' lang='lat' dir='ltr'><strong>se</strong></span> <span class='ocrx_word' id='word_1_864' title='bbox 2186 5053 2256 5107; x_wconf 88' lang='lat' dir='ltr'><strong>ab</strong></span> <span class='ocrx_word' id='word_1_865' title='bbox 2286 5051 2410 5108; x_wconf 89' lang='lat' dir='ltr'><strong>aliis</strong></span> <span class='ocrx_word' id='word_1_866' title='bbox 2438 5053 2688 5126; x_wconf 84' lang='lat' dir='ltr'><strong>intelligi.</strong></span> 
     </span>
    </p>
   </div>
   <div class='ocr_carea' id='block_1_110' title="bbox 1960 5142 3471 5218">
    <p class='ocr_par' dir='ltr' id='par_1_110' title="bbox 1960 5142 3471 5218">
     <span class='ocr_line' id='line_1_110' title="bbox 1960 5142 3471 5218; baseline 0.005 -21"><span class='ocrx_word' id='word_1_867' title='bbox 1960 5142 2086 5198; x_wconf 88' lang='lat' dir='ltr'><strong>Non</strong></span> <span class='ocrx_word' id='word_1_868' title='bbox 2112 5144 2493 5214; x_wconf 85' lang='lat' dir='ltr'><strong>angustiamiui</strong></span> <span class='ocrx_word' id='word_1_869' title='bbox 2521 5146 2577 5200; x_wconf 86' lang='lat' dir='ltr'><strong>in</strong></span> <span class='ocrx_word' id='word_1_870' title='bbox 2605 5145 2771 5212; x_wconf 87' lang='lat' dir='ltr'><strong>nobis,</strong></span> <span class='ocrx_word' id='word_1_871' title='bbox 2803 5147 3181 5218; x_wconf 84' lang='lat' dir='ltr'><strong>angustiamini</strong></span> <span class='ocrx_word' id='word_1_872' title='bbox 3211 5158 3385 5204; x_wconf 83' lang='lat' dir='ltr'><strong>autem</strong></span> <span class='ocrx_word' id='word_1_873' title='bbox 3413 5149 3471 5206; x_wconf 83' lang='lat' dir='ltr'><strong>in</strong></span> 
     </span>
    </p>
   </div>
   <div class='ocr_carea' id='block_1_111' title="bbox 1883 5235 3468 5309">
    <p class='ocr_par' dir='ltr' id='par_1_111' title="bbox 1883 5235 3468 5309">
     <span class='ocr_line' id='line_1_111' title="bbox 1883 5235 3468 5309; baseline 0.004 -18"><span class='ocrx_word' id='word_1_874' title='bbox 1883 5235 2169 5291; x_wconf 81' lang='lat' dir='ltr'><strong>visceribus</strong></span> <span class='ocrx_word' id='word_1_875' title='bbox 2214 5237 2439 5305; x_wconf 81' lang='lat' dir='ltr'><strong>vestris;</strong></span> <span class='ocrx_word' id='word_1_876' title='bbox 2489 5245 2546 5295; x_wconf 90' lang='lat' dir='ltr'><strong>et</strong></span> <span class='ocrx_word' id='word_1_877' title='bbox 2591 5248 2679 5294; x_wconf 91' lang='lat' dir='ltr'><strong>est</strong></span> <span class='ocrx_word' id='word_1_878' title='bbox 2724 5254 2965 5295; x_wconf 89' lang='lat' dir='ltr'><strong>sensus:</strong></span> <span class='ocrx_word' id='word_1_879' title='bbox 3014 5238 3060 5296; x_wconf 89' lang='grc'>0</span> <span class='ocrx_word' id='word_1_880' title='bbox 3089 5239 3393 5309; x_wconf 89' lang='lat' dir='ltr'><strong>Corinthii,</strong></span> <span class='ocrx_word' id='word_1_881' title='bbox 3422 5242 3468 5299; x_wconf 88' lang='lat' dir='ltr'><strong>si</strong></span> 
     </span>
    </p>
   </div>
   <div class='ocr_carea' id='block_1_112' title="bbox 1883 5329 3472 5403">
    <p class='ocr_par' dir='ltr' id='par_1_112' title="bbox 1883 5329 3472 5403">
     <span class='ocr_line' id='line_1_112' title="bbox 1883 5329 3472 5403; baseline 0.003 -18"><span class='ocrx_word' id='word_1_882' title='bbox 1883 5342 2104 5385; x_wconf 90' lang='lat' dir='ltr'><strong>sensum</strong></span> <span class='ocrx_word' id='word_1_883' title='bbox 2132 5338 2423 5401; x_wconf 84' lang='lat' dir='ltr'><strong>angustum</strong></span> <span class='ocrx_word' id='word_1_884' title='bbox 2450 5329 2662 5386; x_wconf 87' lang='lat' dir='ltr'><strong>habetis</strong></span> <span class='ocrx_word' id='word_1_885' title='bbox 2699 5338 2756 5386; x_wconf 90' lang='lat' dir='ltr'><strong>et</strong></span> <span class='ocrx_word' id='word_1_886' title='bbox 2792 5330 3076 5398; x_wconf 89' lang='lat' dir='ltr'><strong>strictum,</strong></span> <span class='ocrx_word' id='word_1_887' title='bbox 3106 5339 3167 5387; x_wconf 89' lang='lat' dir='ltr'><strong>ut</strong></span> <span class='ocrx_word' id='word_1_888' title='bbox 3202 5345 3309 5386; x_wconf 92' lang='lat' dir='ltr'><strong>non</strong></span> <span class='ocrx_word' id='word_1_889' title='bbox 3345 5346 3472 5403; x_wconf 85' lang='lat' dir='ltr'><strong>pos-</strong></span> 
     </span>
    </p>
   </div>
   <div class='ocr_carea' id='block_1_113' title="bbox 1885 5416 3468 5491">
    <p class='ocr_par' dir='ltr' id='par_1_113' title="bbox 1885 5416 3468 5491">
     <span class='ocr_line' id='line_1_113' title="bbox 1885 5416 3468 5491; baseline 0.003 -17"><span class='ocrx_word' id='word_1_890' title='bbox 1885 5418 2006 5475; x_wconf 92' lang='lat' dir='ltr'><strong>sitis</strong></span> <span class='ocrx_word' id='word_1_891' title='bbox 2038 5418 2286 5491; x_wconf 87' lang='lat' dir='ltr'><strong>recipere</strong></span> <span class='ocrx_word' id='word_1_892' title='bbox 2318 5416 2661 5475; x_wconf 87' lang='lat' dir='ltr'><strong>latitudinem</strong></span> <span class='ocrx_word' id='word_1_893' title='bbox 2700 5420 3088 5490; x_wconf 83' lang='lat' dir='ltr'><strong>mysteriorum</strong></span> <span class='ocrx_word' id='word_1_894' title='bbox 3126 5421 3468 5489; x_wconf 90' lang='lat' dir='ltr'><strong>divinorum,</strong></span> 
     </span>
    </p>
   </div>
   <div class='ocr_carea' id='block_1_114' title="bbox 1885 5511 3472 5582">
    <p class='ocr_par' dir='ltr' id='par_1_114' title="bbox 1885 5511 3472 5582">
     <span class='ocr_line' id='line_1_114' title="bbox 1885 5511 3472 5582; baseline 0.003 -17"><span class='ocrx_word' id='word_1_895' title='bbox 1885 5511 2053 5566; x_wconf 85' lang='lat' dir='ltr'><strong>nolite</strong></span> <span class='ocrx_word' id='word_1_896' title='bbox 2099 5511 2255 5567; x_wconf 88' lang='lat' dir='ltr'><strong>nobis</strong></span> <span class='ocrx_word' id='word_1_897' title='bbox 2302 5512 2408 5567; x_wconf 88' lang='lat' dir='ltr'><strong>hoc</strong></span> <span class='ocrx_word' id='word_1_898' title='bbox 2453 5521 2743 5582; x_wconf 89' lang='lat' dir='ltr'><strong>reputare,</strong></span> <span class='ocrx_word' id='word_1_899' title='bbox 2781 5511 3036 5582; x_wconf 89' lang='lat' dir='ltr'><strong>quoniam</strong></span> <span class='ocrx_word' id='word_1_900' title='bbox 3075 5528 3183 5569; x_wconf 89' lang='lat' dir='ltr'><strong>non</strong></span> <span class='ocrx_word' id='word_1_901' title='bbox 3221 5513 3472 5570; x_wconf 88' lang='lat' dir='ltr'><strong>consistit</strong></span> 
     </span>
    </p>
   </div>
   <div class='ocr_carea' id='block_1_115' title="bbox 1883 5600 3470 5673">
    <p class='ocr_par' dir='ltr' id='par_1_115' title="bbox 1883 5600 3470 5673">
     <span class='ocr_line' id='line_1_115' title="bbox 1883 5600 3470 5673; baseline 0.003 -16"><span class='ocrx_word' id='word_1_902' title='bbox 1883 5600 1986 5657; x_wconf 90' lang='lat' dir='ltr'><strong>hoc</strong></span> <span class='ocrx_word' id='word_1_903' title='bbox 2016 5601 2070 5656; x_wconf 92' lang='lat' dir='ltr'><strong>in</strong></span> <span class='ocrx_word' id='word_1_904' title='bbox 2100 5602 2288 5665; x_wconf 87' lang='lat' dir='ltr'><strong>nobis,</strong></span> <span class='ocrx_word' id='word_1_905' title='bbox 2321 5601 2414 5673; x_wconf 93' lang='lat' dir='ltr'><strong>qui</strong></span> <span class='ocrx_word' id='word_1_906' title='bbox 2447 5602 2603 5659; x_wconf 90' lang='lat' dir='ltr'><strong>vobis</strong></span> <span class='ocrx_word' id='word_1_907' title='bbox 2632 5602 2945 5660; x_wconf 88' lang='lat' dir='ltr'><strong>ministrare</strong></span> <span class='ocrx_word' id='word_1_908' title='bbox 2976 5603 3256 5671; x_wconf 88' lang='lat' dir='ltr'><strong>debemus,</strong></span> <span class='ocrx_word' id='word_1_909' title='bbox 3288 5605 3382 5661; x_wconf 90' lang='lat' dir='ltr'><strong>sed</strong></span> <span class='ocrx_word' id='word_1_910' title='bbox 3413 5603 3470 5662; x_wconf 90' lang='lat' dir='ltr'><strong>in</strong></span> 
     </span>
    </p>
   </div>
   <div class='ocr_carea' id='block_1_116' title="bbox 1880 5691 3483 5766">
    <p class='ocr_par' dir='ltr' id='par_1_116' title="bbox 1880 5691 3483 5766">
     <span class='ocr_line' id='line_1_116' title="bbox 1880 5691 3483 5766; baseline 0.003 -20"><span class='ocrx_word' id='word_1_911' title='bbox 1880 5691 2032 5748; x_wconf 90' lang='lat' dir='ltr'><strong>vobis</strong></span> <span class='ocrx_word' id='word_1_912' title='bbox 2060 5692 2151 5763; x_wconf 94' lang='lat' dir='ltr'><strong>qui</strong></span> <span class='ocrx_word' id='word_1_913' title='bbox 2181 5693 2392 5750; x_wconf 89' lang='lat' dir='ltr'><strong>debetis</strong></span> <span class='ocrx_word' id='word_1_914' title='bbox 2420 5694 2687 5765; x_wconf 91' lang='lat' dir='ltr'><strong>accipere.</strong></span> <span class='ocrx_word' id='word_1_915' title='bbox 2720 5691 2837 5750; x_wconf 82' lang='lat' dir='ltr'><strong>Non</strong></span> <span class='ocrx_word' id='word_1_916' title='bbox 2866 5694 3084 5766; x_wconf 86' lang='lat' dir='ltr'><strong>quidem</strong></span> <span class='ocrx_word' id='word_1_917' title='bbox 3113 5694 3282 5752; x_wconf 88' lang='lat' dir='ltr'><strong>multa</strong></span> <span class='ocrx_word' id='word_1_918' title='bbox 3312 5694 3483 5753; x_wconf 74' lang='lat' dir='ltr'><strong>vobis</strong></span> 
     </span>
    </p>
   </div>
   <div class='ocr_carea' id='block_1_117' title="bbox 1880 5772 3473 5857">
    <p class='ocr_par' dir='ltr' id='par_1_117' title="bbox 1880 5772 3473 5857">
     <span class='ocr_line' id='line_1_117' title="bbox 1880 5772 3473 5857; baseline 0.002 -18"><span class='ocrx_word' id='word_1_919' title='bbox 1880 5772 2167 5855; x_wconf 79' lang='lat' dir='ltr'><strong>pessumus</strong></span> <span class='ocrx_word' id='word_1_920' title='bbox 2197 5783 2411 5850; x_wconf 90' lang='lat' dir='ltr'><strong>dicere,</strong></span> <span class='ocrx_word' id='word_1_921' title='bbox 2451 5793 2507 5840; x_wconf 91' lang='lat' dir='ltr'><strong>et</strong></span> <span class='ocrx_word' id='word_1_922' title='bbox 2540 5784 2873 5840; x_wconf 88' lang='lat' dir='ltr'><strong>voluntatem</strong></span> <span class='ocrx_word' id='word_1_923' title='bbox 2922 5785 3201 5857; x_wconf 88' lang='lat' dir='ltr'><strong>propriam</strong></span> <span class='ocrx_word' id='word_1_924' title='bbox 3250 5786 3317 5842; x_wconf 89' lang='lat' dir='ltr'><strong>ad</strong></span> <span class='ocrx_word' id='word_1_925' title='bbox 3369 5785 3473 5842; x_wconf 86' lang='lat' dir='ltr'><strong>hoc</strong></span> 
     </span>
    </p>
   </div>
   <div class='ocr_carea' id='block_1_118' title="bbox 1884 5873 3485 5942">
    <p class='ocr_par' dir='ltr' id='par_1_118' title="bbox 1884 5873 3485 5942">
     <span class='ocr_line' id='line_1_118' title="bbox 1884 5873 3485 5942; baseline 0 -12"><span class='ocrx_word' id='word_1_926' title='bbox 1884 5874 2164 5942; x_wconf 84' lang='lat' dir='ltr'><strong>habemus,</strong></span> <span class='ocrx_word' id='word_1_927' title='bbox 2197 5874 2291 5931; x_wconf 85' lang='lat' dir='ltr'><strong>sed</strong></span> <span class='ocrx_word' id='word_1_928' title='bbox 2321 5873 2625 5934; x_wconf 88' lang='lat' dir='ltr'><strong>intellectus</strong></span> <span class='ocrx_word' id='word_1_929' title='bbox 2654 5883 2832 5933; x_wconf 86' lang='lat' dir='ltr'><strong>vester</strong></span> <span class='ocrx_word' id='word_1_930' title='bbox 2851 5884 2906 5932; x_wconf 91' lang='lat' dir='ltr'><strong>et</strong></span> <span class='ocrx_word' id='word_1_931' title='bbox 2926 5876 3176 5932; x_wconf 85' lang='lat' dir='ltr'><strong>voluntas</strong></span> <span class='ocrx_word' id='word_1_932' title='bbox 3195 5875 3485 5932; x_wconf 71' lang='lat' dir='ltr'><strong>consum--</strong></span> 
     </span>
    </p>
   </div>
  </div>
