3940 6344
531 409 636 466 639

991 407 1346 467 llAYMONlS
1381 409 1861 468 BALBERSTAT.
1905 409 2120 464 EPISC.
2163 405 2316 463 OPP.
2355 405 2536 464 PARS
2574 408 2618 463 1.
2655 439 2727 449 -—-
2765 407 3130 468 COMMENT;
3169 414 3343 471 BIBL.

3693 423 3778 478 σω

529 523 676 596 gitur
740 522 792 580 in
824 524 1154 587 visceribus,
1185 522 1240 578 id
1269 532 1355 580 est
1417 524 1472 578 in
1537 525 1883 581 interioribus
1915 523 2113 579 cordis.
2147 526 2196 584 Α
2225 537 2315 575 xix
2343 521 2392 592 ),
2443 531 2548 578 etc.
2599 521 2716 578 Non
2763 539 2891 596 ergo
2940 527 3044 581 hoc
3093 531 3350 600 praecepit
3391 531 3695 602 Aposwlus,
3731 543 3778 590 ut

599 615 855 670 Eamdem
892 625 1067 670 autem
1106 615 1351 670 habentes
1399 618 1903 682 remunerationem,
1952 632 2118 686 para-

529 716 637 761 tam
668 706 943 772 subaudis,
977 721 1139 777 quam
1172 716 1229 761 et
1256 724 1376 774 nos,
1395 709 1521 777 quia
1550 709 1796 763 eamdem
1828 709 1987 763 ﬁdem
2018 708 2117 762 ba-

2220 628 2449 683 corpore
2487 613 2803 670 recederent
2835 631 2901 670 ex
2940 625 3052 672 toto
3086 620 3155 673 ab
3189 620 3269 674 eis
3298 621 3392 689 qui
3421 621 3676 678 increduli
3701 627 3779 680 ad-

2220 705 2326 759 huc
2350 714 2505 759 erant
2535 706 2591 759 in
2617 707 2798 761 medio
2823 723 3048 774 eorum,
3082 711 3175 763 sed
3207 713 3389 780 potius
3417 729 3476 767 ut
3507 725 3684 770 mente
3707 732 3776 772 se-

521 797 697 866 betis,
729 799 1029 852 dilatamini
1057 810 1105 852 et
1137 817 1224 856 vos
1246 839 1261 865 ,
1293 800 1346 854 id
1372 808 1457 854 est
1494 801 1769 854 cxtendite
1807 815 2022 854 sensum
2062 807 2119 853 ct
2217 789 2472 865 pararent
2501 812 2559 851 se
2585 798 2652 851 ab
2682 797 2806 851 illis.
2833 798 3011 864 Exite,
3042 799 3254 869 inquit,
3276 803 3345 857 dc
3365 806 3541 859 medio
3561 822 3774 877 pagano-

521 889 855 944 intellectum
894 897 1166 954 vestrum,
1203 906 1272 944 nc
1309 905 1420 959 pra:
1471 890 1719 960 angustia
1767 905 1960 946 sensus
2007 905 2114 943 non

517 979 744 1048 possitis
773 988 1064 1048 penetrare
1092 989 1147 1034 et
1172 982 1415 1050 recipere
1444 981 1699 1050 mysteria
1730 980 1930 1034 divina.

535 1135 542 1142 ι
593 1069 776 1123 Nolite
795 1070 988 1138 jugum
1022 1069 1212 1124 ducere
1245 1088 1364 1124 cum
1402 1071 1721 1140 inﬁdelibus.
1759 1071 1817 1125 ln
1847 1071 1977 1142 jugo
2007 1071 2113 1126 duo

519 1158 777 1212 animalia
818 1161 1222 1230 coniunguntur
1253 1169 1310 1215 et
1345 1171 1714 1231 comquantur.
1740 1160 1935 1232 Jugum
1979 1178 2111 1218 vero

527 1250 619 1304 hic
651 1250 910 1304 debemus
949 1251 1254 1322 intelligere
1287 1251 1476 1322 jugum
1499 1252 1738 1319 .diaboli,
1777 1263 1834 1308 et
1871 1263 2111 1324 potesta-

519 1353 629 1398 tem
659 1359 820 1412 quam
853 1344 1016 1399 habet
1046 1360 1208 1414 super
1239 1345 1455 1410 ﬁdeles,
1485 1361 1549 1400 ac
1581 1347 1627 1401 si
1658 1347 1863 1401 diceret
1888 1365 1902 1400 :
1934 1345 2110 1402 Nolite

433 1474 436 1476 η
523 1435 793 1505 suscipere
814 1433 1002 1506 jugum
1031 1435 1225 1490 diaboli
1255 1453 1430 1506 neque
1455 1437 1660 1508 aequari
1686 1437 1994 1494 inﬁdelibus
2015 1447 2112 1493 aut

516 1525 804 1598 conjungi,
837 1543 904 1582 ne
932 1527 1135 1582 similes
1166 1528 1271 1583 illis
1296 1527 1625 1584 elliciamini.
1661 1527 1791 1594 Quae
1816 1529 1953 1583 enim
1984 1545 2109 1598 par-

516 1617 750 1686 ticipatio
773 1617 998 1687 justitiw
1031 1635 1150 1672 cum
1176 1619 1451 1688 iniquitate
1474 1619 1497 1671 Ρ
1525 1619 1578 1673 id
1601 1626 1703 1684 est,
1731 1633 1850 1688 qua!
1871 1619 2105 1676 societas

511 1709 657 1778 justo
695 1710 898 1765 homini
927 1709 1194 1780 justitiam
1231 1710 1450 1765 habenti
1485 1725 1608 1765 cum
1648 1708 1848 1779 injusto
1885 1711 2104 1767 homine

515 1806 570 1854 et
600 1800 852 1870 pagano?
891 1799 1067 1854 Nulla.
1111 1799 1242 1865 Qua:
1277 1801 1496 1855 societas
1527 1800 1672 1867 luci,
1711 1801 1764 1856 id
1801 1809 1886 1856 est
1919 1800 2060 1855 ﬁdeli
2082 1841 2097 1866 ,

2220 903 2372 953 rum,
2405 889 2498 943 sed
2529 890 2574 944 si
2607 905 2713 944 non
2745 893 2971 960 potestis
3011 909 3267 965 corpore,
3305 898 3390 952 vel
3421 900 3615 954 saltem
3649 919 3776 957 men-

2219 986 2309 1032 te:
2343 989 2396 1033 ct
2425 982 2752 1049 separamini
2785 982 2853 1037 ab
2892 984 2973 1038 eis
3013 986 3321 1052 voluntate,
3362 999 3418 1045 et
3455 992 3774 1050 immundum

2214 1069 2490 1124 hominem
2521 1072 2691 1128 nolite
2723 1083 2963 1144 tangere.
2994 1075 3332 1134 lmmundum
3364 1081 3645 1138 hominem
3672 1097 3772 1140 tan-

2210 1162 2319 1232 git,
2343 1164 2432 1231 qui
2455 1174 2795 1232 peccatorem
2827 1169 3089 1223 imitatur.
3115 1171 3182 1224 Et
3206 1173 3248 1225 si
3273 1172 3378 1227 hoc
3409 1173 3680 1242 feceritis,
3706 1179 3773 1232 in-

2209 1256 2329 1324 quit
2358 1255 2676 1326 Apostolus,
2710 1260 2968 1329 rccipiam
3000 1277 3096 1317 vos
3126 1264 3179 1317 in
3209 1280 3423 1320 omnem
3455 1265 3774 1324 familiarita-

2211 1355 2353 1411 tem,
2394 1358 2449 1402 et
2489 1349 2746 1404 Dominus
2787 1351 3013 1421 recipiet
3052 1367 3147 1409 vos
3187 1354 3242 1409 in
3271 1365 3528 1412 aeternam
3556 1358 3775 1414 beatitu-

2207 1437 2408 1493 dinem.

2813 1573 3040 1632 CAPUT
3084 1575 3192 1631 VII.

2276 1701 2390 1757 llas
2447 1703 2611 1778 igitur
2664 1705 2911 1762 habentes
2981 1709 3389 1778 promissione-ti,
3441 1711 3768 1778 charissimi,

2201 1807 2336 1861 quas
2365 1807 2525 1862 supra
2551 1793 2784 1850 diximus
2810 1797 2952 1864 quod
2984 1813 3170 1852 sumus
3199 1799 3293 1852 ﬁlii
3324 1799 3448 1862 Dei,
3479 1808 3535 1854 et
3565 1801 3682 1872 ipse
3701 1813 3767 1856 est

513 1905 638 1946 cum
671 1892 940 1957 tenebris,
972 1893 1023 1946 id
1053 1902 1138 1947 εει
1192 1893 1440 1947 inﬁdeli?
1469 1893 1644 1948 Νυιιη,
1701 1893 1807 1949 [sia
1836 1901 1920 1949 es;
1971 1893 2097 1960 ιιιχ,
2130 1873 2176 1933 Β
2204 1881 2366 1937 Pater
2389 1894 2596 1950 noster,
2621 1886 2928 1941 mandemus
2965 1904 3059 1942 nos
3101 1889 3166 1942 ab
3205 1891 3344 1942 omni
3393 1891 3764 1956 inquinamento

511 1990 568 2036 et
620 1982 737 2036 iste
788 1992 916 2038 sunt
970 1983 1208 2039 tenebrae
1246 1984 1314 2039 de
1351 1986 1548 2054 quibus
1605 1985 1748 2042 idem
1807 1985 2101 2056 Apostolus

511 2075 692 2131 dicit:
734 2075 936 2132 Fuistis
992 2077 1279 2147 aliquando
1340 2078 1598 2142 tenebrat,
1657 2079 1714 2132 id
1768 2087 1852 2134 est
1902 2079 2097 2134 inﬁde-

511 2163 621 2231 les,
654 2181 793 2219 nunc
838 2175 1013 2220 autem
1041 2151 1152 2220 tua:
1187 2167 1242 2220 in
1271 2165 1496 2222 Domino
1545 2164 1776 2239 (Epltes.
1801 2169 1866 2236 γ)
1887 2207 1901 2234 ,
1935 2168 1989 2224 id
2014 2176 2100 2224 est

512 2255 719 2312 ﬁdeles.

582 2347 715 2414 Qua:
745 2359 920 2403 autem
947 2352 1216 2406 conventio
1255 2349 1451 2406 Christi
1484 2351 1553 2405 ad
1583 2350 1773 2406 Belial.
1809 2350 1977 2406 Belial
2017 2353 2101 2407 in-

508 2447 752 2509 pretatur
781 2442 974 2511 absque
1011 2441 1176 2512 jugo,
1228 2442 1543 2513 signiﬁcans
1575 2442 1846 2498 diabolum
1886 2445 1976 2514 qui
2012 2445 2101 2514 ju-

508 2545 637 2599 gum
665 2533 1052 2602 omnipotentis
1084 2533 1177 2588 Dei
1209 2533 1274 2588 de
1303 2534 1440 2588 collo
1469 2549 1568 2589 suo
1598 2535 1854 2589 excussit.
1892 2535 2100 2590 Dicitur

511 2621 650 2676 etin
681 2621 821 2677 libro
851 2622 1122 2678 Samuelis
1155 2642 1168 2678 :
1206 2624 1308 2691 Qui
1354 2626 1607 2680 dixerunt
1653 2626 1752 2681 viri
1799 2626 1998 2692 Belial,
2046 2627 2099 2682 id

511 2719 597 2766 est
630 2711 836 2782 absque
864 2711 994 2784 jugo
1025 2713 1143 2768 Dei.
1175 2714 1304 2781 Qum
1333 2716 1652 2782 conventio,
1701 2717 1816 2774 sive
1862 2731 1980 2788 quae
2003 2732 2098 2774 so-

513 2804 684 2858 cietas
717 2803 920 2859 Christi
951 2806 1018 2860 ad
1048 2805 1361 2862 diabolum?
1389 2806 1566 2862 Nulla.

583 2894 689 2961 Qui
714 2906 888 2949 autem
914 2911 1195 2950 consensus
1221 2896 1410 2966 templo
1428 2896 1526 2952 Dei
1550 2914 1665 2951 cum
1694 2898 1888 2953 idolis?
1915 2899 1966 2954 id
1994 2909 2096 2968 est,

509 3001 668 3055 quem
700 3001 1021 3042 consensum
1048 2987 1247 3043 debent
1277 2988 1476 3044 habere
1506 2989 1692 3045 ﬁdeles
1715 2991 1806 3061 qui
1840 2993 2098 3062 templum

507 3075 603 3130 Dei
627 3085 752 3131 sunt
771 3117 786 3144 ,
810 3093 932 3132 cum
959 3077 1256 3133 idololatris
1281 3079 1372 3150 qui
1399 3088 1528 3134 sunt
1551 3081 1747 3150 templa
1771 3081 2094 3137 daemonum.

507 3165 742 3222 Nullum.
771 3169 828 3223 In
858 3170 959 3225 hoc
987 3169 1107 3224 loco
1134 3171 1368 3240 percutit
1393 3185 1488 3227 eos
1514 3173 1606 3240 qui
1638 3173 2014 3228 recumbentes
2041 3175 2095 3229 in

2201 1979 2375 2033 carnis
2401 1989 2448 2032 et
2479 1979 2715 2048 spiritus.
2759 1978 2878 2034 Non
2919 1979 3058 2035 dixit
3095 1981 3436 2051 simpliciter,
3463 1985 3764 2038 rnundemus

2200 2087 2302 2126 nos
2342 2070 2411 2125 ab
2450 2071 2898 2140 inquinamento,
2939 2073 3033 2128 sed
3077 2074 3146 2127 ab
3180 2075 3326 2129 omni
3373 2075 3762 2145 inquinamento

2199 2162 2380 2217 carnis
2405 2171 2460 2217 et
2487 2163 2726 2231 spiritus.
2760 2163 2953 2218 Carnis
2981 2164 3448 2234 inquinamentum
3490 2176 3576 2221 est
3615 2169 3760 2222 torni-

2201 2253 2364 2316 calio,
2398 2253 2719 2307 adulterium
2739 2293 2754 2317 ,
2785 2253 3132 2308 homicidium
3157 2294 3176 2315 ,
3198 2263 3252 2308 et
3279 2264 3477 2310 czetera
3507 2257 3640 2310 vitia
3663 2273 3758 2327 qua:

2199 2359 2425 2414 corpore
2472 2344 2826 2413 perﬁciuntur
2854 2362 2867 2398 :
2897 2345 3117 2416 spiritus
3151 2362 3312 2410 vero,
3351 2347 3405 2402 id
3443 2358 3553 2413 est,
3586 2350 3749 2404 mentis

2201 2434 2692 2503 inquinamentum,
2741 2444 2826 2490 est
2873 2436 2982 2498 ira,
3029 2436 3263 2502 invidia,
3296 2439 3586 2508 superbia,
3637 2438 3750 2492 mala

2199 2523 2477 2589 voluntas,
2510 2533 2564 2578 et
2593 2533 2787 2579 caztera
2819 2525 2956 2578 mala
2987 2541 3107 2596 quae
3146 2527 3200 2580 in
3229 2528 3412 2581 animo
3435 2529 3754 2598 cogitantur;

2199 2616 2520 2687 perﬁcientes
2541 2618 3008 2686 sanctiﬁcationem
3031 2620 3085 2673 in
3107 2620 3291 2674 timore
3311 2619 3423 2674 Dei.
3461 2619 3757 2674 Sanctiﬁca-

2200 2706 2401 2760 tionem
2434 2707 2487 2760 in
2521 2707 2746 2774 timore,
2778 2709 2830 2762 id
2859 2720 2942 2762 est
2970 2724 3066 2778 per
3104 2710 3358 2765 timorem
3401 2709 3500 2764 Dei
3543 2709 3754 2779 perﬁcit,

2198 2797 2290 2867 qui
2320 2799 2388 2851 ab
2417 2799 2564 2853 omni
2591 2799 2997 2870 inquinamento
3025 2802 3205 2856 carnis
3226 2809 3280 2856 et
3303 2800 3530 2869 spiritus
3551 2802 3753 2856 mundat

2199 2889 2570 2958 semetipsum.

2270 2976 2451 3049 Cupite
2495 2996 2610 3045 nos,
2677 2979 2729 3034 id
2775 2990 2858 3034 est
2891 2980 3172 3051 intelligite
3216 2996 3336 3050 qua:
3380 2983 3650 3048 dicimus,
3685 2982 3754 3037 vel

2196 3085 2424 3140 capaces
2471 3081 2644 3127 estote
2673 3072 2939 3127 sermonis
2969 3073 3168 3137 nostri,
3204 3074 3286 3127 vel
3321 3075 3613 3130 imitamini
3653 3091 3751 3130 nos.

2201 3159 2475 3216 Neminem
2510 3171 2745 3216 vestrum
2771 3162 3000 3218 lwsimus
3028 3166 3192 3220 verbo
3225 3176 3318 3222 aut
3361 3169 3633 3238 exemplo,
3659 3168 3752 3222 sive

506 3259 692 3327 idolis,
735 3261 1091 3317 comedebant
1123 3237 1315 3317 carnes
1366 3263 1718 3333 idolotliytas,
1753 3264 1844 3332 qui
1885 3264 2087 3319 debue-
2122 3237 2166 3298 C
2199 3252 2469 3307 nemiuem
2495 3263 2733 3308 vestrum
2762 3255 3180 3324 cxspoliavimns
3214 3269 3396 3313 nostra
3421 3262 3748 3317 adulatione:

431 3407 434 3410 ,
507 3359 629 3404 rant
657 3365 777 3405 esse
805 3350 991 3406 ﬁdeles
1013 3361 1068 3406 et
1095 3353 1348 3424 templum
1375 3353 1489 3408 Dei.
1522 3351 1622 3407 Vos
1649 3354 1786 3407 enim
1813 3355 1934 3408 estis
1959 3364 2090 3408 tem-

506 3442 651 3513 plum
679 3443 776 3498 Dei
804 3444 936 3509 vivi,
961 3460 1067 3500 non
1096 3446 1317 3501 dcormn
1346 3447 1436 3516 qui
1467 3463 1573 3502 non
1605 3447 1814 3501 vivunt.
1838 3447 1980 3502 Deus
2009 3448 2088 3503 vi-

505 3548 609 3586 vus
645 3534 862 3600 dicitur,
896 3534 964 3588 ad
1003 3535 1400 3591 distinctionem
1440 3537 1653 3592 illorum
1691 3536 1916 3593 deorum
1943 3578 1958 3603 ,
1996 3538 2089 3608 qui

506 3639 618 3678 non
649 3623 866 3692 vivunt,
896 3625 1022 3682 licet
1050 3627 1297 3681 dicantur
1325 3627 1418 3682 dii.
1452 3628 1602 3683 Sicut
1633 3627 1761 3682 dicit
1790 3627 1963 3694 Deus,
1991 3644 2089 3699 per

503 3712 792 3770 Jercmiam
821 3735 834 3769 :
868 3716 1178 3772 Inhabitabo
1205 3719 1258 3772 in
1279 3718 1384 3773 illis
1402 3763 1420 3789 ,
1445 3735 1544 3790 per
1568 3720 1726 3775 ﬁdem
1753 3729 1809 3775 et
1835 3720 2086 3778 dilectio-

505 3818 632 3859 nem
655 3821 750 3876 per
773 3807 1002 3877 gratiam
1031 3823 1202 3863 meam
1223 3849 1237 3873 ,
1261 3818 1310 3863 et
1337 3809 1672 3864 inambulabo
1698 3811 1834 3864 inter
1855 3826 1962 3865 eos.
1990 3811 2086 3867 Dei

504 3895 673 3966 Filius
719 3899 810 3969 qui
847 3899 950 3954 ista
987 3899 1197 3955 locutus
1228 3909 1312 3955 est
1358 3901 1424 3956 de
1461 3901 1810 3956 credentibus
1862 3901 2079 3967 electis,

507 3999 646 4046 inter
673 3990 922 4046 homines
951 3990 1277 4058 ambulavit,
1303 3992 1446 4047 sicut
1463 3992 1693 4058 dicitur,
1717 3992 1970 4062 quoniam
1994 4008 2084 4047 su-

504 4095 603 4150 per
621 4091 830 4136 terram
862 4081 1010 4136 visus
1040 4091 1153 4145 est,
1189 4092 1244 4138 et
1277 4098 1401 4137 cum
1437 4083 1689 4137 hominus
1726 4093 2083 4140 conversatus

501 4184 616 4240 est,
638 4184 693 4230 et
722 4176 835 4244 ipse.
865 4175 1130 4229 habitavit
1163 4175 1216 4228 in
1251 4175 1440 4240 nobis,
1473 4177 1612 4230 sicut
1640 4173 1877 4230 Joannes
1917 4176 2079 4232 dicit:

514 4263 732 4319 Verbum
759 4282 880 4319 caro
904 4266 1100 4335 factum
1122 4275 1218 4330 est,
1237 4275 1284 4319 et
1305 4267 1556 4320 habitavit
1578 4267 1632 4320 in
1651 4267 1796 4321 nobis
1814 4265 1995 4337 (Joan.
2016 4267 2078 4337 ι),

500 4367 549 4410 et
579 4373 666 4410 ero
695 4356 905 4410 illorum
931 4356 1071 4411 Deus
1091 4398 1106 4422 ,
1138 4367 1184 4410 et
1213 4358 1311 4426 ipsi
1339 4366 1492 4412 erunt
1522 4357 1648 4410 mihi
1673 4357 1894 4428 populus
1920 4373 2082 4428 pecu-

502 4445 680 4512 liaris,
714 4445 854 4501 sicut
877 4445 1002 4500 olim
1033 4446 1136 4500 fuit
1162 4445 1346 4501 Israel.

577 4528 800 4606 Propter
845 4536 983 4607 quod
1026 4538 1161 4590 exite
1207 4537 1272 4592 de
1319 4537 1488 4591 medio
1525 4554 1726 4591 eorum.
1764 4537 1877 4593 Hoc
1911 4538 2078 4595 Isaias

506 4627 763 4696 propheta
801 4627 1050 4698 praedixit
1085 4628 1243 4698 longe
1281 4637 1406 4683 ante
1443 4629 1810 4698 captivitatem
1848 4630 2078 4701 Babylo-

504 4719 682 4774 nicum
715 4717 858 4789 quod
895 4719 1184 4788 Apostolus
1218 4719 1284 4773 ad
1332 4718 1638 4776 Corinthios
1685 4721 1887 4776 retulit.
1941 4723 2080 4778 Dicit

501 4814 647 4868 enim
693 4815 953 4883 propheta
995 4829 1063 4868 ex
1097 4828 1324 4882 persona
1365 4813 1492 4880 Dei,
1541 4813 1824 4885 alloquens
1868 4813 2080 4871 Judaaos

501 4905 568 4960 de
601 4904 911 4974 captivitate
960 4912 1292 4958 revertentes
1338 4914 1457 4972 post
1491 4904 1830 4976 septuaginta
1867 4921 2076 4962 annos:

501 4996 731 5066 Propter
777 4996 951 5064 quod,
999 4995 1124 5064 quia
1169 4995 1396 5066 populus
1442 5012 1591 5052 meus
1635 4997 1802 5064 estis,
1833 4999 1977 5054 exite
2013 4998 2080 5054 dc

503 5088 680 5144 medio
709 5085 1115 5150 Chaldaeorum,
1159 5098 1217 5139 ut
1251 5088 1574 5156 scparemini
1617 5089 1684 5142 ab
1729 5089 1841 5154 eis,
1888 5098 1936 5142 et
1981 5089 2079 5142 im-

500 5179 754 5235 mundum
790 5194 852 5231 ne
890 5177 1186 5246 tetigeritis,
1218 5179 1271 5232 id
1307 5188 1390 5234 est
1418 5179 1651 5244 idolum,
1682 5193 1789 5249 quo
1826 5179 1960 5234 nihil
1998 5190 2082 5236 est

502 5255 831 5326 immundius
855 5310 870 5336 ,
928 5283 994 5324 ne
1025 5269 1400 5326 adoravcritis.
1441 5271 1510 5324 Et
1548 5288 1639 5341 ego
1676 5271 1922 5340 recipiam
1960 5288 2078 5338 vos,

500 5365 554 5422 in
595 5375 793 5421 terram
845 5362 1296 5433 repromissionis.
1353 5362 1675 5419 Referamus
1738 5371 1790 5416 et
1854 5363 1957 5418 hoc
2011 5365 2077 5419 ad

497 5454 840 5518 Corinthios,
884 5461 938 5506 et
977 5452 1255 5506 videamus
1289 5452 1556 5522 quomodo
1593 5460 1845 5522 poterant
1873 5452 1949 5508 illi
1983 5455 2074 5524 qui

500 5547 839 5602 crediderant
887 5543 1193 5612 relinquere
1238 5559 1434 5600 uxores
1480 5553 1536 5599 et
1578 5544 1777 5598 liberos
1808 5559 1935 5600 suos
1964 5560 2077 5600 om-

501 5653 734 5708 nemque
780 5635 1159 5700 substantiam,
1207 5636 1299 5705 qui
1345 5635 1520 5691 adhuc
1560 5635 2072 5707 impcrtectierant,

501 5745 602 5784 nec
643 5737 890 5799 poterant
945 5727 1166 5798 implere
1203 5727 1346 5798 quod
1387 5727 1645 5784 Dominus
1683 5729 1855 5784 dicit:
1897 5727 1956 5784 Si
2001 5731 2072 5785 vis

495 5821 756 5892 perfectus
801 5817 958 5886 esse,
1014 5820 1172 5894 vende
1240 5821 1414 5876 omnia
1466 5838 1582 5891 qua:
1629 5821 1785 5878 habes
1836 5821 2066 5892 (Matth.

2193 3343 2446 3400 neminem
2491 3344 2845 3415 corrupimus,
2889 3361 3054 3416 pravo
3115 3362 3277 3402 sensu
3341 3357 3437 3402 aut
3481 3350 3743 3420 exemplo:

2191 3435 2443 3490 neminem
2473 3437 2924 3503 circumvenimus,
2950 3438 3002 3492 in
3026 3442 3260 3511 negotio,
3293 3452 3351 3496 ut
3382 3459 3750 3498 evacuaremus

2190 3523 2435 3579 sacculos
2465 3535 2691 3581 vestros.
2720 3526 2884 3595 Quasi
2909 3529 3116 3584 diceret
3142 3548 3153 3582 :
3186 3531 3338 3598 Quod
3369 3548 3473 3588 nos
3500 3551 3606 3588 non
3641 3534 3748 3588 feci-

2191 3632 2343 3680 mus,
2381 3616 2622 3673 fecerunt
2659 3622 3135 3691 pseudoapostoli,
3180 3623 3408 3695 ideoque
3463 3641 3572 3682 non
3624 3633 3750 3681 recte

2188 3705 2347 3776 agitis
2369 3716 2742 3777 praaponentes
2770 3709 2889 3766 illos
2921 3712 3100 3767 nobis.

2157 3796 2168 3806 ’
2262 3797 2386 3852 Non
2408 3800 2476 3852 ad
2505 3800 2988 3858 condemnationem
3011 3816 3232 3859 vestram
3257 3806 3396 3870 dico,
3427 3807 3482 3861 id
3523 3817 3628 3872 est,
3657 3820 3751 3861 non

2188 3888 2255 3943 ad
2285 3889 2734 3960 vituperationem
2782 3903 3018 3948 vestram
3049 3912 3136 3951 me
3163 3896 3319 3952 laudo
3355 3897 3601 3970 aliosque
3639 3912 3749 3966 apo-

2186 3981 2354 4038 stolos
2378 4025 2392 4048 ,
2440 3984 2534 4039 sed
2583 3986 2650 4040 ad
2688 3988 3105 4042 correctionem.
3132 3987 3249 4054 Vel,
3283 4005 3390 4044 non
3435 4007 3532 4046 vos
3573 3989 3745 4059 abjicio

2186 4072 2314 4127 talia
2345 4074 2600 4140 dicendo,
2632 4075 2726 4131 sed
2764 4086 2823 4130 ut
2854 4093 2948 4132 vos
2973 4079 3259 4148 corrigatis
3299 4078 3584 4143 admoneo,
3616 4079 3743 4135 Pra-

2186 4167 2416 4222 dia‘imus
2459 4171 2596 4223 enim
2645 4171 2698 4223 in
2746 4171 2914 4241 priori
2957 4172 3193 4243 Epistola
3239 4173 3380 4244 quod
3425 4173 3480 4227 in
3521 4174 3744 4228 cordibus

2185 4257 2375 4310 nostris
2400 4258 2543 4323 estis,
2573 4258 2685 4312 sive
2712 4259 2764 4313 in
2792 4260 3067 4318 voluntate
3089 4271 3293 4327 nostra,
3326 4268 3394 4317 ad
3425 4265 3744 4318 commorien-

2184 4349 2310 4402 dum
2338 4349 2391 4404 in
2420 4351 2676 4420 przescnti
2707 4353 2837 4417 vita,
2867 4355 2935 4406 ad
2964 4356 3334 4411 convivendum
3358 4357 3410 4410 in
3434 4355 3610 4410 futura
3642 4353 3740 4424 glo-

2183 4440 2287 4505 ria,
2319 4440 2371 4494 id
2415 4450 2516 4506 est,
2549 4451 2698 4498 tanto
2735 4460 2920 4500 amore
2945 4455 2999 4500 et
3029 4447 3294 4502 desiderio
3325 4465 3452 4520 erga
3497 4463 3589 4502 vos
3612 4447 3746 4500 duci-

2182 4546 2323 4598 mur,
2352 4543 2433 4598 ut,
2466 4534 2509 4588 si
2536 4533 2650 4589 ﬁeri
2675 4545 2876 4604 posset,
2902 4539 3218 4608 martyrium
3248 4539 3304 4592 in
3328 4539 3432 4593 hoc
3456 4537 3644 4594 szeculo
3661 4552 3742 4606 per

2107 4597 2158 4656 D
2181 4622 2348 4678 multa
2377 4625 2640 4696 supplicia
2675 4597 2786 4698 pro
2812 4597 3010 4682 Christi
3041 4597 3259 4683 nomine
3283 4631 3562 4684 nobiscum
3590 4628 3742 4684 susti-

2182 4717 2400 4780 neretis,
2441 4727 2498 4772 ut
2534 4734 2788 4774 coronam
2819 4731 2873 4776 et
2900 4722 3182 4791 premium
3206 4724 3453 4794 martyrii
3483 4722 3742 4777 nobiscum

2181 4807 2514 4876 reciperetis.

2255 4897 2425 4953 Multa
2449 4902 2573 4954 milii
2592 4902 2790 4971 ﬁducia
2819 4913 2893 4956 est
2916 4904 3056 4974 apud
3072 4921 3178 4972 vos,
3203 4906 3462 4962 subaudis
3487 4906 3600 4962 ideo
3623 4902 3744 4956 talia

2182 4989 2394 5060 loquor,
2430 5006 2654 5061 sperans
2694 5008 2790 5047 vos
2835 4993 2966 5048 mihi
3007 4995 3319 5052 obcdicntes
3365 5012 3487 5054 esse
3524 5015 3537 5051 :
3570 5011 3744 5065 super-

2181 5081 2387 5136 abundo
2412 5082 2605 5152 gaudio
2633 5085 2688 5136 in
2708 5085 2846 5137 omni
2875 5085 3210 5141 tribulatione
3231 5101 3431 5154 nostra,
3456 5090 3504 5143 id
3531 5105 3622 5152 εει,
3655 5103 3744 5140 au-

2180 5173 2333 5228 diens
2361 5175 2752 5230 correctionem
2796 5185 3029 5232 vestram
3069 5188 3124 5232 et
3163 5180 3360 5234 bonam
3399 5179 3744 5236 conversatio—

2181 5277 2324 5329 nem,
2360 5264 2432 5317 ita
2461 5279 2579 5318 sum
2611 5265 2805 5336 gaudio
2835 5265 3088 5336 repletus,
3118 5279 3179 5323 ut
3205 5269 3333 5324 licet
3367 5271 3419 5325 in
3447 5283 3654 5324 carcere
3690 5275 3744 5322 et

2178 5355 2408 5410 vinculis
2438 5365 2653 5411 tcnerer
2673 5359 3023 5422 constrictus,
3059 5361 3192 5416 nihil
3215 5363 3419 5417 doloris
3444 5362 3712 5418 sentirem.

2253 5445 2393 5500 Nam
2436 5458 2483 5501 et
2531 5465 2650 5503 cum
2692 5449 3002 5506 venissemus
3041 5453 3096 5506 in
3119 5452 3505 5518 Macedoniam,
3547 5451 3742 5507 nullam

2179 5542 2405 5611 requiem
2425 5541 2602 5594 [tabuit
2623 5558 2745 5596 caro
2765 5553 2976 5609 nostra;
2999 5546 3094 5600 sed
3118 5546 3260 5616 quod
3275 5562 3404 5603 caro
3418 5564 3519 5604 non
3540 5545 3744 5607 habuit,

2178 5631 2401 5700 spiritus
2429 5633 2619 5687 habuit
2649 5633 2740 5702 qui
2791 5634 3089 5691 delectatur
3123 5637 3266 5693 inter
3305 5641 3544 5694 adversa.
3569 5634 3744 5690 Mace-

2179 5722 2337 5778 donia
2392 5733 2478 5779 est
2525 5726 2674 5798 regio
2717 5725 2973 5793 Achaiae,
3011 5730 3064 5783 in
3115 5745 3274 5799 quam
3321 5747 3444 5784 cum
3479 5727 3748 5783 venissent

2178 5814 2374 5872 Paulus
2405 5827 2456 5874 et
2491 5816 2664 5887 Silas,
2695 5829 2749 5875 et
2778 5819 3073 5891 co'pissent
3099 5821 3396 5892 prtedicare
3420 5831 3471 5878 et
3496 5817 3748 5876 miracula
