3996 6442
251 427 345 481 GM

917 414 1280 472 EXI‘OSlTlO
1319 413 1384 468 lN
1421 413 1569 469 EPP.
1613 413 1670 470 S.
1713 412 1936 469 PAULI.
1981 443 2049 453 ——
2088 411 2152 466 ΙΝ
2192 412 2410 470 EPIST.
2449 414 2494 470 ll
2530 416 2621 470 AD
2660 415 2816 472 COD.

3401 412 3507 468 642

237 528 439 594 facere,
469 528 642 599 puella
665 529 910 599 quaedam
932 531 1136 586 habens
1166 532 1413 600 spiritum
1445 529 1817 600 pythonicum,
1848 531 1894 590 Α
1927 533 2013 580 tus
2059 526 2392 594 Augustinus
2419 527 2563 596 quod
2604 527 2731 582 licet
2776 529 2878 583 ista
2911 527 3218 597 conjunctio
3246 527 3504 599 causalis,

238 635 357 690 quae
422 633 528 673 non
592 621 864 674 modicum
923 630 1187 689 quazstum
1247 621 1539 690 praestabat
1587 619 1820 684 dominis

236 712 350 764 suis
389 711 706 775 divinando,
739 712 1036 767 incedendo
1061 728 1156 782 per
1178 713 1405 781 plateas,
1430 711 1699 765 clamabat
1734 711 1818 764 di-

235 817 364 857 cens
393 819 405 854 :
438 800 482 856 Ο
512 802 677 864 cives,
721 802 823 856 viri
857 803 945 857 isti
983 804 1124 858 servi
1156 804 1246 857 Dei
1278 802 1475 857 excelsi
1512 810 1639 856 sunt
1679 801 1818 872 (Act.

237 895 372 962 xvi).
400 892 563 961 Cujus
603 895 858 952 misertus
885 896 1102 960 Paulus,
1135 895 1339 967 fugavit
1372 896 1663 968 malignum
1708 896 1819 964 spi-

235 987 399 1041 ritum
423 987 490 1040 ab
517 1002 600 1040 ea.
628 985 882 1043 Videntes
903 997 1082 1043 autem
1111 989 1309 1043 domini
1333 987 1450 1057 ejus
1467 1030 1481 1052 ,
1505 989 1629 1058 quia
1653 988 1823 1044 exivit

235 1090 364 1146 spes
392 1085 629 1146 quaestus
658 1076 892 1141 illorum,
922 1079 1334 1134 concitaverunt
1362 1079 1682 1134 seditionem
1712 1093 1818 1133 non

236 1168 505 1222 modicam
539 1167 590 1221 in
614 1167 837 1222 Paulum
865 1178 918 1223 et
955 1168 1122 1223 Silam
1144 1210 1158 1234 ,
1202 1171 1466 1224 intantum
1495 1179 1554 1224 ut
1581 1185 1703 1224 cum
1731 1170 1818 1225 diu

233 1257 707 1329 ﬂagellatiesscnt,
736 1260 1083 1315 mitterentur
1110 1261 1162 1314 in
1187 1261 1292 1314 ima
1321 1262 1574 1316 carceris.
1608 1260 1674 1315 Et
1697 1261 1822 1317 inde

237 1348 552 1420 subjungit:
585 1348 700 1404 Non
732 1350 941 1415 habuit,
976 1351 1246 1420 inquiens,
1276 1351 1515 1420 requiem
1558 1367 1686 1405 caro
1725 1367 1822 1405 no-

235 1449 382 1505 stra;
409 1439 498 1493 sed
541 1457 743 1494 omnem
781 1441 1170 1496 tribulationem
1216 1444 1357 1512 passi
1402 1458 1604 1496 sumus.
1637 1441 1817 1507 Foris,

234 1531 496 1586 subaudis
529 1540 704 1595 erant,
737 1549 944 1602 pugnw,
974 1533 1114 1586 intus
1161 1534 1390 1587 timores.
1429 1532 1627 1602 Pugnae
1665 1541 1821 1588 erant

232 1621 369 1679 foris
398 1623 450 1678 in
475 1639 721 1695 corpore,
749 1624 876 1678 dum
907 1625 1244 1680 sustinebant
1265 1627 1487 1696 yerbera
1510 1635 1564 1681 et
1591 1625 1817 1696 ﬂagella,

231 1711 384 1767 intus
417 1712 642 1768 timores
668 1714 720 1767 in
751 1714 953 1778 animo,
985 1716 1235 1770 timentes
1260 1731 1328 1770 ne
1357 1716 1606 1784 passione
1632 1731 1820 1770 eorum

229 1802 584 1857 scandalizati
616 1803 668 1858 hi
707 1804 797 1872 qui
829 1803 1211 1869 crediderant,
1260 1821 1290 1860 a
1339 1804 1445 1860 fide
1482 1806 1817 1861 recederent.

1925 617 2040 683 sed,
2071 617 2123 670 in
2158 619 2259 672 hoc
2299 619 2416 673 loco
2450 620 2666 688 plenum
2695 636 2911 676 sensum
2938 637 3045 675 non
3081 623 3292 688 reddat,
3325 633 3504 679 tamen

1923 707 2064 776 apud
2093 706 2312 779 Graecos
2341 709 2543 778 Optime
2567 721 2801 765 resonat.
2834 711 2901 766 In
2921 712 3179 774 omnibus,
3210 727 3330 782 qua:
3356 712 3506 766 vobis

1919 799 2172 870 praecepi,
2192 799 2498 853 exhibuistis
2521 811 2576 855 et
2593 803 2939 871 prteparastis
2960 819 3046 856 vos
3069 803 3507 856 incontaminatos

1922 905 2034 943 esse
2072 891 2300 959 negotio,
2326 891 2378 945 id
2415 898 2502 945 est
2531 892 2838 960 impollutos
2862 909 2981 948 esse
3010 910 3039 948 a
3063 909 3183 949 meo
3210 902 3504 964 pratcepto,

1922 979 2048 1049 quia
2078 981 2338 1036 obedistis
2364 983 2518 1038 mihi.
2549 982 2702 1038 Tunc
2737 985 2880 1039 enim
2927 986 3223 1056 discipulus
3258 986 3504 1054 impollu-

1926 1080 2038 1125 tum
2084 1088 2142 1126 se
2181 1074 2358 1129 reddit
2387 1090 2417 1128 a
2454 1085 2727 1145 praecepto
2751 1077 3047 1146 magistri,
3078 1077 3294 1146 quando
3324 1077 3510 1131 obedit

1915 1157 2146 1228 jussioni
2176 1164 2336 1219 illius.
2365 1164 2422 1219 Si
2447 1181 2574 1220 vero
2599 1166 2914 1222 inobediens
2934 1170 3206 1222 exstiterit
3225 1170 3276 1222 in
3301 1170 3506 1238 aliquo,

1923 1260 1977 1304 et
2015 1252 2059 1306 si
2101 1252 2169 1306 ab
2193 1255 2442 1310 omnibus
2473 1255 2680 1312 alienus
2721 1258 2892 1327 culpis
2927 1260 3173 1324 exsistit,
3212 1269 3389 1315 tamen
3437 1277 3506 1316 ex

1925 1343 2287 1400 inobedientia
2326 1347 2647 1402 maculatur.
2676 1348 2886 1426 Aliter:
2923 1351 2976 1404 In
3007 1351 3107 1405 hoc
3136 1353 3374 1422 probatis
3412 1368 3508 1407 vos

1925 1433 2194 1491 immunes
2219 1453 2339 1492 esse
2361 1454 2391 1492 a
2411 1439 2567 1509 culpa
2602 1441 2851 1508 aliorum,
2875 1444 3001 1512 quia
3031 1443 3240 1498 illorum
3264 1461 3507 1500 errorem

1923 1515 2138 1581 fortiter
2167 1529 2526 1597 eorripuistis.
2555 1529 2965 1587 Contaminatus
3003 1534 3146 1589 enim
3167 1575 3181 1600 ,
3211 1537 3508 1590 auctorita-

1924 1623 2033 1670 tem
2063 1633 2168 1670 non
2197 1619 2360 1673 habet
2388 1620 2441 1674 in
2465 1620 2599 1676 alios
2631 1623 2906 1678 vindicare

1995 1707 2172 1778 Igitur
2205 1711 2304 1763 etsi
2353 1712 2539 1781 scripsi
2579 1714 2716 1768 vobis
2752 1715 2987 1783 priorem
3035 1715 3350 1786 Epistulam,
3400 1735 3504 1773 non

1921 1811 2132 1871 prapter
2161 1818 2280 1855 eum
2314 1803 2652 1859 solummodo
2697 1806 2923 1875 scripsi,
2955 1808 3045 1877 qui
3071 1808 3192 1876 fecit
3223 1809 3502 1878 injuriam,

226 1894 435 1949 Aliter:
453 1895 628 1960 Foris,
655 1896 708 1951 id
729 1905 833 1962 est,
858 1909 1014 1952 extra
1040 1914 1315 1960 carcerem
1344 1899 1396 1952 in
1423 1898 1636 1968 publico
1661 1906 1816 1953 erant

1927 1890 2169 1946 erunibus
2188 1892 2364 1958 vobis,
2388 1895 2700 1964 accipiendo
2721 1911 2942 1951 uxorem
2965 1897 3154 1965 patris,
3181 1897 3264 1952 vel
3286 1907 3506 1968 prepter

227 2003 427 2058 pugna:
456 1997 645 2043 contra
676 1990 978 2056 credentes,
1003 1991 1094 2061 qui
1121 1990 1576 2061 impugnabantur
1603 1991 1671 2045 ab
1697 1991 1818 2045 inli-

228 2078 464 2143 delibus,
494 2079 639 2134 intus
681 2080 734 2134 in
775 2095 994 2135 carcere
1030 2090 1186 2135 erant
1228 2082 1481 2147 timores,
1530 2081 1618 2136 ubi
1662 2092 1822 2139 erant

227 2171 468 2240 apostoli
505 2169 670 2226 vincti
700 2171 825 2241 quia
855 2172 1119 2226 timebant
1155 2172 1391 2227 interﬁci
1433 2188 1464 2226 a
1510 2182 1820 2244 perseeuto-

226 2262 405 2318 ribus.

229 2407 234 2410 .
301 2352 553 2423 Referens
594 2353 741 2408 nobis
789 2363 1017 2408 vestrum
1041 2353 1381 2418 desiderium,
1413 2369 1519 2423 quo
1549 2354 1818 2409 desidera-

223 2443 377 2498 batis
399 2459 492 2498 vos
505 2443 911 2506 emendare,vel
935 2459 1043 2513 quo
1066 2443 1460 2498 desiderabatis
1482 2459 1580 2498 nos
1598 2444 1814 2512 videre;

223 2543 456 2589 uestrum
493 2536 707 2604 ﬂetum,
736 2551 844 2604 quo
871 2533 1079 2589 deﬂetis
1107 2534 1227 2589 illos
1256 2535 1349 2604 qui
1381 2549 1412 2588 a
1444 2534 1546 2590 ﬁde
1578 2551 1818 2592 recesse-

224 2635 391 2688 runt;
444 2636 661 2680 vestram
705 2627 1092 2681 cumulationem
1131 2645 1226 2696 pro
1261 2644 1360 2692 me,
1391 2628 1444 2682 id
1467 2637 1550 2683 est
1576 2637 1815 2685 vestrum

223 2733 472 2773 amorem
511 2733 636 2787 erga
673 2733 791 2782 me,
840 2733 948 2787 quo
985 2719 1229 2773 succensi
1277 2719 1490 2774 fortiter
1529 2719 1817 2778 defendere

222 2808 479 2862 voluistis
508 2808 949 2878 praedicationem
979 2823 1156 2863 meam
1187 2824 1368 2865 veram
1397 2825 1536 2876 esse,
1564 2818 1620 2865 et
1652 2811 1816 2868 falsos

222 2900 506 2970 apostolos
537 2917 566 2954 a
596 2901 750 2956 vobis
782 2902 1058 2970 repulistis
1086 2918 1099 2956 :
1131 2902 1202 2955 ita
1231 2912 1283 2955 ut
1308 2903 1472 2972 magis
1511 2903 1813 2971 gauderem,

221 2991 491 3046 subaudis
535 2991 603 3046 de
649 3001 831 3048 vestra
870 2993 1240 3057 correctione,
1269 3007 1432 3061 quam
1473 2993 1720 3049 tristarer
1747 2994 1816 3048 de

221 3083 466 3138 vinculis
488 3084 645 3139 meis.

303 3174 432 3229 Non
470 3177 595 3247 quia
651 3177 944 3231 contristati
989 3178 1146 3241 estis,
1193 3176 1450 3232 subaudis
1487 3176 1813 3246 accipientes

220 3266 514 3339 epistolam
539 3307 554 3332 ,
585 3268 704 3322 ideo
732 3269 960 3338 gaudeo,
990 3269 1283 3322 contristati
1317 3269 1452 3323 enim
1482 3270 1602 3322 estis
1623 3285 1808 3324 secun-
1840 3255 1885 3317 C

218 3361 359 3414 dum
403 3358 590 3413 Deum.
623 3359 715 3413 lllc
757 3361 1110 3416 contristatur
1154 3361 1448 3416 secundum
1490 3359 1690 3425 Deum,
1721 3360 1814 3429 qui

221 3451 403 3506 Deum
436 3465 530 3518 per
558 3450 930 3519 paenitentiam
963 3451 1065 3505 sibi
1097 3451 1296 3520 placari
1325 3452 1611 3506 desiderat.
1652 3449 1721 3505 Ut
1759 3451 1814 3507 in

223 3540 380 3597 nullo
401 3541 766 3595 detrimentum
798 3543 1072 3611 patiamini
1104 3543 1354 3607 exnobis,
1389 3543 1441 3596 id
1467 3553 1551 3598 est
1582 3543 1635 3597 in
1668 3543 1814 3600 nullo

221 3647 422 3687 eorum
445 3646 565 3700 qua:
587 3631 738 3686 vobis
761 3632 1090 3701 imperamus
1111 3633 1365 3687 damnum
1389 3630 1662 3685 habeatis:
1687 3631 1813 3700 quia

222 3725 272 3778 si
309 3724 748 3779 eontristavimus
773 3739 868 3778 vos
891 3740 986 3794 per
1008 3723 1316 3794 epistolam,
1347 3722 1572 3779 multum
1596 3724 1816 3793 prodest

222 3816 412 3871 vobis.

305 3906 438 3972 Quae
460 3908 598 3961 enim
624 3905 907 3960 secundum
937 3904 1103 3959 Deum
1144 3906 1357 3960 tristitia
1380 3914 1476 3970 est,
1509 3905 1561 3960 id
1587 3913 1692 3968 est,
1721 3903 1814 3974 qui

231 4000 356 4053 Deo
385 3998 599 4068 placere
627 3997 917 4060 desiderat,
965 3997 1322 4065 paenitentiam
1357 4005 1603 4066 operatur
1641 3995 1697 4048 in
1728 4010 1815 4047 sa-

225 4092 398 4144 lutem
453 4086 724 4152 stabilem,
767 4087 820 4141 id
865 4097 947 4141 est
995 4087 1048 4140 in
1092 4071 1255 4140 vitam
1296 4093 1573 4140 aeternam.
1621 4083 1814 4140 chuli

228 4189 415 4236 autem
445 4180 679 4243 tristitia,
711 4180 762 4233 id
791 4187 874 4233 est
899 4193 1017 4248 quae
1043 4193 1140 4247 pro
1162 4179 1451 4232 amissione
1476 4192 1656 4232 rerum
1680 4185 1815 4230 tem-

225 4269 504 4344 poralium
553 4279 654 4334 est,
688 4268 771 4324 vel
798 4283 895 4339 pro
923 4269 1104 4338 aliquo
1150 4269 1334 4322 dolore
1367 4266 1676 4335 temporalis
1714 4268 1812 4333 rei,

226 4373 456 4418 mortem
483 4373 750 4432 operatur,
783 4363 1040 4417 subaudis
1069 4373 1350 4426 aeternam,
1387 4361 1438 4415 id
1479 4368 1562 4416 est
1593 4360 1815 4415 damna-

228 4461 439 4515 tionem
468 4460 662 4514 anima:
695 4478 706 4513 :
739 4459 1056 4529 plerumque
1097 4458 1260 4512 etiam
1302 4464 1531 4512 mortem
1572 4455 1815 4527 corporis

228 4553 383 4624 quod
413 4553 465 4606 in
494 4553 981 4623 multis'expertum
1011 4553 1258 4606 habetur.

1921 1982 2040 2037 i‘llos
2069 1984 2159 2054 qui
2189 1984 2433 2040 fraudem
2463 1985 2711 2041 fecerunt
2750 1987 3041 2055 fratribus;
3082 1989 3172 2042 sed
3219 1990 3288 2042 ad
3333 1991 3504 2043 mani-

1917 2071 2213 2143 festandam
2269 2075 2674 2130 sollicitudinem
2726 2089 2957 2132 nostram
2999 2096 3156 2148 quam
3205 2097 3299 2150 pro
3360 2084 3503 2138 vobis

1919 2165 2189 2221 habemus.
2218 2165 2447 2236 Ideoque
2492 2168 2714 2223 subdit:
2744 2169 2871 2224 Ideo
2911 2169 3165 2225 consolati
3213 2189 3395 2227 sumus
3435 2174 3502 2230 de

1917 2243 2100 2310 vestra
2135 2258 2512 2314 emendatione
2547 2269 2604 2314 et
2649 2260 2955 2317 obedientia
2996 2269 3158 2332 atque
3190 2264 3504 2333 receptione

1919 2342 2048 2400 Titi.

2000 2434 2211 2490 Viscera
2233 2440 2368 2508 ejus,
2394 2440 2445 2494 id
2477 2448 2562 2494 est
2587 2439 2712 2505 Titi,
2737 2441 3089 2496 abundantius
3108 2443 3163 2496 in
3195 2443 3333 2498 vobis
3356 2455 3498 2500 sunt.

1918 2525 2189 2597 Quidquid
2229 2528 2370 2583 intra
2403 2532 2610 2585 corium
2654 2534 2980 2597 continetur,
3026 2535 3206 2589 viscus
3237 2537 3499 2606 appellari

1916 2627 2114 2688 potest.
2131 2619 2248 2674 Filii
2273 2637 2488 2692 quoque
2513 2622 2721 2678 viscera
2743 2623 3011 2678 dicuntur.
3029 2624 3310 2680 Ponuntur
3332 2627 3498 2680 etiam

1916 2727 2013 2781 pro
2057 2713 2236 2766 nimiae
2289 2713 2594 2768 dilectionis
2646 2713 2876 2780 affectu,
2925 2715 3065 2770 sicut
3117 2717 3170 2770 in
3217 2720 3318 2772 hoc
3357 2717 3497 2772 loco.

1923 2800 2137 2856 Viscera
2168 2802 2312 2874 ejus,
2347 2804 2398 2858 id
2428 2814 2511 2859 est
2540 2805 2703 2859 nimia
2730 2805 2946 2860 dilectio
2971 2815 3026 2860 et
3057 2805 3284 2862 allectus
3313 2807 3500 2862 chari-

1920 2891 2046 2945 tatis
2075 2907 2201 2961 erga
2231 2908 2328 2947 vos
2352 2894 2583 2964 amplius
2615 2895 2908 2952 abundavit

1989 2979 2204 3034 Gaudeo
2227 2984 2365 3051 quod
2387 2983 2438 3036 in
2478 2985 2718 3038 omnibus
2739 2985 2944 3056 conﬁdo
2969 2988 3024 3041 in
3050 2987 3211 3054 vobis,
3238 2990 3500 3047 subaudis

1917 3073 2042 3142 quia
2069 3073 2379 3129 obedientes
2406 3074 2558 3130 eritis
2588 3077 2744 3132 mihi.

2499 3227 2727 3285 CAPUT
2765 3228 2900 3285 Vlll.

1993 3354 2192 3410 Notum
2239 3365 2413 3410 autem
2450 3356 2674 3426 facimus
2719 3360 2858 3434 vobis
2906 3363 3131 3432 gratiam
3165 3363 3290 3432 Dei,
3331 3365 3384 3422 id
3417 3377 3502 3423 est

1918 3444 2076 3500 ﬁdem
2109 3456 2419 3518 czeteraque
2451 3449 2602 3515 talia,
2633 3468 2751 3520 qua:
2783 3455 2952 3524 gratis
2990 3457 3186 3511 dantur
3229 3459 3496 3526 lidelibus,

1915 3556 2031 3610 quia
2059 3540 2230 3610 gratia
2260 3542 2387 3596 data
2421 3552 2496 3597 est
2539 3544 2787 3599 Ecclesite
2815 3545 3160 3614 Macedoniw,
3190 3563 3242 3605 et
3269 3554 3407 3621 quod
3443 3553 3498 3607 in

1917 3630 2080 3684 multo
2119 3635 2467 3702 experimento
2499 3635 2852 3691 tribulationis
2878 3678 2892 3703 ,
2941 3639 3195 3696 subaudis
3224 3651 3416 3698 nostra:
3445 3653 3502 3698 et

1916 3736 2028 3776 sua:
2057 3763 2070 3786 ,
2121 3722 2446 3778 abundantia
2494 3726 2675 3795 gaudii
2715 3728 2942 3796 ipsorum
2987 3731 3113 3799 fuit,
3143 3742 3188 3785 et
3215 3733 3499 3799 altissima,

1823 3823 1830 3831 '
1917 3811 2030 3864 sive
2060 3811 2502 3881 profundissima,
2532 3828 2810 3886 paupertas
2848 3820 3056 3873 illorum
3106 3823 3414 3890 abundarit,
3443 3836 3501 3882 et

1917 3904 2181 3968 excrevit,
2213 3905 2266 3956 in
2301 3906 2494 3958 divitiis
2522 3907 2871 3976 simplicitatis
2900 3927 3098 3964 eorum.
3133 3913 3328 3968 Beatus
3355 3917 3498 3986 Apo-

1917 3991 2086 4045 stolus
2122 4009 2453 4062 cognoscens
2479 3995 2788 4051 Corinthios
2819 4016 3012 4056 avaros
3041 4018 3158 4056 esse
3189 4013 3242 4058 et
3270 4011 3501 4062 tenacis-

1917 4083 2102 4145 simos,
2121 4084 2370 4152 proponit
2387 4085 2466 4138 eis
2484 4085 2855 4156 inexemplum
2876 4092 3194 4147 charitatem
3220 4104 3275 4150 et
3291 4097 3499 4160 bonam

1917 4175 2245 4230 voluntatem
2263 4177 2611 4234 Macedonum
2623 4221 2636 4244 ,
2651 4197 2813 4250 quam
2828 4181 3129 4238 habuerunt
3143 4201 3270 4256 erga
3287 4196 3503 4244 sanctos

1919 4269 2010 4339 qui
2055 4277 2212 4323 erant
2242 4268 2647 4340 Hierosolymis.
2681 4273 2814 4328 Cum
2856 4275 2998 4329 enim
3051 4278 3275 4334 nimium
3319 4293 3503 4336 essent

1918 4376 2180 4431 pauperes
2203 4361 2273 4416 illi
2293 4362 2610 4419 Macedones
2631 4375 2916 4436 antequam
2959 4371 3201 4427 venirent
3230 4375 3296 4429 ad
3317 4375 3499 4441 tidem,

1919 4455 2188 4510 credendo
2218 4455 2271 4509 in
2298 4456 2571 4512 Christum
2594 4499 2609 4525 ,
2640 4461 2880 4514 excrevit
2911 4462 3122 4518 illorum
3151 4481 3344 4537 magna
3371 4485 3502 4538 pau-

1920 4556 2103 4614 pertas
2133 4547 2185 4599 in
2213 4547 2408 4602 multas
2433 4549 2665 4610 divitias,
2695 4552 2820 4621 quia
2854 4569 2919 4607 ex
2956 4556 3142 4610 eadem
3185 4570 3502 4629 paupertate

315 4642 449 4696 Ecce
475 4646 612 4697 enim
629 4644 722 4697 hoc
743 4645 932 4715 ipsum,
960 4644 1010 4698 id
1031 4652 1114 4698 est
1135 4643 1250 4713 ipsa
1275 4643 1813 4709 tristitia,secundum
1838 4631 1890 4692 D
1917 4653 2076 4707 quam
2124 4637 2393 4693 habebant
2421 4641 2602 4694 statim
2648 4650 2708 4696 ut
2751 4645 3116 4712 crediderunt,
3148 4651 3504 4709 decreverunt

233 4737 408 4792 Deum
447 4738 746 4790 contristari
776 4748 1153 4807 ros,quantam
1192 4736 1617 4799 sollicitudinem,
1649 4735 1700 4790 id
1727 4743 1812 4790 est

232 4835 496 4898 quantam
533 4843 716 4880 curam
748 4837 1010 4896 operatur,
1044 4842 1111 4881 ne
1141 4828 1316 4882 denuo
1340 4827 1392 4881 in
1422 4835 1639 4896 peccata
1669 4825 1816 4880 simi-

232 4924 309 4977 lia
335 4921 558 4977 cadatis.
592 4921 691 4977 Ubi
721 4921 866 4976 enim
893 4919 1196 4975 sollicitudo
1221 4931 1324 4985 est,
1355 4936 1460 4974 non
1489 4929 1574 4976 est
1597 4934 1814 4974 somno-

232 5012 422 5074 lentia,
457 5011 740 5071 securitas,
771 5010 855 5065 vel
888 5010 1110 5075 inertia;
1152 5011 1242 5064 sed
1290 5011 1662 5080 defensionem,
1687 5011 1815 5065 sub-

232 5103 396 5158 audis
425 5111 696 5172 operatur,
721 5113 780 5158 ut
802 5118 896 5157 vos
923 5102 1139 5174 possitis
1182 5101 1468 5158 defendere
1490 5104 1559 5158 ab
1588 5103 1814 5158 infesta-

233 5197 389 5250 tionc
411 5194 743 5258 dmmonum;
771 5194 862 5248 sed
892 5193 1322 5263 indignationem,
1354 5194 1478 5262 quia
1507 5193 1815 5265 indignatur

233 5289 404 5342 homo
451 5286 771 5356 sibimetipsi
817 5285 944 5339 dum
997 5285 1346 5356 peceat:qui
1395 5284 1590 5339 bonam
1629 5301 1815 5340 curam

234 5379 424 5443 habet,
458 5378 770 5448 indignatur
796 5378 959 5432 etiam
993 5387 1180 5433 contra
1224 5389 1528 5448 peccantes,
1559 5378 1641 5432 vel
1684 5379 1812 5435 alio-

238 5485 364 5523 rum
410 5468 803 5540 indignationes
848 5469 1113 5538 patienter
1155 5469 1414 5535 sustinet;
1447 5469 1536 5523 sed
1579 5470 1814 5524 timorem

239 5559 339 5615 Dei
389 5568 642 5629 operatur
686 5559 774 5613 sed
812 5559 1127 5612 desiderium
1173 5559 1363 5630 patria:
1411 5559 1680 5625 ctelestis;
1725 5560 1816 5614 sed

235 5650 647 5715 rvumlatiouem,
681 5650 733 5704 id
776 5658 859 5704 est
901 5653 1138 5706 ainorcm
1165 5651 1281 5716 Dei,
1312 5652 1548 5706 studium
1591 5651 1814 5718 bonum,

233 5748 297 5796 et
329 5741 680 5795 imitationem
723 5742 987 5796 bonorum
1032 5757 1282 5810 operum,
1316 5743 1406 5796 sed
1442 5742 1721 5798 vindictam
1761 5744 1814 5800 in

233 5829 444 5900 seipse,
473 5830 597 5902 quia
621 5829 858 5901 seipsum
889 5845 1047 5886 causa
1075 5831 1253 5887 delicti
1282 5830 1486 5904 allligit.
1515 5831 1658 5888 Dicit
1683 5833 1813 5889 bea—

1920 4731 2122 4788 sanctis
2151 4733 2363 4786 mittere
2393 4735 2719 4799 necessaria,
2763 4738 2856 4804 qui
2893 4747 3054 4816 erant
3093 4741 3500 4816 Hierosolymis,

1921 4831 1975 4876 et
2004 4823 2103 4876 hoc
2126 4822 2461 4891 simpliciter,
2487 4824 2538 4877 id
2562 4833 2645 4880 est
2669 4826 2809 4880 bona
2835 4828 3110 4886 voluntate
3131 4843 3184 4886 et
3209 4833 3502 4890 intentione

1923 4913 2190 4967 fecerunt.
2231 4915 2306 4967 De
2350 4913 2688 4986 eleemosyna
2734 4932 2862 4988 ergo
2907 4929 2960 4974 et
2999 4920 3288 4978 donatione
3335 4941 3498 4994 quam

1922 5005 2136 5060 volebat
2179 5007 2468 5077 Apostolus
2518 5019 2574 5063 ut
2625 5010 2888 5070 Corinthii
2939 5014 3218 5071 mitterent
3263 5018 3366 5073 illis
3409 5021 3498 5088 qui

1923 5104 2079 5149 erant
2105 5095 2491 5169 Hierosolymis
2513 5137 2528 5166 ,
2560 5101 2728 5156 multa
2755 5102 3033 5160 locuturus
3072 5115 3156 5161 est
3184 5108 3237 5162 in
3272 5124 3503 5180 sequen-

1921 5185 2085 5240 tibus.

1992 5280 2130 5346 Quia
2156 5283 2440 5336 secundum
2470 5285 2709 5341 virtutem
2737 5290 3088 5346 testimonium
3113 5290 3220 5347 illis
3242 5295 3423 5358 reddo,
3453 5306 3502 5351 et

1919 5387 2079 5440 supra
2118 5373 2356 5426 virtutem
2400 5374 2681 5430 voluntarii
2725 5377 2962 5446 fuerunt.
2989 5378 3134 5435 Ordo
3159 5383 3504 5450 perturbatus

1922 5469 1977 5515 et
2006 5471 2410 5532 praeposterus:
2448 5465 2837 5522 Testimonium
2870 5467 2976 5522 illis
3024 5468 3221 5535 reddo,
3254 5470 3503 5528 Macedo-

1923 5557 2085 5613 nibus
2113 5557 2377 5624 videlicet,
2409 5560 2533 5629 quia
2562 5577 2724 5631 supra
2749 5564 3003 5618 virtutem
3027 5578 3178 5618 suam
3211 5564 3500 5619 voluntarii

1923 5645 2159 5713 fuerunt,
2190 5648 2244 5704 id
2269 5658 2352 5703 est
2379 5649 2500 5718 plus
2543 5651 2827 5706 voluerunt
2872 5661 3048 5722 quam‘
3067 5663 3306 5723 possent,
3331 5665 3387 5711 et
3413 5671 3500 5710 se-

1922 5741 2153 5795 cundum
2188 5741 2441 5795 virtutem
2473 5742 2845 5811 possibilitatis
2869 5758 2980 5797 suae
3004 5743 3286 5799 dederunt.

1991 5830 2120 5885 Cum
2146 5831 2310 5887 multa
2333 5833 2694 5887 exbontatione
2727 5833 3050 5890 obsecrantes
3069 5851 3202 5908 ‘nos,
3246 5836 3502 5892 subaudis
