3940 6344
571 387 677 444 645

1026 383 1376 443 ΗΔῚΜΟΝΙδ
1409 387 1839 445 ALBERSTAT.
1883 387 2097 443 El‘lSC.
2139 383 2292 441 OPP.
2335 381 2515 439 PARS
2555 383 2596 438 l.
2635 413 2704 424 —
2739 363 3096 438 COSIMENT.
3135 381 3290 436 BlBL.
3625 396 3697 451 et;

569 513 630 561 ut
657 504 1023 575 acciperemus
1065 501 1134 556 ab
1168 502 1248 558 eis
1279 505 1539 574 gratiam,
1585 504 1640 559 id
1676 516 1760 560 est
1799 503 2142 560 donationem
2172 507 2222 565 Α
2249 517 2366 556 rum
2394 501 2614 555 refectio
2637 501 2887 571 gaudeat,
2928 507 2984 555 et
3029 500 3303 557 domestica
3341 500 3598 562 sullicieutia
3620 527 3698 570 non

570 611 733 668 quam
766 593 840 650 illi
861 594 1030 666 gratis
1055 594 1276 660 dabam,
1304 604 1352 649 et
1375 597 1895 652 communicationem
1916 597 2149 652 ministe-

571 691 640 746 rii
659 690 800 761 quod
828 690 887 758 ﬁt
917 690 971 743 in
997 699 1225 754 sanctos,
1257 689 1348 760 qui
1374 697 1499 745 sunt
1525 689 1931 760 Hierosolymis.

639 780 708 836 Et
751 799 855 836 non
890 783 1023 836 sicut
1063 783 1406 853 speravimus,
1439 783 1530 838 sed
1552 784 1851 853 semetipsos
1877 782 2148 846 dederunt,

567 873 620 928 id
649 883 749 938 est,
776 888 881 928 nou
909 872 1157 930 fecerunt
1181 875 1320 930 sicut
1351 875 1649 940 timuimus,
1679 876 1891 945 quando
1917 869 2149 945 primum

2251 594 2477 648 laboret.
2514 592 2820 647 Notandum
2851 601 2912 647 ut
2958 593 3050 647 hic
3083 592 3337 648 distinctio
3371 596 3451 661 sit,
3498 599 3570 653 ubi
3595 601 3700 668 dicit,

2250 687 2346 742 sed
2374 700 2442 740 ex
2481 685 2788 754 aequalitate
2820 702 2833 738 :
2860 683 2929 738 In
2957 685 3195 752 pra-senti
3227 693 3448 753 tempore,
3488 687 3533 742 id
3569 700 3632 744 est
3666 694 3702 748 iu

2251 779 2353 834 hac
2379 779 2514 844 vita,
2572 787 2741 833 uestra
2785 777 3110 831 abundantia
3155 777 3350 832 illorum
3398 781 3585 850 inopiam
3622 802 3706 855 ηρ-

2248 870 2408 939 pleat,
2442 880 2499 923 ut
2525 880 2574 924 et
2597 869 2810 923 illorum
2841 869 3182 933 abundantia,
3206 883 3317 937 quae
3339 871 3554 940 spiritalis
3576 886 3649 938 est,
3669 879 3704 931 in

557 977 665 1023 -ηοε
695 976 993 1038 posuerunt
1021 968 1074 1022 in
1108 982 1380 1023 carcerem
1409 986 1421 1021 ε
1449 982 1670 1038 sperare
1694 968 1838 1022 enim
1865 968 1951 1042 hic
1973 968 2152 1037 posuit
2244 959 2465 1029 jejuniis
2500 969 2555 1016 et
2586 959 2939 1022 orationibus,
2971 969 3149 1013 vestra:
3177 961 3354 1029 inopia:
3375 963 3432 1015 sit
3463 965 3705 1032 supplemen-

563 1073 662 1130 pro
698 1058 894 1114 timore
921 1059 1061 1114 sicut
1096 1067 1153 1114 et
1191 1058 1243 1114 in
1291 1057 1519 1129 Virgilio
1565 1059 1839 1114 habetur:

692 1168 836 1218 Hunc
860 1181 956 1230 ego
979 1169 1019 1218 si
1045 1169 1176 1229 potui
1202 1175 1385 1218 tantum
1406 1181 1607 1230 sperare
1630 1167 1870 1229 dolorem,

562 1266 662 1322 pro
694 1266 760 1306 eo
799 1251 942 1322 quod
969 1260 1054 1306 est
1094 1252 1325 1306 timere:
1369 1252 1595 1321 primum
1627 1249 1892 1305 dederunt
1939 1266 1997 1306 se
2045 1251 2148 1307 Do-

564 1341 730 1409 mino,
755 1343 1018 1398 veniendo
1039 1341 1104 1397 ad
1128 1343 1308 1409 (idem,
1335 1351 1389 1397 et
1409 1341 1728 1412 corrigendo
1755 1357 1970 1397 errores
1997 1359 2144 1410 suos,

565 1431 753 1487 deinde
800 1433 968 1498 nobis,
1021 1432 1298 1489 subdendo
1345 1447 1404 1488 se
1445 1440 1633 1487 nostro
1677 1431 2012 1500 magisterio,
2049 1434 2144 1498 ita,

564 1524 792 1579 subaudi
824 1524 1087 1579 dederunt
1109 1537 1166 1579 se
1193 1539 1256 1579 ex
1282 1533 1393 1580 toto
1419 1523 1665 1588 Domino,
1697 1532 1750 1579 et
1770 1524 1924 1580 nobis
1947 1524 2146 1580 subditi

564 1616 820 1673 fuerunt:
853 1627 906 1672 ut
953 1634 1253 1688 rogaremus
1284 1616 1483 1683 Titum,
1525 1617 1741 1688 quando
1772 1617 1921 1672 illum
1951 1619 2018 1672 ad
2049 1633 2144 1673 vos

563 1711 827 1775 misimus,
856 1721 910 1765 ut
934 1711 1198 1781 perﬁceret
1240 1712 1295 1764 in
1336 1711 1476 1765 vobis
1503 1711 1727 1780 gratiam
1770 1711 1946 1774 istam,
1976 1710 2142 1782 largi-

562 1801 694 1854 tatis
719 1809 772 1856 et
791 1793 1166 1874 eleemosynae,
1195 1811 1254 1856 ut
1284 1810 1476 1873 sponte
1505 1801 1732 1856 mittatis
1763 1799 2022 1856 fratribus
2048 1799 2138 1870 qui

560 1899 688 1945 sunt
715 1889 1101 1964 Hierosolymis
1153 1893 1294 1948 bona
1333 1893 1687 1965 temporalia,
1728 1894 1869 1949 sicut
1911 1895 1998 1950 isti
2023 1911 2142 1967 gra-

560 1980 630 2036 tis
659 1991 713 2037 et
740 1992 929 2051 sponte
959 1984 1198 2039 mittunt.

633 2070 755 2126 Non
783 2074 935 2143 quasi
965 2053 1230 2144 imperanti
1253 2076 1402 2141 dico,
1437 2075 1693 2132 subaudis
1716 2076 1865 2144 talia,
1912 2079 2004 2134 sed
2051 2096 2145 2150 per

557 2161 783 2216 aliorum
833 2162 1238 2220 sollicitudinem
1280 2169 1436 2221 etiam
1486 2179 1667 2222 vestra:
1702 2170 2144 2241 charitatisinge-

559 2253 703 2306 nium
728 2253 918 2309 bonum
941 2257 1303 2326 comprobans,
1324 2257 1374 2313 id
1395 2267 1496 2324 est,
1516 2267 1576 2313 ut
1595 2275 1692 2328 per
1718 2260 1942 2315 istorum
1967 2261 2143 2316 indul-

557 2345 795 2414 gentiam
832 2345 1130 2417 approbare
1158 2349 1359 2417 possim
1393 2350 1592 2404 bonum
1637 2351 1910 2422 ingenium
1949 2361 2144 2407 vestra:

559 2432 876 2497 charitatis.
916 2444 977 2490 ut
1009 2437 1054 2491 si
1103 2438 1192 2492 isti
1241 2446 1389 2493 tanta
1433 2439 1699 2496 tuiserunt
1741 2443 1834 2512 qui
1877 2458 2143 2515 pauperes

559 2531 705 2584 sunt,
733 2539 832 2578 vos
868 2524 1020 2594 plura
1053 2526 1304 2581 mittatis.

632 2609 792 2666 Scitis
830 2615 967 2667 enim
1013 2617 1236 2669 aratiam
1287 2616 1495 2672 Domini
1541 2619 1708 2673 nostri
1755 2619 1886 2675 Iesu
1924 2622 2139 2689 Christi,

559 2713 724 2771 quam
753 2701 906 2757 vobis
929 2704 1176 2758 contulit.
1215 2703 1406 2760 Omnia
1448 2709 1586 2763 bona
1623 2726 1742 2778 qua:
1787 2712 2025 2767 humano
2048 2728 2140 2785 ge-

560 2790 676 2846 neri
720 2791 844 2847 data
878 2803 1020 2861 sunt,
1067 2797 1241 2866 gratia
1276 2797 1369 2852 Dei
1410 2808 1527 2864 est,
1559 2801 1804 2868 quoniam
1849 2819 1966 2857 cum
2001 2806 2142 2861 dives

559 2891 712 2948 esset,
749 2886 1042 2940 secundum
1084 2887 1446 2954 divinitatem,
1488 2891 1767 2961 possidens
1806 2895 1985 2948 omnia
2016 2912 2139 2952 cum

558 2970 739 3040 Patre,
756 2985 968 3046 propter
988 2993 1095 3044 eos,
1121 2987 1172 3034 et
1193 2995 1380 3038 omnes
1402 2982 1707 3047 credentes,
1739 3001 1930 3055 egenus
1965 2987 2138 3057 factus

557 3074 655 3129 est,
681 3073 737 3120 et
757 3080 982 3136 pauper,
1010 3067 1277 3125 intantum
1299 3079 1358 3126 ut
1379 3087 1484 3127 non
1507 3071 1748 3137 haberet,
1775 3076 1917 3144 quod
1940 3076 2139 3133 habent

557 3155 762 3226 vulpes,
792 3166 848 3210 ut
877 3156 1020 3212 illius
1045 3161 1220 3230 inopia
1251 3177 1340 3216 vos
1372 3163 1559 3218 divites
1599 3165 1802 3229 essetis,
1852 3165 1906 3219 in
1953 3167 2094 3222 caelo
2120 3185 2134 3221 :

555 3259 612 3305 et
647 3248 822 3304 factus
849 3258 934 3306 est
959 3251 1140 3318 homo,
1176 3262 1236 3308 ut
1269 3270 1368 3310 nos
1397 3255 1601 3311 laceret
1639 3257 1789 3322 deos,
1817 3255 1971 3326 juxta
1997 3261 2141 3330 quod

557 3357 656 3414 per
700 3342 1042 3400 Psalmistam
1088 3345 1218 3402 dicit
1258 3363 1273 3401 :
1315 3347 1428 3419 Ego
1463 3349 1575 3405 dixi
1614 3363 1636 3403 :
1677 3350 1764 3406 Dii
1803 3353 1925 3408 estis
1964 3351 2138 3426 (Psal.

559 3438 776 3509 um).

631 3529 700 3584 Et
731 3530 1006 3584 consilium
1033 3532 1084 3586 in
1107 3533 1204 3587 hoc
1224 3534 1314 3599 do,
1341 3535 1596 3591 subaudis
1623 3545 1680 3591 ut
1715 3539 1831 3609 ejus
1857 3552 2142 3612 pauperta-

557 3627 668 3675 tem
711 3619 1015 3676 imitemini.
1067 3621 1184 3678 Hoc
1225 3627 1360 3681 enim
1400 3628 1538 3684 vobis
1568 3629 1694 3684 utile
1738 3642 1846 3697 est,
1883 3635 2141 3690 subaudis

558 3708 739 3765 facere
772 3712 916 3782 quod
942 3713 1098 3779 dico,
1126 3715 1216 3784 qui
1245 3731 1347 3770 non
1377 3717 1544 3771 solum
1576 3720 1770 3789 facere,
1803 3723 1895 3776 sed
1930 3735 1977 3777 et
2018 3724 2143 3779 uelle

559 3797 783 3868 cmpistis
803 3799 867 3852 ab
889 3817 1027 3854 anno
1051 3803 1247 3871 priore,
1273 3803 1384 3858 sive
1409 3803 1476 3859 ab
1499 3821 1639 3859 anno
1659 3810 1951 3875 praeterito.
1975 3809 2143 3867 Erant

559 3887 725 3958 aliqui
757 3889 895 3960 apud
928 3890 1047 3946 illos
1074 3892 1166 3961 qui
1211 3892 1542 3950 voluntatem
1585 3897 1802 3967 quidem
1833 3899 2144 3957 habuerunt

557 3975 761 4048 aliquid
811 3981 1026 4038 mittere
1075 3982 1336 4042 fratribus
1387 3986 1833 4061 Hierosolymam,
1871 3993 1964 4047 sed
2008 3995 2141 4050 nihil

556 4069 684 4126 inde
706 4070 973 4129 fecerunt.
999 4074 1168 4131 Erant
1193 4085 1247 4133 et
1276 4078 1364 4134 alii
1391 4080 1483 4149 qui
1506 4079 1704 4150 aliquid
1728 4083 1851 4138 inde
1877 4083 2139 4152 fecerunt,

555 4160 653 4216 sed
679 4160 746 4216 ad
773 4162 1024 4220 eﬂ'ectum
1053 4181 1161 4221 non
1203 4169 1584 4239 perduxerunt.
1612 4171 1757 4240 Quos
1785 4190 1974 4244 omnes
2016 4175 2143 4231 hor-

558 4259 706 4307 tatur
721 4254 880 4310 modo
902 4255 1115 4312 dicens:
1134 4258 1248 4315 Hoc
1261 4260 1415 4316 vobis
1440 4263 1570 4318 utile
1590 4273 1668 4319 est
1697 4263 1874 4321 facere
1895 4267 1987 4337 qui
2007 4267 2141 4323 velle

557 4341 825 4412 cepistis,
856 4352 912 4398 et
936 4347 1026 4415 qui
1050 4363 1114 4402 ex
1143 4359 1296 4419 parte
1327 4351 1552 4407 fecistis.

630 4431 790 4487 Nunc
808 4451 928 4490 vero
948 4447 995 4491 et
1017 4437 1156 4508 facto
1174 4442 1424 4511 perﬁcite,
1449 4443 1502 4498 id
1524 4453 1628 4510 est,
1647 4460 1807 4516 opere
1827 4447 2137 4519 aditnplete.

630 4519 688 4576 Si
714 4523 852 4577 enim
871 4526 1121 4626 .voluntas
1166 4543 1403 4603 prompta
1452 4543 1508 4589 et
1542 4545 1732 4604 parata
1786 4539 1854 4592 ad
1901 4540 2134 4597 dandum
2163 4565 2214 4626 Ι)

557 4620 656 4676 est,
687 4615 974 4670 secundum
995 4619 1052 4673 id
1073 4633 1284 4692 accepta
1319 4634 1395 4679 est
1434 4627 1573 4697 quod
1601 4627 1775 4693 habet,
1803 4631 2061 4687 subaudis
2080 4643 2136 4688 et

554 4699 667 4767 dat,
700 4719 802 4757 non
829 4708 1113 4762 secundum
1137 4710 1191 4764 id
1220 4715 1357 4782 quod
1382 4732 1484 4770 non
1503 4716 1673 4784 habet,
1705 4718 1831 4788 quia
1861 4735 1967 4774 non
1994 4721 2135 4779 valet

553 4791 686 4848 illud
709 4793 843 4850 dare
873 4797 1016 4866 quod
1051 4815 1156 4855 non
1188 4801 1372 4871 habet,
1399 4805 1525 4862 licet
1572 4809 1720 4864 velit.
1763 4807 1876 4866 Hoc
1915 4813 2129 4881 quidem

552 4883 694 4954 apud
723 4883 972 4943 homines
995 4897 1101 4955 est,
1127 4901 1384 4950 caeterum
1422 4899 1563 4968 apud
1591 4898 1759 4956 Deum
1793 4902 1908 4972 ipsa
1943 4903 2130 4960 volun-

554 4985 638 5033 tas
657 4976 798 5034 bona
829 4993 1231 5040 remuneratur.

625 5066 956 5156 Nonienim,
1002 5074 1262 5132 subaudis
1305 5078 1427 5134 ideo
1456 5080 1580 5136 talia
1615 5085 1885 5156 praccipio,
1919 5097 1977 5142 ut
2007 5087 2128 5143 aliis

549 5152 618 5207 sit
645 5155 904 5221 remissio,
949 5156 1002 5212 id
1033 5168 1148 5225 est,
1186 5161 1516 5218 abundantia
1557 5152 2012 5240 et’rel'ri'gerium,
2037 5175 2128 5227 sed

549 5259 616 5299 ea:
661 5245 982 5316 «qualitate,
1029 5251 1292 5307 subaudis
1339 5253 1441 5310 hoc
1483 5255 1692 5312 debetis
1737 5258 1938 5326 facere,
1977 5263 2127 5318 verbi

549 5339 774 5408 gratia:
823 5339 927 5408 Qui
977 5341 1142 5400 habet
1189 5354 1406 5402 centum
1459 5348 1679 5416 solidos,
1735 5351 2128 5424 quinquaginta

549 5443 734 5484 secum
777 5433 1026 5495 retineat,
1077 5435 1464 5509 quinquaginta
1511 5440 1690 5495 mittat
1734 5442 1819 5497 his
1863 5441 1955 5514 qui
2004 5455 2130 5500 sunt

553 5518 958 5594 Hierosolymis.
998 5526 1094 5582 Vel
1128 5543 1196 5585 ex
1237 5531 1569 5601 aequalitate,
1598 5541 1658 5588 ut
1703 5534 1907 5606 aliquid
1954 5537 2134 5592 mittat

552 5610 680 5676 illis,
708 5620 764 5666 et
811 5615 1013 5686 aliquid
1044 5621 1273 5678 retineat
1317 5623 1385 5678 ad
1427 5639 1553 5681 suos
1597 5641 1927 5699 suorumque
1979 5645 2128 5686 usus.

551 5699 789 5759 Hilarem
814 5706 1079 5778 siquidem
1103 5711 1350 5771 datorem
1387 5716 1759 5774 benevolentia
1808 5721 1981 5789 decet,
2014 5737 2132 5792 quae

552 5792 631 5846 sic
675 5808 828 5852 suam
861 5807 1124 5871 temperet
1167 5805 1471 5878 largitatem
1510 5817 1568 5865 ut
1611 5809 1678 5866 de
1718 5809 1810 5867 illa
1843 5820 1898 5869 et
1927 5828 2128 5885 paupe-

2249 1061 2381 1116 tum,
2420 1052 2474 1106 id
2503 1059 2608 1116 est,
2640 1059 2700 1106 ut
2739 1052 2883 1121 quod
2907 1051 3085 1106 minus
3129 1051 3328 1107 habetis
3367 1053 3412 1108 in
3449 1056 3580 1110 rebus
3595 1059 3706 1127 spiri-

2251 1145 2473 1205 talibus.
2505 1144 2558 1198 in
2593 1145 2723 1213 ipsis
2751 1143 2995 1198 habeatis
3019 1153 3074 1198 et
3102 1144 3238 1213 quod
3281 1144 3349 1198 illi
3378 1161 3470 1198 non
3503 1147 3654 1202 habent
3671 1151 3706 1205 in

2247 1235 2655 1304 temporalibus,
2683 1249 2778 1290 vos
2813 1235 2894 1290 eis
2920 1235 3254 1300 ministretis,
3300 1247 3350 1289 ut
3389 1237 3470 1304 ﬁat
3511 1240 3707 1307 aquatum

2249 1325 2395 1380 inter
2421 1341 2517 1380 vos
2541 1333 2596 1380 et
2620 1325 2759 1390 illos,
2792 1326 2985 1380 dantes
3009 1341 3104 1380 vos
3148 1326 3248 1380 illis
3289 1328 3417 1396 quod
3445 1343 3531 1382 non
3557 1330 3706 1395 habent,

2247 1426 2302 1474 et
2329 1418 2427 1487 ipsi
2456 1419 2607 1473 vobis
2638 1419 2783 1488 quod
2830 1434 2938 1474 non
2965 1419 3196 1486 habetis,
3220 1435 3313 1476 vos
3360 1420 3427 1475 illi
3463 1423 3707 1492 temporalia,

2247 1517 2303 1564 et
2328 1509 2428 1578 ipsi
2457 1509 2612 1563 vobis
2632 1517 2852 1563 aeterna.

2321 1596 2425 1662 Qui
2453 1597 2695 1664 multum,
2723 1598 2982 1653 subaudis
3009 1599 3239 1670 collegit,
3272 1617 3366 1654 non
3403 1600 3707 1656 abundabunt

2245 1688 2337 1759 qui
2359 1688 2642 1753 modicum,
2673 1687 2912 1759 collegit,
2944 1705 3048 1744 non
3069 1691 3355 1744 minoraoit.
3379 1690 3478 1746 lloc
3502 1695 3708 1747 secundum

2246 1779 2480 1834 litteram
2510 1779 2714 1834 dictum
2743 1790 2826 1835 est
2855 1781 2922 1836 de
2951 1797 3168 1836 manna.
3211 1782 3336 1836 Nam
3375 1799 3481 1836 cum
3507 1786 3707 1854 praecepis-

2168 1859 2217 1919 B
2245 1881 2328 1929 set
2375 1871 2635 1928 Dominus
2684 1889 2785 1944 per
2811 1875 3022 1946 singula
3047 1876 3224 1944 capita
3251 1875 3447 1945 plenum
3474 1891 3621 1947 gomor
3637 1876 3707 1929 col-

2253 1964 2347 2035 igi,
2402 1980 2523 2035 quae
2573 1973 2659 2020 est
2693 1979 2970 2020 mensura
3023 1975 3137 2022 tres
3187 1968 3435 2022 sextarios
3481 1967 3700 2027 contineas,

2239 2057 2460 2126 quidam
2490 2056 2824 2128 collegerunt
2868 2058 3006 2128 plus,
3038 2058 3256 2128 quidam
3303 2059 3477 2112 minus.
3522 2057 3602 2113 Sed
3632 2073 3709 2112 cum

2240 2157 2640 2218 praeparassent
2663 2149 2766 2204 sibi
2811 2150 2960 2205 cibos
2986 2151 3038 2204 iu
3068 2150 3328 2205 mortario
3353 2165 3464 2205 cum
3490 2149 3652 2219 pistillo,
3673 2157 3708 2203 et

2243 2237 2332 2294 ille
2378 2239 2470 2308 qui
2520 2238 2640 2309 plus
2669 2240 2979 2312 collegerat,
3025 2250 3082 2296 et
3121 2242 3212 2311 qui
3245 2242 3432 2306 minus,
3461 2257 3591 2296 unam
3607 2255 3704 2295 men-

2240 2346 2426 2386 suram
2466 2332 2810 2402 postmodum
2852 2336 3216 2404 reperierunt,
3255 2335 3455 2404 plenum
3479 2334 3626 2389 scilicet
3643 2347 3702 2403 go-

2242 2436 2380 2476 mor.
2411 2420 2742 2492 Spiritaliter
2777 2433 2956 2480 autem
2995 2425 3085 2481 hic
3113 2425 3233 2480 vult
3263 2421 3540 2489 ostendere,
3563 2423 3648 2494 quia
3676 2421 3707 2475 si

2241 2521 2367 2568 sunt
2387 2513 2494 2568 duo
2523 2514 2802 2582 homines,
2841 2531 2983 2572 unus
3010 2519 3184 2583 dives,
3222 2527 3275 2574 ct
3299 2518 3425 2572 alter
3445 2531 3618 2588 pauper,
3633 2514 3712 2568 licet

2242 2605 2392 2660 dives
2417 2605 2583 2661 multa
2607 2609 2900 2678 possideat,
2931 2619 2985 2664 et
3006 2611 3296 2666 distribuat
3323 2611 3461 2682 plura
3485 2607 3715 2680 pauperibus

2242 2710 2403 2766 quam
2427 2713 2656 2768 pauper,
2699 2715 2805 2754 non
2839 2709 3017 2755 tamen
3055 2712 3278 2773 superat
3307 2703 3437 2758 illius
3473 2701 3712 2769 eleemosyna

2241 2789 2493 2858 pauperis
2524 2789 2854 2860 largitatem,
2891 2792 2983 2847 sed
3021 2792 3340 2863 plerumque
3364 2793 3537 2847 donum
3563 2802 3715 2861 parvum

2240 2879 2497 2948 pauperis
2540 2881 2716 2950 magis
2761 2891 2846 2936 est
2895 2891 3179 2952 acceptum
3243 2884 3371 2948 Deo,
3423 2897 3560 2952 quam
3599 2878 3716 2932 divitis

2241 2985 2517 3041 ωεεηυηι,
2547 2973 2672 3042 quia
2716 2989 2922 3045 pauper
2959 2975 3024 3030 de
3050 2976 3200 3030 victu
3224 2990 3320 3031 suo
3343 2974 3526 3038 tribuit,
3560 2971 3717 3026 dit-eset

2241 3059 2327 3115 his
2371 3061 2567 3130 quibus
2611 3065 3032 3132 superabundat.
3091 3066 3248 3133 Quod
3304 3061 3619 3134 comprobavit
3654 3058 3718 3112 llo-

2243 3151 2423 3206 minus
2468 3151 2522 3206 in
2567 3153 2864 3224 Evangelio
2908 3157 3127 3226 quando
3159 3158 3349 3213 videns
3390 3156 3536 3212 multa
3561 3155 3600 3209 in
3622 3164 3719 3221 gelu

2244 3241 2552 3313 phylacium
2580 3260 2610 3298 a
2642 3245 2923 3313 divitibus,
2948 3257 3002 3302 et
3041 3248 3206 3304 vidua
3237 3250 3345 3304 Deo
3374 3250 3610 3309 diminuta,
3629 3242 3716 3314 quod

2243 3341 2329 3389 est
2351 3336 2644 3404 quadrans,
2675 3338 2726 3394 id
2751 3349 2835 3395 est
2855 3350 3049 3412 quarta
3092 3359 3226 3414 pars
3257 3344 3474 3410 denarii,
3499 3343 3603 3398 dixit
3619 3337 3711 3408 (Lac.

2243 3425 2400 3495 nt):
2447 3425 2616 3482 Vidua
2643 3431 2755 3484 ha'c
2782 3431 2900 3502 plus
2950 3451 3110 3504 quam
3165 3453 3341 3491 omnes
3376 3438 3520 3498 misit,
3561 3433 3645 3503 quia
3667 3428 3716 3482 illi

2243 3517 2410 3572 multa
2433 3519 2534 3573 sibi
2561 3522 2919 3589 retinuerunt,
2960 3526 3048 3581 illa
3080 3543 3216 3585 vero
3245 3538 3412 3584 totum
3439 3543 3570 3584 suum
3590 3525 3720 3578 victum

2244 3609 2408 3673 misit,
2442 3611 2576 3665 nihil
2605 3613 2706 3668 sibi
2750 3617 2992 3673 retinens
3019 3637 3031 3673 :
3064 3619 3176 3676 Cor
3203 3639 3447 3694 namque,
3471 3631 3519 3677 et
3549 3636 3628 3675 non
3647 3618 3724 3672 sub-

2229 3705 2500 3790 stantiam
2539 3717 2732 3777 pensat
2780 3711 2946 3778 Deus,
3005 3731 3104 3771 nec
3151 3721 3430 3788 perpendit
3470 3725 3672 3790 quantum
3693 3711 3726 3766 in

2242 3791 2359 3862 ejus
2391 3810 2632 3863 munere,
2661 3800 2756 3854 sed
2785 3817 2850 3857 ex
2885 3815 3089 3874 quanto
3116 3823 3307 3866 amore
3328 3811 3612 3882 proferatur.

2315 3886 2577 3953 Quoniam
2635 3893 3049 3953 exhortationem
3102 3901 3317 3971 quidem
3367 3902 3589 3973 suscepit,
3629 3908 3731 3953 am

2243 3995 2406 4051 quam
2435 3983 2590 4038 vobis
2619 3986 2967 4044 ministravit.

2315 4075 2560 4134 Misimus
2588 4096 2706 4134 cum
2748 4081 2860 4149 illo,
2893 4085 2945 4140 id
2971 4094 3056 4142 est
3082 4103 3210 4144 cum
3241 4089 3382 4156 Tito,
3420 4089 3608 4159 fratrem
3636 4096 3732 4153 (³1³⁸

2242 4168 2360 4223 laus
2393 4170 2546 4225 estin
2587 4168 2872 4244 Evangelio
2897 4193 2990 4246 per
3017 4195 3197 4235 omnes
3234 4181 3489 4236 ecclesias.
3521 4180 3655 4235 Lucas
3676 4171 3732 4242 αυί

2241 4265 2296 4313 et
2323 4255 2523 4314 Lucius
2576 4262 2740 4317 tacito
2787 4265 2876 4320 hic
2922 4269 3141 4323 nomine
3192 4271 3518 4343 intelligitur,
3557 4267 3629 4339 qui
3664 4265 3733 4335 iam

2243 4347 2590 4420 Evangelium
2641 4356 3006 4427 conscriptum
3061 4361 3302 4418 habebat
3355 4363 3600 4424 mirifice,
3641 4352 3733 4426 quod

2241 4439 2522 4514 legebatur
2569 4461 2666 4516 per
2708 4463 2897 4504 omnes
2949 4451 3237 4518 ecclesias,
3290 4465 3343 4510 et
3400 4457 3592 4523 insuper
3628 4451 3737 4504 Actus

2241 4535 2629 4604 apostolorum,
2679 4554 2788 4609 quo
2813 4540 2996 4598 labore
3022 4544 3090 4600 ab
3127 4547 3383 4603 omnibus
3428 4545 3638 4601 ﬁdelibus
3667 4540 3739 4592 lau-

2239 4625 2360 4680 dem
2391 4627 2640 4684 habebat.

2315 4715 2437 4771 Non
2479 4719 2649 4773 solum
2701 4733 2875 4778 autem
2925 4721 3252 4782 laudabatur
3294 4745 3391 4800 per
3417 4741 3587 4784 omnes
3626 4719 3743 4777 eccle-

2237 4809 2367 4875 sias,
2417 4811 2508 4864 sed
2551 4822 2600 4866 et
2647 4814 2922 4871 ordinatus
2964 4827 3039 4872 est
3087 4835 3260 4876 comes
3306 4835 3370 4877 ac
3409 4820 3574 4876 socius
3613 4821 3743 4868 ηοειτα

2236 4901 2692 4970 peregrinationis.

2307 4993 2606 5050 Devitantes
2663 5007 2711 5052 et
2785 5011 3020 5058 caventes
3066 5005 3164 5059 hoc
3241 5022 3304 5060 ne
3353 5007 3465 5077 quis
3530 5018 3605 5058 vos
3657 4998 3747 5053 τίει·

2235 5097 2374 5152 peret
2428 5097 2483 5142 et
2563 5089 2923 5158 reprehendat
2983 5114 3036 5150 tn
3105 5097 3206 5151 hac
3272 5095 3612 5168 plenitudine,
3661 5086 3749 5142 διώ·

2236 5177 2391 5233 audis
2425 5179 2686 5235 doctrinae
2721 5191 2777 5238 et
2831 5186 3214 5244 miraculorum
3237 5231 3252 5255 ,
3293 5207 3410 5261 quia
3439 5188 3751 5242 ministratus

2237 5269 2413 5333 nobis,
2456 5272 2704 5328 videlicet
2743 5292 2812 5332 ne
2859 5279 2982 5348 quis
3026 5291 3208 5350 posset
3254 5282 3481 5338 dicere:
3516 5280 3638 5334 Bene
3667 5269 3752 5340 φή·

2237 5359 2357 5414 dem
2389 5363 2646 5430 praedicat
2664 5365 2885 5434 Paulus,
2904 5368 3200 5436 Barnabas,
3226 5372 3554 5436 Timotheus,
3573 5363 3754 5431 socii‘luc

2237 5463 2423 5506 eorum
2445 5463 2502 5508 et
2527 5455 2695 5510 millia
2723 5458 2985 5516 miracula
3023 5477 3120 5532 per
3149 5464 3406 5519 virtutem
3455 5459 3640 5517 Domini
3663 5466 3752 5524 per-

2238 5539 2449 5607 liciuut,
2499 5545 2592 5598 sed
2626 5545 2680 5600 in
2727 5547 2830 5604 hoc
2865 5567 2972 5606 non
3017 5551 3152 5608 bene
3195 5564 3390 5626 agunt,
3437 5553 3552 5624 quia
3579 5561 3662 5602 non
3686 5541 3754 5595 ba-

2238 5632 2366 5687 beut
2394 5649 2578 5690 curam
2606 5648 2918 5696 sanctorum
2947 5658 3244 5715 pauperum
3293 5647 3384 5716 qui
3423 5651 3536 5700 sunt
3564 5637 3757 5694 Hieroso-

2237 5723 2416 5796 lymis,
2449 5725 2587 5783 sicut
2615 5729 2704 5785 alii
2737 5735 2962 5802 apostoli
2989 5735 3206 5800 habent,
3242 5747 3297 5791 et
3337 5739 3475 5792 sicut
3499 5730 3642 5789 Paulo
3663 5735 3757 5796 1)Γᾶ

2236 5829 2450 5892 ceptum
2501 5832 2582 5878 est
2631 5833 2682 5877 et
2729 5824 2992 5884 Barnahte
3044 5830 3112 5884 ab
3160 5831 3440 5901 apostolis,
3491 5821 3678 5898 quando
3710 5811 3758 5866 ad
