3996 6444
229 383 331 440 645
904 382 1271 444 EXPOSI‘I'IO
1308 385 1376 443 IN
1412 380 1563 443 EPP.
1605 384 1664 443 S.
1705 385 1792 442 PA

1900 388 1935 444 Ι.
1972 419 2045 430 —
2078 388 2147 446 IN
2168 390 2404 450 ‘EPJST.
2432 392 2487 450 .ll
2526 392 2620 449 AD
2654 393 2821 453 (ΞΟΠ.
2862 400 2868 406 ’
3391 401 3498 461 646

226 504 416 571 gentes
454 497 608 553 missi
635 505 782 553 sunt.
808 496 961 554 Unde
985 498 1127 555 idem
1167 499 1443 570 apostolus
1467 500 1605 557 alias
1631 501 1799 557 dicit:
1834 508 1882 566 Α
1909 502 2259 571 servatrices,
2289 520 2355 561 eo
2388 507 2532 577 quod
2577 517 2799 564 servant
2824 523 2922 566 sua
2952 510 3134 568 mella.
3161 512 3223 569 in
3267 513 3373 572 hoc
3400 531 3496 572 au-

225 588 655 654 Constituerunt,
705 588 975 660 inquiens,
1035 590 1286 661 apostoli,
1337 601 1397 647 ut
1432 606 1553 659 nos,
1606 607 1709 662 ego
1751 602 1807 648 et
1911 601 2020 648 tem
2069 593 2189 650 loco
2234 610 2333 665 per
2380 598 2486 653 boc
2528 599 2671 668 quod
2715 599 2851 655 dixit
2899 601 3281 659 adverbialiter
3307 619 3492 675 parce,

225 682 503 738 Barnabas
556 683 612 737 in
661 692 850 754 gentes
902 698 1123 753 operam
1178 684 1431 740 daremus
1475 685 1803 755 praedicandi
1906 683 2399 757 voluitsignilicare
2425 703 2648 743 avarum
2689 690 2990 756 hominem,
3022 693 3108 748 cui
3130 703 3490 765 extorquetur

226 783 435 831 tantum
465 782 525 828 ut
550 789 848 844 pauperum
879 791 1147 831 memores
1164 790 1430 832 essemus.

295 864 632 920 Providentes
655 865 790 920 bona
826 882 930 920 non
954 866 1122 920 solum
1143 883 1324 920 coram
1348 866 1482 933 Deo,
1510 867 1600 922 sed
1642 867 1803 922 etiam

221 972 400 1012 eorum
446 956 763 1012 hominibus.
822 958 1112 1028 Apostolus
1162 956 1363 1014 Paulus
1413 960 1615 1030 aliique
1658 962 1801 1017 bona

220 1064 408 1105 eorum
436 1064 618 1104 coram
639 1048 748 1104 Deo
774 1049 1151 1119 providebant,
1180 1050 1307 1120 quia
1338 1049 1392 1105 in
1414 1052 1662 1106 omnibus
1685 1066 1802 1122 quae

219 1145 473 1215 agebant,
523 1143 637 1199 Deo
681 1143 895 1213 placere
942 1145 1276 1213 quaerebant.
1333 1143 1700 1199 Providebant
1747 1152 1802 1199 et

219 1251 404 1292 coram
431 1236 751 1303 Corinthiis,
795 1238 920 1308 quia
955 1236 1088 1292 tales
1123 1236 1320 1292 fratres
1360 1238 1428 1292 ad
1464 1252 1560 1293 eos
1603 1237 1800 1307 dirige-

219 1327 354 1382 bant
377 1327 444 1381 ad
468 1326 805 1398 recipiendas
827 1326 1166 1392 donationes,
1197 1341 1318 1396 qua:
1343 1326 1619 1382 mittendae
1645 1334 1802 1382 erant

216 1418 423 1474 sanctis
443 1417 872 1491 Hierosolymam
901 1419 991 1489 qui
1022 1433 1120 1474 sua
1160 1433 1259 1489 pro
1285 1417 1503 1474 Christo
1549 1418 1799 1475 similiter

216 1509 573 1579 reliquerant,
613 1525 713 1565 nec
756 1517 913 1565 erant
957 1509 1137 1580 cupidi
1166 1509 1502 1574 divitiarum,
1532 1518 1627 1564 aut
1654 1525 1798 1565 ama-

215 1611 365 1657 tores
395 1610 729 1657 terrenarum
760 1616 964 1667 rerum,
991 1616 1060 1655 ne
1092 1599 1232 1656 forte
1270 1601 1613 1656 occasionem
1643 1602 1795 1657 inve-

212 1696 399 1751 nirent
443 1695 712 1751 Corinthii
748 1695 996 1751 dicendi:
1038 1693 1149 1750 Nos
1179 1695 1350 1749 multa
1398 1694 1667 1761 misimus,
1703 1695 1796 1751 sed

213 1787 290 1842 illi
320 1802 456 1856 quos
481 1787 549 1841 ad
579 1802 677 1842 nos
707 1786 926 1851 dixerit,
966 1786 1131 1840 furati
1161 1793 1289 1840 sunt
1316 1800 1404 1852 ea,
1430 1800 1554 1840 eum
1582 1785 1793 1840 debuis~

1806 838 1819 845 μ
1902 790 2028 832 cum
2058 776 2313 833 violentia
2358 787 2418 834 ut
2463 779 2667 849 aliquid
2721 778 3000 852 largiatur.
3034 784 3179 856 Ergo
3205 787 3298 856 qui
3329 803 3493 857 parce

1903 867 2156 934 seminat,
2194 883 2356 939 parce
2405 879 2463 924 et
2506 878 2693 936 metet,
2726 872 2780 927 id
2808 882 2895 929 est
2938 875 3029 944 qui
3069 891 3260 945 parum
3302 879 3495 934 tribuit

1900 961 2149 1031 pauperi,
2179 976 2370 1033 parum
2398 961 2630 1033 accipiet
2656 965 2946 1031 mercedis,
2979 966 3120 1029 sicut
3144 969 3213 1024 ad
3251 968 3491 1025 litteram

1901 1051 1993 1108 ille
2018 1054 2110 1123 qui
2137 1068 2328 1123 parum
2360 1054 2612 1116 seminat,
2664 1069 2858 1124 parum
2906 1056 3130 1127 colligit.
3166 1057 3239 1113 Et
3281 1061 3370 1130 qui
3411 1076 3494 1114 se-

1898 1144 2067 1198 minat
2095 1146 2152 1199 in
2177 1145 2641 1211 benedictionibus,
2676 1146 2728 1201 id
2756 1153 2840 1201 est
2881 1147 2973 1216 qui
3002 1148 3233 1220 largitur
3259 1151 3493 1207 eleemo»

1898 1250 2091 1308 synam
2119 1238 2342 1307 pauperi
2373 1253 2494 1292 cum
2542 1238 2938 1305 benevolentia,
2988 1240 3237 1311 bonaque
3285 1251 3492 1314 tempo-

1899 1327 2033 1383 ralia
2056 1330 2331 1384 distribuit
2374 1344 2440 1385 ex
2471 1329 2789 1385 sinceritate
2817 1331 3034 1395 mentis,
3064 1339 3126 1385 ut
3156 1346 3334 1402 neque
3366 1333 3487 1388 lau-

1898 1422 2024 1478 dem
2072 1418 2363 1493 humanam
2410 1422 2606 1477 exinde
2660 1423 2921 1493 requirat,
2977 1438 3155 1494 neque
3210 1424 3361 1479 illum
3398 1425 3492 1480 cui

1899 1510 2104 1580 aliquid
2136 1510 2347 1577 tribuit,
2376 1510 2507 1566 velit
2550 1528 2649 1582 per
2676 1513 2780 1568 hoc
2825 1513 3101 1568 subditum
3134 1514 3237 1568 sibi
3266 1513 3487 1581 facere;

1895 1604 1962 1658 de
1990 1604 2431 1658 benedictionibus
2461 1614 2509 1658 et
2546 1614 2718 1668 metet,
2751 1605 2857 1660 hoc
2894 1613 3002 1671 est,
3029 1605 3096 1660 de
3129 1607 3276 1661 bona
3301 1606 3490 1661 volun—

1898 1703 2008 1750 tate
2037 1695 2233 1750 mentis
2263 1695 2490 1765 accipiet
2517 1697 2823 1751 mercedem
2851 1705 3070 1751 aeternae
3112 1696 3484 1753 beatitudinis.

1895 1787 1991 1844 llle
2012 1788 2068 1843 in
2097 1788 2472 1843 benedictione
2503 1787 2758 1855 seminat,
2784 1789 2878 1859 qui
2909 1789 3051 1845 bona
3078 1789 3359 1846 voluntate
3384 1790 3488 1846 sub

210 1886 339 1934 sent
377 1877 465 1932 illa
516 1892 729 1949 augere.
767 1876 959 1933 Aliter.
1009 1876 1205 1932 Coram
1240 1877 1372 1943 Deo,
1424 1887 1484 1932 ut
1535 1877 1788 1944 diximus,
1821 1864 1870 1926 Β
1897 1893 1995 1951 spe
2019 1887 2238 1935 aeternae
2266 1880 2725 1936 remunerationis
2754 1882 2858 1937 hoc
2889 1882 3018 1953 agit.

210 1969 355 2026 bona
381 1971 644 2042 providet,
673 1971 762 2041 qui
795 1971 905 2026 Deo
939 1970 1152 2043 placere
1182 1970 1456 2027 desiderat
1480 1990 1494 2025 :
1525 1979 1580 2026 et
1607 1985 1791 2027 coram

210 2062 545 2125 hominibus,
574 2061 666 2131 qui
694 2062 810 2116 sine
837 2061 1054 2131 querela
1089 2062 1278 2117 incidit
1318 2078 1386 2118 ne
1411 2062 1482 2117 sit
1517 2062 1681 2118 nimis
1708 2062 1796 2133 ju-

207 2162 353 2219 stus,
379 2156 471 2209 sed
501 2154 641 2224 apud
670 2169 859 2209 omnes
885 2155 938 2208 in
968 2154 1115 2209 omni
1138 2155 1245 2209 vita
1284 2169 1380 2210 sua
1410 2162 1466 2209 et
1503 2169 1793 2210 conversa-

207 2246 363 2301 tione
392 2245 880 2316 irreprehensibilis
905 2245 1184 2300 habeatur.

280 2336 532 2391 Misimus
581 2353 698 2389 cum
751 2336 878 2401 illis,
926 2351 1048 2391 cum
1094 2338 1216 2392 Tito
1267 2336 1475 2393 scilicet
1503 2348 1561 2395 et
1600 2339 1791 2406 Lucio,

205 2428 432 2499 fratrem
456 2438 706 2492 nostrum,
739 2428 996 2484 subaudis
1025 2429 1214 2499 Apollo
1247 2430 1340 2500 qui
1382 2430 1658 2486 vobiscum
1681 2431 1793 2501 jam

203 2522 305 2578 diu
355 2531 594 2577 moratus
634 2530 735 2587 est,
784 2538 935 2593 quem
981 2523 1313 2592 probavimus
1340 2521 1621 2576 sollicitum
1660 2539 1791 2587 esse,

201 2614 474 2671 subaudis
502 2629 600 2686 pro
627 2614 781 2670 vobis
828 2623 1115 2685 postquam
1153 2630 1185 2668 a
1223 2614 1377 2669 vobis
1401 2615 1628 2671 recessit
1669 2630 1791 2685 pro-

198 2717 336 2780 pter
356 2707 713 2777 quorumtlam
735 2707 933 2762 malam
957 2708 1422 2763 conversationem
1459 2717 1516 2764 et
1536 2708 1792 2765 duritiam

201 2815 465 2855 morum:
498 2816 635 2854 nunc
676 2809 851 2855 autem
898 2799 1063 2854 multo
1113 2800 1491 2867 sollicitiorem,
1534 2801 1794 2858 subaudis

200 2890 558 2961 probavimus
599 2889 749 2945 illum
777 2906 899 2947 esse
942 2906 1042 2962 pro
1087 2891 1263 2957 vobis,
1313 2892 1439 2960 quia
1467 2893 1674 2948 audivit
1694 2907 1792 2949 vos

195 2999 332 3039 esse
374 2994 648 3040 correctos
678 2992 731 3039 et
761 2983 1094 3041 emendatos.
1128 2984 1237 3041 Isto
1261 2984 1315 3040 in
1340 2984 1463 3041 loco
1495 2993 1583 3042 est
1605 2986 1795 3041 distin-

197 3074 481 3147 guendum
510 3085 564 3129 et
591 3085 774 3146 postea
805 3075 872 3130 ad
916 3076 1020 3130 alia
1052 3078 1459 3133 transeundum.
1511 3075 1794 3147 Conﬁdeno

197 3169 303 3233 tia,
348 3167 602 3224 subaudis
631 3169 761 3224 milii
780 3178 883 3231 est.
907 3170 1071 3226 multa
1096 3171 1152 3225 in
1174 3186 1278 3225 vos.

1968 1970 2335 2044 Unusquisque
2376 1981 2533 2043 prout
2554 1971 2828 2028 destinavit
2857 1975 2915 2027 in
2944 1973 3099 2029 corde
3127 1991 3243 2038 suo,
3290 1991 3398 2029 non
3421 1992 3488 2030 ea:

1894 2063 2111 2136 tristitia
2134 2073 2226 2117 aut
2263 2079 2329 2117 ea:
2357 2063 2682 2128 necessitate,
2709 2062 2767 2117 id
2801 2071 2885 2119 est
2911 2074 3174 2133 quantum
3222 2066 3491 2135 disposuit

1895 2155 1948 2210 in
1976 2155 2158 2210 animo
2184 2170 2284 2211 suo
2321 2155 2451 2209 dare
2489 2154 2621 2221 Deo,
2661 2164 2716 2211 et
2745 2157 3092 2227 pauperibus,
3127 2165 3337 2212 tantum
3388 2158 3488 2212 tri-

1892 2244 2041 2310 buat,
2072 2245 2199 2313 quia
2226 2243 2420 2299 melius
2443 2252 2528 2300 est
2547 2260 2654 2299 non
2679 2247 2995 2315 promittere
3017 2248 3179 2303 corde
3200 2256 3295 2301 aut
3321 2247 3487 2303 verbo

1892 2351 2053 2407 quam
2084 2338 2409 2408 promissum
2438 2353 2544 2392 non
2579 2336 2891 2408 adimplere.
2935 2338 3103 2395 Docet
3136 2349 3317 2395 autem
3338 2340 3487 2411 Apo-

1893 2429 2063 2486 stolas
2085 2430 2211 2485 laeto
2240 2430 2423 2484 animo
2458 2430 2700 2485 eamdem
2733 2430 3130 2502 eleemosynam
3173 2433 3261 2486 vel
3292 2439 3479 2486 votum

1890 2523 2157 2595 perlicere
2184 2524 2313 2594 quia
2345 2539 2412 2579 ex
2436 2523 2690 2579 omnibus
2727 2525 2812 2581 bis
2837 2526 2929 2595 qui
2977 2525 3220 2581 inferunt
3248 2526 3479 2596 aliquid,

1892 2617 2040 2674 hunc
2066 2617 2228 2689 elegit
2272 2617 2415 2672 Deus
2441 2617 2528 2672 cui
2580 2618 2914 2672 retribuatur
2952 2620 3044 2688 qui
3091 2620 3289 2674 devoto
3312 2618 3480 2675 corde

1891 2702 1998 2765 hoc
2043 2716 2322 2779 operatur.
2354 2706 2507 2763 Unde
2545 2708 2792 2779 prteeipit
2834 2723 2943 2764 non
2988 2724 3058 2764 ex
3113 2710 3351 2774 tristitia,
3396 2710 3483 2765 in-

1891 2800 2103 2870 quiens,
2136 2799 2301 2853 animi
2330 2800 2434 2854 hoc
2460 2798 2626 2854 faciat
2662 2798 2858 2869 aliquis
2882 2809 3145 2867 vestrum,
3177 2811 3271 2855 aut
3297 2815 3366 2857 ex
3393 2816 3486 2857 ne-

1890 2889 2164 2955 cessitate,
2197 2889 2251 2944 id
2294 2897 2378 2943 est
2426 2897 2647 2944 coactus
2674 2896 2766 2943 aut
2810 2889 3031 2952 invitus,
3061 2897 3117 2944 et
3166 2905 3275 2946 non
3322 2905 3484 2962 spon.

1891 2988 2051 3036 laneo
2079 2978 2363 3035 desiderio.
2394 2978 2473 3034 Ex
2514 2980 2732 3035 tristitia
2768 2981 2871 3037 hoc
2900 2981 3158 3051 adimplet
3195 2990 3254 3037 et
3276 2996 3345 3038 ex
3373 2997 3475 3037 ne-

1892 3071 2164 3136 cessitate,
2196 3069 2288 3140 qui
2310 3084 2413 3123 non
2441 3079 2626 3140 sperat
2652 3083 2712 3124 se
2733 3073 3036 3127 mercedem
3063 3073 3307 3141 recipere
3336 3089 3350 3125 :
3383 3073 3483 3128 sed

1890 3168 2115 3231 propter
2139 3168 2462 3231 prementem
2490 3159 2750 3230 pudorem
2781 3170 2837 3216 et
2864 3161 3246 3217 verecundiam
3276 3162 3481 3219 invitus

271 3257 402 3313 Sive
421 3275 515 3329 pro
535 3258 669 3325 Tito,
692 3260 780 3329 qui
800 3270 874 3315 est
895 3261 1067 3315 socius
1085 3277 1232 3316 meus
1251 3261 1305 3316 in
1327 3261 1727 3331 praedicatione,
1742 3272 1790 3316 et

1900 3252 2003 3307 hoc
2027 3251 2159 3322 agit,
2185 3266 2252 3307 ne
2277 3250 2397 3305 aliis
2432 3251 2536 3306 hoc
2558 3250 2845 3320 agentibus
2868 3251 2984 3321 ipse
3010 3266 3206 3307 avarus
3230 3260 3286 3307 et
3310 3250 3483 3323 turpis

197 3350 255 3404 in
289 3365 384 3404 vos
406 3349 620 3419 adjutor
649 3351 889 3406 docendo
910 3352 1052 3406 sicut
1071 3360 1125 3405 el
1147 3365 1268 3422 ego,
1288 3353 1395 3406 sive
1415 3350 1605 3421 fratres
1629 3352 1795 3407 nostri

195 3438 463 3511 apostoli,
496 3439 759 3496 subaudis
804 3440 1077 3510 adjutores
1114 3443 1299 3507 vestri,
1330 3442 1464 3496 mihi
1494 3442 1794 3499 retulerunt

198 3532 614 3588 correctionem
645 3541 881 3587 vestram
901 3540 957 3587 ει
983 3533 1448 3589 conversationem
1477 3541 1741 3589 sanctam.

272 3622 352 3679 In
380 3623 522 3689 illos,
550 3625 602 3680 id
629 3635 713 3680 est
747 3624 800 3680 in
824 3625 1022 3688 Titum,
1063 3625 1263 3681 Lucam
1293 3634 1348 3681 et
1383 3625 1596 3697 Apollo,
1623 3636 1795 3680 osten-

196 3714 323 3768 dite
347 3713 669 3769 charitatem
695 3722 930 3770 vestram
952 3715 1006 3769 in
1029 3715 1219 3785 faciem
1248 3715 1605 3783 ecclesiarum,
1628 3716 1682 3771 id
1709 3726 1795 3772 est

198 3805 258 3860 in
287 3805 579 3876 praesentia
616 3804 875 3861 ﬁdelium.

827 3893 1056 3951 CAPUT
1092 3895 1183 3951 IX.

280 3988 432 4043 Nam
459 3988 524 4042 de
557 3986 846 4041 ministerio
874 3987 1012 4057 quod
1048 3985 1108 4054 ﬁt
1150 3987 1206 4040 in
1243 3996 1473 4050 sanctos,
1515 4002 1581 4041 ea:
1625 3986 1795 4041 abun-

201 4080 389 4144 danti,
431 4079 485 4134 id
528 4086 612 4133 est
648 4094 715 4133 ex
769 4076 1061 4149 superﬂuo,
1096 4078 1224 4132 mihi
1263 4088 1340 4132 est
1366 4079 1590 4134 scribere
1633 4079 1792 4134 vobis.

287 4167 556 4233 Quoniam
584 4166 804 4232 Achaia,
827 4168 881 4222 id
903 4176 988 4222 est
1010 4182 1136 4238 pars
1158 4167 1396 4233 Achaiae,
1417 4178 1607 4238 parata
1630 4178 1704 4222 est
1730 4169 1795 4223 ab

203 4274 361 4315 anno
405 4258 691 4329 prreterito,
738 4258 815 4313 illi
858 4257 1123 4322 videlicet,
1156 4257 1250 4328 qui
1279 4267 1433 4314 extra
1476 4258 1796 4315 Corinthum

196 4348 566 4421 metropolim
606 4350 880 4406 civitatem
910 4350 1172 4406 habitant.

280 4440 354 4497 Ut
398 4457 503 4496 non
554 4442 789 4497 dicamus
818 4459 905 4497 ros
955 4443 1012 4497 in
1054 4442 1154 4496 hac
1185 4442 1497 4497 substantia.
1547 4442 1797 4505 Defectus

191 4531 468 4589 dictionis
507 4541 562 4587 et
597 4532 877 4587 sententia:
897 4532 950 4587 in
984 4532 1088 4588 hoc
1111 4531 1231 4587 loco
1254 4539 1461 4589 estnon
1485 4534 1796 4590 modicuset

1894 3340 2194 3395 videatur:
2236 3341 2464 3411 ideoque
2508 3355 2574 3395 ex
2635 3340 2739 3394 hoc
2789 3355 2897 3395 non
2956 3339 3167 3395 fruetur
3229 3342 3482 3397 mercede

1892 3440 2112 3487 mterna.
2144 3432 2285 3487 Dicit
2303 3433 2446 3486 enim
2468 3432 2659 3487 beatus
2683 3431 3035 3502 Augustinus,
3066 3433 3191 3502 quia
3214 3433 3260 3489 si
3281 3448 3479 3503 panem

1894 3525 2108 3580 dederis
2132 3524 2324 3589 tristis,
2354 3532 2410 3577 et
2445 3536 2640 3594 panem
2679 3532 2736 3579 et
2781 3525 3038 3579 meritum
3079 3526 3301 3596 perdis:
3344 3542 3482 3596 quo—

1895 3616 2039 3669 niam
2054 3615 2192 3683 quod
2210 3614 2261 3668 in
2275 3614 2527 3683 prtesenti
2544 3612 2736 3669 tribuis
2754 3615 2980 3679 amittis,
2993 3623 3050 3670 et
3064 3615 3117 3669 in
3141 3614 3325 3671 futuro
3341 3631 3483 3672 mer-

1895 3706 2025 3761 cede
2051 3705 2285 3760 carebis.
2308 3704 2458 3760 Laeto
2483 3718 2614 3759 vero
2635 3705 2815 3759 animo
2859 3704 3261 3778 eleemosynam
3293 3717 3485 3779 erogat

1895 3797 2139 3869 pauperi,
2171 3796 2265 3866 qui
2307 3804 2490 3853 certus
2534 3804 2618 3851 est
2652 3796 2720 3851 de
2766 3798 3203 3854 remuneratione
3249 3807 3485 3855 interno-

1896 3902 2015 3941 rum
2043 3886 2407 3956 prtemiorum,
2439 3900 2599 3955 quem
2629 3886 2778 3941 dedit
2795 3887 2845 3940 ei
2876 3885 3137 3942 Dominus
3158 3886 3301 3956 apud
3320 3902 3482 3956 quem

1899 3976 2244 4031 thesaurizat.
2276 3974 2516 4029 Hilarem
2543 3976 2681 4029 enim
2707 3976 2943 4030 datorem
2988 3977 3162 4047 diligit
3182 3977 3348 4032 Deus.
3386 3978 3483 4032 Bi-

1897 4065 2028 4120 laris
2049 4065 2208 4119 debet
2230 4078 2351 4119 esse
2382 4064 2474 4134 qui
2516 4063 2743 4119 Domino
2788 4064 3128 4120 fteneratur:
3159 4074 3215 4120 et
3248 4066 3339 4121 ille
3368 4067 3485 4137 pla«

1897 4162 1983 4210 cet
2006 4154 2139 4217 Deo,
2168 4154 2260 4223 qui
2283 4153 2424 4222 quod
2452 4152 2639 4207 tribuit
2668 4154 3006 4224 postmodum
3028 4171 3137 4211 non
3156 4154 3307 4213 dolet
3321 4156 3480 4226 quasi

1898 4245 2177 4309 amissum,
2212 4246 2307 4299 sed
2326 4243 2482 4314 quasi
2515 4245 2581 4299 de
2606 4243 2872 4315 duplicato
2897 4247 3108 4314 gaudet.

1968 4336 2163 4391 Potens
2204 4347 2276 4391 est
2314 4336 2458 4391 enim
2491 4336 2633 4391 Deus
2682 4353 2885 4391 omnem
2922 4338 3164 4408 gratiam
3212 4337 3484 4397 abundare

1899 4427 2071 4498 facere
2108 4428 2166 4484 in
2197 4428 2357 4494 vobis,
2401 4437 2457 4481 ut
2498 4428 2553 4482 in
2592 4428 2828 4482 omnibus
2866 4444 3068 4500 semper
3106 4444 3309 4484 omnem
3342 4430 3487 4501 ιιιῆὶ-

1900 4521 2144 4575 cientiam
2171 4528 2228 4574 et
2251 4520 2634 4575 abundantiam
2654 4519 2923 4587 habentes,
2956 4520 3231 4576 abundetis
3256 4522 3311 4576 in
3341 4523 3484 4576 omni

194 4623 558 4694 huiusmodi:
591 4623 663 4680 Ut
689 4639 795 4679 non
830 4624 1073 4680 dicamus
1101 4639 1196 4679 vos
1245 4624 1297 4678 in
1327 4624 1427 4679 hac
1472 4625 1792 4690 substantia,

1901 4626 2052 4682 opere
2079 4610 2232 4665 bono.
2263 4609 2461 4694 Nolite,
2488 4610 2682 4679 inquit,
2721 4582 2964 4666 diuidere
2992 4625 3168 4682 neque
3191 4612 3485 4682 desperare

198 4716 475 4782 subaudis
500 4715 706 4771 carnali
751 4725 806 4770 et
844 4714 1145 4787 temporali,
1177 4716 1353 4771 minus
1379 4714 1594 4780 fecisse,
1621 4716 1713 4786 qui
1742 4715 1798 4771 in

194 4810 464 4866 omnibus
496 4808 719 4880 perfecti
757 4808 909 4875 estis,
936 4809 1075 4863 bona
1112 4808 1387 4863 voluntate
1426 4807 1704 4864 florentes.

278 4906 651 4961 Necessarium
673 4905 964 4959 existimavi
985 4919 1171 4974 rogare
1187 4902 1400 4973 fratres,
1413 4903 1594 4958 Titum
1618 4903 1802 4960 videli-

198 5008 298 5055 cet
318 5006 374 5053 et
398 4995 563 5051 Silam
581 5035 597 5061 ,
622 5004 678 5050 et
711 4993 921 5064 Apollo,
944 5003 999 5046 ut
1028 4993 1369 5062 prteveniant,
1392 4992 1650 5055 subaudis
1679 5006 1798 5058 nos,

197 5087 278 5143 ad
302 5101 412 5141 vos.
429 5083 521 5141 Sic
542 5083 827 5139 subaudis:
845 5082 979 5137 Date
1000 5081 1146 5135 illam
1167 5080 1531 5145 donationem,
1545 5081 1697 5151 quasi
1716 5080 1801 5134 be-

202 5176 589 5240 nedictionem,
626 5173 679 5228 id
719 5181 805 5229 est
828 5170 1258 5228 benevolentiam
1289 5184 1356 5224 ex
1385 5169 1670 5233 cbaritate,
1696 5184 1800 5224 non

199 5269 364 5341 quasi
409 5266 712 5331 auaritiam,
736 5264 788 5319 id
818 5272 903 5321 est
928 5277 1036 5318 non
1061 5277 1245 5327 avare,
1277 5261 1371 5317 sed
1394 5269 1582 5332 sponte
1609 5260 1752 5315 date.

281 5359 390 5425 Qui
414 5376 569 5431 parce
590 5360 833 5424 seminat,
865 5374 1019 5428 parce
1045 5365 1092 5411 et
1123 5364 1291 5410 metet.
1323 5354 1491 5410 Parce
1511 5352 1798 5425 aliquando

201 5470 313 5525 pro
341 5452 553 5508 dimitte
596 5452 833 5524 ponitur,
867 5459 928 5505 ut
957 5449 1084 5504 illud
1122 5448 1374 5519 Virgilii:

425 5552 579 5602 Parce
607 5558 762 5614 metu,
784 5549 1049 5613 Cytherea,

203 5636 263 5693 id
328 5645 413 5691 est
459 5634 672 5691 dimitte
724 5641 965 5689 metum:
996 5629 1286 5702 aliquando
1322 5644 1422 5701 pro
1451 5641 1692 5693 servare,
1742 5634 1803 5682 ut

206 5731 285 5785 ibi
336 5747 349 5782 :
406 5726 507 5782 llic
559 5742 744 5782 canere
802 5724 1051 5795 incipiam
1107 5730 1305 5791 quanta
1362 5719 1679 5793 experientia
1733 5715 1801 5773 sil

204 5818 387 5893 parcis
438 5818 643 5889 apibus.
698 5815 881 5872 Parca:
935 5814 1079 5871 enim
1132 5812 1384 5869 dicuntur
1440 5826 1590 5882 apes,
1647 5803 1799 5882 quasi

1898 4703 1965 4759 de
1987 4685 2441 4767 remuneratione,
2471 4701 2516 4758 si
2546 4701 2706 4757 hilari
2735 4702 2915 4757 animo
2960 4702 3355 4774 eleemosynam
3384 4703 3485 4758 im-

1900 4795 2153 4866 penditis,
2181 4793 2307 4864 quia
2326 4801 2519 4863 potens
2548 4800 2631 4846 cst
2655 4793 2795 4846 Deus
2814 4807 3028 4847 omnem
3055 4793 3286 4862 gratiam
3315 4792 3487 4848 abun-

1901 4886 2033 4941 dare
2058 4885 2236 4940 l'acere
2264 4884 2320 4939 in
2345 4883 2518 4948 vobis,
2565 4882 2772 4938 scilicet
2809 4893 2867 4937 ut
2896 4883 2949 4936 in
2994 4883 3282 4953 prresentia
3314 4882 3487 4937 abun-

1902 4975 2042 5032 detis
2068 4975 2194 5040 fide,
2239 4989 2356 5045 spe,
2403 4974 2687 5039 cbaritate,
2740 4972 2968 5029 scientia
2997 4972 3199 5039 divina,
3229 4973 3487 5042 omnique

1901 5068 2204 5125 substantia
2241 5067 2517 5138 temporali
2542 5084 2557 5122 :
2585 5076 2641 5122 et
2663 5067 2882 5138 insuper
2921 5067 2974 5123 in
3003 5066 3188 5122 futuro
3224 5072 3485 5122 :e’ternam

1900 5163 2210 5220 felicitatem
2239 5162 2494 5218 tribuere.
2526 5161 2641 5218 Hoc
2660 5162 2803 5217 enim
2829 5162 2935 5217 erit
2960 5160 3237 5216 abundare
3265 5160 3317 5215 in
3338 5158 3486 5215 omni

1899 5271 2063 5329 opere
2090 5258 2254 5324 bono,
2301 5257 2348 5311 si
2397 5257 2500 5311 sibi
2544 5257 2740 5313 retinet
2787 5256 2932 5325 quod
2978 5255 3176 5311 sullicit
3219 5254 3287 5309 ad
3332 5267 3486 5309 suam

1902 5363 2233 5421 suorumque
2279 5348 2595 5418 explendam
2649 5348 3053 5413 necessitatem,
3087 5356 3143 5403 et
3187 5355 3383 5403 caetera
3431 5345 3487 5405 in

1901 5455 2031 5495 usus
2056 5448 2366 5495 sanctorum
2390 5439 2471 5493 vel
2494 5454 2788 5510 pauperum
2816 5440 3111 5510 impendat.

1972 5530 2121 5587 Sicut
2165 5532 2415 5603 scriptum
2458 5543 2532 5587 est
2578 5533 2631 5587 in
2684 5531 2901 5589 Psalmo
2949 5534 3018 5589 de
3059 5532 3302 5604 quolibet
3337 5529 3488 5601 justo

1901 5620 2271 5693 eleemosynas
2296 5622 2466 5689 danti,
2502 5631 2558 5675 et
2589 5637 2774 5677 curam
2804 5637 3102 5694 pauperum
3124 5622 3306 5694 agenti
3341 5638 3357 5679 :
3398 5620 3492 5675 Di-

1900 5712 2107 5783 spersit,
2135 5713 2275 5768 dedit
2296 5714 2627 5785 pauperibus,
2636 5712 2850 5784 justitia
2872 5712 2987 5783 ejus
3032 5723 3204 5771 manet
3227 5713 3282 5768 in
3325 5721 3488 5769 teter-

1904 5821 2031 5881 num
2048 5801 2221 5878 (Psal.
2237 5804 2376 5877 CIII),
2386 5803 2649 5874 justitiam
2671 5804 2758 5861 hic
2778 5805 3010 5876 appellat
3032 5805 3333 5877 largitatem
3357 5803 3487 5863 sub-r-
