3940 6344
824 389 1186 450 EXPOSITIO
1219 391 1289 449 IN
1325 391 1474 449 EPP.
1519 394 1575 452 S.
1619 393 1841 450 PAULI.
1883 427 1950 436 ——-
1988 396 2054 452 IN
2090 398 2311 457 EPIST.
2350 399 2395 455 ll
2432 399 2526 456 AD
2560 398 2718 458 COB.

3304 400 3408 457 650

160 517 288 565 nem,
313 497 370 556 id
409 511 492 556 est
528 515 742 558 omnem
761 504 1092 574 superbiam,
1118 505 1447 561 extollentem
1471 525 1526 562 se
1555 508 1732 561 adeer—
1758 514 1806 572 Α
1833 519 1922 565 tur
1949 513 2002 567 in
2034 529 2218 570 sensu.
2252 517 2454 573 Verum
2484 527 2566 572 est
2587 533 2803 589 quoque
2829 517 2972 588 quod
2996 517 3113 590 ipse
3142 516 3279 574 dixit
3303 534 3317 572 :
3343 519 3412 576 Et

156 610 238 649 sus
264 594 536 648 scientiam
564 593 662 649 Dei
690 603 744 650 et
776 612 963 652 sumus
1002 613 1101 654 nos
1128 600 1412 671 redigentes
1439 601 1491 653 in
1513 602 1727 671 captivi-

155 698 302 743 tatem
359 704 565 743 omnem
611 689 930 746 intellectum
986 693 1264 749 hominum
1318 696 1373 752 in
1426 698 1725 768 obsequium

154 776 372 843 Christi,
407 778 462 834 id
497 787 581 835 est
606 779 660 834 in
690 780 960 838 culturam
1002 793 1057 838 et
1101 785 1410 857 religionem
1447 787 1581 856 ejus.
1617 788 1724 845 Ista

154 870 431 942 captivitas
459 871 512 926 in
539 871 738 928 bonam
757 884 970 945 partem
998 885 1084 933 est
1113 879 1444 950 accipienda.
1471 881 1724 938 Diabolus

151 979 272 1035 ergo
336 966 690 1035 persuasione
761 969 1055 1038 captivavit
1111 973 1345 1043 primum
1408 976 1720 1044 hominem,

151 1059 358 1131 quando
391 1061 542 1118 illum
586 1064 689 1120 sibi
734 1067 990 1134 subdidit,
1035 1076 1090 1123 et
1131 1079 1316 1140 postea
1358 1086 1519 1127 omne
1557 1087 1726 1144 genus

149 1149 256 1219 ejus
280 1151 335 1205 in
371 1161 602 1220 tantum,
630 1163 690 1210 ut
710 1155 849 1211 idola
878 1157 928 1213 ei
959 1160 1215 1217 suaderet
1240 1161 1464 1218 adorare
1486 1180 1584 1234 pro
1613 1164 1724 1220 Deo

150 1257 287 1297 vero.
319 1241 427 1300 Sed
453 1243 625 1315 ipsam
661 1248 1026 1318 captivitatem
1065 1252 1285 1308 humani
1315 1254 1531 1326 generis
1559 1271 1723 1326 quam

149 1332 389 1390 diabolus
427 1338 793 1407 captivaverat
820 1340 888 1394 ad
916 1351 1168 1408 mortem,
1197 1345 1420 1415 apostoli
1446 1361 1544 1418 per
1572 1363 1723 1404 arma

149 1427 543 1496 praedicationis
569 1440 626 1487 et
653 1431 913 1489 virtutem
949 1436 1336 1492 miraculorum
1378 1438 1726 1510 captivabant

147 1519 206 1575 ad
233 1519 513 1577 Christum
548 1531 605 1579 et
631 1524 700 1580 ad
727 1526 891 1582 vitam
927 1535 1202 1582 aeternam.
1238 1528 1374 1582 Nam
1403 1529 1545 1585 sicut
1567 1531 1727 1601 quili-

147 1610 226 1664 bet
250 1610 553 1681 imperator
587 1622 836 1672 terrenus
881 1626 1060 1672 armat
1102 1617 1300 1674 milites
1329 1634 1488 1686 suos,
1531 1629 1590 1676 ut
1628 1636 1724 1692 per

147 1701 254 1758 illos
276 1703 536 1778 subjuget
557 1708 658 1763 sibi
684 1724 873 1781 regna,
898 1711 1169 1780 regiones,
1201 1720 1257 1768 et
1281 1715 1620 1785 provincias;
1647 1715 1723 1770 ita

145 1791 389 1850 Christus
429 1798 663 1853 armavit
698 1799 900 1856 milites
926 1817 1052 1856 suos
1083 1803 1356 1873 apostolos
1389 1804 1723 1875 spiritalibus

1828 603 1872 657 si
1900 604 2181 674 imperitus
2217 621 2336 662 sum
2373 623 2644 676 sermone,
2673 609 2766 665 sed
2791 625 2897 665 non
2927 610 3174 666 scientia.

1900 694 2004 760 Qui
2033 695 2322 767 gloriatur,
2367 699 2424 753 in
2465 699 2692 755 Domino
2729 699 3002 771 glorietur.
3035 700 3235 757 Beatus
3269 704 3412 772 Apo-

1827 787 1997 844 stolus
2027 789 2203 845 sciens
2228 791 2406 845 omnia
2431 790 2571 846 bona
2610 808 2709 848 nos
2731 809 2761 846 a
2789 793 2898 848 Deo
2935 793 3137 848 habere
3158 809 3412 864 quaecun-

1825 895 1931 951 que
1956 881 2158 938 habere
2194 899 2514 953 possumus,
2558 884 2672 940 sive
2711 885 2764 941 in
2806 894 3034 951 natura,
3058 887 3182 955 quia
3225 887 3293 942 ab
3322 887 3412 942 illo

1826 968 1953 1026 facti
1981 989 2187 1038 sumus,
2212 974 2325 1029 sive
2359 976 2413 1030 in
2439 975 2708 1041 instituto,
2732 976 2844 1031 sive
2869 976 2923 1030 in
2946 977 3094 1032 omni
3121 992 3412 1034 conversa-

1829 1061 1972 1118 tione
1997 1075 2186 1121 sancta
2217 1065 2272 1121 in
2304 1067 2440 1132 ﬁde,
2483 1067 2537 1121 in
2563 1083 2686 1138 spe,
2728 1067 2780 1122 in
2825 1068 3129 1134 charitate,
3164 1068 3218 1122 in
3254 1068 3413 1126 bonis

1827 1155 2101 1224 operibus,
2148 1158 2201 1212 in
2227 1157 2476 1229 iustitia,
2503 1159 2558 1214 in
2598 1159 2794 1214 timore
2825 1158 2942 1226 Dei,
2970 1168 3251 1230 totumque
3285 1175 3409 1217 esse

1826 1262 1894 1303 ex
1942 1248 2086 1304 illius
2126 1250 2282 1305 donis
2311 1251 2428 1306 sine
2469 1250 2650 1322 aliquo
2693 1259 2880 1307 nostro
2924 1251 3155 1317 merito,
3191 1251 3414 1306 abstulit

1829 1339 2056 1410 gloriam
2077 1340 2371 1397 humanam
2395 1351 2451 1398 et
2471 1343 2801 1414 superbiam,
2833 1358 2937 1413 qua
2961 1358 3020 1399 se
3042 1335 3228 1398 dicunt
3256 1343 3413 1398 multi

1829 1448 1858 1487 a
1889 1448 1948 1489 se
1980 1433 2199 1504 suisque
2228 1435 2437 1490 meritis
2467 1435 2668 1490 habere
2698 1436 2842 1506 quod
2879 1435 3112 1500 habent,
3145 1442 3202 1490 et
3229 1434 3362 1489 dicit
3397 1451 3411 1487 :

1827 1523 1929 1591 Qui
1957 1523 2218 1594 gloriatur
2247 1525 2301 1579 in
2334 1524 2457 1591 fide,
2490 1524 2543 1580 in
2568 1526 2967 1595 praedicatione,
2998 1525 3053 1580 in
3082 1524 3283 1579 virtute
3306 1524 3408 1578 mi-

1828 1616 2136 1672 raculorum
2152 1625 2246 1671 aut
2265 1617 2318 1671 in
2334 1617 2514 1687 aliquo
2526 1617 2668 1673 bono
2680 1618 2822 1687 quod
2840 1618 3024 1682 habet,
3044 1632 3150 1671 non
3166 1617 3218 1670 in
3234 1631 3292 1672 se
3305 1615 3415 1687 glo-

1828 1707 2030 1774 rietur,
2066 1708 2162 1763 sed
2188 1707 2246 1762 in
2268 1709 2495 1764 Domino
2516 1748 2530 1772 ,
2560 1708 2612 1764 id
2634 1715 2720 1764 est
2745 1707 2812 1762 ad
2851 1707 3077 1780 gloriam
3106 1706 3201 1762 Dei
3235 1716 3410 1761 totum

1831 1800 2058 1867 referat,
2089 1808 2144 1857 et
2169 1800 2236 1856 de
2260 1800 2403 1856 illius
2426 1801 2612 1871 gratia:
2653 1809 2866 1871 reputet
2899 1816 2929 1854 a
2960 1815 3068 1871 quo
3106 1798 3317 1868 accepit
3345 1797 3413 1852 il-

146 1886 303 1942 armis
323 1927 341 1952 ,
382 1895 439 1942 et
467 1903 564 1959 per
584 1888 703 1946 illos
732 1891 972 1948 subdidit
998 1893 1100 1948 sibi
1129 1909 1266 1964 pene
1291 1910 1480 1950 omnes
1508 1904 1718 1967 gentes.
1749 1878 1799 1940 Β
1827 1891 1937 1947 lud.
1969 1891 2040 1948 Ut
2065 1906 2193 1963 ergo
2216 1905 2481 1958 essemus,
2519 1891 2615 1946 Dei
2649 1891 3020 1962 misericordia
3051 1900 3153 1946 est.
3185 1891 3329 1962 Ergo
3359 1889 3412 1946 si

145 1975 203 2032 Et
228 1991 422 2034 sumus
457 1993 558 2034 nos
584 1979 830 2035 habentes
868 1981 924 2036 in
957 1993 1234 2053 promptu.
1273 1983 1325 2038 id
1354 1992 1437 2039 est
1464 1984 1518 2039 in
1548 1985 1724 2040 mani-

146 2069 271 2125 festa
319 2071 600 2129 voluntate
646 2072 829 2129 ulcisci
879 2091 1084 2130 omnem
1121 2076 1558 2144 inobedientiam,
1609 2094 1726 2131 cum

145 2161 354 2233 impleta
397 2163 559 2234 fuerit
588 2175 758 2220 uestra
796 2166 1110 2222 obedientia.
1144 2166 1256 2222 Hoc
1293 2168 1367 2222 ita
1407 2176 1491 2224 est
1537 2169 1728 2225 distin-

144 2253 410 2324 guendum
434 2264 490 2311 et
517 2265 706 2326 postea
734 2257 878 2328 quod
900 2258 1145 2328 sequitur
1161 2257 1520 2316 inferendum.
1545 2260 1612 2315 Et
1632 2276 1728 2332 po-

144 2355 239 2403 test
260 2347 554 2418 dupliciter
576 2350 825 2422 intelligi,
850 2350 903 2406 id
923 2358 1006 2406 est
1025 2360 1086 2406 ut
1111 2351 1341 2418 dicatur,
1372 2353 1510 2409 hanc
1537 2353 1725 2408 volun-

147 2445 307 2494 tatem
354 2439 651 2508 habemus,
697 2450 758 2495 ut
810 2441 1106 2498 ulciscatur
1141 2452 1320 2500 vestra
1365 2444 1726 2502 inobedientia

145 2547 298 2604 quam
345 2534 608 2591 hactenus
651 2535 918 2592 habuistis
961 2551 1060 2608 per
1099 2538 1458 2594 obedientiam
1503 2539 1720 2594 bonam.

147 2621 289 2680 Tunc
351 2625 498 2681 enim
550 2625 856 2683 vindicatur
922 2636 979 2682 et
1039 2627 1320 2684 ulciscitur
1364 2629 1723 2686 inobedientia

147 2717 356 2786 quando
383 2718 432 2774 ei
447 2719 829 2791 superponitur
851 2720 1179 2778 obedientia.
1211 2722 1384 2777 Aliter
1415 2741 1427 2776 :
1456 2721 1606 2778 lianc
1633 2738 1726 2778 vo-

143 2806 404 2867 luntatem
425 2851 440 2876 ,
469 2812 676 2882 inquit,
706 2812 987 2880 habemus,
1019 2821 1078 2868 ut
1103 2829 1224 2869 cum
1247 2829 1344 2869 vos
1371 2813 1726 2885 impleveritis

143 2914 376 2962 vestram
398 2905 763 2963 obedientiam
799 2908 890 2978 qui
925 2907 1280 2978 perfectiores
1301 2889 1521 2963 ethonaa
1537 2907 1726 2963 volun-

146 2998 267 3054 tatis
286 2998 458 3063 estis,
483 2999 749 3070 nobisque
798 2999 853 3054 in
885 3000 1137 3056 omnibus
1170 2999 1405 3056 obeditis
1433 3017 1446 3054 :
1481 3008 1610 3055 tunc
1643 2999 1712 3053 nl-

141 3088 377 3145 ciscatur
401 3089 618 3145 illorum
642 3089 1008 3146 inobedientia
1041 3105 1139 3162 per
1167 3105 1297 3156 nos,
1324 3089 1417 3160 qui
1452 3088 1726 3162 dedignati

140 3193 259 3240 sunt
285 3183 570 3240 vobiscum
602 3182 806 3255 aliquid
843 3183 1060 3240 mittere
1115 3184 1353 3247 sanctis,
1381 3183 1475 3254 qui
1510 3191 1636 3240 sunt
1664 3184 1720 3240 in

138 3257 547 3346 Hierosolymis,
589 3281 653 3330 ut
696 3253 883 3332 essent
922 3274 1222 3348 participes
1264 3253 1574 3331 vestrorum
1603 3290 1723 3330 mu-
1749 3253 1796 3319 (ἶ

138 3381 352 3422 nerum.

206 3456 343 3525 Quae
378 3459 666 3514 secundum
701 3457 891 3528 [aciem
916 3467 1070 3525 sunt,
1107 3456 1292 3523 videte,
1319 3455 1372 3512 id
1400 3465 1626 3526 estquae
1668 3457 1725 3514 in

135 3552 424 3622 prasentia
455 3552 711 3609 dicuntur
725 3566 757 3606 a
778 3551 934 3608 nobis
959 3550 1014 3606 in
1036 3549 1408 3622 superioribus
1430 3558 1487 3605 et
1508 3548 1725 3606 inferio-

135 3645 292 3701 ribus
315 3661 411 3702 vos
434 3645 716 3719 intelligite
735 3653 792 3701 et
821 3645 1156 3716 perpendite.

209 3733 284 3790 Ut
311 3746 482 3791 autem
504 3753 608 3792 non
629 3735 914 3802 existimer,
942 3735 1202 3793 subaudis
1233 3752 1263 3792 a
1295 3736 1450 3792 vobis
1473 3744 1724 3808 tanquam

138 3833 344 3880 terrere
371 3842 452 3880 vos
471 3825 683 3894 volens,
715 3843 807 3898 per
839 3825 1105 3898 Epistolas
1135 3827 1300 3894 istas,
1331 3827 1579 3900 quoniam
1603 3826 1726 3898 qui-

141 3916 269 3971 dem
293 3914 559 3986 Epistolis,
581 3918 861 3989 inquiunt,
891 3935 1072 3990 graves
1091 3927 1212 3974 sunt
1243 3919 1298 3974 in
1333 3919 1726 3975 correctionem

131 4017 185 4062 et
230 4007 404 4076 fortes
433 4007 486 4063 in
515 4007 920 4076 observatione;
951 4011 1229 4082 praesentia
1254 4020 1431 4066 autem
1472 4010 1724 4080 corporis,

130 4101 186 4156 id
226 4110 318 4158 est
339 4100 509 4158 forma
540 4102 684 4159 illius
713 4103 766 4159 in
800 4104 1090 4177 praesentia
1123 4105 1300 4176 posita
1321 4144 1337 4170 ,
1364 4103 1582 4173 infirma
1611 4101 1728 4158 sive

129 4197 396 4254 destituta
432 4207 548 4264 est,
587 4207 636 4253 et
670 4213 840 4253 sermo
878 4197 1023 4254 illius
1059 4196 1465 4270 contemptibilis
1491 4196 1607 4252 sive
1633 4195 1727 4252 de-

125 4289 430 4362 spicabilis.
457 4290 535 4346 Ex
563 4303 796 4361 persona
817 4291 1174 4363 quorumdam
1197 4290 1458 4362 loquitur,
1486 4289 1579 4362 qui
1601 4288 1729 4344 talia

127 4381 394 4438 dicebant
431 4381 498 4438 de
533 4379 648 4449 illo,
685 4388 740 4438 et
764 4381 885 4438 ideo
919 4380 1083 4447 dicit,
1113 4380 1361 4453 quoniam
1385 4379 1618 4451 quidem,
1647 4379 1729 4433 in-

124 4475 318 4544 quiunt
334 4515 351 4542 ,
386 4473 482 4530 illi.

196 4565 334 4622 Non
376 4565 515 4622 enim
555 4565 712 4637 quasi
740 4580 847 4620 non
876 4562 1139 4620 habentes
1166 4570 1490 4635 potestatem
1518 4560 1728 4632 pertin-

1828 1982 2049 2038 omnino
2082 1981 2218 2038 nihil
2244 1998 2465 2038 eramus
2497 1991 2788 2052 antequam
2818 1998 3098 2044 essemus.
3128 1979 3263 2036 nihil
3288 1995 3417 2051 pro-

1828 2074 2123 2130 meruimus
2143 2074 2283 2144 apud
2307 2074 2475 2130 Deum
2504 2083 2563 2129 ut
2583 2089 2846 2130 essemus.
2880 2074 3033 2130 Fecit
3060 2089 3157 2129 nos
3179 2081 3240 2128 ut
3261 2087 3413 2129 esse-

1826 2182 1969 2233 mus,
1993 2174 2049 2221 et
2077 2183 2184 2222 non
2201 2165 2329 2222 fecit
2348 2180 2448 2222 nos
2464 2166 2580 2236 ipse
2599 2174 2658 2221 ut
2685 2166 2809 2222 boni
2839 2180 3104 2221 essemus.
3129 2164 3416 2234 Deditipse

1826 2257 1984 2313 nobis
2010 2259 2296 2325 ut-simus,
2324 2267 2381 2314 et
2408 2259 2583 2330 potuit
2618 2257 2756 2313 alius
2795 2258 2924 2313 dare
2958 2265 3019 2312 ut
3053 2257 3181 2312 boni
3205 2257 3414 2312 simus.

1825 2348 1885 2408 Si
1915 2351 2027 2422 ipse
2051 2350 2200 2407 dedit
2226 2359 2286 2406 ut
2323 2352 2493 2408 simus
2514 2392 2529 2416 ,
2554 2358 2610 2407 et
2637 2351 2774 2406 alius
2805 2351 2950 2406 dedit
2973 2359 3033 2403 ut
3058 2349 3185 2406 boni
3216 2349 3410 2432 simus,

1824 2445 2017 2500 melior
2044 2453 2128 2501 est
2155 2445 2245 2500 ille
2284 2445 2376 2516 qui
2417 2444 2547 2499 mihi
2593 2445 2738 2499 dedit
2769 2452 2827 2498 ut
2856 2445 3030 2498 bonus
3065 2443 3200 2506 sim,
3249 2457 3414 2512 qutun

1826 2538 1916 2594 ille
1944 2539 2035 2609 qui
2060 2539 2193 2594 mihi
2223 2537 2369 2596 dedit
2395 2547 2456 2593 ut
2483 2539 2603 2594 sim.
2638 2537 2811 2593 Porro
2837 2538 2962 2607 quia
2991 2551 3151 2592 nemo
3183 2537 3235 2590 in
3261 2535 3418 2589 mise-

1828 2629 2064 2686 ricordia
2095 2630 2319 2702 largior,
2345 2645 2509 2701 quam
2538 2629 2627 2685 ille
2656 2645 2688 2683 a
2712 2645 2821 2700 quo
2843 2628 3150 2700 accepimus
3181 2637 3236 2680 ut
3260 2641 3413 2682 esse-

1828 2735 1982 2787 mus,
2027 2721 2096 2776 ab
2131 2721 2223 2778 illo
2260 2721 2572 2792 accepimus
2610 2729 2671 2776 ut
2703 2721 2830 2776 boni
2871 2735 3148 2784 essemus;
3182 2735 3418 2790 quapro-

1829 2821 1947 2882 pter
1981 2829 2173 2870 omnes
2221 2813 2481 2869 debemus
2516 2829 2638 2868 cum
2679 2813 2968 2870 Psalmista
3014 2812 3198 2867 dicere
3229 2828 3241 2864 :
3269 2809 3414 2864 Deus

1827 2924 1996 2973 meus,
2028 2907 2393 2961 misericordia
2421 2923 2536 2961 mea
2559 2903 2732 2978 (Psal.
2763 2905 2941 2979 Lvm).

1903 2997 2027 3054 Non
2042 2999 2178 3054 enim
2203 2999 2294 3070 qui
2318 2998 2544 3067 seipsum
2567 2999 2918 3066 commendat,
2935 2997 3025 3052 ille
3043 2998 3295 3068 probatus
3316 3007 3418 3063 est;

1827 3092 1918 3148 sed
1943 3109 2095 3164 quem
2125 3090 2262 3145 Deus
2285 3088 2635 3144 commendat.
2659 3086 3068 3144 Commendatio
3096 3088 3421 3158 plerumque

1827 3199 1928 3256 pro
1951 3183 2107 3238 laude
2132 3181 2352 3252 ponitur
2370 3222 2384 3246 ,
2410 3180 2549 3235 sicut
2592 3180 2646 3235 in
2676 3179 2782 3236 isto
2808 3180 2949 3244 loco,
2979 3187 3034 3234 et
3053 3178 3178 3232 alibi
3209 3177 3302 3233 ubi
3330 3177 3414 3232 di-

1826 3275 1902 3330 cit
1929 3274 2072 3329 idem
2118 3272 2410 3346 Apostolus
2441 3290 2454 3327 :
2484 3272 2596 3344 Ego
2630 3271 2785 3328 debui
2813 3289 2846 3326 a
2883 3272 3022 3326 vobis
3062 3270 3421 3326 commendari

1831 3367 1916 3440 (II
1944 3368 2065 3424 Cor.
2101 3367 2232 3441 xu),
2266 3368 2320 3422 id
2357 3378 2442 3422 est
2470 3366 2712 3434 laudari,
2754 3374 2810 3421 et
2836 3381 2944 3423 non
2974 3364 3420 3424 commendamus

1828 3476 1930 3516 nos
1952 3460 2104 3516 vobis
2122 3501 2136 3526 ,
2170 3460 2224 3514 id
2247 3467 2331 3514 est
2361 3475 2470 3516 non
2498 3458 2783 3516 laudamus
2815 3473 2914 3514 nos
2938 3458 3080 3530 apud
3107 3473 3224 3514 vos.
3275 3457 3414 3514 Pro-

1827 3552 1989 3608 batos
2022 3560 2202 3622 autem
2226 3551 2368 3606 idem
2409 3558 2490 3606 est
2527 3559 2582 3606 et
2608 3551 2810 3622 probus
2843 3559 2897 3606 et
2938 3550 3256 3620 laudabilis,
3304 3550 3421 3607 sive

1828 3641 1986 3701 laude
2002 3645 2213 3716 dignus.
2239 3643 2386 3708 Non,
2403 3643 3003 3716 inquitApostolus,qui
3024 3645 3252 3716 seipsum
3279 3660 3422 3722 cqu-

1827 3736 2040 3791 mendat
2089 3744 2143 3791 et
2197 3734 2382 3790 laudat
2411 3735 2552 3814 apud
2597 3735 2880 3802 homines,
2911 3734 3002 3789 ille
3035 3735 3284 3806 probatus
3317 3743 3422 3804 est,

1829 3829 1945 3884 sive
1966 3828 2124 3884 laude
2151 3828 2347 3900 dignus
2381 3836 2494 3892 est,
2525 3827 2651 3898 quia
2682 3842 2876 3882 vanam
2902 3826 3130 3898 gloriam
3156 3827 3364 3899 patitur
3399 3841 3418 3883 :

1830 3920 1921 3976 sed
1942 3937 2095 3991 quem
2121 3918 2263 3974 Deus
2283 3918 2633 3983 commendat,
2661 3918 2717 3974 id
2747 3927 2834 3976 est
2854 3917 3178 3976 laudabilem
3219 3919 3418 3986 reddit,

1829 4009 1924 4066 ille
1941 4008 2100 4066 laude
2128 4018 2213 4066 est
2235 4009 2448 4081 dignus.

2444 4140 2671 4199 CAPUT
2708 4141 2799 4197 Xl.

1907 4272 2120 4330 Utinam
2144 4275 2466 4331 sustinentis
2495 4275 2760 4330 modicum
2781 4276 2908 4347 quid
2934 4277 3247 4348 insipientia
3268 4296 3418 4337 mete.

1832 4367 2189 4426 Venientibus
2218 4368 2710 4440 pseudo-apostolis
2735 4369 2803 4424 ad
2829 4368 3139 4427 Corinthios
3166 4381 3289 4442 post
3313 4374 3439 4446 ἀίει,

1835 4476 2046 4518 cessum
2081 4461 2320 4532 Apostoli
2339 4501 2354 4528 ,
2383 4469 2437 4516 et
2467 4462 2771 4518 dicentibus
2795 4463 3112 4535 Apostolum
3158 4481 3265 4521 non
3299 4481 3423 4524 esse

1837 4567 1868 4606 a
1900 4551 2013 4606 Deo
2038 4551 2264 4606 missum
2285 4592 2300 4618 ,
2330 4551 2456 4622 quia
2493 4567 2602 4606 non
2648 4549 2826 4608 fuerat
2872 4569 2902 4608 a
2945 4553 3164 4611 Christo
3198 4566 3423 4614 vocatus

124 4658 288 4731 gendi
321 4659 396 4714 ad
420 4673 540 4726 vos,
570 4659 623 4713 in
650 4656 1031 4728 praedicatione
1070 4654 1582 4727 superexstendimus
1630 4670 1726 4710 nos
1751 4623 1810 4686 Ῐ)
1837 4654 1963 4702 ante
1985 4643 2104 4715 ejus
2127 4643 2524 4710 ascensionem,
2544 4661 2644 4702 nec
2665 4646 2734 4702 ab
2751 4645 2842 4702 illo
2857 4647 3098 4714 edoctus,
3126 4649 3349 4720 insuper
3370 4658 3426 4704 et
3481 4655 3486 4664 ’

120 4749 482 4821 praedicando
511 4764 683 4822 usque
709 4748 776 4804 ad
800 4763 928 4803 vos:
953 4763 1117 4819 usque
1135 4745 1203 4800 ad
1217 4763 1303 4801 vos
1332 4746 1470 4800 enim
1495 4745 1729 4814 perveni-

121 4858 238 4895 mus
264 4838 622 4913 praadicando
654 4837 1002 4911 Evangelium
1033 4836 1238 4892 Christi
1268 4837 1336 4892 ab
1367 4835 1723 4892 Hierusalem.

119 4929 415 4988 Habemus
463 4930 626 4986 etiam
679 4946 822 5000 spem
867 4928 921 4983 in
967 4927 1297 4983 abundantia
1330 4926 1455 4997 fidei
1509 4935 1725 4992 vestrae,

118 5025 282 5078 etiam
315 5024 383 5078 in
407 5021 501 5078 illa
528 5062 544 5090 ,
583 5020 842 5078 subaudis
866 5019 1016 5085 loca,
1053 5019 1411 5090 euangelizare
1438 5035 1556 5091 qua:
1586 5017 1728 5073 ultra

116 5137 206 5176 sos
240 5128 381 5176 sunt
401 5159 417 5185 ,
453 5133 559 5173 non
586 5125 766 5173 tamen
809 5115 1068 5171 habemus
1102 5130 1253 5185 spem
1276 5129 1452 5184 neque
1475 5113 1725 5169 volunta-

117 5221 230 5268 tem
264 5210 507 5283 gloriari
542 5210 598 5265 in
637 5208 812 5264 aliena
859 5206 1076 5279 regula,
1112 5206 1166 5262 id
1194 5214 1279 5262 est
1316 5207 1368 5261 in
1398 5205 1483 5260 his
1509 5205 1601 5275 qui
1632 5220 1730 5276 per

112 5304 363 5360 alterius
391 5300 833 5373 pmdicationem
866 5298 1236 5364 crediderunt,
1261 5305 1317 5352 et
1341 5295 1586 5366 regulam
1611 5295 1728 5352 sive

111 5394 526 5456 rectitudinem
573 5393 696 5450 lldei
739 5400 1131 5464 perceperunt,
1169 5405 1346 5461 neque
1377 5389 1430 5445 in
1468 5389 1554 5444 his
1596 5388 1728 5444 locis

112 5511 242 5568 quae
270 5499 598 5568 praparata
636 5498 764 5546 sunt
801 5489 870 5544 ab
898 5487 1018 5543 aliis
1042 5527 1058 5553 ,
1099 5485 1346 5542 volumus
1375 5483 1626 5556 gloriari,
1662 5497 1730 5538 ne

112 5605 290 5661 super
357 5582 602 5640 alienum
649 5581 1061 5636 fundamentum
1109 5577 1381 5635 aediﬁcare
1425 5577 1725 5632 videamur.

107 5684 222 5741 ista
256 5678 581 5744 sententia,
612 5676 739 5732 licet
767 5684 878 5730 tota
913 5675 986 5730 sit
1012 5675 1066 5729 in
1091 5673 1287 5730 Latino
1323 5687 1572 5730 sermone
1597 5685 1731 5727 con-

109 5780 239 5835 fusa
271 5785 339 5833 et
365 5780 746 5836 concatenata,
773 5785 838 5825 ac
864 5767 1032 5824 multa
1054 5768 1236 5824 desint
1261 5768 1314 5822 in
1342 5765 1730 5824 subauditioni-

106 5872 242 5940 hus,
277 5882 478 5927 tamen
492 5865 631 5938 apud
647 5863 866 5920 Graecos
900 5861 1111 5933 plenior
1134 5868 1190 5916 et
1211 5858 1548 5916 manifestior
1568 5858 1732 5916 habe-

585 5956 860 6015 PATROL.
907 5950 1160 6014 CXVII.

1836 4736 2110 4793 contraria
2140 4736 2462 4806 praedicaret
2490 4737 2862 4808 praedicationi
2893 4740 3126 4796 aliorum
3150 4743 3426 4814 apostolo-

1836 4844 1982 4894 rum,
2027 4843 2164 4898 quos
2202 4843 2428 4899 magnos
2475 4828 2746 4898 apostolos
2790 4831 3078 4898 vocabant,
3113 4842 3428 4888 averterunt

1835 4921 2099 4992 plurimos
2122 4920 2192 4975 ab
2228 4936 2412 4976 amore
2436 4921 2678 4991 Apostoli
2697 4964 2711 4990 ,
2743 4939 2879 4994 quos
2900 4925 2968 4980 ad
2993 4940 3235 4980 amorem
3266 4940 3424 4980 suum

1837 5019 2152 5078 traxerunt,
2181 5011 2422 5067 dicentes
2457 5027 2518 5066 se
2546 5028 2667 5068 esse
2694 5015 2887 5069 missos
2917 5030 2946 5069 a
2973 5015 3181 5085 magnis
3210 5021 3428 5086 aposto-

1837 5107 1926 5174 lis,
1963 5122 1993 5161 a
2029 5105 2192 5160 Petro
2212 5146 2227 5171 ,
2255 5104 2504 5171 Andrea,
2529 5103 2760 5171 Iacobo,
2801 5105 3116 5174 ueterisque
3145 5103 3422 5175 apostolis.

1836 5199 2126 5275 Apostolus
2162 5215 2291 5272 ergo
2328 5200 2518 5254 volens
2545 5215 2640 5254 eos
2675 5198 2870 5254 iterum
2907 5197 2975 5252 ab
3013 5210 3200 5252 amore
3236 5212 3426 5252 eorum

1838 5313 2114 5370 separare,
2139 5305 2195 5353 et
2215 5298 2281 5353 ad
2305 5311 2460 5352 suum
2485 5309 2760 5362 revocare,
2791 5292 2882 5364 qui
2913 5291 3074 5348 fidem
3095 5291 3297 5349 Christi
3319 5291 3432 5362 pri-

1837 5407 1959 5446 mus
1982 5390 2035 5444 in
2061 5389 2274 5444 illorum
2296 5387 2552 5444 cordibus
2573 5385 2840 5447 inﬁxerat,
2859 5382 3115 5438 laudabat
3137 5388 3432 5438 secoactus

1836 5483 2049 5549 verbis,
2091 5481 2184 5538 sed
2212 5497 2318 5536 non
2346 5479 2508 5534 corde
2533 5492 2705 5549 neque
2732 5491 2898 5532 sensu
2917 5515 2933 5542 ,
2963 5473 3088 5544 quia
3123 5473 3329 5528 sciebat
3370 5486 3433 5527 se

1839 5576 1974 5632 nihil
1997 5574 2260 5646 prolicere
2293 5579 2512 5644 propter
2540 5570 2753 5626 laudem
2799 5569 3125 5634 humanam,
3167 5564 3270 5620 nisi
3308 5573 3432 5618 tan-

1841 5681 1954 5728 tum
1982 5678 2040 5724 ut
2060 5667 2138 5723 illi
2170 5664 2239 5721 ab
2282 5665 2399 5734 ejus
2438 5662 2824 5736 praedicatione
2856 5676 2965 5715 non
3002 5657 3342 5720 recederent,
3377 5662 3434 5710 et

1841 5757 1967 5828 quia
2015 5752 2155 5824 apud
2197 5751 2445 5808 homines
2507 5750 2727 5804 stultum
2771 5760 2828 5804 et
2871 5745 3178 5817 insipientia
3231 5752 3316 5799 est
3372 5752 3433 5798 ut

1844 5848 2039 5921 aliquis
2067 5861 2124 5901 se
2145 5843 2330 5900 laudet
2351 5842 2588 5906 maxime
2619 5857 2740 5897 cum
2773 5840 3030 5906 Salomon
3061 5838 3204 5893 dicat
3240 5855 3249 5888 :
3291 5834 3433 5888 Lan-

2953 5931 3029 5992 21
