3996 6462
2581 327 2739 347 νην-νυ

505 426 607 485 651
987 412 1344 478 ΗΔἹΜΟΝΙΒ
1376 410 1860 473 πωπω-ιτ.
1900 410 2078 470 121⁵18(

2183 407 2315 468 )PP.
2354 407 2536 468 PARS
2566 406 2616 466 1.
2653 430 2727 459 ~
2761 406 3123 468 consul:
3160 408 3332 467 BlBL.
3700 409 3805 478 ενι

506 544 592 600 det
611 552 661 599 te
691 541 912 605 alienus,
937 543 1112 592 etnon
1138 552 1197 591 os
1213 544 1395 600 tum;
1418 534 1722 597 extraneas,
1748 537 1799 586 et
1820 545 1930 584 non
1951 527 2095 584 labia
2119 541 2175 604 Α
2199 526 2326 598 quia
2354 541 2465 582 non
2489 540 2591 598 pro
2610 524 2866 582 mercede
2887 534 3124 594 eterna,
3148 539 3324 599 neque
3359 539 3465 599 pro
3501 522 3686 583 ωιυιθ
3716 541 3823 607 ιιι-Δ

506 648 601 693 tua
633 636 814 709 (Prov.
847 631 1037 702 xxvn).
1070 626 1272 685 Valens
1298 641 1358 682 se
1386 626 1613 681 laudare
1645 624 1761 694 ipse
1787 623 1860 678 ob
1878 635 2100 677 causam
2199 620 2436 677 ditorum
2475 618 2853 692 pmdicationi
2910 620 3273 689 insistebant,
3337 622 3433 676 sed
3478 636 3585 693 pro
3633 621 3803 679 lucris

506 726 895 798 supradictam,
928 736 996 777 ne
1025 722 1184 776 daret
1208 719 1333 774 aliis
1365 717 1709 774 occasionem
1736 713 1988 770 laudandi
2012 712 2096 768 di-
2199 712 2627 785 temporalibus,
2676 720 2743 768 ut
2772 712 2897 770 illos
2942 712 3250 784 exspoliare
3294 722 3540 784 possent,
3593 721 3657 769 et
3706 729 3818 796 pro

505 823 586 877 xit
615 838 628 875 :
660 818 875 874 Utinam
889 815 1213 873 sustineretis
1236 812 1528 884 patienter,
1555 823 1589 865 ο
1612 806 1907 872 Corinthii,
1930 804 2109 859 modi-
2200 803 2362 859 lande
2386 804 2624 860 humana
2659 803 2906 861 dicentes
2945 800 3264 877 Apostolum
3301 821 3408 861 non
3440 821 3570 862 esse
3610 820 3799 863 verum
3834 866 3845 879 ,

504 928 622 967 cum
643 909 1256 983 quidinsipientitemea,
1270 905 1325 961 id
1338 903 1709 960 estmodicam
1732 898 2099 971 insipientiam
2195 896 2628 968 praedicatorem,
2668 911 2735 953 eo
2771 897 2921 968 quod
2960 912 2994 952 a
3037 898 3272 955 Densius
3306 913 3406 970 per
3447 900 3803 971 praesentiain

502 1016 678 1058 meam
717 999 862 1070 quod
895 1010 985 1053 me
1018 998 1180 1052 laudo
1199 1037 1215 1064 ,
1246 997 1339 1052 sed
1370 1004 1419 1050 et
1448 1000 1752 1066 supportate
1776 1006 1895 1058 ne,
1925 992 1979 1046 id
2008 999 2096 1047 est
2198 986 2382 1043 carnis
2402 1001 2511 1042 non
2537 985 2717 1043 fuerat
2743 995 2991 1054 vocatus,
3014 996 3072 1043 et
3091 988 3224 1043 talia
3254 988 3531 1057 dicebant,
3554 990 3803 1047 volentes

502 1079 766 1150 sustinete
808 1089 1173 1160 insipientiam
1220 1102 1398 1143 meam
1438 1084 1494 1141 in
1532 1086 1634 1139 hac
1674 1090 1831 1154 parte
1876 1082 2091 1147 laudis;
2196 1091 2293 1133 eos
2322 1078 2392 1134 ab
2425 1092 2613 1133 amore
2649 1077 2893 1149 Apostoli
2920 1079 2989 1135 ad
3030 1090 3274 1136 amorem
3298 1095 3459 1136 suum
3491 1082 3798 1150 retrahere,

500 1186 658 1259 quasi
697 1185 909 1253 diceret
948 1202 962 1238 :
997 1182 1055 1238 Si
1101 1181 1264 1237 vultis
1306 1179 1575 1251 patienter
1619 1177 1890 1235 sustinere
1930 1175 2094 1231 verba

500 1294 641 1346 mea,
668 1278 845 1334 dicam
880 1294 893 1330 :
934 1282 990 1331 et
1015 1274 1061 1331 si
1083 1286 1191 1330 non
1218 1273 1401 1337 vultis,
1431 1271 1619 1341 utique
1646 1284 1755 1325 non
1784 1269 1909 1324 ideo
1930 1267 2096 1321 omit-

500 1377 615 1425 tam
650 1370 834 1425 dicere
869 1367 1015 1439 quod
1052 1366 1108 1422 in
1157 1364 1340 1420 animo
1372 1361 1732 1420 deliberatum
1775 1358 1971 1414 habeo.
2024 1356 2096 1412 Et

498 1460 605 1517 hoc
627 1460 839 1531 quare?

569 1554 825 1611 zEmulor
864 1554 1002 1609 enim
1046 1567 1136 1606 eos
1178 1550 1276 1605 Det
1314 1547 1668 1604 mulatione.
1709 1542 1977 1599 Emulari
2002 1548 2095 1633 pst

496 1649 771 1715 invidere,
796 1646 1033 1711 imitari,
1063 1657 1250 1699 amare
1267 1683 1282 1708 ,
1307 1648 1364 1696 et
1387 1640 1626 1696 studium
1652 1637 1874 1701 habere,
1897 1635 1995 1692 sed
2030 1634 2101 1689 in.

497 1743 605 1798 hoc
644 1740 764 1796 loco
796 1752 899 1810 pro
939 1751 1120 1791 amare
1147 1733 1387 1804 ponitur.
1421 1728 1674 1785 Emulor
1700 1726 1840 1782 enim
1863 1740 1953 1781 vos
1989 1725 2088 1780 Dei

497 1832 854 1897 aemulatione,
880 1828 934 1884 id
961 1832 1047 1884 est
1071 1840 1196 1881 amo
1225 1837 1323 1879 ves
1350 1820 1447 1878 Dei
1472 1834 1674 1876 amore.

2196 1169 2340 1240 quod
2368 1176 2427 1224 et
2447 1168 2723 1237 fecerunt,
2770 1170 3032 1240 plurimos
3058 1171 3389 1243 simplicium
3434 1172 3798 1244 decipienta,

2195 1274 2335 1330 quos
2356 1258 2645 1330 Apostolus
2680 1262 2921 1319 irouicos
2957 1262 3271 1334 alloquitur,
3292 1264 3484 1321 dicens
3512 1283 3530 1318 :
3556 1264 3803 1321 Libenter

2193 1356 2428 1426 sationis
2466 1355 2804 1427 insipientes,
2845 1373 2965 1412 cum
2998 1358 3117 1412 sitis
3154 1359 3255 1428 ipsi
3295 1358 3586 1429 uariantes.
3618 1358 3801 1427 Quan-

2194 1462 2359 1518 quam
2384 1450 2587 1506 etenim
2619 1451 2840 1521 quidam
2869 1452 3013 1507 hunc
3033 1452 3363 1507 versiculum
3390 1452 3471 1507 ita
3492 1465 3798 1525 exponant,

2193 1547 2255 1597 ut
2280 1541 2350 1597 sit
2361 1555 2576 1608 sensus,
2592 1541 2750 1612 quasi
2778 1556 2875 1597 eos
2898 1543 3167 1598 veraciter
3193 1543 3452 1614 appellet,
3481 1545 3685 1601 dicens
3715 1561 3799 1602 sa.

2193 1635 2440 1707 pientes:
2472 1637 2663 1704 miror,
2691 1650 2816 1692 cum
2848 1637 2969 1693 sitis
2990 1637 3093 1708 ipsi
3113 1639 3408 1710 sapientes,
3426 1654 3612 1712 quare
3640 1643 3797 1698 susti-

2191 1728 2372 1784 neatis
2401 1728 2638 1785 libenter
2681 1728 3036 1800 insipientes,
3086 1731 3183 1786 sed
3223 1732 3420 1787 beatus
3450 1731 3795 1805 Augustinus

2191 1821 2354 1877 aliter
2381 1821 2625 1892 exponit,
2673 1821 2964 1877 destructis
3005 1823 3153 1878 hunc
3192 1834 3416 1879 sensum
3456 1833 3516 1880 et
3561 1826 3795 1882 ironicos

566 1924 831 1997 Despondi
865 1925 1004 1978 enim
1040 1936 1130 1977 vos
1176 1918 1269 1973 uni
1311 1917 1421 1971 viro
1460 1914 1712 1985 uirginem
1757 1919 1963 2003 “statu
1987 1924 2082 2003 φο
2112 1926 2162 1988 Β
2188 1915 2499 1988 intelligens
2533 1929 2629 1971 eos
2665 1915 2962 1985 appellatos
2991 1930 3114 1972 esse
3151 1917 3447 2003 sapientes.
3484 1916 3629 1973 Cum
3662 1919 3791 1985 sitis,

491 2017 663 2072 bibere
694 2012 926 2069 Christo.
962 2010 1166 2065 Paulus
1200 2004 1477 2078 apostolus
1513 2000 1859 2072 desponsavit
1885 1998 2077 2055 Corin-

492 2110 655 2175 thios,
680 2122 788 2163 non
811 2106 938 2171 sibi,
965 2102 1061 2159 sed
1086 2102 1303 2157 Christo
1319 2112 1416 2169 per
1439 2094 1879 2168 praedicationem
1901 2105 2074 2158 suam,

490 2210 547 2258 et
568 2200 749 2267 ﬁdem,
773 2199 910 2255 sicut
927 2194 1141 2266 Moyses
1161 2190 1509 2261 despeusavit
1524 2188 1579 2244 in
1602 2186 1837 2259 Egypto
1864 2184 2078 2255 plebem

456 2284 463 2291 ’
490 2291 841 2350 lsraeliticam
874 2302 983 2345 non
1021 2287 1155 2356 sibi,
1198 2284 1295 2340 sed
1328 2285 1441 2339 Deo
1479 2279 1677 2355 (Exod.
1708 2279 1816 2353 ιιι).
1842 2277 1998 2336 Unde
2024 2284 2083 2332 et

489 2396 824 2461 praeceptum
856 2392 939 2440 est
972 2383 1023 2439 ei
1062 2391 1124 2438 ut
1168 2378 1381 2437 tolleret
1414 2376 1786 2434 calceameuta
1816 2373 1883 2429 de
1928 2370 2082 2443 pedi-

489 2481 593 2536 bus
613 2480 744 2535 suis.
769 2476 997 2548 Signum
1020 2489 1151 2546 ergo
1177 2469 1613 2542 dcspousationis
1646 2476 1703 2524 et
1720 2466 1953 2521 annulus
1970 2478 2082 2535 quo

489 2571 778 2642 despondit
799 2571 913 2626 sive
928 2566 1276 2639 desponsavit
1294 2563 1585 2636 Apostolus
1598 2560 1914 2618 Corinthios
1932 2560 2086 2614 Chri-

489 2671 578 2721 ste
597 2704 611 2729 ,
640 2662 775 2718 ﬁdes
804 2661 906 2715 fuit
935 2659 1154 2716 Domini
1190 2657 1525 2723 Salvatoris‘,
1555 2668 1719 2727 quam
1750 2652 2084 2709 ministravit

490 2759 589 2816 eis.
635 2758 787 2815 Unde
813 2757 943 2813 dicit
975 2771 990 2810 :
1022 2754 1292 2826 Despondi
1325 2754 1463 2808 enim
1494 2769 1582 2809 vos
1604 2753 1696 2806 uni
1725 2753 1834 2806 viro
1868 2749 2082 2805 Christo

489 2848 749 2906 exhibere
776 2847 957 2902 volens
976 2861 1075 2903 vos
1111 2846 1373 2917 virginem
1402 2853 1606 2901 castam
1624 2884 1638 2909 ,
1668 2844 1722 2899 id
1750 2853 1834 2899 est
1855 2850 1915 2897 ut
1942 2856 2083 2913 pra:-

488 2941 691 3013 paretis
705 2955 800 2995 vos
812 2939 1073 3008 virginem
1089 2952 1294 2994 caStam
1311 2937 1407 3004 illi,
1424 2945 1704 2993 servantes
1716 2937 1768 2990 in
1778 2936 2082 3007 tegritatcm

488 3031 635 3088 ﬁdei.
681 3029 979 3105 Virginitas
1030 3031 1174 3087 enim
1215 3030 1315 3086 ista
1364 3030 1543 3100 potius
1577 3035 1660 3084 est
1697 3028 1895 3083 mentis
1943 3027 2082 3081 inte-

484 3124 658 3197 gritas
685 3138 845 3195 quam
883 3123 1147 3193 corporis.
1184 3120 1243 3177 Si
1278 3136 1407 3192 ergo
1438 3121 1770 3177 attendimus
1800 3120 2084 3192 virginita-

2181 2009 2383 2080 inquit,
2410 2021 2446 2063 ο
2470 2006 2738 2063 Corinthii
2758 2047 2771 2071 ,
2799 2007 3122 2079 instruentes,
3158 2016 3414 2079 putantes
3438 2024 3545 2065 vos
3567 2024 3697 2067 esse
3718 2026 3795 2067 ss.

2180 2103 2394 2174 pientes
2413 2140 2428 2166 ,
2454 2113 2563 2156 non
2597 2108 2686 2155 est
2716 2100 2921 2155 mirum
2959 2100 3005 2157 sl
3044 2101 3324 2171 patienter
3347 2103 3643 2160 sustineth
3667 2105 3795 2159 insi-

2181 2196 2400 2267 pientes
2423 2192 2956 2265 pseudo-apostolos.

2257 2286 2543 2343 Sustinetis
2587 2286 2727 2340 enim
2751 2326 2767 2353 ,
2810 2286 2857 2340 si
2886 2286 3006 2357 quis
3025 2300 3113 2340 vos
3137 2286 3196 2343 is
3231 2288 3538 2343 seruitutem
3577 2289 3785 2361 redigit.

2182 2377 2352 2435 Judaei
2380 2378 2473 2449 qui
2500 2386 2762 2433 venerant
2791 2391 2824 2431 a
2850 2374 3034 2432 Judtea
3053 2415 3068 2444 ,
3094 2379 3188 2449 qui
3216 2386 3515 2449 utrumque
3534 2380 3791 2437 volebant

2184 2484 2366 2542 agere,
2391 2477 2448 2525 et
2464 2466 2779 2538 iudaizare,
2811 2478 2866 2523 et
2890 2469 3244 2541 Evangelium
3267 2470 3608 2538 observare,
3647 2471 3787 2527 vole-

2182 2563 2314 2620 bant
2345 2561 2631 2617 credentes
2664 2560 2717 2615 in
2750 2560 3068 2617 servitutem
3112 2560 3361 2634 redigere
3386 2563 3559 2635 legis,
3598 2572 3655 2619 ut
3690 2564 3783 2619 ob-

2185 2663 2469 2712 servarent
2506 2656 2718 2712 sabbati
2747 2658 2920 2713 otium
2940 2699 2955 2725 ,
2989 2666 3043 2712 et
3072 2655 3217 2712 irent
3245 2654 3682 2728 Hierosolymam
3706 2657 3784 2713 ol—

2185 2749 2332 2803 fcrre
2370 2748 2572 2819 legales
2604 2748 2813 2804 hostias
2832 2788 2845 2815 ,
2877 2756 2935 2803 et
2960 2747 3196 2802 maxime
3224 2754 3284 2804 ut
3308 2748 3780 2805 circumcisioucm

2185 2844 2541 2900 observarent
2560 2883 2575 2911 ,
2607 2843 2850 2898 dicentes
2889 2842 3040 2898 nullo
3069 2842 3229 2898 modo
3254 2857 3414 2913 posse
3448 2858 3547 2899 eos
3588 2845 3779 2900 salvari

2184 2937 2302 2993 sine
2335 2935 2780 3002 circumcisione,
2806 2936 3077 3008 praecipue
3103 2946 3229 2991 cum
3252 2937 3358 2991 hoc
3379 2951 3490 2991 non
3515 2937 3689 2992 solum
3712 2938 3789 2992 sit

2183 3029 2321 3100 legis
2341 3022 2692 3100 praeceptum,
2720 3028 2815 3083 sed
2843 3028 3001 3097 longe
3033 3022 3160 3083 ante
3203 3028 3378 3099 legem
3418 3022 3673 3083 familiari
3700 3029 3776 3082 al-

2183 3122 2456 3178 locutione
2478 3121 2675 3177 dixerit
2704 3121 2846 3177 Deus
2875 3121 2943 3176 ad
2966 3119 3242 3176 Abraham
3270 3139 3283 3175 :
3319 3120 3599 3177 Masculus
3627 3125 3773 3193 ettsz

487 3223 596 3271 tem
621 3216 888 3286 corporis,
916 3214 1083 3270 multo
1117 3213 1297 3285 plures
1319 3222 1448 3270 sunt
1482 3214 1538 3268 in
1568 3213 1810 3268 Ecclesia
1841 3208 2079 3283 virgines
2120 3280 2149 3287 Α
2184 3215 2428 3285 prwputii
2451 3229 2573 3268 caro
2596 3214 2906 3268 circumcisa
2927 3229 3027 3267 non
3052 3212 3234 3285 fuerit,
3256 3215 3445 3285 peribit
3460 3218 3640 3270 anima
3664 3218 3775 3287 ejus

485 3313 667 3361 tuente
702 3280 1145 3377 quamcorpore}
1178 3312 1234 3360 ct
1262 3306 1445 3360 multa:
1474 3313 1603 3361 sunt
1631 3321 1700 3361 ex
1726 3306 1811 3361 bis
1839 3280 1960 3376 qua:
1990 3306 2076 3359 in-
2095 3280 2153 3348 lc
2182 3280 2246 3359 tte
2277 3280 2471 3376 populo
2494 3320 2593 3359 suo
2615 3302 2769 3377 (Gem
2798 3306 2958 3376 χω).
3002 3280 3062 3359 lu
3100 3280 3265 3360 banc.
3284 3316 3419 3376 ergo
3454 3280 3769 3363 servitutem

485 3399 796 3470 tegritatcm
821 3398 1067 3468 corporis
1093 3398 1267 3453 adhuc
1299 3396 1529 3462 habent,
1562 3413 1683 3468 qua:
1704 3406 1882 3453 mente
1903 3408 1961 3453 et
1976 3400 2073 3453 de-
2178 3397 2316 3469 legis
2360 3398 2890 3467 et‘impedimeutum
2917 3398 3096 3454 carnis
3121 3398 3373 3453 volebant
3396 3398 3771 3456 JudzeiCorin-

356 3546 379 3557 _
485 3489 688 3546 sldcrio
710 3490 825 3561 jam
877 3497 1195 3560 nupserunt.
1224 3489 1574 3560 Quapropter
1604 3490 1798 3546 melius
1820 3499 1903 3545 est
1955 3491 2077 3545 uui-
2179 3492 2323 3549 thios
2350 3493 2614 3565 redigere,
2640 3492 2840 3566 quibus
2866 3495 2984 3566 ipse
3008 3492 3144 3550 dicit
3177 3512 3191 3548 :
3220 3492 3508 3550 Sustinetis
3538 3495 3768 3559 euim,id

485 3580 750 3638 v'ersalem
790 3581 1088 3637 Ecclesium
1136 3578 1279 3653 (quae
1306 3590 1519 3637 constat
1561 3596 1629 3636 ex
1673 3592 1907 3654 utroque
1939 3594 2073 3638 sexu
2178 3593 2262 3640 eet
2289 3585 2556 3663 patienter
2574 3583 2842 3653 sollertis,
2868 3586 2915 3641 si
2937 3585 3059 3657 quis
3086 3589 3262 3643 vosin
3291 3588 3609 3643 servitutem
3634 3587 3781 3659 legis

484 3684 540 3734 et
567 3690 634 3734 ex
666 3684 895 3748 utroque
924 3677 1135 3749 ordine)
1163 3675 1428 3747 virginem
1454 3685 1659 3732 castam
1687 3692 1809 3733 esse
1836 3676 2075 3748 appella-
2178 3676 2295 3731 vult
2323 3677 2589 3749 redigere.

485 3777 619 3835 tam,
658 3784 777 3839 qua:
804 3778 1079 3839 ctsponsa
1110 3777 1193 3824 est
1213 3767 1436 3835 Christi,
1467 3769 1535 3825 de
1553 3783 1660 3840 qua
1688 3768 1927 3827 Joannes
1951 3771 2071 3827 ait:
2256 3767 2320 3825 Si
2370 3768 2488 3840 quis
2530 3768 2762 3834 devorat,
2802 3768 3062 3825 subaudis
3101 3768 3464 3825 substantiam
3508 3778 3756 3837 vestram,

486 3852 589 3929 Qui
618 3862 769 3918 habet
798 3878 1044 3930 sponsam
1066 3878 1288 3933 sponsus
1322 3872 1398 3917 est
1425 3860 1610 3935 (Joan.
1639 3865 1723 3935 ιιι)
1752 3862 2075 3934 Quicunque
2177 3861 2475 3919 sustinetis.
2505 3859 2972 3931 Pseudo—apostoli
2998 3860 3113 3917 suis
3139 3861 3538 3919 adulationibus
3570 3870 3623 3916 et
3646 3861 3769 3915 lau-'

483 3969 614 4026 ergo
644 3956 699 4009 in
729 3954 970 4010 Ecclesia
1004 3956 1369 4025 integritatem
1392 3953 1516 4010 fidei
1545 3952 1711 4009 habet
1732 3968 1895 4025 quam
1919 3954 2076 4011 bonis
2179 3950 2336 4030 dibus
2358 3953 2732 4025 cxspoliabant
2752 3953 2874 4009 illos
2897 3966 3035 4024 quos
3055 3953 3398 4025 decipiebant
3421 3963 3479 4010 ct
3499 3953 3553 4009 in
3576 3954 3754 4010 convi-

482 4046 735 4115 operibus
757 4056 1017 4112 exornat,
1047 4046 1200 4118 virgo
1225 4055 1377 4101 casta
1400 4054 1501 4112 est,
1538 4047 1661 4103 etsi
1689 4061 1799 4102 non
1825 4062 2095 4118 corpore,~
2177 4046 2281 4103 viis
2319 4046 2566 4117 plurimis
2607 4046 2930 4117 diripiebant
2963 4046 3179 4103 illorum
3208 4047 3376 4113 bona,
3403 4056 3665 4118 erantque
3686 4046 3751 4103 illi

482 4147 664 4193 tamen
701 4148 911 4194 mente:
946 4139 1172 4209 ideoque
1201 4135 1409 4208 Sponsa
1439 4148 1525 4194 est
1549 4139 1773 4195 Christi.
1808 4138 1912 4206 Qui
1946 4155 2077 4195 vero
2178 4133 2421 4196 contenti
2443 4140 2693 4196 devorari
2719 4152 2808 4196 res
2836 4152 2963 4196 suas
2985 4154 3014 4195 a
3037 4139 3585 4217 su‘sdeceptoribus.

480 4232 1167 4303 virginitatemutramque,
1185 4232 1658 4302 Deopropitiante,
1676 4240 1823 4288 caste
1843 4232 2075 4287 inviola-
2250 4231 2448 4307 Siquis
2488 4236 2708 4305 accipit,
2752 4250 2816 4290 ac
2854 4237 2906 4292 si
2947 4237 3092 4293 dicat
3122 4254 3135 4291 :
3161 4235 3219 4293 Si
3248 4238 3557 4309 quis-rapit
3586 4246 3753 4294 vestra

482 4334 646 4394 teque
680 4325 1014 4391 servaverit,
1063 4325 1202 4381 sicut
1236 4325 1455 4394 plurimi
1488 4334 1797 4381 sanctorum
1833 4325 2087 4391 fecerunt,
2177 4331 2321 4388 bona
2358 4346 2393 4386 ‘a
2429 4330 2614 4397 vobis,
2656 4337 2711 4385 et
2750 4329 2949 4402 accipit
2988 4329 3126 4397 sibi,
3166 4328 3440 4403 patienter
3464 4332 3749 4389 sustinetis.

484 4432 553 4471 ex
598 4424 829 4486 utroque
884 4431 1055 4481 sexu,
1112 4416 1190 4470 illi
1234 4417 1423 4486 utique
1469 4416 1706 4488 palmam
1756 4419 2078 4473 obtinebunt
2181 4423 2334 4481 Unde
2354 4433 2409 4479 et
2436 4437 2563 4480 aves
2591 4423 2988 4495 rapacissituzc,
3016 4439 3137 4495 qua!
3163 4425 3646 4481 Latinovocabnlo
3671 4443 3752 4481 sc-

484 4521 650 4578 quam
681 4522 840 4562 nemo
866 4506 1277 4579 coniugatorum
1302 4509 1615 4579 possidebit.
1640 4510 1705 4565 Et
1732 4510 1779 4565 si
1806 4524 1970 4567 sexus
1999 4506 2103 4590 fc—J
2178 4518 2385 4588 cipitres
2412 4525 2691 4585 vocantur,
2718 4517 2920 4573 Graeca:
2944 4518 3168 4589 harpiaz,
3197 4518 3250 4573 id
3276 4527 3365 4574 est
3392 4527 3638 4591 raptores
3667 4534 3753 4591 apo

484 4602 721 4666 mineus,
778 4601 871 4671 qui
922 4608 1132 4655 tantum
1173 4611 1257 4657 cst
1296 4602 1503 4672 fragilis
1548 4610 1605 4659 et
1646 4602 1919 4673 proclivis,
1963 4603 2067 4658 hoc
2096 4607 2466 4685 I‘_pellantttr,
2497 4607 2723 4678 ecquod
2745 4607 2845 4663 sibi
2860 4607 3158 4678 accipiant,
3187 4618 3242 4664 ct
3256 4608 3378 4666 aliis
3404 4609 3650 4685 rapiant,
3679 4618 3750 4665 at-

484 4693 758 4757 obscrvat,
808 4699 1012 4761 quanto
1061 4691 1233 4765 magis
1274 4691 1350 4747 illi
1390 4692 1517 4763 quia
1569 4693 1771 4749 virtute
1794 4692 1899 4749 viri
1925 4708 2065 4749 nun—
2084 4691 2153 4715 ὐ
2173 4717 2278 4773 que
2297 4703 2401 4757 hoc
2426 4702 2585 4757 modo
2606 4702 2853 4771 accipere
2867 4709 2950 4758 est
2969 4702 3171 4772 aliquid
3193 4701 3313 4758 dolo
3342 4718 3562 4775 capere.
3581 4702 3755 4776 Siquis

483 4792 770 4856 cupanlur.
2169 4792 2440 4849 extollitur
2458 4793 2513 4848 lu
2535 4793 2863 4864 superbiam.
2887 4792 3211 4850 Extollenda
3227 4805 3312 4851 est
3331 4796 3610 4867 superbia.
3632 4797 3751 4861 llos,

560 4878 738 4932 Timeo
777 4886 955 4932 autem
977 4893 1039 4932 ne
1060 4877 1195 4933 sicut
1208 4894 1420 4950 serpens
1442 4877 1610 4934 Evam
1633 4876 1843 4934 seduxit
1873 4881 2071 4941 astutia
2171 4885 2347 4957 inquit
2376 4885 2667 4957 Apostolus
2688 4927 2703 4954 ,
2739 4886 3010 4957 patienter
3033 4887 3315 4953 sustinetis
3331 4931 3345 4953 ,
3381 4890 3475 4960 qui
3510 4906 3571 4948 se
3593 4890 3756 4947 extol-

481 4992 604 5041 sua,
635 4975 688 5029 id
717 4982 802 5029 est
822 4989 890 5029 ue
925 4974 1065 5030 sicut
1087 4973 1332 5028 diabolus
1369 4973 1589 5027 indutus
1630 4981 1955 5045 serpentem,
1983 4990 2071 5029 sc-
2170 4976 2289 5031 lunt
2315 4977 2383 5032 de
2407 4976 2632 5033 scientia
2659 4976 2828 5048 legis,
2855 4978 2998 5048 quod
3034 4977 3089 5032 in
3117 4980 3429 5050 superbiam
3479 4983 3752 5055 eriguntur

482 5070 637 5124 duxit
666 5067 951 5123 mulierem
988 5083 1083 5123 sua
1110 5068 1437 5136 calliditate,
1465 5077 1519 5125 et
1540 5086 1638 5142 per
1663 5069 1941 5131 mulierem
1970 5072 2067 5128 de-

484 5166 627 5236 cepit
648 5165 848 5232 virum,
872 5165 947 5219 ita
976 5148 1142 5222 modo
1188 5176 1592 5235 corrumpantur
1613 5182 1798 5221 sensus
1845 5168 2000 5222 uestri
2035 5182 2069 5223 a

482 5256 990 5330 pseudo-apostolis,
1006 5258 1095 5327 qui
1110 5267 1236 5312 sunt
1250 5258 1482 5313 ministri
1505 5258 1723 5326 diaboli,
1736 5269 1785 5314 et
1798 5259 2067 5315 excidant.

556 5350 799 5411 Libenter
823 5349 1055 5423 sit/fertis
1083 5350 1382 5423 insipientes
1400 5392 1416 5418 ,
1440 5368 1557 5406 cum
1582 5352 1697 5406 sitis
1725 5352 1826 5423 ipsi
1854 5353 2067 5423 sapien-

482 5452 577 5497 tes.
623 5442 878 5513 Apostolo
908 5453 1223 5499 transeunte
1254 5458 1283 5497 a
1311 5442 1610 5499 Corinthiis
1646 5443 1715 5499 ad
1740 5442 1874 5500 alias
1895 5445 2069 5501 natio-

481 5550 606 5601 nes,
620 5546 977 5605 corruperunt
994 5552 1086 5592 eos
1101 5534 1558 5609 pseudo-apostoli
1579 5552 1610 5591 a
1628 5533 1829 5593 Judacis
1853 5537 2068 5593 venien-

481 5634 585 5693 ιεε,
613 5629 704 5699 qui
736 5627 787 5682 in
821 5628 924 5683 hoc
970 5627 1308 5699 appellantur
1336 5627 1678 5700 insipientes,
1708 5629 1835 5700 quia
1873 5626 1927 5686 et
1953 5630 2064 5686 cir-

483 5721 870 5779 cumcisionem
911 5719 1163 5776 volebant
1191 5719 1510 5788 observare,
1551 5730 1605 5779 et
1629 5721 1841 5779 sabbati
1869 5722 2063 5792 otium,

483 5821 787 5884 cutemque
808 5822 1075 5886 praecepta
1094 5815 1334 5873 carnalia
1367 5814 1500 5890 legis
1516 5858 1532 5885 ,
1558 5825 1615 5873 et
1640 5816 1915 5891 Evangelii
1942 5832 2066 5891 gra-

482 5905 613 5963 tiam
661 5914 865 5962 tenere.
912 5908 973 5963 In
1017 5908 1121 5963 hoc
1159 5923 1372 5978 quoque
1419 5909 1736 5979 insipientes
1777 5919 2061 5978 vocantur,

2170 5070 2237 5125 de
2266 5069 2546 5126 nobilitate
2575 5069 2808 5142 generis.
2835 5069 2991 5138 Quod
3020 5078 3203 5125 autem
3232 5074 3481 5142 sequitur
3511 5090 3526 5128 :
3554 5074 3619 5130 Si
3644 5075 3751 5146 quis

2169 5164 2227 5218 in
2247 5162 2436 5232 faciem
2462 5181 2553 5220 vos
2573 5163 2749 5220 cludit.
2779 5160 2880 5222 Hic
2898 5171 2983 5221 est
3003 5165 3471 5237 distinguendum,
3496 5177 3553 5225 et
3574 5158 3769 5240 postea.

2171 5255 2613 5313 subinferendum
2654 5257 2944 5312 secundum
2981 5255 3364 5330 ignobilitatem
3394 5258 3547 5324 dico,
3587 5268 3645 5315 et
3682 5259 3753 5317 ibi

2171 5350 2423 5411 similiter
2457 5350 2916 5424 distinguendum.
2967 5350 3103 5407 Nam
3138 5351 3265 5409 licet
3296 5364 3397 5424 per
3425 5370 3488 5410 se
3524 5353 3749 5429 singula

2169 5444 2451 5505 sententia
2477 5444 2579 5501 sub
2604 5445 2951 5502 distinctione
2993 5436 3373 5517 profanatur,
3418 5456 3603 5505 tamen
3628 5462 3744 5505 cun

2170 5536 2308 5592 dixit
2332 5554 2347 5590 :
2378 5535 2436 5591 Si
2454 5536 2571 5608 quis
2594 5537 2648 5591 in
2675 5536 2973 5609 {aciem‘uos
2993 5537 3172 5602 credit,
3191 5540 3447 5611 exposuit
3462 5541 3592 5612 quid
3610 5546 3750 5597 esset

2168 5630 2224 5685 in
2256 5629 2446 5685 faciem
2473 5628 2702 5698 caedere,
2732 5645 2856 5686 cum
2877 5630 3153 5702 subiunxit
3180 5648 3194 5686 :
3224 5630 3530 5688 Secundum
3552 5631 3757 5703 ignoti.

2166 5716 2369 5778 litatem
2392 5722 2530 5779 dico.
2556 5724 2612 5780 In
2633 5721 2829 5782 faciem
2846 5727 2993 5781 enim
3014 5727 3241 5790 caedere,
3268 5735 3356 5783 est
3381 5727 3759 5798 impr-operare.

2168 5814 2330 5872 alicui
2360 5818 2751 5890 ignobilitatem
2780 5820 3028 5892 generis,
3052 5819 3195 5877 sicut
3212 5818 3387 5878 Judaei
3416 5823 3753 5893 itan

2166 5909 2298 5967 bant
2322 5909 2621 5970 Corinthiis
2659 5912 2922 5986 ignobiles
2956 5928 3083 5972 esse
3120 5928 3352 5991 genere,
3383 5924 3610 5988 quorum
3643 5929 3741 5986 pa-

3226 6454 3282 6460 Ἣ
3366 6451 3762 6462 ἮήἮ-ῆ-
