3996 6444
187 420 287 507 sas

871 444 1234 506 mosmo
1268 446 1339 504 ω
1369 430 1518 504 arti.
1561 438 1620 503 s.
1660 442 1885 502 PAUM.
1922 474 1996 489 -
2030 436 2101 503 ut
2132 436 2353 508 mer.
2388 444 2438 508 n
2468 444 2563 507 Ab
2594 444 2754 507 con.

3335 454 3445 512 δα

185 574 295 627 tres
337 576 552 638 semper
574 560 867 620 idololatrae
892 563 1129 630 fuerunt,
1157 564 1430 620 daemones
1463 569 1519 620 et
1546 562 1753 634 lapides
1779 570 1833 631 Α
1926 554 2138 619 Hebmi
2163 573 2288 619 sunt
2313 561 2391 620 illi
2416 570 2469 619 et
2497 580 2592 636 ego
2619 579 2739 621 mm
2770 562 3050 623 Ml.
3096 565 3313 629 Hebr-mi
3350 568 3438 626 di-

183 670 278 732 pro
304 658 415 714 Deo
441 666 785 724 venerantes,
815 672 875 713 se
894 666 1071 713 autem
1092 656 1471 729 praeferebant,
1490 656 1760 730 iactantes

182 748 240 814 se
261 754 401 826 quod
417 755 483 809 de
504 767 701 824 genere
720 752 1147 824 patriarcharum
1171 760 1226 808 et
1246 752 1627 823 prophetarum
1652 750 1760 807 ori-

181 847 358 921 ginem
385 845 663 912 ducerent,
682 845 749 900 de
773 860 1001 916 quorum
1017 844 1184 914 stirpe
1202 842 1447 900 Christus
1464 843 1759 899 secundum

189 954 411 998 carnem
442 947 604 994 natus
632 945 795 994 esset.
833 936 1023 1009 Magna
1053 935 1313 1007 siquidem
1341 934 1567 991 stultitia
1596 943 1681 991 est
1705 942 1761 990 et

181 1028 509 1102 ignobilitas,
554 1028 785 1099 aliquem
834 1042 934 1099 per
983 1027 1445 1099 regenerationem
1499 1042 1653 1099 aqua
1704 1035 1761 1083 et

180 1121 414 1193 Spiritus
454 1119 624 1176 sancti
660 1108 858 1174 Filium
887 1119 982 1175 Dei
1013 1117 1260 1175 effectum
1282 1160 1296 1183 ,
1321 1119 1529 1190 jactare
1557 1117 1761 1189 aliquid

179 1216 242 1271 de
286 1212 570 1269 nobilitate
606 1212 856 1285 generis,
887 1213 1125 1269 maxime
1154 1227 1275 1267 cum
1316 1211 1578 1266 Dominus
1614 1212 1760 1267 dicat

178 1323 366 1365 omnes
391 1322 489 1363 nos
510 1305 708 1364 fratres
727 1320 869 1371 esse,
908 1304 1154 1376 quamvis
1174 1304 1338 1375 aliqui
1360 1304 1503 1359 hunc
1525 1305 1760 1359 versicu-

178 1400 285 1456 lum
317 1401 393 1455 ita
418 1406 720 1470 exponant,
750 1396 905 1468 quasi
941 1396 1008 1451 ad
1036 1395 1350 1466 Apostolum
1380 1395 1669 1466 pertineat,
1698 1401 1760 1449 ut

177 1494 241 1549 sit
274 1507 485 1549 sensus.
516 1488 812 1564 Ignobilem
846 1504 961 1543 rem
988 1503 1089 1560 ago
1110 1488 1251 1558 quod
1287 1487 1488 1559 aliquid
1513 1488 1578 1543 de
1602 1486 1759 1542 nobi-

177 1587 325 1641 litate
363 1584 581 1657 generis
613 1599 699 1638 me
730 1582 963 1648 extollo,
998 1596 1104 1637 non
1140 1582 1395 1637 convenit
1417 1581 1516 1636 iste
1545 1594 1753 1647 sensus,

175 1677 301 1755 quia
359 1675 596 1732 nondum
658 1675 906 1744 pervenit
962 1674 1031 1728 ad
1093 1673 1242 1729 illum
1299 1673 1473 1728 locum
1533 1671 1624 1727 ubi
1676 1671 1757 1726 di-

174 1775 363 1822 eturus
410 1772 495 1821 est
528 1779 585 1820 se
610 1764 675 1820 de
700 1779 899 1838 genere
926 1763 1356 1834 patriarcharum
1383 1774 1504 1817 esse
1522 1801 1538 1826 ,
1564 1761 1660 1816 sed
1690 1776 1756 1817 eo

175 1857 337 1913 modo
357 1865 443 1914 est
462 1854 867 1927 intelligendus,
886 1863 947 1923 ut
959 1855 1213 1910 diximus.
1228 1853 1297 1909 Et
1310 1868 1378 1909 ne
1406 1852 1543 1907 forte
1556 1850 1755 1923 aliquis

1861 664 2060 713 cuntur
2104 657 2177 712 ab
2220 655 2400 713 Hebor
2445 658 2755 728 patriarcha
2791 674 2917 716 suo.
2950 658 3081 717 lude
3116 661 3250 717 dicit
3289 661 3438 734 Apo-

1859 749 2030 805 stolus
2058 767 2074 804 :
2111 748 2427 805 Gloriantur
2456 747 2531 803 illi
2557 749 2624 804 de
2650 750 2935 807 nobilitate
2961 754 3142 808 carnis
3163 755 3306 824 quod
3334 753 3443 811 He—

1859 840 1995 896 braei
2029 847 2177 906 sunt,
2204 846 2387 911 otego
2414 838 2666 895 similiter
2704 841 2965 899 Hebenus
3005 859 3147 899 sum.
3178 843 3442 901 Israelita:

1859 938 1985 984 sunt
2010 926 2089 985 illi
2120 930 2188 985 de
2218 942 2415 1000 genere
2447 928 2615 985 Jacob
2636 931 2991 1001 patriarchae,
3041 933 3135 1004 qui
3180 943 3238 991 et
3274 935 3444 992 Israel

1859 1028 1945 1077 est
1970 1020 2288 1092 appellatus.
2312 1020 2384 1074 Et
2403 1036 2498 1091 ego
2525 1035 2651 1077 vere
2680 1020 2923 1077 Israelita
2952 1038 3092 1089 sum,
3117 1025 3244 1094 quia
3269 1025 3439 1081 Deum

1857 1121 2040 1168 mente
2063 1110 2416 1181 contemplor.
2446 1109 2638 1166 Semen
2670 1110 2896 1166 Abrahae
2919 1122 3061 1176 sunt,
3108 1114 3268 1170 amici
3303 1102 3437 1181 Dei,

1857 1213 1909 1261 et
1942 1221 2058 1276 ego.
2108 1202 2373 1259 Similiter
2399 1203 2627 1258 ministri
2672 1202 2868 1259 Christi
2903 1213 3047 1270 sunt,
3091 1204 3189 1271 illi,
3231 1215 3283 1261 et
3321 1224 3435 1279 ego.

1859 1294 2107 1351 Minister
2140 1293 2345 1350 Christi
2378 1292 2600 1358 dicitur,
2641 1294 2887 1364 quisquis
2922 1294 3272 1367 Evangelium
3301 1312 3443 1368 pstea

1858 1388 2025 1444 dicat.
2055 1386 2125 1442 Ut
2144 1388 2316 1442 minus
2341 1388 2550 1459 sapiens
2573 1387 2711 1453 dico,
2734 1386 2852 1458 plus
2877 1403 2970 1458 ego
2993 1401 3012 1440 .'
3038 1389 3299 1446 subaudis
3318 1388 3442 1446 sutis

1858 1480 2105 1536 minister
2128 1479 2330 1536 Christi
2366 1494 2528 1549 quam
2557 1478 2634 1534 illi
2669 1496 2682 1533 :
2718 1479 2847 1550 quia
2888 1494 2989 1550 ego
3029 1479 3151 1550 plus
3191 1481 3443 1539 omnibus

1857 1572 2046 1628 laboro
2077 1591 2089 1627 :
2121 1579 2177 1628 et
2206 1572 2466 1642 quidquid
2505 1572 2760 1643 praedico,
2803 1574 3061 1645 operibus
3097 1590 3321 1631 exorno.
3358 1575 3442 1632 liii

1856 1677 2009 1728 vero,
2042 1662 2172 1719 licet
2198 1663 2252 1716 in
2280 1662 2603 1733 quibusdam
2635 1664 2797 1719 rebus
2823 1664 2966 1720 bene
2991 1665 3438 1738 videanturprae—

1855 1755 2058 1822 dicare,
2075 1764 2255 1811 tamen
2280 1770 2386 1810 non
2409 1762 2536 1810 sunt
2554 1757 2667 1811 veri
2689 1754 2920 1812 ministri
2935 1755 3158 1824 Christi,
3182 1760 3439 1829 quoniam

1855 1848 1997 1917 quod
2018 1847 2314 1918 praedicant
2333 1861 2447 1912 ore,
2465 1848 2748 1903 destruunt
2766 1847 3040 1917 operibus.
3053 1847 3113 1903 In
3134 1850 3238 1906 hoc
3256 1860 3439 1908 autem

171 1958 408 2023 putaret,
457 1949 600 2022 quod
646 1948 862 2021 pugnis,
914 1956 1007 2003 aut
1045 1946 1225 2018 aliquo
1270 1947 1430 2003 modo
1469 1947 1524 2001 in
1563 1945 1757 2002 faciem
1786 1934 2094 2011 Rappellat
2134 1955 2193 1995 se
2240 1940 2418 1995 minus
2464 1940 2763 2010 sapientem
2800 1955 2940 2006 esse,
2980 1956 3141 2011 quam
3183 1943 3438 2011 debebat,

172 2045 418 2118 corporis
452 2044 656 2101 diceret
690 2057 785 2099 eos
822 2042 988 2109 caedi,
1027 2042 1148 2098 ideo
1185 2040 1367 2097 taliter
1403 2039 1615 2095 loeutus
1652 2045 1755 2093 est.

174 2139 228 2196 Si
256 2140 403 2211 quis,
433 2137 712 2209 inquiens,
742 2135 798 2191 in
828 2135 1052 2201 faciem,
1099 2134 1153 2189 id
1191 2140 1277 2189 est
1317 2133 1371 2187 in
1416 2131 1758 2204 praesentiam

172 2231 350 2298 caedit,
384 2229 799 2301 impmperando
825 2226 1026 2297 aliquid
1061 2226 1128 2281 de
1158 2224 1494 2297 ignobilitate
1522 2223 1757 2293 generis,

170 2324 444 2396 patienter
479 2319 779 2386 sustinetis,
810 2328 865 2375 et
892 2316 1159 2390 praefertis
1187 2317 1307 2372 illos
1338 2316 1511 2371 nobis.
1552 2313 1759 2370 Secun.

170 2410 301 2473 dum
339 2413 673 2472 nobilitatem
710 2422 890 2467 autem
919 2409 1131 2483 generis
1161 2409 1311 2475 dico,
1344 2422 1441 2463 vos
1469 2409 1524 2462 in
1563 2404 1758 2461 faciem

169 2512 285 2568 sive
316 2510 367 2565 in
398 2507 740 2580 praesentiam
781 2504 936 2570 caedi,
974 2517 1082 2557 non
1125 2501 1337 2574 pugnis,
1376 2498 1530 2571 quasi
1560 2513 1654 2551 nos
1677 2497 1759 2551 in.

164 2600 314 2671 firmi
363 2599 617 2671 fuerimus
660 2598 715 2651 in
760 2596 858 2649 huc
899 2602 1068 2666 parte,
1113 2591 1369 2649 subaudis
1403 2590 1637 2661 generis,
1678 2592 1761 2646 sic

164 2692 470 2765 prmferunt
499 2708 559 2747 se
589 2689 742 2747 nobis
779 2688 888 2753 illi,
928 2696 984 2744 et
1020 2688 1100 2742 sic
1124 2703 1223 2758 pro
1249 2688 1419 2742 nihilo
1450 2687 1697 2743 ducimur
1724 2700 1757 2741 a

165 2786 347 2840 vobis.
378 2782 456 2839 De
482 2798 539 2840 se
568 2783 793 2853 loquens
825 2779 1115 2850 Apostolus
1151 2788 1207 2833 et
1241 2779 1321 2834 sui
1352 2794 1533 2844 causa,
1572 2778 1759 2834 subin-

165 2876 412 2935 troducit
442 2890 727 2948 personam
756 2874 1018 2928 Barnabas
1047 2871 1178 2927 socii
1206 2872 1309 2935 sui,
1351 2871 1442 2940 qui
1473 2885 1539 2924 ex
1566 2870 1761 2924 eodem

163 2982 373 3047 genere
410 2966 635 3024 iudaice
671 2972 809 3020 erat.
849 2962 926 3018 ita
973 2976 1103 3032 ergo
1134 2960 1495 3030 praeferebant
1529 2974 1588 3014 se
1635 2956 1756 3013 falsi

164 3059 402 3134 apostoli
433 3074 501 3115 ex
529 3057 727 3112 Judaeis
752 3053 995 3127 apostolo
1022 3051 1189 3107 Paulo
1215 3059 1270 3106 et
1296 3050 1577 3115 Bamabae,
1600 3048 1757 3119 quasi

162 3155 229 3211 de
258 3149 517 3208 nobiliori
548 3163 744 3221 genere
768 3147 874 3202 orti
903 3153 1088 3201 essent
1114 3157 1273 3214 quam
1305 3141 1401 3208 illi,
1430 3149 1483 3197 et
1509 3141 1663 3211 quasi
1690 3141 1759 3197 de

161 3241 374 3314 dispari
400 3254 596 3312 genere
633 3238 747 3294 nati
785 3245 969 3293 essent
1006 3234 1085 3291 illi
1125 3235 1251 3301 duo,
1285 3235 1359 3289 ita
1387 3228 1757 3303 despiciebait

1859 2034 1986 2104 quia
2015 2050 2074 2089 se
2098 2033 2350 2089 laudabat
2370 2033 2554 2090 dicens
2580 2048 2638 2090 se
2657 2034 2778 2104 plus
2802 2049 2924 2091 esse
2947 2034 3258 2091 ministrum
3281 2036 3439 2094 Chri-

1860 2127 1951 2192 sti,
1981 2141 2142 2196 quam
2174 2126 2331 2182 illos:
2363 2134 2420 2182 et
2458 2140 2523 2182 eo
2570 2128 2728 2183 modo
2778 2142 2887 2198 quo
2928 2140 2990 2182 se
3022 2128 3159 2183 dixit
3191 2143 3355 2200 supra
3382 2130 3442 2186 in

1859 2215 2167 2285 insipientia
2197 2229 2380 2286 agere,
2407 2229 2473 2270 eo
2497 2229 2641 2270 nunc
2667 2215 2845 2270 minus
2871 2230 3086 2286 sapere.
3133 2215 3203 2271 In
3245 2217 3443 2273 labori-
3480 2266 3483 2271 .

1859 2307 1955 2362 lius
1978 2306 2245 2376 plurimis,
2272 2306 2529 2363 subaudis
2557 2306 2734 2362 servio
2763 2307 3005 2374 Christo,
3024 2316 3187 2365 etest
3215 2323 3437 2366 sensus:

1856 2398 1916 2455 in
1939 2401 2044 2455 hoc
2062 2409 2283 2470 apparet
2312 2400 2431 2471 plus
2457 2414 2544 2456 me
2566 2414 2688 2457 esse
2715 2400 3021 2457 ministrum
3043 2401 3246 2458 Christi
3272 2419 3436 2475 quam

1858 2490 1999 2555 illos,
2029 2492 2156 2561 quia
2185 2490 2310 2547 licet
2340 2491 2417 2546 illi
2445 2492 2537 2562 qui
2562 2506 2624 2547 se
2652 2491 2782 2547 mihi
2809 2492 3107 2562 praeferunt
3140 2510 3357 2566 semper
3381 2495 3439 2551 in

1857 2584 2040 2655 aliquo
2060 2584 2462 2652 laboraverint,
2505 2596 2684 2640 tamen
2718 2585 2842 2655 plus
2864 2601 2967 2658 ego
2995 2587 3273 2655 laboravi,
3312 2591 3442 2663 quia

1856 2677 2105 2749 plurimis
2144 2677 2418 2735 laboribus
2452 2678 2539 2735 die
2574 2687 2848 2750 noctuque
2891 2681 3158 2738 deservio.
3198 2683 3441 2739 'l‘radunt

1857 2776 2029 2831 sancti
2059 2776 2331 2842 doctores,
2359 2776 2503 2847 quod
2529 2774 2823 2846 Apostolus
2850 2790 2880 2829 a
2908 2791 3069 2831 mane
3088 2774 3228 2831 vela
3260 2776 3439 2845 pullo-

1856 2884 1976 2924 sum
2006 2878 2169 2925 cantu
2205 2885 2374 2940 usque
2401 2871 2467 2925 ad
2492 2871 2738 2941 quintam
2767 2872 2956 2925 horam
2987 2869 3157 2925 labori
3181 2885 3437 2925 manuum

1856 2961 2159 3028 insistebat,
2191 2961 2333 3015 unde
2357 2962 2557 3016 victum
2579 2961 2906 3032 acquireret,
2946 2971 3000 3017 et
3039 2963 3236 3017 exinde
3266 2975 3440 3032 usque

1856 3051 1925 3107 ad
1959 3050 2226 3105 decimam
2259 3050 2449 3105 horam
2488 3051 2701 3121 publice
2743 3051 3089 3121 disputabat:
3122 3051 3441 3122 plerumque

1856 3148 2038 3223 tamep
2061 3148 2117 3195 et
2137 3140 2190 3194 in
2214 3150 2425 3196 noctem
2450 3141 2801 3211 protendebat
2823 3157 3128 3197 sermonem
3152 3142 3288 3214 (Act.
3318 3144 3433 3212 xx),

1856 3231 1998 3287 sicut
2039 3240 2163 3286 tunc
2207 3230 2335 3286 fecit
2378 3231 2594 3301 quando
2627 3231 2901 3301 Eutychus
2926 3246 3116 3286 somno
3158 3241 3436 3304 gravatus,

159 3304 279 3394 eos.
315 3304 446 3389 inde
470 3332 600 3388 dicit
626 3330 913 3401 Apostolus
937 3346 951 3382 :
983 3327 1150 3395 Quasi
1175 3342 1269 3381 nos
1294 3324 1491 3395 inﬁrmi
1523 3333 1579 3379 et
1601 3324 1753 3395 igno-
1780 3304 1833 3370 Ο
1857 3326 2054 3382 cecidit
2079 3325 2146 3380 de
2173 3324 2375 3380 solario
2393 3340 2492 3395 per
2508 3326 2823 3391 fenestram,
2852 3326 2909 3379 in
2943 3327 3240 3380 carceribus
3271 3326 3443 3382 obun-

157 3429 309 3487 biles
347 3426 518 3481 simus
558 3422 894 3496 ignobilitate
939 3420 1184 3492 generis,
1232 3419 1312 3475 sic
1356 3432 1415 3474 se
1461 3415 1758 3488 praeferunt

157 3522 329 3580 nobis
356 3538 369 3575 :
400 3528 455 3575 et
488 3519 561 3575 ita
598 3518 760 3573 etiam
795 3531 825 3571 a
853 3515 1005 3571 vobis
1041 3512 1402 3585 praeferuntur
1433 3512 1617 3577 nobis,
1660 3512 1757 3567 sed

158 3628 361 3673 revera
392 3612 468 3669 illi
497 3618 623 3667 sunt
650 3611 832 3682 potius
865 3608 1065 3664 infirmi
1112 3607 1165 3662 in
1210 3608 1312 3662 hac
1344 3617 1499 3677 parte
1543 3606 1758 3679 generis

158 3718 268 3778 qua
298 3719 359 3761 se
384 3704 712 3776 gloriantur:
737 3701 860 3771 quia
884 3700 1127 3754 dicentes
1148 3697 1285 3753 filios
1305 3713 1365 3753 se
1383 3712 1506 3753 esse
1524 3697 1759 3753 Abrahas

156 3796 471 3856 secundum
502 3810 720 3851 carnem
737 3835 751 3861 ,
793 3806 902 3848 non
930 3798 1058 3847 sunt
1081 3789 1349 3844 veraciter
1376 3789 1470 3843 lilii
1498 3788 1756 3853 Abrahae,

155 3904 262 3962 per
295 3888 453 3943 ﬁdem
488 3894 541 3941 et
571 3884 966 3956 operationem,
997 3880 1255 3951 quoniam
1284 3893 1391 3935 non
1426 3886 1553 3933 sunt
1579 3879 1758 3933 imita-

154 3981 321 4036 tores
351 3977 486 4049 ejus.
527 3974 637 4030 Nos
667 3982 848 4027 autem
880 3986 1066 4026 sumus
1093 3970 1235 4024 firmi
1267 3978 1323 4022 et
1350 3967 1588 4032 nobiles,
1629 3967 1758 4036 quia

152 4071 468 4128 existentes
496 4064 589 4119 lilii
617 4064 850 4119 Abrahs
876 4062 1169 4118 secundum
1200 4074 1441 4124 carnem,
1479 4074 1669 4144 sumus
1703 4062 1760 4113 et

148 4166 267 4237 per
302 4159 659 4214 imitationem
687 4156 812 4211 fidei
841 4162 898 4210 ct
923 4153 1273 4224 operationis.
1304 4150 1371 4207 Et
1394 4154 1497 4209 iste
1517 4152 1759 4208 versicu-

149 4255 249 4309 lus
282 4264 383 4322 per
410 4264 469 4304 se
497 4254 579 4303 est
605 4244 957 4317 proferendus
986 4250 1040 4299 et
1068 4243 1493 4315 distinguendus.
1538 4241 1605 4297 In
1629 4259 1757 4313 quo,

149 4343 430 4407 subaudis
459 4343 705 4415 negotio,
745 4341 862 4413 quis
906 4340 1095 4405 audet,
1128 4338 1386 4394 subaudis
1419 4337 1669 4410 gloriari;
1704 4339 1759 4393 in

1856 3419 2093 3485 domins,
2118 3417 2374 3473 subaudis
2401 3418 2512 3474 suis
2536 3417 2777 3473 inclusus
2809 3432 2971 3487 quam
3000 3417 3103 3481 illi,
3132 3425 3295 3474 etest
3317 3430 3447 3473 sets-

1858 3526 1951 3569 sus
1978 3525 1994 3564 :
2026 3510 2091 3564 Et
2117 3509 2163 3565 si
2190 3508 2266 3563 illi
2300 3508 2516 3564 luerunt
2541 3508 2594 3562 in
2632 3522 2853 3564 caream
2875 3522 3011 3577 quos
3030 3522 3133 3564 vos
3154 3509 3439 3575 extollitis,

1857 3616 1893 3657 o
1915 3600 2201 3664 Corinthii,
2236 3614 2338 3673 ego
2363 3599 2485 3670 plus
2518 3614 2680 3671 quam
2710 3598 2808 3655 illi.
2852 3599 2919 3655 In
2945 3599 3117 3671 plagis
3139 3616 3300 3671 supra
3325 3616 3447 3657 mo-

1857 3693 2004 3758 dum,
2037 3692 2295 3749 subaudis
2325 3692 2554 3748 amictus
2581 3707 2723 3747 sum.
2754 3690 2906 3762 Srepe
2926 3692 3175 3763 plagatus
3192 3703 3279 3747 est
3299 3691 3447 3763 Λυο-

1858 3786 2032 3841 stolus
2057 3802 2085 3840 a
2114 3785 2319 3841 Iudaeis
2341 3794 2398 3839 et
2426 3785 2694 3856 gentibus,
2717 3794 2775 3840 et
2805 3800 2948 3855 saepe
2975 3785 3141 3857 virgis
3169 3801 3360 3852 casus,
3386 3793 3448 3842 et

1858 3879 1905 3933 ti
1925 3878 2022 3943 illi,
2057 3877 2254 3947 inquit,
2277 3877 2481 3948 plagnti
2513 3886 2659 3941 sunt,
2690 3893 2790 3949 ego
2818 3876 3070 3947 amplius.
3099 3878 3335 3945 Quaestio
3357 3887 3448 3936 ost

1860 3971 1915 4024 in
1958 3971 2062 4025 hoc
2101 3970 2260 4026 loco:
2299 3969 2434 4025 Cum
2482 3970 2771 4040 Apostolus
2814 3971 2939 4025 alibi
2988 3970 3134 4025 dicat
3176 3986 3189 4025 :
3242 3970 3449 4027 Fidelis

1858 4059 2001 4115 Deus
2021 4059 2112 4131 qui
2139 4076 2242 4114 non
2278 4060 2505 4129 patietur
2538 4076 2629 4113 vos
2675 4060 2865 4114 tentari
2908 4077 3065 4130 super
3104 4060 3160 4114 id
3186 4061 3328 4130 quod
3358 4077 3450 4131 po-

1860 4150 2021 4213 testis,
2054 4150 2144 4204 sed
2181 4149 2335 4219 faciet
2364 4165 2483 4203 cum
2521 4150 2806 4204 tentatione
2830 4150 2989 4204 etiam
3016 4160 3345 4219 proventum,
3387 4160 3446 4205 ut

1858 4245 2068 4316 possitis
2101 4246 2355 4299 sustinere
2397 4241 2450 4316 (Ι
2479 4240 2605 4298 Cor.
2640 4243 2720 4311 χ),
2758 4257 2922 4312 quare
2970 4243 3061 4299 hic
3103 4244 3249 4299 dicat
3281 4257 3447 4314 supra

1859 4338 2075 4394 modum
2112 4337 2165 4391 in
2208 4337 2379 4408 plagis
2405 4352 2525 4394 esse
2553 4335 2844 4393 amictum?
2884 4352 3005 4407 quas
3049 4338 3123 4393 ita
3172 4338 3444 4393 solvitur:

150 4436 470 4507 insipientia
500 4436 641 4501 dico,
673 4433 841 4488 audeo
867 4442 916 4487 et
943 4448 1035 4502 ego
1067 4430 1319 4502 gloriari;
1360 4445 1424 4485 ac
1470 4430 1513 4486 si
1555 4431 1762 4486 diceret
1859 4430 1987 4500 quia
2020 4429 2187 4483 multa
2218 4428 2479 4484 sustinuit
2519 4430 2630 4499 ipse
2670 4443 2829 4499 supra
2870 4432 3084 4486 modum
3125 4422 3442 4498 humanum,

152 4514 291 4586 aliis
320 4527 502 4582 verbis
528 4545 540 4580 :
572 4525 789 4581 Audent
820 4524 897 4579 illi
934 4523 1156 4597 gloriari
1188 4523 1243 4577 in
1278 4522 1560 4578 nobilitate
1595 4537 1758 4594 gene-
1859 4530 1917 4577 et
1934 4536 2094 4591 supra
2118 4522 2372 4576 virtutem
2400 4521 2649 4577 humanae
2673 4520 2999 4592 fragilitatis,
3030 4524 3122 4593 sed
3143 4538 3251 4578 non
3279 4538 3444 4593 supra

151 4623 259 4683 ris,
299 4619 425 4674 licet
454 4617 774 4687 insipienter
799 4616 1000 4681 dicam,
1037 4614 1210 4670 audeo
1235 4622 1292 4669 et
1318 4630 1420 4686 ego
1443 4613 1661 4685 gloriari
1688 4614 1756 4669 de
1778 4675 1829 4687 _
1857 4615 2112 4669 virtutem
2164 4613 2425 4679 divinam,
2471 4614 2697 4685 ideoque
2742 4615 2917 4683 potuit
2964 4629 3029 4670 ea
3075 4616 3346 4671 sustinere
3390 4622 3447 4671 et

150 4712 451 4771 nobilitate
472 4675 705 4781 generis.
731 4708 857 4764 Ideo
878 4715 1059 4763 autem
1078 4707 1174 4773 ait,
1201 4705 1267 4761 In
1285 4675 1586 4777 iniipientia
1610 4706 1750 4770 dico,
1778 4675 1835 4736 D
1860 4720 2137 4775 superare,
2178 4706 2303 4775 quia
2345 4675 2521 4761 virtus
2554 4675 2942 4777 omnipotentis
2977 4707 3069 4763 Dei
3102 4709 3448 4763 administra-

151 4804 293 4876 qnia
321 4800 549 4857 stultum
580 4798 811 4863 videtur,
844 4805 1105 4867 quantum
1130 4796 1201 4851 ad
1224 4796 1471 4851 homines
1496 4796 1754 4866 pertinet,
1858 4796 1952 4853 bat
1987 4797 2039 4851 ei
2079 4795 2454 4852 fortitudinem
2481 4795 2791 4852 sull'crendi.
2834 4797 2901 4851 In
2930 4800 3182 4853 nsortibus
3208 4801 3450 4869 frequen-

152 4905 218 4952 ut
244 4895 306 4948 in
331 4892 638 4963 insipientia
663 4890 858 4960 aliquis
882 4888 1161 4958 semetipsi
1192 4888 1554 4949 testimonium
1580 4888 1757 4945 laudis

151 5002 225 5043 ex
261 4983 451 5055 aliquo
476 4981 780 5053 perbibeat.
813 4978 1101 5051 Apostolus
1126 4987 1307 5035 tamen
1333 4995 1439 5036 non
1468 4989 1588 5036 erat
1616 4982 1756 5037 iusi-

151 5081 345 5152 piens,
368 5076 497 5147 quia
524 5089 633 5130 non
661 5081 857 5145 sponte
884 5072 988 5128 hoe
1014 5072 1230 5143 agebat,
1257 5073 1352 5128 sed
1370 5081 1632 5128 coactus:
1661 5088 1756 5128 ne-

151 5182 274 5241 que
304 5164 591 5236 proslaude
624 5163 881 5228 humana,
915 5161 1013 5217 sed
1040 5168 1103 5215 ut
1127 5159 1440 5218 Corinthios
1466 5177 1564 5217 sua
1597 5162 1755 5220 laudo

153 5261 237 5318 ad
263 5270 515 5313 amorem
534 5268 695 5311 suum
739 5253 1055 5310 retribuet
1074 5251 1163 5307 ab
1184 5266 1381 5308 arnore
1414 5252 1754 5324 parmpe-

153 5352 461 5415 stolarum,
490 5347 577 5403 vel
602 5347 660 5402 in
698 5345 1009 5417 insipientia
1042 5344 1180 5401 dicit
1212 5357 1276 5400 se
1307 5343 1509 5401 audere
1532 5343 1755 5417 gloriari

159 5444 241 5501 de
275 5439 565 5497 nobilitate
610 5436 846 5509 generis,
894 5445 958 5491 ut
1004 5435 1222 5492 illorum
1254 5434 1491 5508 gloriam
1528 5441 1758 5492 mouet

155 5537 263 5610 qui
292 5547 354 5591 se
372 5533 657 5606 iactabant
678 5531 825 5602 quod
852 5530 953 5585 ﬁlii
981 5536 1166 5610 essent
1194 5530 1458 5596 Abrahae,
1506 5529 1632 5601 quia
1672 5530 1757 5585 ille

155 5609 439 5703 sipienter
456 5627 707 5699 agebant.
730 5609 1129 5696 imprudentem
1150 5622 1322 5679 etiam
1334 5636 1397 5679 se
1420 5622 1756 5693 pronumiat,

153 5729 217 5778 et
262 5719 588 5791 insipienter
626 5730 791 5788 agere
826 5715 888 5775 ain
932 5715 1036 5771 hac
1075 5713 1221 5784 quod
1248 5726 1312 5771 se
1338 5714 1547 5778 laudat,
1576 5712 1758 5772 uo-illl

154 5810 471 5887 prudentes
501 5808 819 5865 viderentur
852 5806 906 5863 in
944 5807 1047 5863 hac
1084 5815 1238 5876 parte
1276 5807 1623 5873 sanabiles,
1662 5807 1757 5878 qui

152 5920 233 5963 se
258 5902 599 5959 estollebaut
625 5901 697 5958 de
721 5897 1003 5956 nobilitate
1024 5898 1261 5968 genesis.

1860 4899 1957 4954 ter,
1988 4889 2249 4945 subaudis
2275 4886 2352 4943 fui
2374 4886 2600 4957 ﬁnitus.
2618 4889 2691 4943 Et
2715 4889 2763 4944 si
2785 4905 2927 4960 saepe
2956 4889 3057 4945 fuit
3081 4891 3135 4945 in
3160 4890 3444 4955 mortibus,

1859 4981 2130 5051 quomodo
2155 4978 2407 5035 vivebat?
2430 4979 2503 5034 In
2520 4981 2778 5035 mortibus
2799 4981 2956 5045 dixit,
2984 4998 3085 5051 pro
3103 4997 3170 5036 eo
3189 4983 3334 5052 quod
3364 4989 3455 5039 est

1861 5071 1916 5127 in
1944 5071 2198 5141 periculis
2226 5071 2418 5127 mortis
2442 5079 2497 5127 et
2526 5071 2579 5128 in
2607 5072 2985 5142 desperatione
3012 5073 3153 5127 vitaz.
3462 5116 3467 5123 .

1937 5165 1973 5218 Α
1996 5163 2207 5220 Iudicis
2223 5163 2517 5235 quinquies,
2539 5165 2926 5237 quadragenas,
2956 5163 3214 5222 subaudis
3237 5165 3447 5234 plagas,

1859 5274 1966 5313 sua
1991 5257 2167 5313 minus
2193 5258 2391 5327 accepi.
2434 5256 2771 5328 Praeceptum
2813 5267 2971 5314 erant
3009 5258 3073 5314 in
3109 5252 3449 5315 Denterono-

1860 5348 1995 5414 inio,
2016 5355 2265 5418 utquam
2293 5347 2697 5419 deliuquentom
2720 5347 2932 5417 iudices
2956 5348 3345 5411 verberabant,
3372 5350 3449 5406 ita

1861 5439 2085 5497 modum
2107 5439 2361 5496 vindicta
2384 5448 2775 5511 temperarent.
2806 5449 2869 5495 nt
2886 5441 3166 5513 plagarum
3190 5457 3452 5501 numerus

1862 5532 2354 5604 quadragenariun
2400 5548 2689 5589 numerum
2736 5533 2961 5590 minime
3004 5535 3448 5604 conscenderet,

1863 5638 1935 5679 ne
1965 5622 2109 5679 finde
2136 5639 2321 5681 coram
2358 5624 2438 5680 eis
2470 5623 2647 5680 frater
2681 5637 2870 5681 eorum
2912 5624 3187 5681 laceratus
3217 5626 3448 5698 iaceret.

1862 5715 2268 5786 Quod.egn.per
2298 5717 2541 5787 quinque
2564 5714 2939 5781 vicesimum
2964 5726 3065 5782 est,
3095 5718 3188 5775 hic
3211 5733 3453 5775 summac

1864 5811 1963 5866 tim
2010 5811 2181 5881 tangit
2214 5812 2545 5883 Apostolus:
2580 5810 2714 5867 Nam
2753 5812 3045 5883 quisiquiea
3074 5813 3377 5886 ﬂagellatus
3419 5830 3451 5869 a

1865 5903 2084 5969 iudicis,
2112 5904 2324 5971 accepit
2362 5904 2545 5973 plagas
2575 5903 2791 5974 triginta
2830 5914 3021 5963 novem
3050 5908 3342 5967 secundum
3373 5904 3452 5961 lci-
