3996 6456
471 482 476 522 Ϊ
493 459 605 520 055

961 445 1316 512 HAYMONIS
1352 439 1835 502 HALBERSTAT.
1871 436 2088 498 EPISC.
2125 432 2276 493 OPP.
2316 429 2498 489 PARS
2533 429 2577 488 Ι.
2618 459 2686 473 --
2719 401 3086 488 COMMENT.
3121 412 3315 487 BlBL.‘

2561 338 2564 341 -
2579 335 2606 344 v-

3673 417 3785 476 650

495 593 620 652 gem
648 575 840 649 Moysi,
863 571 1022 644 quasi
1051 559 1422 641 transgressor
1464 563 1706 637 ejusdem
1751 560 1887 632 legis
1922 557 2080 626 (Act.
2109 559 2164 620 Α
2187 552 2430 652 vestigiis
2459 549 2704 652 incessit,
2747 550 2843 605 sed
2885 557 3009 652 post
3045 546 3267 652 modum
3297 537 3791 652 domans-cecidi:

481 672 636 740 ~XVI).
673 666 858 723 Refert
879 673 1059 720 autem
1087 663 1281 718 beatus
1304 659 1450 715 Beda
1473 657 1672 714 librum
1701 653 1938 710 delatum
1963 663 2084 706 esse

466 811 476 823 .
499 763 724 820 aBoma
754 775 852 831 per
873 756 1196 814 Chidonium
1233 752 1578 810 orientalium
1607 748 1920 820 angelorum
1945 743 2086 799 anti-

495 855 682 912 stitem
725 853 780 908 in
815 866 925 922 quo
959 857 1139 905 erant.
1165 862 1354 904 omnes
1391 845 1624 909 labores,
1674 839 1986 912 passiones,
2029 842 2086 890 et

462 959 678 1016 poenas
697 941 942 1013 Apostoli
993 939 1218 1012 depictas
1258 953 1360 1007 per
1399 936 1518 991 loca
1564 939 1897 1005 opportuna,
1945 928 2086 983 inter

497 1052 621 1106 qua:
647 1035 830 1092 omnia
859 1044 981 1090 erat
1005 1033 1251 1104 depictus
1277 1029 1566 1100 Apostolus
1598 1026 1752 1097 quasi
1785 1021 2086 1081 demtdatus

496 1125 706 1199 iaceret
740 1128 794 1182 iu
830 1136 1000 1192 terra,
1038 1134 1094 1180 et
1119 1115 1282 1195 super
1313 1121 1524 1178 astabat
1549 1121 1598 1175 ei
1630 1126 1803 1174 tortor
1829 1113 2087 1186 quadriﬁ-

501 1222 630 1278 dum
658 1220 868 1276 habens
888 1217 1160 1288 ﬂagellum
1195 1216 1249 1270 in
1289 1228 1483 1280 manu,
1524 1213 1618 1269 sed
1650 1226 1812 1266 unam
1839 1225 1870 1265 e
1895 1208 2088 1263 ﬁdibus

501 1313 558 1370 in
590 1328 754 1385 manu
783 1326 881 1367 sua
913 1318 1210 1373 retentam,
1255 1317 1380 1362 tres
1405 1305 1638 1376 reliquas
1679 1303 1746 1358 ad
1789 1301 2087 1356 feriendum

502 1406 740 1462 habebat
767 1413 1035 1460 extentas.
1067 1403 1124 1458 Si
1153 1402 1295 1458 enim
1325 1399 1603 1470 quaternis
1625 1397 1821 1453 ﬁdibus
1841 1401 2091 1466 percute-

506 1507 592 1553 ret
615 1499 815 1563 decies,
843 1496 1198 1568 quadraginta
1225 1495 1408 1564 plagas
1433 1492 1655 1547 faceret.
1688 1489 1745 1544 Si
1769 1504 1900 1544 vero
1926 1485 2094 1543 unde-

503 1588 621 1642 cies
644 1588 852 1652 feriret,
880 1586 1234 1657 quadraginta
1263 1593 1494 1654 quatuor
1518 1582 1658 1637 ictus
1689 1579 1955 1650 impleret.
1995 1575 2095 1631 Vel

480 1678 555 1736 si
596 1679 790 1735 nonies
831 1678 1021 1734 feriret
1054 1676 1334 1747 quaternis
1379 1672 1596 1739 ﬁdibus,
1635 1680 1690 1727 et
1729 1671 1938 1727 decima
1976 1669 2096 1723 vice

491 1766 704 1832 ternis.
738 1785 845 1825 una
874 1771 1052 1824 minus
1077 1767 1434 1838 quadraginta
1463 1765 1652 1836 plagas
1680 1763 1855 1818 daret.

491 1894 494 1896 ~
540 1899 548 1906 κ
582 1861 867 1932 Τενύὶνθὶε
893 1876 1057 1914 avsus
1082 1876 1197 1913 sum
1225 1874 1242 1911 :
1268 1857 1371 1912 hoc
1408 1873 1438 1910 a
1475 1856 1728 1927 gentibus
1765 1867 1961 1924 passus
1989 1859 2092 1907 est.

2184 645 2330 700 inter
2355 642 2585 698 ﬂuctus:
2613 641 2798 711 sicque
2818 647 3005 711 postea
3029 654 3059 693 a
3089 635 3316 692 Domino
3345 631 3612 693 elevatus,
3642 637 3700 683 et
3722 626 3788 682 ad

2184 745 2386 793 terram
2413 743 2496 792 est
2523 735 2846 806 perductus,
2885 728 3155 802 signiﬁcat
3180 725 3536 796 semetipsum
3561 720 3658 791 qui
3691 719 3788 775 du-

2184 830 2382 888 bitavit
2409 829 2626 902 quando
2650 826 2887 900 negavit,
2939 825 3034 881 sed
3075 840 3106 878 a
3144 820 3375 877 Domino
3401 817 3684 874 relevatus
3712 823 3792 870 est

2187 924 2256 979 ad
2293 923 2488 989 ﬁdem,
2529 929 2584 978 et
2628 921 2899 992 signiﬁcat
2938 932 3128 974 omnes
3177 923 3445 984 martyres
3488 923 3793 976 omnesque

2182 1021 2378 1092 justos,
2419 1019 2509 1090 qui
2541 1019 2596 1074 in
2624 1017 2924 1091 primordio
2959 1015 3082 1071 ﬁdei
3121 1013 3338 1069 fortiter
3369 1009 3654 1071 incedunt,
3698 1014 3801 1076 pro

2187 1115 2356 1171 nihilo
2385 1115 2704 1184 deputantes
2729 1110 2993 1167 saevitiam
3013 1114 3449 1179 persecutorum;
3475 1100 3573 1156 sed
3603 1109 3790 1170 postea

2189 1210 2475 1280 ingruente
2503 1213 2822 1277 tempestate
2851 1203 3174 1276 gravissima
3212 1193 3647 1269 persecutionis,
3695 1191 3794 1245 du-

2189 1279 2366 1356 bitant
2395 1297 2448 1352 in
2477 1297 2690 1366 aliquo;
2730 1294 2826 1350 sed
2857 1279 3069 1348 Domini
3112 1288 3283 1362 gratia
3325 1284 3562 1356 protecti
3609 1281 3792 1338 subleo

2189 1398 2406 1455 vantur,
2441 1403 2510 1443 ne
2533 1387 2751 1458 penitus
2787 1385 2985 1440 cadant
3026 1383 3081 1436 in
3128 1377 3569 1450 desperationem
3595 1381 3652 1427 et
3682 1371 3795 1426 vin-

2193 1489 2388 1538 cantur
2425 1496 2456 1534 a
2489 1476 2740 1550 procellis
2779 1485 2943 1546 atque
2980 1474 3048 1530 ad
3087 1481 3286 1528 terram
3335 1468 3639 1524 electorum
3675 1477 3795 1534 per-

2194 1573 2482 1629 ducuntur.
3367 1567 3372 1571 ’

2267 1749 2334 1804 In
2379 1747 2652 1802 itineribus
2693 1761 2856 1817 ηερε,
2899 1741 3145 1815 periculis
3184 1740 3489 1810 ﬂuminum,
3533 1734 3796 1791 subaudis

2198 1843 2294 1899 fui.
2328 1843 2530 1898 lterum
2553 1839 2822 1896 convertit
2844 1852 2901 1893 se
2930 1836 2996 1890 ad
3028 1835 3130 1889 alia
3156 1831 3394 1904 pericula
3419 1827 3796 1892 memoranda,

509 1951 634 2008 Haec
660 1960 846 2006 autem
870 1952 924 2005 iu
953 1951 1181 2006 Actibus
1209 1925 1574 2019 apostolorum
1605 1962 1710 2001 non
1737 1945 1916 2001 omnia
1945 1959 2099 2014 repe-
2125 1958 2173 2020 Β
2198 1937 2388 1993 volens
2433 1951 2492 1992 se
2539 1935 2826 1991 ostendere
2872 1937 3162 1986 vexantem
3219 1925 3517 1981 secundum
3576 1936 3797 2008 carnem

511 2045 733 2100 riuntur
759 2061 773 2099 :
803 2045 1068 2114 quoniam
1103 2059 1204 2099 nec
1233 2013 1285 2096 in
1316 2043 1395 2098 eis
1424 2041 1681 2113 Epistolis
1710 2040 1892 2095 omnia
1920 2013 2098 2094 conti-
2125 2013 2169 2020 —
2200 2045 2302 2101 pro
2331 2027 2547 2096 Christo
2574 2027 2628 2081 in
2654 2035 2800 2080 terra
2821 2030 2877 2078 et
2896 2021 3057 2087 mari,
3081 2028 3135 2073 et
3162 2018 3331 2073 multo
3359 2016 3516 2087 plura
3551 2029 3616 2070 se
3641 2013 3800 2070 susti-

495 2147 728 2204 mentur,
758 2154 879 2208 qua:
907 2139 962 2192 in
993 2137 1178 2192 eadem
1210 2136 1438 2191 historia
1469 2135 1758 2190 habentur.
1791 2133 2102 2188 Invenimus

505 2238 696 2284 tamen
725 2230 819 2295 ibi,
852 2230 976 2300 quia
1009 2243 1130 2284 cum
1171 2227 1406 2282 venisset
1443 2227 1496 2281 in
1532 2234 1714 2296 partes
1754 2223 2098 2288 Macedoniae,

512 2330 569 2376 et
594 2329 740 2377 esset
768 2322 822 2376 in
851 2322 1070 2376 civitate
1097 2320 1342 2384 Colonia,
1378 2318 1562 2389 jussus
1599 2326 1683 2374 est
1718 2317 1885 2388 virgis
1923 2315 2056 2372 ρωόί
2085 2332 2098 2369 :

513 2419 570 2467 et
595 2413 699 2466 alia
721 2412 839 2467 vice
858 2411 1025 2483 jussit
1058 2411 1306 2467 tribunus
1345 2425 1468 2466 eum
1508 2410 1786 2482 gentilium
1823 2407 2102 2464 indroduci

514 2503 801 2569 iti'castra,
831 2512 886 2558 et
911 2501 1195 2574 ﬂagellari,
1225 2519 1286 2558 ac
1317 2503 1562 2573 torqueri
1592 2501 1791 2574 ﬂagris.
1821 2499 1990 2556 Semel
2021 2498 2104 2553 la-

511 2595 726 2665 pidatus
753 2611 888 2650 sum.
920 2595 1214 2666 Lapidatus
1243 2606 1326 2650 est
1347 2595 1575 2667 Lystris,
1608 2594 1830 2650 civitate
1856 2592 2106 2647 Macedo-

513 2687 636 2752 niae,
670 2701 770 2759 pro
793 2688 969 2757 puella
1013 2689 1079 2742 de
1114 2703 1218 2757 qua
1256 2688 1415 2759 ejecit
1456 2687 1701 2757 spiritum
1738 2683 2104 2742 divinationis:

517 2794 638 2848 quae
665 2793 918 2851 magnum
951 2788 1214 2848 quaestum
1242 2780 1533 2850 praestabat
1569 2777 1801 2832 dominis
1831 2777 1964 2832 suis.
2009 2775 2109 2829 Ter

520 2871 860 2942 naufragium
891 2871 1009 2942 feci.
1041 2870 1391 2941 Naufragium
1416 2871 1616 2927 dicitur
1638 2871 1790 2925 navis
1818 2869 1986 2924 fracta
2013 2887 2025 2922 :
2056 2876 2109 2922 et

519 2965 663 3034 quod
691 2965 844 3031 dicit,
885 2976 962 3020 ter
997 2965 1335 3036 naufragium
1365 2965 1484 3034 feci,
1529 2966 1607 3020 sic
1654 2965 1902 3019 videntur
1945 2963 2110 3018 verba

521 3069 735 3122 sonare,
764 3059 920 3129 quasi
949 3058 1065 3128 ipse
1089 3057 1306 3114 fecisset
1332 3057 1462 3113 illud
1482 3056 1840 3128 naufragium,
1868 3055 1962 3112 sed
1988 3071 2110 3110 sen-

522 3161 616 3204 sus
638 3137 744 3214 est,
778 3157 864 3204 ter
889 3148 1228 3220 naufragium
1258 3148 1382 3215 feci,
1429 3148 1482 3203 id
1525 3156 1610 3203 est
1657 3157 1736 3202 ter
1769 3146 2108 3230 naufragium

522 3238 741 3309 pertuli.
781 3239 884 3308 Qui
921 3255 1052 3310 ergo
1089 3241 1386 3309 sepissime
1422 3240 1636 3310 navigio
1677 3239 1976 3294 vehebatur
2013 3253 2146 3308 per,

2202 2125 2415 2188 nuisse,
2436 2138 2596 2193 quam
2642 2117 3137 2191 pseudoapostolos.
3184 2113 3372 2170 Solent
3404 2123 3657 2184 tempore
3695 2112 3800 2168 hie-

2203 2218 2307 2274 mis
2335 2225 2388 2271 et
2417 2214 2722 2286 pluviarum
2753 2209 3057 2282 transgredi
3088 2207 3311 2263 ﬂumina
3343 2205 3529 2260 alveos
3557 2218 3712 2269 suos,
3751 2213 3802 2258 et

2204 2313 2430 2367 nimium
2475 2307 2814 2364 intolerabile
2857 2305 3101 2377 praebere
3151 2303 3258 2358 iter
3297 2300 3580 2356 viantibus
3621 2317 3636 2353 :
3685 2299 3800 2369 quia

2205 2424 2333 2480 ergo
2360 2404 2651 2477 Apostolus
2682 2402 2900 2458 hiemali
2933 2410 3174 2471 tempore
3198 2397 3390 2454 solitus
3421 2404 3546 2452 erat
3577 2395 3802 2451 transire

2207 2502 2272 2557 de
2300 2501 2416 2556 loco
2442 2501 2498 2554 in
2529 2499 2706 2553 locum
2732 2511 2829 2566 per
2855 2495 3020 2566 pedes
3046 2533 3062 2561 ,
3101 2507 3244 2564 saepe
3279 2491 3602 2547 incurrebat
3631 2489 3801 2544 ﬂumi-

2206 2607 2333 2648 num
2357 2589 2618 2663 pericula.
2647 2586 2904 2642 Periculis
2928 2585 3191 2640 latronum
3214 2599 3358 2654 saepe
3380 2582 3631 2638 interfui.
3655 2581 3802 2636 Pseu-

2196 2681 2506 2755 doapostoli
2541 2689 2595 2736 et
2628 2677 2797 2734 Judaei
2820 2675 3079 2732 increduli
3105 2674 3473 2731 immittebant
3492 2672 3544 2728 ei
3572 2672 3804 2728 latrones

2208 2787 2267 2832 ut
2297 2776 2423 2847 quia
2458 2774 2558 2844 ipsi
2591 2786 2690 2828 nec
2719 2777 2989 2840 poterant,
3022 2783 3123 2824 nec
3153 2767 3426 2822 audebant
3446 2781 3576 2821 eum
3601 2765 3804 2836 publice

2209 2869 2546 2932 interﬁcere,
2581 2867 2648 2921 ab
2680 2865 2894 2919 illorum
2933 2861 3200 2917 ministris
3227 2858 3672 2915 interﬁceretur.
3707 2856 3803 2912 Pb

2211 2961 2392 3017 riculis
2431 2977 2494 3015 ea:
2532 2975 2736 3030 genere.
2786 2955 3056 3013 Sustinuit
3096 2955 3211 3025 ipse
3251 2953 3497 3025 pericula
3549 2967 3582 3006 a
3612 2947 3806 3006 Judtis

2211 3053 2470 3109 fratribus
2499 3051 2614 3107 suis
2642 3049 2938 3106 secundum
2963 3063 3208 3113 carnem,
3238 3046 3348 3117 qui
3371 3044 3637 3101 dolebant
3674 3041 3806 3114 quod

2212 3144 2468 3202 derelicta
2506 3142 2623 3215 lege
2661 3141 2730 3197 ad
2765 3139 3117 3212 Evangelium
3161 3153 3220 3194 se
3260 3134 3808 3193 converteretllnde

2213 3237 2440 3308 legimus
2465 3235 2590 3305 quia
2621 3233 2849 3304 quadam
2874 3231 2995 3287 vice
3032 3231 3269 3286 Ananias
3297 3230 3808 3301 princeps‘sacerdoo

502 3343 695 3398 --mare,
739 3346 848 3386 non
891 3340 973 3386 est
1011 3331 1205 3385 mirum
1247 3332 1292 3385 si
1341 3332 1500 3386 toties
1539 3331 1876 3402 naufragium
1917 3345 2108 3400 passus
2137 3329 2182 3394 C
2213 3339 2322 3382 tum
2357 3328 2598 3399 prtecepit
2635 3324 2928 3380 astantibus
2969 3323 3068 3378 sibi
3101 3332 3370 3394 percutere
3410 3339 3471 3375 os
3509 3322 3634 3392 ejus
3672 3321 3802 3393 (Act.

523 3434 626 3485 est.
672 3425 842 3480 Nocte
869 3441 931 3480 ac
971 3427 1054 3480 die
1093 3426 1148 3480 in
1181 3425 1445 3496 profundo
1470 3427 1633 3480 maris
1659 3427 1756 3496 fui.
1796 3424 1949 3480 Licet
1988 3424 2111 3494 qui-

526 3519 650 3572 dam
677 3516 860 3570 dicant
886 3515 1200 3586 Aposwlum
1232 3531 1340 3572 non
1370 3531 1492 3572 esse
1525 3516 1578 3570 in
1606 3531 1756 3571 mare
1783 3518 2111 3583 demersum,

527 3609 714 3677 ibique
753 3608 812 3662 in
858 3608 1125 3678 profundo
1173 3621 1436 3678 aquarum
1476 3617 1673 3679 negent
1720 3616 1878 3663 nocte
1923 3622 1986 3662 ac
2027 3607 2114 3662 die

526 3700 1067 3765 mansisse,'tenenda
1090 3705 1172 3757 est
1193 3709 1370 3756 tamen
1394 3709 1539 3756 certa
1563 3709 1870 3756 sanctorum
1895 3699 2114 3754 Patrum

511 3791 934 3862 'traditio,'quia'
959 3792 1014 3848 in
1043 3793 1273 3849 veritate
1314 3809 1442 3849 casu
1479 3793 1760 3864 prolapsus
1786 3802 1867 3849 est
1898 3794 1954 3847 in
1989 3808 2118 3862 pro-

527 3880 753 3939 fundum
789 3885 976 3952 maris,
1019 3885 1111 3941 ubi
1140 3885 1534 3956 circumseptus
1564 3885 1816 3943 ﬂuctibus
1845 3886 1929 3942 die
1958 3884 2118 3940 simul

512 3982 586 4033 -υι
610 3983 798 4040 nocte,
826 3986 970 4048 post,
995 3978 1105 4034 Deo
1128 3967 1483 4051 gubernante,
1518 3979 1655 4034 liber
1691 3981 1756 4034 ad
1797 3988 1996 4034 terram
2028 3993 2117 4033 re-

515 4068 648 4126 diit.
681 4068 937 4140 Nunquid
969 4085 1098 4142 ergo
1119 4069 1253 4142 ipse
1292 4072 1384 4141 qui
1430 4071 1482 4125 in
1519 4072 1666 4126 exitu
1693 4070 1926 4126 ﬁliorum
1955 4069 2120 4124 Israel

527 4158 605 4216 de
623 4167 770 4216 terra
794 4160 1022 4233 'Egy'pti
1043 4175 1194 4217 mare
1225 4163 1410 4218 divisit
1434 4164 1486 4218 in
1512 4163 1826 4229 divisiones,
1854 4170 1907 4217 et
1933 4171 2118 4234 postea

517 4251 820 4308 Jordanem
837 4260 896 4308 et
916 4262 1208 4310 torrentem
1238 4254 1420 4308 Arnon
1451 4254 1806 4325 (Exod.x1v),
1836 4254 1926 4324 qui
1954 4253 2119 4309 etiam

530 4345 984 4401 servaviﬂonam
1007 4347 1062 4401 in
1083 4354 1272 4403 ventre
1294 4349 1396 4403 ceti
1421 4347 1570 4420 (Ion.
1597 4348 1678 4419 lt),
1707 4357 1761 4403 et
1788 4350 1947 4402 Petro
1970 4363 2120 4403 mare

531 4435 792 4492 calcabile
812 4434 1046 4507 praebuit
1075 4433 1291 4508 (Matth.
1313 4439 1461 4508 xxv),
1490 4454 1597 4494 non
1624 4440 1992 4510 p‘0tuit'etiam
2019 4439 2120 4494 mi-

525 4527 865 4612 litemsuum
895 4530 1171 4603 egregium
1200 4529 1610 4600 praedicatorem
1641 4530 1865 4585 Paulum
1898 4530 1954 4586 in
1988 4546 2110 4602 pro-

532 4618 706 4674 fundo
729 4619 896 4674 maris
937 4634 1174 4684 servare,
1204 4630 1262 4674 ut
1290 4635 1467 4690 neque
1497 4636 1526 4674 a
1547 4620 1954 4691 circumpositis
1981 4637 2118 4690 prte-

2215 3420 2398 3492 XXIII),
2429 3427 2484 3475 et
2512 3419 2730 3490 longum
2779 3425 2864 3472 est
2907 3429 3166 3472 enarrare
3210 3414 3424 3484 quoties
3461 3414 3575 3470 hoc
3616 3413 3808 3469 factum

2215 3522 2315 3569 est.
2357 3509 2615 3566 Periculis
2658 3525 2723 3564 ex
2759 3509 3014 3580 gentibus.
3042 3506 3086 3560 A
3111 3505 3444 3578 philosophis
3484 3505 3730 3576 gentium
3762 3512 3810 3559 et

2215 3605 2550 3678 principibus
2607 3601 2772 3656 multa
2826 3599 3169 3655 incommoda
3214 3614 3409 3670 passus
3457 3607 3545 3654 est
3593 3610 3808 3668 propter

2216 3696 2534 3769 mysterium
2568 3691 2957 3749 incarnationis
2995 3689 3116 3744 Filii
3144 3689 3262 3754 Dei,
3303 3689 3808 3760 passionis,'rcsur~

2219 3789 2498 3853 rectionis,
2515 3797 2517 3800 ‘
2537 3785 2978 3854 ascensionisque
3007 3783 3074 3838 ad
3102 3782 3288 3848 cozlos,
3315 3790 3372 3836 et
3400 3791 3634 3852 prepter
3663 3781 3806 3835 unius

2220 3883 2316 3940 Dei
2337 3880 2602 3938 culturam
2633 3891 2795 3947 quam
2821 3875 3168 3948 praedicabat.
3214 3872 3558 3928 Pericutis‘in
3587 3874 3806 3928 civitate.

2221 3973 2374 4044 Saepe
2403 3969 2674 4032 interfuit,
2703 3967 2848 4039 quod
2877 3967 3096 4038 longum
3126 3973 3210 4020 est
3239 3977 3520 4019 enarrare.
3555 3961 3806 4018 Periculi:

2218 4066 2273 4120 in
2299 4063 2599 4119 solitudine.
2637 4058 2888 4115 Pericula
2933 4057 2989 4112 in
3030 4056 3322 4112 solitudine
3359 4055 3627 4111 sustinuit
3651 4069 3693 4110 ‘a
3720 4053 3808 4109 Ju-

2221 4158 2372 4222 daeis,
2399 4155 2614 4226 quando
2643 4151 2801 4210 factis
2834 4151 3046 4207 insidiis
3073 4149 3362 4206 voluerunt
3400 4163 3530 4203 eum
3571 4149 3809 4204 occidere

2221 4251 2275 4305 in
2313 4249 2398 4304 via
2429 4262 2443 4302 :
2473 4245 2557 4302 vel
2601 4246 2766 4301 etiam
2814 4242 3069 4315 periculis
3114 4243 3168 4296 in
3217 4240 3806 4305 solitudine'interfuit,

2221 4340 2345 4412 quia
2367 4337 2613 4394 diabolus
2641 4335 2887 4391 invidens
2911 4335 2958 4391 ei
2985 4349 3090 4389 non
3117 4333 3288 4389 solum
3317 4347 3415 4403 per
3439 4334 3696 4390 homines
3719 4332 3810 4387 uii-

2222 4431 2424 4486 nistros
2465 4443 2592 4484 suos
2637 4439 2761 4482 eum
2807 4426 3251 4498 persequebatur,
3293 4425 3388 4479 sed
3417 4424 3588 4479 etiam
3619 4426 3810 4481 bestias

2221 4523 2584 4582 ferocissimas
2630 4529 2818 4577 contra
2865 4535 2987 4575 eum
3030 4520 3324 4583 excitabat,
3368 4535 3438 4573 ne
3483 4520 3812 4575 auderet'de

2171 4683 2174 4685 Α
2220 4615 2337 4670 loco
2396 4612 2463 4668 ad
2517 4613 2695 4668 locum
2749 4610 3004 4666 transire.
3061 4609 3320 4663 Periculi:
3378 4609 3436 4662 in
3493 4611 3658 4662 mori.

533 4709 704 4764 fucari
754 4712 927 4780 aquis,
975 4725 1158 4781 neque
1197 4727 1226 4765 a
1256 4712 1448 4768 helluis
1483 4712 1723 4766 marinis“
1745 4712 1990 4767 devorari
2019 4727 2118 4782 po-
2143 4704 2197 4764 D
2223 4707 2396 4764 solum
2434 4705 2651 4777 quando
2685 4713 2770 4760 ter
2805 4702 3147 4772 naufragium
3185 4701 3442 4772 pertulit,
3495 4711 3556 4757 et
3599 4704 3813 4774 quando

535 4801 736 4856 tuerit?
764 4801 960 4857 Potens
993 4803 1178 4874 utique
1202 4804 1396 4874 potuit,
1430 4803 1657 4875 ideoque
1691 4803 1837 4858 fecit.
1878 4803 2120 4873 Denique

534 4905 645 4949 non
691 4903 776 4950 est
809 4896 1054 4967 amplius
1099 4896 1405 4952 mirandum
1446 4897 1674 4953 Petrum
1737 4911 1913 4969 super
1944 4898 2119 4955 undas

531 4988 706 5043 maris
744 4997 850 5043 non
887 4983 1085 5045 infusis
1121 4990 1363 5062 vestigiis
1399 4991 1738 5059 ambulasse,
1776 5005 1938 5062 quam
1979 4989 2118 5045 Pau-

534 5082 833 5137 lunr‘nocte
862 5097 926 5137 ac
951 5081 1039 5138 die
1087 5082 1139 5137 in
1177 5081 1464 5152 profundo
1490 5081 1658 5138 maris
1686 5081 1910 5138 illaesum
1937 5092 2118 5137 custo-

531 5171 705 5228 ditum
749 5187 908 5228 esse.
940 5172 1327 5244 Mystlce'vero
1360 5189 1458 5245 per
1486 5173 1711 5229 Paulum
1743 5176 1833 5244 qui
1870 5182 2024 5229 nocte
2053 5175 2117 5228 ac

529 5259 621 5318 die
644 5263 706 5318 in
735 5261 1002 5333 profundo
1029 5266 1194 5320 maris
1221 5261 1340 5332 fult,
1371 5275 1425 5321 et
1455 5267 1632 5322 tamen
1650 5263 1886 5322 Domino
1912 5282 1970 5320 se
1997 5279 2120 5335 pro-

531 5363 751 5426 tegente
797 5357 1083 5412 ad’terms
1131 5356 1266 5412 liber
1310 5357 1574 5427 pervenit,
1607 5355 1998 5426 intelliguntur
2042 5354 2116 5410 illi

532 5447 659 5518 justi
700 5449 792 5518 qui
830 5450 914 5505 de‘
943 5449 1310 5522 profunditate
1345 5449 1707 5520 periculdrum
1748 5455 1803 5504 et
1839 5445 2118 5519 perturba-

534 5532 964 5597 timtumisteculi
1005 5557 1034 5596 a
1076 5541 1308 5597 Domino
1352 5541 1592 5612 quotidie
1639 5541 1983 5604 educuntur,‘
2024 5537 2119 5594 sed

534 5637 747 5709 plenius
789 5637 974 5691 in"dle
1004 5627 1191 5704 iudicii
1238 5629 1629 5700 liberabuntur,
1673 5637 1834 5709 atque
1872 5631 2119 5709 ad‘littus

535 5707 752 5786 aeternae
777 5721 1066 5787 seliditatis
1081 5730 1452 5800 perducentur
1477 5743 1489 5781 :
1517 5728 1642 5798 quia
1672 5707 1832 5798 positi
1859 5707 1999 5780 inter
2022 5723 2120 5779 ﬂu-

535 5831 657 5882 ctus
683 5823 1072 5895 huius‘sacculi,
1108 5807 1216 5880 rion
1244 5809 1622 5879 dubitaverunt
1652 5820 1717 5877 in
1735 5819 1842 5876 ﬁde
1867 5821 1934 5876 de
1955 5818 2118 5874 mise-

535 5905 1162 5979 ricordia“Dei."Petrus
1199 5931 1328 5973 vero
1365 5917 1457 5991 qui
1488 5916 1878 5988 'primum"non
1921 5912 2116 5970 infusis

2223 4797 2407 4870 lapsus
2434 4797 2489 4854 in
2517 4812 2685 4862 mare,
2717 4795 2808 4852 ubi
2840 4795 2942 4850 fuit
2982 4795 3128 4850 inter
3165 4793 3373 4850 medios
3410 4791 3733 4851 ﬂuctus-die
3759 4809 3814 4849 ac

2221 4899 2401 4956 nocte,
2431 4897 2488 4946 et
2522 4889 2718 4945 illmsus
2739 4887 3058 4959 permansit,
3086 4901 3272 4942 verum
3313 4886 3480 4941 etiam
3524 4889 3816 4958 missum

2220 4984 2459 5057 pericula
2490 4983 2542 5038 in
2573 4981 3016 5038 mari‘sustinuit.
3048 4979 3461 5050 Unde'quadam
3494 4981 3621 5038 vice
3648 4983 3811 5054 impe.

2219 5087 2414 5149 gerunt
2451 5087 2643 5130 navem
2683 5073 2957 5136 ad'littus,
2989 5072 3203 5141 quando
3232 5070 3539 5148 pr‘oraaﬁxa
3571 5075 3818 5129 manebat

2225 5168 2568 5225 inmutabilis:
2605 5165 2806 5236 puppis
2835 5179 2965 5219 vero
3010 5161 3324 5217 solvebatur
3351 5177 3383 5215 a
3427 5161 3478 5216 vi
3523 5166 3820 5227 ωδτὶςτθι

2224 5260 2441 5332 quando
2477 5258 2679 5314 milites
2721 5256 2970 5311 Volebam
3012 5251 3513 5309 omnescusto'dias
3546 5254 3818 5315 occidere,

2225 5369 2292 5409 ne
2309 5351 2430 5422 quis
2450 5353 2636 5421 po‘ss'et
2657 5356 2841 5403 natatu
2860 5345 3142 5416 pervenire
3159 5345 3223 5398 ad
3247 5344 3820 5400 littus.'Sed-ceumrio

2224 5447 2330 5502 hoc
2361 5442 2638 5514 prohibuit
2669 5447 2894 5513 pr0pter
2930 5437 3264 5509 Apostol'um,
3307 5437 3513 5492 volens
3540 5437 3819 5494 eum-sors

2225 5547 2355 5593 vare
2383 5538 2519 5608 (Art.
2556 5533 2749 5608 xxv").
2793 5530 3052 5587 Periculi:
3080 5533 3137 5584 in
3167 5515 3644 5601 fal‘sirﬁmribu'

2224 5627 2673 5688 interfu’it.‘F‘al'si
2711 5625 2908 5680 fratres
2933 5625 3009 5679 'hi
3060 5629 3206 5687 sunt,
3248 5619 3316 5676 de
3358 5621 3563 5690 quibus
3598 5620 3738 5675 dicit
3765 5619 3820 5673 in

2225 5723 2475 5795 Epistula
2490 5715 2804 5777 ad"Galatas
2823 5717 2961 5802 (cap.
2987 5718 3073 5789 η),
3098 5711 3223 5786 quia
3247 5714 3679 5800 subintror‘eitunt‘

2226 5815 2416 5887 fratres
2444 5809 2721 5883 explorare
2748 5807 3317 5888 libertatem'nostrdtn;
3349 5802 3817 5873 Hi-eniut'p'artim

2225 5907 2519 5968 Christiani
2567 5907 2743 5975 erant,
2788 5904 2986 5976 partim
3035 5897 3236 5968 Judaei,
3270 5899 3590 5955 iubeam
3631 5895 3817 5954 una
