3996 6458
456 480 461 483 ῆ
489 410 598 471 659

970 396 1327 460 HAYMONIS
1366 393 1848 455 HALBERSTAT.
1884 393 2102 461 EPlSC.
2140 393 2290 453 OPP.
2332 390 2512 449 PARS
2545 364 2686 447 l.~—
2712 385 3069 453 COMMENT.
3105 385 3276 442 BlBL.

3665 384 3779 441 ϐω

484 517 870 589 omnipotentis
912 514 1007 570 Dei
1037 521 1160 568 sunt
1203 512 1523 573 imitatores,
1571 509 1664 580 qui
1729 508 1916 563 laudes
1948 506 2155 573 suasA
2248 500 2317 556 Et
2359 518 2452 574 per
2497 501 2800 570 fenestram,
2842 496 3041 569 inquit,
3075 496 3131 549 in
3164 500 3345 563 sporta
3374 492 3780 546 dimissussm

454 628 463 637 '
484 598 793 668 hominibus
808 607 1067 679 loquitur,
1095 612 1358 676 quatenus
1388 604 1455 657 ab
1478 600 1791 657 hominibus
1815 615 2075 672 agnosca-

482 712 593 758 tur.
609 701 742 757 Nam
758 700 900 756 Deus
913 700 1001 768 qui
1017 714 1115 753 nos
1134 697 1383 768 prohibet
1401 710 1497 766 per
1513 692 1849 765 Scripturam
1866 692 2068 747 dicens:

484 791 687 848 Laudet
708 800 758 845 te
778 789 981 845 alienus
1003 797 1052 843 et
1079 804 1183 842 non
1209 804 1265 841 os
1289 794 1439 840 tuum
1463 801 1482 839 :
1505 785 1620 855 ipse
1644 798 1741 854 per
1766 781 2074 851 Scripturas

482 898 669 939 sacras
698 881 881 936 tandes
929 894 1055 936 suas
1080 877 1339 948 loquitur,
1368 875 1553 931 dicens
1583 873 1649 929 ad
1684 871 1901 944 Moysen
1925 886 1939 926 :
1959 870 2073 942 Ego

480 991 597 1030 sum
622 972 763 1030 Deus
786 974 1134 1043 omnipotens,
1160 980 1208 1026 et
1235 986 1418 1025 nomen
1443 986 1612 1024 meum
1636 967 1844 1022 Adonai
1859 983 1962 1049 non
1984 966 2072 1020 in-

479 1067 651 1130 dicaui
672 1068 745 1121 eis
783 1065 980 1136 (Exod.
1008 1064 1120 1135 vt);
1157 1072 1209 1119 et
1232 1078 1327 1134 per
1354 1062 1547 1117 Isaiam
1575 1079 1586 1113 :
1614 1059 1745 1113 Ante
1765 1075 1848 1113 me
1875 1075 1978 1112 non
1997 1064 2076 1113 est

481 1159 740 1228 formatus
784 1157 944 1220 Deus,
969 1165 1017 1210 et
1041 1165 1154 1225 post
1184 1172 1265 1209 me
1293 1142 1397 1209 non
1423 1154 1515 1206 erit
1539 1150 1673 1222 (Isa.
1699 1149 1876 1221 mu),
1905 1163 2076 1221 quare

479 1262 611 1319 ergo
639 1246 767 1302 facit
810 1248 924 1318 ipse
970 1247 1113 1317 quod
1154 1245 1447 1316 prohibet?
1482 1241 1745 1298 Nimirum
1769 1242 1815 1296 si
1849 1240 2075 1296 virtutes

483 1355 612 1395 suas
649 1347 704 1397 et
730 1337 993 1394 miracula
1020 1337 1135 1409 ipse
1164 1343 1389 1401 taceret,
1419 1349 1754 1404 nequaquam
1785 1348 1907 1388 eum
1932 1332 2077 1390 ullus

478 1440 852 1504 cognosceret.
885 1429 943 1486 Si
972 1430 1151 1486 nullus
1176 1445 1299 1484 eum
1336 1434 1673 1499 agnosceret,
1721 1425 1899 1482 nullus
1927 1440 2077 1481 ama—

478 1531 582 1578 ret.
616 1522 674 1577 Si
702 1523 880 1577 nullus
911 1529 1136 1586 amaret,
1163 1520 1341 1575 nullus
1366 1520 1433 1574 ad
1458 1520 1627 1574 vitam
1658 1517 1891 1586 rediret;
1934 1517 2077 1573 unde

478 1629 579 1687 per
605 1614 948 1670 Psalmistam
976 1614 1038 1668 de
1075 1629 1138 1670 eo
1176 1612 1412 1668 dicitur:
1447 1609 1703 1665 Virtutem
1725 1626 1936 1681 operum
1957 1625 2078 1663 suo-

478 1722 596 1761 rum
626 1704 956 1760 annuntiabit
984 1703 1174 1777 populo
1213 1720 1346 1759 suo:
1377 1702 1446 1758 Ut
1477 1703 1561 1758 det
1588 1701 1694 1757 illis
1719 1701 2075 1757 htereditatem

477 1798 730 1870 gentium,
748 1815 901 1868 opera
929 1814 1179 1852 manuum
1193 1796 1307 1866 ejus
1334 1797 1522 1851 veritas
1549 1803 1596 1849 et
1607 1794 1873 1865 judicium
1898 1792 2069 1864 (Psal.

2173 615 2267 669 per
2293 612 2525 661 murum,
2563 603 2611 649 et
2634 594 2710 650 sic
2738 591 2898 663 e/fugi
2932 606 3118 645 manus
3144 589 3281 660 ejus.
3318 586 3519 658 Sporta
3542 601 3644 641 vas
3690 591 3782 645 αι

2175 704 2241 743 ex
2261 686 2426 756 junco
2447 695 2502 741 et
2528 685 2829 756 palmarum
2869 681 3015 737 foliis
3041 689 3351 736 contextum
3383 679 3438 733 in
3475 694 3587 750 quo
3620 679 3783 735 deon-

2175 793 2293 834 sum
2320 792 2441 832 cum
2469 776 2688 831 funibus
2711 772 2965 829 dimissus
2983 781 3068 827 est
3091 787 3190 843 per
3213 785 3427 825 murum
3448 784 3483 823 a
3511 767 3783 825 fratribus

2173 869 2441 926 ﬁdelibus.
2471 867 2709 936 Quaestio
2731 876 2814 922 est
2836 866 2891 921 in
2922 866 3029 920 hoc
3056 863 3174 920 loco
3195 876 3367 935 quare
3388 860 3688 934 Apostolus
3709 860 3783 917 de

2175 961 2439 1016 Damaseo
2461 957 2678 1030 fugerit,
2701 955 2793 1032 qui
2822 954 3035 1011 dicebat
3059 972 3077 1008 ι
3092 953 3207 1024 Ego
3235 970 3338 1007 non
3360 951 3534 1006 solum
3557 949 3782 1021 alligari

2174 1052 2230 1107 in
2257 1048 2612 1116 Hierusalem,
2636 1049 2726 1104 sed
2766 1057 2815 1103 et
2851 1048 2986 1102 mori
3030 1062 3125 1117 pro
3165 1045 3372 1100 nomine
3397 1043 3619 1097 Domini
3645 1040 3783 1096 less

2173 1151 2390 1213 paratus
2419 1157 2534 1195 sum
2558 1139 2694 1211 (Act.
2720 1138 2861 1211 xxx);
2889 1152 3009 1209 quae
3037 1137 3142 1193 hoc
3168 1135 3328 1190 modo
3353 1132 3621 1189 solvenda
3648 1141 3738 1187 est
3762 1148 3780 1186 :

2154 1220 2301 1304 'quia
2330 1247 2437 1287 non
2459 1232 2579 1286 ideo
2608 1229 2743 1301 fugit
2766 1238 2825 1283 ut
2854 1226 3171 1301 martyrium
3194 1225 3446 1281 horreret
3495 1222 3775 1293 accipere,

2176 1326 2270 1383 sed
2284 1325 2469 1380 maluit
2481 1338 2731 1394 campum
2747 1321 3060 1378 certaminis
3076 1334 3340 1390 quaerere,
3353 1326 3411 1375 et
3431 1316 3781 1373 latitudinem

2176 1417 2415 1490 gentium
2439 1424 2645 1488 petere,
2660 1431 2819 1486 quam
2835 1415 2979 1471 intra
3003 1414 3239 1470 claustra
3252 1411 3489 1467 civitatis
3507 1411 3708 1474 teneri,
3730 1419 3782 1466 ει

2176 1509 2383 1575 occidi,
2416 1510 2507 1564 ubi
2544 1507 2797 1580 perpauci
2829 1514 2985 1564 erant
3014 1506 3317 1572 credentes,
3348 1506 3445 1575 qui
3475 1503 3598 1575 ejus
3630 1520 3781 1559 mar-

2175 1600 2319 1673 tyrio
2361 1600 2845 1677 corroborarentur
2878 1607 2931 1655 et
2971 1598 3430 1664 iniormarentur,
3474 1607 3540 1651 ut
3578 1597 3781 1655 similia

2175 1692 2286 1763 pati
2328 1708 2434 1748 non
2465 1692 2792 1746 dubitarent.
2820 1690 2972 1758 Quod
3013 1698 3200 1761 postea
3227 1688 3471 1759 implevit
3499 1689 3622 1760 ipse
3655 1689 3783 1745 dum

2175 1784 2498 1857 martyrium
2541 1784 2855 1839 sustinendo
2883 1781 3145 1853 plurimos
3189 1781 3255 1837 ad
3297 1782 3399 1837 hoc
3439 1779 3781 1836 informavit.

475 1869 588 1964 ex).
622 1892 862 1949 Virtutes
891 1907 1021 1963 ergo
1066 1907 1191 1948 suas
1237 1890 1522 1947 annuntiat
1563 1906 1673 1946 non
1720 1897 1779 1944 ut
1823 1888 2071 1943 laudibus

2180 1873 2421 1947 Implevit
2454 1889 2583 1946 ergo
2611 1884 2937 1945 praeceptum
2967 1873 3178 1929 Domini
3226 1873 3500 1928 dicentis:
3527 1869 3670 1928 Cum
3701 1891 3783 1929 res

476 1985 590 2043 suis
616 1985 731 2056 ipse
757 1984 1022 2056 proﬁciat,
1051 1992 1144 2038 aut
1165 1983 1425 2055 indigeat,
1460 1982 1553 2037 sed
1580 1980 1705 2036 dum
1734 1996 1884 2035 suam
1914 1977 2072 2035 nobis

474 2075 901 2147 magnitudinem
949 2082 1169 2141 narrat,
1220 2082 1465 2129 nostram
1524 2071 1591 2126 ad
1637 2086 1694 2127 se
1743 2068 2072 2142 imperitiam

474 2166 740 2223 sublevat.
775 2165 915 2222 Justi
957 2166 1139 2237 itaque
1178 2181 1301 2221 cum
1327 2165 1557 2220 virtutes
1584 2178 1710 2219 suas
1738 2163 2068 2235 praedicant,

474 2258 928 2328 reprehensibiles
952 2273 1059 2313 non
1091 2266 1240 2323 sunt,
1267 2256 1391 2326 quia
1405 2256 1530 2310 dum
1555 2255 1722 2310 vitam
1752 2270 1907 2311 suam
1932 2253 2075 2310 refe-

475 2358 624 2419 runt,
659 2352 888 2407 aliorum
934 2350 1144 2408 animas
1173 2350 1240 2406 ad
1271 2351 1439 2404 vitam
1465 2356 1738 2419 quaerunt.
1771 2347 1849 2404 De
1877 2347 2072 2418 quibus

473 2451 654 2501 tamen
692 2445 972 2501 sciendum
1003 2452 1108 2512 est,
1156 2444 1281 2516 quia
1312 2458 1586 2514 nunquam
1626 2444 1769 2498 bona
1794 2457 1889 2499 sua
1917 2442 2070 2499 dete-

472 2544 626 2611 gunt,
660 2536 764 2591 nisi
809 2550 905 2593 eos
950 2545 1043 2592 aut
1091 2536 1463 2607 proximorum
1502 2535 1731 2603 utilitas,
1779 2545 1875 2591 aut
1922 2544 2074 2592 certe

474 2628 640 2684 nimia
673 2629 971 2684 necessitas
999 2637 1181 2702 cogat,
1205 2628 1347 2685 sicut
1373 2636 1500 2683 tunc
1526 2626 1848 2700 Apostolum
1873 2626 2071 2699 coegit,

471 2720 618 2777 unde
644 2721 758 2793 ipse
784 2722 921 2777 dixit
948 2739 959 2776 :
986 2722 1045 2777 Si
1068 2721 1288 2794 gloriari
1314 2731 1533 2793 oportet,
1562 2730 1619 2778 et
1647 2736 1839 2777 revera
1858 2729 2066 2793 oporte-

473 2806 586 2869 bat.
620 2812 760 2884 Ergo
785 2814 829 2868 si
857 2812 1197 2884 gloriandum
1223 2821 1306 2870 est
1329 2812 1661 2880 Christiano,
1689 2812 1745 2868 in
1767 2812 2073 2871 humilitate

475 2911 561 2960 est
588 2904 949 2977 gloriandum.

545 2998 688 3056 Deus
713 3012 761 3055 et
788 2999 951 3056 Pater
981 2999 1195 3057 Domini
1233 3002 1398 3056 nostri
1422 3001 1551 3057 Iesu
1578 2998 1775 3055 Christi
1810 3000 1908 3055 scit
1946 3000 2072 3073 quia

473 3111 577 3149 non
608 3095 847 3149 utentior.
894 3094 1146 3151 Dicturus
1182 3109 1297 3150 rem
1343 3109 1480 3166 pene
1509 3093 1901 3153 incredibilem
1927 3091 2072 3163 quod

474 3185 641 3242 Judazi
666 3186 927 3242 increduli
955 3197 1144 3243 contra
1171 3202 1295 3249 eum
1326 3186 1599 3258 principes
1622 3185 1862 3256 gentium
1888 3183 2071 3240 conci-

482 3368 666 3441 hilquc
719 3370 768 3426 ei
828 3371 1150 3436 nocuerint,
1191 3371 1362 3426 Deum
1409 3378 1604 3426 testem
1630 3369 1867 3435 invocat,
1906 3375 1966 3422 ut
1997 3364 2077 3422 fa-

482 3462 640 3520 cilius
666 3462 941 3517 credatur.
964 3462 1197 3533 ldeoque
1220 3462 1351 3518 talia
1375 3468 1786 3525 commemorat,
1816 3467 1876 3514 ut
1901 3468 2083 3514 osten-

480 3552 572 3609 dat
611 3563 813 3624 quanta
864 3554 1122 3610 distantia
1174 3561 1257 3610 est
1306 3554 1447 3608 inter
1472 3568 1631 3609 veros
1675 3552 1946 3622 apostolos
1989 3549 2082 3621 qui

482 3652 631 3699 tanta
659 3660 758 3716 pro
780 3644 876 3701 Dei
904 3661 1088 3701 amore
1115 3644 1485 3711 sustinebant,
1514 3653 1818 3715 quaerentes
1851 3643 2081 3701 salutem

481 3732 810 3804 auditorum,
838 3747 893 3810 et
912 3737 1391 3810 pseudoapostolos
1411 3738 1504 3810 qui
1531 3739 1807 3794 auditores
1835 3753 1959 3793 suos
1980 3752 2075 3793 ex-

480 3820 811 3909 ?poliabant,
842 3808 949 3886 non
981 3808 1285 3902 quaerentes
1314 3808 1543 3885 salutem
1570 3829 1803 3885 illorum.

554 3923 801 3980 Damasci
833 3924 1144 3997 prmpositus
1172 3924 1338 3997 gentis
1379 3923 1551 3978 Arata:
1583 3924 1719 3994 regis
1753 3922 2079 3978 custodiebat

2172 1968 2427 2041 persecuti
2450 1966 2642 2036 fuerint
2665 1966 2719 2020 in
2742 1966 2947 2020 civitate
2967 1964 3091 2031 ista,
3116 1963 3277 2036 fugite
3298 1965 3352 2019 in
3364 1964 3539 2019 aliam
3562 1963 3782 2037 (Matth.

2172 2058 2254 2132 x).
2283 2059 2350 2114 Et
2364 2073 2571 2114 orevera
2605 2057 2841 2113 servavit
2877 2056 3080 2127 pariter
3104 2056 3411 2128 exemplum
3439 2056 3702 2128 martyrii
3729 2066 3782 2113 et

2174 2151 2460 2207 utilitatem
2490 2151 2887 2225 praedicationis
2924 2165 3036 2205 suae
3077 2166 3240 2220 quam
3276 2158 3465 2222 postea
3510 2150 3775 2221 implerit.

2172 2240 2344 2312 Huius
2360 2258 2489 2314 ergo
2511 2242 2758 2314 exemplo
2778 2242 3058 2299 erudimur
3072 2241 3514 2298 adversariorum
3541 2258 3780 2314 pugnam

2175 2345 2231 2393 et
2258 2344 2576 2393 constanter
2616 2343 2876 2407 appetere
2893 2376 2911 2405 ,
2940 2342 2997 2393 et
3020 2334 3317 2408 prudenter
3359 2333 3665 2408 aliquando
3692 2335 3782 2392 de-

2174 2427 2405 2485 clinare.

2770 2563 3001 2624 CAPUT
3036 2563 3153 2622 XII.

2247 2728 2306 2786 Si
2326 2722 2547 2800 gloriari
2570 2734 2790 2797 oportet,
2820 2743 2925 2782 non
2948 2726 3154 2798 expedit
3179 2726 3415 2800 quidem.
3460 2725 3524 2782 Si
3554 2725 3777 2796 gloriari

2173 2836 2262 2881 ne
2285 2826 2497 2892 oportet
2522 2829 2744 2891 propter
2778 2818 3008 2875 salutem
3035 2819 3264 2875 aliorum
3302 2826 3356 2874 et
3386 2819 3777 2875 necessitatem

2173 2913 2559 2984 supradictam,
2593 2926 2697 2982 qua
2725 2909 3040 2981 compellor,
3073 2909 3128 2966 in
3154 2909 3258 2965 hoc
3286 2924 3509 2981 ροεειιιιι
3532 2907 3777 2980 gloriari,

2172 3005 2299 3076 quia
2327 3004 2475 3059 evasi
2498 3019 2691 3060 manus
2714 3002 3175 3073 persequentium,
3204 3008 3383 3057 tamen
3401 3015 3511 3056 non
3532 2999 3778 3070 expedit,

2174 3095 2229 3151 id
2250 3103 2333 3151 est
2358 3110 2463 3151 non
2493 3104 2579 3151 est
2603 3094 2736 3150 mihi
2762 3107 2985 3150 necesse
3012 3100 3074 3148 ut
3092 3091 3291 3163 glorier
3316 3111 3329 3146 :
3353 3093 3484 3163 quia
3507 3108 3620 3149 non
3640 3088 3778 3164 elegi

2176 3186 2485 3258 superbiam
2522 3194 2578 3241 et
2596 3185 2939 3256 iactantiam,
2976 3184 3071 3242 sed
3101 3183 3465 3240 humilitatem

294 3330 303 3343 κ
387 3307 391 3310 -
474 3263 989 3351 tassent,regnaque
1016 3288 1173 3334 terrae
1201 3287 1391 3334 contra
1407 3292 1534 3335 eum
1561 3274 1957 3332 iusurrexcrint
1986 3275 2072 3332 υἱ·
2098 3248 2147 3319 c
2257 3276 2475 3333 Veniam
2495 3288 2673 3333 autem
2705 3277 2775 3331 ad
2801 3277 3022 3333 uisiones
3061 3286 3109 3330 et
3148 3275 3488 3331 revelationes
3528 3276 3775 3345 Domini,

2183 3369 2440 3435 subaudis
2464 3369 2531 3425 de
2557 3370 2752 3440 quibus
2772 3377 2963 3440 potero
2988 3366 3227 3440 gloriari.
3267 3365 3522 3423 Visiones
3545 3375 3607 3422 et
3628 3381 3777 3422 me-

2180 3462 2413 3519 lationes
2434 3462 2647 3518 Domini
2670 3461 2823 3529 dicit,
2838 3461 2983 3534 quod
3004 3477 3173 3517 unum
3197 3469 3302 3529 est,
3316 3476 3457 3531 quas
3474 3461 3528 3516 ei
3541 3460 3779 3517 ostendit

2181 3556 2462 3614 Dominus.
2492 3554 2646 3611 Nunc
2686 3555 2743 3610 in
2784 3554 3139 3626 sequentibus
3173 3552 3418 3609 dicturus
3446 3562 3534 3608 est
3564 3568 3673 3622 quo
3708 3552 3778 3608 s'n

2181 3649 2445 3715 elevatus,
2472 3658 2532 3705 ut
2580 3665 2680 3720 per
2704 3649 2807 3705 hoc
2846 3648 3112 3720 possimus
3139 3647 3445 3719 intelligere
3492 3654 3697 3718 quanta
3726 3654 3781 3703 et

2181 3740 2360 3815 qualia
2384 3742 2435 3797 ei
2459 3749 2677 3797 ostensa
2722 3747 2777 3798 et
2800 3740 2946 3796 dicta
2974 3746 3104 3795 sunt
3131 3758 3144 3793 :
3170 3753 3240 3794 ne
3267 3740 3409 3795 sicut
3436 3739 3779 3809 pseudoapo-

2182 3834 2338 3893 Stolis
2381 3834 2608 3907 aliisque
2656 3833 2948 3891 incredulis
2989 3834 3292 3899 videbatur,
3340 3833 3527 3889 minor
3568 3832 3778 3888 caeteris

2181 3929 2440 4001 apostolis
2481 3930 2535 3984 in
2577 3929 2753 4002 gratia
2789 3928 3125 3996 crederetur,
3164 3928 3415 4000 quamvis
3450 3927 3781 3983 novissimus

480 4016 740 4072 civitatem
770 4016 1217 4071 Damascenorum
1254 4024 1309 4070 ut
1334 4030 1415 4070 me
1454 4015 1928 4087 comprehenderet.
1968 4014 2079 4071 Da-

481 4125 697 4165 mascus
723 4109 914 4165 civitas
939 4117 1019 4164 est
1041 4106 1356 4180 metropolis
1380 4106 1574 4178 Syriae,
1601 4121 1765 4176 quam
1788 4106 2083 4175 aediﬁcavit
2178 4114 2396 4171 viderit.
3010 4138 3011 4141 η

482 4200 775 4257 Damascus
804 4199 1047 4266 Eliezer,
1078 4215 1267 4255 servus
1300 4199 1560 4267 Abrahze,
1605 4206 1659 4254 et
1691 4200 2077 4271 interpretatur
2203 4230 2207 4241 ι
2250 4203 2376 4263 Scio
2399 4204 2662 4261 hominem
2700 4205 2756 4261 in
2792 4204 3000 4262 Christo
3025 4212 3147 4259 ante
3177 4218 3345 4261 annos
3374 4207 3776 4273 quattuordecim

484 4294 778 4349 Damascus
819 4294 1135 4364 sanguinem
1173 4292 1395 4359 bibens,
1435 4292 1580 4363 quod
1632 4293 1771 4349 bene
1824 4294 2076 4351 convenit
2175 4297 2281 4352 sive
2305 4296 2362 4350 in
2397 4313 2642 4368 corpore,
2681 4298 2791 4353 sive
2811 4308 2962 4353 extra
3002 4312 3192 4368 corpus
3220 4298 3416 4365 nescio,
3457 4297 3608 4354 Deus
3655 4300 3773 4365 sd,

484 4387 557 4441 illi
596 4388 745 4453 loco,
777 4387 903 4457 quia
942 4387 1015 4442 ibi
1044 4385 1246 4442 eﬁ‘usus
1288 4397 1372 4442 est
1415 4386 1635 4459 sanguis
1665 4385 1820 4442 Abel.
1852 4385 1949 4441 Illa
1981 4402 2074 4443 au—
2177 4402 2385 4461 raptum
2413 4391 2675 4446 hominem
2703 4408 2865 4462 usque
2890 4390 2974 4447 ad‘
2986 4392 3195 4447 tertium
3208 4390 3413 4448 celarat.
3438 4391 3558 4449 Hos
3582 4403 3640 4450 et
3664 4394 3779 4449 usi-

485 4487 591 4533 tem
624 4493 744 4549 qua:
786 4478 874 4535 hic
918 4478 1168 4533 dicuntur
1196 4478 1262 4534 de
1307 4477 1586 4550 Apostolo,
1614 4479 1669 4534 in
1696 4479 1920 4535 exordio
1946 4477 2073 4536 ﬁdei
2179 4490 2285 4541 tata
2312 4483 2646 4541 consuetudo
2671 4492 2756 4539 est
2776 4484 3105 4555 scriptorum
3123 4525 3137 4549 ,
3164 4484 3261 4555 qui
3288 4484 3450 4541 nobis
3472 4500 3664 4542 sacras
3692 4486 3776 4542 lit-

485 4566 601 4637 ejus
629 4566 769 4623 facta
798 4576 946 4633 sunt,
978 4566 1193 4637 quando
1222 4577 1454 4625 executus
1478 4583 1509 4623 a
1542 4567 1772 4624 Domino
1795 4568 1851 4623 in
1881 4567 2071 4624 itinere
2099 4638 2141 4646 _
2175 4585 2323 4639 teras
2341 4575 2649 4631 ministrant
2664 4582 2733 4630 ut
2752 4575 2967 4646 quando
2992 4576 3061 4631 ab
3080 4574 3271 4646 aliquo
3297 4588 3492 4632 eorum
3520 4586 3777 4632 narratur

486 4662 776 4732 productus
820 4668 905 4715 est
946 4659 1265 4715 Damascum
1286 4700 1302 4727 ,
1333 4661 1425 4716 ubi
1455 4661 1651 4717 mansit
1678 4660 1868 4717 diebus
1898 4660 2074 4719 tribus
2099 4638 2400 4725 “historia
2429 4683 2552 4725 cum
2570 4668 2635 4724 ad
2670 4638 2911 4739 seipsum
2933 4669 3163 4735 venerit,
3177 4638 3777 4741 sicdesetanquamdo

488 4776 593 4814 non
614 4756 804 4819 bibens
830 4756 1379 4826 nequemanducans.
1421 4757 1617 4812 Postea
1654 4771 1784 4811 vero
1824 4755 2075 4828 baptiza-
2179 4761 2286 4821 alio
2332 4762 2614 4831 loquatur;
2658 4761 2801 4816 sicut
2844 4760 2977 4817 fecit
3022 4760 3234 4832 Moyses
3283 4762 3376 4832 qui
3420 4762 3570 4818 dixit
3603 4781 3618 4817 :
3649 4762 3777 4817 Erat

489 4863 595 4917 tus,
623 4859 678 4909 et
701 4859 922 4923 accepto
964 4866 1103 4921 pane
1128 4849 1496 4917 confortatus,
1527 4849 1772 4905 introivit
1812 4850 1995 4906 statim
2023 4850 2079 4907 in
2180 4863 2358 4910 autern
2404 4851 2610 4923 Moyses
2652 4854 2733 4907 vir
2775 4853 3079 4908 mitissimus
3128 4868 3287 4923 super
3335 4871 3545 4909 omnem
3588 4866 3776 4910 terra.

2179 4022 2253 4085 sit
2275 4030 2520 4089 vocatus,
2551 4030 2609 4078 et
2645 4021 2935 4078 Dominum
2974 4017 3299 4091 praesentem
3345 4020 3402 4076 in
3456 4035 3625 4078 carne
3670 4034 3780 4076 nou

489 4945 828 5017 Syuagogam
871 4942 1180 4998 Judteorum
1224 4950 1280 4997 et
1329 4941 1493 5012 coepit
1533 4939 1743 5010 publice
1784 4942 2085 5012 praedicare

491 5054 688 5095 nomen
734 5036 947 5092 Domini
977 5033 1128 5091 Jesu.
1163 5032 1317 5102 Quod
1356 5034 1604 5089 videntes
1626 5032 1797 5091 Judaei
1834 5034 2084 5091 succensi

490 5141 618 5189 sunt
630 5131 769 5195 zelo,
784 5139 837 5187 et
851 5129 1168 5203 quaerebant
1187 5127 1528 5184 occasionem
1543 5128 1811 5199 quomodo
1827 5144 1951 5184 eum
1964 5144 2087 5201 per—
2124 5197 2127 5199 ἓ

494 5226 724 5292 derent;
749 5224 845 5281 sed
873 5224 1001 5279 dum
1031 5237 1126 5292 per
1153 5237 1210 5276 se
1231 5220 1454 5276 minime
1483 5221 1586 5281 hoc
1610 5222 1870 5277 auderent
1896 5235 2085 5294 agere,

496 5318 748 5375 adierunt
785 5316 1133 5389 praepositum
1177 5314 1410 5370 civitatis
1451 5329 1613 5384 super
1651 5315 1755 5370 hac
1794 5329 1853 5369 re
1892 5333 1904 5369 :
1949 5329 2085 5384 qua~

497 5415 658 5466 tenus
686 5410 831 5466 illius
858 5408 1060 5466 auxilio
1099 5417 1153 5464 et
1178 5408 1446 5479 permisso
1474 5408 1717 5465 valerent
1764 5408 1912 5463 illum
1940 5409 2089 5465 occi-

501 5500 651 5561 dere.
682 5500 784 5568 Qui
805 5501 990 5558 volens
1008 5500 1223 5572 placere
1241 5498 1463 5567 Judaeis,
1488 5509 1542 5555 et
1564 5511 1819 5557 strenuus
1843 5501 1896 5554 in
1910 5500 2091 5558 ofﬁcio

503 5593 608 5651 sibi
645 5593 854 5650 credito
899 5608 1194 5664 apparere,
1244 5593 1503 5663 praecepit
1547 5591 1808 5648 custodiri
1852 5592 2093 5663 undique

505 5690 777 5746 civitatem
813 5702 880 5743 ne
906 5686 1016 5744 ullo
1040 5686 1196 5743 modo
1233 5687 1388 5742 vivus
1414 5684 1651 5757 ell'uzere
1673 5686 1965 5755 potuisset:
1994 5685 2093 5742 sed

507 5781 600 5837 Dei
623 5780 824 5837 auxilio
849 5787 1175 5852 procurante
1192 5778 1378 5853 effugit
1399 5794 1466 5837 eo
1493 5779 1654 5836 modo
1666 5794 1775 5851 quo
1803 5779 2093 5850 sequentia

507 5872 874 5943 manifestam.

2184 4944 2375 5017 (Nam.
2404 4943 2526 5015 xu);
2558 4951 2614 4999 et
2636 4942 2738 5001 Job
2762 4961 2776 4998 :
2801 4937 2913 4999 'Vir
2930 4953 3041 4999 erat
3060 4944 3118 4998 in
3134 4953 3277 4998 terra
3299 4941 3418 4999 Has
3442 4946 3658 5000 nomine
3679 4944 3775 4998 Job

2187 5024 2330 5107 (Job.
2357 5034 2423 5108 l);
2450 5035 2534 5091 sic
2562 5036 2755 5091 beatus
2775 5034 3078 5101 “attinens,
3101 5050 3227 5090 cum
3248 5035 3307 5090 in
3335 5042 3485 5092 textu
3510 5036 3777 5092 narratur-

2184 5129 2271 5183 nis
2297 5142 2409 5184 suae
2465 5126 2702 5185 venisset
2729 5126 2797 5181 ad
2826 5126 3084 5197 seipsum,
3112 5126 3280 5194 vidit,
3305 5126 3507 5197 inquit,
3538 5126 3775 5199 publica~

2186 5236 2315 5278 num
2338 5219 2560 5276 nomine
2604 5219 2915 5276 Matthmum
2944 5217 3157 5292 (Matth.
3186 5218 3288 5290 sx),
3318 5234 3429 5276 non
3464 5219 3623 5283 dixit,
3652 5217 3778 5274 vidit

2187 5328 2299 5381 me,
2327 5312 2422 5368 sed
2449 5312 2529 5369 sic
2555 5326 2614 5368 se
2645 5311 2873 5368 inseruit
2900 5312 3081 5369 ordini
3106 5311 3443 5379 narrationis
3479 5326 3618 5380 sum,
3662 5323 3779 5367 cun

2187 5405 2425 5463 venisset
2451 5406 2517 5463 ad
2560 5404 2798 5475 seipsum
2832 5412 3089 5475 tanquam
3116 5418 3297 5460 rerum
3334 5416 3624 5475 gestarum
3650 5402 3779 5458 scri-

2188 5508 2334 5570 ptor,
2368 5516 2476 5555 non
2507 5506 2765 5569 tanquam
2808 5498 3045 5569 snipsius
3086 5498 3430 5569 praedicator.
3464 5497 3778 5554 lnusitatius

2193 5598 2373 5646 tamen
2411 5590 2604 5645 beatus
2631 5588 2921 5660 Apostolus
2962 5604 3071 5644 non
3116 5589 3171 5644 in
3202 5588 3450 5655 historia,
3482 5588 3574 5643 ubi
3603 5600 3778 5644 rem

2191 5692 2467 5754 gestarum
2524 5681 2818 5751 suscipitur
2868 5679 3186 5751 explicanda
3239 5682 3523 5747 narratio;
3573 5679 3669 5736 sed
3724 5679 3777 5735 in

2191 5776 2429 5848 Epistula
2459 5778 2564 5833 hoc
2589 5775 2742 5843 fecit,
2770 5775 2915 5832 sicut
2941 5775 3044 5831 isto
3072 5775 3125 5830 in
3157 5775 3276 5831 loco
3322 5785 3546 5846 apparet
3578 5772 3670 5829 ubi
3697 5770 3777 5825 lo-

2191 5869 2376 5946 quitur
2401 5868 2470 5928 de
2488 5883 2550 5929 se
2572 5883 2738 5928 causa
2757 5866 3079 5927 humilitatis
3096 5866 3253 5944 quasi
3271 5865 3343 5925 de
3356 5865 3495 5941 alio,
3512 5864 3780 5941 ingnium.
