3996 6502
227 445 315 501 661

893 435 1259 496 EX‘POSITIO
1296 435 1364 493 1N
1397 434 1549 493 EPP.
1592 434 1651 491 S.
1692 433 1920 493 PAULI.
1958 464 2030 475 —
2061 434 2130 492 ΙΝ
2169 433 2381 521 EPlST.
2426 434 2471 497 11
2506 435 2600 497 AD
2636 432 2789 495 COR.

3389 434 3494 493 662

227 559 339 615 Scio
379 556 639 613 hominem
664 553 719 610 in
742 550 950 610 Christo
988 565 1280 611 manentem
1317 564 1437 610 ante
1480 570 1645 609 annos
1666 569 1800 617 συα-
1826 556 1881 617 Α
1904 553 2005 608 rali
2033 567 2150 608 esse
2178 562 2375 623 potest,
2397 554 2538 608 unde
2566 553 2817 608 absentes
2842 530 3092 631 homines
3119 550 3493 622 recordamur,

227 651 504 709 tuordecint
542 657 759 711 raptum
797 664 963 720 usque
1002 647 1073 703 ad
1112 648 1321 703 tertium
1361 646 1563 702 caelum.
1592 646 1671 700 Ex
1699 636 1835 714 quo‘

226 746 708 819 Apostolus'raptus
728 751 811 798 est
822 756 997 812 usque
1013 740 1079 797 ad
1100 746 1315 796 tertium
1328 737 1524 795 omium
1549 752 1721 808 usque
1737 737 1807 791 ad

1909 646 2038 701 etin
2061 645 2298 700 tenebris
2325 658 2389 699 ea
2406 658 2532 713 quae
2549 644 2794 699 videmus
2816 636 3180 713 imagina'liter
3200 644 3493 713 cernimus,

1897 734 2129 806 insuper
2169 744 2226 791 et
2259 739 2506 791 somnia:
2535 732 2912 789 intellectualis
2942 749 3135 805 nempe
3176 751 3276 791 nec
3306 751 3497 806 corpo-

218 837 361 894 istud
392 844 606 905 tempus
635 849 743 904 quo
770 833 875 888 ista
893 831 1219 902 conscripsit
1246 828 1652 902 quatuordecitn
1680 826 1806 883 anui
1894 827 2011 883 Tali
2057 826 2289 898 indiget,
2333 840 2438 881 nec
2486 824 2738 897 spiritali.
2789 824 3070 880 lntellectu
3115 841 3349 895 namque
3398 840 3499 883 nec

220 925 471 999 completi
500 932 645 993 sunt,
674 925 817 981 unde
844 923 1048 995 liquido
1074 933 1313 995 apparet,
1347 924 1471 996 quia
1497 935 1691 991 magna
1716 933 1810 975 ne-

220 1021 445 1077 cessitas
487 1017 748 1089 compulit
818 1015 968 1071 illum
1024 1014 1329 1085 patefacere
1390 1014 1533 1085 quod
1580 1028 1677 1083 per
1729 1019 1810 1067 tot

220 1124 391 1167 annos
416 1108 472 1165 in
502 1109 721 1164 intimo
754 1107 933 1163 cordis
987 1122 1185 1163 arcano
1213 1105 1502 1161 celaverat.
1536 1105 1702 1176 igitur
1743 1103 1809 1160 de

222 1202 309 1258 bis
330 1200 511 1257 verbis
535 1196 1014 1271 Apostuli,diversi
1040 1197 1254 1253 diversa
1285 1197 1545 1261 sentiunt,
1578 1208 1809 1265 quorum

222 1293 500 1366 opiniones
548 1291 687 1348 huic
714 1290 848 1348 loco
893 1288 1206 1363 perlongum
1228 1298 1318 1346 est
1365 1289 1627 1353 inserere,
1660 1296 1715 1343 et
1742 1286 1810 1343 ad

218 1390 457 1457 presens
480 1380 847 1448 uarrare,nisi
866 1382 1240 1437 tantummodo
1256 1394 1431 1451 pauca
1452 1394 1518 1434 ex
1540 1378 1807 1450 pluribus.

218 1473 465 1531 Julianus
488 1473 786 1540 Pomerius,
813 1474 902 1528 vir
925 1487 1072 1529 sanae
1095 1472 1414 1543 prudentiae,
1440 1472 1674 1543 primum
1697 1485 1811 1526 coe-

223 1566 332 1622 lum
360 1566 490 1623 dicit
516 1564 624 1621 isto
646 1566 702 1620 in
727 1565 846 1621 loco
874 1563 1197 1635 appellatum
1222 1578 1344 1619 esse
1384 1564 1614 1629 aerium,
1644 1577 1672 1616 a
1704 1572 1812 1632 quo

214 1672 348 1715 aves
371 1658 493 1715 cteli
535 1665 836 1714 vocantur:
862 1658 1156 1713 secundum
1202 1656 1496 1722 sidereum,
1522 1653 1611 1711 ubi
1641 1656 1816 1711 conti-

212 1754 420 1806 nentur
476 1749 759 1805 duodecim
822 1749 972 1819 signa
1025 1756 1327 1819 ctetet‘aque
1386 1756 1564 1814 astra,
1617 1755 1814 1819 praeter

214 1849 426 1913 septem
463 1840 729 1912 planetas,
768 1841 987 1912 quodet
1028 1839 1421 1896 ﬁrmamentum
1471 1840 1808 1912 appellatur:

1898 935 2109 990 corpus
2149 917 2413 985 videmus,
2445 931 2546 973 nec
2587 916 2875 988 imaginem
2921 917 3182 988 corporis.
3217 917 3320 973 Per
3355 919 3499 983 hunc

1911 1012 2111 1081 quippe
2155 1010 2370 1065 videtur
2406 1007 2639 1078 iustitia,
2697 1008 2956 1074 charitas,
3007 1010 3122 1080 ipse
3167 1006 3334 1077 Deus,
3385 1011 3499 1081 ipsa

1902 1118 2066 1159 'mens
2096 1102 2350 1169 hominis,
2382 1117 2503 1171 qua:
2528 1100 2731 1155 nullum
2756 1100 2919 1156 habet
2946 1116 3162 1172 corpus,
3182 1102 3380 1155 nullam
3415 1118 3504 1169 so-

1904 1194 2175 1251 liditatem
2239 1194 2501 1265 corporis.
2541 1194 2881 1263 Quapropter
2932 1193 3032 1248 ista
3089 1193 3228 1248 visio
3296 1194 3504 1249 intelle—

1906 1286 2107 1342 ctualis
2134 1285 2468 1340 transcendit
2497 1293 2551 1339 et
2572 1282 2829 1355 prmeedit
2850 1281 2973 1338 illas
3001 1283 3131 1338 duas
3170 1285 3501 1355 praemissas,

1910 1378 2249 1448 corporalem
2278 1377 2486 1433 scilicet
2513 1392 2575 1431 ac
2597 1375 2915 1446 spiritalem.
2947 1372 3101 1443 Quod
3129 1377 3359 1446 probare
3381 1392 3506 1446 pos-

1915 1484 2101 1527 sumus
2130 1486 2195 1525 ex
2223 1470 2495 1525 volumine
2520 1468 2758 1523 Danielis
2800 1467 3108 1539 prophetae,
3138 1467 3228 1521 ubi
3256 1467 3501 1535 legimus,

1908 1563 2042 1635 quia
2084 1578 2211 1618 cum
2258 1561 2543 1616 ﬁalthasar
2589 1562 2902 1631 epularetur
2931 1568 2985 1616 et
3025 1568 3239 1631 potaret
3286 1559 3508 1635 opipare

1910 1634 2031 1710 sive
2054 1652 2333 1724 splendide
2379 1652 2436 1707 in
2465 1653 2611 1707 vasis
2636 1648 2818 1723 templi
2850 1651 3063 1707 Domini
3103 1665 3224 1723 quae
3256 1634 3506 1722 asporta-

1912 1752 2071 1800 verat
2101 1744 2595 1801 NabuchodonoSor
2621 1760 2754 1800 avus
2797 1743 2912 1813 ejus
2934 1744 3000 1799 de
3027 1742 3348 1812 Jerusalem,
3376 1732 3508 1798 vidit

1914 1839 2174 1896 articulos
2214 1854 2406 1895 manus
2451 1839 2743 1895 scribentis
2786 1839 2843 1893 in
2888 1839 3094 1910 pariete
3138 1839 3275 1894 aula:
3323 1842 3505 1912 regiae.

218 1933 438 1988 tertium
468 1931 719 2002 intelligit
762 1931 1044 2002 spirituale
1083 1932 1196 1987 sive
1227 1932 1481 1997 mentalc,
1509 1931 1602 1987 ubi
1632 1930 1810 2001 angeli
1837 1917 1887 1979 Β
1914 1935 2062 1992 Vidit
2082 1933 2347 2004 corporali
2370 1932 2597 1997 visione,
2621 1932 2980 2001 continuoque
3001 1949 3097 2004 per
3122 1934 3368 2003 corporis
3388 1950 3510 1990 sen-

215 2035 271 2081 et
304 2025 499 2080 animae
535 2033 847 2079 sanctorum
874 2024 929 2078 in
954 2023 1408 2094 contemplatione
1434 2020 1531 2077 Dei
1562 2033 1687 2077 sunt
1714 2038 1810 2094 po-

216 2118 365 2182 sits,
394 2115 822 2186 contemplantes
855 2130 1019 2186 super
1055 2130 1114 2170 se
1142 2114 1310 2170 Deum
1341 2115 1765 2184 omnipotentem
1788 2152 1807 2182 ,

212 2212 310 2281 qui
339 2209 487 2265 omni
538 2216 801 2264 creaturae
848 2209 1135 2279 prresidet:
1163 2207 1237 2262 ita
1263 2216 1442 2263 tamen
1470 2208 1727 2278 praesidet
1749 2213 1812 2262 ut

212 2302 269 2356 in
295 2300 632 2372 praesidendo
645 2299 825 2355 omnia
851 2300 1135 2365 sustineat,
1152 2298 1469 2355 sustinendo
1489 2298 1809 2367 circumdet,

212 2391 607 2449 circumdando
650 2391 888 2462 impleat.
937 2391 1243 2447 Secundum
1295 2390 1439 2446 illius
1481 2390 1811 2445 intellectum

213 2486 283 2541 ad
316 2484 459 2540 istud
490 2483 707 2538 tertium
746 2482 945 2538 cretum
974 2483 1208 2538 mentale
1238 2491 1427 2553 raptus
1470 2490 1554 2538 est
1579 2481 1810 2553 Aposto‘

213 2578 324 2635 lns.
357 2578 426 2633 Et
471 2577 525 2631 in
557 2575 660 2631 hoc
687 2576 904 2646 quidem
930 2575 1074 2632 bene
1117 2576 1306 2631 sensit.
1358 2574 1465 2630 Sed
1515 2574 1812 2630 secundum

211 2672 438 2729 beatum
480 2669 840 2741 Augustinum
888 2669 1065 2725 adhuc
1110 2684 1330 2724 necesse
1373 2675 1459 2722 est
1506 2665 1574 2722 ad
1618 2666 1813 2722 altiora

214 2761 610 2827 conscendere,
640 2769 696 2815 et
733 2759 1084 2831 profundiora
1133 2759 1389 2825 scrutari,
1435 2759 1529 2830 qui
1557 2758 1611 2814 in
1640 2758 1811 2813 eluci-

211 2854 417 2911 daudis
445 2853 831 2924 quaestionibus
862 2866 1049 2908 omnes
1090 2853 1341 2908 doctores
1381 2859 1504 2923 post
1531 2850 1816 2922 Apostolus

174 3014 178 3018 θ
210 2947 502 3020 praesint.
533 2946 669 3014 Quia
697 2960 830 3015 ergo
854 2944 1142 3015 Apostolus
1169 2960 1275 2999 non
1306 2945 1605 3007 humanas,
1637 2956 1816 3015 neque

210 3037 498 3111 angelicas
522 3038 757 3093 visiones
780 3036 922 3091 dicit
952 3050 1013 3092 se
1034 3050 1311 3101 enarrare,
1335 3034 1497 3090 altius
1518 3034 1618 3090 ista
1642 3033 1819 3105 inqui-

210 3131 390 3188 tie-nlo
416 3137 562 3186 sunt.
606 3128 732 3184 Tria
764 3129 928 3199 igitur
962 3142 1160 3198 genera
1186 3140 1311 3182 esse
1336 3126 1605 3182 visionum
1639 3126 1817 3181 mani-

1912 2042 2033 2082 sum
2062 2026 2240 2096 imago
2268 2022 2342 2078 rei
2373 2022 2730 2093 corporaliter
2773 2021 2952 2088 facite,
3004 2024 3217 2094 spiritui
3265 2024 3380 2095 ejus
3411 2026 3511 2082 im-

1911 2132 2098 2189 pressa
2122 2123 2205 2171 est
2232 2133 2245 2169 :
2273 2123 2436 2185 atque
2465 2114 2531 2169 ad
2563 2113 2667 2169 alia
2697 2114 2821 2170 dum
2867 2126 2924 2170 se
2949 2124 3203 2181 verteret,
3234 2117 3360 2171 licet
3385 2133 3508 2173 cor-

1911 2208 2171 2284 poraliter
2201 2207 2290 2263 illa
2318 2223 2427 2263 non
2458 2218 2730 2273 cerneret,
2780 2208 2873 2264 sed
2922 2209 3152 2280 spiritali
3201 2210 3409 2267 visione
3457 2221 3514 2267 et

1914 2301 2178 2358 memoria
2207 2301 2434 2365 videret,
2458 2299 2674 2355 videbat
2704 2300 2757 2354 in
2790 2300 3002 2370 spiritu,
3033 2301 3085 2358 id
3114 2310 3196 2356 cst
3224 2302 3276 2356 in
3307 2302 3508 2379 anima,

1917 2401 1972 2450 et
1996 2409 2101 2448 non
2133 2391 2466 2463 intclligebat
2491 2391 2623 2462 quid
2658 2391 3027 2463 signiﬁcaret:
3058 2394 3182 2463 quia
3206 2409 3312 2448 non
3343 2393 3513 2465 pleni-

1918 2492 2002 2539 ter
2046 2483 2284 2538 habebat
2328 2481 2749 2538 intellectualem
2796 2483 3086 2551 visionem,
3133 2482 3261 2540 licet
3309 2485 3512 2555 aliquid

1915 2579 2044 2634 inde
2086 2578 2335 2634 haberet.
2386 2576 2540 2634 Unde
2587 2569 2829 2650 apparet'
2850 2579 2974 2650 quia
3020 2595 3126 2635 non
3178 2581 3233 2635 in
3262 2582 3514 2638 carnibus

1915 2670 2226 2726 hominibus
2250 2671 2413 2739 viget.
2446 2668 2781 2741 lntelligebat
2811 2670 3022 2742 signum
3051 2687 3173 2727 esse
3196 2672 3338 2742 quod
3366 2673 3515 2728 vide-

1916 2763 2030 2832 bat,
2060 2763 2112 2818 id
2136 2764 2342 2819 habens
2360 2776 2428 2819 ex
2450 2763 2648 2819 mentis
2671 2761 2868 2828 cilicio,
2899 2762 2950 2817 id
2973 2774 3139 2820 estex
3165 2763 3518 2820 intellectuali

1918 2858 2128 2912 visione
2160 2874 2173 2911 :
2204 2864 2258 2910 et
2282 2856 2409 2927 quia
2436 2857 2746 2929 requirebat
2790 2857 2921 2929 quid
2967 2858 3322 2930 signiﬁcaret,
3351 2858 3519 2915 etiam

1920 2946 2094 3021 ipsam
2119 2947 2523 3018 inquisitionem
2547 2948 2735 3019 utique
2759 2948 2954 3003 mentis
2979 2948 3279 3004 intellectus
3299 2949 3514 3021 agebat.

1922 3040 2041 3110 Quo
2070 3054 2177 3094 non
2208 3046 2507 3109 comperto,
2546 3037 2732 3093 Daniel
2772 3040 3002 3095 accessit
3029 3057 3041 3090 :
3071 3049 3126 3094 et
3151 3040 3275 3109 quia
3310 3038 3520 3094 intelle.

1923 3130 2156 3186 ctualem
2186 3129 2448 3185 visionem
2471 3128 2724 3192 habebat,
2756 3128 2947 3199 spiritu
2988 3130 3305 3200 prophetico
3338 3137 3519 3184 mente

210 3220 426 3280 festum
452 3228 554 3278 est.
594 3221 696 3277 tEst
717 3221 855 3277 visio
876 3218 1172 3291 corporalis
1196 3234 1319 3289 qua:
1344 3219 1622 3288 corporeis
1642 3217 1818 3274 oculis
1851 3284 1888 3293 _
1923 3220 2211 3289 illustrata,
2237 3222 2555 3292 perturbato
2580 3221 2693 3293 regi
2719 3221 2849 3292 quid
2872 3221 2961 3276 illo
2994 3221 3148 3293 signo
3172 3221 3519 3292 portendere-

212 3306 304 3382 ῆι,
367 3326 475 3385 (ιω
522 3313 768 3368 videmus
810 3284 1010 3369 coelum
1057 3319 1110 3366 et
1167 3284 1369 3366 tetram
1419 3284 1581 3381 atque
1620 3310 1808 3366 omnia
1842 3284 1889 3349 θ’
1921 3328 2012 3375 tur
2041 3284 2269 3391 aperuit.
2294 3316 2415 3390 Ipse
2443 3316 2623 3389 potius
2643 3284 2911 3388 propheta
2938 3284 3354 3388 per‘hoc‘genus
3376 3314 3522 3387 quod

208 3408 460 3469 visibilis
483 3415 845 3476 eteorporea.
876 3404 944 3460 Et
980 3412 1066 3460 est
1111 3403 1250 3459 visio
1287 3403 1585 3475 spiritalis,
1616 3417 1723 3474 qua
1752 3417 1812 3459 ea

1920 3414 2122 3470 mentis
2169 3420 2253 3469 est
2304 3410 2603 3483 proprium,
2649 3409 2825 3482 potuit
2881 3408 3179 3480 intelligere
3231 3425 3294 3464 ac
3340 3409 3522 3464 dicere

209 3510 352 3572 qua:
413 3498 656 3554 videmus
708 3505 770 3553 α
828 3496 1077 3551 audimus
1141 3495 1195 3550 in
1246 3494 1507 3566 pri-058"“
1537 3536 1552 3561 9
1604 3508 1821 3550 Διιιθ¹³1⁷ίίὶ⁴¹
1923 3506 2054 3578 quid
2106 3505 2458 3578 signiﬁcaret,
2503 3518 2667 3575 quam
2710 3503 2800 3558 ille
2826 3503 2920 3573 qui
2950 3502 3004 3557 in
3055 3502 3268 3573 signum
3317 3500 3522 3564 factum

208 3594 301 3650 ria
336 3591 684 3651 τεοοιιειίιιυε
707 3608 723 3672 ξ
738 3599 799 3646 α
823 3602 885 3645 ea
911 3604 1030 3660 quae
1058 3588 1364 3644 audiVlmuS
1391 3587 1475 3643 V01
1498 3587 1732 3644 Vidimus
1760 3588 1821 3643 ii
1922 3597 2282 3670 corporaliter
2324 3598 2556 3663 viderat,
2581 3602 2637 3652 et
2661 3595 2777 3668 ejus
2803 3595 3092 3666 imaginem
3130 3594 3185 3649 in
3212 3593 3404 3663 spiritu
3430 3607 3524 3648 co-

208 3683 530 3759 praeterito,
559 3683 720 3739 modo
746 3681 902 3753 quasi
943 3681 1224 3752 praesentia
1256 3681 1552 3736 cernimus.
1600 3680 1812 3736 Etcum

1924 3687 2145 3761 gitando
2166 3686 2444 3753 cernebat,
2468 3702 2570 3743 nec
2594 3686 2797 3759 aliquid
2821 3685 3100 3743 intellectu
3125 3699 3287 3741 nosse
3309 3690 3524 3755 poterat

209 3774 433 3833 alicubi
460 3774 579 3829 sint
596 3788 628 3828 ε
650 3772 805 3829 nobis
820 3772 1001 3843 posita
1018 3785 1090 3826 ea
1114 3786 1241 3842 quin
1265 3770 1499 3827 vidimus
1524 3771 1821 3841 corporali-
1924 3779 2030 3835 nisi
2057 3779 2267 3852 signum
2301 3795 2442 3845 esse,
2471 3787 2523 3834 et
2547 3777 2677 3849 quid
2719 3777 3051 3851 signiﬁcaret
3094 3787 3155 3833 ut
3200 3775 3527 3847 intelligeret

211 3878 339 3934 tor,
368 3878 514 3922 nunc
538 3863 967 3936 absentes‘qunsi
992 3864 1278 3935 praesentia
1321 3863 1632 3930 cernimus;
1665 3860 1812 3919 verbi

1925 3872 2219 3942 inquirere.
2254 3870 2394 3929 Tres
2420 3872 2583 3945 igitur
2616 3870 2742 3927 coeli
2776 3886 2883 3927 non
2914 3870 3150 3926 absurde
3186 3876 3416 3940 possunt
3440 3868 3524 3923 in-

207 3959 408 4035 gratis
431 3973 448 4014 t
468 3952 604 4014 Sum
645 3957 808 4012 modo
831 3962 933 4026 per
971 3954 1316 4025 praesentiam
1343 3953 1586 4025 corporis
1610 3952 1812 4019 Romte,

1928 3961 2093 4032 telligi
2138 3961 2242 4016 tria
2290 3977 2488 4035 genera
2534 3961 2839 4028 visionum,
2889 3960 2956 4015 de
3006 3959 3204 4029 quibus
3256 3960 3522 4014 hactenus

207 4069 275 4110 et.
302 4062 481 4108 cerno
504 4051 581 4107 ita
611 4048 991 4121 Carthaginem
1019 4062 1182 4119 quam
1202 4046 1405 4103 dudum
1430 4047 1540 4102 vidi
1580 4047 1735 4119 quasi
1766 4045 1827 4102 in
1926 4050 2093 4106 locuti
2115 4060 2301 4105 sumus
2328 4051 2401 4105 ita
2424 4059 2607 4106 tamen
2629 4058 2689 4105 ut
2708 4065 2811 4120 per
2823 4050 3055 4120 primam
3081 4048 3345 4104 visionem
3367 4049 3499 4104 intcl
3524 4074 3548 4111 ιι

203 4142 524 4218 ρηεθιιιὶε
554 4152 683 4195 mea
716 4140 793 4195 sit
834 4140 1052 4211 posita,
1094 4146 1219 4195 cum
1268 4138 1428 4211 longe
1476 4139 1578 4194 sim
1617 4139 1685 4195 ab
1732 4136 1824 4195 illa
1926 4124 2160 4214 ﬁgamus
2186 4141 2444 4216 quidquid
2478 4141 2619 4197 infra
2665 4141 2928 4198 ambitum
2977 4141 3172 4198 siderei
3219 4140 3343 4196 coeli
3389 4123 3550 4197 con-3

204 4242 498 4295 reuma.
523 4232 659 4299 Quae
686 4232 793 4288 duo
814 4242 1013 4304 genere
1044 4231 1316 4288 visionum
1346 4233 1653 4288 communia
1698 4240 1826 4288 sunt
1931 4234 2137 4293 tinetur
2178 4236 2385 4310 pariter
2408 4252 2532 4292 cum
2557 4235 2675 4307 ipso
2694 4276 2710 4303 ,
2741 4236 2885 4307 quod
2906 4247 2964 4291 et
2999 4233 3397 4289 ﬁrmamentum
3425 4250 3525 4305 ap-

204 4326 397 4386 ποιῇς
416 4338 547 4381 CIII
566 4318 935 4395 pecoﬁb‘set
958 4323 1178 4391 nvibus,
1203 4338 1324 4395 qua:
1348 4324 1534 4380 vident
1572 4338 1672 4397 per
1702 4338 1830 4380 cor—
1929 4329 2164 4405 pellatur
2206 4349 2220 4385 :
2264 4329 2370 4385 Per
2414 4330 2711 4387 secundum
2756 4331 2953 4388 celum
3000 4328 3266 4401 spiritale,
3294 4328 3385 4384 ubi
3430 4344 3529 4382 an-

202 4437 361 4497 pus,
411 4429 467 4475 et
504 4433 694 4475 eorum
729 4433 851 4488 quae
892 4417 1144 4473 videntur
1191 4416 1559 4489 imaginanter
1601 4420 1826 4490 spiritus
1922 4423 2103 4496 ,gelica
2127 4431 2317 4479 natura
2354 4432 2408 4479 et
2433 4422 2628 4480 animae
2660 4432 2970 4481 sanctorum
2996 4423 3048 4479 in
3074 4421 3529 4495 contemplatione

208 4516 621 4577 morarentur.
648 4511 1092 4581 Undeap’ecbra
1117 4510 1377 4582 prasepia
1401 4522 1825 4585 recognoscant,
1933 4510 2031 4572 Dei
2075 4525 2200 4573 sunt
2238 4515 2452 4588 posita.
2502 4513 2606 4571 Per
2652 4516 2874 4573 tertium
2932 4530 3063 4583 vero
3116 4513 3311 4571 caelum
3369 4512 3530 4569 intel-

207 4620 278 4668 οι
335 4620 468 4664 aves
503 4606 572 4662 ad
602 4604 770 4659 enidos
798 4610 944 4659 sum
972 4592 1246 4659 vrevoiant.
1282 4601 1397 4660 Nisi
1436 4604 1581 4660 enim
1614 4613 1827 4675 partem
1855 4661 1908 4683 ἢ
1933 4609 2119 4683 [igitur
2139 4610 2252 4683 jam
2290 4606 2668 4664 intellectualis
2694 4607 2831 4665 visio
2860 4615 2915 4665 et
2951 4606 3260 4674 rationalis,
3299 4621 3407 4677 qua
3442 4606 3530 4660 in-

208 4694 497 4775 spiritalis
535 4696 787 4763 visionis,
842 4696 900 4752 id
946 4702 1032 4751 est
1081 4696 1358 4751 memoriae
1390 4694 1674 4763 baberent,
1704 4708 1826 4768 quae
1854 4694 1910 4723 ν
1937 4700 2225 4775 telligendo
2265 4700 2597 4771 conspicitur
2638 4699 2901 4765 charitas,
2932 4715 3058 4770 pax,
3100 4699 3376 4773 gaudium,
3416 4698 3531 4755 lonv

205 4801 455 4857 constat
468 4790 811 4848 uehatmodo
836 4790 894 4845 in
914 4789 1118 4856 anima,
1144 4804 1487 4862 nequaquam
1512 4790 1831 4847 recedentes
1937 4793 2222 4866 ganimilas
2247 4834 2262 4858 ,
2312 4789 2527 4847 bonitas
2551 4831 2567 4858 ,
2613 4790 2922 4862 benignitas
2938 4832 2960 4859 .
3011 4790 3146 4847 ﬁdes
3164 4832 3180 4857 ,
3228 4791 3492 4847 modestia
3510 4830 3527 4859 ,

209 4898 430 4948 avoca
458 4876 604 4942 nidis
640 4883 757 4939 suis
782 4882 1195 4938 recordamur
1235 4881 1691 4956 illorumzneque
1717 4884 1833 4939 ani-
1942 4884 2292 4951 continentia,
2338 4892 2642 4955 caeteraque
2686 4880 2845 4959 huius
2884 4883 3031 4941 modi
3074 4883 3271 4952 quibus
3311 4883 3530 4953 propin-

207 4979 406 5041 πιαιῆ
450 4982 904 5048 {conpesecrent
942 4975 1226 5046 praesepia.
1272 4975 1369 5031 Est
1406 4982 1461 5031 et
1499 4977 1660 5032 tertia
1695 4976 1837 5033 visio
1944 4978 2144 5049 quatur
2170 4977 2313 5042 Deo,
2341 4983 2397 5030 et
2426 4991 2534 5045 qua
2582 4975 2697 5049 ipse
2735 4975 2881 5035 Deus
2909 4974 3152 5040 videtur,
3183 4988 3248 5029 ex
3272 4989 3383 5045 quo
3411 4989 3530 5030 om-

209 5068 643 5137 intelleetualis,
664 5080 786 5139 qua
801 5066 932 5123 nihil
954 5077 1042 5123 est
1068 5066 1213 5123 aliud
1234 5068 1337 5123 nisi
1364 5068 1759 5125 rationabilitas
1784 5076 1842 5127 et
1946 5073 2037 5128 nia
2054 5111 2069 5135 ,
2115 5084 2213 5141 per
2249 5082 2409 5138 quem
2446 5067 2658 5134 omnia,
2684 5066 2743 5125 in
2769 5082 2876 5136 quo
2901 5067 3102 5123 omnia.
3129 5066 3212 5122 Ad
3242 5081 3405 5136 quam
3423 5105 3438 5131 ,
3478 5064 3532 5119 id

208 5145 787 5222 excellentiamque,
805 5173 901 5229 per
921 5157 1660 5229 quameaquteeorporallter
1686 5152 1837 5215 vide.
1941 5169 2027 5220 est
2078 5155 2490 5217 intellectualem
2551 5156 2844 5223 visionem,
2901 5172 3020 5227 quae
3074 5157 3387 5229 designatur
3434 5169 3533 5227 per

211 5267 382 5315 me
400 5261 456 5307 et
484 5251 842 5322 imaginabar
882 5250 1226 5306 inmemoria
1271 5252 1598 5317 retinemus,
1627 5252 1839 5309 intelle-
1944 5246 2164 5310 tertium
2207 5249 2439 5317 coelum,
2486 5258 2671 5321 raptus
2724 5263 2779 5309 et
2820 5248 3071 5305 elevatus
3120 5256 3204 5305 est
3255 5248 3533 5320 apostolus

211 5360 333 5408 om
386 5347 762 5402 discernimus.
797 5345 1074 5401 intellectu
1102 5343 1270 5417 igitur
1305 5344 1667 5401 discernimus
1696 5344 1841 5416 quod
1944 5341 2294 5408 Paulus,ubi,
2319 5341 2372 5396 id
2391 5350 2473 5396 est
2496 5342 2550 5396 in
2571 5339 2923 5397 intellectuali
2943 5340 3173 5408 visione,
3211 5340 3531 5397 non’solum

213 5439 386 5499 illud
412 5438 484 5495 sit
504 5452 724 5509 corpus,
752 5437 885 5493 illud
910 5434 1209 5493 similitudo
1235 5437 1498 5507 corporis,
1527 5446 1582 5493 et
1608 5436 1844 5509 plerum-
1947 5453 2012 5493 ea
2039 5453 2160 5509 quae
2194 5437 2248 5491 in
2279 5435 2503 5506 spiritali
2532 5434 2672 5490 coelo
2715 5422 2842 5491 sunt
2867 5434 3214 5507 intelligendo
3250 5432 3404 5500 vidit,
3433 5432 3534 5501 sed

211 5546 362 5606 que
406 5531 534 5600 quid
579 5529 866 5602 signiticet.
909 5528 1067 5584 lianc
1110 5527 1529 5585 intellectualem
1575 5529 1843 5585 visionem
1947 5530 2110 5587 etiam
2140 5529 2308 5599 ipsam
2337 5527 2431 5583 Dei
2463 5527 2844 5595 substantiam,
2888 5524 3125 5583 Verbum
3159 5525 3399 5599 Domini,
3433 5539 3533 5601 per

208 5624 564 5691 nullatenus
588 5638 783 5695 pecora
811 5628 903 5676 aut
930 5618 1166 5676 volatilia
1212 5619 1419 5675 habent
1442 5639 1454 5674 :
1478 5620 1603 5691 quia
1629 5634 1729 5677 nec
1752 5636 1845 5676 se-
1950 5622 2093 5694 quod
2120 5619 2260 5675 facta
2290 5630 2415 5676 sunt
2443 5619 2646 5685 omnia,
2686 5618 2739 5679 in
2766 5618 3030 5677 charitate
3060 5616 3296 5690 Spiritus
3333 5618 3531 5685 sancti,

210 5722 372 5793 ipsa
386 5716 715 5788 intelligunt,
739 5729 840 5769 nec
861 5712 948 5767 illa
969 5728 1088 5784 quae
1105 5712 1277 5769 oculis
1290 5719 1537 5768 cernunt.
1561 5711 1845 5768 Postremo
1950 5730 2058 5770 non
2081 5729 2174 5785 per
2195 5728 2408 5783 corpus,
2442 5728 2545 5767 non
2575 5726 2673 5782 per
2700 5711 3111 5767 similitudinem
3139 5710 3404 5780 corporis,
3435 5708 3537 5765 sed

211 5812 555 5884 uman
595 5810 731 5867 visio
768 5810 887 5865 sine
932 5808 1162 5880 spiritali
1205 5824 1325 5864 esse
1351 5823 1456 5863 non
1483 5814 1682 5877 potest,
1725 5823 1846 5878 qua:
1950 5808 2095 5865 sicut
2122 5815 2204 5861 est
2236 5806 2348 5876 ipsa
2376 5804 2611 5870 Veritas,
2636 5803 3030 5875 contemplatus
3056 5805 3220 5860 estin
3265 5804 3368 5859 hac
3397 5802 3533 5869 vita,

207 5908 313 5971 eti
344 5908 605 5964 nanima
632 5903 1001 5962 solummodo.
1041 5900 1311 5973 Spiritalis
1335 5914 1466 5958 vero
1494 5900 1614 5957 sine
1640 5909 1843 5972 corpo-
1953 5897 2201 5954 videlicet
2238 5896 2377 5971 quod
2416 5894 2559 5950 Deus
2582 5894 2922 5975 omnipotens
2954 5896 3170 5953 trinitas
3204 5896 3278 5953 sit
3310 5895 3369 5951 iu
3398 5906 3541 5967 per-
