3996 6478
495 484 600 546 66⁸1

974 468 1328 542 annoan
1364 470 1841 539 transnasrs'r.
1879 480 2068 540 EPlSC

2177 479 2276 538 PP.
2315 479 2496 536 PARS
2528 477 2573 536 1.
2608 508 2658 523 -
2711 477 3071 537 GOMMENT.
3110 478 3282 534 BlBL.

495 604 551 660 in
589 601 762 670 vobis,
796 600 924 673 quia
946 606 1192 656 mortuos
1212 606 1426 654 vestros
1446 597 1719 663 suscitavi,
1741 604 1799 653 et
1823 596 2068 655 inﬁrmos
2092 599 2147 662 Α
2162 602 2261 666 gat
2280 593 2336 648 in
2355 591 2576 665 ieiunas
2594 601 2648 650 et
2665 593 2882 651 ﬂetibus
2901 602 3124 665 propter
3141 602 3379 650 vestram
3400 592 3769 649 incarnatio-

492 712 561 755 ου
569 712 680 752 1'3“

565 785 707 854 Quid
750 785 924 839 minus
968 781 1225 839 habuistis
1250 799 1361 854 prae
1401 783 1603 839 steteris
1650 782 1923 850 Ecclesiis,
1971 784 2074 840 nisi

422 864 437 883 ’
489 878 630 949 quod
656 893 759 932 non
784 877 998 949 gravari
1040 893 1128 932 vos
1153 874 1178 930 .’
1219 875 1355 930 nihil
1384 876 1658 946 accipiens
1687 891 1717 931 a
1742 878 1918 932 vobis.
1959 876 2074 931 Da-

491 979 631 1039 παιι
676 969 730 1025 id
769 976 854 1024 est
885 967 1158 1038 indulgete
1184 967 1315 1021 mihi
1340 966 1476 1021 hanc
1500 967 1777 1037 injuriam,
1802 967 1848 1022 si
1876 966 2074 1039 injuria

489 1061 715 1118 dicenda
745 1067 847 1117 est.
871 1056 1081 1116 lronice
1106 1059 1366 1131 loquitur.
1394 1059 1477 1116 Re
1514 1060 1659 1117 enim
1704 1076 1834 1117 vera
1874 1061 2074 1132 injuria

487 1168 595 1210 non
621 1159 759 1217 erat,
793 1154 890 1208 sed
910 1151 1295 1208 consideratio.

558 1243 696 1300 Ecce
721 1244 871 1299 tertio
917 1244 1015 1298 hoc
1056 1253 1275 1313 paratus
1315 1258 1431 1297 sum
1470 1243 1643 1298 venire
1669 1240 1739 1298 ad
1760 1260 1866 1299 vos.
1892 1243 2072 1312 Quaeri

484 1344 704 1407 potest:
746 1334 881 1391 Cum
906 1348 1011 1389 non
1033 1334 1276 1405 legamus
1312 1334 1465 1390 illum
1487 1335 1702 1391 venisse
1728 1336 1797 1391 ad
1835 1350 1931 1391 eos
1967 1337 2071 1391 nisi

487 1430 858 1484 tantummodo
880 1441 989 1483 una
1016 1427 1157 1494 vice,
1180 1428 1396 1498 quando
1430 1438 1671 1485 moratus
1697 1439 1782 1485 est
1806 1432 1946 1501 apud
1978 1446 2073 1487 eos

486 1534 632 1575 anno
671 1533 782 1575 uno
834 1528 887 1576 et
914 1518 1159 1584 dimidio,
1189 1532 1362 1589 neque
1396 1530 1747 1590 posteaquam
1776 1521 1843 1576 ab
1868 1523 1947 1577 eis
1993 1522 2066 1577 di.

485 1616 699 1681 scessit,
715 1614 854 1671 sicut
879 1616 992 1686 ipse
1021 1617 1073 1671 in
1095 1618 1264 1688 priori
1292 1618 1517 1688 cpistola
1548 1620 1697 1687 dicit,
1723 1622 1872 1692 quia,
1900 1630 2074 1678 testor

483 1704 679 1774 Deum,
724 1722 832 1763 non
862 1708 985 1764 veni
1033 1707 1350 1767 Corinthum
1397 1718 1683 1782 postquam
1725 1728 1754 1767 a
1782 1714 1934 1769 vobis
1982 1728 2071 1769 re-

484 1800 641 1865 cessi,
675 1816 904 1873 parcens
927 1801 1099 1868 vobis,
1149 1802 1202 1857 id
1246 1811 1330 1859 est
1380 1820 1449 1860 ne
1488 1805 1643 1860 vobis
1671 1804 1822 1859 oneri
1868 1819 2067 1873 essent,

483 1905 652 1961 quare
694 1892 853 1948 modo
901 1892 1047 1947 dicat
1094 1908 1152 1949 se
1188 1895 1349 1950 tertio
1395 1896 1615 1951 venire?
1652 1894 1941 1951 Sciendum
1984 1903 2069 1951 est

2174 701 2320 742 nem.
2345 686 2632 758 Apostolus
2650 704 2757 744 non
2783 688 3016 744 habebat
3036 698 3257 758 peccata
3278 688 3498 759 propria
3527 702 3649 758 quae
3670 689 3767 742 de-

2156 779 2346 848 -tlerét,
2376 788 2431 836 et
2456 780 2581 837 ideo
2608 781 2837 837 aliorum
2868 779 3120 837 deﬂebat.

2747 933 2974 992 CAPUT
3011 934 3149 993 XIII.

2246 1066 2384 1124 Ecce
2408 1069 2560 1123 tertio
2582 1069 2729 1124 venio
2752 1069 2822 1125 ad
2842 1086 2949 1135 vos,
2975 1069 3208 1140 primum
3238 1084 3336 1141 per
3354 1070 3764 1140 memetipsum,

2172 1158 2368 1215 deinde
2395 1158 2603 1215 duabus
2640 1158 2849 1215 vicibus
2877 1175 2974 1230 per
2999 1159 3267 1229 Epistolas
3302 1175 3474 1223 meas,
3505 1172 3567 1215 ut
3596 1162 3651 1213 in
3676 1177 3768 1216 ore

2173 1250 2399 1307 duorum
2450 1251 2529 1306 vel
2559 1254 2717 1307 trium
2758 1253 2963 1307 testium
3009 1262 3108 1307 stet
3162 1268 3310 1307 omne
3350 1253 3589 1308 verbum.
3633 1253 3767 1309 Tres

2174 1350 2341 1398 testes
2388 1353 2671 1413 comparat
2719 1344 2893 1399 tribus
2945 1345 3061 1399 suis
3106 1343 3449 1399 adventibus.
3505 1343 3661 1399 Sicut
3710 1346 3763 1401 in

2172 1434 2290 1505 lege
2320 1442 2414 1488 aut
2442 1435 2617 1489 tribus
2639 1435 2868 1490 testibus
2893 1432 3214 1490 defendebat
3232 1448 3292 1488 se
3318 1433 3523 1505 aliquis
3549 1444 3644 1489 aut
3667 1435 3765 1489 tri-

2171 1526 2274 1582 bus
2293 1527 2522 1581 testibus
2546 1526 2980 1581 convincebatur.
3002 1524 3084 1580 ita
3108 1525 3201 1580 isti
3226 1535 3319 1579 aut
3340 1525 3506 1580 tertio
3532 1526 3763 1581 adventu

2171 1615 2318 1672 illius
2345 1617 2575 1672 correcti
2599 1625 2653 1671 et
2674 1615 2945 1671 emendati
2974 1616 3173 1671 laudati
3203 1624 3328 1671 sunt
3346 1635 3360 1669 :
3378 1624 3478 1669 aut
3505 1616 3551 1671 si
3588 1616 3764 1671 incor-

2172 1706 2306 1761 recti
2334 1714 2670 1771 manserunt,
2694 1706 2874 1761 acrius
2907 1705 3221 1777 reprehensi
3244 1706 3311 1761 ab
3332 1704 3627 1777 Apostolo,
3648 1707 3766 1761 vin-

2172 1798 2375 1855 dictam
2396 1807 2781 1869 perceperunt.

2241 1889 2325 1943 An
2344 1889 2756 1960 experimentum
2795 1890 3029 1961 quwritis
3052 1890 3169 1959 ejus
3211 1905 3300 1961 qui
3323 1906 3381 1944 tn
3403 1905 3491 1943 me
3532 1888 3765 1960 loquitur

481 1983 608 2054 quia
653 1997 750 2056 per
788 1986 1135 2055 praesentiam
1177 1986 1360 2042 carnis
1399 2002 1505 2042 una
1535 1988 1652 2044 vice
1687 1989 2061 2045 tantummodo

2177 1978 2408 2036 Christus
2429 2021 2444 2046 ,
2464 1980 2553 2052 qui
2580 1982 2637 2034 in
2676 1980 2820 2035 vobis
2846 1996 2949 2035 non
2986 1981 3311 2049 inﬁrmatur,
3339 1980 3432 2035 sed
3469 1989 3660 2052 potens
3691 1991 3761 2036 est

481 2074 648 2157 venit,
681 2076 899 2143 quando
944 2076 1025 2131 eis
1053 2076 1368 2147 praedicavit
1392 2095 1406 2135 :
1437 2080 1678 2136 secundo
1707 2094 1804 2151 per
1827 2082 2065 2151 priorem

470 2163 780 2234 Epistulam
832 2167 1000 2234 venit,
1038 2163 1144 2222 non
1196 2184 1295 2240 per
1316 2173 1690 2243 semetipsum.
1739 2171 1925 2228 Tertio
1968 2189 2068 2244 per

469 2257 640 2312 "istam
677 2259 968 2314 secundam
1009 2260 1305 2331 Epistolam
1355 2263 1483 2319 dicit
1527 2276 1584 2321 se
1634 2265 1818 2321 venire
1865 2266 2066 2336 :quasi

479 2349 623 2404 cnim
653 2349 708 2405 in
741 2349 997 2421 Epistolis
1018 2354 1131 2409 suis
1156 2354 1404 2411 veniebat
1436 2356 1569 2428 ipse.
1596 2356 1665 2411 Et
1702 2374 1806 2412 non
1832 2373 1920 2411 ero
1949 2375 2068 2428 gra-

468 2428 553 2495 ’m
582 2440 743 2507 vobis,
789 2441 844 2497 id
894 2452 978 2499 est
1026 2444 1159 2500 nihil
1195 2447 1458 2516 accipiam
1485 2462 1515 2502 a
1536 2448 1709 2503 vobis.
1738 2447 1863 2503 Non
1887 2465 2065 2521 quazro

468 2542 672 2600 vestra,
695 2534 785 2588 sed
813 2550 921 2600 vos,
958 2534 1015 2590 id
1048 2545 1131 2591 est
1156 2546 1393 2592 vestram
1419 2537 1666 2592 salutem.

554 2623 668 2696 Ego
717 2626 1057 2681 libentissim
1100 2626 1435 2697 impendam,
1466 2627 1723 2683 subaudis
1769 2628 1924 2684 vobis
1951 2644 2066 2684 om-

481 2713 569 2768 nia
611 2729 730 2785 quae
776 2729 897 2770 mea
942 2723 1069 2770 sunt
1102 2714 1158 2770 in
1211 2717 1615 2787 praedicatione,
1657 2717 1711 2772 in
1764 2717 2061 2786 miraculis,

366 2810 371 2815 ”
479 2816 525 2861 et
552 2807 1001 2878 superimpendar,
1028 2807 1084 2862 id
1109 2815 1193 2862 est
1216 2809 1375 2863 morti
1403 2824 1492 2864 me
1518 2810 1727 2865 tradam
1743 2826 1838 2881 pro
1862 2812 2064 2866 anima-

466 2894 575 2951 'bas
613 2900 817 2965 vestris,
851 2898 970 2954 licet
993 2898 1110 2971 plus
1138 2916 1227 2956 vos
1249 2899 1469 2972 diligens
1490 2902 1666 2957 minus
1692 2901 1909 2973 diligor,
1937 2902 2066 2959 sul)-

468 2991 634 3045 ‘audis
663 3007 693 3045 a
724 2993 896 3048 vobis.

464 3090 469 3091 ί
552 3081 655 3138 Sed
676 3092 805 3138 esto.
834 3082 949 3155 Ego
974 3101 1069 3141 vos
1084 3101 1188 3142 non
1208 3088 1438 3162 gravavi.
1464 3089 1599 3144 Esto
1632 3088 1845 3161 proprie
1873 3085 2065 3143 adver-

464 3172 624 3229 ‘bium
663 3182 747 3229 est
781 3176 1147 3245 concedentis,
1202 3190 1256 3236 et
1288 3181 1505 3251 ponitur
1550 3196 1651 3251 pro
1682 3181 1726 3237 si
1765 3196 1780 3233 :
1820 3180 1925 3235 isto
1961 3194 2060 3234 au-

2160 2075 2222 2127 in
2246 2073 2426 2127 vobis?
2465 2088 2531 2128 ac
2561 2071 2607 2127 si
2642 2074 2849 2128 diceret
2880 2091 2895 2126 :
2926 2071 3177 2142 Nunquid
3206 2073 3452 2143 quaeritis
3490 2073 3764 2143 probatio-

2165 2176 2292 2219 nem
2319 2162 2522 2219 Christi
2563 2164 2656 2234 qui
2702 2163 2757 2218 in
2787 2176 2875 2218 me
2924 2162 3160 2234 loquitur
3187 2171 3371 2217 utrum
3403 2164 3588 2219 valeat
3636 2178 3759 2235 peo-

2162 2264 2286 2311 eata
2323 2264 2504 2312 vestra
2534 2256 2727 2327 punire
2750 2271 2852 2327 per
2887 2270 2994 2321 me,
3017 2256 3110 2326 qui
3152 2255 3207 2310 in
3228 2255 3385 2311 vobis
3412 2270 3526 2310 non
3554 2265 3644 2311 est
3662 2256 3761 2310 im-

2162 2356 2358 2419 potens
2386 2346 2661 2403 miraculis
2685 2356 2743 2403 et
2779 2347 3071 2404 virtutibus
3093 2345 3396 2404 faciendis?
3420 2347 3634 2419 Utique
3662 2362 3758 2419 po-

2167 2445 2297 2493 test.

2238 2526 2294 2581 Ν
2297 2543 2381 2582 aut
2404 2528 2503 2582 etsi
2529 2528 2812 2597 cruciﬁxus
2831 2537 2910 2585 est
2927 2526 3171 2585 Christus
3194 2544 3260 2584 ea:
3279 2529 3621 2598 inﬁmitate,
3648 2542 3759 2584 ω·

2165 2619 2271 2687 nis,
2313 2620 2404 2674 sed
2433 2620 2555 2675 vivit
2581 2636 2646 2675 ex
2674 2622 2863 2675 virtute
2901 2620 3031 2689 Dei,
3061 2621 3118 2677 id
3148 2630 3234 2678 est
3260 2622 3317 2677 in
3342 2622 3641 2677 divinitate
3668 2636 3759 2676 sua

2166 2721 2355 2769 manet
2385 2711 2757 2784 impossibilia.
3340 2748 3347 2751 ι

2241 2805 2382 2861 Nam
2413 2814 2460 2861 et
2478 2823 2608 2874 nos,
2647 2807 2894 2877 apostoli,
2927 2806 3125 2878 inﬁrmi
3144 2823 3328 2863 unius
3366 2810 3425 2863 in
3448 2808 3570 2874 illo,
3595 2808 3652 2864 id
3678 2815 3756 2864 est

2163 2900 2546 2957 tribulationes
2570 2909 2626 2956 et
2655 2902 2930 2973 angustias
2970 2901 3304 2957 sustinemus
3334 2909 3569 2973 propter
3588 2902 3757 2967 illum,

2160 2992 2254 3047 sed
2282 2992 2498 3047 vivimus
2545 3009 2665 3047 cum
2711 3009 2773 3047 eo
2815 3010 2880 3048 ea:
2926 2994 3115 3048 virtute
3138 2992 3236 3048 Dei
3278 2993 3333 3048 in
3379 2993 3549 3057 vobis,
3580 2993 3636 3048 id
3680 3001 3761 3048 est

2162 3095 2387 3158 propter
2426 3099 2528 3140 vos
2560 3085 2758 3155 quibus
2784 3085 3160 3156 pradicamus.
3198 3084 3446 3141 Vivimus
3486 3085 3603 3156 iam
3640 3099 3757 3140 cum

2152 3166 2255 3233 τίιιο
2288 3178 2343 3233 in
2378 3193 2477 3248 spe
2522 3193 2626 3249 per
2662 3178 2923 3234 virtutem
2969 3178 3062 3234 Dei
3089 3193 3210 3249 qua:
3236 3185 3325 3233 est
3366 3178 3422 3232 in
3470 3178 3655 3244 nobis,
3682 3175 3760 3232 vel

476 3272 584 3320 tem
614 3265 668 3320 in
695 3264 816 3321 loco
836 3265 981 3323 hunc
999 3269 1211 3326 obtinet
1229 3285 1449 3327 sensum
1479 3288 1492 3324 :
1521 3269 1630 3326 Sed
1656 3278 1793 3338 esto,
1818 3271 1871 3326 id
1898 3280 1983 3327 est
2015 3271 2061 3326 si
2103 3332 2133 3341 _
2164 3278 2389 3341 propter
2416 3285 2514 3326 vos
2539 3284 2823 3341 speramus
2850 3271 3017 3326 vitam
3046 3270 3246 3326 habere
3273 3285 3397 3325 eum
3423 3269 3652 3325 Christo

476 3360 656 3415 minus
687 3361 880 3434 diligar
914 3379 942 3418 a
968 3366 1145 3432 vobis,
1160 3380 1263 3443 ego
1284 3374 1467 3421 tamen
1488 3381 1586 3422 vos
1615 3380 1727 3423 non
1757 3366 1976 3438 gravari
2006 3332 2136 3421 inC
2240 3364 2471 3419 Oramus
2500 3375 2674 3419 autem
2696 3379 2803 3418 non
2825 3374 2884 3417 ut
2909 3379 3001 3419 nos
3029 3363 3238 3434 probati
3271 3377 3652 3431 appaream,
3673 3361 3757 3415 sed

477 3449 679 3521 aliquo.
724 3445 828 3507 Sed
869 3470 988 3509 cum
1033 3473 1215 3523 essem,
1262 3457 1460 3528 inquit,
1514 3467 1744 3525 astutus,
1795 3457 1917 3513 dolo
1974 3476 2063 3515 vos

478 3545 628 3613 cepi?
657 3545 990 3617 Increpative
1016 3556 1177 3619 atque
1216 3549 1598 3621 interrogative
1620 3559 1702 3607 est
1729 3551 2015 3623 legendum
2045 3571 2059 3607 :

478 3634 615 3691 Cum
661 3652 859 3704 essem,
897 3638 1092 3712 inquit,
1141 3641 1368 3697 callidus
1406 3653 1461 3699 et
1485 3644 1813 3716 ingeniosus,
1859 3645 1982 3702 dolo
2009 3654 2067 3703 et

480 3725 672 3784 fraude
694 3726 791 3785 vos
811 3731 928 3802 cepi
958 3733 1024 3786 ad
1052 3732 1211 3788 ﬁdem
1236 3732 1478 3791 Christi?
1505 3721 1661 3804 Non:
1675 3736 1768 3794 sed
1794 3753 1892 3810 per
1920 3754 2064 3810 pra-

480 3819 804 3879 dicationem
838 3840 1025 3881 veram
1052 3835 1109 3883 et
1132 3829 1387 3886 virtutem
1436 3833 1817 3889 miraculorum
1852 3835 2053 3891 adduxi

481 3915 673 3975 vos’ad
704 3919 864 3977 ﬁdem
892 3932 1218 3995 cooperante
1246 3924 1479 3988 Christo.

553 4010 693 4067 Olim
724 4016 918 4084 putatis
954 4016 1095 4085 quod
1121 4034 1423 4075 excusemus
1450 4034 1543 4076 nos
1573 4022 1715 4091 apud
1738 4037 1846 4085 vos,
1872 4021 2068 4077 subau-

459 4104 563 4160 ‘dis
591 4119 697 4160 non
739 4105 986 4175 facimus,
1015 4110 1143 4181 quia
1190 4126 1294 4169 non
1322 4120 1407 4169 est
1436 4128 1657 4170 necesse
1688 4129 1702 4169 :
1734 4113 1847 4171 Hoc
1889 4115 2066 4186 dupli-

481 4197 618 4252 Citer
657 4197 882 4270 intelligi
928 4208 1125 4270 potest.
1170 4201 1421 4273 Nunquid
1459 4219 1489 4259 a
1520 4205 1798 4276 praeterito
1824 4213 2069 4276 tempore

457 4287 744 4344 dubitatis
768 4288 837 4345 de
874 4291 1049 4356 nobis,
1095 4294 1427 4351 arbitrantes
1464 4310 1565 4352 nos
1587 4296 1708 4352 ideo
1736 4296 2064 4367 talia'loqui,

482 4378 638 4447 Quasi
661 4394 767 4433 non
794 4381 1114 4451 simpliciter
1140 4401 1363 4456 aganms
1391 4400 1519 4460 erga
1542 4404 1638 4445 vos
1664 4397 1720 4443 et
1740 4390 1944 4445 idcirco
1968 4403 2072 4447 nos

482 4471 839 4526 excusemus?
867 4471 985 4527 Non
1016 4473 1288 4546 loquimur
1312 4477 1434 4534 ideo
1464 4480 1591 4535 talia
1633 4489 1694 4535 ut
1718 4494 1816 4536 nos
1843 4490 2071 4537 excuse-

485 4574 606 4617 mus
642 4563 768 4633 quia
796 4563 1115 4634 simpliciter
1141 4566 1463 4626 incedimus.
1504 4569 1714 4627 Aliter:
1746 4570 1887 4627 Olim
1912 4578 2070 4642 puta-

485 4653 558 4709 tis
586 4656 728 4724 quod
758 4671 1079 4714 excusemus
1104 4674 1205 4716 nos
1234 4662 1376 4734 apud
1409 4676 1526 4729 vos,
1560 4672 1615 4718 et
1645 4670 1732 4718 est
1750 4677 1944 4719 sensus
1981 4682 1995 4718 :
2020 4662 2068 4720 Δ

483 4745 759 4817 ρηιθιοίιο
805 4756 1047 4821 tempore
1091 4754 1417 4824 cognoscitis
1463 4755 1934 4810 conversationem
1971 4767 2069 4811 no-

483 4847 651 4897 stram
680 4850 737 4895 et
777 4844 1237 4914 praedicationem,
1270 4856 1325 4902 et
1367 4846 1490 4903 ideo
1530 4864 1633 4903 non
1672 4844 1973 4920 indigemus
2008 4857 2073 4905 ut

483 4944 584 4988 nos
609 4946 948 4992 excusemus.
972 4934 1167 4992 Coram
1194 4937 1326 5005 Deo,
1354 4938 1535 5007 Patre,
1563 4942 1618 4995 in
1668 4939 1874 4996 Christo
1904 4939 2073 5014 loqui-

484 5040 623 5091 mur,
654 5026 712 5083 id
752 5035 857 5093 est,
898 5027 1161 5084 honorem
1189 5029 1392 5087 Christi
1421 5039 1746 5102 quaerentes.
1792 5030 2075 5089 Testilicac

487 5127 577 5173 tur
600 5119 705 5175 illis
728 5121 794 5174 ad
822 5118 1284 5189 satisfaciendum,
1310 5124 1436 5196 quia
1462 5140 1590 5181 vera
1613 5125 1968 5183 dicitzTestis
1989 5132 2076 5182 est

486 5211 616 5267 mihi
648 5210 789 5267 Deus
818 5211 982 5269 Pater
1010 5222 1065 5270 et
1096 5213 1364 5285 Christus,
1394 5219 1549 5291 cujus
1574 5219 1833 5275 honorem
1863 5232 2073 5288 quaero,

486 5302 613 5372 quia
644 5302 962 5377 simpliciter
986 5307 1181 5363 incedo
1221 5324 1347 5379 erga
1377 5326 1495 5366 vos.
1529 5308 1719 5366 Omnia
1749 5320 1946 5378 autem,
1979 5326 2074 5367 su-

484 5391 680 5449 baudis
702 5395 1062 5465 incommoda,
1085 5399 1398 5455 sustinemus
1419 5410 1628 5472 propter
1650 5416 1757 5456 vos.
1781 5400 1864 5456 Ne
1884 5403 2071 5457 iterum

487 5498 608 5542 cum
631 5502 840 5557 venero,
868 5489 1103 5547 humiliet
1127 5508 1209 5547 me
1236 5491 1374 5548 Deus
1417 5493 1557 5563 apud
1586 5508 1693 5561 vos,
1722 5493 1776 5549 id
1814 5505 1900 5550 est
1939 5492 2076 5549 ami-

2162 3462 2223 3509 ut
2247 3469 2336 3509 vos
2362 3454 2505 3526 quod
2539 3454 2730 3508 bonum
2768 3462 2843 3508 est
2874 3452 3103 3522 faciatis,
3131 3469 3224 3507 nos
3259 3460 3439 3506 autem
3467 3462 3529 3505 ut
3558 3452 3757 3521 reprobi

2164 3545 2349 3601 simus.
2381 3545 2589 3601 Probus
2630 3544 2752 3600 sive
2776 3545 3037 3615 probatas
3063 3551 3288 3614 apparet
3320 3540 3512 3612 iudex,
3544 3543 3755 3612 quando

2167 3639 2374 3695 invenit
2413 3637 2555 3708 quod
2582 3637 2773 3708 puniat
2799 3637 2852 3691 in
2880 3635 3157 3705 subjectis,
3198 3648 3297 3707 per
3324 3635 3471 3705 quod
3506 3636 3763 3690 ostendat

2156 3745 2321 3786 suam
2373 3736 2718 3802 potestatem.
2771 3729 2924 3784 Tunc
2976 3738 3110 3784 vero
3178 3728 3392 3783 videtur
3446 3726 3754 3797 reprobus,

2150 3808 2385 3892 quando
2415 3836 2525 3876 non
2564 3818 2774 3875 invenit
2793 3819 2937 3888 quod
2960 3812 3244 3884 «indicet,
3267 3817 3361 3872 ubi
3389 3830 3551 3873 nam
3578 3827 3755 3880 esus-

2168 3912 2687 3977 dataucvoritatam,
2723 3908 3751 3981 «mmmam:

2168 3998 2286 4059 Non
2307 4018 2529 4060 oranms
2549 4008 2610 4058 ut
2624 4001 2849 4057 iuvabis
2864 3999 3069 4069 aliqud
3087 3998 3518 4055 inveniamus.“
3539 3998 3755 4068 puniu-

2166 4099 2320 4164 dum,
2351 4097 2447 4153 sed
2470 4111 2570 4152 vos
2586 4095 2737 4167 quod
2757 4095 2964 4150 bonum
2989 4089 3384 4158 estiaoientes.
3418 4107 3521 4149 nos
3542 4091 3754 4162 reprobi

2168 4187 2511 4243 inveniamur
2534 4186 2593 4241 in
2634 4186 2737 4241 hac
2752 4193 2934 4255 parte,
2960 4197 3068 4240 non
3099 4182 3439 4241 invadentes
3456 4183 3559 4241 ubi
3576 4192 3753 4241 uu—

2170 4281 2364 4337 damus
2387 4288 2631 4335 matram
2656 4286 2999 4349 potestatem.
3284 4334 3290 4341 ,

2243 4371 2369 4425 Non
2406 4386 2680 4441 possumus
2702 4369 2902 4440 aliquid
2928 4370 3175 4424 adversus
3218 4367 3510 4433 veritatem,
3547 4366 3751 4434 eadm

2167 4464 2404 4526 veritate,
2433 4461 2488 4517 id
2520 4469 2610 4516 est
2644 4476 2761 4517 non
2802 4466 3093 4531 possainus
3134 4462 3383 4517 suam
3432 4467 3753 4530 mea

2169 4553 2457 4611 ostendero
2481 4553 2673 4611 antra
2696 4552 2975 4607 hominem
3004 4550 3290 4607 adustam
3306 4548 3629 4619 hbeat...
3648 4545 3765 4607 αι

2170 4659 2272 4716 pro
2292 4643 2522 4700 veritate
2546 4645 2908 4699 dmertamus.

2088 4700 2191 4771 θ’
2242 4732 3195 4806 ϐαιοάαπικφιοιήαιτιοδὰιρηιί
3240 4744 3753 4799 δικαιωθε-

2168 4842 2329 4900 pore,
2355 4826 2448 4883 sed
2477 4834 2769 4898 potestate,
2790 4824 2923 4895 quia
2945 4834 3074 4881 tame
3101 4834 3189 4885 est
3221 4822 3389 4894 iudex
3416 4825 3577 4895 quasi
3603 4824 3756 4883 inﬁ-

2168 4935 2316 4985 mus,
2343 4921 2472 4976 dum
2508 4934 2669 4975 suam
2708 4926 3031 4989 potestatem
3057 4934 3164 4977 non
3210 4928 3395 4989 potest
3416 4920 3709 4976 ostendere
3728 4935 3753 4973 .:

2166 5019 2230 5068 et
2274 5019 2407 5068 tunc
2432 5010 2663 5081 subjecti
2690 5020 2817 5069 sunt
2858 5020 3129 5082 petentes,
3167 5012 3385 5082 quando
3420 5025 3543 5068 non
3570 5012 3756 5071 timent

2167 5103 2428 5177 indicem.
2996 5152 2999 5153 ν
3718 5150 3723 5157 .

2238 5194 2437 5253 Gratia
2460 5194 2676 5251 Dontini
2704 5196 2874 5252 nostri
2892 5196 3022 5251 λιιι
3051 5196 3263 5261 Christi,
3284 5207 3339 5252 et
3372 5198 3607 5253 Charitas
3638 5195 3753 5263 Dei,

2172 5298 2224 5345 at
2251 5288 2678 5354 communicatio,
2721 5287 2781 5343 id
2803 5295 2889 5342 est
2916 5289 3150 5344 societas
3176 5296 3231 5344 et
3256 5289 3601 5360 conjunctio,
3634 5287 3756 5355 δῄ-

2176 5380 2309 5434 ritus
2334 5379 2504 5434 sancti
2536 5394 2658 5433 cum
2683 5378 2921 5434 omnibus
2944 5378 3108 5447 vobis,
3138 5378 3397 5439 subaudis
3419 5380 3515 5436 sit.
3560 5380 3754 5437 Aman.

2173 5471 2316 5538 Fiat,
2338 5482 2399 5529 ut
2425 5470 2683 5538 diximus,
2707 5480 2814 5527 etc.
2846 5514 2847 5519 η
