3996 6486
218 381 320 441 M9

890 375 1254 436 EXPOSITIO
1288 374 1357 431 lN
1396 371 1545 428 EPP.
1587 371 1646 428 S.
1684 367 1912 429 PAULI.
1950 398 2023 413 —
2058 369 2127 426 IN
2164 368 2383 427 EPIST.
2417 367 2512 423 ΔΙ)
2546 367 2804 426 GALAT.

3374 367 3481 424 670

224 494 3472 525 W

1096 639 1206 720 IN
1283 633 1865 716 EPISTOLAM
1940 631 2073 712 AD
2147 631 2634 712 GALATAS.

1574 804 2116 846 .____,._._._

744 887 1254 948 ARGUMENTUM.

282 1012 471 1070 Primo
514 1008 865 1082 gemendum
892 1015 979 1064 est
1022 1006 1077 1063 in
1106 1003 1332 1062 exordio
1358 1002 1518 1073 hujus
1542 1001 1795 1075 Epistolaz

206 1105 358 1161 unde
400 1101 605 1159 Galatae
624 1101 739 1161 sint
782 1099 1032 1172 appellati
1063 1116 1075 1152 :
1102 1097 1217 1153 Rex
1239 1096 1523 1170 Bithyniae,
1552 1110 1675 1166 quae
1714 1101 1799 1150 est

204 1196 494 1269 provincia
540 1193 762 1250 Grreciae
788 1233 805 1257 ,
866 1192 1074 1249 habens
1122 1189 1321 1246 bellum
1371 1196 1560 1245 contra
1610 1187 1796 1242 hostes

206 1301 362 1353 suos,
411 1284 562 1340 misit
591 1283 657 1338 ad
698 1280 881 1339 Gallos
924 1280 1071 1337 circa
1115 1294 1267 1337 mare
1302 1279 1633 1343 habitantes,
1665 1291 1793 1346 pro-

206 1377 437 1433 mittens
460 1386 525 1432 ut
552 1376 599 1431 si
622 1374 875 1431 venirent
896 1373 951 1427 in
990 1370 1250 1427 auxilium
1276 1369 1411 1440 ejus,
1461 1377 1622 1441 pacto
1655 1367 1796 1442 bello

205 1477 267 1526 et
310 1469 481 1540 potita
526 1464 777 1533 victoria,
808 1481 1031 1536 regnum
1075 1464 1343 1521 divideret
1390 1479 1513 1519 cum
1563 1462 1661 1519 eis.
1692 1462 1793 1530 Qui

206 1576 334 1618 cum
364 1560 641 1615 venissent
667 1565 725 1614 et
749 1558 973 1615 victoria
1000 1556 1159 1628 politi
1187 1564 1390 1622 essent,
1421 1571 1647 1626 regnum
1670 1569 1795 1611 cum

205 1652 288 1709 eis
327 1651 510 1707 divisit
545 1659 607 1706 ut
644 1650 991 1722 promiserat,
1021 1648 1382 1719 appellatique
1411 1655 1537 1703 sunt
1560 1646 1795 1719 primum

204 1741 542 1814 Gallograeci,
573 1742 673 1797 hoc
710 1749 794 1797 est
838 1741 973 1796 Galli
1006 1741 1149 1795 misti
1179 1739 1404 1805 Graecis,
1447 1754 1681 1811 parsque
1708 1752 1795 1794 re-

203 1834 294 1905 gni
319 1848 482 1903 quam
504 1833 604 1903 ipsi
636 1840 921 1888 tenuerant
952 1832 1218 1913 appellata
1241 1840 1326 1888 est
1344 1832 1715 1902 Gallograecia,
1739 1828 1795 1886 id

206 1935 293 1984 est
317 1927 457 1983 Galli
501 1934 900 1983 commorantes
928 1926 983 1982 in
1003 1925 1232 1982 Graecia.
1274 1927 1469 1983 Postea
1508 1933 1686 1981 autem
1710 1924 1793 1996 (ut

203 2020 628 2090 sapientioribus
656 2020 886 2092 videtur)
918 2019 1165 2091 appellati
1206 2029 1332 2075 sunt
1360 2019 1567 2077 Galatae
1593 2036 1623 2075 a
1663 2034 1792 2074 can-

201 2115 336 2169 dore
359 2113 604 2184 corporis
629 2132 641 2167 :
675 2128 802 2169 nam
830 2111 1018 2170 Graece
1042 2112 1124 2168 lac
1153 2113 1284 2188 γάλα
1313 2112 1532 2168 dicitur.
1558 2110 1712 2168 Unde
1734 2117 1793 2167 et

200 2205 433 2263 candida
458 2220 591 2261 zona
622 2204 744 2260 caeli
774 2219 892 2275 qum
914 2203 1108 2261 Latine
1135 2204 1340 2260 lacteus
1369 2204 1604 2260 circulus
1629 2217 1793 2259 voca-

1820 890 1874 950 Α
1897 878 2007 940 tam
2039 883 2166 942 dicit
2197 881 2339 955 :Ipsi
2379 883 2670 949 veniebant
2710 892 2767 940 et
2795 900 2895 957 ego
2939 899 3050 941 non
3081 884 3364 939 mittebam
3390 886 3484 941 eos
3532 950 3535 957 1

1900 974 2034 1065 (Jer.
2065 975 2247 1048 mu).
2281 975 2479 1033 Omnes
2508 984 2775 1047 quotquot
2806 986 3071 1063 venergnt
3111 976 3257 1031 fures
3279 985 3406 1065 sun)
3431 980 3488 1032 et

1896 1060 2155 1125 latrones.
2191 1069 2452 1137 Quartum
2484 1084 2653 1140 genus
2680 1078 2764 1126 est
2805 1071 2947 1141 quod
2974 1060 3149 1142 neque
3176 1086 3205 1125 a
3236 1060 3490 1135 Deo,'ue~

1897 1169 2002 1231 que
2031 1175 2130 1230 per
2153 1160 2427 1216 hominem
2467 1160 2546 1226 llt,
2590 1160 2685 1216 sed
2715 1177 2744 1215 a
2775 1162 2975 1231 seipso,
3006 1170 3067 1216 ut
3091 1169 3217 1217 sunt
3257 1161 3490 1232 pseudo-

1896 1250 2173 1325 ‘propheta:
2214 1262 2271 1307 et
2308 1252 2770 1324 pseudoapostoli,
2810 1253 2901 1323 qui
2935 1254 3161 1308 dicunt:
3191 1251 3317 1308 Ηωο
3359 1251 3490 1307 dicit

1894 1344 2179 1412 Dominus,
2211 1361 2336 1402 cum
2368 1345 2629 1401 Dominus
2658 1362 2766 1401 non
2809 1347 3021 1401 miserit
3050 1361 3164 1402 eos.
3195 1344 3488 1401 Sciendum

1896 1438 2083 1503 etiam,
2106 1439 2234 1510 quia
2278 1438 2420 1494 inter
2462 1440 2608 1510 ipsos
2635 1439 2928 1510 prophetas
2955 1440 3172 1509 quidam
3206 1448 3366 1494 tantae
3409 1439 3490 1493 di-

1897 1529 2121 1599 gnitatis
2149 1536 2298 1594 sunt,
2343 1537 2402 1583 ut
2429 1530 2708 1601 prophelm
2734 1537 2788 1583 et
2816 1529 3042 1601 apostoli
3081 1530 3212 1594 sint,
3237 1538 3294 1581 ut
3336 1526 3486 1600 Moy-

1896 1630 2009 1685 ses,
2059 1618 2243 1687 lsaias,
2274 1617 2509 1676 Joannes
2560 1621 2823 1691 Baptista,
2867 1632 2921 1676 et
2968 1623 3194 1693 apostoli
3228 1622 3489 1694 :quidam

1893 1725 2027 1768 vero
2052 1711 2388 1769 solummodo
2420 1714 2699 1782 prophetae
2740 1714 2866 1769 sint.
2902 1713 2969 1767 Et
2995 1714 3122 1784 quia
3149 1723 3305 1770 erant
3343 1711 3487 1785 apud

1895 1800 2117 1858 Galatas
2141 1802 2358 1874 quidam
2386 1803 2555 1860 Judari
2590 1804 2681 1875 qui
2728 1804 2979 1859 dicebant
3014 1805 3232 1861 beatum
3265 1806 3489 1861 Paulum

1894 1912 2003 1952 non
2032 1911 2152 1952 esse
2180 1913 2370 1952 verum
2414 1897 2715 1967 apostolmn
2754 1897 2978 1963 Christi,
3009 1912 3185 1969 neque
3213 1899 3489 1955 doctorem

1894 1986 2162 2054 veritatis,
2190 2003 2255 2044 eo
2302 1988 2444 2058 quod
2487 2003 2519 2044 a
2556 1988 2774 2045 Christo
2800 2005 2907 2045 non
2948 1989 3127 2047 fuerat
3167 2001 3393 2048 vocatus
3432 1999 3490 2048 et

1895 2080 2088 2137 doctus
2130 2082 2273 2138 sicut
2304 2081 2393 2137 alii
2445 2083 2696 2154 apostoli,
2739 2083 2945 2139 idcirco
2985 2085 3171 2141 volens
3190 2080 3489 2158 'Apostolus

1892 2171 2111 2230 Galatas
2135 2173 2461 2229 confirmare
2484 2175 2537 2230 in
2561 2175 2803 2231 doctrina
2832 2193 2951 2243 sua,
2977 2186 3032 2233 et
3058 2193 3116 2233 se
3142 2192 3332 2233 verum
3361 2193 3489 2251 apo—
3524 2206 3529 2210 ~

207 2305 318 2362 ων,
343 2294 531 2352 Gram
553 2263 1184 2371 Ἧλαξίαςήυηουρειυτ,
1216 2304 1277 2350 ιη
1306 2294 1603 2350 Manianus
1644 2308 1792 2349 asse_
1817 2263 1866 2325 B
1894 2268 2090 2324 stolum
2122 2268 2409 2324 ostendere
2457 2276 2512 2323 et
2558 2270 2973 2340 prmdicatorem
3004 2269 3230 2337 Christi,
3262 2270 3401 2325 dixit
3431 2284 3490 2326 se

198 2394 378 2441 verat.
408 2384 547 2441 Sunt
581 2401 712 2457 ergo
750 2386 1110 2443 strenuissimi
1135 2385 1421 2442 bellatores
1445 2425 1461 2451 ,
1502 2386 1596 2442 sed
1640 2384 1793 2440 stulti

197 2491 251 2538 et
300 2481 457 2539 facile
491 2499 520 2537 a
550 2484 826 2554 proposito
853 2483 1046 2538 mentis
1090 2483 1428 2540 recedentes.
1462 2481 1619 2538 Unde
1668 2496 1790 2537 cum

196 2575 538 2649 accepissent
578 2576 810 2630 verbum
867 2575 1264 2645 praedicationis
1308 2574 1377 2630 ab
1417 2573 1695 2645 Apostolo,
1737 2582 1793 2630 et

195 2665 495 2739 Apostolus
523 2665 593 2723 ab
619 2667 700 2722 eis
744 2668 812 2721 ad
862 2667 997 2723 alios
1026 2667 1301 2732 transiret,
1346 2665 1555 2721 seducti
1598 2673 1725 2721 sunt
1759 2681 1792 2721 a

194 2759 355 2819 falsis
383 2759 643 2831 apostolis
669 2767 725 2815 et
751 2774 781 2814 a
807 2757 1025 2822 Iudaeis,
1060 2758 1152 2829 qui
1193 2756 1445 2813 volebant
1472 2772 1565 2812 eos
1591 2755 1789 2812 sectari

194 2850 675 2909 circumcisionem
696 2860 751 2904 et
775 2848 1043 2904 sacriﬁcia
1081 2847 1295 2919 legalis,
1326 2848 1565 2905 dicentes
1594 2864 1608 2898 :
1636 2846 1790 2901 Licet

192 2940 461 3013 baptizati
489 2940 609 2997 sitis
636 2950 691 2995 et
716 2940 775 2995 in
801 2940 1076 2995 Christum
1125 2939 1381 3004 credatis,
1422 2947 1604 2992 tamen
1630 2936 1790 2991 aliter

191 3047 305 3088 non
335 3031 561 3102 potestis
588 3030 788 3089 salvari
816 3046 911 3101 per
942 3030 1253 3100 passionem
1279 3030 1506 3093 Christi,
1530 3029 1634 3083 nisi
1677 3028 1786 3083 cir—

190 3122 582 3177 cumcidamini
636 3133 692 3177 et
737 3121 927 3193 legalis
984 3121 1250 3178 sacriﬁcia
1302 3118 1594 3176 offeratis:
1644 3117 1788 3188 quod

189 3213 428 3271 audiens
448 3213 762 3287 Apostolus,
786 3213 1005 3285 scripsit
1040 3213 1123 3268 eis
1144 3213 1212 3269 ab
1249 3212 1466 3284 Epheso
1493 3210 1632 3266 hanc
1661 3208 1788 3281 Epi~

189 3306 415 3364 stolam.
1754 3314 1757 3317 ‘

708 3417 937 3476 CAPUT
975 3415 1267 3474 PRIMUM.

1894 2377 2001 2417 non
2048 2362 2115 2417 ab
2162 2361 2382 2418 homine
2427 2361 2641 2419 mortali
2693 2363 2749 2419 in
2801 2362 2963 2418 terris
3001 2376 3121 2418 esse
3169 2362 3386 2418 doctum
3435 2369 3489 2417 et

1894 2454 2263 2518 constitutum,
2296 2452 2389 2513 sed
2420 2455 2489 2510 ab
2535 2456 2889 2526 omnipotenti
2923 2456 3033 2510 Deo
3078 2455 3144 2510 de
3175 2455 3346 2520 ccells,
3381 2470 3487 2510 non

1894 2548 2037 2618 quod
2069 2555 2231 2617 neget
2255 2545 2533 2602 Christum
2577 2562 2767 2602 verum
2809 2548 3103 2613 hominem,
3131 2548 3223 2604 sed
3247 2545 3358 2616 jam
3388 2547 3487 2601 im-

1892 2638 2177 2694 mortalem
2232 2637 2513 2694 eli‘ecznm.
2557 2636 2658 2706 Qui
2708 2654 2838 2711 ergo
2892 2639 3075 2695 docuit
3120 2640 3339 2696 Petrum
3392 2655 3489 2713 per

1891 2731 2235 2803 praisentiam
2268 2745 2421 2785 suam
2465 2730 2521 2785 in
2548 2731 2710 2786 terris
2736 2731 2914 2786 adhuc
2942 2731 3209 2798 mortalis,
3239 2732 3353 2802 ipse
3389 2733 3486 2788 do-

1893 2825 2005 2879 cuit
2031 2822 2391 2894 Paulumjam
2435 2823 2759 2879 immortalis
2786 2824 2849 2880 de
2876 2823 3034 2888 caelo,
3067 2812 3121 2879 et
3164 2824 3288 2880 ideo
3315 2824 3484 2881 dicit:

1893 2911 2017 2967 Non
2045 2913 2108 2966 ab
2134 2914 2455 2980 hominibus,
2479 2914 2738 2971 subaudis
2760 2915 3087 2970 constitutus
3110 2923 3323 2982 sum,ut
3353 2914 3489 2971 Mat-

1890 3005 2055 3070 thias,
2085 3005 2178 3075 qui
2226 3011 2372 3059 sorte
2417 3006 2484 3060 ab
2529 3006 2787 3076 apostolis
2821 3015 2903 3061 est
2934 3005 3159 3074 electus,
3205 3022 3367 3077 neque
3397 3023 3490 3075 per

1888 3096 2170 3162 hominem,
2220 3096 2478 3152 subaudis
2515 3096 2632 3166 jam
2672 3097 2974 3165 mortalem,
3028 3098 3117 3152 sed
3169 3114 3263 3168 per
3302 3096 3486 3152 Jesum

1890 3187 2156 3247 Christum
2202 3200 2249 3243 et
2298 3188 2464 3243 Deum
2495 3188 2732 3256 Patrem,
2782 3190 2909 3261 quia
2958 3204 3065 3244 una
3111 3200 3195 3245 est
3242 3189 3489 3259 operatio

1886 3281 2071 3341 Patris
2094 3292 2150 3340 et
2174 3283 2316 3340 Filii.
2348 3284 2416 3338 Et
2444 3290 2504 3338 ut
2551 3285 2864 3340 ostenderet
2890 3283 3054 3343 unius
3094 3298 3214 3340 esse
3254 3284 3488 3355 dignita-

1888 3376 1959 3432 tis
1989 3375 2109 3431 illas
2137 3377 2270 3431 duas
2297 3391 2576 3447 personas,
2600 3377 2898 3447 praeposuit
2933 3390 3221 3449 personam
3244 3375 3366 3431 Filii
3388 3374 3486 3433 Dei

1886 3470 2068 3529 Patris
2114 3486 2365 3543 personae
2386 3514 2400 3537 ,
2432 3472 2746 3543 pariterque
2767 3471 3104 3527 'Arianorum
3134 3471 3366 3527 destruit
3398 3486 3488 3529 er-

257 3550 496 3609 Paulus.
544 3552 699 3622 Quod
722 3568 927 3610 nomen
960 3568 1115 3608 suum
1153 3550 1208 3607 in
1250 3549 1502 3608 omnibus
1525 3549 1784 3621 Epistolis

1890 3581 2096 3633 rorem,
2140 3565 2233 3636 qui
2272 3565 2461 3621 dicunt
2486 3564 2683 3620 Filium
2734 3573 3043 3622 creaturam
3081 3579 3224 3630 esse,
3256 3564 3488 3636 ideoque

187 3646 463 3718 praeponit
490 3647 544 3701 in
584 3647 784 3702 titulo:
815 3644 1157 3702 auctoritatis
1191 3659 1356 3700 causa
1388 3643 1442 3699 id
1489 3644 1599 3716 egit
1645 3644 1785 3699 sicut

1890 3658 2155 3715 minorem
2189 3657 2372 3715 Patre.
2402 3657 2506 3724 Qui
2543 3658 2812 3714 suscitavit
2843 3675 2960 3712 eum
3004 3676 3035 3712 a
3072 3658 3313 3714 mortuis.
3341 3657 3484 3713 Deus

186 3752 353 3811 reges
379 3743 437 3793 et
458 3738 732 3810 principes
754 3738 914 3811 hujus
941 3736 1123 3793 saeculi
1155 3736 1331 3792 solent
1357 3750 1538 3807 agere.
1566 3734 1788 3805 Aposto-

187 3830 271 3889 lus
303 3846 326 3886 .°
353 3833 634 3907 dignitatis
673 3852 871 3892 nomen
898 3846 953 3891 et
977 3833 1225 3891 Graecum
1254 3844 1357 3901 est,
1411 3833 1537 3890 licet
1565 3834 1786 3904 quidam

189 3926 382 3983 dicant
434 3926 722 3983 Hebraeum
774 3926 909 3983 illud
959 3942 1101 3983 esse.
1150 3926 1533 3997 Apostolorum
1586 3939 1786 3997 genera

189 4027 432 4091 quatuor
467 4028 595 4076 sunt
622 4035 637 4074 :
660 4019 902 4075 Primum
935 4030 1020 4075 est
1062 4019 1207 4090 quod
1257 4035 1418 4090 neque
1456 4018 1520 4072 ab
1550 4018 1776 4071 homini-

188 4113 316 4176 bus,
347 4128 512 4183 neque
563 4130 655 4184 per
680 4114 965 4179 hominem,
1004 4113 1100 4168 sed
1129 4127 1162 4167 a
1191 4113 1302 4168 Deo
1341 4110 1715 4166 tantummodo
1755 4129 1768 4165 :

192 4204 268 4259 de
297 4217 528 4272 quorum
551 4220 776 4261 numero
796 4203 1014 4261 fuerunt
1032 4203 1263 4277 Moyses,
1285 4203 1474 4269 Isaias,
1495 4201 1782 4270 .leremias,

191 4298 403 4367 aliique
428 4300 707 4370 propheta
733 4300 1113 4371 quamplurimi
1135 4342 1149 4367 ,
1179 4301 1306 4356 licet
1343 4315 1451 4355 non
1477 4314 1706 4357 omnes:
1732 4306 1787 4356 et

188 4389 422 4463 apostoli
464 4392 647 4460 etiam,
684 4393 775 4463 qui
817 4393 1066 4463 quamvis
1094 4392 1163 4448 ab
1198 4392 1419 4447 homine
1447 4390 1666 4448 Christo
1697 4408 1784 4446 es-

190 4494 318 4547 sent
347 4485 519 4551 missi,
565 4494 742 4547 tamen
784 4488 899 4559 ipse
950 4487 1113 4543 homo
1162 4496 1301 4552 erat,
1329 4494 1385 4543 et
1430 4501 1595 4542 verus
1620 4486 1786 4543 Deus.

191 4580 528 4646 Secundum,
569 4581 713 4651 quod
746 4596 777 4637 a
816 4580 927 4637 Deo
956 4580 1171 4651 quidem
1217 4589 1323 4648 est,
1354 4578 1448 4636 sed
1477 4595 1574 4652 per
1610 4579 1786 4635 homi-

192 4689 345 4738 nem,
374 4674 442 4732 de
465 4690 698 4746 quorum
738 4691 966 4731 numero
997 4675 1183 4731 fuerat
1211 4673 1395 4740 Josue,
1426 4675 1521 4745 qui
1558 4668 1669 4731 Deo
1695 4689 1786 4730 vo-

192 4767 340 4823 lente
369 4782 468 4839 per
514 4767 736 4840 Moysen
763 4768 962 4825 missus
988 4776 1093 4833 est,
1140 4775 1197 4822 et
1222 4767 1314 4823 alii
1351 4765 1505 4822 multi
1535 4768 1627 4836 qui
1670 4767 1783 4823 ele-

190 4862 377 4919 ctione
398 4860 579 4933 populi
600 4875 699 4933 pro
718 4862 844 4917 vitae
873 4862 1087 4917 meritis
1108 4860 1219 4917 Deo
1244 4861 1461 4917 volente
1485 4861 1783 4934 eliguntur,

1885 3751 2051 3808 Pater
2074 3753 2231 3807 tertia
2259 3753 2345 3809 die
2374 3752 2572 3819 Filium
2602 3768 2758 3808 suum
2790 3768 2822 3807 a
2845 3753 3077 3809 mortuis
3102 3752 3406 3820 suscitavit,
3430 3759 3486 3808 et

1887 3845 2003 3914 ipse
2051 3843 2219 3900 Filius
2262 3852 2530 3915 potestate
2570 3843 2737 3901 Verbi
2787 3859 2817 3899 a
2863 3860 2971 3916 quo
3020 3853 3328 3916 assumptus
3376 3852 3483 3915 est,

1887 3937 2124 4007 seipsum
2156 3938 2438 3993 suscitavit
2466 3947 2548 3992 :et
2580 3938 2671 4009 qui
2693 3954 2896 3993 mecum
2918 3948 3036 3993 sunt
3065 3938 3255 4008 fratres
3282 3956 3482 4009 omnes,

1887 4027 1942 4081 id
1966 4036 2051 4082 est
2063 4043 2253 4083 omnes
2265 4027 2617 4099 condiscipuli
2641 4036 2699 4084 et
2719 4030 3021 4093 credentes,
3038 4028 3225 4083 eadem
3251 4030 3484 4085 sentien-

1888 4126 1969 4173 tes
1994 4118 2061 4175 de
2089 4118 2521 4175 circumcisione.
2546 4117 2684 4186 Quid
2716 4126 2799 4174 est
2827 4119 2973 4189 quod
3000 4118 3056 4174 in
3083 4117 3204 4174 aliis
3228 4117 3487 4188 Epistolis

1886 4212 2244 4282 quorumdam
2288 4210 2673 4282 discipulorum
2717 4227 2939 4268 suorum
2969 4211 3189 4267 nomina
3232 4211 3406 4283 ponit,
3427 4214 3485 4266 et

1887 4308 1977 4364 hic
2002 4308 2310 4377 specialiter
2344 4324 2451 4364 non
2477 4307 2791 4379 quemlibet,
2821 4307 2914 4363 sed
2939 4305 3270 4379 generaliter
3287 4320 3481 4363 omnes

1886 4401 2331 4471 comprehendit?
2360 4402 2484 4457 Ideo
2513 4403 2618 4458 hoc
2660 4402 2771 4474 egit
2800 4409 2859 4456 ut
2891 4400 3113 4472 majoris
3141 4399 3483 4459 auctoritatis

1887 4502 2034 4551 esset
2063 4493 2179 4564 ejus
2206 4493 2474 4565 Epistola,
2504 4494 2673 4550 velut
2702 4495 3102 4549 demonstraret
3143 4508 3334 4551 omnes
3356 4509 3484 4551 con-

1886 4585 2130 4643 dolentes
2156 4586 2222 4643 de
2244 4585 2458 4643 illorum
2483 4586 2816 4654 sednetione,
2845 4593 2900 4641 et
2918 4585 3061 4656 quod
3086 4600 3278 4647 omnes
3300 4602 3481 4659 aequa~

1883 4676 2008 4735 liter
2053 4678 2321 4733 sentirent
2350 4678 2417 4735 de
2457 4676 2871 4735 circumcisione
2900 4675 3045 4748 quod
3083 4692 3190 4732 non
3222 4677 3481 4736 deberent

1884 4770 2222 4836 circumcidi,
2249 4785 2425 4840 neque
2460 4769 2726 4827 sacrificia
2752 4768 2943 4841 legalis
2986 4768 3201 4826 oll'erre.
3234 4768 3371 4838 Quid
3398 4780 3479 4828 est

1884 4862 2052 4921 etiam
2081 4863 2224 4934 quod
2254 4863 2307 4917 in
2347 4863 2450 4919 hac
2476 4861 2735 4933 Epistola,
2769 4862 3167 4934 episcoporum,
3206 4866 3482 4936 presbyte-

176 4954 323 5027 quia
368 4953 619 5011 voluntas
670 4953 763 5009 Dei
816 4952 1108 5023 aliquando
1145 4950 1395 5009 voluntas
1442 4953 1625 5024 populi
1676 4962 1778 5010 est.
1806 4996 1861 5058 Β
1887 4970 2094 5019 rerum,
2128 4955 2480 5010 diaconorum
2528 4954 2859 5011 mentionem
2908 4970 3015 5011 non
3068 4955 3198 5011 facit
3235 4956 3378 5011 sicut
3421 4957 3478 5012 in

191 5046 464 5114 Tertium,
501 5046 720 5119 quando
747 5046 819 5103 ab
847 5045 1067 5102 homine
1104 5047 1476 5102 tantummodo
1509 5055 1564 5101 et
1609 5061 1715 5102 non
1749 5062 1781 5103 a

193 5139 305 5196 Deo
333 5154 458 5196 cum
488 5138 675 5195 favore
716 5136 997 5194 hominum
1046 5126 1244 5206 aliquis
1285 5135 1502 5206 eligitur
1543 5151 1649 5191 non
1679 5151 1785 5206 pro.

192 5230 337 5287 bona
381 5232 816 5298 conversatione,
859 5228 947 5286 vel
990 5228 1207 5300 quando
1247 5228 1425 5300 pretio
1458 5229 1782 5299 subrogatur

192 5326 248 5382 in
297 5327 680 5393 sacerdotium,
724 5326 791 5383 de
828 5325 1026 5398 quibus
1058 5325 1273 5381 dicebat
1316 5324 1512 5381 beatus
1544 5325 1780 5382 Ambro-

193 5418 307 5475 sius
334 5417 419 5475 :0
441 5416 713 5490 episcope,
734 5426 884 5475 certe
909 5418 1013 5475 nisi
1039 5427 1257 5474 centum
1284 5416 1486 5474 selidos
1512 5416 1783 5483 dedisses,

193 5509 355 5567 hodie
398 5511 686 5584 episcopus
727 5526 835 5565 non
863 5509 1079 5566 fuisses.
1109 5511 1185 5566 De
1207 5510 1404 5582 quibus
1429 5508 1593 5565 etiam
1628 5509 1685 5564 in
1714 5509 1779 5565 li—

190 5603 293 5663 bro
313 5604 522 5678 Regum
545 5605 747 5661 dicitur
771 5603 892 5677 (Ill
916 5604 1046 5676 Reg.
1073 5604 1195 5679 XIII)
1216 5622 1229 5659 :
1247 5604 1604 5675 Temporibus
1620 5601 1777 5660 Jero-

192 5697 354 5756 boum
379 5700 677 5772 quicunque
704 5695 951 5766 implebat
980 5713 1196 5752 manum
1225 5713 1379 5752 suam
1414 5695 1733 5752 muneribus
1756 5737 1776 5764 ,

191 5787 354 5863 ﬁebat
397 5790 647 5847 sacerdos
697 5788 984 5849 idolorum.
1032 5788 1266 5859 Ideoque
1311 5790 1400 5846 isti
1441 5788 1577 5846 tales
1635 5790 1779 5847 inter

198 5899 292 5950 eos
315 5894 441 5947 sunt
472 5883 777 5964 reputandi,
808 5882 875 5941 de
903 5880 1100 5956 quibus
1125 5879 1386 5940 Dominus
1418 5896 1518 5957 per
1538 5882 1817 5958 prome-1

1885 5050 2044 5107 aliis?
2081 5049 2209 5120 quia
2257 5050 2487 5106 necdum
2533 5050 2810 5105 habebant
2853 5049 3137 5120 episcopos
3174 5050 3473 5118 ordinatos,

1883 5158 2058 5214 neque
2087 5142 2221 5201 alios
2252 5150 2492 5199 rectores
2522 5161 2535 5197 :
2569 5142 2799 5214 ideoque
2824 5142 3007 5200 seduci
3049 5140 3260 5200 facilius
3287 5151 3477 5217 potue-

1883 5243 2027 5291 I‘llllL

1955 5324 2141 5380 Gratia
2175 5325 2318 5381 vobis
2364 5335 2414 5380 et
2452 5342 2578 5396 pax,
2602 5340 2772 5396 quare
2818 5323 3175 5380 conciliamur
3221 5318 3468 5394 Domino,

1881 5415 1973 5488 qui
2000 5432 2099 5488 pro
2118 5417 2367 5489 peccatis
2394 5418 2597 5479 nostris
2625 5416 2850 5474 tradidit
2880 5432 2940 5473 se
2982 5417 3167 5483 morti,
3212 5428 3269 5471 ut
3299 5421 3458 5488 eripe.

1884 5518 1959 5563 ret
1981 5526 2075 5563 nos
2101 5510 2164 5562 de
2197 5511 2438 5580 praesenti
2466 5510 2658 5566 saeculo
2690 5526 2933 5580 nequam.
2969 5508 3235 5583 saeculum
3271 5504 3472 5565 dicitur

1880 5617 1911 5656 a
1941 5602 2238 5674 sequendo,
2283 5603 2408 5674 quia
2439 5618 2653 5674 semper
2678 5602 2925 5675 sequitur
2973 5612 3027 5659 ct
3056 5604 3109 5657 in
3136 5619 3196 5659 se
3241 5604 3471 5659 revolvi-

1879 5703 1987 5751 tur.
2033 5693 2300 5750 Saeculum
2347 5712 2475 5767 ergo
2502 5712 2608 5751 non
2639 5705 2820 5766 potest
2861 5711 2982 5754 esse
3017 5712 3248 5767 nequam
3295 5713 3469 5768 neque

1880 5783 2102 5853 malum,
2131 5790 2258 5859 quia
2284 5802 2499 5856 semper
2522 5795 2703 5842 servat
2723 5787 2969 5845 ordinem
2992 5805 3149 5844 suum
3170 5795 3225 5843 et
3248 5803 3467 5849 cursum

1878 5877 2177 5939 secundum
2220 5878 2632 5954 dispositionem
2671 5880 2792 5952 Dei,
2839 5879 3234 5943 alternantibus
3277 5877 3469 5955 diebus
