3996 6456
488 414 607 484 €75

496 568 503 573 ‘
1114 540 1344 600 CAPUT
1380 538 1441 598 ii.

571 705 772 763 Deinde
791 711 905 774 post
943 717 1113 758 annos
1157 699 1555 772 quattuordecim
1591 697 1806 754 escendi
1836 696 2089 751 Hieroso-

492 796 691 871 lymam
728 798 938 852 iterum.
976 792 1159 851 Juncti
1196 803 1311 850 tres
1340 793 1469 848 anni
1497 792 1806 862 superiores
1847 805 1973 845 cum
1999 790 2088 846 his

492 887 909 960 quatuordecim
940 885 1080 947 ﬁunt
1115 884 1522 961 septemdecim.
1554 884 1632 938 Ex
1661 896 1771 953 quo
1815 881 2088 951 colﬁgitur

489 981 751 1053 quoniam
771 980 1014 1035 decimus
1039 979 1302 1047 septimus
1326 992 1502 1032 annus
1522 975 1921 1046 praedicationis
1952 988 2086 1039 suae,

488 1079 711 1144 quando
740 1072 902 1126 tertia
951 1071 1072 1127 vice
1119 1072 1268 1126 venit
1321 1068 1772 1139 Hierosolymam.
1825 1067 1933 1123 Sed
1965 1081 2087 1137 quin

488 1178 661 1221 causa
689 1163 901 1219 exstitit
946 1161 1101 1218 illum
1135 1161 1321 1217 venire
1368 1158 1833 1229 Hierosolymam?
1880 1156 2087 1213 Seditio

490 1265 613 1313 erat
660 1255 802 1309 inter
843 1252 1059 1310 Judteos
1106 1251 1390 1311 medentes
1439 1258 1494 1305 ct
1527 1249 1799 1318 gentiles;
1834 1247 2087 1304 dicebant

489 1347 640 1402 enim
660 1342 830 1400 Judaei
856 1360 870 1397 :
896 1343 1043 1399 Estis
1067 1342 1350 1413 baptizati,
1374 1348 1432 1397 et
1457 1341 1679 1397 creditis
1704 1340 1757 1395 in
1782 1338 2085 1404 Christum,

494 1452 600 1494 non
626 1435 861 1507 potestis
903 1433 1104 1489 salvari
1139 1432 1332 1498 aliter,
1376 1432 1486 1487 ιιὴί
1515 1430 1981 1487 circumeidamini
2029 1438 2088 1487 et

492 1528 667 1599 legem
689 1527 1011 1584 observetis.
1033 1525 1158 1585 ideo
1184 1534 1244 1580 ut
1266 1526 1407 1580 hanc
1435 1523 1757 1580 seditionem
1779 1535 2084 1592 compesce-

495 1629 597 1685 ret,
653 1620 927 1676 revelante
962 1618 1064 1673 sibi
1095 1615 1302 1686 Spiritu
1341 1623 1550 1680 sancto,
1601 1614 1753 1673 venit
1777 1604 2085 1683 Hierosoly-

494 1724 664 1779 mam,
696 1727 815 1767 cum
860 1707 1133 1765 Barnaba.
1174 1706 1451 1762 Barnabas
1495 1714 1615 1765 erat
1656 1705 1875 1764 Judmus
1897 1712 1953 1759 et
1976 1705 2084 1761 cir-

493 1802 792 1867 cumcisus,
816 1800 974 1857 Titus
986 1798 1210 1871 gentilis
1240 1806 1301 1854 et
1322 1793 1377 1854 in
1398 1798 1776 1855 circumcisus.
1802 1796 1926 1854 ideo
1953 1811 2087 1867 ergo

495 1910 621 1968 cum
646 1894 768 1949 istis
810 1892 1020 1949 duobus
1050 1891 1316 1957 ascendit,
1344 1898 1411 1945 nt
1435 1890 1483 1945 si
1506 1889 1733 1960 apostoli
1765 1889 1963 1959 aliique
1990 1887 2085 1944 Ju-

494 1986 595 2058 dai
622 1985 865 2045 dicereut
887 1982 1053 2039 illum.
1083 1997 1189 2037 non
1216 1989 1362 2039 recte
1403 1982 1700 2052 praedicare
1728 1982 1783 2036 in
1811 1981 2078 2052 gentibus,

492 2076 719 2133 istorum
746 2073 1058 2131 teetimonio
1087 2081 1353 2140 tueretur,
1372 2073 1504 2128 dum
1534 2072 1780 2128 dicerent
1806 2072 1911 2127 illi:
1943 2072 2084 2129 Vere

492 2169 635 2224 sicut
664 2182 762 2223 vos
786 2150 1115 2236 praedicatis,
1148 2163 1224 2218 ita
1267 2171 1323 2219 et
1348 2163 1605 2234 magister
1653 2172 1844 2219 noster
1873 2177 1888 2217 :
1919 2171 1975 2218 ct
2003 2164 2087 2219 sic

493 2261 658 2319 sentit
688 2260 741 2319 in
767 2259 913 2313 omni
945 2258 1050 2313 ﬁde
1081 2258 1221 2313 sicut
1263 2265 1317 2311 et
1349 2272 1464 2313 vos.
1508 2256 1633 2313 ideo
1662 2256 1794 2312 dicit
1825 2274 1840 2310 :
1886 2267 1934 2313 et
1960 2274 2085 2313 con-

490 2350 588 2409 tuli
626 2365 744 2403 cum
776 2347 882 2403 illis
911 2346 1276 2418 Evangelism,
1317 2363 1386 2409 ne
1414 2346 1690 2405 videretur
1717 2348 1787 2402 ab
1822 2348 1941 2403 aliis
1988 2348 2086 2405 ali-

490 2443 619 2515 quid
644 2441 937 2511 accepisse.
970 2439 1103 2494 Nam
1130 2440 1273 2495 inter
1308 2455 1367 2495 se
1397 2438 1665 2506 conferre,
1696 2448 1752 2496 et
1778 2440 1986 2504 docere,
2019 2457 2086 2498 ac

492 2535 702 2593 discere
724 2534 828 2591 hoc
855 2533 1114 2598 interest,
1159 2532 1287 2602 quia
1314 2530 1600 2588 conferunt
1621 2531 1925 2601 coaequales
1943 2572 1959 2596 ,
1989 2531 2083 2587 do-

491 2637 616 2691 cent
637 2636 692 2683 et
719 2627 935 2683 discunt
960 2627 1263 2697 superiores
1301 2634 1357 2681 et
1380 2624 1686 2682 inferiores.
1714 2624 1927 2683 Contuli
1956 2641 2083 2681 cum

492 2722 620 2787 illis,
649 2722 752 2777 hoc
780 2728 863 2777 est
888 2734 1010 2775 cum
1040 2717 1455 2784 Petro,Joanne
1484 2728 1541 2775 et
1563 2717 1783 2777 laccho.
1832 2716 2079 2774 Scorrum

495 2823 672 2867 autent
703 2827 822 2866 cum
847 2810 965 2866 illis
985 2809 1076 2880 qui
1098 2808 1412 2867 uidebantur
1436 2808 1637 2880 aliquid
1663 2823 1803 2874 esse,
1828 2807 1883 2862 in
1917 2806 2081 2864 Petro

494 2903 723 2974 aliisque
752 2902 1012 2974 apostolis
1035 2902 1250 2959 locutus
1278 2917 1419 2968 sum.
1469 2916 1573 2957 non
1607 2902 1662 2957 in
1687 2909 1951 2957 conventu
1980 2899 2089 2957 ill--

493 2996 635 3052 deici
683 2995 887 3065 populi,
932 2993 1027 3051 sed
1067 2994 1377 3064 separatim.
1414 2992 1593 3062 Quare
1633 2993 1922 3051 seorsum?
1952 2993 2078 3063 quia

490 3087 659 3144 multa
691 3088 899 3144 sciebat
927 3086 1016 3141 ille
1041 3098 1161 3156 quae
1205 3086 1476 3157 generalis
1515 3086 1803 3145 multitudo
1831 3101 1939 3143 non
1981 3102 2079 3156 po-

491 3188 632 3237 terat
653 3194 887 3249 capere:
919 3177 1004 3235 vel
1024 3193 1302 3245 seorsum,
1332 3193 1405 3236 ne
1427 3178 1555 3234 dum
1590 3178 1905 3248 prohiberet
1930 3178 2078 3248 peni-

489 3280 585 3328 tus
615 3271 1107 3337 circumcisiouem,
1146 3270 1577 3341 persecutionem
1615 3269 1923 3327 indecorum
1944 3287 2073 3329 cou-
2099 3276 2147 3341 α

487 3371 595 3431 ιτα,
620 3376 681 3418 se
708 3362 993 3418 excitaret.
1064 3360 1383 3416 Videbantur
1408 3398 1425 3426 ,
1475 3361 1680 3430 inquit,
1719 3361 1919 3432 aliquid
1966 3380 2077 3418 esse

489 3469 522 3515 a
540 3455 862 3524 semetipsis.
890 3454 1225 3510 Videbantur
1243 3453 1389 3509 enim
1418 3453 1721 3511 doctrinam
1743 3454 1944 3511 habere
1967 3471 1999 3511 a
2020 3471 2081 3513 se

489 3558 547 3605 et
567 3548 843 3613 virtutem,
867 3547 961 3601 sed
986 3561 1161 3616 neque
1174 3546 1475 3603 doctrinam
1513 3560 1688 3617 neque
1713 3548 1964 3615 virtutes,
1987 3566 2081 3607 ne-

489 3652 598 3712 que
622 3639 749 3696 boni
777 3637 976 3707 aliquid
1003 3638 1276 3695 habebant
1297 3653 1330 3717 ᾳ
1367 3651 1445 3704 se,
1490 3654 1666 3709 neque
1709 3655 1740 3695 a
1772 3655 1889 3697 suis
1914 3644 2080 3699 meri-

491 3732 600 3787 tis:
649 3732 773 3787 ideo
791 3730 921 3786 licet
942 3730 1140 3802 populo
1176 3732 1491 3789 viderentur
1525 3732 1729 3803 aliquid
1755 3747 1895 3798 esse,
1945 3732 2082 3788 nihil

490 3831 671 3880 erant.
719 3822 803 3877 Ne
830 3822 964 3892 forte
990 3824 1046 3878 in
1093 3840 1313 3879 uacuum
1351 3836 1612 3880 currerent
1636 3864 1652 3891 ,
1698 3835 1790 3880 aut
1818 3826 2081 3883 cucurris—

486 3917 635 3973 sent?
657 3916 808 3972 licet
849 3918 1092 3979 videatur
1117 3918 1336 3984 durum,
1369 3928 1548 3973 tamen
1586 3919 1778 3974 beatus
1816 3918 2082 3992 Hierony-

488 4026 609 4066 mus
634 4008 778 4067 buric
806 4026 1021 4067 versent
1059 4011 1445 4083 interrogative
1464 4013 1598 4073 dicit
1620 4026 1739 4069 esse
1764 4012 2076 4085 legendum,

487 4102 614 4172 quia
644 4101 1015 4171 hujuscemodi
1048 4118 1241 4159 sensus
1264 4110 1350 4159 est
1374 4123 1387 4158 :
1445 4102 1697 4174 Nunquid
1725 4106 1847 4161 ideo
1874 4106 2077 4161 contuli

482 4210 607 4251 cum
629 4194 736 4252 illis
762 4211 1008 4252 seorsum
1034 4198 1181 4268 quod
1210 4200 1454 4253 timerem
1481 4199 1550 4254 ab
1579 4199 1686 4254 illis
1715 4199 2074 4270 reprehendi,

482 4289 637 4359 quasi
667 4303 786 4344 mea
810 4289 1054 4345 doctrina
1077 4306 1183 4346 non
1208 4299 1354 4346 esset
1382 4305 1510 4346 vera
1529 4330 1544 4355 ,
1583 4300 1639 4345 et
1667 4290 1881 4347 illorum
1912 4294 2075 4348 robo—

483 4380 696 4435 ratione
724 4382 1025 4451 indigeret,
1053 4390 1146 4435 aut
1172 4382 1330 4452 quasi
1358 4384 1593 4439 inaniter
1629 4398 1909 4439 currerem
1937 4400 2075 4455 pra-

483 4462 715 4526 dicundo
733 4471 803 4526 de
833 4472 952 4527 loco
979 4474 1047 4527 ad
1076 4473 1295 4529 locum?
1337 4474 1486 4543 Non;
1521 4478 1614 4532 sed
1640 4478 1822 4547 potius
1848 4487 1909 4533 ut
1930 4478 2003 4532 illi
2041 4493 2075 4533 a

484 4577 575 4618 me
592 4563 714 4617 sita
736 4571 798 4618 et
818 4562 1082 4634 proftmda
1102 4568 1363 4637 mysteria
1406 4569 1677 4635 audirent,
1720 4570 1863 4638 quod
1892 4571 2073 4626 minus

484 4667 711 4723 capaces
754 4671 861 4711 non
890 4665 1142 4727 poterant
1173 4672 1385 4728 capere,
1427 4669 1484 4715 et
1512 4674 1619 4715 non
1653 4671 1873 4731 possent
1896 4664 2076 4719 dicere

484 4745 689 4803 Calatis
714 4765 729 4802 :
762 4744 939 4804 Nolite
963 4751 1186 4807 credere
1207 4749 1394 4817 Paulo,
1421 4753 1547 4822 quia
1573 4753 1911 4809 mendacium
1938 4771 2075 4827 prae-

484 4840 655 4907 dicat;
708 4840 861 4897 aliud
906 4840 1050 4897 enim
1104 4844 1248 4913 apud
1295 4858 1395 4899 nos
1445 4843 1703 4913 praedicat
1758 4845 1845 4900 vei
1895 4848 2071 4915 docet,

482 4935 628 4990 aliud
658 4935 800 5005 apud
832 4950 931 4991 vos
962 4952 975 4988 :
1007 4936 1151 5013 apud
1180 4951 1275 4992 vos
1305 4935 1563 5007 pradicet
1604 4936 2095 4997 cirwncisiouem.

482 5042 593 5083 non
641 5028 1036 5083 observandam
1062 5068 1078 5094 ,
1126 5028 1270 5098 apud
1322 5043 1425 5085 nos
1480 5029 1822 5088 circumcidit
1867 5031 2070 5090 Titum.

482 5119 637 5174 Unde
661 5110 953 5190 Apostolus
991 5120 1182 5176 volens
1223 5132 1321 5178 eos
1361 5122 1688 5180 conﬁrmare
1725 5125 1777 5179 in
1808 5124 1935 5193 ﬁde,
1964 5135 2077 5183 ctu

482 5212 905 5268 circumcisione
932 5211 1150 5278 dicere,
1206 5213 1382 5269 dixit:
1436 5212 1494 5270 Si
1542 5215 1710 5284 Titus,
1764 5232 1889 5273 cum
1933 5224 2079 5273 esset

484 5321 694 5362 mecum
714 5347 731 5375 ,
758 5320 864 5362 non
890 5316 968 5363 est
996 5308 1294 5380 compulsus
1326 5309 1395 5365 ab
1432 5312 1691 5383 apostolis
1746 5312 2073 5378 circumcidi,

484 5410 658 5468 neque
684 5398 849 5455 minis
871 5438 887 5465 ,
918 5407 975 5455 et
1006 5399 1342 5465 terroribus,
1373 5414 1439 5457 ac
1484 5402 1831 5457 multitudine
1858 5400 2073 5458 Judaeu-

485 5504 626 5557 rurn,
649 5504 819 5561 quare
842 5506 941 5547 vos
970 5491 1289 5547 seducimini
1320 5493 1659 5550 solummodo
1687 5493 1897 5549 verbis?

542 5604 662 5661 Sed
690 5622 854 5678 neque
880 5605 1044 5667 Titus,
1070 5608 1161 5679 qui
1189 5623 1390 5662 mecum
1424 5624 1534 5662 erat
1556 5626 1674 5663 ctam
1697 5619 1827 5665 esset
1849 5610 2076 5682 gentilis,

488 5695 782 5766 contpulsus
830 5705 903 5750 est
944 5699 1277 5753 circumcidi.
1333 5699 1467 5755 Cum
1503 5702 1741 5756 venisset
1788 5702 2076 5773 Apostolus

485 5788 931 5860 Hierosolymam,
958 5788 1132 5846 'Judaei
1153 5791 1484 5847 curiositatis
1506 5808 1667 5848 causa
1708 5795 2076 5851 submiserunt

488 5881 633 5936 viros
655 5880 707 5936 in
736 5890 948 5941 secreto
969 5884 1110 5952 loco,
1141 5884 1207 5942 de
1233 5886 1557 5956 quibusnon
1584 5897 1798 5959 poterat
1837 5891 2073 5962 suspicio

959 416 1333 494 iHAYMONiS
1366 407 1852 485 natuensra'r.
1888 416 2080 482 Ense

2186 419 2296 478 PP.
2338 418 2519 478 PARS
2554 420 2599 479 ῐ.
2635 449 2705 465 --
2739 419 3096 481 COMMENT.
3135 423 3287 482 BIBL

2108 540 2164 604 Α
2186 549 2329 601 esse,
2359 536 2451 606 qui
2479 535 2887 593 considerarent
2915 545 3098 593 utrum
3122 537 3419 617 Apostolus
3456 534 3685 600 illorum
3714 543 3794 601 ti-

3682 424 3797 485 B16

2187 640 2339 685 more
2366 630 2687 700 perterritus
2713 631 3126 687 circumcideret
3154 625 3357 688 Titum.

2258 722 2585 780 Introierunt
2609 723 2882 795 explorare
2910 725 3199 781 libertatem
3232 735 3465 783 nostram
3495 747 3658 803 quam
3692 733 3794 789 Iur-

2187 814 2364 871 bemus
2386 816 2448 871 in
2476 814 2682 870 Christo
2706 813 2856 870 Iesu.
2889 814 3137 873 Libertas
3167 820 3402 874 maxima
3430 830 3516 877 est
3545 823 3601 877 in
3629 823 3794 881 Chric

2186 916 2270 965 sto
2291 905 2438 974 Iesu,
2465 908 2521 964 id
2544 915 2627 963 est
2658 907 2709 962 in
2737 907 2840 964 ﬁde
2866 906 3143 980 Evangelii
3161 950 3176 975 ,
3208 910 3337 980 quia
3363 926 3462 982 per
3488 910 3655 967 ﬁdem
3681 912 3793 970 Do-

2185 1001 2317 1057 mini
2351 998 2651 1056 Saivatoris
2696 998 2854 1056 liberi
2889 998 3152 1055 efﬁcimur
3176 1000 3235 1056 in
3282 1001 3646 1073 baptismate,
3681 1018 3792 1060 non

2187 1092 2363 1148 solum
2394 1108 2423 1147 a
2455 1093 2713 1163 peccatis,
2747 1094 2845 1148 sed
2873 1107 2902 1147 a
2929 1093 3151 1149 servitio
3180 1088 3343 1150 etiam
3371 1094 3526 1168 legis.

2206 1186 2211 1187 “
2260 1182 2443 1256 Neque
2469 1184 2538 1239 ad
2564 1185 2748 1238 horam
2774 1183 3044 1251 cessimus,
3084 1185 3137 1239 id
3165 1193 3249 1240 est
3269 1200 3377 1241 non
3399 1187 3795 1245 Consensimus

2186 1280 2267 1336 eis
2292 1281 2377 1336 vel
2413 1280 2480 1335 ad
2512 1289 2747 1352 tempus,
2780 1295 2847 1335 ne
2874 1280 3126 1336 servituti
3166 1280 3302 1352 legis
3358 1282 3795 1353 subjiceremur,

2186 1381 2246 1428 ut
2274 1372 2405 1428 lides
2436 1371 2731 1443 Evangelii,
2756 1383 2918 1442 quam
2956 1372 3110 1430 vobis
3128 1372 3547 1443 prtedicavimus
3576 1384 3789 1429 maneat

2189 1479 2406 1534 semper
2433 1463 2488 1519 in
2508 1462 2662 1518 vobis
2678 1505 2692 1529 ,
2724 1470 2779 1518 c‘t
2799 1478 2904 1518 non
2932 1462 3421 1521 circumcidamini.

2257 1555 2334 1609 Ab
2358 1554 2437 1610 his
2459 1564 2634 1610 autem
2663 1557 2751 1627 qui
2783 1556 3111 1612 videbantur.
3158 1557 3241 1612 Ab
3267 1558 3373 1624 his,
3404 1557 3459 1614 id
3486 1566 3575 1613 est
3601 1552 3786 1625 Petro,

2185 1653 2241 1702 et
2279 1645 2499 1712 Jacobo,
2528 1655 2581 1701 ct
2628 1645 2855 1713 Joanne,
2892 1648 2982 1719 qui
3020 1647 3347 1703 videbantur
3384 1647 3600 1719 aliquid
3627 1666 3737 1703 esse
3759 1665 3790 1703 a

2186 1740 2514 1811 semetipsis,
2560 1739 2712 1816 sicut
2751 1755 2913 1811 supra
2960 1736 3220 1807 diximus,
3272 1739 3454 1810 quales
3500 1739 3788 1810 aliquando

2186 1832 2401 1904 fuerint,
2417 1838 2709 1903 antequam
2728 1844 2823 1903 per
2841 1831 3127 1887 adventum
3142 1831 3381 1904 Spiritus
3396 1832 3581 1913 sancti
3601 1849 3788 1888 corro-

2111 1908 2165 1969 Π
2187 1925 2536 1992 borarentur,
2564 1940 2670 1980 non
2686 1924 2924 1994 pertinet
2938 1925 3003 1979 ad
3026 1940 3110 1979 me
3134 1930 3195 1978 ut
3215 1908 3421 1990 dicam,
3443 1925 3546 1981 sed
3575 1925 3686 1981 hoc
3708 1941 3789 1981 so-

2182 2016 2458 2072 lummodo
2498 2017 2694 2082 dicam,
2745 2016 2871 2088 quia
2919 2016 3051 2071 nihil
3093 2032 3210 2070 mea
3240 2016 3482 2084 interest,
3521 2016 3631 2073 hoc
3659 2028 3783 2074 est:

2182 2107 2330 2164 nulla
2377 2106 2633 2161 distantia
2675 2104 2818 2162 inter
2857 2120 2944 2161 me
2972 2113 3027 2162 et
3072 2105 3195 2163 illos
3238 2113 3354 2174 est;
3395 2115 3453 2162 et
3508 2108 3621 2163 hoc
3650 2109 3785 2175 ideo,

2183 2199 2307 2271 quia
2334 2212 2441 2253 non
2463 2206 2542 2254 est
2578 2198 2721 2256 Deus
2747 2207 3004 2269 acceptor
3028 2214 3409 2270 personarum.
3430 2198 3569 2255 Fuit
3590 2200 3787 2257 Paulus

2182 2299 2501 2362 persecutor
2526 2290 2979 2358 Christianorum,
3028 2289 3218 2347 Petrus
3244 2292 3469 2362 negavit
3498 2303 3787 2365 postquam

2188 2382 2257 2437 ab
2295 2382 2388 2438 illo
2426 2382 2615 2438 doctus
2641 2389 2745 2438 est.
2778 2382 3014 2438 Joannes
3046 2390 3100 2439 et
3126 2381 3359 2440 Iacobus
3384 2393 3645 2457 tempore
3670 2401 3786 2459 pas-

2184 2473 2357 2531 sionis
2376 2516 2391 2542 ,
2415 2473 2607 2530 relicto
2631 2489 2696 2530 eo
2715 2517 2728 2543 ,
2756 2473 3017 2549 fugerunt
3046 2492 3167 2534 cum
3197 2476 3319 2534 aliis
3365 2480 3661 2551 apostolis.
3690 2482 3787 2549 Qui

2184 2568 2496 2623 ridebantur
2542 2566 2747 2641 aliquid
2794 2582 2921 2635 esse,
2976 2571 3029 2625 id
3080 2580 3163 2626 est
3196 2568 3416 2640 Petrus,
3448 2572 3699 2631 Iacobus
3735 2585 3785 2632 et

2181 2656 2438 2726 Jozmnes,
2470 2659 2601 2715 nihil
2622 2651 2754 2715 inihi
2775 2661 3129 2730 contulerunt,
3154 2666 3244 2719 sed
3285 2683 3314 2720 ε
3337 2676 3558 2732 contra,
3591 2671 3786 2725 subau-

2181 2748 2266 2805 dis
2298 2762 2398 2820 ego
2434 2751 2639 2806 contuli
2666 2752 2805 2820 illis;
2838 2751 2927 2809 vel
2970 2754 3126 2810 aliter
3156 2774 3167 2810 :
3203 2772 3325 2811 cum
3361 2766 3658 2829 putassent
3691 2760 3784 2816 ali-

2179 2842 2274 2912 qui
2298 2842 2721 2912 reprehensores
2756 2845 2862 2900 mei
2901 2858 3040 2914 esse,
3069 2863 3175 2903 non
3214 2849 3389 2905 solum
3416 2854 3782 2923 reprehenso-

2180 2946 2270 2990 res
2299 2949 2406 2989 non
2452 2934 2693 3005 fuerunt,
2748 2938 2843 2994 sed
2894 2941 3056 2995 etiam
3102 2941 3413 3000 laudatores
3449 2954 3513 3002 et
3549 2946 3785 3004 fautores

2179 3026 2508 3082 exstiterunt
2534 3043 2668 3084 mete
2687 3031 3106 3102 praedicationis.
3134 3032 3210 3088 Ita
3233 3032 3491 3093 dividunt
3514 3047 3575 3094 et
3599 3039 3786 3095 distim

2178 3129 2350 3190 guunt
2374 3120 2709 3193 Augustinus
2755 3132 2809 3180 et
2848 3124 3209 3200 Hieronymus
3256 3128 3409 3186 hunc
3450 3133 3782 3189 versiculum

2178 3224 2299 3265 cum
2332 3212 2426 3266 tali
2470 3214 2849 3270 subauditione
2895 3230 2910 3270 :
2948 3232 3066 3271 cum
3118 3217 3399 3285 vidissent,
3438 3223 3711 3280 subaudis
3754 3240 3782 3279 a

2183 3301 2660 3374 subsequentibus,
2688 3304 2919 3363 Iacobus
2954 3317 3009 3363 et
3038 3305 3293 3377 Joannes,
3334 3312 3429 3383 qui
3455 3315 3782 3371 videbantur

2184 3391 2388 3463 aliquid
2429 3408 2568 3462 esse,
2600 3396 2740 3465 quod
2781 3397 2861 3451 ita
2886 3396 3092 3463 datum,
3132 3399 3186 3455 id
3218 3410 3303 3456 est
3330 3417 3672 3462 concessum
3701 3414 3780 3462 est

2183 3486 2316 3569 mihi
2377 3483 2720 3559 Evangelium
2773 3493 3039 3563 prtrputii,
3075 3492 3128 3549 id
3176 3501 3262 3550 est
3317 3498 3594 3569 gentium,
3654 3508 3783 3558 sicut

2184 3568 2344 3632 Petro
2387 3582 2654 3637 creditum
2697 3592 2780 3640 est
2803 3581 3177 3659 Evangelium,
3208 3586 3659 3664 circumcisionis,
3682 3596 3782 3654 hoc

2183 3679 2271 3727 est
2309 3670 2641 3731 Iudaeorum.

2254 3763 2324 3818 Et
2369 3781 2485 3819 cum
2533 3770 2891 3839 cognovissent
2943 3775 3171 3844 gratiam
3200 3793 3318 3850 quae
3348 3777 3480 3834 data
3507 3791 3591 3837 est
3633 3785 3778 3852 mihi,

2181 3852 2423 3911 dexteras
2446 3858 2708 3915 societatis
2739 3863 2867 3920 mihi
2892 3864 3148 3922 dederunt
3171 3877 3218 3923 et
3248 3868 3543 3928 Barnabte.
3575 3873 3780 3932 Cretera

2180 3958 2278 4015 per
2307 3949 2676 4018 parenthesim
2714 3953 2856 4010 dicta
2881 3965 3009 4012 sunt
3030 3960 3172 4014 sicut
3198 3958 3362 4018 Petro
3400 3963 3775 4024 circumcisio-

2180 4036 2293 4106 nis;
2326 4040 2468 4097 hanc
2496 4054 2674 4099 autem
2712 4047 2877 4103 habet
2905 4053 3351 4111 consuetudinem
3376 4054 3697 4130 Apostolus,
3727 4072 3779 4118 ut

2179 4132 2652 4192 Circumcisionem
2680 4135 2893 4196 Iudaeos
2912 4148 2969 4197 et
2989 4143 3218 4216 gentiles
3240 4152 3573 4221 prmputium
3597 4155 3777 4225 appel-

2177 4224 2267 4280 let.
2303 4226 2406 4291 Qui
2440 4230 2575 4283 enim
2612 4244 2856 4304 operatus
2896 4246 2970 4292 est
3004 4234 3164 4293 Petro
3187 4240 3240 4295 in
3269 4224 3641 4313 apostolatumﬁ
3672 4224 3777 4303 cir-

2176 4321 2533 4390 cnmcisionis,
2560 4337 2803 4396 operatus
2830 4339 2904 4384 est
2934 4328 3061 4387 mihi
3084 4333 3221 4388 inter
3238 4352 3439 4407 gentes,
3472 4349 3532 4395 et
3554 4350 3640 4396 est
3661 4357 3783 4397 sen-

2176 4425 2269 4467 sus
2295 4432 2306 4467 :
2333 4410 2434 4482 Qui
2462 4414 2682 4472 Petrum
2715 4420 3036 4491 magistrum
3080 4432 3135 4479 et
3163 4426 3471 4498 principem
3500 4428 3631 4485 fecit
3662 4448 3781 4489 esse

2175 4505 2417 4559 omnium
2448 4507 2754 4566 Judzcorum
2790 4514 3154 4582 credentium,
3183 4532 3269 4571 me
3298 4514 3466 4573 etiam
3494 4521 3553 4575 in
3581 4523 3779 4593 pra-di-

2102 4596 2410 4705 Ucationis
2458 4597 2633 4655 cilicio
2670 4604 2965 4672 prmpbsuit
3014 4606 3266 4663 omnibus
3306 4609 3583 4679 gentibus.
3640 4612 3778 4669 Dicit

2178 4688 2374 4745 beatus
2407 4690 2739 4762 Augustinus
2766 4695 2997 4766 quodam
3024 4697 3145 4756 loco
3172 4698 3343 4756 'healo
3376 4702 3642 4775 Apostolo
3666 4724 3775 4763 ma—

2172 4782 2349 4852 jorem
2389 4784 2706 4852 sapientiam
2745 4802 2859 4858 przc
2888 4786 3143 4850 omnibus
3173 4790 3435 4864 apostolis
3462 4813 3775 4855 concessam

2179 4887 2322 4937 esse,
2351 4882 2405 4929 et
2435 4874 2538 4930 hoc
2564 4876 2705 4944 ideo,
2738 4886 2797 4933 ut
2826 4880 2952 4950 quia
2986 4882 3101 4952 ipse
3142 4885 3399 4942 omnibus
3439 4886 3695 4959 gentibus
3725 4902 3776 4945 et

2177 4960 2517 5036 philosophis
2551 4969 2945 5039 praedicaturus
2971 4983 3112 5047 erat,
3161 4976 3417 5034 omnibus
3450 4982 3706 5052 gentibus
3724 4993 3778 5039 ct

2178 5057 2514 5129 philosophis
2540 5059 2655 5132 ejus
2687 5065 3001 5134 praedicatio
3031 5066 3279 5124 sullicere
3313 5080 3524 5142 posset.
3555 5071 3663 5129 Sed
3692 5073 3777 5130 die

2179 5161 2270 5208 cet
2307 5152 2505 5225 aliquis
2534 5152 2588 5209 in
2629 5156 2731 5211 isto
2761 5158 2879 5214 loco
2910 5173 2925 5212 :
2962 5157 3213 5231 Nunquid
3240 5177 3371 5234 ergo
3412 5163 3617 5221 Petrus
3662 5180 3775 5221 ευ,

2180 5242 2350 5316 gister
2397 5242 2729 5311 Judteorum,
2760 5248 2803 5302 si
2832 5246 3043 5305 videret
3071 5246 3307 5321 aliquem
3350 5253 3612 5324 gentilem
3640 5254 3774 5312 velle

2178 5336 2419 5391 converti
2445 5338 2512 5392 ad
2541 5335 2725 5404 ﬁdem,
2752 5348 2857 5395 non
2880 5340 3209 5412 suscipiebat
3232 5359 3380 5411 eum,
3408 5342 3519 5401 nisi
3539 5347 3771 5403 circum-

2180 5429 2475 5498 cideretur,
2502 5440 2595 5486 aut
2627 5430 2827 5488 Paulus
2862 5418 3119 5507 magister
3162 5436 3405 5507 gentium
3442 5438 3772 5509 suscipiebat

2187 5520 2419 5593 aliquem
2436 5520 2744 5579 Judmorum
2759 5525 3170 5597 circumcisum?
3184 5526 3383 5600 Utique
3394 5527 3598 5587 Petrus
3609 5531 3775 5589 susci-

2184 5612 2366 5685 piebat
2415 5616 2696 5686 gentilcm,
2755 5628 2861 5674 non
2908 5635 3108 5692 cogens
3161 5636 3285 5677 eum
3321 5622 3665 5691 circumcidi,
3714 5630 3772 5679 ut

2183 5705 2514 5777 Cornelium,
2541 5720 2595 5766 et
2615 5706 2815 5768 Paulus
2834 5727 2942 5768 non
2967 5713 3260 5784 respuebat
3278 5712 3525 5774 Judaeum
3552 5728 3771 5790 propter

2182 5801 2676 5859 circumcisionem.
2722 5804 2817 5861 sed
2842 5805 3220 5864 tantummodo
3273 5806 3477 5880 legales
3514 5809 3771 5869 observa-

2178 5891 2354 5948 tiones
2381 5894 2610 5950 docebat
2640 5910 2746 5951 non
2776 5912 2895 5952 esse
2920 5895 3287 5954 observandas
3313 5898 3631 5956 carnaliter.
3653 5897 3765 5966 Qui
