3996 6446
211 383 316 444 στι

887 383 1254 444 EXPOSITIO
1286 384 1355 441 ιΝ
1397 384 1547 446 EPP.
1591 383 1650 442 S.
1688 382 1758 444 PA

1874 383 1910 438 Ι.
1947 413 2018 425 -
2048 384 2113 450 ΙΝ
2153 389 2372 450 EPIST.
2403 393 2498 454 AD
2534 393 2786 458 ΕΛΕΑΤ-

3355 406 3476 466 678.

208 505 516 562 uidebantur
559 504 815 560 calumnia
841 521 969 561 esse.
1002 507 1145 562 Dicit
1183 506 1374 564 beatus
1401 508 1732 580 Augustinus
1764 527 1779 564 :
1810 517 1862 577 Α
1887 512 2127 568 mundati
2162 528 2259 583 per
2287 490 3008 592 baptismumpnequaquam
3032 539 3131 582 nos
3168 527 3323 597 quasi
3353 527 3458 584 im-

205 596 478 653 Columme
501 596 821 652 videbantur
849 613 968 654 esse
989 599 1082 662 illi,
1113 600 1206 656 sed
1236 615 1344 655 non
1364 610 1538 655 erant.
1573 601 1679 656 Sed
1700 603 1780 656 vi-

205 692 425 746 deamus
445 706 566 760 qua:
595 691 703 745 sint
731 691 1073 748 solidissima:
1101 694 1384 748 columnae.
1418 693 1672 749 Salomon
1696 693 1778 748 di-

201 780 279 838 cit
310 798 322 834 :
348 777 638 850 Sapientia,
662 797 783 852 qum
808 793 891 838 est
918 784 1152 855 verbum
1185 785 1279 840 Dei
1310 785 1504 850 Patris,
1537 786 1776 854 aediﬁca-

203 873 267 928 ait
314 872 410 926 sibi
439 873 686 939 domum,
724 875 777 929 in
816 885 974 932 utero
1013 877 1266 932 videlicet
1296 879 1546 948 virginali
1575 880 1788 946 excidit,

201 964 469 1019 columnas
498 977 690 1036 septem
717 965 899 1038 (Prov.
930 968 1029 1039 ix),
1062 970 1113 1024 id
1147 977 1231 1026 est
1255 979 1461 1041 septem
1484 971 1774 1040 Ecclesiae,

197 1059 263 1113 ad
289 1073 424 1128 quas
447 1059 664 1128 scripsit
699 1059 932 1116 Joannes
965 1062 1018 1115 in
1039 1061 1360 1134 Apocalypsi
1392 1077 1488 1118 sua
1521 1063 1662 1133 (cup.
1695 1064 1772 1135 r);

196 1165 313 1220 quae
347 1159 552 1220 septem
581 1150 834 1207 Ecclesim
857 1153 941 1207 vel
969 1153 1230 1209 columnm
1257 1153 1459 1209 faciunt
1485 1169 1647 1209 unam
1669 1155 1772 1211 Ec-

195 1241 411 1296 clesium
439 1249 496 1298 et
525 1258 687 1298 unam
714 1244 1041 1309 columnam,
1089 1245 1155 1300 de
1188 1261 1292 1315 qua
1321 1247 1453 1301 dicit
1484 1247 1773 1317 Apostolus

194 1335 514 1390 Timotheo:
546 1333 615 1389 Ut
641 1338 799 1404 scias,
826 1338 1020 1410 inquit,
1049 1341 1316 1410 quomoda
1361 1351 1593 1411 oporteat
1643 1350 1692 1396 te
1714 1342 1772 1396 in

191 1427 343 1480 domo
389 1427 490 1482 Dei
532 1431 851 1495 conuersari,
879 1447 998 1502 qua
1023 1442 1098 1485 est
1119 1431 1364 1487 columna
1397 1441 1445 1487 et
1467 1433 1769 1502 ﬁrmamen.

190 1527 297 1570 tum
329 1519 382 1590 (1
411 1519 544 1575 Tim.
581 1521 688 1591 in).
728 1521 786 1576 Si
810 1537 940 1593 ergo
982 1523 1073 1578 isti
1101 1523 1366 1580 columnae
1399 1540 1505 1582 non
1535 1526 1766 1593 fuerant,

187 1609 312 1678 quid
335 1619 422 1665 est
441 1613 584 1680 quod
604 1613 864 1669 Dominus
885 1615 1044 1669 dicit:
1067 1614 1168 1681 Qui
1192 1617 1385 1681 vicerit,
1407 1617 1602 1686 faciam
1619 1618 1768 1673 illum

186 1697 482 1754 columnam
511 1703 568 1755 in
595 1701 786 1773 templo
823 1719 938 1758 meo
983 1703 1167 1775 (Apoc.
1211 1705 1334 1776 ut)?
1369 1705 1437 1763 Ut
1480 1721 1610 1778 ergo
1637 1709 1770 1763 dicit

182 1791 474 1862 Apostolus
503 1802 559 1850 et
605 1796 796 1852 beatus
843 1796 1178 1868 Augustinus
1224 1800 1469 1866 assentit,
1500 1800 1765 1857 columnae

1877 602 2108 657 mundos
2147 614 2422 673 reputaret
2454 627 2467 663 :
2497 612 2690 669 melius
2719 623 2806 670 est
2831 631 2960 687 ergo
2999 626 3060 673 ut
3095 620 3458 678 circumcida-

1875 708 2018 752 mur.
2074 694 2136 751 Si
2177 705 2235 750 tu
2261 714 2380 752 cum
2399 701 2472 755 sis
2495 702 2739 761 Judteus.
2763 705 2980 765 ludens
3007 721 3128 767 erat
3145 713 3342 772 Petrus
3362 733 3460 774 na-

1876 791 2019 851 tura,
2049 799 2104 843 et
2147 790 2426 858 gentiliter
2453 795 2670 853 vivebat
2695 815 2802 856 non
2827 803 3106 861 adorando
3148 808 3314 878 idola,
3363 813 3460 870 sed

1874 891 1982 932 non
2015 880 2244 936 credens
2280 882 2478 938 salvari
2518 901 2678 955 posse
2721 905 2818 960 per
2846 895 3337 968 circumcisionem,
3361 905 3474 960 sed

1873 984 1972 1066 per
1985 971 2338 1066 baptismum,
2364 979 2505 1032 sicut
2525 987 2581 1034 et
2601 983 2830 1049 gentiles
2856 988 3211 1055 salvabantnr
3232 1010 3338 1051 non
3361 999 3470 1066 per-

1873 1059 2360 1131 circumcisionem,
2393 1069 2487 1123 sed
2511 1085 2608 1140 per
2633 1071 2984 1142 baptismum.

1943 1151 2058 1209 Nos
2096 1166 2286 1211 natura
2321 1158 2500 1215 Iudici
2527 1178 2735 1232 sumus,
2764 1177 2812 1221 et
2844 1185 2946 1232 npn
2971 1186 3038 1224 ea:
3065 1176 3306 1243 gentibus
3335 1194 3474 1248 pec--

1871 1255 2089 1312 autores,
2125 1250 2252 1318 quia
2293 1253 2525 1320 gentiles
2572 1267 2884 1326 peccatores
2927 1263 3368 1334 amellabantur,
3400 1281 3455 1326 et

1871 1347 1956 1393 est
1973 1353 2167 1395 sensus
2189 1341 2264 1397 :0
2289 1342 2470 1410 Pctre,
2489 1347 2538 1401 si
2566 1363 2664 1404 nos
2695 1352 2785 1420 qui
2810 1351 2981 1408 Judaei
3009 1357 3331 1418 naturaliter
3364 1377 3455 1416 su-

1869 1447 2012 1498 mus,
2039 1433 2319 1504 justiticati
2347 1451 2452 1492 non
2509 1453 2696 1496 sumus
2745 1457 2840 1513 per
2875 1445 3072 1516 legem,
3093 1463 3267 1517 quare
3302 1453 3454 1522 cogis

1868 1534 2056 1594 gentes
2080 1527 2358 1596 judaizare
2378 1569 2392 1594 ,
2426 1545 2534 1585 non
2562 1533 2748 1599 verbo,
2779 1536 2872 1590 sed
2908 1552 3097 1606 opere,
3123 1549 3184 1594 ut
3227 1543 3454 1599 credant

1868 1635 1927 1675 se
1960 1621 2159 1677 salvari
2205 1639 2312 1679 non
2340 1641 2498 1695 posse
2528 1643 2625 1698 per
2649 1630 2974 1700 baptismum
3014 1635 3133 1699 sine
3161 1637 3452 1694 circumci-

1868 1715 2040 1770 sione.
2073 1715 2182 1772 Nos
2233 1719 2437 1773 scimus
2465 1722 2589 1790 quia
2639 1739 2745 1778 non
2786 1725 3114 1796 justiﬁcatur
3163 1733 3320 1786 homo
3353 1749 3454 1804 per

1866 1804 2265 1861 observantiam
2289 1807 2543 1880 legalium
2568 1814 2984 1883 mandatorum;
3009 1834 3074 1872 sa
3101 1823 3342 1891 operibus
3369 1828 3447 1880 le-

181 1899 210 1938 a
249 1885 562 1954 semetipsis
595 1902 702 1940 non
745 1896 920 1954 erant,
954 1887 1082 1942 licet
1103 1889 1417 1944 viderentur
1441 1907 1470 1944 a
1502 1891 1762 1962 simplici-
1790 1911 1838 1972 Β
1864 1898 1945 1966 gis
1967 1898 2118 1964 dicit,
2164 1899 2217 1954 id
2247 1911 2330 1956 est
2361 1918 2458 1971 per
2486 1904 2813 1962 oblationem
2837 1885 3230 1970 sacriﬁciorum
3257 1931 3447 1973 carna-

175 1979 276 2034 bus
315 1995 346 2033 a
367 1994 426 2034 se
449 1994 574 2034 esse
610 1981 752 2050 quod
787 1995 895 2035 non
940 1991 1116 2047 erant,
1145 1991 1200 2036 et
1246 1983 1508 2038 columnae
1534 1994 1690 2039 erant
1727 2001 1759 2040 a

175 2067 410 2124 Domino
440 2070 680 2126 solidatae
703 2071 819 2126 sine
841 2072 957 2126 suis
981 2073 1206 2135 meritis,
1238 2083 1292 2126 et
1322 2073 1630 2130 laudatores
1659 2076 1760 2131 Ec-

175 2159 358 2215 clesiae
416 2169 572 2215 erant
625 2169 682 2216 et
730 2171 1140 2218 sustentatores.
1199 2164 1452 2220 Dexteras
1509 2167 1758 2222 dederunt

173 2253 328 2306 mihi.
353 2252 506 2319 Quod
541 2253 674 2308 dicit
699 2254 942 2308 dexteras
969 2257 1234 2310 societatis
1273 2257 1527 2312 dederunt
1555 2260 1682 2312 mihi
1701 2270 1760 2313 et

171 2341 604 2409 Barnabtemihil
628 2353 711 2399 est
731 2343 875 2398 aliud
898 2345 1000 2399 nisi
1024 2345 1075 2399 in
1099 2357 1251 2402 suam
1273 2348 1587 2402 societatem
1609 2365 1759 2406 rece-

169 2443 382 2506 perunt.
397 2449 494 2490 nos
514 2445 569 2490 et
590 2434 1034 2492 familiaritatem.
1055 2435 1312 2493 Tractum
1334 2440 1530 2495 esthoc
1545 2455 1574 2494 a
1597 2457 1760 2512 nego-

168 2526 482 2591 tiatoribus,
504 2527 596 2596 qui
621 2541 784 2582 causa
805 2528 1184 2598 negotiationis
1212 2531 1490 2586 venientes
1511 2534 1579 2587 ad
1603 2544 1756 2588 exte-

167 2631 252 2675 ras
293 2619 558 2691 regiones,
581 2621 635 2676 in
657 2622 848 2691 primis
869 2632 926 2676 ut
948 2623 1022 2679 ibi
1045 2625 1383 2692 advenerint,
1411 2629 1476 2682 ad
1497 2645 1592 2684 eos
1620 2645 1755 2700 plte-

165 2710 792 2770 lectuslociethomines
813 2716 1164 2772 acceduntibi
1187 2719 1510 2786 habitantes,
1524 2721 1756 2776 etinter-

163 2803 529 2876 rogantillmn
551 2806 639 2874 qui
663 2814 859 2874 prmest
967 2820 993 2859 s
1011 2825 1023 2859 :
1043 2807 1754 2882 Paciﬁcusneestingressus

165 2895 330 2950 tuus?
352 2896 418 2950 Et
446 2895 533 2950 ille
560 2916 574 2951 :
596 2897 882 2953 Pacilicus.
912 2897 1064 2954 Tunc
1086 2910 1271 2956 inn-tuo
1292 2904 1420 2957 dant
1441 2905 1541 2958 sibi
1565 2907 1752 2962 dexte-

162 3005 250 3045 ras
289 3004 505 3054 inanus,
537 2999 592 3046 et
620 2992 926 3046 alternatim
967 3008 1026 3049 se
1051 2995 1384 3062 osculantur,
1413 3012 1479 3052 ac
1500 2999 1755 3070 deinceps

160 3099 292 3142 eum
319 3103 448 3156 pace
475 3089 744 3158 negotium
779 3105 934 3143 suum
965 3090 1201 3159 explent,
1227 3091 1395 3146 libere
1417 3093 1751 3162 incedentes,

159 3187 211 3234 et
241 3194 378 3232 cum
405 3180 693 3234 securitate
730 3181 780 3233 in
808 3180 1069 3250 judicium
1113 3182 1342 3237 illorum.
1375 3182 1466 3238 Sic
1503 3188 1668 3238 etiam
1699 3195 1753 3240 et

1866 1988 2018 2055 lium,
2053 2006 2152 2060 per
2189 1993 2622 2052 observationem
2665 2003 3062 2070 mandatorum,
3089 2019 3186 2075 per
3214 2008 3467 2066 circumr

1866 2079 2124 2136 cisionem
2149 2101 2252 2138 non
2270 2087 2653 2155 justiﬁcabitur
2681 2093 2849 2146 omnis
2879 2094 3056 2162 homo,
3084 2096 3137 2152 id
3157 2106 3241 2153 est
3263 2099 3446 2156 nullus

1859 2172 2262 2243 justiﬁcabitnr.
3184 2198 3192 2210 ‘

1937 2265 2089 2330 Quod
2117 2268 2161 2320 si
2205 2279 2516 2337 querentes,
2538 2287 2638 2328 nos
2679 2274 2769 2344 qui
2800 2283 2994 2330 natura
3027 2291 3216 2332 sumus
3241 2277 3440 2348 Judmi,

1853 2354 2136 2426 justiﬁcati
2159 2361 2214 2413 in
2235 2359 2461 2428 Christo,
2485 2363 2540 2418 id
2566 2373 2649 2420 est
2671 2366 2726 2420 in
2751 2365 2855 2422 ﬁde
2892 2367 3116 2435 Christi,
3144 2370 3200 2423 in
3236 2369 3445 2440 baptis-

1861 2461 2027 2518 mate,
2068 2455 2260 2508 inventi
2286 2472 2467 2510 sumus
2494 2469 2788 2527 peccatores
2815 2461 2940 2514 dum
2967 2462 3215 2518 venimus
3230 2463 3298 2522 ad
3316 2465 3444 2534 bapo

1861 2544 2100 2598 tismum.
2146 2544 2398 2616 Nunquid
2431 2545 2668 2602 Christus
2720 2549 2849 2604 fecit
2885 2565 2984 2605 nos
3027 2558 3342 2619 peccatores
3381 2558 3443 2607 ut

1860 2645 2080 2705 peccata
2105 2637 2451 2702 haberemus,
2478 2650 2532 2693 et
2569 2640 2836 2696 inveniret
2864 2641 2920 2696 in
2941 2643 3098 2697 nobis
3125 2644 3269 2713 quod
3293 2659 3444 2699 mun-

1859 2726 2050 2781 daret?
2069 2726 2232 2780 Absit.
2257 2727 2364 2783 Sed
2389 2729 2514 2798 quia
2538 2731 2626 2784 lex
2644 2747 2750 2786 non
2774 2741 2986 2803 poterat
3003 2749 3102 2788 nos
3117 2734 3440 2804 iustiﬁcare,

1860 2816 1982 2871 ideo
2032 2820 2280 2874 venimus
2330 2822 2400 2875 ad
2441 2821 2739 2887 Christum,
2783 2833 2843 2879 ut
2889 2825 3174 2881 credentes
3219 2825 3276 2880 in
3315 2841 3441 2882 eum

1852 2913 2232 2982 justiﬁcemnr.

1930 3007 1986 3062 Si
2006 3009 2141 3062 enim
2169 3010 2306 3079 quod
2333 3009 2568 3065 destrusi
2593 3011 2690 3066 hac
2718 3012 2908 3066 iterum
2927 3013 3211 3081 recediﬁco,
3234 3029 3440 3084 prteru-

1857 3108 2135 3152 rtcatorem
2185 3115 2265 3152 me
2303 3101 2581 3154 constituo.
2627 3101 2682 3156 1d
2725 3110 2830 3167 est,
2871 3102 2918 3156 si
2969 3103 3442 3159 circumcisionem

1856 3203 2016 3256 quam
2047 3189 2336 3258 praedicavi
2360 3190 2732 3246 dimittendam
2764 3194 2958 3248 iterum
2987 3194 3226 3264 praedico
3256 3196 3442 3250 obser-

160 3271 232 3326 illi
260 3286 396 3326 cum
430 3271 686 3342 Apostolo
733 3272 976 3329 fecerunt
1006 3289 1220 3343 pacem,
1252 3284 1311 3329 ut
1337 3276 1425 3330 ille
1451 3285 1505 3332 et
1545 3276 1746 3332 Barna-
1774 3265 1819 3335 C
1849 3281 2076 3336 vendam
2099 3296 2238 3346 esse,
2262 3291 2710 3353 transgressorem
2739 3300 2824 3339 me
2850 3284 3013 3352 iacio,
3037 3294 3146 3340 tam
3166 3285 3300 3357 legis
3325 3285 3440 3342 Mo-

159 3365 254 3420 bas
286 3363 434 3418 inter
477 3373 665 3436 gentes
707 3366 1086 3436 priediearent,
1142 3367 1241 3438 ipsi
1279 3377 1462 3422 autem
1489 3369 1631 3424 inter
1655 3367 1752 3424 Ju-

158 3457 332 3512 dicos.

167 3581 176 3594 --
230 3551 470 3606 Tant-um
503 3551 760 3608 subaudis
785 3563 1161 3626 prteceperunt
1192 3557 1366 3625 nobis,
1395 3567 1448 3613 ut
1465 3575 1754 3629 pauperum

159 3643 384 3699 illorum
413 3659 664 3698 memores
682 3661 908 3699 essemus
938 3685 952 3711 ,
980 3648 1072 3716 qui
1109 3661 1327 3717 propter
1353 3649 1626 3704 Christum
1656 3665 1752 3706 sua

159 3734 522 3804 reliquerant,
548 3734 630 3788 vel
668 3735 759 3805 qui
786 3736 1000 3806 spoliati
1034 3737 1248 3792 fuerant
1276 3754 1306 3793 a
1327 3738 1550 3805 iudicis,
1578 3750 1634 3794 ut
1661 3739 1758 3793 Ni-

160 3828 426 3882 codemus
457 3834 513 3881 et
540 3826 651 3880 alii.
679 3827 831 3894 Quod
859 3830 1022 3882 etiam
1051 3830 1319 3883 sollicitus
1341 3830 1417 3884 fui
1444 3832 1547 3886 hoc
1577 3831 1761 3900 ipsum.

162 3917 370 3982 facere,
415 3916 637 3970 mittens
659 3918 738 3971 eis
759 3933 879 3986 quae
910 3920 1215 3973 necessaria
1247 3931 1421 3987 erant,
1447 3938 1476 3975 a
1504 3922 1756 3992 gentibus

163 4009 418 4065 ﬁdelibus
453 4009 769 4062 munuscula
794 4010 1084 4079 accipiens.

236 4105 375 4158 Cum
399 4112 572 4156 autem
598 4102 815 4156 venisset
838 4101 1040 4173 Cephea
1067 4105 1419 4170 Antiochiam,
1459 4107 1516 4160 in
1540 4106 1750 4176 faciem,

157 4197 218 4252 id
275 4201 358 4249 est
408 4195 771 4272 praesentiam,
841 4197 1006 4250 restiti
1045 4199 1114 4262 ei,
1163 4199 1288 4267 quia
1339 4198 1753 4269 reprehensibilis

160 4296 305 4348 erat,
341 4287 394 4340 id
424 4295 508 4340 est
543 4288 963 4356 reprehensione
989 4288 1202 4359 dignus.

165 4409 173 4416 ι
238 4375 405 4431 Prius
434 4377 573 4431 enim
615 4395 773 4448 quam
828 4380 1054 4432 venirent
1083 4380 1320 4450 quidam,
1366 4380 1624 4435 subaudis
1660 4379 1751 4434 Ju-

161 4473 430 4535 dteorum,
454 4471 520 4523 ab
547 4470 764 4536 Iacobo,
797 4471 850 4525 id
871 4479 953 4524 est
978 4471 1046 4524 ab
1075 4471 1483 4543 Hierosolymis,
1524 4473 1612 4528 ubi
1634 4482 1755 4529 erat

159 4563 403 4620 Jacobus
417 4564 744 4618 constitutus
767 4565 1050 4636 episcopus
1068 4567 1416 4623 credentibus
1439 4568 1506 4623 ab
1526 4569 1752 4638 Aposto-

1858 3373 2036 3437 saicae,
2081 3389 2242 3443 quam
2283 3372 2578 3444 Evangelii,
2608 3376 2734 3445 quia
2767 3376 2812 3431 si
2858 3377 3204 3432 circumcisio
3229 3385 3444 3447 poterat

1850 3463 2175 3532 justilicare,
2227 3465 2334 3519 imo
2386 3469 2528 3534 quod
2572 3466 2718 3522 illam
2775 3467 3017 3523 destrnxi
3071 3476 3444 3539 transgressor

1855 3556 2038 3613 exstiti
2070 3573 2083 3608 :
2113 3563 2168 3610 et
2201 3556 2247 3611 si
2287 3566 2571 3628 postquam
2590 3559 2710 3613 veni
2732 3560 2799 3613 ad
2823 3559 3205 3631 Evangelium,
3240 3561 3438 3618 iterum

1856 3648 1991 3702 redii
2021 3649 2088 3702 ad
2117 3650 2390 3704 carnalem
2421 3651 2618 3721 legem,
2670 3650 2919 3706 similiter
2945 3651 3326 3722 praevaricator
3343 3666 3444 3707 ex.

1855 3739 1986 3794 stiti.
2016 3738 2084 3793 Et
2108 3741 2400 3794 notandum
2419 3741 2546 3808 quia
2565 3751 2759 3796 contra
2791 3741 3010 3797 Petrum
3052 3742 3156 3800 ista
3174 3741 3440 3812 loqueba-

1856 3841 1960 3894 tur,
1990 3833 2082 3902 qui
2109 3834 2332 3903 cogebat
2360 3842 2546 3903 gentes
2567 3836 2960 3890 circumcidere
2981 3835 3303 3899 non—verbo,
3341 3835 3438 3892 sed

1854 3938 2035 3993 opere,
2065 3926 2431 3981 subtrahendo
2454 3942 2512 3981 se
2536 3928 2605 3981 ab
2638 3927 2761 3992 illis,
2784 3944 2907 3982 cum
2929 3937 2985 3981 et
3012 3927 3127 3996 ipse
3149 3929 3439 3985 circumci-

1856 4016 2062 4071 sionem
2090 4018 2480 4086 prmdicaverat
2503 4033 2608 4072 non
2629 4019 3046 4077 observandam.

1928 4106 2042 4176 Ego
2071 4109 2205 4161 enim
2233 4124 2323 4177 per
2359 4108 2541 4178 legem,
2576 4110 2834 4164 subaudis
2865 4107 3164 4187 Evangelii,
3200 4117 3440 4164 mortuus

1854 4214 1970 4252 sum
2003 4198 2102 4268 legi
2125 4199 2316 4270 Moysi,
2346 4200 2398 4254 id
2430 4210 2516 4255 est
2565 4201 2700 4256 nihil
2723 4201 2796 4255 illi
2827 4201 3018 4267 debeo,
3041 4201 3165 4271 quia
3189 4216 3296 4256 non
3320 4215 3442 4256 sum

1855 4292 2127 4362 subjectus
2163 4294 2245 4357 ei;
2283 4293 2369 4348 vel
2409 4308 2505 4363 per
2543 4294 2712 4364 legem
2771 4294 3086 4364 spiritaliter
3115 4293 3438 4349 intellectam

1856 4392 2101 4439 mortuus
2129 4400 2247 4438 sum
2279 4385 2383 4456 legi
2416 4385 2641 4451 carnali,
2673 4386 2798 4456 quia
2827 4385 3122 4442 carnaliter
3153 4385 3298 4440 illam
3328 4400 3439 4442 non

1854 4476 2103 4532 observo.
2144 4474 2210 4531 Ut
2237 4477 2347 4532 Deo
2374 4479 2542 4533 vivam
2571 4494 2666 4549 per
2688 4478 2847 4534 ﬁdem
2869 4486 2924 4534 et
2944 4477 3236 4546 justitiam.

1925 4568 2132 4624 Christo
2155 4571 2391 4638 conﬁxus
2419 4587 2536 4624 sum
2560 4571 2727 4636 cruci,
2760 4570 2813 4625 id
2855 4577 2940 4624 est
2963 4569 3210 4625 conﬁxus
3237 4583 3356 4624 sum
3383 4567 3442 4625 in

161 4657 254 4723 lis,
291 4671 408 4710 cum
443 4654 680 4726 gentibus
700 4655 881 4710 edebat
917 4674 931 4709 :
983 4674 1100 4711 cum
1129 4669 1300 4712 autem
1327 4660 1599 4723 uenissent,
1630 4660 1754 4712 sub-
1775 4642 1832 4704 Π
1853 4676 2016 4716 cruce
2038 4661 2260 4727 Christi,
2285 4661 2410 4732 quia
2440 4670 2661 4732 peccata
2689 4674 2808 4716 mea
2832 4659 2888 4714 in
2910 4674 3071 4716 cruce
3101 4659 3248 4714 illius
3277 4657 3438 4714 allisa

161 4749 407 4802 trahebat
438 4763 493 4801 sc
534 4756 583 4801 et
606 4733 944 4819 segregabat,
981 4751 1170 4802 timens
1191 4766 1274 4803 eos
1313 4751 1402 4821 qui
1432 4767 1495 4804 ea;
1526 4752 1750 4804 circum-

161 4841 363 4894 cisione
391 4847 562 4906 erant,
589 4840 692 4894 hoc
717 4847 802 4892 est
822 4839 1019 4894 timene
1042 4842 1360 4911 reprehendi
1387 4845 1454 4898 ab
1481 4842 1605 4897 illis.

239 4929 350 4984 Sed
378 4945 496 4984 cum
518 4930 756 4984 vidissem
787 4929 926 5001 quod
961 4947 1064 4985 non
1089 4943 1223 4987 recte
1250 4935 1598 4990 ambularent.
1633 4936 1750 4993 Non

161 5029 318 5076 recte
361 5020 734 5087 ambulabant,
765 5022 892 5091 quia
935 5025 1289 5095 segregabant
1338 5043 1398 5081 se
1425 5041 1454 5080 a
1503 5029 1750 5099 gentibus

175 5115 323 5183 μιοεί
373 5113 684 5179 immundis,
724 5127 790 5168 eo
829 5114 974 5185 quod
1023 5131 1128 5170 non
1183 5127 1364 5172 essent
1417 5121 1743 5176 circumcisi.

237 5203 363 5258 Dixi
393 5201 580 5272 Cephea
604 5220 782 5259 coram
817 5207 1076 5262 omnibus.
1108 5207 1232 5264 ideo
1270 5210 1481 5282 publice
1507 5226 1629 5267 eum
1664 5229 1749 5267 re-

180 5297 416 5368 larguit,
445 5295 570 5367 quia
600 5295 716 5369 ipse
743 5297 959 5368 publice
1004 5301 1266 5370 peccavit,
1297 5311 1353 5357 ut
1394 5312 1448 5358 et
1485 5302 1601 5372 ejus
1629 5308 1748 5360 cor-

179 5376 416 5460 eptione
440 5388 1112 5447 catericorroborarentur
1141 5394 1192 5448 in
1226 5395 1344 5449 ﬁde.
1367 5395 1585 5450 Publica
1599 5399 1744 5453 enim

182 5473 324 5558 mlpa
363 5482 579 5558 publica
607 5494 729 5558 eget
770 5483 1124 5555 castigatione
1163 5502 1344 5544 coram
1381 5491 1652 5560 omnibus,
1687 5499 1750 5549 ut

185 5600 220 5654 ιι
277 5584 577 5640 canonibus
635 5582 884 5640 habetur.
934 5583 1205 5648 Quomodo
1262 5596 1437 5656 gentes
1491 5589 1633 5658 cogis
1662 5587 1754 5660 juo

156 5661 434 5750 διάξωνεῖ
481 5678 602 5736 Non
647 5679 875 5750 cogebat
913 5694 1007 5734 eos
1045 5682 1356 5738 circumcidi
1400 5685 1598 5750 verbis,
1655 5685 1751 5742 sed

157 5772 444 5848 operibus,
473 5787 570 5844 per
610 5772 713 5827 hoc
739 5773 883 5842 quod
911 5787 969 5827 se
996 5774 1064 5828 ab
1103 5773 1208 5830 illis
1229 5780 1561 5847 segregabnt.
1589 5779 1748 5835 Pote-

153 5877 302 5926 rant
337 5868 482 5925 enim
519 5866 749 5939 gentiles
783 5867 962 5924 dicere
1006 5885 1018 5922 :
1052 5867 1108 5924 Si
1163 5883 1405 5928 essemus
1454 5873 1644 5928 salvati
1694 5883 1750 5928 et

1854 4763 1998 4818 sunt,
2039 4755 2092 4808 id
2121 4765 2206 4808 est
2237 4754 2409 4809 deleta
2442 4762 2496 4808 et
2519 4753 2864 4810 mortiﬁcata.

1935 4844 2058 4900 Viuo
2085 4857 2258 4900 autem
2273 4846 2388 4915 jam
2417 4863 2520 4900 non
2549 4861 2662 4915 ego.
2690 4845 2918 4901 Vivebat
2941 4843 3160 4914 quidem
3187 4841 3438 4897 substan-

1853 4940 2074 5005 tialiter,
2104 4940 2198 4994 sed
2228 4956 2334 4994 non
2374 4940 2590 4994 vivebat
2615 4940 2666 4994 in
2693 4938 2785 4993 illo
2826 4936 3057 5002 malitia,
3088 4935 3181 4992 sed
3198 4933 3432 5004 justitia.

1854 5033 2168 5089 Esxtinctus
2195 5041 2252 5088 et
2280 5041 2520 5087 mortuus
2545 5040 2664 5086 erat
2689 5032 2742 5086 in
2787 5030 2876 5085 illo
2901 5029 3230 5092 saevissimus
3249 5041 3435 5097 perse-

1856 5135 2054 5192 cutor,
2121 5133 2176 5180 et
2222 5125 2440 5180 vivebat
2489 5125 2544 5179 in
2619 5124 2710 5180 illo
2760 5123 3037 5195 piissimus
3093 5119 3436 5190 praedicator.

1865 5219 1999 5274 Vivit
2045 5234 2183 5284 vero,
2234 5219 2348 5274 sive
2386 5226 2572 5289 regnat
2604 5218 2658 5272 in
2686 5233 2766 5272 me
2794 5214 3034 5272 Christus
3057 5228 3155 5286 per
3191 5211 3352 5268 iidem
3381 5216 3441 5267 et

1853 5326 1956 5382 per.
1972 5325 2162 5366 omnes
2187 5312 2434 5368 virtutes.

1929 5405 2051 5460 Non
2094 5406 2286 5476 abjicio
2307 5407 2531 5477 gratiam
2554 5405 2672 5471 Dei,
2701 5404 2755 5460 id
2778 5413 2863 5460 est
2896 5416 3005 5460 non
3044 5399 3245 5474 repello
3275 5396 3438 5454 ﬁdem

1855 5501 2072 5564 Christi,
2114 5501 2460 5573 Evangelium
2508 5509 2566 5556 et
2617 5499 2986 5556 remissionem
3045 5505 3388 5568 peccatorum
3415 5508 3439 5544 :.

1855 5610 1974 5666 qua:
1990 5595 2176 5650 omnia
2195 5595 2351 5651 nobis
2369 5595 2539 5664 gratis
2559 5595 2684 5649 data
2718 5601 2864 5649 sunt.
2901 5590 2958 5646 Si
2988 5592 3126 5650 enim
3151 5607 3244 5661 per
3270 5589 3433 5660 legem

1846 5690 2080 5760 justitia,
2138 5688 2192 5744 id
2220 5695 2306 5744 est
2351 5687 2398 5743 si
2433 5687 2521 5741 lex
2565 5693 2778 5757 poterat
2816 5684 3140 5755 justiﬁcare,
3193 5681 3434 5738 Christus

1855 5783 1966 5836 sine
2010 5799 2168 5836 causa
2198 5792 2434 5838 mortuus
2479 5790 2577 5847 est,
2625 5789 2684 5836 et
2721 5779 2839 5850 ejus
2865 5780 3045 5852 passio
3081 5794 3183 5840 uec
3211 5775 3435 5850 profuit,

1857 5889 1958 5931 nec
1979 5873 2170 5931 obfuit.
