3996 6484
1740 303 1752 314 ι
1783 304 1789 316 '.
1805 303 1846 313 μου
1857 301 1882 313 α
1895 300 1977 316 to!“
1987 301 2163 323 vum
2171 294 2350 330 Α...ξῷ

510 396 614 455 679

1111 513 1337 571 CAPUT
1396 513 1484 568 lll.

582 607 628 663 Ο
667 609 916 664 msensati
967 604 1191 662 Galatae.
1226 604 1574 676 Unaquaeque
1622 620 1755 676 gens
1785 619 1937 660 suam
1962 619 2092 674 pro-

508 705 794 776 prietatem
820 703 875 757 in
909 703 1320 757 conversatione
1352 709 1408 755 et
1445 699 1688 755 moribus
1711 699 1891 754 habet.
1943 696 2096 754 Unde

509 794 714 853 Galatis
734 792 1015 864 proprium
1044 801 1229 860 estut,
1258 792 1388 848 licet
1413 790 1625 846 feroces
1654 790 1781 855 sint,
1805 791 1912 845 siut
1931 790 2094 844 etiam

509 885 691 943 stolidi
719 884 838 940 sive
861 885 1031 952 stulti,
1059 883 1328 954 facileque
1354 881 1636 937 transferri
1665 881 1874 952 possint
1897 880 1964 935 de
1988 895 2095 936 una

508 991 570 1034 re
597 976 667 1031 ad
685 976 849 1031 aliam
876 995 888 1030 :
911 978 1030 1048 quis
1052 993 1139 1032 vos
1168 975 1486 1044 fascinavit?
1507 975 1560 1030 id
1579 984 1663 1029 est
1677 973 1800 1044 quis
1819 972 1973 1029 vobis
1993 988 2095 1028 no-

508 1066 644 1133 cuit,
675 1064 761 1120 vel
791 1067 884 1136 qui
912 1080 1009 1121 vos
1040 1063 1289 1134 decepit?
1317 1062 1598 1119 Fascinari
1633 1063 1884 1118 dicuntur
1916 1062 2093 1134 pueri,

507 1166 564 1214 et
589 1171 752 1227 parva
781 1156 1038 1212 animalia
1056 1198 1071 1224 ,
1097 1156 1336 1227 pullique
1358 1157 1558 1222 avium,
1588 1155 1866 1210 hominum
1897 1157 2013 1212 visu
2041 1164 2094 1212 et

508 1248 900 1305 incantatione.
962 1250 1096 1304 Ante
1152 1264 1374 1319 quorum
1425 1246 1599 1302 oculos
1648 1247 1888 1303 Christus
1938 1247 2096 1304 Jesus

506 1341 846 1412 praescriptus
891 1349 997 1406 est,
1040 1341 1096 1394 in
1145 1339 1288 1394 vobis
1345 1339 1648 1408 cruciﬁxus.
1693 1339 1836 1396 Ante
1879 1339 2093 1395 illorum

509 1432 695 1488 oculos
738 1440 859 1487 erat
881 1430 1128 1488 Christus
1175 1429 1332 1486 Jesus
1382 1429 1678 1486 cruxiﬁxus
1725 1431 2092 1501 praescriptus,

508 1525 637 1596 quia
684 1524 762 1580 illi
789 1540 898 1580 non
931 1523 1100 1580 solum
1143 1533 1376 1595 quatuor
1421 1523 1588 1579 libros
1617 1523 1894 1595 Evangelii
1924 1523 2092 1578 habe-

507 1619 663 1683 bant,
713 1619 806 1674 ubi
849 1618 1027 1689 passio
1064 1617 1263 1674 Christi
1316 1617 1628 1673 continetur
1678 1617 1968 1688 completa,
1999 1618 2094 1674 sed

507 1709 672 1766 etiam
709 1709 877 1765 libros
901 1708 1112 1766 Veteris
1149 1710 1480 1767 Testamenti
1507 1709 1700 1766 Graeco
1733 1724 1986 1766 sermone
2015 1725 2095 1766 se-
2127 1743 2134 1748 -

506 1803 743 1858 cundum
769 1802 1110 1874 septuaginta
1130 1803 1458 1874 lnterpretes
1481 1804 1774 1871 habebant,
1809 1805 1864 1860 in
1893 1804 2091 1876 quibus

976 389 1846 456 HAYMONISHALBERSTAT.
1884 395 2102 454 EPISC.
2141 395 2294 455 OPP.
2335 396 2536 456 PARS.
2577 385 2715 455 1.:
2738 398 3099 476 COMMENT.
3136 399 3310 457 BIBL.

2114 520 2170 580 Α
2191 511 2331 567 dicto
2359 523 2506 580 sunt,
2533 514 2586 570 id
2615 522 2699 571 est
2719 515 2813 586 qui
2846 530 2944 586 per
2971 514 3144 584 legem
3171 521 3362 586 putant
3389 529 3452 572 se
3469 515 3798 586 Justiﬁcari,

2197 605 2297 659 sub
2325 605 2704 663 maledictione
2728 606 2862 679 legis
2890 616 3040 673 sunt,
3066 608 3194 678 quia
3219 624 3324 664 non
3347 618 3579 679 possunt
3604 611 3801 665 omnia

2197 692 2424 764 implere
2447 711 2566 765 qua:
2596 697 2670 751 ibi
2715 698 3083 752 continentur.
3137 698 3290 755 Unde
3318 699 3515 755 Petrus
3542 698 3756 755 Iudaeis
3779 719 3796 754 :

2197 787 2323 852 Cur,
2352 788 2548 858 inquit,
2575 790 2794 845 tentatis
2814 790 3092 859 imponere
3111 790 3490 864 nobisjugum,
3521 794 3668 863 quod
3695 806 3804 849 no-

2196 897 2303 953 que
2331 897 2450 948 nos,
2475 897 2653 952 neque
2681 892 2866 954 patres
2891 887 3066 940 nostri
3101 892 3319 955 portare
3346 885 3650 954 potuimus.
3677 883 3806 941 Sub

2197 989 2305 1043 quo
2327 974 2613 1031 maledicto
2633 977 2904 1032 sunt?sub
2928 976 3021 1033 illo
3041 996 3054 1030 :
3073 976 3390 1033 Malediclus
3407 981 3602 1046 omnis,
3619 990 3804 1036 eteae-

2196 1073 2334 1120 tera.
2362 1065 2475 1122 Lex
2499 1075 2683 1122 autem
2714 1084 2823 1123 non
2873 1078 2958 1124 est
2989 1084 3058 1124 ex
3110 1070 3247 1135 ﬁde,
3295 1069 3428 1126 ﬁdes
3469 1080 3648 1127 estea
3675 1087 3803 1128 cre-

2197 1154 2326 1212 dere
2367 1165 2424 1211 et
2469 1173 2692 1228 sperare
2737 1173 2859 1230 qua;
2913 1175 3021 1215 non
3062 1159 3351 1226 videntur;
3385 1160 3473 1216 lex
3508 1175 3647 1233 ergo
3686 1179 3800 1217 non

2197 1249 2568 1320 complebatur
2604 1250 2730 1316 ﬁde,
2781 1253 2877 1308 sed
2923 1267 3087 1323 opere
3137 1270 3150 1306 :
3210 1253 3565 1324 Evangelium
3609 1265 3804 1309 autem

2197 1345 2498 1415 completur
2517 1345 2623 1401 ﬁde
2645 1346 2816 1418 magis
2840 1362 3002 1417 quam
3032 1348 3309 1418 cperibus,
3338 1348 3466 1418 quia
3511 1348 3629 1404 sola
3661 1348 3802 1403 ﬁdes

2196 1438 2387 1493 salvat.
2416 1438 2735 1509 Quicunque
2760 1454 2890 1512 ergo
2919 1439 3152 1496 faciebat
3177 1457 3242 1496 ea
3266 1451 3536 1513 praecepta
3558 1459 3683 1513 qua:
3707 1443 3800 1497 lex

2196 1529 2564 1600 praecipiebat,
2616 1531 2831 1587 vivebat
2885 1532 2941 1586 in
2992 1531 3122 1600 illis,
3153 1533 3282 1605 quia
3316 1534 3702 1605 protelabatur
3745 1535 3798 1590 ei

2194 1633 2434 1689 praesens
2481 1620 2590 1674 vita
2618 1635 2790 1690 usque
2838 1621 2908 1676 ad
2951 1629 3214 1678 statutum
3243 1622 3407 1679 ﬁnem
3447 1638 3482 1678 a
3513 1623 3675 1680 Deo:
3704 1625 3800 1694 qui
3876 1671 3887 1681 .

2194 1723 2326 1766 vero
2352 1718 2724 1782 transgressor
2767 1719 2887 1767 erat
2926 1710 3061 1784 legis
3083 1711 3378 1783 jubebatur
3408 1713 3676 1782 interﬁci,
3716 1716 3790 1770 di-

2196 1812 2353 1858 cente
2391 1801 2552 1870 lege:
2599 1801 2700 1868 Qui
2755 1802 2858 1858 hoc
2908 1803 2993 1859 vel
3040 1803 3176 1860 illud
3235 1804 3428 1861 fecerit
3484 1805 3795 1861 occidatur.

506 1893 960 1966 pronuntiabatur
999 1901 1056 1949 et
1106 1894 1502 1966 praedicabatur
1546 1895 1728 1965 passio
1772 1895 2000 1964 Christi,
2031 1896 2088 1951 in
2117 1895 2166 1959 Β
2267 1889 2507 1946 Christus
2550 1909 2644 1947 nos
2696 1892 2911 1948 redemit
2959 1894 3022 1948 de
3074 1894 3355 1950 maledicto
3381 1895 3533 1966 legis.
3581 1895 3667 1952 De
3695 1913 3802 1967 quo

506 1984 700 2056 quibus
725 1985 881 2057 quasi
900 1993 1029 2041 ante
1053 1985 1241 2043 oculos
1268 1987 1510 2056 ipsorum
1539 1995 1658 2043 erat
1690 1986 1942 2044 Christus
1966 2003 2092 2044 cru-

507 2077 719 2134 ciﬁxus.

578 2170 666 2226 Sic
691 2171 839 2226 stulti
863 2172 1007 2238 estis,
1031 2181 1088 2226 ut
1113 2188 1230 2226 cum
1255 2172 1440 2244 spiritu
1466 2172 1739 2243 ceperitis,
1769 2189 1907 2227 nunc
1933 2189 2092 2228 carne

506 2263 957 2318 consummemini.
1012 2262 1072 2319 ld
1097 2272 1181 2318 est
1230 2279 1353 2318 cum
1406 2263 1759 2334 spiritualiter
1788 2265 2092 2334 ccepissetis

505 2355 845 2421 conversari,
870 2354 955 2410 vel
984 2370 1105 2410 cum
1128 2370 1226 2424 per
1255 2353 1521 2426 Spiritum
1550 2364 1800 2412 sanctum
1829 2357 2092 2427 cmpisse-

506 2447 577 2504 tis
618 2446 766 2518 loqui
819 2447 987 2502 variis
1015 2446 1233 2518 linguis,
1274 2463 1419 2502 nunc
1457 2447 1663 2503 carnali
1711 2448 2093 2505 observatione

505 2537 790 2605 deﬁciatis,
846 2546 1232 2609 postponeutes
1287 2538 1465 2592 omnia
1513 2539 1796 2608 spiritalia,
1836 2548 1890 2595 et
1917 2548 2093 2597 trans-

504 2640 694 2686 euntes
714 2632 780 2686 ad
811 2629 1057 2686 carnales
1086 2630 1515 2696 observationes,
1568 2631 1622 2686 id
1651 2641 1737 2686 est
1763 2633 1828 2687 ad
1859 2632 2092 2688 circum-

507 2723 716 2779 sionem
760 2724 942 2778 carnis
988 2733 1044 2778 et
1085 2723 1152 2778 ad
1194 2722 1386 2794 legalia
1426 2722 1716 2778 sacrificia.
1766 2723 1941 2778 Aliter
1988 2742 2001 2777 :
2035 2725 2091 2780 in

504 2815 804 2884 primordio
843 2813 988 2879 ﬁdei,
1017 2829 1205 2869 omnes
1237 2815 1519 2871 credentes
1557 2814 1612 2869 in
1644 2813 1920 2871 Christum
1951 2815 2091 2872 acci-

503 2905 728 2977 piebant
753 2904 1015 2974 Spiritum
1055 2914 1324 2972 sanctum,
1362 2906 1504 2962 sicut
1546 2909 1728 2976 modo,
1767 2917 1823 2963 et
1870 2908 2125 2981 insuper.

504 2998 843 3068 accipiebant
873 2998 1238 3054 diversitatem
1269 2999 1576 3071 linguarum
1605 3015 1702 3073 per
1729 3003 1874 3072 quod
1904 3011 2088 3060 osten-

503 3091 732 3147 debatur
778 3105 873 3148 eos
902 3091 1102 3148 habere
1132 3089 1394 3162 Spiritum
1441 3103 1708 3149 sanctum.
1737 3093 1893 3162 Quod
1941 3095 2090 3152 nullo

501 3181 746 3253 exemplo
783 3181 976 3238 melius
1019 3181 1241 3254 probari
1291 3189 1473 3252 potest
1494 3198 1657 3254 quam
1705 3184 1798 3241 illo
1837 3185 1981 3256 quod
2033 3185 2090 3241 in

2193 1985 2520 2040 maledicto?
2539 1984 2607 2040 de
2628 1985 2720 2041 illo
2745 1987 2889 2056 quod
2913 1985 3116 2042 dictum
3141 1995 3226 2044 est
3245 1988 3314 2044 ad
3327 1989 3543 2044 Adam:
3569 1988 3643 2044 In
3670 2008 3802 2060 qu-

2194 2093 2397 2150 cunque
2430 2077 2514 2130 die
2541 2077 2827 2132 comederis
2849 2094 2913 2132 ex
2934 2095 3018 2146 eo,
3040 2089 3206 2136 morte
3228 2081 3472 2136 morieris
3516 2080 3681 2154 (Gen.
3716 2084 3797 2153 ιι).

2193 2164 2270 2219 Βε
2305 2165 2409 2222 hoc
2437 2166 2746 2235 maledicto,
2778 2167 2833 2223 id
2861 2169 3033 2224 estde
3063 2169 3168 2225 hac
3196 2179 3373 2227 morte
3401 2172 3647 2230 redemit
3681 2190 3799 2239 nos,

2193 2257 2498 2313 revocando
2519 2257 2588 2312 ad
2614 2257 2780 2313 vitam
2810 2272 2825 2313 :
2851 2258 2976 2329 quia
3020 2269 3198 2315 morte
3219 2277 3317 2317 sua
3342 2262 3541 2334 simpla
3575 2263 3798 2335 duplam

2194 2357 2438 2404 nostram
2468 2350 2773 2416 destruxit;
2820 2359 2876 2407 et
2919 2352 3227 2422 quomodo?
3283 2354 3457 2423 factus
3501 2373 3604 2426 pro
3653 2357 3800 2414 nobis

2193 2439 2556 2495 maledictum.
2598 2440 2718 2498 Non
2762 2451 2844 2499 est
2890 2443 3005 2515 ipse
3034 2443 3209 2501 factus
3260 2446 3616 2516 maledictus,
3662 2451 3801 2505 sicut

2192 2531 2384 2589 beatus
2431 2533 2751 2590 Ambrosius
2796 2535 2946 2602 dicit,
2986 2544 3046 2590 ut
3092 2545 3375 2607 peccatum
3411 2537 3674 2606 haberet,
3709 2539 3799 2595 sed

2194 2623 2371 2680 factus
2400 2632 2485 2680 est
2515 2625 2882 2695 maledictum,
2913 2626 2966 2682 id
3011 2635 3098 2682 est
3122 2629 3300 2684 hostia
3343 2644 3443 2699 pro
3484 2629 3801 2686 maledictis

2193 2727 2250 2773 et
2265 2719 2666 2788 peccatoribus,
2682 2733 2782 2790 pro
2802 2719 2956 2775 nobis
2971 2719 3241 2788 videlicet,
3261 2722 3354 2792 qui
3377 2722 3482 2777 sub
3501 2722 3800 2780 maledicto

2191 2809 2353 2880 primi
2377 2810 2616 2865 hominis
2631 2810 2800 2866 etsub
2817 2820 2994 2866 morte
3013 2812 3350 2868 tenebamur.
3372 2811 3494 2880 Vel,
3509 2823 3571 2869 ut
3597 2813 3800 2872 beatus

2191 2902 2525 2974 Augustinus
2551 2904 2717 2960 dicit:
2744 2903 2942 2961 Factus
2967 2915 3050 2961 est
3074 2905 3404 2973 maledictio,
3427 2907 3484 2962 id
3505 2918 3593 2964 est
3623 2908 3800 2966 factus

2193 3005 2278 3054 est
2318 2997 2580 3064 mortalis,
2623 2997 2764 3054 sicut
2807 3005 2861 3052 et
2883 3014 3000 3065 nos,
3049 2998 3175 3055 licet
3215 2999 3336 3056 sine
3361 3010 3594 3070 peccato
3630 3012 3796 3058 esset.

2267 3087 2406 3154 Quia
2434 3089 2687 3160 scriptum
2715 3099 2791 3144 est
2817 3103 2834 3141 .'
2858 3089 3172 3145 Maledictus
3212 3091 3379 3146 omnis
3398 3093 3490 3163 qui
3517 3094 3720 3162 pendet
3749 3095 3800 3149 in

2193 3179 2356 3251 ligno.
2393 3180 2615 3236 Euticus
2658 3181 2762 3237 hoc
2799 3181 2960 3238 modo
3007 3182 3231 3253 exponit
3250 3181 3395 3238 hunc
3421 3184 3798 3242 versiculum:

498 3278 722 3334 Actibus
773 3277 1141 3350 apostolorum
1195 3277 1392 3332 dicitur
1433 3295 1448 3332 :
1491 3278 1636 3348 quod
1688 3294 1812 3334 cum
1866 3279 2092 3337 dixisset
2118 3259 2164 3324 Ο
2196 3272 2511 3330 MalediCluS
2540 3274 2718 3330 omnis
2753 3289 2956 3331 1100805
2995 3276 3089 3345 (ιιιί
3119 3275 3275 3346 culpa
3315 3292 3413 3332 sua
3462 3286 3520 3332 ει
3559 3288 3798 3349 Decum

497 3371 702 3429 Paulus
726 3372 1050 3444 quibusdam
1091 3372 1399 3442 haptizatis,
1430 3372 1523 3442 qui
1547 3372 1805 3444 baptizati
1835 3383 1991 3430 erant
2035 3375 2092 3432 in

497 3463 722 3522 Joannis
732 3463 1127 3534 baptismate,si
1142 3463 1403 3533 Spiritum
1417 3473 1665 3520 sanctum
1682 3466 1967 3537 accepistis
1980 3481 2094 3523 cre-

499 3555 716 3610 dentes?
731 3554 1147 3624 responderunt:
1165 3554 1272 3609 Sed
1287 3569 1461 3625 neque
1474 3555 1518 3610 si
1534 3555 1768 3626 Spiritus
1777 3566 1996 3614 sanctus
2008 3567 2093 3614 est

501 3645 558 3702 in
589 3645 746 3701 nobis
768 3645 1097 3713 audivimus,
1124 3646 1251 3716 quia
1280 3661 1384 3700 non
1408 3663 1698 3718 possumus
1718 3649 1972 3706 omnibus
1991 3649 2092 3705 lin-

499 3737 622 3813 guis
646 3737 811 3808 loqui.
844 3736 913 3792 Et
952 3753 1076 3792 cum
1107 3737 1439 3808 baptizasset
1472 3754 1567 3794 eos
1602 3739 1657 3793 in
1680 3740 1899 3796 nomine
1935 3740 2085 3810 Jesu,

499 3837 786 3900 coeperunt
808 3829 956 3901 loqui
988 3830 1155 3886 variis
1181 3829 1402 3903 linguis,
1426 3841 1482 3886 et
1509 3832 1599 3888 isti
1623 3831 1827 3888 Galatae
1857 3849 1962 3890 non
1999 3850 2090 3892 ac-

500 3931 761 3994 ceperunt
795 3921 1058 3994 Spiritum
1089 3931 1338 3979 sanctum
1380 3933 1438 3979 et
1477 3925 1850 3981 diversitatem
1882 3926 2090 3999 lingua-

498 4032 618 4072 rum
675 4032 739 4072 ει
788 4016 1045 4088 aperibus
1071 4015 1206 4090 legis
1244 4035 1258 4071 :
1310 4018 1406 4074 sed
1467 4019 1593 4090 quia
1636 4019 1984 4076 crediderunt
2031 4021 2090 4078 in

497 4109 794 4174 Christum,
819 4110 1101 4166 audientes
1137 4111 1206 4166 ab
1232 4110 1492 4181 Apostolo
1514 4111 1673 4178 fidem
1710 4112 1921 4167 Domini
1945 4129 2088 4184 pra:-

499 4202 687 4257 dicari.
737 4199 822 4255 Ea:
865 4201 1052 4255 auditu
1079 4201 1204 4269 ﬁdei
1234 4201 1385 4266 dicit,
1417 4203 1542 4271 quia
1570 4203 1722 4258 audit
1747 4203 1910 4260 homo
1957 4203 2088 4274 quid

498 4293 721 4349 credere
765 4293 980 4358 debeat,
1022 4302 1078 4348 et
1105 4293 1470 4363 interrogatur
1491 4296 1558 4351 ad
1583 4296 1787 4352 fontem
1815 4299 2088 4368 quomodo

500 4387 710 4452 credat,
732 4395 788 4441 et
810 4387 891 4442 sic
914 4387 1244 4457 baptizatur.

572 4476 741 4531 Tanta
779 4478 922 4548 passi
972 4477 1096 4532 estis
1150 4479 1263 4534 sine
1317 4481 1521 4534 causa?
1557 4479 1719 4535 Multa
1763 4483 1902 4538 mala
1940 4484 2086 4552 passi

506 4569 722 4624 fuerant
747 4585 776 4624 a
792 4568 993 4626 Judmis
1012 4579 1068 4625 et
1096 4587 1126 4625 a
1148 4573 1585 4642 persecutoribus
1605 4589 1705 4643 pro
1727 4572 1830 4629 ﬁde
1858 4574 2085 4641 Christi,

2195 3381 2294 3422 suo
2315 3367 2515 3437 pendet
2539 3367 2594 3422 in
2619 3366 2796 3438 ligno;
2827 3367 2922 3438 qui
2949 3381 3078 3422 vero
3101 3368 3361 3424 innocens
3383 3377 3488 3436 est,
3513 3370 3560 3425 si
3595 3371 3801 3442 injuste

2193 3472 2491 3528 suspensus
2518 3458 2700 3525 fuerit,
2732 3475 2838 3515 non
2864 3459 2985 3516 ideo
3005 3460 3326 3517 maledictus
3345 3461 3470 3517 erit.
3497 3463 3651 3532 Quid
3673 3479 3801 3538 ergo

2194 3548 2238 3604 si
2271 3548 2644 3606 Mardochaeus
2682 3551 3000 3607 innocenter
3029 3567 3325 3624 suspensus
3349 3564 3500 3609 esset
3537 3554 3596 3609 in
3628 3555 3800 3628 ligno,

2193 3643 2335 3712 quod
2364 3642 2416 3697 ei
2443 3643 2619 3698 Aman
2645 3651 2953 3714 paraverat,
2985 3645 3228 3714 nunquid
3270 3643 3600 3702 maledictus
3656 3659 3801 3705 esset

2192 3734 2350 3790 ideo?
2387 3736 2630 3792 minime.
2659 3735 2738 3790 lta
2765 3735 3038 3803 Christus,
3081 3735 3207 3792 licet
3255 3735 3611 3793 maledictum
3671 3738 3799 3795 illud

2193 3825 2507 3893 sustineret,
2536 3826 2590 3882 id
2617 3835 2701 3882 est
2724 3827 3032 3897 passionem
3061 3836 3115 3883 et
3141 3827 3466 3896 cruciatum,
3491 3836 3548 3884 et
3566 3841 3797 3900 peccata

2191 3928 2379 3976 nostra
2407 3928 2731 3988 assumeret,
2782 3930 2962 3976 tamen
3003 3936 3112 3976 non
3148 3920 3272 3977 ideo
3317 3921 3418 3976 fuit
3465 3921 3797 3980 maledictus

2191 4027 2368 4083 neque
2395 4021 2670 4084 peccator,
2710 4012 2837 4084 quia
2883 4013 2963 4068 sic
3003 4013 3212 4085 accepit
3257 4013 3373 4085 ipse
3420 4025 3662 4085 peccata
3702 4031 3792 4072 no-

2193 4112 2328 4172 stra,
2355 4119 2463 4160 non
2493 4114 2551 4160 ut
2578 4105 2824 4171 haberet,
2848 4105 2942 4161 sed
2975 4113 3034 4160 ut
3063 4105 3286 4162 deleret.
3305 4105 3408 4163 Vel
3431 4107 3601 4164 etiam
3628 4126 3795 4181 quan-

2192 4207 2308 4254 tum
2334 4198 2534 4256 ludaeis
2564 4199 2874 4267 videbatur,
2902 4198 3226 4256 maledictus
3259 4210 3402 4267 erat,
3438 4200 3494 4258 id
3543 4210 3638 4259 est
3678 4217 3796 4275 pec

2192 4297 2362 4344 cator.

2263 4379 2504 4448 Fratres,
2531 4382 2819 4437 secundum
2843 4383 3104 4439 hominem
3134 4383 3276 4451 dico,
3299 4383 3351 4439 id
3375 4392 3461 4440 est
3484 4386 3791 4442 secundum

2190 4473 2484 4528 humanam
2519 4475 2988 4540 consuetudinem,
3043 4483 3097 4530 et
3138 4476 3438 4532 secundum
3487 4477 3790 4533 humanam

2190 4563 2387 4637 legem,
2416 4575 2590 4620 tamen
2610 4565 2836 4622 hominis
2856 4567 3226 4636 conﬁrmatum
3244 4579 3618 4624 testamentum
3643 4587 3790 4626 nemo

499 4677 565 4718 eo
595 4661 738 4730 quod
772 4661 1028 4716 nolebant
1054 4662 1522 4718 circumcisionem
1551 4678 1792 4718 servare.
1829 4663 1888 4719 Si
1915 4673 2088 4720 tamen

2196 4657 2408 4726 spernit.
2452 4656 2860 4712 Testamentum
2915 4659 3112 4714 dicitur
3156 4675 3188 4713 a
3238 4659 3493 4726 testibus,
3548 4677 3786 4733 quorum

497 4757 610 4812 sine
638 4771 821 4810 causa.
857 4755 914 4810 Si
937 4754 1256 4810 aﬁirmativa
1288 4756 1596 4827 coujunctio
1631 4764 1732 4822 est,
1763 4755 1818 4810 id
1835 4765 2088 4813 estcerte

497 4849 616 4904 sine
638 4864 798 4904 causa
812 4849 1082 4921 patimini,
1107 4848 1154 4904 si
1180 4849 1376 4904 iterum
1399 4849 1466 4903 ad
1488 4849 1787 4904 carnalium
1816 4850 2085 4907 desideria

496 4953 552 4998 et
576 4943 1044 5000 circumcisionem
1077 4943 1402 4999 servandam
1428 4944 1784 5000 revertimini.

569 5035 673 5102 Qui
693 5051 814 5106 ergo
848 5035 1031 5089 tribuit
1061 5035 1201 5091 vobis
1230 5035 1495 5105 spiritum,
1529 5037 1788 5093 subaudis
1809 5047 2079 5107 sanctum,

495 5139 544 5184 et
571 5140 818 5200 operatur
837 5129 1049 5184 virtutes
1073 5129 1126 5182 in
1149 5128 1312 5194 vobis,
1342 5128 1596 5186 subaudis
1621 5131 2001 5187 miraculorum
2030 5139 2087 5188 et

494 5223 820 5294 linguarum.
864 5221 950 5276 Ea:
969 5221 1210 5292 operibus
1236 5220 1386 5292 legis,
1417 5222 1674 5279 subaudis
1700 5223 1804 5278 hoc
1833 5221 1982 5289 facit,
2015 5240 2084 5278 an

493 5333 560 5372 ea:
579 5317 767 5372 auditu
795 5315 920 5384 ﬁdei
934 5316 959 5368 ?
992 5314 1252 5370 subaudis
1279 5333 1290 5368 :
1315 5332 1422 5370 non
1444 5326 1664 5387 propter
1687 5318 2085 5372 observantiam

494 5408 628 5478 legis
668 5409 774 5462 hoc
814 5406 1069 5477 praestitit
1111 5405 1284 5471 nobis,
1317 5408 1410 5462 sed
1455 5415 1673 5476 propter
1721 5406 1912 5472 ﬁdem;
1957 5407 2084 5478 quia

493 5514 592 5571 per
620 5500 779 5556 ﬁdem
799 5498 1084 5571 iustiﬁcati
1108 5499 1383 5570 placemus
1420 5499 1550 5554 Deo.

565 5591 742 5661 Igitur
786 5592 877 5662 qui
934 5606 999 5645 ea:
1045 5590 1150 5660 ﬁde
1200 5599 1321 5644 sunt
1370 5589 1736 5644 benedicentur
1779 5605 1898 5644 cum
1936 5588 2083 5659 ﬁdeli

495 5683 784 5749 Abraham,
812 5683 864 5738 id
893 5693 977 5739 est
1030 5684 1122 5755 qui
1170 5683 1332 5738 fidem
1374 5683 1608 5739 Abrahae
1634 5683 1834 5739 habent
1862 5683 2084 5741 benedi-

497 5779 735 5834 ctionem
761 5777 994 5833 Abrahae
1022 5788 1444 5848 consequentur.

570 5870 879 5938 Quicunque
911 5871 1048 5926 enim
1086 5887 1151 5926 ea:
1179 5871 1416 5932 operibus
1443 5869 1570 5943 legis
1607 5883 1747 5942 sunt,
1779 5873 1873 5928 sub
1913 5872 2080 5930 male-

2194 4749 2412 4803 nomina
2437 4749 2511 4805 ibi
2541 4749 2885 4817 scribuntur,
2905 4758 2962 4806 et
2989 4765 3019 4805 a
3047 4751 3242 4822 quibus
3266 4750 3400 4808 illud
3427 4752 3788 4809 conﬁrmatur

2194 4847 2594 4906 testamentum,
2623 4839 2707 4896 vel
2738 4841 2928 4897 charta
2947 4883 2963 4909 ,
2992 4842 3105 4898 sive
3139 4843 3406 4912 scriptum
3435 4844 3584 4913 quod
3632 4855 3788 4916 pater

2191 4930 2323 4986 facit
2353 4931 2419 4987 de
2466 4933 2580 4988 suis
2628 4935 2788 4990 rebus
2850 4933 2978 4990 liliis
3026 4935 3176 5000 suis,
3232 4935 3360 5006 quid
3409 4938 3790 5010 unusquisque

2190 5034 2312 5097 post
2345 5035 2572 5081 mortem
2605 5025 2723 5095 ejus
2749 5027 3026 5098 possideat
3064 5027 3131 5085 de
3175 5028 3494 5085 haereditate
3536 5041 3784 5101 paterna.

2190 5116 2344 5184 Quod
2384 5126 2764 5174 testamentum
2813 5135 2974 5175 nemo
3024 5120 3272 5190 despicit,
3327 5130 3389 5176 ut
3440 5121 3606 5178 aliter
3665 5123 3786 5179 illud

2190 5209 2613 5280 comprehendat
2639 5221 2694 5266 et
2719 5211 2944 5279 dividat,
2968 5228 3145 5284 neque
3185 5214 3348 5270 aliter
3387 5215 3633 5283 ordinat,
3687 5216 3786 5273 nisi

2192 5309 2249 5354 ut
2275 5307 2433 5370 pater
2463 5302 2651 5356 vivens
2686 5303 2980 5358 ordinavit.

2260 5404 2485 5460 Abraha:
2532 5406 2686 5460 dicta:
2730 5416 2851 5462 sunt
2897 5407 3270 5478 promissiones
3313 5417 3362 5464 et
3409 5410 3599 5465 semini
3647 5411 3783 5484 ejus.

2189 5495 2331 5552 Dicit
2361 5497 2622 5568 singulari
2671 5514 2920 5567 numero,
2950 5499 3184 5558 Abrahae
3209 5499 3352 5557 dicta
3385 5509 3471 5557 est
3493 5504 3785 5574 promissio

2187 5600 2244 5646 et
2268 5591 2460 5646 semini
2486 5589 2631 5662 ejus;
2660 5592 2756 5648 sed
2779 5594 2906 5664 quia
2930 5593 3112 5650 multa:
3146 5594 3537 5668 promissiones
3561 5597 3631 5651 ad
3662 5611 3781 5652 eum

2185 5679 2344 5736 facta:
2383 5690 2529 5748 sunt,
2563 5692 2672 5736 tam
2714 5684 2780 5739 de
2827 5693 2970 5740 terra
3011 5685 3390 5756 promissionis
3423 5702 3590 5756 quam
3616 5689 3781 5742 etiam

2187 5774 2256 5830 de
2274 5774 2503 5832 Domino
2517 5775 2642 5832 Jesu
2666 5776 2905 5844 Christo,
2929 5778 3050 5834 ideo
3073 5778 3209 5834 dixit
3229 5779 3510 5850 pluraliter
3527 5795 3542 5833 :
3558 5782 3780 5835 Artatur

2186 5870 2340 5926 dicta:
2378 5880 2498 5925 sunt
2541 5871 2910 5941 promissiones
2937 5883 2983 5928 et
3015 5873 3200 5930 semini
3237 5872 3373 5946 ejus.
3406 5871 3702 5930 Videamus
3728 5882 3781 5933 et
