3996 6458
489 419 594 480 685

949 418 1304 478 HAYMONIS
1341 416 1821 475 HALBERSTAT.
1863 416 2070 472 EPISC.

2177 413 2274 468 re.
2310 412 2571 470 rans-1.
2605 399 2684 456 ’ἑο
2717 410 3078 471 οοωιΕΝτ.
3113 407 3291 470 ΒιΒις

3674 409 3786 472 681

489 540 572 600 vel
592 541 884 597 hereditas
907 539 1071 594 totius
1092 537 1297 603 mundi,
1316 552 1477 608 quam
1504 534 1740 606 possedit
1763 534 1816 588 in
1838 533 2074 597 Christo,
2104 536 2155 595 Α
2180 528 2433 585 ofﬁcium.
2461 529 2616 584 Licet
2641 529 2786 584 enim
2817 529 2932 599 ipse
2960 529 3116 584 nobis
3146 529 3414 584 mediator
3442 533 3515 585 sit
3546 545 3648 601 per
3677 532 3791 585 hue

489 634 582 704 qui
610 633 676 688 de
701 633 906 687 semine
935 630 1050 699 ejus
1093 636 1250 684 natus
1277 640 1380 694 est,
1422 627 1534 697 jam
1564 643 1674 682 non
1698 634 1843 682 esset
1883 638 2072 694 repro-

490 725 678 779 missio
707 724 794 778 illa
823 724 988 788 datio,
1019 723 1112 777 sed
1142 722 1246 776 lex.
1281 721 1662 780 Hmreditatem
1697 720 1859 774 totius
1888 716 2079 772 mundi.

488 816 760 870 Abraham
783 815 837 868 in
865 814 1080 869 Christo
1102 814 1368 884 possidet;
1392 813 1616 866 Abrahae
1641 821 1815 864 niuem
1841 825 1946 864 non
1976 823 2083 879 per

489 905 656 976 legem
701 905 910 959 detinuit
955 905 1092 958 Deus
1137 904 1506 959 hmreditatem
1541 903 1702 958 totius
1735 901 1952 966 mundi,
1982 899 2080 954 sed.

486 1011 576 1065 per
608 997 1060 1067 repromissionem
1087 997 1270 1050 datum
1291 1003 1371 1051 est
1401 1010 1607 1060 semen,
1636 993 1781 1064 quod
1805 1001 1887 1047 est
1913 991 2070 1048 Chri-

487 1095 620 1151 stus,
649 1087 701 1140 in
734 1103 842 1157 quo
865 1089 1258 1143 benedicuntur
1283 1103 1470 1143 omnes
1503 1096 1710 1159 gentes.

559 1181 698 1246 Quid
721 1182 882 1251 igitur
902 1181 986 1236 lex
1003 1183 1025 1228 9
1047 1181 1245 1237 Beatus
1265 1181 1618 1252 Augustinus,
1641 1195 1916 1250 exponens
1935 1183 2076 1234 hanc

485 1270 768 1340 epistolam
813 1271 878 1325 ad
927 1270 1145 1326 Galatas
1198 1273 1432 1342 primunt
1481 1272 1552 1325 ita
1605 1271 1849 1326 distinxit
1888 1287 1901 1323 :
1935 1269 2075 1337 Quid

489 1361 687 1431 igitur?
731 1362 824 1416 sed
861 1371 1046 1431 postea
1081 1361 1324 1431 relegens
1353 1377 1416 1416 ea
1454 1377 1574 1431 qua:
1601 1361 1920 1426 dictaverat,
1950 1377 2075 1416 cor-

487 1455 630 1509 rexit
655 1470 812 1509 suum
843 1471 1086 1509 errorem
1131 1455 1183 1508 in
1220 1455 1358 1508 libro
1389 1454 1853 1508 Retraclationum
1873 1493 1888 1518 ,
1915 1461 2076 1523 atque

491 1549 562 1602 ita
587 1548 840 1619 distingui
866 1549 1120 1618 praecepit
1147 1567 1158 1601 :
1185 1548 1324 1614 Quid
1352 1548 1516 1618 igitur
1542 1547 1645 1612 lex,
1671 1547 1725 1601 id
1753 1555 1834 1601 est
1864 1553 1922 1599 ut
1948 1545 2074 1614 quid

486 1643 635 1696 venit
677 1641 798 1695 lex?
827 1651 917 1694 aut
949 1641 1074 1710 quid
1109 1640 1347 1711 profuit?
1387 1640 1469 1694 vel
1509 1655 1679 1710 quare
1710 1640 1832 1693 data
1880 1648 1964 1693 est
1985 1677 1999 1702 ,
2030 1638 2076 1693 si

487 1731 719 1786 Abrahae
743 1731 1028 1786 haereditas
1066 1747 1164 1801 per
1205 1731 1679 1802 repromissionem
1705 1730 1829 1784 data
1854 1731 1970 1786 est?
1995 1730 2078 1785 Ad

487 1822 604 1876 hac
633 1821 733 1876 sibi
759 1823 1033 1892 respondit
1065 1824 1177 1894 ipse
1205 1823 1513 1893 Apostolus,
1542 1822 1792 1892 inquiens
1817 1841 1829 1876 :
1856 1821 2079 1892 Propter

2177 623 2514 686 manitalem,
2547 630 2726 676 tamen
2755 637 2860 677 non
2892 630 2976 676 est
3013 622 3276 691 abruptus
3306 637 3337 676 a
3365 631 3562 676 natura
3594 634 3792 693 pater-

2178 715 2366 770 nitatis
2397 715 2611 770 divinae.
2648 714 2755 770 Sed
2791 715 2908 785 ipse
2941 716 3034 786 qui
3055 725 3140 771 est
3169 731 3330 771 verus
3359 718 3502 772 Deus
3532 727 3590 772 et
3619 733 3793 776 verus

2177 807 2340 864 homo
2385 808 2440 862 in
2487 821 2594 862 una
2647 815 2839 861 natura
2883 822 3129 876 semper,
3178 809 3518 876 ipse'manet
3555 809 3792 878 aequalis

2178 897 2325 953 Patri
2351 899 2405 954 in
2432 908 2626 953 natura
2660 907 2714 952 et
2740 906 3010 969 potestate
3031 898 3349 954 divinitatis.

2248 989 2359 1044 Lex
2387 1005 2508 1060 ergo
2557 990 2808 1043 adversus
2849 991 3106 1060 promissa
3137 990 3265 1056 Dei,
3315 990 3368 1045 id
3409 1001 3493 1046 est
3536 992 3792 1062 nunquid

2179 1095 2308 1150 ergo
2336 1079 2418 1134 lex
2445 1081 2716 1135 contraria
2745 1089 2829 1134 est
2855 1080 3201 1150 promissioni
3233 1081 3635 1150 omnipotentis
3666 1083 3789 1148 Dei,

2179 1190 2298 1244 quae
2321 1173 2462 1229 facta
2484 1181 2568 1229 est
2593 1174 2658 1228 ad
2679 1172 2954 1228 Abraham
2975 1174 3042 1228 de
3064 1171 3304 1239 Christo,
3326 1173 3471 1242 quod
3493 1176 3548 1229 in
3577 1175 3794 1230 semine

2179 1265 2294 1336 ejus
2334 1265 2715 1321 benedicendo:
2743 1273 2926 1321 essent
2967 1280 3158 1320 omnes
3183 1267 3410 1336 gentes?
3447 1267 3622 1321 Absit.
3667 1267 3792 1324 Non

2181 1356 2276 1412 ﬁat
2321 1358 2464 1412 istud
2503 1366 2562 1410 ut
2605 1356 2800 1426 aliquis
2835 1357 3024 1412 credat
3059 1357 3234 1428 legem
3279 1360 3618 1413 contrariam
3663 1367 3798 1416 ease

2179 1449 2306 1504 huic
2351 1449 2696 1519 promissioni
2746 1457 2806 1504 ut
2846 1448 2994 1503 illam
3037 1448 3442 1505 evacuaret-aSi
3474 1452 3620 1504 enim
3656 1452 3797 1505 dum

2179 1552 2310 1596 esset
2362 1541 2446 1596 les
2496 1557 2613 1611 quae
2657 1550 2826 1610 posset
2868 1540 3168 1609 uiriﬁcare,
3223 1541 3282 1595 id
3323 1549 3408 1596 est
3453 1543 3783 1613 iustiﬁcam.

2180 1634 2372 1688 Anima
2417 1632 2655 1703 quandiu
2711 1647 2818 1686 non
2863 1641 3084 1702 peccat,
3134 1632 3268 1687 vivit
3297 1633 3458 1688 Deo:
3499 1649 3630 1688 cum
3656 1651 3790 1690 vero

2181 1723 2499 1781 criminibus
2537 1739 2596 1780 se
2642 1723 2912 1794 implicat,
2942 1724 3193 1779 moritur.
3244 1724 3355 1780 Lex
3401 1726 3495 1780 illa
3544 1726 3784 1784 Mosaica

2182 1833 2288 1872 non
2325 1824 2536 1887 poterat
2569 1815 2843 1871 hominem
2873 1814 2942 1870 ab
2966 1816 3069 1871 hac
3114 1823 3290 1870 morte
3317 1816 3627 1882 suscitare,
3660 1819 3786 1888 quia

487 1912 920 1982 transgressiones
957 1913 1129 1982 posita
1159 1923 1234 1967 est
1278 1913 1620 1984 quoadusque
1660 1913 1856 1967 veniret
1877 1929 2075 1979 semen,
2104 1916 2156 1976 Β
2179 1908 2502 1964 ostendebat
2524 1915 2745 1978 peccata
2764 1947 2780 1972 ,
2811 1922 2918 1961 non
2952 1914 3134 1962 tamen
3165 1907 3406 1962 tollebat.
3441 1907 3790 1979 [inpossibile

486 2000 539 2053 id
569 2009 652 2056 est
679 2001 955 2069 Christus,
987 2003 1071 2056 cui
1097 2003 1318 2058 Christo
1335 2044 1355 2069 ,.
1372 2003 1458 2059 vel
1483 2003 1675 2059 semini
1695 2043 1709 2068 ,
1745 2005 2073 2072 promiserat,

486 2093 745 2148 subaudis
789 2094 932 2163 quod
981 2094 1035 2149 in
1079 2095 1198 2164 ipso
1239 2096 1620 2152 benedicendaa
1663 2105 1848 2151 essent
1887 2109 2078 2151 omnes

485 2196 696 2256 gentes.
726 2186 1069 2260 Transgredi,
1092 2198 1175 2244 est
1201 2189 1340 2244 ultra
1368 2189 1448 2245 ire
1471 2201 1528 2244 et
1549 2189 1924 2261 praevaricari;
1955 2189 2078 2244 ideo

485 2295 615 2351 ergo
650 2280 772 2334 data
801 2289 886 2335 est
910 2280 991 2335 lex
1037 2292 1159 2350 post
1200 2281 1670 2351 repromissionem
1690 2321 1705 2346 ,
1733 2290 1791 2336 ut
1825 2281 2076 2338 homines

485 2383 856 2442 compesceret
903 2381 960 2426 et
1005 2371 1320 2444 prohiberet
1371 2389 1402 2427 a
1450 2373 1720 2444 peccatis,
1775 2374 1870 2444 qui
1917 2376 2076 2444 proni

482 2476 638 2521 erant
677 2468 744 2522 ad
774 2468 1217 2539 transgrediendo
1253 2477 1518 2540 praecepta
1549 2469 1939 2539 omnipotentis
1979 2469 2073 2524 Dei

480 2568 537 2612 et
564 2559 865 2613 naturalem
893 2559 1084 2630 legem.
1113 2558 1308 2614 Statim
1335 2560 1481 2614 enim
1509 2567 1566 2614 ut
1593 2573 1844 2630 egressus
1867 2568 1950 2614 est
1979 2574 2075 2629 po-

481 2650 639 2720 pulus
671 2651 739 2707 de
767 2650 1041 2721 ergastulo
1068 2649 1470 2722 Egyptiorum,
1495 2658 1787 2719 antequam
1815 2651 2074 2706 transiret

482 2757 655 2807 mare,
693 2742 1072 2808 murmuravit,
1103 2759 1429 2814 rursumque
1475 2744 1704 2799 transito
1746 2743 1888 2798 mari
1927 2759 2074 2798 mur-

479 2837 750 2902 muravit;
782 2845 947 2906 atque
977 2837 1104 2891 dum
1135 2838 1513 2908 pervenissent
1538 2837 1606 2893 ad
1634 2846 1870 2892 montem
1915 2836 2069 2904 Sina,

479 2938 766 2999 postquam
809 2937 1137 2996 acceperunt
1167 2928 1352 2984 decem
1390 2937 1686 2998 praecepta,
1715 2937 1877 2998 caput
1918 2928 2072 2983 bovis

479 3034 640 3090 quem
667 3018 965 3074 adorabant
993 3017 1232 3090 IEgyptii
1257 3019 1558 3084 coluerunt,
1588 3028 1644 3073 et
1674 3018 1914 3073 inclinati
1944 3027 2072 3074 sunt

478 3121 606 3167 ante
623 3111 770 3167 illud.
795 3110 902 3166 Pro
923 3112 1122 3168 talibus
1137 3127 1266 3182 ergo
1286 3121 1343 3168 et
1363 3113 1665 3184 hujusmodi
1689 3112 2070 3184 transgressio-

477 3207 641 3264 nibus
666 3207 790 3262 data
817 3214 900 3262 est
925 3205 1032 3272 lex,
1062 3214 1122 3261 ut
1149 3209 1464 3277 prohiberet
1496 3207 1653 3271 talia,
1687 3206 1800 3262 Deo
1829 3207 2071 3262 minante

2179 1999 2400 2069 quidem
2447 2008 2567 2053 erat
2627 1999 2887 2070 sanguine
2943 1998 3218 2054 hircorum
3274 1999 3479 2054 auferri
3535 2012 3782 2071 peccata.

2179 2092 2334 2160 Quod
2371 2093 2415 2148 si
2451 2101 2635 2163 posset
2661 2091 2936 2147 viviticare
2966 2091 3240 2146 hominem
3265 2101 3322 2147 et
3339 2093 3545 2162 januas
3571 2095 3788 2163 aperire

2178 2185 2361 2256 regni,
2393 2201 2508 2240 vere
2551 2201 2615 2239 ea:
2657 2183 2767 2254 lege
2795 2194 2927 2238 esset
2951 2185 3200 2256 justitia,
3247 2184 3353 2241 hoc
3382 2195 3469 2241 est
3495 2195 3784 2257 putaretur

2177 2294 2298 2335 esse
2325 2278 2544 2334 exclusa
2573 2276 2882 2348 promissio.
2905 2276 2963 2332 Si
2992 2279 3137 2333 enim
3170 2278 3254 2333 lex
3280 2288 3466 2350 posset
3494 2296 3598 2336 nos
3626 2298 3780 2338 mun-

2178 2370 2310 2426 dare
2344 2381 2400 2426 et
2420 2369 2752 2438 justiticare,
2781 2370 2911 2440 quid
2945 2379 3090 2426 esset
3116 2387 3342 2427 necesse
3367 2372 3661 2428 Christqu
3692 2391 3779 2431 re-

2178 2464 2330 2518 nire?
2378 2463 2488 2519 Sed
2530 2465 2657 2534 quia
2689 2463 2780 2518 illa
2809 2464 2911 2519 hoc
2953 2479 3058 2519 non
3106 2466 3307 2533 valuit,
3340 2466 3466 2522 ideo
3513 2469 3780 2526 adventus

2176 2557 2380 2614 Christi
2405 2557 2561 2612 nobis
2586 2558 2928 2613 necessarius
2953 2557 3072 2613 fuit.

2248 2648 2352 2705 Sed
2394 2648 2650 2704 conclusit
2679 2649 2956 2722 Scriptura
3003 2650 3134 2723 legis
3163 2654 3340 2708 omnia
3371 2669 3579 2726 genera
3613 2657 3781 2713 heroic

2175 2755 2304 2797 num
2335 2751 2390 2797 et
2431 2757 2620 2797 omnes
2661 2741 2876 2798 Iudaeos
2925 2744 3021 2798 sub
3064 2755 3274 2814 peccato
3295 2787 3309 2811 ,
3341 2747 3396 2801 id
3430 2759 3520 2804 est
3545 2751 3779 2807 ostendit

2175 2833 2318 2903 quod
2347 2832 2526 2889 nullus
2567 2842 2714 2888 esset
2742 2835 2835 2904 qui
2865 2834 3012 2889 illam
3039 2847 3222 2907 posset
3265 2837 3519 2909 implere.
3557 2841 3778 2899 Dicebat

2173 2925 2318 2980 enim
2364 2924 2452 2979 lex
2485 2942 2499 2978 :
2529 2923 2656 2978 Non
2683 2925 2911 2992 occides,
2945 2941 3051 2982 non
3077 2928 3431 2998 adulterabis,
3471 2950 3583 2989 non
3619 2935 3784 2992 facies-

2175 3018 2278 3073 hoc
2298 3016 2381 3072 vel
2411 3015 2539 3071 illud
2572 3032 2585 3070 :
2617 3017 2745 3088 quia
2776 3020 2820 3073 si
2845 3017 3063 3086 feceris,
3086 3029 3260 3076 morte
3280 3023 3480 3079 animae
3505 3027 3774 3084 moriens.

2173 3109 2506 3164 Prmdicebat
2528 3107 2630 3163 ista
2658 3111 2898 3165 cavenda
2921 3127 2934 3163 :
2959 3111 3053 3166 sed
3076 3113 3121 3167 si
3146 3115 3653 3185 commtuerentur,
3676 3137 3775 3177 non

2176 3201 2430 3269 tollebat;
2459 3212 2513 3258 et
2547 3205 2674 3259 dum
2707 3205 2907 3275 aliquis
2931 3207 3020 3262 illa
3051 3213 3424 3279 perpetrabat,
3451 3218 3777 3274 ostendebat

477 3308 708 3357 mortem
740 3298 864 3353 illis.
896 3296 1157 3352 Ordinata
1184 3314 1276 3367 per
1300 3297 1530 3368 angelos,
1555 3299 1658 3354 hoc
1682 3306 1766 3353 est
1785 3297 2070 3368 disposita,
2101 3291 2146 3354 C
2178 3293 2326 3348 illum
2372 3294 2459 3350 lex
2501 3308 2620 3351 esse
2647 3305 3008 3366 peccatorem.
3040 3299 3099 3355 Si
3127 3317 3258 3374 ergo
3287 3307 3616 3363 ostendebat
3657 3325 3776 3379 pec-

477 3401 535 3448 et
557 3391 851 3460 descripta,
882 3398 1042 3459 atque
1069 3388 1272 3444 dictata
1298 3399 1382 3444 est
1423 3391 1542 3459 ipsa
1562 3391 1646 3445 lex
1673 3406 1772 3461 per
1795 3391 2068 3461 angelo).

479 3483 583 3538 Per
612 3481 906 3549 subjectam
942 3481 1206 3550 siquidem
1245 3491 1554 3537 creaturam
1581 3483 1902 3554 loquebatur
1928 3486 2071 3538 Deus

480 3575 548 3629 ad
595 3573 836 3643 Moysen,
870 3573 974 3626 hoc
1018 3581 1104 3626 est
1136 3586 1232 3641 per
1273 3572 1554 3641 angelum,
1597 3575 1738 3630 sicut
1763 3574 2076 3646 Stephanus-

481 3665 536 3720 in
572 3665 798 3718 Actibus
825 3662 1192 3732 apostolorum
1215 3663 1345 3718 dicit
1365 3662 1600 3720 Judazis:
1628 3665 1731 3720 Hic
1752 3676 1826 3720 est
1861 3665 2072 3737 Moyses

480 3760 569 3829 qui
596 3758 696 3827 fuit
729 3759 783 3812 in
803 3754 1054 3812 Ecclesia:
1075 3755 1360 3811 solitudine
1381 3774 1498 3811 cum
1523 3757 1722 3830 angelo,
1751 3760 1840 3830 qui
1864 3759 2070 3814 locutus

481 3863 558 3908 est
586 3853 633 3907 ei
652 3853 706 3906 in
720 3850 890 3905 monle
914 3849 1067 3906 Sinni
1085 3848 1348 3921 (Act.vn).
1380 3848 1446 3903 In
1470 3867 1629 3904 manu
1662 3849 1987 3916 Medialoris,
2017 3852 2074 3908 id

480 3953 562 4000 est
588 3943 641 3997 in
657 3949 922 4013 potestate
953 3938 1116 3996 Verbi
1135 3941 1248 4004 Dei,
1281 3941 1385 3996 hoe
1405 3939 1754 4005 estFiliiDei,
1771 3943 1864 4012 qui
1883 3954 2068 4014 postea

481 4033 804 4090 assumenda
841 4048 1082 4097 carnem,
1117 4034 1274 4088 nobis
1312 4033 1580 4088 mediator
1606 4032 1783 4090 factus
1815 4044 1921 4091 est.
1955 4035 2070 4092 Nisi

478 4125 626 4180 enim
657 4123 930 4178 hominem
957 4131 1282 4188 assumeret,
1313 4124 1578 4180 mediator
1596 4126 1752 4182 nobis
1773 4127 1880 4182 alio
1908 4129 2070 4184 modo

478 4229 600 4270 esse
632 4231 738 4269 non
763 4223 966 4285 posset.
999 4214 1106 4269 Sed
1134 4216 1460 4270 assumenda
1487 4230 1707 4272 carnem
1734 4227 1934 4275 nostra:
1960 4219 2070 4274 l‘ra-

477 4307 704 4379 gilitatis
727 4347 742 4372 ,
791 4306 946 4362 nobis
977 4305 1151 4362 factus
1178 4317 1261 4362 est
1300 4307 1587 4375 mediator,
1619 4310 1879 4368 assistens
1924 4328 2068 4368 nunc

479 4400 650 4454 vultui
685 4399 778 4453 Dei
817 4415 916 4470 pro
955 4400 1144 4465 nobis,
1178 4409 1234 4455 et
1274 4415 1372 4470 per
1414 4401 1565 4456 illum
1613 4411 1828 4460 nostras
1879 4422 2068 4476 preces

481 4492 765 4561 dirigimus
786 4491 852 4545 ad
868 4491 1034 4546 Deum
1058 4489 1300 4548 Patrem.
1330 4493 1559 4560 Quidam
1583 4495 1872 4551 voluerunt
1899 4497 2070 4552 inter-

479 4585 683 4657 pretari
727 4585 781 4638 in
827 4585 930 4638 hoc
977 4583 1096 4639 loco
1138 4586 1494 4642 mediatorem
1547 4585 1797 4658 Moysen,
1847 4597 2067 4658 propter

479 4679 586 4733 hoc
610 4677 750 4746 quod
784 4676 898 4746 ipse
927 4676 1064 4731 dixit
1101 4694 1114 4729 :
1153 4676 1264 4746 Ego
1293 4686 1575 4748 sequester
1605 4688 1660 4732 et
1687 4677 1951 4734 mediator
1991 4682 2066 4736 l'ui

479 4768 622 4823 inter
665 4767 832 4822 Deum
864 4775 921 4822 et
949 4782 1043 4822 vos
1086 4767 1138 4821 in
1183 4776 1426 4839 tempore
1461 4769 1570 4824 illo.
1604 4768 1709 4824 Sed
1748 4769 1938 4826 melius
1961 4781 2065 4837 est,

477 4859 770 4917 secundum
817 4860 1036 4914 beatum
1083 4858 1477 4930 Augustinum,
1517 4871 1577 4914 ut
1614 4862 1773 4917 modo
1801 4865 2067 4935 superiori

475 4954 862 5023 intelligamus,
908 4951 1211 5008 referentes
1249 4955 1319 5007 ad
1367 4953 1516 5008 illum
1563 4953 1862 5023 Christum,
1913 4959 2064 5029 cujus

474 5047 826 5118 dispositione
859 5045 975 5115 ipsa
999 5043 1084 5097 lex
1107 5044 1231 5098 data
1252 5053 1334 5100 est
1357 5060 1455 5115 per
1483 5046 1794 5118 angelorum
1825 5051 2068 5108 ministe-

392 5127 413 5213 ί
475 5141 634 5195 rium.
686 5140 835 5195 Sicut
880 5145 1149 5210 potestate
1201 5137 1317 5206 ejus
1363 5141 1618 5212 pricdicta
1668 5152 1794 5199 sunt
1839 5145 2061 5200 oracula

470 5233 895 5303 prophetarum,
945 5231 1040 5301 qui
1085 5231 1336 5288 dicebant
1381 5235 1602 5290 verbum
1656 5235 1870 5292 Domini
1917 5238 2060 5309 quod

471 5324 677 5381 factum
701 5337 784 5381 est
813 5324 880 5380 ad
909 5322 1056 5389 Joel,
1088 5332 1182 5378 aut
1211 5324 1404 5380 Isaiam
1429 5343 1440 5379 :
1467 5326 1542 5381 ita
1569 5325 1686 5394 ejus
1710 5328 2062 5397 dispositione

470 5419 775 5488 conscripta
810 5425 897 5473 est
929 5416 1035 5472 lex.

425 5542 448 5587 ε
546 5508 809 5565 Mediator
835 5520 1011 5566 autem
1038 5510 1220 5575 Ms,
1245 5510 1505 5566 subaudis
1534 5509 1732 5576 Patris,
1765 5527 1868 5566 non
1884 5521 2063 5583 potest

467 5617 621 5668 esse,
665 5603 759 5657 sed
804 5603 948 5657 inter
995 5604 1159 5668 duas,
1195 5609 1289 5657 aut
1337 5603 1479 5658 inter
1517 5603 1726 5674 plures,
1760 5613 1819 5660 ut
1849 5606 1964 5677 ipse
1993 5609 2064 5664 sit

470 5694 680 5747 medius
709 5711 722 5746 :
753 5693 894 5748 Deus
921 5705 1093 5749 autem
1123 5711 1258 5750 unus
1286 5707 1378 5750 est.
1404 5693 1518 5750 Hoc
1542 5695 1664 5750 ideo
1689 5697 1893 5753 addidit
1916 5699 2060 5770 Apo-

471 5783 662 5848 stolus,
691 5799 758 5839 ne
802 5787 922 5856 qnis
959 5795 1174 5858 putaret
1203 5785 1480 5844 Christum
1513 5787 1581 5844 ab
1611 5788 1818 5844 unitate
1863 5791 2059 5850 divinae

467 5887 677 5931 natura:
697 5878 908 5950 penitus
928 5895 1048 5938 esse
1069 5881 1320 5949 divisum,
1343 5881 1467 5952 quia
1489 5882 1799 5943 mediatoris
1817 5888 2058 5959 suscepit

2172 3393 2292 3441 cata
2330 3395 2385 3440 et
2429 3401 2534 3442 non
2584 3388 2834 3456 tollebat,
2868 3394 3108 3463 nunquid
3151 3405 3269 3452 erat
3311 3407 3510 3455 auctor
3558 3404 3774 3461 sceleris

2171 3483 2227 3530 et
2267 3476 2435 3547 cuipze
2481 3480 2861 3548 peccantium?
2909 3484 3150 3541 minime.
3196 3487 3357 3544 Verbi
3408 3495 3594 3562 gratia
3639 3513 3656 3549 :
3701 3498 3774 3552 sic

2171 3580 2291 3626 erat
2326 3572 2440 3643 ipsa
2471 3572 2558 3628 lex
2600 3575 2748 3630 sicut
2774 3577 2994 3646 quidam
3036 3595 3152 3646 rex,
3186 3583 3268 3639 vel
3311 3586 3576 3655 quaelibet
3604 3592 3772 3663 maje-

2172 3673 2285 3720 stas
2315 3672 2550 3730 terrena,
2584 3683 2710 3736 quae
2744 3670 2936 3724 statuit
2984 3677 3046 3726 et
3075 3676 3324 3745 proponit
3363 3677 3545 3750 legem
3578 3692 3635 3736 et
3661 3683 3772 3739 edi-

2172 3765 2341 3822 ctum,
2367 3768 2426 3813 ut
2450 3758 2494 3813 si
2525 3759 2645 3830 quis
2664 3761 2766 3814 hoc
2790 3761 2878 3815 vel
2901 3761 3031 3819 illud
3051 3763 3256 3832 fecerit,
3291 3780 3385 3823 aut
3412 3771 3464 3824 in
3491 3788 3771 3831 carcerem

2172 3848 2351 3916 detur,
2381 3859 2474 3904 aut
2521 3852 2698 3921 capite
2746 3860 3049 3909 truncetur.
3100 3856 3530 3931 Transgreditur
3580 3867 3771 3937 aliquis

2171 3945 2404 4000 edictum
2435 3947 2566 4003 illud
2609 3955 2663 4002 et
2702 3949 2921 4019 ponitur
2950 3951 3003 4005 in
3043 3966 3350 4019 carcerem,
3394 3961 3646 4030 nunquid
3681 3978 3766 4015 rex

2155 4047 2360 4093 auctor
2386 4047 2471 4094 est
2495 4055 2606 4095 sua:
2625 4041 2832 4112 culpze?
2862 4044 3006 4112 quod
3034 4045 3080 4100 si
3120 4045 3243 4100 inde
3269 4047 3560 4114 liberatur,
3596 4055 3767 4123 gratia

2171 4141 2224 4186 et
2259 4133 2435 4202 pietas
2475 4143 2561 4189 est
2607 4135 2769 4205 regis.
2824 4136 2891 4191 Et
2940 4137 3025 4194 lex
3083 4141 3403 4197 ostendebat
3450 4157 3679 4215 peccata
3718 4157 3768 4202 et

2168 4225 2508 4295 prohibebat,
2541 4242 2647 4283 non
2679 4236 2858 4284 tamen
2892 4229 3138 4298 tollebat;
3170 4241 3226 4286 ut
3254 4236 3536 4304 promissio
3568 4255 3634 4292 ex
3666 4238 3769 4309 ﬁde

2168 4315 2296 4371 Iesu
2328 4318 2555 4385 Christi,
2606 4335 2725 4391 qum
2772 4319 2912 4376 facta
2961 4335 3047 4378 est
3091 4324 3158 4379 ad
3198 4325 3513 4394 Abraham,
3550 4330 3770 4384 daretur

2169 4408 2518 4476 credentibus,
2542 4411 2676 4465 utin
2709 4414 2927 4469 nomine
2956 4413 3072 4484 ejus
3092 4417 3551 4476 benediccrcntur
3577 4438 3767 4479 omnes

2169 4510 2394 4572 gentes,
2446 4512 2503 4558 et
2545 4503 2597 4558 in
2647 4503 2750 4559 ﬁde
2800 4507 2967 4578 ipsius
3007 4509 3465 4581 justilicarentur,
3513 4528 3764 4588 essetque

2170 4599 2344 4666 gratia
2374 4607 2430 4653 et
2459 4599 2787 4671 indulgentia
2818 4601 2992 4669 illius,
3041 4613 3096 4658 ut
3131 4617 3267 4676 quos
3295 4607 3382 4662 lex
3415 4625 3524 4664 non
3550 4621 3765 4682 poterat

2170 4686 2396 4752 salvam,
2432 4689 2546 4759 ipse
2574 4690 2890 4759 redimeret,
2934 4701 2989 4747 et
3029 4695 3118 4764 qui
3147 4710 3242 4765 per
3280 4695 3416 4769 legis
3458 4715 3622 4770 opera
3656 4720 3761 4758 non

2170 4795 2388 4835 eramus
2424 4780 2570 4851 digni
2601 4782 2832 4852 salvari,
2854 4782 3300 4854 justifieationem
3326 4806 3425 4847 uer
3455 4791 3572 4862 ejus
3598 4793 3763 4852 ﬁdem

2168 4874 2556 4943 obtineremus,
2593 4883 2697 4933 etc.

2777 5031 3004 5090 CAPUT
3046 5035 3136 5090 IV.

2239 5147 2448 5216 Quanto
2496 5160 2723 5222 tempore
2772 5154 2939 5210 luet-es
2987 5159 3236 5226 parvulus
3285 5169 3380 5217 est.
3443 5161 3757 5222 Secundum

2165 5244 2606 5299 consuetudinem
2631 5247 2881 5302 humanm
2912 5249 3043 5321 legis
3072 5252 3311 5323 loquitur
3331 5256 3420 5312 hic
3443 5259 3754 5328 Apostolus.

2166 5336 2352 5391 Solent
2382 5339 2525 5393 enim
2551 5349 2738 5409 patres
2760 5343 3005 5398 morituri
3032 5345 3170 5401 filios
3193 5364 3324 5405 suos
3345 5352 3601 5421 parvulos
3620 5373 3756 5426 quos

2164 5428 2406 5486 haeredes
2468 5429 2778 5502 relinquunt
2829 5437 3170 5494 conmittere
3222 5440 3323 5496 sub
3383 5445 3650 5501 tutoribus
3703 5458 3754 5503 et

2164 5521 2457 5588 actoribus,
2488 5538 2658 5595 usque
2684 5526 2751 5580 ad
2774 5526 2900 5582 illud
2931 5536 3142 5603 tempus
3166 5548 3272 5603 quo
3302 5535 3403 5608 ipsi
3430 5539 3638 5607 possint
3667 5555 3753 5596 res

2165 5613 2409 5682 proprias
2426 5630 2634 5686 regere,
2659 5617 2762 5673 hoc
2789 5626 2888 5682 est,
2925 5623 3218 5678 secundum
3237 5621 3407 5696 legem
3429 5623 3750 5696 Romanam,

2162 5720 2336 5776 usque
2383 5708 2450 5763 ad
2497 5709 2819 5766 vicesimum
2856 5715 3103 5784 quintum
3155 5732 3376 5773 annum.
3428 5720 3529 5790 lpsi
3584 5723 3749 5778 etiam

2165 5807 2370 5857 tutores
2415 5819 2538 5859 cum
2587 5804 2814 5861 consilio
2861 5809 3204 5866 seabinorum
3246 5811 3300 5866 in
3335 5813 3573 5884 generali
3606 5816 3748 5871 male

2163 5893 2361 5951 debent
2389 5895 2534 5968 eligi.
2567 5897 2815 5966 Quandiu
2853 5910 3032 5959 autem
3069 5903 3169 5961 sub
3213 5891 3427 5962 illorum
3471 5907 3635 5964 uncta
3662 5917 3748 5965 est
