3996 6450
855 384 1219 477 sxuosrrto
1254 421 1327 477 1N
1359 418 1515 478 EPP.
1550 416 1607 479 s
1648 419 1879 479 rsum.
1905 455 1976 466 —
2012 424 2081 482 1N
2117 429 2335 491 EPIST.
2375 435 2469 492 AD
2505 434 2760 493 GALAT.

3340 422 3477 502 ossi

190 531 466 607 parvulus,
502 528 635 587 tibi!
660 531 821 587 distat
863 548 899 586 α
937 549 1081 590 seruo
1100 576 1115 603 ,
1144 535 1269 591 licet
1296 536 1545 593 dominus
1572 551 1756 593 servo-
1785 540 1837 601 A
1860 537 2144 599 facientem
2169 564 2181 599 :
2208 548 2350 603 Abba
2374 551 2552 619 Pater,
2571 553 2844 619 subaudis,
2868 554 3257 615 misereremei.
3277 559 3423 615 Abba

190 641 315 683 rum
332 634 389 680 et
407 624 550 679 ﬁlius
571 625 848 695 regis,-aut
872 627 1104 693 comitis,
1133 629 1245 683 sive
1267 628 1492 698 alicujus
1512 630 1769 701 principis

190 720 291 784 ait,
323 717 450 787 quia
494 716 636 771 sicut
679 731 867 771 servus
911 717 1226 789 ﬂagellatur,
1255 718 1552 792 ﬂagellatur
1586 729 1643 775 et
1682 720 1771 776 ille

188 809 508 883 plerumque
533 807 700 863 etiam
742 822 770 862 a
804 824 979 863 servo.
1023 810 1253 866 Tutores
1296 820 1425 866 sunt
1461 811 1771 869 defensores

189 916 375 958 rerum
402 899 658 955 causidici
685 908 737 954 et
770 900 1035 955 advocati.
1067 900 1220 968 Quod
1247 912 1427 957 autem
1456 903 1655 958 dicitur
1681 904 1770 959 hic

189 993 476 1057 actoribus,
507 991 725 1062 quidam
767 992 1016 1049 doctores
1061 995 1247 1049 dicunt
1279 995 1475 1051 melius
1512 1011 1637 1051 esse
1672 1010 1767 1052 au-

186 1086 432 1143 ctoribus
458 1085 567 1139 isto
606 1084 659 1138 in
697 1083 837 1150 loco,
865 1084 989 1154 quia
1015 1094 1207 1141 auctor
1234 1086 1348 1156 ipse
1372 1094 1455 1141 est
1480 1095 1628 1141 tutor
1654 1087 1771 1143 sive

186 1177 526 1234 advocatus:
561 1183 711 1231 actor
753 1191 881 1231 vero
922 1185 1005 1232 est
1043 1186 1333 1248 patronus,
1377 1179 1642 1243 nutritor,
1678 1180 1769 1249 qui

186 1284 342 1327 more
382 1262 610 1340 paterno
648 1268 820 1323 nutrit
864 1268 1048 1335 illum,
1075 1279 1133 1324 et
1174 1269 1241 1324 ad
1274 1276 1505 1324 tutorem
1535 1270 1774 1339 pertinet

187 1360 478 1416 defendere
502 1367 557 1414 et
597 1358 887 1429 disponere
930 1374 1018 1414 res
1044 1358 1233 1429 pueri,
1263 1359 1576 1429 victumque
1596 1367 1653 1414 et
1679 1374 1772 1414 ve-

186 1453 501 1509 nimentum
547 1450 857 1506 ministrare
885 1469 898 1505 :
928 1450 995 1505 ad
1020 1457 1298 1506 auctorem
1325 1465 1455 1506 vero
1487 1451 1769 1522 disciplina

185 1550 243 1600 et
262 1545 521 1599 honestas
536 1555 744 1597 morum
765 1550 821 1597 et
839 1542 1281 1597 conversationis.
1296 1540 1560 1598 Similiter
1577 1542 1766 1610 Jutlaei,

184 1633 426 1706 φυλάξει
474 1634 689 1689 fuerant
725 1634 937 1704 parvuli
961 1648 1152 1700 sensu,
1184 1634 1286 1690 sub
1319 1635 1590 1692 tutoribus
1623 1644 1771 1691 acto-

185 1726 446 1797 ribusque
467 1724 707 1789 fuerunt,
736 1740 1016 1796 usquequo
1037 1727 1187 1782 venit
1212 1727 1529 1797 dispositum
1559 1738 1770 1800 tempus

184 1834 217 1876 a
247 1819 361 1873 Deo
386 1814 566 1883 Patre,
592 1816 807 1887 quando
838 1819 985 1873 misit
1010 1820 1088 1875 eis
1114 1820 1307 1875 Filium
1329 1836 1486 1876 suum
1521 1839 1535 1875 :
1566 1830 1771 1879 tutores

1871 636 2155 694 ﬂebrmum
2187 652 2340 697 estet
2367 644 2582 715 Syrum,
2615 644 2796 713 Pater,
2823 647 3066 705 Graecum
3099 661 3153 707 et
3173 652 3475 711 Latinum.'

1943 729 2129 802 Itaque
2153 732 2246 803 qui
2291 734 2453 789 habet
2491 736 2736 806 spiritum
2767 739 2964 796 Christi
3005 759 3107 797 non
3140 753 3213 798 est
3244 761 3447 813 servus,

1871 821 2128 878 subaudis
2164 824 2404 892 peccati;
2446 826 2537 879 sed
2577 828 2750 897 ﬁlius,
2794 833 3049 887 subaudis
3090 834 3203 898 Dei,
3236 837 3374 906 quod
3401 837 3448 892 si

1869 912 2032 983 ﬁlius,
2059 915 2314 971 subaudis
2339 915 2453 984 Dei,
2484 918 2666 981 Intres,
2695 919 2955 976 subaudis
2980 925 3103 978 vita:
3127 933 3360 992 aeternae,
3392 928 3449 983 id

1870 1010 1956 1062 eat
1984 1023 2089 1062 non
2122 1023 2221 1063 suo
2249 1009 2465 1075 merito,
2492 1008 2586 1064 sed
2616 1009 2787 1079 gratia
2828 1010 2925 1067 Dei
2945 1027 3043 1082 per
3069 1029 3228 1083 quem
3256 1026 3338 1073 est
3366 1033 3450 1072 re-

1871 1096 2138 1171 demptus.
3170 1098 3177 1103 ’

1943 1188 2124 1246 Estote
2144 1193 2278 1247 sicut
2303 1211 2416 1265 ego,
2434 1195 2558 1266 quia
2579 1204 2628 1249 et
2652 1212 2766 1265 ego,
2787 1196 3041 1252 subaudis
3066 1197 3161 1264 fui,
3182 1200 3315 1255 sicut
3336 1218 3446 1257 vos.

1870 1279 2256 1338 ErantGalatze
2283 1285 2523 1341 inﬁdeles
2544 1295 2597 1340 et
2611 1296 2921 1357 peccatores
2949 1287 3166 1344 alienati
3194 1306 3222 1345 a
3256 1291 3365 1347 Deo
3395 1303 3452 1347 ut
3478 1276 3510 1306 ⁸

1870 1370 1973 1427 fuit
1991 1377 2257 1444 quondam
2282 1386 2336 1432 et
2356 1378 2638 1447 Apostolus
2662 1381 2875 1449 quando
2901 1383 3324 1451 persequebatur
3352 1383 3450 1439 Ec-

1870 1464 2090 1521 clesium
2120 1466 2237 1533 Dei,
2266 1470 2356 1524 sed
2377 1469 2489 1541 jam
2517 1471 2609 1525 Dei
2642 1473 2814 1541 gratia
2855 1471 3026 1529 ﬁdelis
3055 1483 3171 1529 erat
3208 1483 3261 1528 et
3288 1474 3449 1546 justi-

1870 1558 2079 1615 ﬁcatus.
2108 1559 2291 1615 Estote
2329 1577 2424 1617 vos
2464 1562 2689 1634 perfecti
2731 1565 2783 1617 in
2813 1564 2937 1630 ﬁde,
2964 1566 3103 1621 sicut
3126 1574 3181 1622 et
3204 1581 3305 1638 ego
3329 1583 3449 1623 sum

1868 1651 2048 1716 modo,
2074 1659 2128 1704 et
2153 1651 2317 1707 nolite
2338 1653 2625 1723 desperare
2643 1654 2708 1709 de
2731 1654 2904 1721 venia,
2932 1655 3055 1725 quia
3082 1663 3136 1711 et
3163 1672 3262 1725 ego
3283 1672 3452 1728 quon-

1872 1740 1994 1796 dam
2025 1740 2096 1795 l'ui
2125 1740 2356 1797 inﬁdelis
2380 1754 2434 1798 et
2462 1753 2736 1813 peccator,
2763 1744 2901 1798 sicut
2928 1760 3024 1800 vos
3052 1746 3184 1801 estis
3207 1747 3368 1801 modo
3396 1754 3451 1802 et

1872 1845 1939 1886 eo
1966 1831 2215 1903 amplius.
2246 1832 2473 1887 Obsecro
2497 1850 2607 1896 vos,
2645 1835 2856 1905 fratres,
2893 1837 3150 1891 subaudis
3185 1838 3452 1908 patienter

183 1925 320 2005 vero
335 1910 557 2005 illorum
598 1909 814 2005 fuerunt
842 1927 997 2005 reges
1018 1915 1389 2005 etprincipes,
1426 1924 1485 1971 ut
1513 1915 1681 1972 David
1716 1925 1770 1973 et
1795 1907 1851 1969 ι
1871 1938 1960 1980 me
1984 1924 2247 1989 audiatis;
2278 1924 2411 2005 nihil
2444 1940 2526 1979 me
2551 1924 2781 1991 (resistis,
2812 1928 3067 1983 subaudis
3096 1907 3312 1998 quando
3334 1930 3451 2000 pri-

183 2000 518 2071 !orobabel,
548 2001 673 2070 quia
717 2002 1072 2058 defendebant
1102 2004 1510 2061 haereditatem:
1554 2016 1769 2065 actores

183 2108 320 2149 vero
362 2093 672 2148 sacerdotes
720 2101 776 2148 et
815 2095 1121 2164 prophetae,
1172 2096 1261 2166 qui
1305 2109 1401 2151 eos
1447 2096 1768 2154 erudiebant

185 2185 486 2242 secundum
534 2184 725 2256 legem,
769 2195 825 2241 et
865 2188 1127 2261 cogebant
1168 2189 1333 2243 etiam
1363 2205 1394 2244 a
1432 2188 1529 2246 Dei
1555 2190 1769 2247 cultura

188 2294 299 2334 non
328 2278 604 2344 recedere,
633 2279 678 2334 si
703 2278 897 2351 aliquis
924 2280 1152 2336 adorare
1177 2280 1336 2337 vellet
1365 2282 1524 2338 idola.

256 2370 350 2425 Ita
371 2385 419 2424 et
442 2386 536 2425 nos
560 2363 677 2425 cum
696 2386 924 2426 essemus
943 2370 1166 2442 parvuli,
1192 2374 1286 2429 sub
1304 2374 1567 2431 elementis
1586 2377 1769 2432 mundi

183 2476 400 2517 uanus
444 2464 740 2517 servientes.
790 2462 1064 2517 Elementa
1109 2464 1361 2519 dicuntur
1398 2467 1553 2537 quasi
1588 2467 1777 2521 elevao-

185 2562 376 2611 mnta
406 2569 420 2605 :
443 2567 509 2608 eo
535 2554 679 2623 quod
703 2568 769 2608 ex
801 2553 908 2609 illis
931 2556 1111 2609 omnia
1135 2556 1432 2628 corporalia
1460 2564 1516 2612 et
1532 2557 1768 2613 visibilia

184 2644 402 2703 elevata
433 2654 576 2699 sunt.
616 2644 767 2713 Quod
810 2660 942 2701 vero
969 2646 1168 2703 dicitur
1214 2649 1318 2715 hic,
1369 2650 1464 2704 sub
1506 2649 1769 2705 elementis

184 2736 377 2792 mundi
417 2751 625 2790 eramus
658 2737 956 2803 animos,
985 2748 1246 2807 quantum
1290 2740 1359 2795 ad
1405 2738 1620 2795 Iudaeos
1648 2756 1772 2809 per-

185 2827 348 2892 tinet,
382 2823 665 2896 dupliciter
707 2833 889 2896 potest
915 2826 1139 2900 intelligi
1178 2845 1192 2881 :
1230 2828 1299 2883 ad
1341 2828 1573 2897 primum
1613 2830 1771 2885 intel-

184 2918 391 2975 lectum
416 2917 681 2973 elementa
697 2926 962 2972 vocantur
982 2918 1067 2973 lex
1086 2925 1141 2975 et
1162 2922 1462 2990 prophetae,
1482 2921 1609 2990 quia
1632 2922 1779 2978 sicut

183 3010 463 3067 dementit
510 3009 720 3064 initium
774 3019 829 3064 et
891 3004 1299 3066 fundamentum
1350 3021 1477 3067 sunt
1530 3014 1777 3071 omnium

184 3100 580 3174 corporalium,
617 3101 691 3156 ita
716 3102 803 3157 lex
833 3110 888 3155 et
912 3103 1190 3173 prophetia
1234 3104 1448 3160 initium
1485 3115 1541 3160 et
1578 3102 1775 3162 funda-

1871 2030 2018 2071 mum
2041 2016 2193 2070 vobis
2231 2012 2575 2086 Evangelium
2616 2018 2923 2088 prtedicavi,
2952 2027 3006 2074 et
3031 2020 3171 2075 sicut
3193 2031 3323 2076 tunc
3365 2035 3451 2076 me

1870 2106 2007 2163 nihil
2040 2106 2255 2163 laesistis
2287 2114 2339 2163 et
2388 2107 2657 2177 patienter
2697 2108 2943 2175 audistis,
2976 2109 3047 2163 ita
3077 2118 3135 2164 et
3174 2125 3317 2166 nunc
3358 2125 3453 2166 no-

1871 2196 1965 2254 lite
1988 2211 2076 2253 me
2102 2197 2319 2265 lasdere,
2349 2196 2447 2252 sed
2475 2210 2597 2253 eum
2627 2199 2884 2269 patientia
2908 2200 3091 2256 audite
3112 2202 3255 2270 quod
3282 2201 3483 2257 dictae.

1872 2302 1968 2343 rus
2002 2304 2145 2344 sum.

1944 2380 2321 2436 Testimonium
2366 2382 2507 2436 enim
2561 2380 2800 2451 perhibeo
2850 2381 3035 2447 vobis,
3079 2382 3203 2452 quia
3248 2383 3296 2436 si
3336 2381 3457 2452 ﬁeri

1869 2473 2145 2544 potuisset,
2183 2473 2300 2527 sine
2328 2478 2509 2527 vestro
2535 2471 2835 2541 dispendio,
2860 2471 3039 2526 oculos
3061 2479 3255 2527 vestros
3285 2473 3455 2527 eruis-

1870 2564 1997 2617 setis
2035 2575 2085 2617 et
2108 2563 2381 2618 dedissetis
2425 2562 2587 2629 mihi,
2630 2563 2684 2617 id
2722 2571 2807 2618 est
2834 2576 2850 2616 :
2876 2563 2923 2619 si
2965 2563 3081 2619 ﬁeri
3108 2564 3370 2633 potuisset
3395 2572 3457 2619 ut

1870 2653 2041 2711 oculis
2076 2654 2320 2724 corporis
2368 2668 2582 2724 possem
2609 2653 2816 2724 majora
2858 2653 2923 2708 de
2953 2653 3064 2709 Deo
3105 2669 3451 2726 cognoscere,

1870 2754 1925 2802 et
1951 2761 2148 2800 arcana
2180 2745 2560 2817 mysteriorum
2586 2742 2703 2813 ejus
2730 2743 2933 2799 lumine
2957 2746 3203 2816 corporis
3225 2746 3456 2818 amplius

1870 2847 2180 2909 penetrare,
2194 2838 2383 2893 oculos
2395 2846 2606 2892 vestros
2618 2838 2898 2894 eruissetis
2916 2848 2973 2894 et
2991 2838 3281 2895 dedissetis
3296 2841 3456 2906 mihi,

1874 2934 2022 2983 tanta
2051 2926 2319 2983 eharitate
2341 2941 2472 2997 erga
2496 2942 2585 2981 me
2609 2925 3055 2995 fruenteseratis,
3084 2938 3139 2985 et
3164 2930 3218 2984 in
3245 2938 3474 2987 tantum

1875 3018 2269 3074 desiderabatis
2297 3018 2484 3073 audire
2509 3020 2735 3075 verbum
2760 3020 2853 3075 Dei
2882 3036 2981 3090 per
3009 3036 3113 3077 me.

1944 3110 2129 3166 Filioli
2162 3112 2286 3177 περὶ,
2320 3127 2452 3183 quos
2489 3112 2679 3185 iterum
2714 3113 2983 3182 parturio,
3012 3113 3177 3168 donec
3207 3113 3461 3184 {ametur

183 3205 436 3253 mentum
479 3202 605 3250 sunt
647 3194 887 3250 omnium
926 3194 1230 3250 divinorum
1274 3196 1630 3267 eloquiorum.
1682 3196 1774 3254 Sic
1810 3262 1846 3270 _
1877 3200 2117 3258 Christus
2143 3201 2200 3256 in
2226 3201 2385 3255 vobis.
2430 3199 2709 3256 Parturire
2744 3210 2831 3257 est
2868 3215 3059 3270 parere
3084 3201 3238 3257 velle.
3262 3203 3460 3258 Beatus

182 3288 443 3345 etiamin
480 3286 707 3357 epistola
734 3287 803 3342 ad
836 3286 1095 3343 Hebraeos
1133 3262 1397 3344 elementa
1435 3290 1667 3361 appellat
1697 3292 1776 3346 le-
1801 3262 2168 3363 GApostolus
2206 3290 2322 3376 jam
2361 3299 2585 3362 peperat
2627 3290 2847 3373 Galatas
2866 3262 2932 3346 in
2967 3291 3073 3348 ﬁde
3097 3308 3193 3362 per
3214 3293 3481 3365 Evauser

185 3394 320 3451 gem
362 3396 375 3431 :
408 3379 509 3433 sub
538 3378 823 3451 legevero
844 3386 901 3436 et
934 3381 1217 3450 prophetia
1258 3392 1415 3437 erant
1457 3384 1772 3441 servientes.

183 3471 367 3527 Aliter
404 3485 419 3524 :
466 3470 564 3525 sub
602 3469 881 3531 elementis
911 3472 1076 3526 etiam
1121 3472 1427 3528 serviebant
1450 3514 1465 3539 ,
1504 3476 1628 3541 quia
1675 3476 1777 3532 sub

182 3561 590 3619 observationis
634 3560 763 3617 solis
811 3570 867 3617 et
903 3561 1042 3617 luna:
1093 3563 1392 3635 degebant,
1439 3565 1775 3624 celebrantes

185 3654 507 3711 neomenias
560 3652 799 3723 aliasque
847 3653 1185 3710 festivitates.
1235 3654 1537 3712 Notandum
1592 3668 1774 3713 autem

183 3750 324 3822 quia
349 3764 457 3803 non
480 3748 615 3802 dixit
641 3765 654 3802 :
681 3747 965 3804 elementis
992 3748 1385 3815 serviebamus,
1413 3750 1508 3805 sed
1534 3751 1635 3806 sub
1661 3752 1778 3806 ele-

184 3843 395 3899 mentis
420 3857 654 3905 eramus,
686 3842 743 3896 id
767 3850 851 3897 est
882 3842 985 3897 sub
1005 3845 1383 3899 observatione
1407 3844 1540 3916 legis
1564 3854 1621 3901 et
1653 3860 1783 3916 pro-

184 3932 416 4004 phetiaa,
451 3932 537 3987 vel
580 3931 680 3986 sub
723 3938 1026 4001 temporum
1051 3933 1459 3999 observatione,
1481 3948 1699 3989 cursum
1720 3943 1778 3990 et

176 4032 410 4083 aetatem
437 4025 579 4079 luna:
604 4022 974 4088 attendentes;
1005 4039 1133 4078 nam
1161 4024 1239 4079 sol
1274 4033 1334 4079 et
1355 4024 1483 4079 luna
1509 4025 1776 4083 elementa

184 4124 329 4173 sint
356 4133 370 4169 ε
402 4113 631 4186 gentiles
655 4120 837 4168 autem
860 4121 1016 4167 erant
1039 4114 1322 4171 elementis
1350 4114 1667 4173 servientes.

188 4245 193 4251 .
268 4208 340 4261 At
381 4206 467 4262 ubi
493 4207 627 4261 venit
657 4204 923 4276 plenitudo
953 4204 1235 4275 temporis,
1256 4205 1310 4261 id
1337 4213 1420 4262 est
1453 4207 1781 4277 praeﬁnitum

183 4309 418 4369 tempus
452 4313 483 4353 a
513 4297 625 4353 Deo
652 4296 849 4363 Patre,
881 4295 1102 4353 ﬁniente
1139 4296 1327 4367 quinta
1362 4306 1521 4353 aetate
1544 4339 1559 4364 ,
1599 4306 1655 4353 et
1699 4299 1782 4353 in-

189 4393 434 4450 choante
482 4400 666 4457 sexta,
693 4389 833 4445 misit
875 4390 1013 4446 Deus
1054 4388 1258 4445 Filium
1293 4405 1447 4444 suum
1485 4390 1687 4460 factum
1713 4407 1783 4447 ea:

190 4482 440 4548 muliere,
484 4481 538 4536 id
581 4489 667 4538 est
705 4496 775 4537 ex
818 4480 1024 4536 semine
1058 4479 1300 4536 mulieris
1333 4495 1498 4550 opere
1546 4480 1782 4552 Spiritus

193 4570 376 4631 sancti
404 4585 667 4628 creatum.
694 4568 923 4639 Quidam
970 4570 1156 4627 volunt
1201 4570 1384 4626 dicere
1425 4581 1645 4639 natum,
1685 4572 1781 4629 sed

194 4665 398 4727 melius
437 4663 640 4720 factum
680 4678 748 4718 ex
789 4662 1014 4719 muliere
1059 4671 1279 4737 propter
1330 4663 1643 4729 haereticos,
1685 4666 1777 4734 qui

198 4759 406 4825 ducunt
433 4764 493 4811 ut
518 4756 793 4826 ingressus
827 4763 913 4810 est
942 4754 1229 4826 virginem,
1264 4755 1448 4811 statim
1483 4754 1635 4811 exiit.
1662 4752 1779 4810 Fa-

198 4862 346 4906 etum
372 4849 466 4905 sub
494 4848 622 4920 lege.
656 4846 853 4905 Factus
884 4856 969 4903 est
1010 4847 1112 4902 sub
1150 4847 1293 4918 lege,
1318 4848 1444 4917 quia
1477 4854 1671 4904 octavo
1694 4848 1787 4904 die

196 4951 293 5000 est
316 4940 672 4998 circumcisus
700 4956 714 4994 :
747 4938 1163 5011 quadragesimo
1191 4939 1277 4994 die
1319 4945 1445 4993 sunt
1482 4954 1580 5010 pro
1607 4954 1674 4995 eo
1705 4939 1782 4994 le-

194 5035 346 5108 galia
392 5049 617 5091 murteta
647 5031 823 5088 oblata
843 5071 863 5099 ,
901 5039 956 5086 et
989 5031 1090 5087 hoc
1118 5031 1239 5086 ideo
1283 5039 1345 5086 ut
1385 5032 1783 5089 demonstraret

198 5125 381 5197 legem
423 5136 547 5180 esse
581 5130 819 5178 sanctam
840 5161 857 5186 ,
890 5117 1094 5189 justam
1122 5127 1177 5175 et
1226 5118 1460 5176 bonam:
1489 5119 1656 5175 velut
1695 5137 1785 5176 eos

206 5214 482 5270 redimeret
503 5214 591 5285 qui
614 5212 710 5269 sub
733 5212 843 5285 lege
865 5220 1039 5279 erant,
1065 5211 1118 5267 id
1148 5219 1232 5267 est
1256 5210 1350 5283 qui
1374 5210 1601 5280 subjecti
1632 5222 1789 5271 erant

206 5305 340 5377 legi,
365 5313 677 5377 peccatores
705 5320 811 5360 non
838 5304 1079 5360 valentes
1115 5318 1212 5375 per
1251 5318 1373 5359 eam
1410 5304 1699 5370 mandari;
1730 5313 1789 5359 ut

208 5397 565 5469 adoptionem,
617 5395 672 5450 id
713 5404 797 5451 est
843 5395 1161 5453 electionem
1207 5394 1478 5465 ﬁliorum,
1529 5395 1789 5454 subaudis

211 5490 331 5556 Dei,
374 5505 537 5562 quam
582 5488 913 5560 perdidimus
954 5489 1007 5543 in
1033 5486 1207 5543 Adam
1244 5488 1606 5559 reciperemus.
1644 5487 1789 5556 Quo-

211 5583 359 5641 niam
411 5589 583 5637 autem
621 5579 742 5634 estis
768 5578 867 5649 lilii
913 5577 1008 5634 Dei
1053 5578 1317 5650 adoptivi,
1354 5593 1462 5634 non
1492 5578 1788 5648 naturales,

212 5673 355 5728 misit
386 5672 524 5728 Deus
553 5670 807 5742 Spiritum
839 5668 969 5723 Filii
994 5670 1097 5725 sui.
1130 5670 1363 5740 Spiritus
1396 5680 1619 5728 sanctus
1643 5687 1789 5729 com-

214 5762 399 5819 munis
417 5773 501 5819 est
525 5763 703 5819 Patris
723 5770 777 5817 et
802 5761 949 5828 Filii,
978 5770 1034 5816 et
1053 5764 1269 5832 quando
1290 5764 1522 5821 mittitur
1549 5781 1581 5820 a
1603 5773 1791 5835 Patre,

216 5855 449 5935 mittitur
486 5864 539 5911 et
581 5871 610 5910 a
640 5853 796 5910 Filio.
833 5851 1154 5907 Clamantem
1177 5894 1193 5915 ,
1222 5853 1276 5909 id
1303 5865 1387 5912 est
1427 5856 1662 5913 clamare
1689 5873 1798 5919 nos,

1874 3384 2031 3449 lium,
2056 3383 2199 3439 sicut
2219 3372 2337 3452 ipse
2366 3382 2502 3439 dixit
2531 3399 2544 3435 :
2579 3368 2685 3437 Per
2708 3380 3048 3453 Evangelth
3075 3398 3167 3455 ego
3193 3401 3279 3439 uos
3302 3384 3460 3455 genui

1876 3473 1931 3547 (Ι
1957 3472 2080 3529 Cor.
2108 3474 2217 3545 ιι),
2246 3474 2345 3530 sed
2366 3473 2443 3531 illi
2470 3482 2809 3531 recesserunt
2835 3490 2867 3529 a
2894 3474 3001 3533 ﬁde
3036 3484 3091 3531 et
3133 3477 3304 3533 secuti
3332 3485 3459 3533 sunt

1874 3566 2382 3638 pseudoapostolos;
2407 3566 2704 3636 dolensque
2722 3565 3015 3636 Apostolus
3051 3566 3119 3623 de
3140 3581 3327 3624 eorum
3358 3568 3461 3625 mi-

1875 3663 2038 3729 seria,
2068 3669 2124 3717 et
2147 3661 2332 3717 volens
2360 3674 2455 3716 eos
2478 3674 2740 3716 revocare
2779 3661 2847 3715 ad
2874 3658 3037 3716 ﬁdem
3071 3658 3297 3726 Christi,
3336 3676 3460 3731 par-

1877 3756 2114 3811 turiebat
2140 3754 2293 3819 illos,
2334 3754 2388 3809 id
2426 3760 2510 3810 est
2538 3768 2733 3824 parere
2761 3753 2977 3809 volebat
3001 3753 3195 3808 iterum
3219 3754 3382 3810 verbo
3401 3764 3481 3810 et.

1875 3844 2143 3915 exemplo,
2160 3844 2301 3899 unde
2320 3852 2376 3898 et
2387 3843 2515 3898 dicit
2535 3842 2739 3898 :Filioli
2761 3842 2888 3907 mei,
2910 3857 3047 3913 quos
3058 3843 3251 3899 iterum
3267 3859 3460 3914 parere

1877 3938 2001 3992 volo
2035 3951 2152 3991 mea
2178 3936 2560 4006 praedicatione
2586 3936 2640 3990 in
2670 3936 2772 3991 ﬁde
2794 3934 3025 4001 Christi,
3057 3938 3196 3992 sicut
3227 3938 3336 4007 jam
3363 3940 3461 3994 du-

1880 4028 2007 4084 dum
2028 4042 2127 4082 vos
2143 4026 2426 4097 parturivi,
2446 4026 2662 4094 quando
2685 4026 2751 4080 ad
2771 4027 2927 4082 ﬁdem
2954 4042 3049 4083 vos
3069 4028 3269 4084 adduxi
3290 4032 3462 4087 donec

1877 4120 2143 4175 formetur
2164 4119 2297 4174 ﬁdes
2321 4117 2524 4173 Christi
2566 4119 2622 4174 in
2652 4118 2819 4174 vobis.
2852 4119 3003 4175 Tunc
3033 4119 3177 4174 enim
3211 4118 3463 4178 Christus

1879 4212 1934 4266 in
1973 4210 2129 4266 nobis
2163 4208 2425 4266 formatus
2456 4216 2577 4275 est,
2612 4210 2833 4280 quando
2867 4224 2898 4265 a
2936 4210 3094 4266 nobis
3120 4210 3196 4266 ita
3223 4212 3463 4268 creditur

1880 4304 2020 4361 sicut
2044 4302 2206 4358 debet
2227 4300 2393 4358 credi.
2444 4299 2451 4305 ’

1950 4393 2217 4465 Scriptum
2257 4402 2334 4449 est
2375 4394 2515 4449 enim
2559 4394 2808 4465 quoniam
2850 4394 3115 4450 Abraham
3147 4395 3281 4452 duos
3320 4397 3460 4467 ﬁlios

1880 4485 2082 4543 habuit.
2125 4484 2243 4541 Non
2273 4485 2391 4541 sine
2417 4499 2580 4540 causa
2607 4483 2896 4555 Apostolus
2926 4486 2993 4541 ad
3023 4488 3337 4543 memoriam
3377 4505 3463 4545 re-

1882 4577 2037 4634 duxit
2063 4578 2261 4633 factum
2281 4577 2531 4634 Abrahae.
2562 4575 2731 4632 Judaei
2762 4593 2995 4648 namque
3019 4579 3073 4634 in
3103 4581 3207 4637 hoc
3228 4581 3462 4639 maxime

1884 4670 2273 4742 gloriabantur,
2301 4669 2427 4739 quia
2457 4668 2550 4724 filii
2574 4668 2808 4725 Abrahae
2838 4678 2991 4727 erant
3023 4673 3313 4730 secundum
3341 4692 3462 4732 car-

1885 4775 2044 4817 nem:
2070 4760 2210 4816 unde
2227 4775 2350 4816 cum
2363 4759 2623 4815 Dominus
2643 4759 2874 4817 dixisset
2890 4762 2973 4818 eis
2992 4762 3046 4819 in
3068 4764 3417 4837 Evangelium
3443 4787 3456 4824 :

1888 4851 1947 4909 Si
1969 4868 2058 4908 vos
2082 4849 2257 4906 Filius
2296 4850 2612 4918 liberaverit,
2636 4852 2911 4909 υπαιῶπὶ
2933 4855 3078 4911 eritis
3106 4854 3286 4925 (Joan.
3317 4862 3458 4925 vin),

1886 4941 2280 5012 responderunt
2304 4941 2380 4995 illi
2408 4955 2423 4995 :
2455 4940 2570 4998 Nos
2596 4942 2697 5012 ﬁlii
2722 4943 2947 4999 Abralue
2969 4962 3168 5011 minus,
3194 4956 3241 5001 et
3270 4950 3462 5004 nemini

1886 5031 2191 5093 seruiuimus
2233 5047 2483 5102 unquam.
2531 5031 2718 5103 (Ibid.)
2766 5032 2907 5105 Ergo
2946 5034 3237 5104 Apostolus
3279 5037 3464 5093 volens

1886 5120 2106 5179 Galatas
2143 5120 2402 5178 sollicitos
2443 5123 2701 5189 reddere,
2743 5138 2812 5177 ne
2854 5124 3156 5193 potuissent
3211 5127 3398 5184 seduci
3429 5144 3459 5185 a

1884 5211 2105 5279 Judazis,
2146 5213 2238 5283 qui
2274 5212 2737 5269 circumcisionem
2766 5214 3031 5270 docebant
3067 5216 3376 5284 observare,
3407 5226 3465 5274 et

1888 5305 2150 5361 sacriﬁcia
2176 5303 2363 5376 legalis
2396 5302 2622 5369 offerre,
2649 5304 2889 5361 dicentes
2919 5324 2931 5358 :
2963 5305 3078 5362 Non
3105 5308 3332 5377 potestis
3356 5308 3461 5364 sal-

1887 5398 2003 5457 vari
2030 5413 2126 5468 per
2150 5396 2452 5467 passionem
2478 5395 2703 5463 Christi,
2732 5412 2833 5452 nec
2860 5412 2956 5467 per
2984 5397 3330 5466 baptismum,
3358 5400 3463 5457 nisi

1890 5488 2353 5547 circumcidamini
2385 5496 2439 5544 et
2464 5488 2653 5558 legalis
2682 5487 2946 5544 sacriﬁcia
2975 5487 3233 5555 offeratis,
3283 5480 3464 5547 osten-

1891 5586 1970 5642 dit
2004 5586 2083 5641 eis
2125 5584 2394 5655 quomodo
2434 5582 2705 5639 Abraham
2742 5598 2850 5638 non
2892 5597 2988 5653 per
3033 5583 3465 5640 observationem

1890 5675 2023 5747 legis
2050 5675 2249 5731 meruit
2283 5674 2597 5745 justiﬁcari,
2628 5683 2684 5730 et
2711 5674 2917 5729 amicus
2944 5674 3040 5730 Dei
3066 5674 3348 5745 appellari,
3372 5673 3468 5731 sed

1889 5774 2111 5837 propter
2145 5764 2305 5821 ﬁdem
2350 5765 2803 5830 sincerissimam,
2840 5766 3312 5837 operatimtemque
3342 5782 3471 5838 pro-

1890 5854 2247 5913 batissimatn.
