3996 6462
491 404 593 474 887
616 446 621 453 ,

964 407 1319 485 HAYMONIS
1356 406 1838 466 HALBERSTAT.
1880 406 2098 467 EPISC.
2140 408 2293 468 OPP.
2328 405 2512 468 PARS
2545 408 2591 468 1.
2625 440 2698 454 —
2728 405 3085 468 COMMENT.
3124 403 3297 462 BlBL.

524 488 528 492 ι
558 526 663 585 Sed
694 528 786 599 qui
820 527 885 584 de
924 527 1137 593 ancilla,
1168 527 1220 583 id
1255 536 1340 583 est
1378 528 1572 583 lsmael
1597 528 1689 598 qui
1728 528 1794 583 de
1822 528 1967 599 Agar
1992 544 2076 582 se-
2101 533 2153 593 Α
2180 528 2378 594 omnis,
2408 526 2603 599 inquit,
2637 528 2726 597 qui
2758 541 2865 582 non
2902 526 3261 598 permanserit
3287 525 3343 582 in
3385 523 3474 581 his
3513 523 3783 581 omnibus

486 620 719 675 cundum
740 635 947 674 carnem
971 626 1124 672 natus
1145 628 1243 684 est,
1282 618 1334 673 id
1370 627 1455 674 est
1492 619 1787 674 secundum
1828 619 2076 673 humana:

486 712 892 772 consuetudinis
933 726 1107 766 usum.
1153 711 1297 767 Dicit
1341 713 1533 767 beatus
1575 711 1908 782 Augustinus
1950 710 2076 778 quia

484 793 817 864 causuetudo
847 804 1095 858 humanae
1123 813 1331 859 naturae
1359 815 1445 860 est
1471 813 1531 858 ut
1559 818 1721 858 senex
1749 801 1969 871 junctus
1989 800 2079 870 ju-

484 895 728 952 vencula:
760 894 815 948 in
848 894 993 950 coitu
1028 890 1169 949 ﬁlios
1200 880 1455 965 procreet
1495 909 1510 949 :
1558 903 1778 950 econtra
1814 908 1977 949 senex
2022 899 2079 947 et

443 1002 447 1009 ·
482 988 661 1045 vetula
687 987 945 1058 copulati,
982 986 1231 1041 naturale
1261 995 1347 1042 est
1380 994 1439 1041 ut
1482 986 1976 1055 desistautparere.
2017 982 2076 1039 Si

481 1098 614 1138 vero
640 1080 881 1150 juvenis,
902 1095 1025 1135 cum
1046 1088 1301 1134 veterana
1327 1080 1519 1134 mistus
1540 1078 1722 1144 fuerit,
1747 1074 1877 1132 dicit
1911 1076 2076 1131 etiam

481 1174 604 1230 illos
624 1188 782 1244 posse
801 1186 1103 1242 propagare
1123 1170 1283 1237 ﬁlios,
1298 1170 1425 1226 licet
1444 1170 1571 1224 illud
1591 1170 1879 1225 rarissimae
1900 1169 1953 1223 in
1976 1184 2077 1223 usu

454 1246 768 1322 .ltalteatur.
802 1262 1107 1339 Secundum
1135 1264 1277 1318 hunc
1308 1263 1524 1317 modum
1555 1269 1608 1317 et
1638 1260 1935 1316 naturalem
1953 1275 2079 1315 cou-

482 1359 826 1415 suetudinem
838 1372 1001 1428 quam
1018 1357 1194 1428 primo
1206 1357 1458 1419 diximus,
1474 1365 1531 1411 ut
1544 1357 1588 1413 si
1603 1372 1764 1413 senex
1774 1357 1994 1428 junctus
2006 1356 2079 1412 sit

477 1453 540 1523 ju
552 1450 808 1509 veuculat.
830 1450 1003 1519 possit
1021 1448 1305 1518 juvencula
1333 1465 1614 1520 generare,
1632 1450 1762 1504 dicit
1791 1450 2078 1520 Apostolus

482 1543 768 1601 lsmaelem
785 1550 970 1597 natum
983 1556 1120 1595 esse.
1142 1539 1245 1605 Qui
1266 1551 1440 1595 autem
1460 1541 1524 1595 de
1550 1541 1804 1607 libera,id
1823 1550 1907 1596 est
1927 1542 2078 1598 Isaac

482 1634 552 1693 de
580 1632 740 1691 Sara.
769 1648 859 1692 per
891 1630 1365 1702 repromissionem,
1390 1632 1648 1687 subaudis
1674 1631 1767 1687 Dei
1791 1640 1947 1686 natus
1970 1639 2072 1696 est,

482 1747 606 1802 quae
634 1729 775 1785 facta
802 1735 887 1783 est
914 1727 981 1782 ad
1006 1726 1304 1792 Abraham,
1331 1742 1437 1782 non
1469 1728 2078 1803 secunldtunconsuetu-

473 1825 666 1881 dinem
690 1824 1000 1878 humanam.
1022 1818 1129 1874 Sed
1144 1821 1371 1891 quaestio
1393 1821 1567 1876 oritur
1593 1822 1646 1876 in
1675 1821 1781 1876 isto
1794 1821 1931 1886 loco,
1949 1836 2077 1891 qua-

2180 622 2361 693 (Deut.
2387 620 2599 693 xxvm).
2632 619 2699 676 Et
2731 621 2857 677 dum
2900 620 3270 691 hujuscemodi
3307 620 3584 676 mandatis
3603 620 3785 676 strin-

2178 715 2404 784 gebatur
2428 713 2823 783 quodammodo
2841 727 3031 769 servus
3050 722 3188 769 erat.
3214 712 3350 768 Sara
3369 722 3554 768 autem
3578 712 3782 779 libera,

2177 819 2298 873 quae
2313 804 2478 859 ﬁlium
2495 804 2723 860 liberum
2740 806 2944 876 genuit,
2959 805 3229 877 signiﬁcat
3248 806 3479 875 gratiam
3494 803 3634 860 Novi
3653 804 3789 861 Tes-

2179 896 2404 950 tamenti
2418 912 2538 966 quae
2550 896 2733 967 genuit
2753 896 3006 967 populum
3021 896 3391 953 Christianum
3404 897 3701 953 liberatum
3728 899 3786 953 iu

2178 986 2523 1057 baptismate,
2548 1003 2656 1043 non
2693 988 2866 1043 solum
2898 988 2970 1043 ab
2997 988 3355 1059 originalibus
3382 997 3439 1045 et
3469 990 3793 1045 actualibus

2177 1079 2436 1148 peccatis,
2451 1078 2547 1134 sed
2561 1079 2723 1134 etiam
2738 1079 2806 1134 ab
2825 1079 2972 1135 omni
2985 1080 3209 1150 servitio
3222 1080 3476 1152 legis,qut
3490 1081 3792 1136 haeredita—

2178 1177 2289 1224 tem
2316 1169 2540 1236 Christi,
2562 1170 2667 1225 hoc
2683 1179 2768 1225 est
2794 1172 3023 1241 patriam
3047 1170 3252 1227 Christi
3279 1172 3645 1227 btereditabit.
3680 1172 3791 1226 Ha-

2177 1259 2297 1315 buit
2329 1268 2511 1315 autem
2535 1269 2589 1315 et
2620 1260 2896 1316 Abraham
2920 1261 3055 1317 duos
3089 1261 3223 1316 alios
3245 1261 3385 1317 ﬁlios
3414 1260 3483 1317 de
3515 1261 3789 1329 Cethura,

2179 1366 2339 1421 quam
2362 1350 2573 1406 Hebraei
2596 1351 2740 1423 Agar
2754 1352 2942 1413 dicunt
2958 1368 3100 1417 esse,
3115 1353 3211 1408 sed
3229 1362 3410 1409 tamen
3434 1352 3511 1407 illi
3526 1368 3639 1408 non
3668 1351 3769 1408 tuo

2179 1450 2305 1497 runt
2318 1443 2542 1513 digniad
2565 1443 2933 1499 hmreditatem
2947 1452 3231 1514 paternam
3255 1443 3495 1500 admitti.
3515 1442 3791 1500 Similiter

2179 1533 2233 1587 in
2246 1540 2433 1587 sancta
2449 1531 2687 1587 Ecclesia
2705 1543 2833 1587 sunt
2852 1532 3007 1587 multi
3020 1533 3113 1603 qui
3134 1542 3498 1588 renascuntur
3510 1533 3569 1587 in
3585 1534 3793 1595 haunt:

2178 1634 2346 1687 mate,
2359 1633 2416 1680 et
2434 1626 2525 1694 qui
2549 1625 2643 1680 ﬁlii
2666 1624 2921 1680 videntur
2939 1641 3061 1682 esse
3080 1626 3345 1692 Abrahze;
3371 1627 3493 1693 sed,
3509 1626 3641 1697 quia
3660 1642 3791 1693 ope-

2177 1732 2239 1772 ra
2271 1732 2377 1772 non
2412 1716 2617 1771 habent
2641 1715 2895 1783 Abrahae,
2923 1718 3200 1787 sequendo
3224 1718 3408 1773 varios
3435 1733 3686 1779 errores.
3708 1718 3789 1774 di-

2175 1822 2441 1877 versaque
2461 1808 2753 1863 schismata
2770 1849 2784 1873 ,
2801 1809 3034 1864 etvariis
3057 1809 3382 1865 criminibus
3395 1824 3458 1864 se
3481 1810 3785 1881 implicant,

482 1915 868 1973 re'Anustolus
908 1912 1061 1969 Isaac
1102 1914 1441 1970 solummodo
1478 1931 1578 1985 per
1604 1915 2077 1985 repromissiouem
2106 1906 2154 1966 Β
2181 1914 2288 1955 Ποη
2318 1899 2673 1954 metellum“?
2715 1914 2838 1954 cum
2877 1899 3063 1956 θιθθιίε
3108 1900 3427 1956 “meditate
3465 1901 3665 1971 Ριετίπ
3701 1917 3789 1957 "3‘

482 2011 632 2068 dicat.
652 2020 839 2069 uatum
863 2024 1009 2076 esse,
1029 2021 1151 2063 cum
1176 2008 1419 2077 legamus
1437 2010 1601 2064 etiam
1619 2009 1686 2063 de
1712 2007 1935 2064 lsmaele
1955 2022 2080 2077 pro-

478 2103 798 2160 missionem
836 2101 1038 2159 factam
1062 2118 1202 2159 esse.
1236 2101 1370 2157 Nam
1399 2101 1628 2173 legimus
1658 2101 1711 2155 in
1748 2101 1887 2155 libro
1908 2099 2083 2156 Gene-

480 2212 607 2253 seos
633 2195 788 2266 (Gen.
822 2195 961 2267 xvt),
984 2195 1111 2267 quia
1139 2211 1261 2251 cum
1291 2202 1435 2250 esset
1455 2193 1601 2265 Agar
1627 2192 1679 2247 in
1707 2193 1921 2249 deserto
1952 2190 2079 2258 Sur,

480 2288 737 2358 apparuit
773 2287 824 2342 ei
863 2287 1086 2356 angelus
1114 2286 1326 2341 Domini
1371 2286 1661 2356 inquiens:
1692 2284 1855 2355 Agar,
1886 2283 2082 2339 ancilla

481 2377 663 2444 Sarni,
688 2379 827 2433 unde
851 2379 994 2433 cenis
1020 2388 1068 2432 et
1094 2395 1197 2449 quo
1218 2378 1398 2433 uadis?
1427 2376 1560 2444 Quae
1589 2378 1852 2448 respondit
1881 2393 1900 2431 :
1929 2376 1974 2430 Α
2001 2375 2085 2446 fa-

484 2474 563 2528 cie
596 2472 755 2528 Sarai
779 2473 1009 2527 domina:
1035 2488 1171 2527 mem.
1184 2489 1276 2543 ego
1304 2471 1475 2543 fugio.
1498 2471 1593 2527 Cui
1617 2470 1831 2542 angelus
1855 2483 1872 2522 :
1898 2469 2088 2524 Rever-

485 2573 613 2631 tere,
644 2565 837 2634 inuuit,
862 2574 911 2618 et
936 2562 1215 2617 humiliore
1235 2562 1331 2617 sub
1359 2580 1522 2617 manu
1553 2560 1717 2615 illius.
1737 2560 1804 2615 Et
1837 2576 2048 2613 rursum
2065 2574 2086 2613 :

485 2654 874 2728 Multiplicans,
909 2654 1107 2725 inquit,
1139 2652 1495 2725 multiplicabo
1522 2669 1699 2708 semen
1734 2661 1902 2705 tuum.
1946 2649 2085 2704 Ecce

481 2748 657 2820 paries
698 2747 890 2816 ﬁlium,
915 2754 962 2802 et
989 2745 1196 2800 vocabis
1232 2760 1417 2800 nomen
1456 2745 1571 2815 ejus
1602 2742 1821 2798 lsmael.
1857 2742 1959 2797 Hic
1988 2741 2086 2795 erit

484 2839 631 2912 ferus
680 2843 856 2895 homo.
908 2838 1103 2894 Manus
1147 2838 1260 2910 ejus
1310 2846 1493 2892 contra
1535 2854 1711 2892 omnes
1737 2878 1752 2903 ,
1800 2846 1850 2891 et
1896 2853 2085 2891 manus

492 2931 725 2987 omnium
770 2940 954 2985 contra
1002 2946 1143 2985 eum.
1186 2930 1269 2985 Ad
1316 2930 1420 2985 hoc
1466 2930 1754 2985 dicendum
1798 2935 1906 2993 est,
1958 2929 2088 2999 quia

491 3023 709 3093 quando
732 3021 832 3078 ista
858 3021 1150 3093 promissio
1173 3020 1313 3077 facta
1335 3030 1439 3087 est,
1462 3021 1655 3077 lsmael
1677 3019 1789 3090 jam
1812 3029 1931 3077 erat
1957 3034 2088 3076 cou-
2117 3053 2122 3059 -

485 3108 697 3186 ceptus.
726 3114 1023 3182 Promissio
1052 3130 1183 3170 vero
1208 3129 1330 3186 quae
1351 3114 1419 3169 de
1446 3113 1597 3168 Isaac
1620 3112 1761 3169 facta
1789 3121 1892 3178 est,
1928 3120 2085 3168 ante-

484 3220 649 3276 quam
683 3205 1063 3275 conciperetur
1089 3204 1217 3259 data
1247 3213 1331 3260 est
1356 3203 1611 3269 Abrahae,
1645 3203 1789 3258 sicut
1814 3218 1881 3258 ex
1905 3203 2086 3258 verbis

2182 1991 2333 2047 lestis
2354 1990 2479 2045 frui.
2509 1992 2585 2046 De
2615 1991 2733 2046 istis
2758 1991 2958 2047 talibus
2985 1991 3117 2047 dicit
3142 1991 3382 2050 Joannes
3401 1991 3786 2062 evangelista:

2182 2083 2259 2138 De
2284 2082 2430 2138 nobis
2451 2083 2722 2150 exierunt,
2746 2084 2838 2138 sed
2852 2100 2971 2151 non
2992 2095 3141 2140 erant
3166 2102 3233 2140 ea:
3253 2087 3403 2141 nobis
3430 2085 3487 2159 (1
3508 2085 3679 2141 Jama.
3704 2086 3787 2156 ιι).

2183 2175 2343 2241 llaec,
2389 2175 2604 2246 inquit,
2646 2188 2772 2233 sunt
2818 2176 2927 2232 duo
2975 2186 3314 2234 testamenta.
3371 2179 3789 2235 Testamentum

2182 2266 2382 2324 dicitur
2408 2285 2438 2323 a
2471 2270 2833 2325 testatorihus.
2869 2268 3277 2327 Testamentum
3309 2286 3448 2327 vero
3495 2282 3662 2328 vetus
3696 2274 3790 2327 ln-

2184 2358 2299 2415 buit
2338 2368 2650 2425 testatores,
2696 2360 2933 2431 angelos,
2976 2371 3034 2417 et
3075 2362 3332 2434 Moysen,
3365 2362 3625 2435 aliosque
3670 2380 3790 2436 pie—

2183 2450 2413 2521 phetas:
2445 2450 2849 2530 Testamentum
2890 2460 3072 2507 autem
3109 2467 3344 2518 novum,
3378 2452 3579 2508 habuit
3627 2468 3788 2508 unum

2183 2542 2525 2597 verissimum
2581 2542 2868 2608 Dominum
2912 2542 3094 2600 Jesum
3121 2544 3420 2612 Christum,
3470 2545 3787 2616 apostolos,

2184 2648 2412 2702 quorum
2444 2633 2747 2689 ministerio
2774 2650 2874 2706 per
2895 2628 3259 2706 quadriﬁdam
3282 2637 3476 2693 orbem
3508 2646 3600 2693 est
3622 2638 3789 2693 dirui.

2185 2733 2390 2795 gatum.
2421 2723 2630 2792 Unum,
2659 2727 2918 2785 subaudis
2943 2736 3328 2784 testamentum
3360 2730 3553 2784 datum
3587 2738 3703 2793 est,
3738 2731 3789 2784 in

2183 2824 2358 2869 monte
2384 2813 2515 2870 Sina
2555 2831 2830 2886 generans,
2863 2816 3119 2875 subaudis
3145 2817 3426 2875 Judaicam
3476 2821 3698 2889 plebem
3736 2820 3789 2875 in

2186 2910 2536 2977 servitutem;
2563 2927 2683 2982 quia
2709 2921 2785 2967 est
2812 2911 2975 2983 Agar,
3000 2914 3105 2969 hoc
3136 2921 3255 2980 est,
3283 2929 3405 2984 qua:
3448 2915 3790 2987 signiﬁcatur

2184 3018 2283 3075 per
2308 3002 2473 3076 Agar.
2501 3002 2613 3059 Lex
2641 3019 2741 3074 per
2761 3004 3013 3061 doctores
3043 3004 3340 3078 Syuagogae
3363 3008 3675 3078 generabat
3699 3022 3789 3077 po-

2183 3096 2371 3167 pulum
2398 3097 2452 3151 in
2482 3096 2803 3152 servitutem
2830 3096 2952 3153 sibi.

2258 3187 2389 3245 Sina
2419 3189 2557 3267 enim
2586 3207 2736 3245 mons
2767 3200 2843 3246 est
2873 3191 2929 3245 in
2956 3191 3177 3259 Arabia,
3208 3192 3518 3263 provincia,
3550 3199 3649 3265 qui
3674 3212 3788 3250 coa-

483 3272 660 3373 angeli
710 3272 996 3371 possumus
1047 3299 1301 3369 probare,
1358 3297 1587 3353 dicentis
1636 3296 1703 3351 ad
1746 3296 2019 3351 Abraham
2057 3312 2070 3348 :
2105 3272 2151 3337 (ἶ
2173 3281 2391 3373 junci“
2418 3292 2492 3335 ⁸³⁸
2523 3283 2569 3336 εί
2600 3298 2718 3353 qua:
2746 3298 2883 3337 ηιιησ
2909 3292 2984 3337 εει
3015 3283 3333 3350 Jerusalem.
3381 3286 3493 3342 hoc
3539 3297 3631 3342 est
3668 3303 3787 3343 cono

482 3392 794 3450 Secundum
827 3392 932 3447 hoc
964 3399 1180 3460 tempus
1206 3390 1453 3454 veniam,
1489 3397 1545 3444 et
1589 3388 1695 3443 erit
1738 3387 1903 3443 Sarra
1934 3387 2076 3442 ﬁlius

481 3484 639 3558 (Gen.
670 3483 851 3551 xvut).
878 3481 1029 3538 Unde
1055 3490 1281 3552 apparet
1315 3481 1491 3545 Isaac,
1522 3495 1628 3534 non
1651 3480 1943 3535 secundum
1974 3494 2076 3533 na-

481 3584 664 3632 turam
712 3575 963 3629 humanae
991 3566 1396 3628 consuetudinis
1426 3586 1548 3627 esse
1588 3579 1794 3636 natum,
1847 3571 2080 3641 sed-per

483 3663 961 3734 repromissionem
987 3676 1055 3717 ex
1086 3661 1328 3732 lougmvo
1355 3668 1511 3731 patre
1550 3669 1605 3715 et
1635 3654 1815 3714 vetula
1855 3668 2028 3714 matre
2058 3676 2073 3714 :

484 3763 543 3810 et
569 3755 712 3825 quod
755 3752 928 3823 majus
960 3763 1066 3819 est,
1094 3753 1285 3816 sterili,
1319 3752 1429 3807 Deo
1458 3761 1752 3821 operante,
1783 3758 1942 3806 natus
1971 3759 2085 3806 est.

558 3847 691 3915 Quae
711 3865 807 3920 per
830 3846 1137 3918 allegoriam
1160 3856 1279 3900 sunt
1309 3846 1471 3910 dicta,
1501 3846 1553 3901 id
1578 3853 1663 3901 est
1686 3859 1805 3915 quin
1830 3842 2078 3915 superius

486 3941 631 3998 dicta
673 3949 801 3996 sunt
850 3941 917 3996 de
947 3940 1091 4010 Agar
1124 3946 1179 3995 et
1222 3937 1380 3995 Sara.
1426 3938 1505 3994 De
1543 3937 1733 3994 lsmael
1777 3952 1990 4008 quoque
2023 3943 2080 3992 et

481 4034 641 4091 Isaae
686 4033 1003 4106 spiritaliter
1050 4043 1178 4088 sunt
1223 4033 1366 4087 dicta
1394 4073 1409 4097 ,
1459 4013 1789 4102 et'spiritali
1840 4030 2081 4100 indigent

480 4127 841 4199 expositione.
871 4125 1025 4180 Hanc
1050 4125 1214 4180 habet
1249 4124 1708 4180 consuetudinem.
1721 4124 1912 4178 beatus
1939 4120 2078 4174 Pau-

480 4219 588 4283 lus,
615 4229 677 4275 ut
704 4218 1004 4289 spiritalem
1032 4218 1440 4288 intelligentiam
1469 4216 1783 4288 allegoriam
1823 4213 2087 4285 appellet.’

482 4311 752 4381 Mlegoria
794 4319 977 4365 autem
1018 4310 1233 4380 proprie
1279 4310 1347 4364 ad
1393 4308 1779 4379 grammaticos
1822 4305 2073 4377 pertinet.

482 4405 584 4462 Est
610 4405 754 4460 enim
786 4411 973 4475 tropus
1006 4419 1113 4473 quo
1139 4403 1282 4457 aliud
1307 4401 1641 4473 signiﬁcatur
1664 4400 1808 4470 quod
1838 4398 2074 4465 dicitur;

481 4506 539 4552 et
575 4510 697 4565 qum
734 4494 822 4549 hic
864 4494 1006 4549 dicta
1053 4502 1211 4558 sunt,
1242 4493 1529 4564 allegorice
1557 4489 1903 4560 inwlligenda
1930 4497 2081 4555 sunt,

481 4597 545 4645 ut
565 4588 843 4657 sequentia
864 4584 1232 4643 manifestam.
1258 4586 1405 4646 "(130,
1433 4585 1627 4656 inquit,
1648 4594 1769 4638 sunt
1793 4583 1898 4637 duo
1920 4592 2068 4637 testa.

2101 4636 2157 4698 D

2178 3372 2445 3427 terminus
2468 3380 2626 3427 terra:
2655 3374 3115 3444 repromissionis,
3144 3376 3198 3430 in
3218 3390 3326 3446 qua
3349 3385 3438 3430 est
3456 3375 3784 3445 JerusalemI

2176 3472 2250 3530 et,
2279 3465 2394 3535 ipsa
2419 3465 2738 3529 Jerusalem,
2761 3467 2920 3521 servit
2951 3484 3069 3521 cum
3093 3468 3224 3537 ﬁliis
3245 3469 3380 3534 suis,
3410 3470 3467 3525 id
3498 3481 3587 3526 est
3613 3486 3789 3528 sacer-

2177 3558 2395 3613 dotibus
2420 3568 2475 3614 et
2501 3559 2814 3616 doctoribus
2833 3561 2927 3630 qui
2956 3561 3011 3615 in
3038 3559 3335 3617 Jerusalem
3362 3564 3617 3620 maxime
3641 3566 3789 3619 habi-

2176 3650 2385 3715 tabant,
2418 3666 2540 3705 cum
2576 3649 2833 3720 subjectis
2866 3653 2979 3707 suis
3005 3654 3362 3723 omnipotenti
3391 3653 3511 3710 Deo
3539 3656 3647 3710 sub
3675 3672 3785 3711 ser-

2177 3740 2347 3797 vitute
2373 3741 2550 3812 legali.
2579 3742 2809 3807 Arabia,
2851 3743 3131 3814 provincia
3165 3754 3248 3799 est
3277 3744 3482 3800 multas
3509 3756 3705 3817 gentes
3736 3756 3787 3802 et

2177 3832 2428 3904 regiones
2459 3835 2510 3888 in
2544 3849 2604 3889 se
2626 3835 2934 3900 continens,
2960 3837 3300 3893 Ammonitas
3327 3838 3610 3903 videlicet,
3644 3840 3786 3894 Moa-

2177 3924 2341 3991 bitas,
2378 3924 2742 3992 Philisthaeos,
2774 3925 3035 3982 Idumaeos
3059 3934 3115 3982 et
3137 3927 3271 3982 alia's
3300 3930 3693 3999 quamplures.
3728 3930 3785 3987 lu

2179 4034 2285 4090 qua
2313 4020 2591 4091 provincia
2617 4028 2702 4076 est
2742 4018 2872 4075 Sina
2904 4035 3080 4087 mons,
3114 4029 3280 4077 tantae
3304 4024 3711 4094 magnitudinis
3734 4032 3787 4081 et

2178 4110 2552 4184 longitudinis,
2583 4120 2644 4167 ut
2671 4112 3044 4168 conterminus
3076 4112 3149 4168 sit
3194 4121 3354 4168 terrae
3402 4118 3787 4185 repromissio-

2179 4204 2287 4268 nis,
2320 4204 2462 4259 sicut
2488 4211 2633 4269 sunt,
2660 4204 2812 4260 verbi
2838 4205 3029 4276 gratia,
3064 4215 3278 4262 montes
3298 4207 3395 4277 qui
3420 4209 3657 4281 cingunt
3678 4209 3783 4264 Its-

2178 4296 2328 4361 liam,
2352 4305 2407 4350 et
2433 4296 2679 4351 dividunt
2708 4297 2778 4352 ab
2803 4297 2925 4353 aliis
2955 4300 3156 4369 regnis.
3180 4299 3249 4355 Et
3264 4301 3448 4355 omnia
3475 4317 3601 4371 qure
3628 4318 3785 4374 supe-

2180 4391 2295 4446 rius
2337 4391 2599 4462 praemisit
2626 4390 2935 4460 Apostolus,
2964 4392 3087 4448 ideo
3119 4393 3292 4449 texuit
3332 4402 3394 4448 ut
3421 4396 3490 4449 ad
3528 4395 3635 4451 hoc
3667 4412 3785 4466 per-

2179 4491 2389 4546 veniret
2411 4490 2554 4561 quod
2585 4490 2744 4544 modo
2771 4490 2899 4545 dicit
2927 4490 2994 4545 de
3026 4490 3153 4545 Sina
3178 4501 3381 4556 monte,
3414 4491 3508 4562 qui
3540 4501 3626 4547 est
3655 4492 3786 4549 viri-

2181 4599 2283 4638 nus
2304 4594 2463 4639 terrae
2485 4582 2817 4646 Judazorum,
2834 4591 2894 4638 ut
2904 4583 3213 4639 ostenderet
3232 4584 3449 4640 Iudaeos
3470 4602 3581 4640 non
3605 4586 3781 4641 solum

413 4674 420 4683 ’
482 4690 681 4745 menta,
714 4680 765 4735 id
801 4689 885 4735 est
919 4680 1006 4734 illa
1038 4695 1157 4750 quae
1183 4693 1346 4748 supra
1370 4684 1667 4732 memorata
1694 4684 1839 4740 sunt,
1873 4674 2079 4745 signiﬁ-
2103 4674 2156 4698 ν
2181 4693 2279 4747 per
2306 4677 2477 4748 legem
2504 4691 2666 4747 quam
2695 4685 3040 4747 acceperunt,
3073 4692 3261 4733 servos
3295 4693 3436 4743 esse,
3478 4679 3576 4734 sed
3613 4680 3783 4733 etiam

478 4778 611 4828 cant
642 4769 750 4825 duo
779 4778 1127 4826 testamenta.
1164 4767 1297 4822 Nam
1327 4775 1590 4838 quantum
1618 4764 1684 4819 ad
1709 4779 1927 4820 sensum
1952 4777 2083 4834 per—

491 4865 624 4919 tinet
659 4862 876 4928 littcrm,
903 4860 1133 4933 Agariet
1162 4859 1297 4915 Sara
1326 4860 1445 4915 dua:
1473 4857 1728 4913 mulieres
1760 4856 1995 4923 luerunt,
2023 4862 2081 4912 et

485 4954 679 5013 lsmael
709 4961 764 5008 et
808 4952 961 5008 Isaac
1004 4953 1112 5009 duo
1156 4952 1423 5007 homines.
1466 4950 1738 5018 Quantum
1786 4956 1966 5003 autem
2009 4948 2078 5003 ad

480 5047 783 5121 spiritalem
837 5047 1164 5103 intellectum
1226 5046 1458 5111 attinet,
1505 5045 1648 5117 Agar
1692 5043 1916 5107 ancilla,
1959 5056 2081 5114 quae

486 5138 655 5196 ﬁlium
700 5138 886 5211 genuit
922 5141 979 5193 in
1017 5139 1305 5200 servitute,
1335 5137 1605 5209 signiﬁcat
1630 5137 1951 5207 lcgemquae
1978 5150 2075 5207 ge-

484 5231 603 5287 nuit
627 5239 680 5286 et
708 5231 895 5286 habuit
916 5228 1197 5286 Judaicum
1221 5228 1476 5301 pupulum
1504 5229 1604 5283 sub
1628 5228 1904 5283 servitutis
1926 5226 2069 5297 iugo.

484 5321 541 5379 lu
561 5337 670 5393 quo
697 5337 827 5393 ergo
854 5321 955 5377 luit
977 5321 1233 5377 Judaicus
1256 5321 1486 5391 papulas
1508 5319 1734 5375 servus?
1762 5319 1819 5373 lu
1843 5319 1947 5373 hoc
1972 5318 2081 5371 uti;

483 5432 626 5490 que,
667 5417 791 5488 quia
834 5415 1130 5486 cogebatur
1173 5413 1397 5471 servire.
1430 5412 1565 5482 legi,
1608 5410 2076 5466 circumcisiouem

481 5523 726 5575 servare,
754 5507 943 5579 legalis
972 5504 1240 5563 sacriﬁcia
1269 5503 1487 5569 offerre,
1518 5501 1574 5558 et
1598 5512 1791 5559 caetera
1828 5503 2077 5559 innume-

482 5599 673 5657 rabilia
698 5598 992 5663 custodire,
1029 5613 1150 5669 qua:
1192 5597 1411 5668 impune
1456 5611 1563 5652 non
1604 5604 1857 5667 poterant
1900 5604 2078 5652 trans-

481 5693 654 5767 gredi.
696 5691 814 5755 Non
860 5691 1033 5748 solum
1065 5698 1246 5747 autem
1291 5690 1561 5761 corporali
1604 5690 1859 5747 vindictae
1902 5699 2079 5746 trans-

482 5800 704 5858 gressor
748 5784 1099 5857 suhjacebat,
1146 5784 1244 5841 sed
1291 5784 1458 5841 etiam
1503 5784 1867 5839 maledictioni
1906 5782 2076 5852 subii-4

481 5877 899 5953 ciebaturmuaa
925 5888 982 5933 et
1008 5879 1124 5950 ipsa
1150 5877 1269 5949 lege
1302 5878 1686 5935 continebatur
1716 5896 1726 5931 :
1764 5876 2078 5933 Maledictus

2179 4786 2248 4826 ex
2273 4771 2552 4826 vicinitate
2581 4770 2845 4834 locorum,
2872 4778 2927 4825 et
2961 4771 3087 4839 quia
3118 4786 3275 4828 mons
3300 4770 3409 4826 illis
3443 4770 3779 4835 adhaerebat.

2181 4859 2237 4915 in
2256 4875 2366 4932 quo
2391 4860 2559 4932 legem
2588 4860 2863 4915 servitutis
2888 4870 3232 4932 acceperunt.

2193 4969 2199 4975 '
2252 4961 2358 5016 Illa
2399 4950 2574 5017 autem
2611 4978 2730 5034 qua:
2760 4979 2968 5017 sursum
2997 4973 3072 5018 est
3117 4962 3439 5019 Jerusalem.
3476 4962 3783 5022 Jerusalem

2183 5068 2302 5124 quae
2331 5052 2718 5122 interpretatur
2736 5053 2867 5107 visio
2895 5055 3041 5125 pacis
3059 5096 3073 5122 ,
3103 5054 3371 5127 signiﬁcat
3400 5066 3650 5112 sanctam
3685 5058 3785 5115 Ec-

2180 5147 2402 5203 clesiam
2443 5146 2612 5202 Deum
2647 5155 2825 5202 mente
2853 5147 3122 5203 videntem
3145 5189 3159 5214 ,
3183 5165 3303 5220 quae
3333 5160 3553 5206 constat
3591 5166 3661 5207 ex
3689 5168 3783 5207 an-

2180 5239 2312 5311 gelis
2356 5248 2412 5294 et
2455 5238 2802 5305 hominibus,
2830 5255 2971 5318 .qure
3017 5240 3212 5309 partim
3257 5242 3371 5311 jam
3420 5252 3614 5314 regnat
3656 5259 3780 5299 cunt

2178 5331 2429 5397 Christo,
2459 5331 2657 5402 partim
2691 5341 2871 5388 autem
2901 5333 3077 5387 adhuc
3115 5336 3501 5405 peregrinatur
3528 5351 3561 5390 a
3585 5336 3699 5391 Deo
3728 5338 3780 5391 in

2179 5410 2359 5477 terris.
2394 5420 2502 5477 Sed
2534 5420 2601 5478 de
2643 5421 2729 5476 illa
2774 5438 2894 5493 qua:
2927 5421 3041 5491 jam
3071 5439 3193 5479 cum
3237 5424 3458 5481 Christo
3501 5438 3694 5499 regnat
3728 5429 3779 5482 iu

2180 5513 2384 5583 angelis
2412 5523 2465 5567 et
2494 5514 2805 5570 hominibus
2828 5515 3009 5586 justis.
3039 5516 3239 5587 partim
3278 5518 3330 5572 in
3366 5534 3615 5590 corpore,
3642 5536 3779 5591 par-

2180 5605 2278 5661 tim
2310 5606 2362 5661 in
2405 5606 2585 5661 anima
2608 5648 2622 5672 ,
2655 5621 2761 5662 non
2809 5616 2894 5663 est
2932 5608 3152 5663 dubium
3184 5610 3315 5679 quin
3348 5627 3563 5666 sursum
3606 5612 3678 5667 sit
3724 5613 3779 5666 in

2181 5696 2387 5753 cmlesti
2417 5697 2771 5754 beatitudine.
2808 5698 2885 5754 De.
2916 5699 3019 5755 ista
3049 5709 3231 5756 autem
3263 5715 3384 5771 quae
3420 5701 3591 5758 adhuc
3613 5716 3777 5772 pere-

2181 5786 2427 5859 grinatur
2453 5789 2507 5843 in
2537 5789 2719 5854 terris,
2756 5789 3103 5859 quaerendum
3131 5800 3215 5845 est
3239 5792 3510 5861 quomodo
3556 5808 3775 5848 sursum

2182 5879 2272 5934 sit.
2322 5877 2548 5933 Sursum
2582 5878 2781 5934 dicitur
2802 5895 2943 5945 esse,
2977 5880 3103 5950 quia
3145 5880 3270 5936 licet
3296 5896 3522 5952 mrpore
3560 5882 3777 5938 inhabi-
