3996 6506
900 404 1264 467 EXPOSITIO
1301 404 1368 461 IN
1406 404 1556 461 EPP.
1599 403 1659 461 S.
1699 402 1827 459 ΡΑῑ

1926 443 1930 455 ,
1966 432 2036 442 -
2070 400 2135 455 ΙΝ
2175 396 2393 456 EPIST.
2431 398 2526 456 AD
2565 393 2817 456 GALAT.

3393 402 3498 462 690

228 536 301 583 tet
343 504 576 589 terrain,
607 529 789 578 mente
833 527 1013 576 tamen
1051 519 1318 575 inhabitat
1356 517 1585 581 ccelum,
1619 515 1806 570 dicens
1831 519 1884 577 Α
1910 513 2123 569 dicente
2151 513 2380 569 Domino
2411 514 2479 569 ad
2499 512 2775 570 Abraham
2806 532 2818 568 :
2848 513 2914 568 In
2942 513 3137 571 semine
3162 526 3251 571 tuo
3287 518 3500 574 benedi-

225 635 346 675 cum
371 614 628 689 Apostolo
657 633 671 670 :
701 612 897 669 Nostra
928 622 1103 668 autem
1129 612 1451 667 conversatio
1485 611 1541 664 in
1566 607 1706 663 aclis
1734 614 1811 661 est

196 774 199 777 _
228 708 447 782 (Philip.
474 707 583 778 ιιι),
605 714 661 762 et
686 720 900 777 semper
924 705 1166 762 caelestia
1186 718 1351 775 opera
1374 702 1505 773 agit,
1531 701 1583 756 id
1609 709 1693 756 est
1723 698 1812 754 illa

224 816 321 873 per
344 815 463 871 qua:
503 798 570 854 ad
593 798 815 855 caeleste
863 813 1088 869 regnum
1119 796 1289 867 possit
1332 793 1658 866 pertingere.
1682 791 1812 860 Qua:

228 893 386 950 etiam
410 891 547 947 bene
561 900 735 948 mater
758 899 943 947 nostra
962 890 1178 956 dicitur,
1201 889 1329 959 quia
1354 887 1580 960 apostoli
1595 896 1649 942 et
1676 902 1816 943 mar-

229 997 394 1060 tyres,
428 986 709 1057 sanctique
737 985 1250 1059 prmdicatores,qui
1275 1001 1372 1040 nos
1392 992 1811 1056 praecesserunt,

228 1077 331 1148 ipsi
361 1092 460 1133 nos
484 1087 788 1149 genuerunt
822 1078 878 1133 in
923 1077 1026 1132 ﬁde
1066 1077 1270 1134 Christi
1318 1092 1414 1132 sua
1459 1076 1726 1141 doctrina,
1760 1084 1818 1131 et

229 1168 342 1224 suis
394 1170 611 1242 scriptis
656 1178 818 1239 atque
865 1167 1147 1239 exemplis.
1198 1168 1272 1231 De
1317 1183 1422 1239 qua
1469 1166 1817 1238 generatione

225 1262 360 1318 dicit
387 1261 675 1332 Apostolus
705 1261 999 1318 Corinthiis
1030 1275 1046 1315 :
1080 1257 1187 1316 Per
1210 1259 1559 1330 Evangelium
1590 1274 1684 1330 ego
1729 1273 1817 1314 vos

223 1354 381 1427 genui
407 1352 457 1424 (Ι
482 1350 605 1407 Cor.
630 1352 726 1423 tv).

199 1502 213 1510 _
298 1446 562 1517 Scriptum
587 1456 662 1502 est
685 1447 824 1501 enim
847 1460 866 1497 :
893 1445 1123 1507 Lteture,
1139 1444 1352 1509 sterilis,
1371 1461 1487 1516 qua:
1517 1461 1620 1499 non
1648 1444 1816 1514 paris,

221 1547 330 1596 etc.
361 1538 474 1595 Hoc
506 1540 874 1596 testimonium
906 1539 962 1594 in
992 1539 1127 1594 lsaia
1157 1538 1495 1594 nobilissimo
1521 1538 1818 1608 propheta-

219 1647 346 1688 rum
377 1632 625 1687 habetur.
652 1631 807 1700 Quod
836 1621 1125 1702 dupliciter
1159 1639 1337 1705 potest
1376 1629 1625 1702 intelligi.
1675 1628 1821 1684 Dicit

219 1738 355 1795 ergo
384 1723 640 1784 Ecclesiae
669 1725 737 1779 de
767 1725 1018 1795 gentibus
1046 1741 1167 1795 quae
1190 1725 1282 1781 diu
1307 1733 1360 1779 et
1390 1722 1551 1792 longo
1576 1729 1820 1792 tempore

1910 614 2093 660 centur
2134 620 2312 659 omnes
2352 615 2526 676 gentes
2568 603 2719 678 (Gen.
2755 610 2917 679 xx"),
2942 616 2999 663 et
3036 608 3179 665 sicut
3221 608 3373 667 Isaac
3416 625 3503 667 se-

1911 697 2148 759 cundum
2173 698 2587 768 promissionem
2615 709 2776 758 natus
2803 711 2919 770 est,
2958 703 3030 760 ita
3057 718 3155 760 nos
3182 702 3280 761 ﬁlii
3312 720 3502 763 sumus

1910 802 2303 858 promnssronis.

1880 922 1917 939 π
1985 879 2093 938 Sed
2129 882 2388 953 quomodo
2428 893 2551 938 tunc
2576 887 2621 941 is
2649 889 2738 958 qui
2783 891 3069 945 secundum
3110 908 3321 949 carnem
3344 882 3503 952 natus

1886 1023 1893 1029 .
1914 972 2109 1044 fuerat,
2138 982 2243 1030 etc.
2267 975 2571 1047 Alloquitur
2591 977 2881 1050 Apostolus
2912 983 3135 1041 Galatas
3155 995 3214 1041 ut
3237 1002 3297 1044 se
3318 998 3500 1044 custo-

1882 1066 2066 1129 ._diant
2091 1084 2123 1123 a
2149 1068 2370 1136 ludatis,
2410 1085 2478 1126 ne
2501 1073 2711 1141 possint
2737 1074 2806 1129 ab
2834 1076 2914 1131 eis
2950 1079 3133 1134 seduci
3160 1099 3174 1134 ε
3204 1079 3249 1135 Ο
3276 1079 3501 1150 Galatas,

1889 1166 2103 1229 .cavete
2136 1168 2191 1214 et
2215 1160 2483 1218 declinata
2510 1179 2540 1217 a
2571 1160 2769 1220 Iudaeis
2802 1185 2815 1221 :
2842 1169 3096 1237 quoniam
3134 1171 3275 1227 sicut
3311 1172 3504 1230 lsmacl

1888 1253 2011 1323 .qui
2057 1257 2350 1311 secundum
2401 1256 2648 1315 humanae
2693 1264 3101 1337 consuetudinis
3140 1280 3298 1321 usum
3344 1272 3507 1327 natus

1916 1351 2054 1411 erat,
2078 1348 2268 1401 eodem
2294 1347 2453 1403 modo
2473 1365 2581 1420 quo
2609 1353 2857 1421 superius
2880 1353 3135 1425 diximus,
3164 1360 3507 1429 persequeba-

1896 1442 2008 1490 tur
2038 1445 2164 1493 tunc
2191 1438 2373 1505 lsaac,
2416 1441 2507 1511 qui
2538 1445 2831 1500 secundum
2864 1446 3161 1517 spiritalem
3208 1452 3504 1521 repromis-

1919 1528 2125 1583 sionem
2153 1529 2313 1586 datus
2343 1530 2519 1589 fuerat
2543 1535 2794 1603 Abrahae,
2824 1538 2897 1593 ita
2923 1549 2970 1594 et
3000 1538 3136 1596 nunc
3162 1545 3508 1615 persequitur

1892 1668 1899 1669 ,
1912 1618 2163 1690 judaicus
2184 1625 2426 1695 populus,
2449 1628 2539 1699 qui
2562 1630 2877 1702 designatur
2896 1648 2993 1704 per
3014 1635 3293 1692 lsmaelem
3320 1649 3509 1695 natum

1898 1714 1988 1777 ,de
2033 1716 2247 1783 ancilla,
2278 1721 2532 1790 populum
2578 1721 2943 1781 Christianum
2992 1737 3049 1784 et
3091 1728 3226 1785 alios
3268 1730 3359 1801 qui
3410 1731 3508 1787 de-

216 1815 428 1871 sterilis
455 1816 657 1872 mansit
683 1831 713 1870 a
740 1816 886 1871 bono
908 1830 1090 1887 opere,
1123 1826 1181 1872 et
1211 1818 1322 1873 Deo
1351 1816 1493 1872 ﬁlios
1517 1830 1623 1870 non
1650 1829 1817 1884 gene-
1922 1804 2205 1877 Signanti"
2236 1824 2333 1880 per
2373 1811 2519 1869 Isaac
2557 1823 2743 1870 natum
2772 1815 2840 1874 de
2864 1817 3057 1880 libera,
3088 1828 3147 1874 ut
3182 1822 3248 1877 ad
3277 1823 3509 1880 servitu-

219 1911 386 1976 ram,
418 1910 521 1967 hoc
551 1919 633 1967 εει
654 1926 685 1966 a
714 1886 1088 1969 ἀθειωοίίοηθ
1111 1913 1277 1968 mnis
1308 1910 1492 1977 [hbe],
1521 1926 1641 1981 qua:
1663 1925 1807 1965 nunc
1835 1886 1883 1950 Β
1908 1903 2018 1959 tem
2049 1897 2168 1954 illos
2204 1898 2340 1971 legis
2375 1901 2653 1960 inclinent.
2699 1905 2778 1962 De
2813 1907 2939 1964 ludo
2974 1924 3267 1980 puerorum
3312 1913 3511 1971 lsrnael

217 2011 309 2058 est
351 2002 586 2074 Babylon
629 2019 799 2074 usque
828 2007 898 2060 ad
942 2004 1231 2060 adventuum
1277 2002 1512 2059 Domini.
1556 2002 1629 2057 lbi
1667 2002 1813 2057 enim

219 2098 454 2153 divisum
486 2105 572 2153 est
603 2097 805 2153 labium
836 2098 1099 2155 universae
1126 2106 1316 2164 terrae,
1352 2107 1409 2153 et
1443 2096 1815 2153 tantummodo

218 2188 323 2245 Dei
353 2190 589 2261 cognitio
616 2191 671 2244 in
700 2189 813 2245 sola
844 2191 1005 2246 domo
1041 2190 1388 2246 Hebraeorum
1414 2189 1633 2245 mansit.
1658 2188 1816 2244 Dica-

222 2289 320 2336 tur
341 2296 472 2351 ergo
497 2300 510 2335 :
537 2279 761 2347 Laetare,
792 2281 846 2336 id
870 2290 952 2337 est
978 2282 1152 2352 gaude
1171 2291 1226 2337 et
1254 2280 1487 2347 exsulta,
1514 2296 1548 2336 o
1573 2279 1815 2337 Ecclesia

221 2371 294 2427 de
335 2372 617 2443 gentibus,
665 2388 786 2442 qua:
826 2380 987 2429 antea
1031 2374 1232 2430 sterilis
1264 2389 1419 2439 eras,
1451 2381 1507 2429 et
1550 2388 1670 2442 quae
1704 2371 1815 2427 Deo

218 2465 369 2523 ﬁlios
399 2482 503 2521 non
550 2466 833 2536 pariebas,
870 2483 1080 2537 erumpe
1120 2468 1175 2522 in
1220 2467 1506 2538 gaudium,
1549 2476 1598 2520 et
1644 2464 1816 2520 clama

220 2573 343 2629 prae
371 2557 537 2613 nimia
570 2558 929 2628 jucunditate,
953 2574 1073 2630 qua:
1098 2574 1204 2614 non
1245 2558 1516 2630 pariebas,
1539 2557 1665 2628 quia
1693 2557 1815 2628 plu-

222 2666 324 2708 res
353 2650 444 2705 ﬁlii
478 2650 587 2706 Deo
609 2651 817 2721 accepti
847 2650 943 2706 tibi
966 2658 1126 2706 erunt
1160 2666 1325 2721 quam
1352 2649 1672 2723 Synagogae,
1697 2664 1819 2719 qua:

218 2743 506 2817 quondam
555 2744 743 2800 habuit
784 2745 953 2800 Deum
991 2745 1416 2816 omnipotentem
1460 2759 1648 2799 verum
1689 2758 1817 2814 pro-

158 2895 165 2903 ,
220 2843 497 2894 tectorem
530 2836 637 2904 sui,
662 2836 745 2892 vel
783 2852 904 2908 qua:
940 2836 1103 2892 modo
1132 2836 1413 2908 gloriatur,
1461 2845 1517 2892 et
1560 2845 1715 2908 putat
1759 2852 1821 2893 se

218 2928 438 2986 habere
475 2943 664 2983 verum
708 2928 913 2995 Deum,
954 2944 1078 2984 cum
1126 2927 1277 2983 illum
1319 2928 1580 2983 amissum
1626 2928 1824 2983 habeat

220 3028 522 3092 postquam
566 3018 735 3085 dixit,
771 3035 873 3075 non
918 3020 1168 3075 habemus
1209 3035 1379 3090 regem
1427 3020 1528 3073 nisi
1557 3016 1821 3073 Cwsarem

221 3110 282 3191 (1
292 3128 418 3165 οαη.
448 3110 586 3182 nx).
616 3111 871 3167 Dicamus
892 3119 947 3167 et
973 3110 1135 3167 altius
1154 3112 1309 3182 juxta
1333 3111 1549 3167 beatum
1569 3112 1822 3183 Augusti-

1917 1998 1973 2045 et
2015 1989 2187 2057 Isaac,
2234 1990 2405 2048 Judaei
2441 1997 2591 2050 varia
2635 1997 2926 2055 disserunt.
2978 2002 3206 2071 Quidam
3243 2005 3387 2061 enim
3423 2006 3509 2063 di-

1918 2094 2066 2152 cunt,
2098 2087 2224 2157 quia
2256 2088 2465 2144 volebat
2494 2092 2726 2160 quodam
2756 2109 2954 2166 genere
2983 2096 3093 2152 ludi
3119 2114 3415 2169 provocare
3440 2102 3513 2158 ad

1918 2179 2133 2246 saltum,
2153 2190 2340 2239 tenens
2362 2184 2623 2253 perticam
2646 2186 2700 2241 in
2720 2203 2907 2255 manu,
2931 2190 3022 2246 ubi
3042 2192 3271 2262 optabat
3286 2208 3409 2249 eum
3434 2194 3513 2250 ita

1918 2271 2209 2339 debilitari,
2235 2284 2294 2329 ut
2332 2276 2584 2349 indignus
2624 2277 2779 2335 ﬁeret
2819 2281 3024 2338 honore
3066 2284 3411 2356 primogeniti
3455 2296 3515 2343 et

1918 2367 2233 2424 haereditate
2264 2378 2507 2439 paterna.
2538 2370 2766 2439 Quidam
2804 2374 2967 2430 etiam
3006 2376 3228 2445 dicunt,
3258 2379 3385 2449 quia
3415 2396 3513 2436 vo-

1918 2459 2065 2515 lebat
2088 2461 2137 2517 ei
2182 2463 2410 2518 suadere
2439 2462 2759 2534 quibusdam
2806 2467 3230 2538 turpitudinibus
3268 2472 3512 2541 misceri,

1916 2568 2021 2623 pro
2046 2568 2155 2623 quo
2183 2554 2434 2610 notabilis
2449 2563 2504 2610 et
2529 2555 2802 2627 despectui
2830 2558 3124 2616 haberetur
3149 2563 3290 2632 patri
3314 2571 3372 2619 et
3397 2580 3515 2621 ma-

1922 2646 2011 2712 tri,
2041 2654 2096 2702 et
2123 2656 2181 2701 ut
2206 2647 2460 2713 diximus,
2500 2648 2755 2719 indignus
2799 2650 2951 2706 ﬁeret
2992 2653 3198 2710 honore
3237 2656 3513 2729 primoge-

1920 2737 2043 2793 niti.
2073 2730 2289 2795 Sciebat
2312 2740 2457 2795 enim
2487 2755 2546 2795 se
2571 2740 2718 2797 nullo
2741 2743 2901 2799 modo
2921 2759 3081 2815 posse
3113 2747 3423 2820 pertingere
3445 2750 3516 2808 ad

1922 2829 2293 2885 hereditatem
2337 2839 2619 2902 paternam
2665 2841 2720 2889 et
2769 2833 3085 2906 dignitatem
3136 2837 3514 2910 primogeniti,

1921 2930 2109 2993 utpote
2140 2923 2232 2993 qui
2260 2938 2327 2979 ex
2355 2924 2550 2980 ancilla
2590 2935 2728 2993 erat,
2765 2927 2892 2983 licet
2930 2928 3324 3001 primogenitus
3350 2930 3515 3001 foret,

1923 3017 2025 3071 nisi
2052 3017 2197 3073 illum
2227 3019 2299 3074 ita
2324 3021 2731 3092 vituperabilem
2759 3025 3051 3082 redderent
3072 3038 3165 3082 aut
3188 3027 3242 3083 in
3263 3035 3518 3098 corpore,

1924 3110 2101 3164 autin
2130 3109 2347 3167 levitate
2388 3114 2605 3180 mentis,
2639 3124 2697 3169 ut
2733 3117 2873 3186 patri
2903 3127 2958 3171 et
3000 3117 3162 3173 matri
3202 3133 3302 3188 pro
3344 3118 3519 3176 nihilo

218 3217 385 3269 nam,
420 3202 717 3259 referentes
741 3203 847 3259 ista
877 3204 943 3259 ad
974 3202 1296 3267 Ecclesiam,
1327 3219 1448 3274 quas
1486 3202 1600 3273 jam
1630 3212 1820 3275 regnat
1925 3201 2234 3258 duceretur.
2263 3202 2372 3259 Sed
2398 3204 2659 3275 quidquid
2688 3205 2815 3261 illud
2858 3206 3043 3274 fuerit,
3087 3207 3247 3279 plane
3271 3216 3518 3281 apparet,

220 3309 359 3351 cum
388 3292 606 3349 Christo
633 3293 688 3349 in
716 3293 893 3359 caelis,
921 3310 1040 3364 qua:
1080 3294 1280 3350 sterilis
1303 3292 1621 3365 appellatur,
1651 3308 1759 3349 non
1788 3309 1820 3349 a
1849 3285 1895 3349 C
1926 3291 2074 3347 illum
2118 3292 2297 3349 ludum
2341 3311 2450 3350 non
2486 3296 2785 3368 simplicem
2816 3296 3016 3366 fuisse,
3056 3314 3157 3370 pro
3196 3316 3305 3372 quo
3342 3312 3524 3363 mater

220 3385 380 3441 bono
408 3399 572 3456 opere
600 3394 654 3442 et
683 3385 841 3442 laude
861 3385 1137 3443 Creatoris
1166 3386 1273 3453 sui,
1315 3386 1409 3442 sed
1443 3385 1647 3441 carnali
1690 3401 1820 3456 pro-
1922 3380 2234 3457 indignata;
2276 3387 2534 3457 pra:cepit
2558 3388 2765 3458 pariter
2792 3398 3026 3447 matrem
3059 3407 3182 3447 cum
3205 3392 3337 3460 ﬁlio,
3364 3407 3398 3449 a
3424 3395 3520 3451 do-

219 3476 526 3549 pagatione
550 3491 565 3531 :
595 3486 816 3548 propter
840 3486 1119 3549 peccatum
1149 3477 1294 3533 enim
1320 3477 1467 3532 venit
1503 3491 1669 3543 mors,
1701 3491 1823 3547 quae
1922 3493 2012 3533 mo
2040 3490 2093 3534 et
2112 3479 2392 3535 consortio
2407 3478 2502 3535 ﬁlii
2533 3479 2688 3536 liberi
2711 3479 2854 3551 ejici.
2879 3483 3075 3539 Beatus
3099 3484 3264 3540 etiam
3284 3484 3521 3556 Aposto-

223 3568 379 3625 nihil
405 3570 548 3625 aliud
578 3578 662 3626 est
705 3570 811 3627 nisi
850 3570 1131 3627 dissolutio
1171 3569 1583 3635 elementorum,
1612 3577 1666 3625 et
1698 3585 1825 3641 pro-
1924 3575 2033 3634 tus,
2063 3567 2252 3624 doctus
2292 3569 2359 3624 ad
2397 3569 2561 3640 pedes
2594 3569 2927 3640 Gamalielis,
2958 3571 3095 3646 legis
3131 3575 3392 3644 doctoris,
3418 3576 3516 3648 qui

221 3671 364 3733 pter
396 3665 626 3718 mortem
657 3662 805 3718 venit
847 3663 1119 3718 successio
1162 3660 1415 3717 ﬁliorum.
1464 3661 1521 3716 in
1569 3661 1824 3733 praesenti
1924 3673 2140 3714 omnem
2190 3660 2471 3716 scientiam
2519 3662 2654 3735 legis
2695 3671 2752 3718 et
2795 3667 3180 3736 prophetarum
3226 3684 3348 3739 qua:
3393 3678 3521 3726 tunc

212 3756 509 3836 gsiquidem
536 3757 648 3811 vita
683 3771 904 3813 necesse
939 3766 1024 3813 est
1050 3766 1110 3812 ut
1135 3766 1487 3828 procreantur
1513 3757 1606 3812 ﬁlii
1634 3772 1829 3812 carna-
1927 3750 2187 3820 temporis
2206 3753 2477 3821 Ρθηοιΐπί
2508 3762 2744 3823 Ροιθηιιι
2767 3754 3055 3823 ίηιθΠΘΧὶι,
3096 3759 3354 3818 Similiter
3373 3761 3524 3819 illum

226 3849 346 3915 les,
387 3849 477 3919 qui
524 3849 771 3920 patribus
814 3850 1044 3905 mortuis
1082 3849 1164 3905 vel
1212 3850 1491 3905 morituris
1535 3848 1831 3904 succedant

212 3943 295 4019 in
333 3941 706 3997 haereditatem
731 3955 745 3993 :
769 3940 825 3994 in
849 3939 941 3994 illa
976 3946 1157 3995 autem
1192 3939 1523 3994 beatitudine
1553 3939 1643 3993 ubi
1670 3952 1831 3993 nemo

224 4033 494 4101 moritur,
524 4048 633 4088 non
661 4039 747 4088 est
789 4046 1014 4088 necesse
1050 4040 1109 4086 ut
1148 4032 1243 4087 ﬁat
1289 4032 1564 4088 successio
1595 4030 1831 4086 ﬁliorum

210 4105 343 4197 aper
390 4124 831 4195 propagationem
894 4125 1095 4179 carnis.
1137 4124 1476 4196 Quapropter
1534 4124 1835 4195 appellatur

226 4217 472 4291 sterilis,
498 4224 553 4272 et
576 4217 772 4272 dicitur
799 4217 850 4273 ei
887 4216 1274 4288 co'ngaudendo
1302 4232 1432 4273 voce
1465 4218 1783 4289 prophetica
1816 4236 1843 4273 :.

227 4313 479 4374 Latiare,
513 4325 547 4366 ο
575 4308 836 4375 Ecclesia,
879 4309 1080 4365 sterilis
1117 4326 1149 4365 a
1195 4309 1399 4366 carnali
1433 4312 1833 4380 procreatione,

229 4416 369 4474 quae
408 4414 514 4455 non
555 4400 705 4471 paris
734 4400 873 4456 ﬁlios
910 4400 1157 4457 carnales
1194 4417 1317 4457 cum
1360 4402 1546 4459 dolore
1578 4411 1633 4459 et
1670 4403 1838 4459 nimia

232 4496 538 4559 anxietate,
572 4495 699 4566 quia
725 4495 907 4566 plures
937 4494 1035 4550 ﬁlii
1063 4495 1291 4552 desertae
1314 4497 1584 4567 quondam
1626 4496 1840 4568 gentili-

231 4589 379 4651 tatis
401 4589 618 4645 venient
648 4587 776 4655 tibi,
805 4603 968 4659 quam
995 4603 1062 4645 ex
1094 4588 1376 4662 Synagoga
1418 4605 1540 4660 qua:
1574 4590 1704 4647 olim
1737 4591 1837 4646 ha-

1928 3837 2109 3895 ludum
2149 3858 2253 3897 non
2284 3843 2583 3915 simplicem
2610 3861 2730 3901 esse
2764 3847 2999 3914 sciebat,
3027 3864 3189 3919 quem
3236 3852 3525 3923 appellavit

1928 3932 2383 3999 persecutionem.
2414 3931 2642 3989 Volebat
2680 3936 2826 3991 enim
2851 3952 2975 3992 eum
3019 3938 3192 3994 levem
3229 3950 3283 3995 et
3322 3943 3525 3998 scurri-

1932 4021 2035 4077 lem
2066 4022 2262 4088 facere,
2299 4040 2363 4079 ac
2383 4025 2646 4095 dignitate
2676 4028 2900 4098 privari,
2928 4037 2981 4084 et
3013 4045 3070 4086 se
3099 4032 3399 4089 sublimari.

2005 4111 2109 4169 Sed
2141 4116 2265 4187 quid
2300 4116 2428 4170 dicit
2462 4115 2779 4187 Scriptura?
2808 4119 2956 4189 Eiice
2988 4120 3237 4176 ancillam
3268 4133 3317 4178 et
3352 4124 3525 4193 ﬁlium
3552 4148 3555 4151 λ

1934 4207 2069 4279 ejus.
2102 4208 2372 4275 Quantum
2417 4210 2485 4266 ad
2519 4209 2757 4266 litteram
2800 4212 3069 4282 pertinet,
3102 4215 3175 4270 ob
3213 4215 3526 4287 hujusmodi

1937 4314 2158 4355 causam
2201 4316 2363 4371 quam
2395 4301 2934 4375 diximus,praecepit
2976 4320 3099 4360 eam
3138 4319 3316 4364 mater
3354 4308 3477 4380 ejici
3509 4330 3522 4366 :

1939 4397 2200 4460 quantum
2239 4406 2367 4447 vero
2406 4393 2475 4449 ad
2511 4394 2813 4465 spiritalem
2859 4395 3268 4467 intelligentiam
3311 4402 3526 4470 attinet,

1939 4482 2178 4552 quandiu
2223 4482 2394 4540 Judaei
2446 4486 2658 4542 ancillae
2707 4486 2805 4542 ﬁlii
2857 4488 3042 4545 volunt
3081 4505 3224 4558 esse,
3255 4501 3309 4548 et
3356 4493 3526 4550 ﬁlium

1940 4574 2125 4631 libera:
2170 4579 2443 4649 persequi,
2470 4579 2574 4636 hoc
2620 4590 2726 4647 est,
2750 4584 2989 4652 quandiu
3032 4584 3137 4657 legi
3178 4586 3365 4644 volunt
3407 4604 3529 4647 esse

231 4682 367 4739 hui,
394 4680 560 4736 Deum
583 4680 1006 4751 omnipotentem
1032 4680 1231 4747 virum,
1255 4680 1339 4736 γει
1380 4697 1500 4752 qua;
1535 4682 1695 4737 modo
1723 4681 1834 4753 διο.
1859 4664 1913 4725 D
1937 4668 2163 4740 subjecti
2196 4670 2250 4724 in
2278 4671 2689 4728 circumcisione
2710 4680 2764 4731 et
2791 4675 3075 4733 sacriﬁciis
3108 4677 3389 4748 legalibus,
3419 4695 3528 4737 non

235 4774 428 4829 riatur
453 4787 511 4827 se
530 4771 750 4827 habere.
776 4770 1039 4828 Omnibus
1060 4771 1205 4828 enim
1229 4781 1379 4843 patet
1401 4774 1587 4845 plures
1613 4790 1682 4830 ex
1703 4792 1837 4848 gen-

232 4854 397 4926 tibus
427 4868 660 4924 transire
683 4869 753 4924 ad
787 4868 1015 4941 gloriam
1042 4869 1429 4940 sempiternam
1457 4884 1620 4940 quam
1650 4884 1717 4923 ex
1746 4866 1841 4924 Ju-

237 4961 399 5020 daeis.
447 4959 713 5017 Similiter
754 4960 811 5017 in
846 4961 1100 5032 praesenti
1146 4960 1391 5017 Ecclesia
1441 4960 1623 5031 plures
1673 4960 1840 5016 habet

238 5055 395 5125 ﬁlios
431 5054 615 5112 ﬁdeles
651 5070 719 5111 ex
748 5053 1047 5127 gentilitate
1086 5068 1248 5124 quam
1279 5054 1344 5108 de
1384 5052 1688 5125 Synagoga.
1734 5051 1842 5109 Per

238 5134 444 5206 Omnes
465 5149 609 5205 enim
632 5162 780 5218 pene.
793 5147 1038 5204 civitates
1065 5155 1121 5202 et
1145 5145 1416 5218 regiones,
1440 5146 1590 5201 vicos
1626 5160 1843 5216 quoque

241 5249 310 5317 _et
340 5238 551 5295 villulas
590 5239 816 5312 gentiles
844 5238 1079 5295 clamant
1110 5253 1170 5294 se
1194 5237 1420 5293 credere
1463 5236 1517 5291 in
1544 5235 1840 5305 Christum,

242 5330 565 5388 Judazorum
596 5340 778 5390 autem
803 5347 961 5388 rarus
984 5340 1080 5387 aut
1103 5330 1282 5388 nullus
1304 5329 1579 5387 invenitur
1605 5329 1699 5401 qui
1725 5345 1845 5387 cre-

244 5406 384 5480 dere
413 5425 466 5481 in
493 5419 770 5482 Christum
795 5424 1138 5480 conﬁteatur.

332 5516 445 5572 Nos
489 5526 687 5583 autem,
711 5518 922 5589 fratres,
956 5519 1244 5573 secundum
1282 5517 1441 5573 Isaac
1479 5517 1844 5589 promissionis

241 5609 358 5683 [itii
389 5626 590 5679 sumus.
620 5608 806 5683 Jungit
840 5625 900 5665 se
929 5610 1218 5681 Apostolus
1241 5609 1447 5666 Galatis
1476 5608 1842 5675 credentibus,

245 5682 315 5779 et
340 5701 471 5769 dicit
484 5700 650 5767 ,ngos
674 5710 878 5767 autem,
899 5701 1120 5768 fratres,
1148 5704 1203 5759 id
1223 5712 1304 5759 est
1320 5719 1421 5774 ego
1442 5712 1498 5759 et
1519 5715 1633 5770 vos,
1659 5718 1847 5758 secun-

248 5793 385 5855 dum
416 5794 569 5851 lsaac
607 5795 981 5869 promissionis
1021 5795 1118 5851 ﬁlii
1161 5812 1373 5863 sumus,
1400 5797 1504 5853 hoc
1530 5806 1657 5852 est:
1693 5794 1847 5851 Sicut

251 5878 361 5967 iras
395 5888 489 5958 qui
512 5887 570 5947 in
611 5888 888 5965 Christum
915 5890 1206 5960 credimus,
1247 5888 1346 5947 ﬁlii
1371 5888 1604 5951 Abrahae
1637 5903 1845 5965 sumus,

1943 4758 2227 4815 credentes
2258 4776 2315 4817 se
2345 4776 2443 4831 per
2473 4763 2781 4833 passionem
2811 4763 3013 4821 Christi
3042 4784 3200 4839 posse
3225 4769 3447 4835 salvari,
3475 4780 3531 4826 et

1943 4852 2183 4921 quandiu
2221 4867 2320 4908 nos
2355 4853 2545 4910 volunt
2585 4856 2835 4927 persequi
2880 4859 2973 4929 qui
3008 4857 3121 4928 jam
3156 4876 3344 4917 sumus
3370 4863 3528 4918 liberi

1944 4941 2122 4999 eﬁ‘ecti
2162 4944 2231 4999 ab
2267 4946 2581 5001 haereditate
2610 4946 2866 5004 Ecclesiae
2896 4951 3189 5020 repellendi
3224 4961 3369 5009 sunt.
3405 4952 3532 5008 Non

1943 5037 2081 5091 enim
2108 5038 2273 5093 haeres
2312 5040 2409 5093 erit
2447 5040 2592 5110 [ilius
2634 5042 2842 5097 ancilla:
2883 5061 3001 5099 cum
3038 5044 3153 5115 ﬁlio
3190 5045 3389 5103 liberat.
3416 5046 3532 5105 Hoc

1944 5137 2048 5196 est,
2072 5128 2213 5186 ﬁlius
2235 5132 2443 5202 peccati
2468 5142 2525 5188 et
2551 5134 2706 5190 mal-ac
2727 5137 3199 5207 concupiscentiae,
3215 5153 3335 5209 qua
3353 5132 3536 5212 potest

1945 5221 2170 5296 intelligi
2200 5239 2296 5295 per
2321 5225 2590 5295 ancillam,
2624 5227 2767 5285 ﬁlius
2791 5231 3030 5288 carnalis
3055 5231 3215 5303 legis,
3239 5218 3339 5304 qui
3358 5232 3530 5306 legem

1945 5313 2240 5370 carnaliter
2266 5315 2560 5373 observare
2598 5319 2811 5389 nititur,
2843 5338 2952 5379 non
2992 5326 3100 5378 erit
3133 5324 3309 5381 haeres
3337 5326 3391 5381 in
3424 5328 3535 5382 hae—

1946 5409 2175 5467 reditate
2204 5410 2393 5481 patriae
2420 5410 2657 5468 caelestis
2699 5427 2821 5469 cum
2857 5414 2981 5471 ﬁliis
3018 5415 3224 5483 liberis,
3254 5419 3347 5490 qui
3377 5418 3532 5476 liberi

1948 5503 2256 5560 etiiciuutur
2284 5506 2339 5561 in
2374 5507 2722 5578 baptismate,
2753 5525 2861 5565 non
2887 5510 3061 5566 solum
3088 5513 3158 5567 ab
3181 5512 3539 5587 originalibus

1950 5603 2208 5674 peccatis,
2234 5604 2327 5659 sed
2354 5603 2520 5659 etiam
2552 5605 2621 5660 ab
2650 5605 2799 5660 omni
2825 5607 3048 5662 servitio
3072 5606 3226 5677 legis.

2024 5706 2231 5778 Itaque,
2256 5707 2470 5777 fratres,
2495 5726 2599 5763 non
2618 5725 2800 5764 sumus
2837 5710 3044 5765 ancilla:
3065 5708 3184 5780 ﬁlii,
3207 5711 3299 5766 sed
3336 5711 3533 5769 liberie.

1950 5797 2009 5853 ld
2035 5807 2141 5865 est,
2168 5815 2274 5854 non
2313 5816 2501 5854 smnus
2519 5799 2631 5869 jam
2669 5799 2803 5873 legis
2838 5800 2955 5868 ﬁlii,
2981 5818 3101 5873 qua:
3129 5818 3255 5859 suos
3283 5804 3540 5873 observa;-

1954 5900 2102 5951 tores
2125 5907 2312 5953 servos
2341 5892 2493 5966 facit,
2525 5893 2619 5953 sed
2648 5894 2742 5951 lilii
2769 5910 2920 5955 novae
2943 5896 3131 5971 gratia.-
3160 5909 3217 5956 et
3238 5898 3335 5956 ﬁlii
3355 5897 3539 5956 Evan-
