3996 6492
467 418 567 479 soi
952 370 1302 481 HAYMDNIS
1337 408 1819 472 mansum
1859 404 2075 464 EPISC.
2110 404 2264 463 opp.
2308 401 2487 460 PARS
2523 402 2564 458 ι.
2604 426 2677 448 ο-
2700 397 3063 459 multum.
3104 398 3309 456 BIBL.‘
3652 397 3775 458 ess

464 530 598 605 gelii
649 547 745 602 per
792 530 1117 604 baptismum
1158 538 1218 591 et
1258 544 1358 601 per
1396 524 1556 585 dona
1584 527 1820 599 Spiritus
1860 522 2063 589 sancti,
2080 525 2135 584 Α
2161 534 2269 574 non
2289 518 2467 575 valeat
2486 533 2583 589 per
2603 517 2884 589 sealiquid
2908 516 3152 587 implere,
3171 517 3217 573 si
3240 516 3476 573 defuerit
3503 517 3770 605 spiritus.

473 637 595 693 qua:
627 622 935 693 accepimus
971 621 1081 677 tam
1119 621 1176 683 in
1214 622 1541 692 baptismate
1567 634 1728 690 quam
1760 633 1859 689 per
1880 618 2058 688 impo-
2162 621 2343 666 tamen
2369 611 2610 680 quandiu
2632 625 2662 665 a
2688 610 2880 681 spiritu
2895 609 3222 677 viviﬁcatur,
3245 624 3460 680 semper
3476 604 3774 665 contraria

473 713 725 771 sitionem
764 727 1017 768 manuum
1061 713 1461 783 episcoporum,
1498 720 1557 767 et
1585 725 1684 782 per
1723 708 2059 765 communio-

478 818 599 857 nem
640 804 883 871 corporis
911 813 966 859 et
990 805 1266 875 sanguinis
1296 803 1508 859 Domini
1538 804 1621 858 cui
1652 802 2058 873 participamus.

474 903 531 951 et
556 896 647 950 illa
676 896 913 951 libertate
941 912 1129 953 sumus
1152 897 1327 961 liberi,
1349 913 1455 968 qua
1484 894 1723 952 Christus
1745 912 1840 951 nos
1871 893 2063 949 libera-

474 986 571 1052 vit,
600 1002 699 1058 per
751 988 1059 1058 passiOHem
1099 1004 1252 1045 suam
1288 997 1342 1044 et
1384 1002 1485 1058 per
1521 986 1773 1057 baptismi
1811 985 2081 1057 gratiam.

482 1079 664 1137 Omnis
707 1082 853 1137 enim
906 1083 1000 1153 qui
1058 1082 1217 1138 ﬁdem
1258 1084 1488 1141 Abrahae
1522 1084 1706 1147 habet,
1743 1090 1796 1137 et
1824 1082 2065 1137 imitator

444 1174 698 1245 'operum
746 1176 978 1231 Abrahae
1023 1177 1238 1243 existit,
1281 1179 1469 1248 utique
1514 1177 1656 1231 ﬁlius
1690 1185 1775 1232 est
1807 1176 2060 1243 Abrahtc,

478 1284 586 1323 non
629 1286 726 1340 per
772 1278 1046 1337 naturam,
1075 1271 1167 1326 sed
1213 1286 1309 1334 per
1350 1270 1723 1333 imitationem,
1758 1271 1897 1326 sicut
1932 1268 2065 1324 alias

2160 701 2376 757 videtur
2412 703 2646 772 spiritui,
2679 702 2732 758 id
2769 710 2856 757 est
2896 701 3307 757 rationabilitati
3346 702 3567 757 mentis.
3615 699 3773 767 Qua-

2128 814 2133 819 ε
2159 803 2383 866 prepter
2413 795 2546 849 dicit
2573 795 2863 865 Apostolus
2890 812 2903 848 :
2928 793 3070 849 Caro
3102 796 3442 864 concupiscit,
3466 804 3577 849 etc.
3608 792 3768 859 Quo-

2160 888 2324 942 modo
2353 886 2690 958 concupiscit
2722 901 2852 942 caro
2879 887 3144 942 adversus
3169 886 3418 957 spiritum
3445 886 3768 940 audiamus.

2160 977 2302 1035 Caro
2327 978 2602 1034 desiderat
2629 992 2847 1048 semper
2878 977 3075 1048 repleri
3108 978 3265 1042 cibis,
3299 976 3580 1042 inebriari,
3600 976 3774 1030 lusu-

2164 1071 2331 1134 riare,
2361 1071 2415 1126 in
2440 1071 2586 1126 omni
2606 1069 2970 1126 delectatione
2991 1082 3233 1134 manere,
3264 1082 3520 1138 quaerens
3543 1081 3775 1137 semper

2129 1166 2309 1237 «quod
2345 1180 2500 1220 suum
2536 1172 2642 1219 est.
2677 1163 2814 1218 Ecce
2843 1160 3114 1233 quomodo
3139 1175 3269 1216 caro
3293 1159 3638 1229 concupiscit
3668 1154 3771 1211 ad-

2160 1271 2358 1313 versus
2385 1254 2922 1326 spiritum.Econtra
2950 1252 3175 1324 spiritus
3199 1252 3542 1320 concupiscit
3570 1250 3772 1304 adver-

2167 1364 2262 1405 sus
2279 1363 2522 1415 carnem,
2550 1348 2676 1417 quia
2704 1346 2792 1401 ille
2820 1345 3125 1401 delectatur
3138 1342 3384 1412 jejuniis,
3406 1341 3769 1407 abstinentia,

479 1447 707 1505 Abralmr
738 1454 858 1507 estis
888 1451 1088 1526 (Ca/at.
1126 1432 1231 1526 ut).
1261 1454 1362 1522 Qui
1396 1470 1524 1510 vero
1554 1455 1711 1510 ﬁdem
1754 1432 1918 1525 quam
1962 1455 2063 1509 ba-

2175 1441 2420 1497 castitatc
2457 1448 2515 1495 et
2532 1439 2618 1495 his
2636 1453 2759 1509 qua:
2776 1438 2927 1492 carni
2947 1436 3219 1526 contraria
3242 1443 3388 1490 sunt.
3402 1432 3518 1489 Sed
3538 1448 3772 1503 sequen-

477 1542 592 1609 bet,
625 1545 783 1601 bouis
828 1547 1081 1617 operibus
1125 1562 1233 1602 non
1273 1556 1518 1611 exornat,
1550 1547 1806 1602 nimirum
1835 1562 1944 1602 non
1974 1560 2066 1602 re-

2175 1534 2273 1591 dus
2306 1544 2393 1590 est
2426 1548 2646 1604 semper
2685 1532 2931 1603 spiritus,
2961 1531 3088 1602 quia
3125 1529 3213 1584 ille
3238 1527 3437 1598 quan-it
3478 1541 3583 1597 per
3620 1526 3769 1597 quod

481 1638 759 1708 putabitur
787 1638 928 1693 inter
968 1638 1107 1693 ﬁlios
1140 1638 1393 1701 Abrahae,
1426 1653 1603 1708 neque
1633 1638 1862 1709 accipiet
1896 1636 2070 1694 haere-

2175 1627 2351 1683 aoima
2387 1627 2523 1681 vivit
2555 1626 2685 1681 Deo.
2728 1624 2989 1680 Similiter
3032 1635 3319 1694 possumus
3360 1626 3420 1675 et
3455 1620 3527 1674 de
3561 1617 3771 1689 Spiritu

479 1728 707 1784 ditatem
734 1729 1006 1784 cmlestem
1042 1745 1163 1785 cum
1206 1730 1328 1785 illis.
1352 1728 1689 1800 Quapropter
1715 1730 2069 1785 laborandum
2172 1726 2364 1775 Sancto
2390 1719 2588 1773 dicere-
2620 1718 2756 1773 Dum
2788 1717 2932 1772 enim
2967 1714 3202 1771 carnalis
3230 1712 3528 1769 ἀειθοιειιῖο
3556 1711 3771 1766 «Side-

478 1825 563 1873 est
587 1816 836 1873 omnibus
864 1820 1037 1883 nobis,
1070 1828 1131 1874 ut
1168 1819 1327 1876 ﬁdem
1354 1836 1518 1891 quam
1551 1820 1815 1877 habemus
1842 1835 2067 1877 cxsecu-
2094 1886 2132 1891 _
2174 1819 2261 1868 ΐιῑ
2300 1809 2605 1881 ιωεετθάε
2650 1812 2921 1880 νιπόεριε
2985 1807 3081 1862 Dei
3106 1847 3122 1873 θ
3168 1808 3433 1861 “Versus
3499 1803 3768 1873 Βρίιῆωιι

480 1907 628 1964 tione
670 1910 934 1966 bonorum
986 1928 1214 1982 operum
1254 1914 1569 1971 Studeamus
1613 1915 1903 1983 decorare,
1948 1914 2065 1971 veri

2175 1911 2418 1961 sanctum
2433 1900 2790 1972 concupiscit,
2804 1907 2862 1955 et
2871 1898 2998 1955 dum
3014 1896 3255 1981 Spiritus
3273 1904 3501 1952 sanctus
3512 1894 3771 1966 prohibes

480 1997 782 2055 imitatores
810 2001 953 2057 illius
974 2000 1170 2058 elfecti.
2159 1996 2223 2055 in
2242 1996 2360 2067 lege
2377 2004 2434 2051 et
2452 1995 2731 2065 prophetis
2749 1993 2987 2063 atquein
3010 1990 3302 2061 Evangelia
3322 2004 3448 2060 quae
3468 2004 3608 2044 caro
3626 1986 3768 2043 desi-

2160 2086 2344 2153 derat,
2376 2087 2639 2142 adversus
2669 2084 2814 2140 illam
2847 2083 3203 2153 concupiscit.
3233 2079 3387 2137 Unde
3403 2080 3593 2136 subdit
3629 2080 3769 2149 Apo-

2160 2178 2339 2236 stolus
2365 2196 2378 2232 :
2405 2176 2555 2240 ch,
2582 2175 2853 2246 inquiens,
2879 2173 2933 2229 id
2956 2181 3040 2229 est
3063 2188 3193 2229 caro
3228 2181 3286 2228 et
3312 2172 3549 2242 spiritus
3571 2171 3675 2224 sibi
3694 2171 3768 2223 in-

555 2268 684 2324 Dico
699 2282 871 2325 autem
887 2271 940 2326 in
956 2269 1205 2328 Christo:
1226 2272 1428 2344 Spiritu
1443 2272 1725 2340 ambulate,
1742 2281 1790 2328 et
1806 2273 2070 2329 desideria
2167 2270 2329 2329 uicem
2349 2269 2719 2333 adversantur,
2732 2276 2838 2322 etc.
2859 2265 2953 2322 Sic
2964 2266 3066 2321 sibi
3083 2265 3317 2321 invicem
3336 2263 3624 2319 contraria
3641 2269 3768 2319 sunt

472 2364 658 2418 carnis
685 2380 787 2418 non
824 2365 1122 2435 perﬁcietis.
1162 2367 1240 2422 De
1269 2366 1370 2423 hac
1396 2366 1627 2423 lectione
1655 2366 1856 2423 diversi
1885 2367 2070 2423 docto-
2164 2376 2297 2418 caro
2317 2370 2374 2417 et
2393 2361 2637 2432 spiritus,
2656 2369 2716 2416 ut
2735 2359 2878 2430 quod
2901 2358 3016 2413 vult
3032 2372 3183 2422 eam,
3204 2373 3310 2412 non
3331 2356 3649 2411 consentiat
3666 2355 3765 2426 φί-

466 2462 571 2510 ‘res
608 2470 713 2510 non
746 2455 1028 2526 mqualiter
1052 2458 1313 2525 sentiunt,
1340 2458 1584 2514 dicentes
1610 2458 1826 2529 quidam
1859 2458 1926 2513 de
1962 2457 2067 2528 spi-
2168 2452 2308 2509 ritus
2328 2470 2341 2507 :
2359 2446 2418 2507 et
2435 2452 2578 2521 quod
2603 2451 2847 2521 spiritus,
2861 2465 2966 2506 non
2987 2450 3294 2506 consentiat
3316 2464 3467 2509 caro,
3485 2448 3621 2518 quia
3642 2461 3765 2503 caro

470 2546 586 2602 ritu
614 2548 850 2603 hominis
880 2548 1117 2605 locutum
1143 2564 1265 2606 esse
1293 2550 1381 2606 hic
1405 2550 1749 2622 Apostolum,
1771 2550 1913 2606 sicut
1939 2548 2069 2604 Cas.
2169 2545 2405 2601 delectat
2427 2546 2632 2601 servire
2653 2544 2820 2609 vitiis,
2842 2542 3068 2614 spiritus
3091 2548 3271 2597 autem
3297 2541 3624 2596 virtutibus.

472 2637 686 2703 'sianns,
709 2639 793 2693 vir
813 2640 1291 2710 prudentissimus,
1335 2641 1389 2695 in
1413 2639 1800 2695 Collationibus
1822 2638 2065 2704 Patruut,
2240 2638 2399 2705 Quod
2442 2640 2488 2693 si
2539 2638 2794 2692 ducuniui
2820 2637 3030 2707 spiritu.
3057 2636 3113 2692 ld
3147 2644 3249 2701 est,
3281 2636 3329 2690 si
3366 2633 3765 2690 rationabiliter

478 2729 700 2798 quidam
723 2728 1007 2799 deSpiritu
1031 2740 1319 2794 sancto,ut
1338 2730 1529 2786 beatus
1549 2730 1898 2802 Augustinus.
1914 2728 2069 2797 Quod
2168 2731 2352 2786 vivitis
2395 2738 2454 2786 et
2493 2728 2890 2786 conversamini
2910 2768 2926 2793 ,
2971 2742 3079 2783 non
3114 2728 3241 2782 estis
3272 2724 3501 2796 subjecti
3552 2725 3681 2795 tegi,
3710 2731 3763 2778 α

478 2830 773 2892 utrumque
794 2839 898 2878 non
926 2823 1242 2896 incongrue,
1272 2838 1449 2894 neque
1476 2832 1667 2879 contra
1692 2823 2068 2878 rectitudinem
2171 2836 2280 2877 non
2305 2830 2391 2876 est
2419 2820 2573 2876 vobis
2607 2819 2913 2875 necessaria
2951 2817 3059 2883 lex,
3082 2817 3207 2887 quia
3236 2816 3322 2872 lex
3358 2831 3469 2872 non
3499 2825 3584 2871 est
3606 2814 3765 2885 iustis

478 2915 607 2995 ﬁdei
638 2917 807 2988 accipi
836 2926 1033 2988 potest.
1052 2918 1305 2974 Dicamus
1327 2918 1509 2989 igitur,
1537 2918 1690 2987 juxta
1714 2915 2066 2973 Cassianum:
2169 2913 2370 2984 posita,
2400 2912 2494 2969 sed
2523 2911 2703 2981 impiis
2728 2918 2784 2966 et
2804 2911 3203 2979 peccatoribus.
3233 2909 3450 2964 Aliter:
3479 2906 3538 2963 Si
3572 2907 3762 2977 spiritu

482 3006 691 3079 Spiritu
720 3010 1012 3077 ambulate,
1045 3011 1099 3065 id
1128 3018 1210 3066 cst
1237 3010 1438 3080 Spiritu
1467 3010 1696 3066 ducente
1718 3009 1901 3064 vivite.
1930 3007 2069 3076 Quid
2171 3004 2452 3069 ducimini,
2483 3004 2536 3058 id
2558 3010 2642 3059 est
2676 3002 2723 3057 si
2747 3000 2954 3074 Spiritu
2995 3010 3185 3057 sancto
3205 2999 3615 3072 gubernamini,
3643 3006 3695 3054 et
3720 2998 3763 3053 si

481 3109 565 3156 est
591 3116 719 3173 ergo
742 3103 966 3172 spiritus
998 3103 1268 3159 hominis?
1297 3103 1673 3175 Principalitas
1706 3102 1919 3171 animae,
1948 3116 2071 3170 quae
2171 3098 2466 3153 secundum
2494 3096 2639 3166 quod
2674 3094 2910 3166 Spiritus
2935 3103 3157 3150 sanctus
3184 3096 3341 3150 docet
3369 3093 3425 3148 in
3461 3092 3763 3163 Scripturis

474 1360 765 1430 Apostolus
818 1362 990 1416 dicit:
1023 1362 1087 1418 Si
1130 1379 1254 1433 ergo
1307 1380 1396 1418 vos
1443 1360 1673 1428 Christi,
1720 1379 1842 1434 ergo
1891 1377 2066 1417 semen

1106 2158 1333 2219 CAPUT
1370 2158 1436 2216 γ.

482 3199 540 3245 et
566 3191 962 3249 rationabilitas
990 3193 1188 3249 mentis
1217 3193 1534 3264 appellatur,
1556 3209 1655 3264 per
1682 3207 1843 3265 quam
1872 3206 2067 3264 possu-

480 3296 603 3336 mus
638 3297 968 3354 cognoscere
1015 3284 1143 3355 quid
1182 3274 1475 3341 debeamus
1517 3293 1799 3356 appetere,
1840 3294 1894 3340 et
1937 3283 2069 3353 quid

486 3370 673 3426 vitare.
700 3371 759 3426 Si
791 3374 1009 3446 (inquit)
1041 3375 1231 3446 spiritu
1266 3376 1534 3441 vixeritis,
1563 3376 1665 3431 hoc
1703 3384 1805 3440 est,
1835 3376 1881 3431 si
1909 3374 2068 3444 juxta

483 3464 961 3519 rationabilitatem
989 3474 1043 3520 et
1067 3460 1395 3521 intellectum
1420 3471 1618 3521 mentis
1638 3465 1900 3530 vixeritis,
1939 3465 2073 3519 desi-

484 3546 632 3605 deria
666 3553 870 3617 carnis,
909 3553 961 3607 id
1008 3562 1091 3608 est
1147 3554 1411 3609 desideria
1463 3555 1698 3610 carnalis
1746 3554 1980 3609 hominis
2015 3562 2075 3609 et.

487 3641 941 3711 concupiscentiae
971 3642 1127 3696 malae
1155 3658 1220 3699 ac
1250 3643 1517 3699 desideria
1549 3643 1923 3699 delectationis
1946 3658 2073 3714 pra-

485 3744 572 3785 vae
612 3747 719 3785 non
754 3732 1054 3803 perﬁcietis.
1085 3733 1215 3802 Qua:
1263 3735 1372 3790 sint
1423 3735 1688 3790 desideria
1750 3734 1963 3797 carnis,
2017 3734 2072 3789 in

487 3825 944 3896 subsequentibus
996 3827 1451 3882 manifestabitur.
1488 3827 1737 3885 Dicamus
1785 3836 1839 3884 et
1892 3828 2071 3895 aliter,

490 3930 779 3992 sequentes
820 3936 1035 3978 sensum
1086 3923 1228 3978 beati
1258 3923 1563 3995 Augustini.
1598 3921 1795 3978 Nolunt
1844 3922 2085 3978 habetur-

488 4015 627 4086 apud
671 4016 933 4080 eruditos,
987 4014 1191 4087 Spiritu
1224 4023 1414 4071 sancto
1448 4016 1687 4071 dictante
1712 4025 1874 4087 atque
1913 4029 2072 4071 reve-

486 4109 633 4164 lantc
657 4108 770 4179 (qui
797 4108 956 4163 unius
981 4108 1297 4164 substantia:
1333 4120 1415 4163 est
1457 4124 1579 4163 cunt
1607 4107 1768 4164 Patre
1797 4116 1852 4163 et
1890 4105 2072 4178 Filio),

487 4199 800 4272 Scripturas
837 4217 1022 4257 sacras
1065 4202 1400 4271 conscriptas
1431 4217 1568 4267 esse,
1596 4209 1650 4256 et
1681 4202 1860 4257 omnia
1888 4201 2072 4255 divina

488 4296 701 4366 eloquia
733 4304 788 4351 et
830 4305 1094 4368 praecepta
1145 4312 1263 4366 qua:
1320 4298 1372 4351 in
1422 4296 1537 4366 lege
1587 4305 1644 4350 et
1695 4295 1972 4367 prophetis
2019 4301 2076 4350 et

493 4389 769 4458 Evangelii
815 4388 986 4458 gratia
1021 4390 1386 4454 continentur,
1418 4390 1485 4443 ab
1514 4389 1605 4444 illo
1650 4390 1773 4444 data
1812 4404 1953 4444 esse.
1988 4388 2075 4443 ld-

488 4481 639 4535 circo
665 4480 795 4535 dicit
820 4482 1111 4551 Apostolus
1143 4500 1156 4536 :
1185 4482 1390 4553 Spiritu
1422 4482 1714 4547 ambulate,
1749 4482 1801 4537 id
1829 4490 1913 4538 est
1937 4483 2077 4539 sicut

492 4571 728 4643 Spiritus
750 4583 968 4629 sanctus
998 4574 1153 4630 docet
1179 4590 1241 4629 ac
1267 4574 1511 4646 prmcipit
1536 4574 1590 4629 in
1613 4574 1808 4629 divinis
1835 4574 2076 4645 Scriptu-

490 4666 586 4732 ris,
601 4666 674 4721 ita
698 4665 861 4722 vivite
883 4677 936 4723 et
958 4667 1374 4732 conversamini,
1393 4665 1799 4722 ambulanteset
1821 4681 2072 4722 crescen—

487 4766 570 4813 tes
598 4758 661 4813 de
688 4759 888 4813 virtute
912 4759 963 4813 in
988 4760 1262 4825 virtutem,
1286 4759 1353 4814 de
1383 4760 1485 4814 ﬁde
1515 4759 1581 4814 ad
1602 4775 1774 4830 spem,
1794 4759 1860 4813 de
1880 4774 1974 4829 spe
2002 4760 2071 4816 ad

487 4849 832 4917 cbaritatetn,
864 4853 928 4904 de
961 4852 1225 4906 charitate
1253 4851 1320 4905 ad
1352 4851 1722 4922 operationem
1749 4849 2067 4921 perfectam.

488 4942 642 5011 Quod
659 4942 703 4996 si
730 4941 832 4997 hoc
850 4939 1110 5007 feceritis,
1133 4942 1394 4996 desideria
1419 4942 1655 5025 carnalis
1679 4928 2069 5013 concupiscen¥

486 5034 576 5089 tite
602 5051 705 5088 non
730 5032 1028 5104 perﬁcietis.
1045 5031 1182 5099 Quid
1206 5033 1455 5104 estquod
1485 5034 1614 5090 dicit
1632 5034 1965 5106 Apostolus?

557 5122 697 5180 Caro
735 5124 1053 5197 concupiscit
1084 5124 1331 5179 adversus
1359 5125 1622 5197 spiritum,
1654 5129 1871 5199 spiritus
1898 5139 2073 5185 autem

486 5220 737 5275 adversus
775 5235 1005 5274 carnem.
1051 5218 1299 5290 Nunquid
1333 5228 1512 5291 potest
1554 5236 1683 5277 caro
1719 5221 1919 5292 aliquid
1949 5237 2077 5279 con-

488 5325 791 5382 cupiscere,
832 5311 877 5367 si
920 5311 1152 5367 defuerit
1195 5313 1453 5383 spiritus?
1482 5314 1621 5370 Non.
1642 5313 1813 5385 Quod
1854 5314 2073 5384 probari

485 5412 668 5476 potest
697 5418 763 5459 ex
791 5404 1107 5475 corporibus
1134 5404 1379 5461 mortuis.
1410 5405 1702 5475 Postquam
1738 5404 1884 5459 enim
1915 5405 2076 5475 spiri-

488 5507 607 5554 tum
637 5496 1032 5563 exhalaverint,
1058 5513 1163 5551 non
1207 5496 1382 5553 solum
1417 5496 1799 5568 concupiscere
1838 5511 1944 5551 non
1986 5513 2076 5553 va-

490 5590 624 5656 leat,
649 5592 741 5645 sed
771 5589 935 5645 etiam
971 5589 1186 5659 aliquod
1207 5588 1596 5643 membrorum
1638 5602 1737 5658 per
1767 5603 1825 5644 se
1857 5604 2078 5647 movere

490 5697 598 5736 non
642 5690 889 5751 possunt.
924 5679 1154 5735 Carnem
1199 5693 1332 5751 ergo
1379 5677 1612 5749 appellat
1649 5679 1943 5748 hominem,
1984 5683 2078 5754 qui

492 5773 729 5829 carnalia
763 5782 972 5828 tantum
1000 5780 1057 5828 et
1079 5770 1379 5845 corporalia
1405 5770 1619 5841 quaerit,
1644 5774 1912 5829 carnalem
1941 5792 2076 5846 quo-

495 5886 602 5946 que
623 5868 1071 5929 consuetudinem
1093 5878 1148 5927 et
1169 5868 1601 5928 delectationem.
1619 5868 1768 5926 Licet
1788 5870 1929 5927 enim
1948 5888 2078 5931 caro

2175 3190 2381 3244 sanctis
2430 3188 2647 3252 vivitis,
2687 3203 2794 3244 non
2843 3188 2978 3244 estis
3017 3188 3219 3243 subditi
3273 3187 3411 3259 legi,
3457 3187 3556 3242 sed
3609 3185 3764 3242 alieni

2174 3281 2305 3337 estis
2330 3282 2399 3336 ab
2425 3294 2511 3345 ea,
2534 3279 2671 3335 nihil
2696 3279 2747 3334 ei
2776 3279 3055 3335 debentes.

2244 3370 2532 3441 Manifesta
2554 3378 2731 3425 autem
2769 3379 2892 3423 sunt
2921 3385 3078 3439 opera
3100 3370 3295 3434 curitis,
3319 3384 3441 3439 qua!
3465 3379 3618 3423 sunt.
3640 3367 3762 3425 0m-

2174 3462 2334 3516 nibus
2390 3461 2443 3516 in
2494 3459 2771 3516 Christum
2827 3460 3207 3525 credentibus,
3260 3461 3618 3530 maximaque
3668 3459 3767 3515 illis

2173 3551 2264 3622 qui
2293 3549 2589 3620 spiritalem
2626 3550 2793 3605 vitam
2807 3559 3102 3616 sectantur,
3134 3551 3189 3605 in
3216 3560 3425 3605 tantum
3464 3560 3599 3607 nota
3625 3560 3763 3615 sunt,

2173 3653 2235 3699 ut
2275 3645 2439 3699 etiam
2485 3644 2554 3699 ab
2598 3643 2706 3699 illis
2750 3658 2809 3699 se
2849 3642 3057 3699 alienos
3090 3644 3338 3708 reddant,
3373 3645 3617 3700 scientes
3646 3646 3766 3715 quia

2175 3746 2406 3795 mortem
2451 3744 2733 3807 generant.
2782 3733 3094 3791 Fornicatio
3129 3736 3330 3792 dicitur
3371 3751 3404 3792 a
3443 3736 3761 3802 fornicibus,

2177 3831 2283 3887 hoc
2319 3840 2405 3886 est
2449 3848 2481 3886 a
2521 3832 2656 3887 locis
2709 3830 3070 3886 theatralibus
3114 3838 3171 3886 et
3216 3830 3605 3903 lupanaribus,
3654 3846 3765 3901 qua

2174 3923 2495 3989 fornicibus,
2524 3924 2577 3979 id
2594 3931 2679 3979 est
2696 3924 2953 3990 arcubus,
2982 3932 3111 3979 sunt
3144 3932 3484 3990 constructa,
3504 3940 3637 3995 qua:
3653 3923 3763 3979 etsi

2177 4019 2427 4075 arenaria
2458 4028 2586 4074 tunc
2615 4018 3042 4089 appellabantur,
3074 4019 3129 4074 in
3155 4020 3355 4090 quibus
3382 4028 3548 4075 erant
3591 4034 3760 4074 mere-

2177 4111 2363 4177 trices,
2390 4125 2514 4166 cum
2544 4109 2742 4179 quibus
2762 4110 3259 4166 commiseebantur
3288 4111 3629 4181 spurcissimi
3659 4110 3765 4182 qui-

2177 4218 2300 4274 que.
2334 4201 2616 4258 Fornicari
2646 4210 2826 4257 autem
2865 4212 2952 4258 est
2994 4217 3122 4258 cum
3165 4201 3359 4273 puellis
3402 4201 3616 4268 liberis,
3646 4215 3759 4257 cum

2177 4294 2355 4350 viduis
2384 4294 2621 4348 nondum
2653 4294 2765 4351 Deo
2802 4293 3031 4350 sacratis
3078 4294 3246 4349 coire.
3276 4292 3650 4358 Immunditia,
3671 4292 3761 4347 iia-

2175 4385 2454 4457 pudicitia,
2479 4385 2714 4451 luxuria,
2744 4394 2929 4456 potest
2948 4384 3207 4455 appellari
3243 4399 3571 4455 quocunque
3606 4385 3761 4440 modo

2177 4479 2292 4537 ﬁat.
2318 4479 2557 4534 Luxuria
2585 4494 2718 4535 vero
2740 4488 2826 4535 est
2846 4479 3043 4535 noxius
3071 4479 3269 4533 humor
3293 4478 3755 4548 Superabundans.

2251 4573 2526 4630 [dolorum
2562 4574 2781 4629 servitus
2806 4582 2897 4629 est
2922 4572 3229 4633 idololatria
3250 4612 3269 4637 ,
3304 4586 3433 4641 quae
3472 4581 3607 4629 tunc
3634 4582 3759 4628 tem-

2178 4667 2328 4739 poris
2368 4675 2492 4729 erat
2529 4681 2666 4737 pene
2706 4666 2764 4723 in
2809 4666 3060 4724 erratibus
3085 4669 3355 4740 gentibus.
3384 4668 3684 4725 Possumus
3712 4675 3762 4722 et

2178 4773 2277 4829 per
2305 4758 2408 4814 hoc
2438 4757 2580 4827 quod
2612 4758 2770 4821 dicit,
2812 4757 3076 4814 idolorum
3104 4760 3361 4826 servitus,
3390 4759 3577 4818 altiori
3608 4774 3759 4817 senm

2179 4852 2463 4907 avaritiam
2484 4851 2802 4922 intelligere.
2824 4853 2978 4910 Unde
2996 4854 3054 4908 in
3068 4854 3306 4926 Epistola
3328 4856 3396 4911 ad
3418 4856 3758 4913 Colossenses

2179 4945 2426 5014 veneﬁcia
2451 4954 2577 5003 sunt
2611 4945 2900 5013 maleﬁcia,
2928 4948 3033 5003 hoc
3070 4957 3158 5003 est
3184 4948 3449 5005 maleﬁcae
3474 4958 3648 5016 artes,
3672 4964 3763 5021 per

2178 5052 2302 5107 qtae
2345 5048 2611 5108 coguntur
2644 5054 2788 5109 sepe
2826 5038 3013 5095 miseri
3054 5054 3239 5096 amate
3280 5049 3340 5097 et
3383 5043 3580 5097 amari.
3619 5041 3763 5099 Unde

2183 5128 2438 5189 dicuntur
2466 5129 2751 5196 veneﬁcia,
2779 5131 2932 5200 quasi
2962 5146 3171 5187 veneno
3207 5130 3431 5188 infecta.
3469 5131 3762 5187 lnimicitie

2180 5230 2309 5281 sunt
2330 5221 2486 5285 multo
2512 5223 2837 5278 voluntates.
2852 5222 3225 5277 Camenam
3246 5237 3395 5293 sape
3420 5237 3493 5279 ex
3515 5221 3761 5293 superbia

2178 5313 2480 5387 procedunt
2516 5314 2643 5384 quia
2675 5313 2865 5371 volunt
2906 5314 3236 5369 contendere
3277 5313 3347 5369 de
3374 5311 3763 5384 quaestionibus

2179 5406 2483 5461 divinarum
2513 5403 2916 5475 Scripturarum
2968 5412 3132 5475 atque
3167 5405 3337 5461 etiam
3382 5405 3759 5466 humanarum.

2180 5506 2242 5554 ut
2266 5498 2390 5553 dum
2411 5496 2485 5552 illi
2509 5496 2742 5558 victores
2773 5497 3032 5563 existunt,
3053 5496 3446 5569 gloriﬁcentur.
3471 5494 3761 5551 Instatis

2181 5599 2265 5646 est
2286 5589 2509 5655 invidia,
2540 5590 2606 5644 de
2623 5604 2731 5658 qua
2758 5588 2975 5660 legitur,
2998 5588 3143 5659 quod
3164 5587 3503 5654 simulantes,
3534 5588 3639 5643 hoc
3661 5593 3757 5650 est,

2181 5682 2484 5740 invidentes
2502 5682 2704 5752 .losepb
2732 5683 2931 5739 fratres
2959 5683 3065 5749 sui,
3091 5682 3452 5739 vendiderunt
3475 5681 3642 5738 illum.
3672 5677 3758 5733 Ira

2182 5784 2266 5833 est
2311 5776 2531 5849 grandis
2572 5775 2866 5835 commotio
2906 5776 3095 5831 animi.
3143 5775 3213 5830 Et
3256 5774 3362 5832 hoc
3413 5775 3585 5833 distat
3627 5773 3759 5828 inter

2182 5873 2383 5953 iratum
2410 5885 2480 5929 ac
2506 5870 2851 5938 iracundu,
2880 5869 3008 5944 quia
3046 5869 3221 5927 iratus
3257 5882 3357 5945 pro
3385 5878 3629 5943 tempore
3644 5876 3751 5943 est,
