3996 6446
197 441 206 446 _
239 367 343 424 693

883 366 1276 456 'EXPOSlTlO
1311 368 1378 425 IN
1414 367 1563 425 EPP.
1606 367 1671 448 S.
1705 366 1934 424 PAULI.
1972 398 2040 408 —-
2078 367 2146 421 IN
2184 367 2402 422 EPIS'l.
2441 368 2532 420 AD
2567 367 2818 423 GALAT.

3377 367 3510 424 ’694

237 483 528 539 iracundus
553 497 683 539 vero
707 481 865 539 facile
894 483 1166 551 irascitur,
1195 494 1248 541 et
1274 500 1486 556 semper
1512 500 1716 557 pronus
1742 491 1824 540 est
1851 486 1900 547 Α
1927 479 2145 535 Bonitas
2185 491 2268 536 est
2296 482 2433 535 bona
2471 481 2740 535 voluntas.
2779 481 3083 551 Benignitas
3139 489 3222 536 est
3266 481 3514 537 voluntas

233 577 306 632 ad
329 575 693 631 irascendum.
728 575 877 631 Rixae
907 587 1033 632 sunt
1064 579 1186 634 lites
1206 587 1259 633 et
1281 580 1655 634 contentiones
1706 593 1825 648 quae

233 667 555 739 plerumque
575 667 692 722 sine
712 683 874 723 causa
899 677 1215 740 exsurgunt.
1233 669 1498 725 Dissensio
1519 679 1602 725 est
1617 671 1824 726 discor-

215 761 322 825 ,dia
363 775 482 829 qua:
525 758 662 813 solet
695 759 824 814 oriri
858 759 1002 813 inter
1033 760 1286 814 maritum
1315 768 1371 814 et
1407 775 1654 825 uxorem,
1685 761 1827 816 inter

235 851 432 906 fratres
483 867 700 922 quoque
754 863 921 924 atque
971 853 1384 909 contubernales
1431 854 1514 910 vel
1565 854 1827 910 commili—

235 951 412 997 tones.
455 942 623 998 δαείω
651 951 776 999 sunt
802 943 1115 1000 divisiones.
1143 943 1287 999 Idem
1325 952 1534 1000 suntet
1566 944 1821 1000 haereses.

235 1034 498 1090 Dicuntur
543 1043 722 1092 autem
768 1035 853 1090 vel
895 1051 925 1090 a
967 1037 1238 1102 secando,
1295 1036 1347 1090 id
1371 1045 1467 1092 est
1508 1036 1819 1105 dividendo,

231 1137 296 1180 eo
337 1125 483 1193 quod
536 1125 776 1180 dividant
819 1142 878 1182 se
929 1142 957 1181 a
1001 1127 1382 1182 communione
1421 1127 1647 1183 aliorum
1682 1128 1825 1185 sicut

233 1213 478 1270 haeretici
500 1214 794 1281 faciebant,
823 1219 914 1288 qui
943 1219 1010 1273 ab
1035 1218 1290 1274 Ecclesiae
1313 1220 1520 1275 unitate
1545 1235 1605 1276 se
1635 1236 1822 1292 segre-

230 1307 452 1378 gabam,
480 1310 547 1364 de
575 1311 776 1380 quibus
808 1308 1042 1366 Joannes
1083 1313 1216 1368 dicit
1243 1332 1254 1367 :
1280 1313 1324 1366 Α
1367 1313 1514 1368 nobis
1549 1313 1820 1376 exierunt,

227 1401 321 1454 sed
364 1415 469 1454 non
499 1413 648 1457 erant
681 1419 744 1458 ea:
779 1403 924 1458 nobis
955 1404 1006 1476 (1
1033 1404 1195 1460 Joan.
1226 1405 1308 1477 ιι).
1339 1405 1436 1462 Vel
1475 1406 1638 1461 etiam
1669 1422 1698 1461 a
1741 1421 1825 1462 se-

227 1493 447 1564 quendo
493 1495 750 1552 dicuntur
777 1506 963 1565 sectae,
992 1498 1135 1554 sicut
1181 1499 1416 1555 hmreses
1447 1501 1514 1556 ab
1549 1500 1818 1572 eligendo,

223 1586 313 1640 vel
337 1587 588 1643 haerendo
609 1603 675 1643 ex
719 1604 785 1644 eo
834 1590 977 1661 quod
1019 1605 1085 1646 ex
1134 1590 1316 1646 multis
1346 1591 1625 1648 erroribus
1652 1607 1819 1647 unum

222 1675 446 1749 eligant,
479 1691 535 1735 et
571 1681 719 1736 illum
745 1692 1064 1753 sequantur.

300 1770 540 1828 Invidiw.
575 1774 776 1832 invidia
813 1776 866 1830 in
899 1777 1169 1847 geminam
1197 1776 1464 1832 scinditur
1485 1777 1815 1850 passionem,

1929 575 2326 647 promptissima
2369 575 2610 629 moribus
2647 583 2702 628 et
2748 573 2891 628 dulci
2933 573 3149 645 eloquio
3193 581 3512 645 temperata,

1930 667 2165 721 invitans
2209 681 2316 719 non
2355 665 2531 720 solum
2566 665 2860 720 benevolos
2888 666 2955 719 ad
2975 680 3038 720 se
3067 665 3386 735 diligendos,
3420 665 3516 719 sed

1921 758 2151 828 insuper
2197 757 2319 812 illos
2365 757 2458 827 qui
2503 757 2763 812 contrarii
2813 757 3134 812 videbantur
3180 772 3320 812 esse.
3363 756 3516 816 Unde

1925 849 2126 905 dicitur
2148 849 2433 921 benignus,
2461 848 2616 918 quasi
2642 847 2798 903 valde
2824 848 3094 918 nimisque
3118 849 3309 904 bonus.
3350 846 3514 902 Fides

1924 949 2010 996 est
2053 955 2159 1011 qua
2203 940 2478 996 credimus
2516 938 2687 992 Deum
2736 939 3162 1008 omnipotentem
3219 938 3516 992 trinitatem

1927 1031 2130 1088 habere
2168 1032 2222 1086 in
2261 1030 2532 1103 personis,
2562 1029 2825 1084 unitatem
2857 1029 2912 1083 in
2943 1030 3245 1085 substantia
3275 1048 3290 1084 :
3325 1038 3377 1085 et
3407 1045 3518 1099 qua

1923 1137 2209 1193 speramus
2235 1131 2290 1178 et
2314 1122 2585 1178 credimus
2615 1135 2678 1176 ea
2715 1135 2835 1190 qum
2879 1121 3108 1176 necdum
3152 1121 3414 1175 videmus.
3448 1119 3518 1174 ll-

1925 1211 2100 1268 larum
2143 1213 2286 1268 enim
2326 1228 2511 1267 rerum
2554 1225 2692 1282 quas
2720 1211 2988 1277 videmus,
3017 1224 3192 1280 neque
3233 1220 3315 1266 est
3360 1210 3515 1278 ﬁdes,

1926 1321 2100 1376 neque
2141 1322 2286 1376 spes,
2333 1305 2428 1361 sed
2480 1305 2694 1360 illarum
2724 1319 2843 1375 quas
2887 1306 3119 1359 necdum
3149 1303 3277 1358 visa:
3323 1313 3447 1359 sunt
3483 1318 3515 1358 a

1925 1399 2114 1464 nobis;
2143 1398 2291 1452 verbi
2323 1397 2496 1468 gratia
2524 1416 2537 1452 :
2563 1397 2833 1454 credimus
2869 1396 3157 1452 Dominum
3178 1395 3360 1452 Jesum
3393 1411 3519 1466 pas-

1925 1505 2045 1545 sum
2077 1505 2215 1557 esse,
2245 1491 2614 1546 resurrexisse
2658 1505 2688 1544 a
2735 1489 2988 1556 mortuis,
3013 1497 3069 1544 et
3099 1489 3409 1544 ascendisse
3446 1487 3514 1542 ad

1924 1583 2122 1649 caelos,
2178 1592 2466 1638 venturum
2519 1583 2587 1638 ad
2629 1583 2891 1652 judicium
2947 1583 3172 1638 reddere
3222 1581 3515 1652 unicuique

1923 1675 2218 1730 secundum
2255 1674 2398 1745 quod
2452 1682 2710 1729 meretur.
2753 1673 2911 1729 Fides
2964 1682 3047 1729 est
3095 1681 3150 1727 et
3196 1673 3511 1740 credulitas,

1923 1778 2029 1833 qua
2056 1779 2336 1833 speramus
2365 1779 2429 1818 ea
2457 1779 2578 1834 qua:
2603 1779 2712 1818 non
2745 1764 3020 1819 cernimus
3045 1764 3216 1820 oculis
3247 1764 3508 1834 corporis.

219 1879 350 1918 eum
381 1875 477 1920 aut
502 1867 548 1922 is
581 1869 671 1938 qui
701 1869 755 1923 in
801 1870 1007 1923 honore
1041 1879 1146 1934 est,
1178 1870 1368 1926 videns
1406 1869 1570 1925 alium
1615 1878 1816 1926 attente

1926 1854 2211 1920 Modestia,
2255 1863 2339 1910 est
2387 1855 2748 1910 mansuetudo
2795 1866 2850 1910 et
2903 1855 3094 1909 lenitas
3145 1856 3361 1918 mentis,
3393 1868 3515 1923 quae

222 1957 529 2022 attendere,
561 1958 764 2015 invidet
802 1960 851 2016 ei
885 1976 956 2016 ne
1008 1961 1073 2016 ad
1103 1963 1351 2017 eumdem
1380 1962 1660 2033 pervenire
1689 1979 1816 2034 pos-

219 2047 300 2102 sit
348 2046 611 2107 honorem
653 2068 670 2107 :
719 2060 813 2106 aut
861 2068 985 2108 cum
1038 2053 1231 2125 aliquis
1281 2055 1508 2112 alterius
1560 2055 1818 2111 felicitate

221 2148 534 2211 torquetur,
579 2143 770 2200 videns
836 2145 984 2201 illum
1041 2147 1373 2218 superiorem
1420 2165 1500 2204 se.
1551 2147 1814 2203 Ebrietas.

217 2231 406 2288 Briam
459 2249 660 2305 genere
711 2239 1016 2294 masculino
1069 2239 1301 2296 dicimus
1354 2239 1578 2296 calicem
1631 2249 1816 2310 aptum

216 2324 428 2392 petioni
471 2326 602 2394 vini.
634 2327 957 2382 Comessatio
983 2328 1183 2384 dicitur
1207 2345 1411 2385 mensa:
1449 2329 1664 2385 collatio
1701 2330 1817 2385 sive

216 2428 427 2469 nienses
452 2414 760 2472 alternatio.
789 2416 926 2473 Sunt
950 2420 1096 2474 enim
1119 2421 1366 2476 cnnvivia
1397 2437 1517 2492 quae
1540 2421 1836 2476 celebran-'

217 2513 316 2560 tur
361 2507 669 2576 alternatim
717 2521 776 2566 et
823 2515 1199 2583 prteparantur
1238 2528 1269 2567 a
1304 2513 1466 2569 sociis
1492 2528 1592 2584 per
1619 2513 1732 2569 dies
1761 2521 1817 2568 et

215 2598 399 2664 vices;
430 2610 559 2655 sunt
590 2601 692 2657 alia
733 2620 854 2673 quae
879 2620 945 2660 ex
978 2606 1467 2662 communicatione
1502 2621 1816 2678 praeparano

216 2699 332 2756 tur,
364 2693 582 2762 quando
612 2710 752 2751 unus
789 2695 946 2752 aﬂ‘ert
981 2711 1198 2768 panem,
1229 2697 1364 2754 alius
1409 2699 1593 2753 vinum
1614 2740 1629 2765 ,
1677 2699 1814 2754 alius

213 2782 390 2839 aliud.
437 2785 568 2852 Quae
624 2788 827 2845 idcirco
867 2790 1209 2861 appellantur
1243 2792 1683 2857 comessationes,
1711 2791 1814 2848 hoc

212 2883 306 2930 est
346 2892 550 2933 mensa:
592 2879 942 2946 collationes,
985 2882 1111 2953 quia
1159 2883 1300 2938 sicut
1343 2897 1536 2939 omnes
1581 2884 1815 2954 propriis

211 2977 452 3025 utuntur
499 2971 638 3028 cibis
681 2981 739 3028 et
783 2976 1182 3041 communibus,
1214 2975 1290 3030 ita
1331 2976 1494 3031 etiam
1523 2991 1624 3047 pro
1658 2977 1814 3032 libitu

211 3076 323 3116 suo
354 3065 723 3134 unusquisque
759 3067 1018 3138 quidquid
1050 3067 1392 3123 scurrilitatis
1431 3077 1485 3122 et
1525 3068 1815 3124 otiositatis

209 3157 264 3212 ei
312 3156 489 3226 placet
530 3158 792 3228 loquitur,
837 3160 956 3216 ideo
1003 3169 1268 3216 vocantur
1315 3161 1492 3232 turpia
1541 3161 1808 3216 convivia.

1927 1948 2052 2003 laesa
2100 1965 2205 2002 non
2251 1947 2408 2004 facile
2453 1948 2725 2004 irascitur.
2761 1946 3093 2002 Continentia
3128 1957 3209 2002 est
3239 1947 3511 2002 abstinen-

1926 2042 1998 2095 tia
2029 2057 2137 2112 qua
2182 2057 2240 2097 se
2283 2042 2500 2096 cohibet
2533 2043 2694 2096 homo
2741 2055 2769 2095 a
2824 2040 2993 2104 coitu,
3027 2049 3079 2095 ct
3120 2039 3312 2094 nmlicr
3351 2040 3511 2093 vidua

1922 2135 2176 2190 similiter
2199 2135 2266 2189 ab
2291 2134 2545 2190 omnibus
2572 2133 2861 2189 illecebris.
2891 2130 3119 2186 Castitas
3144 2148 3273 2186 vero
3294 2130 3514 2202 proprie

1920 2225 2190 2296 virginum
2223 2233 2326 2291 est,
2363 2224 2506 2280 unde
2543 2223 2741 2279 dicitur
2782 2223 3004 2278 castitas
3043 2223 3196 2293 quasi
3219 2229 3510 2276 castratus.

1921 2317 1989 2372 Et
2027 2318 2131 2372 hoc
2167 2327 2252 2373 est
2287 2319 2432 2373 inter
2471 2315 2864 2374 continentiam
2911 2325 2964 2370 et
3007 2314 3313 2370 castitatem
3341 2351 3356 2378 ,
3387 2311 3513 2381 quia

1919 2410 2256 2465 continentia
2301 2417 2479 2479 potest
2522 2423 2643 2464 esse
2683 2408 3110 2478 conjugatorum,
3143 2406 3426 2460 viduarum
3460 2411 3514 2458 et

1920 2502 2204 2557 viduarum
2260 2511 2422 2573 atque
2468 2502 2740 2574 virginum
2773 2519 2786 2553 :
2817 2501 3044 2556 castitas
3079 2514 3206 2556 vero
3241 2499 3511 2569 virginum

1919 2593 2136 2663 proprie
2165 2601 2267 2649 est.

1990 2684 2254 2739 Aduersus
2300 2684 2609 2755 ItuJusmodi
2647 2700 2750 2738 non
2775 2693 2849 2739 est
2874 2683 2978 2749 lex,
3010 2683 3064 2738 id
3093 2691 3176 2737 est
3205 2677 3516 2749 huiusmodi

1919 2777 2232 2832 hominibus
2268 2776 2396 2832 talia
2443 2778 2793 2848 operantibus
2833 2792 2938 2833 non
2979 2784 3063 2832 est
3110 2775 3196 2830 lex
3236 2771 3510 2830 contraria

1918 2884 2094 2938 neque
2137 2868 2242 2924 illis
2279 2869 2590 2925 necessaria
2627 2888 2639 2923 :
2690 2869 2890 2924 etenim
2937 2868 3097 2923 alieni
3138 2875 3266 2921 sunt
3305 2865 3373 2920 ab
3421 2878 3508 2920 ea.

1919 2962 2099 3029 Quare
2140 2978 2247 3017 non
2285 2971 2367 3017 est
2406 2962 2490 3016 lex
2542 2961 2647 3018 illis
2685 2961 2988 3017 necessaria
3012 3001 3026 3027 ,
3071 2969 3162 3014 aut
3204 2957 3514 3014 contraria?

1918 3055 2052 3112 dicit
2083 3056 2173 3112 illa
2201 3074 2214 3111 :
2240 3054 2356 3112 Non
2388 3055 2743 3120 adulterabis,
2774 3070 2881 3109 non
2910 3053 3143 3108 occides.
3173 3051 3249 3105 llli
3282 3066 3389 3106 non
3420 3064 3509 3105 so-

1919 3147 2032 3203 lum
2079 3149 2183 3205 hoc
2215 3163 2323 3204 non
2355 3147 2581 3214 faciunt,
2615 3147 2709 3202 sed
2738 3147 2900 3201 etiam
2927 3143 3238 3200 castitatem
3268 3149 3509 3207 servant,

211 3248 294 3304 Et
319 3250 400 3304 his
428 3249 645 3316 siinilia,
676 3252 934 3309 subaudis
971 3263 1218 3324 peccata,
1255 3269 1418 3325 opera
1447 3263 1570 3310 sunt
1607 3255 1812 3321 carnis,
1843 3239 1891 3306 C
1923 3248 1979 3295 ει
1998 3239 2310 3295 custodiunt
2335 3255 2393 3295 se
2413 3254 2520 3294 non
2542 3237 2716 3294 50mm
2741 3237 2808 3292 ab
2832 3235 3144 3300 Ιιοῐηῖοίάίον
3169 3233 3261 3325 δερ
3290 3233 3511 3325 ίι-ιειξρεξῗ

211 3358 340 3412 quia
383 3356 546 3412 opera
591 3343 819 3414 prcdico
870 3345 1009 3400 vobis
1043 3345 1204 3402 modo
1241 3347 1376 3401 sicut
1416 3347 1660 3419 prtedixi.
1706 3347 1809 3404 Ubi

211 3435 506 3508 praedixit?
530 3436 653 3492 Non
683 3447 855 3510 regnet
881 3449 1150 3510 peccatum
1176 3440 1231 3496 in
1257 3449 1427 3496 vestro
1455 3441 1667 3496 mortali
1695 3459 1813 3496 cor-

211 3543 348 3597 pore
378 3524 557 3597 (Rom.
589 3529 687 3602 vt),
727 3532 976 3601 quoniam
1017 3533 1108 3604 qui
1158 3533 1307 3596 talia,
1340 3532 1596 3589 subaudis
1644 3549 1812 3604 opera

212 3630 406 3691 agunt,
425 3638 640 3694 regnum
672 3622 765 3678 Dei
793 3641 895 3680 non
920 3637 1315 3698 consequentur.
1348 3626 1464 3684 Non
1497 3628 1634 3683 dixit
1663 3647 1675 3683 :
1708 3628 1812 3698 Qui

216 3712 350 3766 talia
376 3724 624 3782 egerunt,
662 3715 754 3771 sed
788 3717 878 3787 qui
907 3718 1038 3772 talia
1079 3729 1259 3790 agunt,
1288 3720 1341 3774 id
1371 3729 1456 3776 est
1485 3722 1573 3792 qui
1605 3721 1660 3775 in
1692 3722 1813 3777 tali-

214 3804 324 3858 bus
357 3813 678 3874 permanent
726 3821 896 3876 usque
947 3807 1013 3862 ad
1054 3809 1194 3864 diem
1241 3811 1433 3866 mortis
1481 3826 1614 3875 suae,
1645 3810 1812 3865 vitam

213 3903 480 3951 :eternam
532 3913 636 3952 non
675 3898 1052 3967 possidebunt.
1081 3899 1170 3954 Sic
1213 3909 1267 3953 et
1293 3901 1552 3956 Dominus
1583 3901 1727 3955 dicet
1757 3901 1811 3956 in

215 3988 311 4042 die
342 3986 530 4056 judicii
579 3990 826 4059 reprobis
855 4006 868 4042 :
900 3989 1162 4045 Discedite
1187 4008 1219 4044 a
1249 4007 1349 4055 me,
1384 3992 1471 4062 qui
1521 3990 1813 4061 operamini

214 4079 551 4149 iniquitatem
584 4078 798 4150 (Matth.
840 4080 959 4151 VII),
987 4095 1092 4135 non
1138 4081 1228 4150 qui
1265 4081 1476 4150 cperati
1521 4081 1676 4148 estis,
1714 4079 1811 4137 sed

213 4173 315 4242 qui
350 4172 400 4224 in
428 4173 666 4239 peccatis
698 4172 860 4226 vitam
891 4171 1104 4228 finistis.

260 4259 346 4317 ,Ρ
348 4271 525 4316 ructus
558 4273 730 4318 autem
759 4265 976 4334 spiritus
1008 4274 1080 4318 est
1105 4264 1352 4318 Charitas.
1375 4263 1629 4321 Charitas
1657 4263 1810 4322 Gneo

215 4370 346 4412 cum
391 4365 492 4421 est,
523 4364 577 4411 et
618 4357 1005 4427 interpretatur
1039 4357 1092 4411 in
1130 4355 1324 4412 Latina
1353 4355 1533 4429 lingua
1573 4358 1810 4414 dilectio.

218 4448 432 4502 Dicitur
465 4457 645 4504 autem
675 4449 911 4516 dilectio,
941 4465 1006 4505 eo
1036 4448 1175 4520 quod
1207 4449 1341 4506 duos
1370 4448 1518 4520 liget,
1551 4451 1721 4506 Deum
1755 4459 1812 4508 et

216 4540 518 4608 hominem,
557 4541 641 4597 vel
694 4542 828 4597 duos
867 4541 1165 4612 proximos.
1211 4540 1341 4608 Quze
1393 4541 1588 4596 merito
1629 4542 1680 4596 in
1714 4558 1812 4596 nu-

1921 3331 2174 3387 inimicos
2220 3345 2348 3387 suos
2399 3329 2646 3402 diligunt.
2679 3327 2782 3394 Qui
2822 3337 2997 3380 autem
3049 3332 3168 3378 sunt
3205 3321 3428 3386 Christi,
3459 3319 3512 3374 id

1921 3431 2007 3480 est
2035 3423 2126 3493 qui
2156 3423 2431 3494 pertinent
2464 3422 2532 3477 ad
2574 3429 2774 3477 sortem
2799 3418 3034 3483 Christi,
3067 3416 3195 3470 vitia
3227 3423 3280 3470 et
3309 3427 3512 3469 concu-

1918 3517 2216 3586 piscentias
2241 3515 2412 3571 malas
2453 3514 2507 3568 in
2530 3527 2695 3569 carne
2729 3528 2824 3567 sua
2861 3509 3342 3566 mortiﬁcaverunt.
3368 3506 3509 3573 Quot

1920 3612 2067 3667 enim
2101 3621 2326 3682 peccata
2364 3627 2394 3665 a
2435 3610 2592 3666 nobis
2629 3607 2968 3680 expellimus,
3002 3614 3082 3661 tot
3103 3605 3232 3660 vitia
3265 3604 3318 3658 in
3353 3602 3510 3657 nobis

1920 3717 2136 3775 semper
2165 3704 2462 3760 occidimus
2493 3721 2507 3758 :
2537 3711 2592 3758 et
2631 3717 2851 3758 carnem
2889 3699 3256 3771 crucifigimus
3285 3706 3339 3753 et
3365 3710 3505 3766 mor-

1923 3795 2229 3860 tiﬁcamus,
2260 3793 2479 3864 quando
2524 3791 2864 3848 delectationi
2921 3805 3102 3862 pravsc
3142 3798 3198 3844 et
3246 3785 3514 3843 voluntati

1918 3900 2194 3957 perversae
2227 3902 2336 3941 non
2366 3885 2754 3941 consentimus.

2535 4035 2763 4091 CAPUT
2805 4035 2889 4091 Vl.

1993 4157 2052 4216 Si
2075 4160 2262 4231 spiritu
2315 4157 2548 4223 vivimus,
2586 4158 2773 4228 spiritu
2817 4166 2863 4211 et
2910 4155 3254 4210 ambulemus.
3301 4153 3400 4211 Hic
3446 4155 3513 4211 de

1922 4251 2128 4324 Spiritu
2165 4261 2352 4307 sancto
2374 4250 2648 4320 loquitur:
2683 4248 2765 4314 Si,
2802 4248 2994 4319 inquit,
3023 4248 3217 4319 spiritu
3255 4248 3508 4315 vivimus,

1919 4347 2025 4401 hoc
2061 4353 2163 4412 est,
2205 4345 2250 4399 si
2295 4359 2392 4414 per
2437 4343 2698 4414 Spiritum
2735 4350 2978 4397 sanctum
3014 4341 3180 4396 vitam
3225 4341 3507 4407 habemus,

1919 4452 2018 4507 per
2057 4451 2217 4506 quam
2255 4435 2490 4490 vivimus
2529 4433 2671 4499 Deo,
2723 4433 3037 4505 spiritaliter
3074 4434 3333 4490 debemus
3381 4451 3511 4490 con-

1918 4529 2124 4584 versari
2148 4537 2202 4584 et
2224 4528 2433 4594 vivere,
2467 4527 2807 4584 ambulantes
2837 4529 2903 4583 de
2924 4528 3190 4583 virtutein
3226 4529 3510 4598 virtutem,

218 4648 376 4688 mero
405 4634 663 4689 virtutum
694 4610 986 4705 primatum
1018 4643 1184 4702 tenet,
1213 4635 1338 4706 quia
1383 4635 1496 4706 ipsa
1536 4635 1666 4709 ligat
1705 4652 1813 4693 cae-
1845 4610 1898 4680 Ι)
1920 4624 2156 4678 virtutes
2180 4623 2460 4688 sectanda,
2488 4621 2619 4676 vitia
2656 4622 2979 4694 reSpuendo.
3009 4619 3130 4676 Vita
3158 4622 3352 4678 animae
3379 4621 3513 4678 ﬁdes

220 4734 371 4780 teras
398 4726 645 4781 virtutes.
676 4727 772 4781 Est
796 4736 976 4782 autem
1024 4727 1286 4792 Charitas,
1315 4743 1468 4782 amor
1507 4737 1558 4783 et
1589 4727 1815 4800 dilectio

219 4833 329 4889 qua
360 4818 653 4891 diliguntur
675 4820 816 4875 Deus
861 4829 915 4874 et
937 4821 1217 4890 proximus
1263 4830 1318 4876 ct
1359 4822 1609 4878 inimicus
1648 4823 1814 4879 etiam

219 4921 446 4983 propter
485 4914 673 4969 Deum.
707 4910 974 4969 Gaudium
1029 4921 1111 4969 est
1156 4914 1482 4971 exhilaratio
1515 4917 1718 4984 cordis,
1758 4926 1813 4974 et

220 5005 328 5059 hoc
354 5005 519 5061 distat
546 5007 686 5061 inter
707 5006 960 5079 gaudium
1003 5017 1058 5061 et
1093 5006 1354 5073 lmtiliam,
1385 5009 1510 5078 quia
1556 5009 1811 5082 gaudium

225 5097 392 5152 nimia
427 5106 511 5154 est
549 5099 839 5155 exsultatio
868 5097 1048 5154 cordis
1076 5106 1130 5152 et
1155 5099 1398 5168 corporis
1434 5117 1444 5152 :
1479 5099 1661 5153 laetitia
1684 5115 1816 5155 vero

223 5201 311 5247 est
336 5191 703 5258 mediocriter,
727 5200 782 5247 et
813 5191 870 5245 fit
913 5191 1249 5245 solummodo
1280 5191 1333 5244 in
1367 5190 1552 5248 corde.
1587 5189 1706 5246 Pax
1732 5199 1818 5248 est

225 5285 383 5355 quies
408 5292 460 5338 et
490 5284 848 5356 tranquillitas
874 5284 987 5340 sive
1009 5282 1210 5339 lenitas
1232 5284 1448 5351 mentis,
1474 5300 1503 5337 a
1530 5299 1636 5354 qua
1659 5283 1814 5340 Salo-

227 5388 354 5428 mon
399 5389 596 5430 nomen
645 5373 878 5444 accepit,
910 5372 961 5427 id
1017 5380 1100 5428 est
1149 5371 1426 5440 pacificus,
1461 5387 1527 5428 eo
1571 5373 1714 5442 quod
1759 5372 1818 5428 in

227 5460 418 5519 diebus
453 5463 568 5532 eius
605 5465 758 5535 quies
800 5471 944 5519 esset
985 5460 1134 5518 data.
1163 5461 1560 5533 Longanimitas
1588 5470 1670 5517 est
1691 5478 1816 5534 per-

229 5553 532 5612 severantia
558 5556 613 5611 in
637 5558 778 5612 bono
799 5569 986 5624 opere,
1009 5563 1064 5608 et
1085 5553 1364 5609 tolerantia
1395 5553 1534 5608 inter
1551 5553 1809 5610 adversa:

229 5650 600 5724 unusquisque
640 5648 784 5704 enim
818 5646 992 5702 fidelis
1035 5645 1358 5718 Ionganimis
1391 5646 1550 5702 debet
1587 5659 1729 5711 esse,
1755 5653 1818 5700 ut

229 5739 511 5811 perveniat
555 5738 621 5793 ad
651 5739 934 5810 praemium
972 5737 1317 5808 promissum,
1343 5736 1497 5806 juxta
1533 5736 1676 5808 quod
1710 5735 1814 5792 Do-

233 5829 414 5888 minus
455 5830 569 5886 ait:
599 5828 704 5899 Qui
744 5829 1147 5901 perseveraverit
1182 5843 1343 5898 usque
1382 5827 1438 5881 in
1477 5826 1669 5896 ﬁnem,
1703 5835 1811 5883 etc.

1920 4726 2037 4780 ρει,
2083 4729 2190 4784 qua
2246 4714 2520 4769 credimus
2570 4713 2739 4768 Deum
2776 4713 3195 4784 omnipotentem
3229 4731 3244 4768 :
3273 4723 3328 4770 et
3370 4715 3512 4770 sicut

1921 4822 2120 4877 corpus
2153 4806 2287 4860 vivit
2326 4807 2526 4871 anima,
2565 4805 2636 4860 ita
2667 4806 2847 4860 anima
2874 4806 3004 4860 vivit
3035 4805 3160 4873 fide,
3184 4807 3336 4878 juxta
3367 4806 3510 4875 quod

1918 4915 2018 4971 per
2042 4901 2364 4971 prophetam
2391 4899 2644 4954 Dominus
2668 4899 2798 4955 dicit
2827 4913 2841 4953 :
2873 4899 3061 4954 Justus
3093 4910 3267 4954 autem
3282 4915 3511 4955 menses:

1918 4992 2025 5062 ﬁde
2050 4991 2168 5046 vivit
2187 4989 2416 5062 (Habac.
2444 4990 2526 5061 ιι).
2554 4989 2707 5057 Quod
2738 4991 2780 5046 si
2804 4991 3132 5047 subtraxerit
3151 5007 3231 5057 se,
3258 5007 3364 5045 non
3393 4989 3511 5060 pla-

1921 5083 2067 5139 cebit
2094 5082 2288 5137 animae
2325 5095 2481 5136 meae.
2513 5081 2642 5149 Quae
2671 5082 2803 5137 tides
2831 5097 2927 5152 per
2959 5081 3221 5153 Spiritum
3261 5089 3509 5136 sanctum

1923 5176 2082 5231 nobis
2099 5173 2468 5244 tribuitur,qui
2484 5181 2565 5228 est
2580 5173 2739 5229 unius
2757 5173 3071 5229 substantiae
3087 5188 3208 5227 cum
3226 5172 3335 5228 Deo
3347 5171 3512 5228 Patre

1922 5278 1981 5327 et
2015 5269 2190 5325 Filio:
2223 5279 2278 5324 et
2306 5284 2413 5322 non
2454 5268 2567 5323 sola
2617 5267 2752 5324 fides
2787 5269 2854 5324 ab
2897 5267 2990 5322 illo
3018 5267 3175 5323 nobis
3210 5267 3389 5334 datur,

1923 5362 2088 5419 etiam
2131 5359 2392 5433 quidquid
2436 5359 2562 5415 boni
2599 5359 2863 5416 habemus
2903 5359 2972 5414 ab
3011 5357 3102 5414 illo
3144 5356 3300 5414 nobis
3342 5359 3513 5414 adﬂti-r

1923 5453 2206 5509 nistratur.

1999 5542 2124 5599 Non
2150 5545 2434 5617 eﬁiciamur
2456 5544 2628 5598 inanis
2653 5542 2837 5615 gloria:
2860 5541 3056 5614 cupidi.
3073 5539 3203 5610 Quae
3226 5549 3312 5599 est
3337 5542 3514 5597 inanis

1874 5692 1898 5707 φ
1927 5637 2122 5710 gloria?
2135 5636 2548 5702 Laushumana,
2569 5635 2720 5690 favor
2738 5645 3002 5700 terrenus,
3019 5633 3084 5689 de
3096 5649 3203 5705 qua
3220 5635 3350 5690 dicit
3363 5632 3518 5703 Chri-

1929 5737 2044 5784 stus
2065 5747 2076 5783 :
2095 5728 2153 5785 Si
2170 5729 2395 5798 gloriam
2410 5728 2478 5784 ab
2505 5727 2812 5784 hominibus
2829 5743 3034 5798 quaero,
3052 5728 3225 5798 gloria
3240 5743 3361 5783 mea
3379 5726 3520 5782 nihil

1926 5831 2010 5878 est
2038 5819 2221 5894 (Joan.
2239 5821 2381 5894 Vill).
2407 5819 2536 5888 Quae
2573 5827 2720 5875 recte
2745 5820 2919 5877 inanis
2939 5820 3108 5894 gloria
3141 5818 3360 5886 dicitur,
3387 5817 3516 5888 quia
