3996 6482
461 478 567 536 695
939 473 1292 532 HAYMONIS
1331 469 1808 528 HALBERSTAT.
1845 466 2059 524 EPlSC.
2101 464 2254 521 OPP.
2293 461 2472 519 PARS
2508 461 2550 517 1.
2587 491 2658 502 -
2686 434 3041 518 ϐδΜΜΕΝΤ.
3080 456 3252 514 BIBL.
3635 455 3750 511 696

461 608 631 649 vacua
652 602 735 649 est
752 593 819 646 ab
832 588 1247 647 omniutilitate.
1264 586 1360 641 Est
1384 595 1564 640 tamen
1591 583 1764 656 gloria
1789 579 1958 645 utilis,
1976 578 2042 634 de
2071 588 2119 647 Α
2143 574 2419 646 ponderis,
2446 581 2502 628 et
2529 581 2658 629 sunt
2677 586 2848 628 onera
2868 576 3241 640 peccatorum,
3272 567 3342 624 de
3368 568 3572 638 quibus
3603 566 3750 622 dicit

462 701 570 755 qua
596 682 857 738 Dominus
881 680 1053 735 dicit:
1088 677 1192 745 Qui
1213 695 1295 732 me
1322 676 1714 748 gloriﬁcaverit,
1736 671 2039 746 gloriﬁcabo
2142 668 2430 725 Psalmista
2474 681 2489 721 :
2542 665 2807 732 Quoniam
2853 662 3159 735 iniquitates
3202 679 3344 755 ntere
3379 677 3749 755 supergressa

462 752 579 828 cum
604 771 655 842 (I
671 770 798 842 Reg.
825 771 906 843 tt).
931 769 1032 838 Qui
1048 776 1175 824 sunt
1195 784 1325 838 ergo
1340 767 1520 837 cupidi
1545 766 1724 822 inanis
1740 774 1794 821 et
1811 772 2042 818 terrente
2141 769 2264 815 sunt
2289 768 2443 829 caput
2465 773 2657 823 meum,
2687 766 2736 811 et
2766 756 2900 810 sicut
2931 772 3063 809 onus
3091 770 3247 825 grave
3287 752 3462 824 (Psul.
3496 755 3761 833 xnvu)”

448 863 680 933 gloriae?
703 862 803 929 Qui
852 877 949 931 per
989 861 1096 916 hoc
1134 860 1279 930 quod
1305 868 1468 930 agunt
1513 874 1620 913 non
1658 865 1903 929 quaerunt
1932 855 2043 909 Deo
2142 859 2249 907 etc.
2283 851 2359 905 De
2386 864 2495 920 quo
2521 864 2688 905 onere
2714 857 2770 903 et
2810 847 2898 903 hic
2927 847 3160 913 dicitur;
3196 857 3251 901 et
3281 856 3366 901 est
3409 860 3609 901 sensus
3635 863 3653 897 :
3689 844 3749 900 Si

460 954 692 1023 placere,
721 968 895 1022 neque
923 952 1229 1007 mercedem
1248 959 1467 1004 aeterna:
1496 946 1945 1004 remunerationis
1976 945 2044 999 ab

458 1062 526 1100 eo
541 1046 804 1115 recipere,
818 1045 911 1100 sed
925 1043 1151 1115 gloriam
1166 1051 1220 1100 et
1235 1043 1446 1098 laudem
1465 1041 1837 1113 temporalem,
1852 1043 1918 1094 de
1933 1039 2046 1108 qui-

458 1133 560 1189 bus
581 1134 712 1188 dicit
733 1133 1023 1189 Dominus:
1050 1132 1242 1188 Omnia
1257 1147 1418 1202 opera
1434 1146 1531 1186 sua
1552 1129 1828 1185 faciuntut
1842 1127 2047 1200 gloriﬁ-

456 1234 652 1297 nentur
674 1225 741 1279 ab
766 1224 1077 1278 hominibus
1104 1222 1321 1294 (Matth.
1349 1222 1526 1292 χχιιι).
1551 1220 1644 1276 Isti
1669 1220 1802 1276 tales
1824 1218 2047 1273 audient

459 1315 517 1371 in
548 1316 635 1371 die
650 1315 841 1384 judicii
870 1332 884 1369 :
908 1315 1210 1386 Recepistis
1233 1300 1541 1370 mercedem
1563 1322 1802 1369 vestram
1827 1309 2043 1381 (Matth.

459 1407 559 1481 vt),
578 1408 704 1480 quia
728 1407 882 1462 multi
907 1415 1052 1473 sunt,
1079 1408 1169 1477 qui
1195 1424 1300 1463 non
1319 1407 1493 1462 solum
1515 1420 1615 1476 pro
1637 1405 1777 1459 bono
1797 1409 2047 1473 qumrunt

460 1499 694 1564 laudari,
724 1498 820 1555 sed
846 1498 1011 1555 etiam
1035 1513 1136 1569 pro
1157 1498 1300 1554 malo
1328 1516 1341 1552 :
1373 1506 1429 1554 et
1458 1512 1565 1552 non
1603 1494 1777 1552 solum
1809 1495 1878 1549 ab
1900 1493 2043 1559 aliis,

461 1590 558 1645 sed
586 1589 807 1658 insuper
836 1589 935 1659 ipsi
962 1604 1019 1644 se
1049 1588 1313 1644 extollunt
1349 1597 1405 1642 et
1441 1587 1741 1659 gloriantur
1768 1584 1838 1641 de
1876 1592 2047 1640 Vll‘ltl-

465 1682 628 1738 tibus.
660 1681 907 1738 Perfecta
941 1695 1124 1737 autem
1165 1688 1220 1736 et
1257 1680 1414 1751 plena
1456 1688 1539 1736 est
1574 1680 1769 1751 gloria,
1798 1686 1859 1733 ut
1887 1679 2049 1733 homo

463 1786 564 1843 pro
593 1771 734 1828 bono
778 1773 921 1842 quod
965 1772 1096 1844 agit,
1140 1771 1494 1841 omnipotenti
1538 1771 1651 1825 Deo
1688 1769 1958 1824 desideret
1994 1768 2049 1822 in

463 1865 627 1920 corde
677 1864 910 1934 placere,
954 1874 1011 1919 et
1055 1864 1123 1919 ab
1172 1863 1265 1917 illo
1312 1863 1617 1917 mercedem
1667 1869 1964 1931 exspectet,
1994 1868 2049 1914 et

2146 945 2227 998 vis
2249 944 2515 1014 patienter
2552 942 2760 1014 portari
2799 950 2855 997 et
2882 940 3140 996 sustineri
3181 940 3228 995 si
3267 954 3484 1010 peccas,
3534 949 3593 992 et
3620 952 3754 992 cum

2146 1035 2515 1090 moderatione
2552 1033 2786 1104 corripi,
2830 1040 2985 1104 porta
3024 1032 3275 1087 similiter
3316 1030 3592 1102 patienter
3630 1028 3749 1083 frao

2146 1136 2285 1182 trem
2327 1135 2498 1190 tuum,
2547 1126 2593 1181 si
2640 1126 2968 1195 peccaverit.
2997 1123 3182 1178 Potest
3222 1131 3279 1179 et
3312 1122 3471 1177 aliter
3509 1120 3753 1192 intelligi

2146 1219 2442 1274 secundum
2484 1233 2703 1273 sensum
2747 1216 2893 1273 beati
2926 1210 3283 1286 Hieronymi:
3333 1214 3489 1269 Alter
3518 1213 3751 1270 alterius

2146 1324 2314 1381 onera
2338 1317 2574 1379 portate,
2597 1308 2701 1364 hoc
2724 1316 2828 1372 est,
2857 1307 2949 1377 qui
2977 1306 3221 1362 abundas
3250 1305 3458 1361 divitiis
3477 1305 3753 1375 bonisque

2150 1399 2555 1470 temporalibus,
2611 1405 2859 1453 sustenta
2915 1396 3139 1452 fratrem
3201 1411 3521 1466 pauperem.
3583 1394 3752 1451 Verbi

2148 1493 2360 1565 gratia:
2388 1491 2562 1547 habeo
2605 1505 2850 1546 sororem
2887 1489 3284 1559 pauperrimam
3329 1488 3487 1559 cujus
3514 1502 3756 1559 pauper-

2148 1593 2233 1639 tas
2261 1598 2398 1638 onus
2429 1598 2607 1637 meum
2650 1590 2753 1646 est,
2785 1579 3077 1652 praebendo
3103 1579 3154 1634 ei
3199 1582 3408 1635 victum
3450 1578 3509 1634 εἴ
3532 1580 3751 1635 calcea-

2150 1686 2415 1743 mentum,
2434 1682 2681 1732 sustento
2706 1690 2844 1731 onus
2857 1673 2996 1744 ejus.
3018 1672 3204 1728 Habeo
3221 1687 3450 1728 uxorem
3476 1673 3613 1743 quia
3644 1688 3753 1727 non

2147 1784 2368 1842 possum
2396 1782 2517 1824 esse
2540 1767 2851 1833 continens;
2898 1764 2990 1820 sed
3019 1772 3263 1836 egestate
3289 1764 3463 1819 nimia
3490 1779 3752 1835 premor:

2151 1870 2207 1916 tu
2236 1860 2349 1931 qui,
2376 1859 2484 1915 Deo
2519 1859 2773 1923 donante,
2803 1856 3089 1911 continens
3117 1871 3180 1911 es
3212 1867 3269 1910 et
3289 1854 3453 1910 bonis
3479 1863 3758 1925 tempora-

462 1957 692 2026 gaudeat
721 1952 773 2010 iri
809 1956 974 2012 corde
1020 1955 1165 2025 quod
1210 1954 1422 2026 placeat
1448 1953 1692 2009 Creatori
1736 1969 1854 2017 suo,
1884 1961 1940 2007 et
1973 1952 2048 2006 ita
2077 1964 2126 2024 Β
2152 1954 2296 2010 libus
2322 1952 2588 2018 abundas,
2624 1959 2780 2023 porta
2803 1965 2942 2006 onus
2972 1964 3172 2004 meum.
3209 1947 3347 2003 Vide
3386 1948 3758 2018 comparatio-

462 2056 587 2117 agat
633 2045 834 2102 bonum
887 2048 1031 2116 quod
1068 2055 1329 2116 operatur
1367 2055 1425 2100 ut
1465 2060 1601 2115 opus
1627 2044 1700 2099 sit
1730 2043 1784 2098 in
1811 2042 2046 2114 publico,

462 2146 520 2192 et
564 2137 793 2193 intentio
843 2137 898 2191 in
945 2136 1180 2192 occulto.
1212 2134 1315 2203 Qui
1369 2136 1474 2190 hoc
1506 2134 1660 2201 facit,
1705 2133 1795 2188 ille
1826 2147 1936 2188 non
1969 2141 2055 2187 est

461 2226 690 2296 cupidus
739 2226 916 2283 inanis
960 2226 1163 2297 gloriae.
1202 2225 1433 2280 Invicem
1471 2219 1808 2296 provocantes
1846 2239 1944 2279 vos
1985 2224 2054 2279 ad

461 2315 820 2383 iracundiam,
861 2318 928 2372 ad
978 2317 1122 2383 lites,
1154 2318 1221 2372 ad
1259 2317 1669 2380 contentiones,
1711 2316 1929 2370 invicem
1973 2316 2056 2369 in-

397 2473 403 2479 v
463 2408 693 2461 videntes
729 2407 896 2462 vobis.
938 2407 1109 2462 Erant
1152 2424 1217 2461 ex
1266 2406 1472 2463 Calatis
1514 2406 1736 2477 quidam
1774 2405 1981 2461 seducti
2021 2420 2054 2459 a

461 2501 930 2571 pseudoapostolis
959 2510 1015 2556 et
1058 2517 1088 2555 a
1113 2500 1335 2566 Iudaeis,
1359 2501 1745 2556 contendentes
1767 2499 1832 2555 de
1859 2513 2055 2569 genea-

464 2586 624 2657 logiis
650 2599 705 2644 et
733 2591 1123 2660 quaestionibus
1170 2589 1324 2661 legis.
1364 2590 1444 2644 Ex
1476 2590 1672 2660 quibus
1709 2589 1929 2658 quidam
1970 2589 2054 2643 di-

465 2684 663 2737 cebant
689 2701 701 2736 :
736 2682 924 2738 Melior
967 2692 1050 2738 est
1075 2683 1417 2738 circumcisio
1449 2698 1610 2753 quam
1642 2682 1960 2752 baptismus.
1989 2681 2057 2736 Et

467 2788 500 2829 ε
529 2783 717 2828 contra
762 2774 853 2828 alii
889 2794 900 2828 :
936 2773 1124 2829 Melior
1168 2783 1250 2829 est
1287 2774 1588 2844 baptismus
1625 2788 1788 2844 quam
1826 2772 2056 2827 circum-

472 2865 611 2919 cisio
640 2884 652 2918 :
682 2865 815 2920 ltcnt
848 2866 940 2920 alii
966 2866 1219 2922 dicebant
1249 2884 1261 2920 :
1296 2865 1486 2921 Melior
1500 2875 1584 2921 est
1611 2864 1866 2937 allegoria
1894 2880 2056 2935 quam

473 2955 702 3013 historia
736 2976 749 3012 :
782 2958 907 3028 quia
946 2958 1224 3033 allegoria,
1253 2958 1307 3014 id
1347 2967 1429 3014 est
1472 2957 1730 3028 spiritalis
1756 2958 2058 3033 intelligen-

469 3049 541 3103 tia
570 3049 828 3116 vivilicat,
852 3050 1033 3106 littera
1058 3051 1275 3107 occidit.
1300 3050 1368 3106 Et
1390 3070 1420 3107 e
1442 3059 1628 3107 contra
1651 3050 1739 3106 alii
1762 3050 2015 3106 dicebant
2038 3067 2068 3105 εν

469 3140 659 3198 Melior
685 3152 770 3199 est
797 3143 1048 3210 historia,
1076 3145 1165 3200 ubi
1196 3145 1400 3202 veritas
1426 3146 1753 3213 continetur,
1782 3160 1943 3216 quam
1973 3143 2053 3197 al-

463 3232 667 3304 legoria
692 3251 828 3291 vana
854 3244 909 3292 et
936 3237 1259 3293 umbratica.

2155 2062 2281 2102 nem
2329 2059 2614 2101 cervorum
2664 2043 2721 2098 in
2766 2041 3010 2113 Epistula
3064 2041 3134 2096 ad
3182 2039 3543 2096 Colossenses
3594 2056 3757 2111 quam

2153 2137 2347 2192 beatus
2375 2135 2711 2205 Augustinus
2725 2150 2790 2190 ex
2809 2134 2913 2189 hoc
2938 2132 3121 2188 donat.
3149 2131 3286 2199 Quia
3310 2141 3370 2188 et
3389 2132 3440 2188 si
3467 2133 3522 2187 iu
3548 2134 3758 2188 anima-

2153 2225 2294 2281 libus
2323 2226 2536 2281 ratione
2557 2240 2663 2293 non
2706 2216 2984 2279 utentibus
3030 2222 3160 2279 illud
3204 2225 3297 2288 sit,
3340 2233 3556 2295 quanto
3585 2226 3759 2295 magis

2156 2319 2208 2373 in
2230 2319 2540 2374 hominibus
2563 2317 2722 2372 debet
2744 2316 2892 2371 fieri?
2914 2315 2995 2382 Si,
3011 2315 3205 2386 inquit,
3236 2316 3340 2371 hoc
3361 2314 3639 2380 feceritis,
3661 2316 3757 2369 ad-

2154 2413 2433 2482 implebitis
2459 2412 2620 2483 legem
2644 2410 2862 2476 Christi,
2887 2411 2992 2466 hoc
3010 2418 3120 2476 est,
3139 2417 3363 2480 pactum
3382 2407 3595 2466 Christi
3619 2409 3757 2479 quod

2155 2503 2270 2572 ipse
2291 2502 2438 2557 dedit
2462 2500 2737 2571 discipulis
2762 2501 2898 2563 suis,
2929 2500 3154 2556 dicens:
3191 2498 3306 2555 Hoc
3327 2510 3404 2554 est
3433 2512 3756 2570 prmceptu

2154 2608 2349 2657 nteant,
2378 2602 2431 2644 ut
2455 2591 2689 2661 diligatis
2719 2590 2936 2644 invicem
2969 2589 3152 2662 (Joan.
3191 2588 3323 2663 xv);
3359 2599 3415 2645 et
3443 2589 3758 2644 mandatu

2155 2693 2344 2737 novum
2369 2681 2437 2736 do
2467 2681 2632 2745 vobis,
2663 2690 2716 2734 ut
2742 2679 2976 2752 diligatis
2999 2681 3217 2736 invicem
3244 2680 3429 2752 (Joan.
3466 2681 3621 2751 xm).

2229 2771 2371 2826 Nam
2400 2773 2446 2826 si
2479 2772 2597 2843 quis
2633 2773 2897 2827 existimat
2927 2790 2982 2828 se
3019 2772 3218 2843 aliquid
3266 2789 3412 2838 esse,
3462 2790 3590 2828 cunt
3632 2773 3757 2828 nihil

2155 2864 2245 2928 sit,
2268 2863 2371 2918 hoc
2396 2872 2500 2930 est,
2533 2863 2627 2934 qui
2658 2863 2936 2920 conlidens
2965 2863 3019 2919 in
3066 2864 3183 2919 suis
3220 2865 3526 2921 virtutibus
3557 2875 3620 2920 et
3645 2880 3757 2921 me-

2156 2955 2312 3024 ritis,
2357 2956 2683 3028 dedignatur
2721 2973 2862 3013 onus
2914 2956 3101 3013 fratris
3134 2966 3392 3028 portare,
3433 2959 3758 3030 castigando

2155 3062 2278 3103 cum
2306 3047 2575 3104 suavitate
2597 3056 2653 3104 et
2679 3048 3049 3104 admonitione
3078 3047 3246 3114 dulei,
3276 3063 3403 3104 cum
3432 3049 3512 3104 sit
3548 3050 3665 3120 ipse
3686 3051 3762 3104 ni-

2157 3136 2232 3192 hil
2263 3137 2403 3206 apud
2428 3136 2597 3192 Deum
2629 3146 2684 3193 et
2723 3138 2849 3209 quia
2878 3137 2995 3209 ejus
3027 3153 3192 3209 opera
3239 3138 3353 3194 Deo
3381 3155 3496 3195 non
3523 3139 3759 3210 placent,

2156 3231 2265 3302 ipse
2306 3248 2361 3286 se
2409 3232 2607 3286 seducit
2650 3240 2705 3286 et
2753 3232 2970 3305 decipit.
2996 3232 3122 3289 ideo
3166 3243 3349 3291 autem
3376 3235 3591 3291 dicitur
3634 3237 3761 3291 nihil

535 3327 775 3395 Fratres,
808 3341 856 3384 et
890 3331 934 3384 si
956 3341 1348 3402 prwoccupatus
1388 3332 1545 3402 fuerit
1589 3333 1744 3387 homo
1781 3331 1837 3385 in
1875 3330 2052 3402 aliqua
2081 3314 2127 3380 C
2158 3336 2299 3387 esse,
2328 3321 2455 3392 quia
2487 3338 2593 3376 non
2622 3322 2866 3380 adhaeret
2895 3323 2970 3378 illi
3003 3324 3094 3395 qui
3130 3326 3570 3383 substantialiter
3602 3328 3763 3384 habet

465 3420 675 3475 delicto.
709 3419 1101 3491 Prceoccupare
1129 3430 1212 3476 est
1234 3423 1564 3492 praevenire;
1590 3424 1728 3477 unde
1754 3423 1808 3477 in
1846 3421 2056 3492 psalmo

467 3512 703 3576 canitur,
729 3528 1167 3580 prwoccupemus,
1200 3511 1254 3566 id
1295 3520 1380 3567 est
1413 3514 1824 3583 praeveniamus,
1867 3512 2057 3582 faciem

468 3601 583 3671 ejus
614 3602 668 3655 in
697 3601 1021 3670 confessione
1052 3599 1224 3671 (Psal.
1255 3604 1427 3671 χειν),
1458 3612 1799 3673 peccatorum
1845 3613 2056 3659 nostro-

472 3707 614 3775 rum.
647 3690 1067 3762 Przeoccupatur
1104 3706 1234 3764 ergo
1259 3694 1423 3749 homo
1467 3694 1519 3749 in
1547 3702 1792 3775 peccato,
1841 3693 2057 3764 quando

470 3770 652 3837 subito
700 3790 754 3836 et
795 3781 1072 3852 insperato
1109 3792 1327 3852 peccat,
1373 3784 1515 3854 quod
1568 3770 1849 3841 ante'non
1879 3784 2059 3840 fuerat

468 3870 895 3941 prtetneditatus.
926 3872 1152 3941 Quando
1179 3889 1307 3931 vero
1337 3875 1745 3945 prmmeditatur
1783 3875 2054 3947 quomodo

470 3974 745 4035 perpetret
772 3965 1142 4032 homicidium,
1171 3967 1519 4034 adulterium,
1562 3977 1656 4023 aut
1683 3968 1883 4039 aliquid
1927 3967 2054 4035 tale,

467 4070 576 4111 non
623 4063 706 4111 est
748 4058 1174 4128 pratoccupatio,
1209 4060 1302 4113 sed
1345 4059 1739 4130 prmmeditatio
1775 4067 1829 4114 et
1856 4073 2055 4131 perpe-

472 4147 637 4201 tratio
668 4145 893 4203 sceleris
921 4167 934 4203 :
960 4157 1015 4203 et
1045 4148 1203 4205 aliter
1227 4150 1702 4220 reprehendendus
1736 4159 1821 4205 est
1849 4149 1940 4205 ille
1961 4149 2056 4219 qui

467 4238 743 4308 insperato
768 4248 974 4308 peccat,
994 4239 1137 4310 quod
1157 4250 1282 4297 ante
1303 4241 1707 4311 pranneditatus
1728 4258 1832 4295 non
1858 4239 2053 4305 fuerat,

469 4330 525 4385 id
550 4336 632 4385 est
651 4339 958 4400 prteventus
977 4348 1005 4385 a
1031 4342 1278 4401 peccato,
1306 4339 1360 4386 et
1377 4332 1532 4387 aliter
1555 4332 1665 4398 ille,
1689 4333 1780 4403 qui
1807 4333 1896 4387 diu
1928 4330 2059 4386 illud

468 4430 553 4476 est
576 4422 999 4492 praemeditatus.
1034 4423 1125 4479 llle
1146 4424 1291 4480 enim
1328 4425 1703 4493 corripiendus
1729 4435 1811 4480 est
1836 4440 1960 4480 eum
1986 4424 2059 4479 le-

464 4514 637 4568 nitate
666 4513 884 4580 mentis,
910 4529 974 4569 ne
1000 4514 1212 4571 labatur
1235 4514 1287 4570 in
1312 4515 1741 4585 desperationem
1768 4534 1782 4567 :
1806 4515 1909 4570 iste
1929 4528 2058 4569 vero
2092 4528 2097 4532 '

468 4607 667 4661 acriori
693 4607 894 4680 indiget
941 4611 1317 4681 castigatione.
1358 4610 1425 4665 Et
1452 4612 1590 4666 bene
1632 4610 1839 4666 addidit
1868 4611 2053 4676 homo,

2161 3429 2302 3479 esse,
2332 3422 2386 3469 et
2415 3414 2506 3484 qui
2551 3424 2753 3471 nostra:
2793 3415 3073 3487 fragilitati
3120 3418 3434 3487 condolens,
3465 3436 3572 3491 pro
3610 3422 3762 3478 nobis

2163 3504 2442 3560 humiliari
2491 3505 2741 3576 dignatus
2793 3517 2913 3574 est,
2980 3524 3103 3563 cum
3146 3507 3291 3565 Deus
3351 3521 3526 3567 esset.
3572 3510 3762 3567 Omnis

2162 3596 2304 3651 enim
2355 3606 2606 3652 creatura
2657 3614 2779 3668 quae
2828 3614 2935 3656 non
2983 3599 3226 3657 adhaeret
3271 3600 3349 3656 illi
3400 3603 3499 3673 qui
3549 3619 3761 3675 semper

2164 3686 2329 3742 habet
2360 3703 2501 3753 esse,
2536 3688 2670 3742 nihil
2696 3698 2800 3745 est.

2236 3776 2380 3849 Opas
2403 3792 2574 3834 autent
2598 3797 2754 3836 suum
2778 3781 2957 3852 probet
2978 3785 3358 3858 unusquisque,
3379 3787 3489 3844 hoc
3512 3797 3620 3855 est,
3644 3803 3760 3843 cou-

2162 3868 2366 3925 sideret
2396 3871 2525 3940 quid
2558 3872 2686 3927 boni
2716 3872 2917 3928 habeat
2938 3871 3165 3943 factum,
3207 3882 3264 3932 et
3283 3877 3365 3932 sic
3388 3877 3446 3933 in
3470 3877 3643 3934 corde
3668 3894 3757 3933 sua

2162 3960 2417 4031 gaudeat,
2444 3977 2510 4016 eo
2531 3963 2675 4033 quod
2709 3963 2923 4034 placeat
2948 3964 3201 4024 Creatori
3223 3983 3344 4036 suo,
3371 3977 3431 4025 et
3453 3983 3571 4024 non
3609 3985 3752 4041 qua-

2162 4062 2248 4107 rat
2274 4052 2497 4108 alterius
2519 4052 2755 4108 laudem.

2236 4145 2601 4220 Unusquisque
2634 4149 2775 4203 enim
2815 4167 2947 4205 onus
2994 4167 3149 4208 suum
3177 4153 3428 4224 portabit.
3470 4151 3753 4209 Contraria

2161 4239 2415 4294 videntur
2442 4239 2557 4295 haec
2603 4241 2771 4296 verba
2816 4241 3220 4312 superioribus,
3268 4242 3360 4297 ubi
3392 4243 3573 4298 dixit:
3614 4243 3756 4299 Alter

2162 4330 2385 4387 alterius
2405 4346 2573 4387 onera
2597 4341 2830 4404 portate.
2857 4332 2965 4389 Sed
3009 4334 3291 4391 sciendum
3328 4337 3458 4407 quia
3487 4337 3754 4408 pertinent

2162 4422 2254 4479 illa
2302 4425 2369 4479 ad
2414 4433 2628 4496 tempus
2672 4427 2957 4495 praesentis
2997 4429 3145 4495 vitae,
3191 4428 3293 4484 ista
3336 4445 3469 4485 vero
3500 4430 3575 4485 ad
3618 4431 3753 4486 diem

2161 4515 2375 4580 mortis,
2402 4514 2488 4570 vel
2512 4515 2837 4585 generaliter
2861 4517 2928 4572 ad
2952 4518 3093 4574 diem
3112 4515 3328 4588 judicii,
3353 4529 3411 4577 et
3427 4531 3518 4576 est
3537 4536 3749 4577 sensus:

2172 4605 2363 4674 Qualia
2389 4606 2580 4664 fecerit
2612 4611 3004 4682 unusquisque,
3048 4612 3176 4668 talia
3224 4615 3496 4687 recipiet:
3547 4617 3596 4672 si
3623 4618 3752 4672 bona

466 4698 592 4768 quia
617 4698 821 4769 fragilis
842 4710 922 4757 est
943 4711 997 4757 et
1019 4702 1277 4770 caducus,
1300 4703 1514 4774 citoque
1533 4704 1720 4760 labens
1735 4701 1799 4759 ad
1816 4702 2054 4774 culpam,
2084 4684 2139 4746 Β
2162 4692 2378 4763 fecerit,
2407 4698 2547 4753 bona
2580 4699 2827 4770 recipiet,
2860 4701 2906 4756 si
2949 4701 3115 4769 mala,
3145 4684 3559 4763 damnationem
3603 4716 3754 4763 teter-

465 4798 520 4843 et
550 4789 783 4846 maxime
815 4793 902 4847 ille
931 4794 1021 4863 qui
1054 4793 1454 4867 simplicitatem
1496 4796 1659 4851 habet
1685 4796 1801 4852 sine
1835 4796 2051 4851 astutia.

475 4881 577 4936 Vos
600 4884 691 4955 qui
715 4885 981 4955 spiritales
1004 4887 1148 4953 estis,
1191 4886 1285 4959 qui
1311 4889 1506 4945 ducitis
1536 4889 1701 4945 vitam
1730 4888 2052 4960 spiritalem,

462 4986 518 5030 et
546 4975 764 5033 solliciti
791 4981 923 5035 estis
955 4979 1006 5033 in
1039 4981 1141 5036 lide
1166 4989 1223 5036 et
1247 4981 1301 5036 in
1331 4982 1595 5048 doctrina,
1636 4982 1757 5039 illos
1794 4983 1885 5053 qui
1915 4999 2054 5054 prae-

462 5062 799 5139 ncc‘upantur
831 5079 887 5125 et
911 5071 1268 5141 simpliciores
1294 5081 1439 5139 sunt,
1466 5074 1706 5130 instruite
1722 5083 1776 5131 et
1796 5076 2053 5147 corripite

464 5158 569 5213 leni
602 5158 794 5215 alTectu
826 5171 879 5216 et
924 5178 1043 5216 cum
1092 5164 1362 5219 suavitate
1392 5165 1620 5231 mentis,
1669 5168 2049 5236 promittentes

464 5243 802 5321 cis’veniam,
834 5272 901 5310 ne
926 5254 1063 5310 forte
1097 5256 1150 5311 in
1178 5255 1389 5328 lapsum
1427 5257 1818 5329 desperationis
1865 5267 2048 5326 ruant,

462 5346 803 5402 considerans
831 5348 1073 5418 teipsum,
1103 5348 1227 5417 quia
1266 5349 1431 5404 homo
1476 5348 1680 5421 fragilis
1714 5359 1922 5406 natura:
1968 5366 2048 5419 es,

463 5435 608 5493 sicut
627 5446 683 5493 et
703 5437 812 5505 ille,
839 5440 1065 5510 ideoque
1086 5448 1245 5512 potes
1265 5442 1463 5498 tentari
1490 5453 1544 5497 et
1565 5441 1850 5513 pneveniri
1872 5457 1902 5496 a
1922 5457 2053 5513 pec-

462 5528 761 5585 cato'sicut
797 5539 852 5586 et
881 5530 1018 5585 ille:
1069 5539 1124 5587 et
1167 5532 1296 5587 dum
1336 5532 1767 5589 consideraveris
1797 5541 1851 5588 te
1894 5548 2055 5604 posse

463 5623 685 5689 tentari,
717 5632 769 5678 et
798 5624 849 5678 in
883 5634 1163 5696 peccatum
1212 5640 1389 5691 ruere,
1443 5624 1603 5680 sicuti
1637 5624 1800 5681 velles
1829 5627 2052 5696 corripi,

462 5712 509 5766 si
541 5706 919 5787 talia'ageres,
952 5726 1009 5772 et
1029 5717 1282 5787 castigari
1311 5732 1435 5772 cum
1459 5717 1681 5772 lenitate
1722 5718 1939 5785 tuentis,
1978 5718 2052 5794 ita

458 5802 676 5875 corripe
697 5816 752 5861 et
778 5807 1008 5862 admone
1036 5806 1205 5862 illum.

530 5893 684 5966 Alter
718 5896 940 5957 alterius
967 5915 1127 5956 onera
1169 5907 1395 5973 portate.
1428 5898 1569 5961 Sunt
1615 5916 1779 5959 encra
1826 5904 2051 5977 alicujus

2166 4808 2292 4847 nam
2316 4793 2560 4865 recipiet.
2589 4792 2656 4849 Et
2684 4794 3004 4863 notandum,
3035 4798 3163 4869 quia
3188 4814 3329 4855 onus
3369 4800 3427 4855 in
3466 4801 3669 4857 bonam
3703 4810 3756 4858 et

2165 4887 2363 4943 malam
2396 4897 2607 4961 partem
2647 4890 2702 4945 in
2746 4891 2850 4948 hoc
2890 4890 3012 4948 loco
3050 4892 3230 4963 potest
3258 4894 3472 4965 accipi,
3522 4896 3653 4966 quia
3690 4895 3757 4952 ad

2162 4978 2372 5035 electos
2414 4989 2472 5035 et
2512 4981 2774 5053 reprobus
2817 4983 3074 5054 pertinet.
3107 4982 3257 5059 Ortus
3295 4993 3615 5042 sanctorum
3657 4986 3756 5042 erit

2163 5072 2479 5144 magnitudo
2507 5073 2694 5144 gloriae
2718 5093 2730 5128 :
2764 5090 2903 5131 onus
2932 5078 3289 5132 reoroborum
3335 5075 3630 5134 int-ﬂabilis
3654 5078 3752 5134 mi-

2160 5164 2303 5220 seria
2341 5172 2395 5219 et
2429 5166 2717 5223 cruciatus.

2231 5254 2588 5313 Communicet
2634 5268 2807 5315 autem
2846 5261 2893 5316 is
2935 5260 3026 5333 qui
3053 5262 3413 5316 catechizatur
3451 5262 3607 5317 verba
3644 5261 3754 5325 Dei.

2160 5349 2207 5404 ei
2233 5349 2322 5420 qui
2341 5366 2395 5404 se
2415 5350 2722 5417 catechizat,
2748 5352 2801 5405 in
2828 5351 3068 5407 omnibus
3104 5352 3252 5407 bonis
3271 5394 3288 5419 ,
3322 5353 3377 5409 id
3400 5361 3489 5410 est
3525 5353 3756 5424 discipu—

2160 5442 2247 5500 lus
2289 5444 2375 5499 vel
2422 5443 2651 5515 quilibet
2691 5445 2909 5502 auditor
2959 5447 3054 5517 qui
3096 5446 3394 5503 instruitur
3439 5458 3496 5503 et
3538 5450 3756 5504 docetur

2161 5536 2331 5597 verbo
2359 5536 2640 5602 doctrinas,
2672 5539 3035 5611 communicet
3076 5538 3162 5595 vel
3203 5540 3558 5596 sdministret
3599 5538 3758 5611 magi—

2162 5637 2278 5684 stro
2297 5628 2384 5684 vel
2406 5630 2749 5699 praedicatori
2783 5631 2835 5685 in
2858 5631 3110 5687 omnibus
3138 5632 3297 5688 bonis
3334 5632 3430 5703 qui
3452 5647 3516 5689 se
3540 5630 3754 5688 instruit

2160 5731 2216 5777 et
2238 5722 2414 5777 docet.
2441 5723 2734 5779 Auditores
2758 5731 2815 5778 et
2842 5723 3136 5795 discipulos
3168 5724 3446 5788 admonet,
3481 5734 3544 5780 ut
3570 5726 3748 5780 docto-

2159 5812 2313 5868 ribus
2340 5813 2454 5870 suis
2479 5831 2510 5869 a
2555 5816 2753 5885 quibus
2795 5814 3073 5884 accipiunt
3100 5815 3327 5869 verbum
3369 5814 3497 5869 vita;
3524 5824 3582 5869 et
3610 5812 3745 5878 fidei,

2158 5906 2473 5977 impendere
2511 5909 2761 5971 studeant
2786 5908 2929 5977 bona
2951 5905 3298 5976 temporalia,
3321 5906 3427 5966 huc
3446 5915 3535 5966 est
3551 5907 3744 5966 victum
