  <div class='ocr_page' id='page_1' title='image "/cluster/home/n/w/nwhite01/storage/ocr_20150623/117/hvd.32044015466899/354.png"; bbox 0 0 3940 6344; ppageno 0'>
   <div class='ocr_carea' id='block_1_1' title="bbox 140 401 240 464">
    <p class='ocr_par' dir='ltr' id='par_1_1' title="bbox 140 401 240 464">
     <span class='ocr_line' id='line_1_1' title="bbox 140 401 240 464; baseline 0 -2"><span class='ocrx_word' id='word_1_1' title='bbox 140 401 240 464; x_wconf 77' lang='grc'><strong>897</strong></span> 
     </span>
    </p>
   </div>
   <div class='ocr_carea' id='block_1_2' title="bbox 819 397 2730 459">
    <p class='ocr_par' dir='ltr' id='par_1_2' title="bbox 819 397 2730 459">
     <span class='ocr_line' id='line_1_2' title="bbox 819 397 2730 459; baseline -0.001 -2"><span class='ocrx_word' id='word_1_2' title='bbox 819 399 1180 458; x_wconf 80' lang='lat' dir='ltr'><strong>EXPOSITIO</strong></span> <span class='ocrx_word' id='word_1_3' title='bbox 1217 400 1282 455; x_wconf 82' lang='lat' dir='ltr'><strong>IN</strong></span> <span class='ocrx_word' id='word_1_4' title='bbox 1325 399 1471 455; x_wconf 88' lang='lat' dir='ltr'><strong>EPP.</strong></span> <span class='ocrx_word' id='word_1_5' title='bbox 1515 401 1572 455; x_wconf 86' lang='lat' dir='ltr'><strong>S.</strong></span> <span class='ocrx_word' id='word_1_6' title='bbox 1617 397 1842 455; x_wconf 80' lang='lat' dir='ltr'><strong>PAULI.</strong></span> <span class='ocrx_word' id='word_1_7' title='bbox 1877 431 1945 439; x_wconf 90' lang='lat'>—</span> <span class='ocrx_word' id='word_1_8' title='bbox 1983 401 2048 455; x_wconf 87' lang='lat' dir='ltr'><strong>lN</strong></span> <span class='ocrx_word' id='word_1_9' title='bbox 2093 399 2310 459; x_wconf 84' lang='lat' dir='ltr'><strong>EPIST.</strong></span> <span class='ocrx_word' id='word_1_10' title='bbox 2354 403 2446 459; x_wconf 82' lang='lat' dir='ltr'><strong>AD</strong></span> <span class='ocrx_word' id='word_1_11' title='bbox 2480 399 2730 459; x_wconf 79' lang='lat' dir='ltr'><strong>GALAT.</strong></span> 
     </span>
    </p>
   </div>
   <div class='ocr_carea' id='block_1_3' title="bbox 3305 397 3410 460">
    <p class='ocr_par' dir='ltr' id='par_1_3' title="bbox 3305 397 3410 460">
     <span class='ocr_line' id='line_1_3' title="bbox 3305 397 3410 460; baseline -0.01 -6"><span class='ocrx_word' id='word_1_12' title='bbox 3305 397 3410 460; x_wconf 66' lang='grc' dir='ltr'><strong>θοις</strong></span> 
     </span>
    </p>
   </div>
   <div class='ocr_carea' id='block_1_4' title="bbox 138 513 3408 588">
    <p class='ocr_par' dir='ltr' id='par_1_4' title="bbox 138 513 3408 588">
     <span class='ocr_line' id='line_1_4' title="bbox 138 513 3408 588; baseline -0.001 -12"><span class='ocrx_word' id='word_1_13' title='bbox 138 531 189 576; x_wconf 90' lang='lat' dir='ltr'><strong>et</strong></span> <span class='ocrx_word' id='word_1_14' title='bbox 215 519 596 576; x_wconf 72' lang='lat' dir='ltr'><strong>vestimentum</strong></span> <span class='ocrx_word' id='word_1_15' title='bbox 638 517 764 587; x_wconf 85' lang='lat' dir='ltr'><strong>quia</strong></span> <span class='ocrx_word' id='word_1_16' title='bbox 794 517 987 588; x_wconf 88' lang='lat' dir='ltr'><strong>dignus</strong></span> <span class='ocrx_word' id='word_1_17' title='bbox 1029 526 1113 573; x_wconf 90' lang='lat' dir='ltr'><strong>est</strong></span> <span class='ocrx_word' id='word_1_18' title='bbox 1140 516 1424 588; x_wconf 82' lang='lat' dir='ltr'><strong>operarius</strong></span> <span class='ocrx_word' id='word_1_19' title='bbox 1468 513 1718 570; x_wconf 90' lang='lat' dir='ltr'><strong>mercede</strong></span> <span class='ocrx_word' id='word_1_20' title='bbox 1746 518 1984 584; x_wconf 77' lang='lat' dir='ltr'><strong>Aquam</strong></span> <span class='ocrx_word' id='word_1_21' title='bbox 2030 517 2084 570; x_wconf 92' lang='lat' dir='ltr'><strong>in</strong></span> <span class='ocrx_word' id='word_1_22' title='bbox 2126 516 2373 573; x_wconf 81' lang='lat' dir='ltr'><strong>doctrina</strong></span> <span class='ocrx_word' id='word_1_23' title='bbox 2401 518 2575 573; x_wconf 81' lang='lat' dir='ltr'><strong>verbi.</strong></span> <span class='ocrx_word' id='word_1_24' title='bbox 2627 515 2892 572; x_wconf 90' lang='lat' dir='ltr'><strong>Omnibus</strong></span> <span class='ocrx_word' id='word_1_25' title='bbox 2918 516 3066 571; x_wconf 91' lang='lat' dir='ltr'><strong>enim</strong></span> <span class='ocrx_word' id='word_1_26' title='bbox 3097 515 3408 573; x_wconf 88' lang='lat' dir='ltr'><strong>hominibus</strong></span> 
     </span>
    </p>
   </div>
   <div class='ocr_carea' id='block_1_5' title="bbox 135 606 1716 681">
    <p class='ocr_par' dir='ltr' id='par_1_5' title="bbox 135 606 1716 681">
     <span class='ocr_line' id='line_1_5' title="bbox 135 606 1716 681; baseline -0.004 -14"><span class='ocrx_word' id='word_1_27' title='bbox 135 627 227 667; x_wconf 84' lang='lat' dir='ltr'><strong>sua</strong></span> <span class='ocrx_word' id='word_1_28' title='bbox 256 630 269 665; x_wconf 93' lang='lat'><strong>:</strong></span> <span class='ocrx_word' id='word_1_29' title='bbox 295 610 422 681; x_wconf 86' lang='lat' dir='ltr'><strong>quia</strong></span> <span class='ocrx_word' id='word_1_30' title='bbox 469 609 730 665; x_wconf 93' lang='lat' dir='ltr'><strong>Dominus</strong></span> <span class='ocrx_word' id='word_1_31' title='bbox 773 608 1048 664; x_wconf 75' lang='lat' dir='ltr'><strong>ordinavit</strong></span> <span class='ocrx_word' id='word_1_32' title='bbox 1089 608 1155 663; x_wconf 90' lang='lat' dir='ltr'><strong>de</strong></span> <span class='ocrx_word' id='word_1_33' title='bbox 1196 607 1489 679; x_wconf 88' lang='lat' dir='ltr'><strong>Evangelio</strong></span> <span class='ocrx_word' id='word_1_34' title='bbox 1535 606 1716 660; x_wconf 85' lang='lat' dir='ltr'><strong>vivere</strong></span> 
     </span>
    </p>
   </div>
   <div class='ocr_carea' id='block_1_6' title="bbox 134 698 1717 777">
    <p class='ocr_par' dir='ltr' id='par_1_6' title="bbox 134 698 1717 777">
     <span class='ocr_line' id='line_1_6' title="bbox 134 698 1717 777; baseline -0.006 -17"><span class='ocrx_word' id='word_1_35' title='bbox 134 710 222 777; x_wconf 85' lang='lat' dir='ltr'><strong>qui</strong></span> <span class='ocrx_word' id='word_1_36' title='bbox 244 704 591 774; x_wconf 85' lang='lat' dir='ltr'><strong>Evangelium</strong></span> <span class='ocrx_word' id='word_1_37' title='bbox 618 702 959 757; x_wconf 89' lang='lat' dir='ltr'><strong>annuntiant.</strong></span> <span class='ocrx_word' id='word_1_38' title='bbox 986 701 1276 757; x_wconf 85' lang='lat' dir='ltr'><strong>Possumus</strong></span> <span class='ocrx_word' id='word_1_39' title='bbox 1298 710 1351 756; x_wconf 92' lang='lat' dir='ltr'><strong>et</strong></span> <span class='ocrx_word' id='word_1_40' title='bbox 1374 715 1471 770; x_wconf 91' lang='lat' dir='ltr'><strong>per</strong></span> <span class='ocrx_word' id='word_1_41' title='bbox 1493 698 1717 754; x_wconf 85' lang='lat' dir='ltr'><strong>verbum</strong></span> 
     </span>
    </p>
   </div>
   <div class='ocr_carea' id='block_1_7' title="bbox 135 787 1715 866">
    <p class='ocr_par' dir='ltr' id='par_1_7' title="bbox 135 787 1715 866">
     <span class='ocr_line' id='line_1_7' title="bbox 135 787 1715 866; baseline -0.007 -14"><span class='ocrx_word' id='word_1_42' title='bbox 135 796 434 866; x_wconf 76' lang='lat' dir='ltr'><strong>intelligere</strong></span> <span class='ocrx_word' id='word_1_43' title='bbox 458 804 514 850; x_wconf 91' lang='lat' dir='ltr'><strong>et</strong></span> <span class='ocrx_word' id='word_1_44' title='bbox 538 793 840 850; x_wconf 87' lang='lat' dir='ltr'><strong>devotionis</strong></span> <span class='ocrx_word' id='word_1_45' title='bbox 875 792 1136 858; x_wconf 89' lang='lat' dir='ltr'><strong>fructum,</strong></span> <span class='ocrx_word' id='word_1_46' title='bbox 1158 802 1212 848; x_wconf 91' lang='lat' dir='ltr'><strong>et</strong></span> <span class='ocrx_word' id='word_1_47' title='bbox 1234 807 1347 847; x_wconf 89' lang='lat' dir='ltr'><strong>rem</strong></span> <span class='ocrx_word' id='word_1_48' title='bbox 1372 790 1498 846; x_wconf 90' lang='lat' dir='ltr'><strong>boni</strong></span> <span class='ocrx_word' id='word_1_49' title='bbox 1537 787 1715 859; x_wconf 90' lang='lat' dir='ltr'><strong>operis</strong></span> 
     </span>
    </p>
   </div>
   <div class='ocr_carea' id='block_1_8' title="bbox 135 881 1715 956">
    <p class='ocr_par' dir='ltr' id='par_1_8' title="bbox 135 881 1715 956">
     <span class='ocr_line' id='line_1_8' title="bbox 135 881 1715 956; baseline -0.006 -14"><span class='ocrx_word' id='word_1_50' title='bbox 135 899 185 942; x_wconf 94' lang='lat' dir='ltr'><strong>et</strong></span> <span class='ocrx_word' id='word_1_51' title='bbox 210 887 396 951; x_wconf 89' lang='lat' dir='ltr'><strong>studii,</strong></span> <span class='ocrx_word' id='word_1_52' title='bbox 431 893 491 940; x_wconf 91' lang='lat' dir='ltr'><strong>ut</strong></span> <span class='ocrx_word' id='word_1_53' title='bbox 514 887 641 942; x_wconf 92' lang='lat' dir='ltr'><strong>illud</strong></span> <span class='ocrx_word' id='word_1_54' title='bbox 673 885 837 956; x_wconf 81' lang='lat' dir='ltr'><strong>Moysi</strong></span> <span class='ocrx_word' id='word_1_55' title='bbox 867 903 879 938; x_wconf 91' lang='lat'><strong>:</strong></span> <span class='ocrx_word' id='word_1_56' title='bbox 916 883 1188 952; x_wconf 83' lang='lat' dir='ltr'><strong>Quomodo</strong></span> <span class='ocrx_word' id='word_1_57' title='bbox 1211 883 1390 955; x_wconf 86' lang='lat' dir='ltr'><strong>palam</strong></span> <span class='ocrx_word' id='word_1_58' title='bbox 1416 881 1616 952; x_wconf 82' lang='lat' dir='ltr'><strong>factum</strong></span> <span class='ocrx_word' id='word_1_59' title='bbox 1638 888 1715 934; x_wconf 90' lang='lat' dir='ltr'><strong>est</strong></span> 
     </span>
    </p>
   </div>
   <div class='ocr_carea' id='block_1_9' title="bbox 134 970 1714 1048">
    <p class='ocr_par' dir='ltr' id='par_1_9' title="bbox 134 970 1714 1048">
     <span class='ocr_line' id='line_1_9' title="bbox 134 970 1714 1048; baseline -0.005 -16"><span class='ocrx_word' id='word_1_60' title='bbox 134 979 342 1032; x_wconf 82' lang='lat' dir='ltr'><strong>verbum</strong></span> <span class='ocrx_word' id='word_1_61' title='bbox 370 977 507 1032; x_wconf 86' lang='lat' dir='ltr'><strong>istud</strong></span> <span class='ocrx_word' id='word_1_62' title='bbox 536 975 734 1048; x_wconf 72' lang='lat' dir='ltr'><strong>(Exod.</strong></span> <span class='ocrx_word' id='word_1_63' title='bbox 765 971 868 1046; x_wconf 85' lang='lat' dir='ltr'><strong>n)?</strong></span> <span class='ocrx_word' id='word_1_64' title='bbox 896 974 967 1030; x_wconf 87' lang='lat' dir='ltr'><strong>Ut</strong></span> <span class='ocrx_word' id='word_1_65' title='bbox 995 974 1298 1029; x_wconf 87' lang='lat' dir='ltr'><strong>referamus</strong></span> <span class='ocrx_word' id='word_1_66' title='bbox 1334 973 1437 1028; x_wconf 91' lang='lat' dir='ltr'><strong>hoc</strong></span> <span class='ocrx_word' id='word_1_67' title='bbox 1465 972 1532 1026; x_wconf 91' lang='lat' dir='ltr'><strong>ad</strong></span> <span class='ocrx_word' id='word_1_68' title='bbox 1557 970 1714 1026; x_wconf 90' lang='lat' dir='ltr'><strong>disci-</strong></span> 
     </span>
    </p>
   </div>
   <div class='ocr_carea' id='block_1_10' title="bbox 133 1062 1716 1140">
    <p class='ocr_par' dir='ltr' id='par_1_10' title="bbox 133 1062 1716 1140">
     <span class='ocr_line' id='line_1_10' title="bbox 133 1062 1716 1140; baseline -0.005 -17"><span class='ocrx_word' id='word_1_69' title='bbox 133 1068 350 1140; x_wconf 86' lang='lat' dir='ltr'><strong>pulum,</strong></span> <span class='ocrx_word' id='word_1_70' title='bbox 403 1068 762 1123; x_wconf 91' lang='lat' dir='ltr'><strong>communicet</strong></span> <span class='ocrx_word' id='word_1_71' title='bbox 807 1074 1022 1132; x_wconf 91' lang='lat' dir='ltr'><strong>autem,</strong></span> <span class='ocrx_word' id='word_1_72' title='bbox 1067 1065 1119 1120; x_wconf 89' lang='lat' dir='ltr'><strong>id</strong></span> <span class='ocrx_word' id='word_1_73' title='bbox 1160 1073 1246 1120; x_wconf 93' lang='lat' dir='ltr'><strong>est</strong></span> <span class='ocrx_word' id='word_1_74' title='bbox 1286 1062 1603 1134; x_wconf 84' lang='lat' dir='ltr'><strong>placabilem</strong></span> <span class='ocrx_word' id='word_1_75' title='bbox 1657 1077 1716 1116; x_wconf 90' lang='lat' dir='ltr'><strong>se</strong></span> 
     </span>
    </p>
   </div>
   <div class='ocr_carea' id='block_1_11' title="bbox 131 1155 1716 1228">
    <p class='ocr_par' dir='ltr' id='par_1_11' title="bbox 131 1155 1716 1228">
     <span class='ocr_line' id='line_1_11' title="bbox 131 1155 1716 1228; baseline -0.005 -10"><span class='ocrx_word' id='word_1_76' title='bbox 131 1162 292 1218; x_wconf 87' lang='lat' dir='ltr'><strong>faciat</strong></span> <span class='ocrx_word' id='word_1_77' title='bbox 319 1163 517 1226; x_wconf 90' lang='lat' dir='ltr'><strong>studio,</strong></span> <span class='ocrx_word' id='word_1_78' title='bbox 545 1170 600 1216; x_wconf 94' lang='lat' dir='ltr'><strong>et</strong></span> <span class='ocrx_word' id='word_1_79' title='bbox 634 1160 813 1216; x_wconf 88' lang='lat' dir='ltr'><strong>fructu</strong></span> <span class='ocrx_word' id='word_1_80' title='bbox 837 1159 1139 1215; x_wconf 87' lang='lat' dir='ltr'><strong>devotionis</strong></span> <span class='ocrx_word' id='word_1_81' title='bbox 1165 1156 1484 1228; x_wconf 90' lang='lat' dir='ltr'><strong>discipulus,</strong></span> <span class='ocrx_word' id='word_1_82' title='bbox 1514 1155 1599 1209; x_wconf 87' lang='lat' dir='ltr'><strong>vel</strong></span> <span class='ocrx_word' id='word_1_83' title='bbox 1623 1155 1716 1219; x_wconf 91' lang='lat' dir='ltr'><strong>qui</strong></span> 
     </span>
    </p>
   </div>
   <div class='ocr_carea' id='block_1_12' title="bbox 131 1245 1714 1326">
    <p class='ocr_par' dir='ltr' id='par_1_12' title="bbox 131 1245 1714 1326">
     <span class='ocr_line' id='line_1_12' title="bbox 131 1245 1714 1326; baseline -0.009 -13"><span class='ocrx_word' id='word_1_84' title='bbox 131 1256 502 1312; x_wconf 79' lang='lat' dir='ltr'><strong>catechizatur</strong></span> <span class='ocrx_word' id='word_1_85' title='bbox 527 1254 786 1326; x_wconf 90' lang='lat' dir='ltr'><strong>magistro</strong></span> <span class='ocrx_word' id='word_1_86' title='bbox 807 1252 897 1322; x_wconf 91' lang='lat' dir='ltr'><strong>qui</strong></span> <span class='ocrx_word' id='word_1_87' title='bbox 931 1268 990 1307; x_wconf 89' lang='lat' dir='ltr'><strong>se</strong></span> <span class='ocrx_word' id='word_1_88' title='bbox 1019 1250 1256 1306; x_wconf 86' lang='lat' dir='ltr'><strong>instituit</strong></span> <span class='ocrx_word' id='word_1_89' title='bbox 1277 1248 1457 1314; x_wconf 91' lang='lat' dir='ltr'><strong>bonis,</strong></span> <span class='ocrx_word' id='word_1_90' title='bbox 1484 1257 1538 1302; x_wconf 91' lang='lat' dir='ltr'><strong>et</strong></span> <span class='ocrx_word' id='word_1_91' title='bbox 1565 1245 1714 1302; x_wconf 90' lang='lat' dir='ltr'><strong>doci-</strong></span> 
     </span>
    </p>
   </div>
   <div class='ocr_carea' id='block_1_13' title="bbox 129 1339 1716 1411">
    <p class='ocr_par' dir='ltr' id='par_1_13' title="bbox 129 1339 1716 1411">
     <span class='ocr_line' id='line_1_13' title="bbox 129 1339 1716 1411; baseline -0.008 -7"><span class='ocrx_word' id='word_1_92' title='bbox 129 1349 289 1404; x_wconf 87' lang='lat' dir='ltr'><strong>bilem</strong></span> <span class='ocrx_word' id='word_1_93' title='bbox 319 1357 373 1404; x_wconf 91' lang='lat' dir='ltr'><strong>et</strong></span> <span class='ocrx_word' id='word_1_94' title='bbox 412 1347 750 1402; x_wconf 88' lang='lat' dir='ltr'><strong>obedientem</strong></span> <span class='ocrx_word' id='word_1_95' title='bbox 777 1345 831 1399; x_wconf 93' lang='lat' dir='ltr'><strong>in</strong></span> <span class='ocrx_word' id='word_1_96' title='bbox 859 1343 1109 1399; x_wconf 93' lang='lat' dir='ltr'><strong>omnibus</strong></span> <span class='ocrx_word' id='word_1_97' title='bbox 1137 1341 1294 1398; x_wconf 90' lang='lat' dir='ltr'><strong>bonis</strong></span> <span class='ocrx_word' id='word_1_98' title='bbox 1315 1356 1435 1411; x_wconf 79' lang='lat' dir='ltr'><strong>quae</strong></span> <span class='ocrx_word' id='word_1_99' title='bbox 1469 1339 1579 1394; x_wconf 92' lang='lat' dir='ltr'><strong>Deo</strong></span> <span class='ocrx_word' id='word_1_100' title='bbox 1609 1353 1716 1392; x_wconf 91' lang='lat' dir='ltr'><strong>non</strong></span> 
     </span>
    </p>
   </div>
   <div class='ocr_carea' id='block_1_14' title="bbox 127 1429 1714 1510">
    <p class='ocr_par' dir='ltr' id='par_1_14' title="bbox 127 1429 1714 1510">
     <span class='ocr_line' id='line_1_14' title="bbox 127 1429 1714 1510; baseline -0.007 -15"><span class='ocrx_word' id='word_1_101' title='bbox 127 1439 435 1510; x_wconf 90' lang='lat' dir='ltr'><strong>displicent.</strong></span> <span class='ocrx_word' id='word_1_102' title='bbox 459 1437 680 1493; x_wconf 89' lang='lat' dir='ltr'><strong>Poterat</strong></span> <span class='ocrx_word' id='word_1_103' title='bbox 703 1436 897 1506; x_wconf 88' lang='lat' dir='ltr'><strong>aliquis</strong></span> <span class='ocrx_word' id='word_1_104' title='bbox 919 1435 1304 1506; x_wconf 90' lang='lat' dir='ltr'><strong>discipulorum</strong></span> <span class='ocrx_word' id='word_1_105' title='bbox 1347 1433 1528 1488; x_wconf 89' lang='lat' dir='ltr'><strong>dicere</strong></span> <span class='ocrx_word' id='word_1_106' title='bbox 1558 1450 1570 1485; x_wconf 93' lang='lat'><strong>:</strong></span> <span class='ocrx_word' id='word_1_107' title='bbox 1599 1429 1714 1485; x_wconf 85' lang='lat' dir='ltr'><strong>Non</strong></span> 
     </span>
    </p>
   </div>
   <div class='ocr_carea' id='block_1_15' title="bbox 128 1519 1713 1602">
    <p class='ocr_par' dir='ltr' id='par_1_15' title="bbox 128 1519 1713 1602">
     <span class='ocr_line' id='line_1_15' title="bbox 128 1519 1713 1602; baseline -0.008 -12"><span class='ocrx_word' id='word_1_108' title='bbox 128 1534 302 1590; x_wconf 80' lang='lat' dir='ltr'><strong>habeo</strong></span> <span class='ocrx_word' id='word_1_109' title='bbox 333 1535 477 1602; x_wconf 89' lang='lat' dir='ltr'><strong>quod</strong></span> <span class='ocrx_word' id='word_1_110' title='bbox 509 1532 815 1601; x_wconf 89' lang='lat' dir='ltr'><strong>impendam</strong></span> <span class='ocrx_word' id='word_1_111' title='bbox 858 1529 1122 1601; x_wconf 86' lang='lat' dir='ltr'><strong>magistro</strong></span> <span class='ocrx_word' id='word_1_112' title='bbox 1153 1519 1342 1599; x_wconf 65' lang='lat' dir='ltr'><strong>:‘quia</strong></span> <span class='ocrx_word' id='word_1_113' title='bbox 1373 1543 1501 1599; x_wconf 89' lang='lat' dir='ltr'><strong>ager</strong></span> <span class='ocrx_word' id='word_1_114' title='bbox 1531 1541 1713 1591; x_wconf 92' lang='lat' dir='ltr'><strong>meus,</strong></span> 
     </span>
    </p>
   </div>
   <div class='ocr_carea' id='block_1_16' title="bbox 129 1622 1714 1690">
    <p class='ocr_par' dir='ltr' id='par_1_16' title="bbox 129 1622 1714 1690">
     <span class='ocr_line' id='line_1_16' title="bbox 129 1622 1714 1690; baseline -0.006 -10"><span class='ocrx_word' id='word_1_115' title='bbox 129 1626 176 1680; x_wconf 94' lang='lat' dir='ltr'><strong>id</strong></span> <span class='ocrx_word' id='word_1_116' title='bbox 205 1636 292 1680; x_wconf 90' lang='lat' dir='ltr'><strong>est</strong></span> <span class='ocrx_word' id='word_1_117' title='bbox 321 1640 537 1680; x_wconf 87' lang='lat' dir='ltr'><strong>annona</strong></span> <span class='ocrx_word' id='word_1_118' title='bbox 568 1639 687 1680; x_wconf 90' lang='lat' dir='ltr'><strong>mea</strong></span> <span class='ocrx_word' id='word_1_119' title='bbox 729 1623 974 1679; x_wconf 89' lang='lat' dir='ltr'><strong>siccitate</strong></span> <span class='ocrx_word' id='word_1_120' title='bbox 1009 1623 1170 1688; x_wconf 90' lang='lat' dir='ltr'><strong>aruit,</strong></span> <span class='ocrx_word' id='word_1_121' title='bbox 1199 1622 1356 1677; x_wconf 87' lang='lat' dir='ltr'><strong>vinea</strong></span> <span class='ocrx_word' id='word_1_122' title='bbox 1387 1636 1503 1675; x_wconf 91' lang='lat' dir='ltr'><strong>mea</strong></span> <span class='ocrx_word' id='word_1_123' title='bbox 1550 1633 1714 1690; x_wconf 89' lang='lat' dir='ltr'><strong>gran-</strong></span> 
     </span>
    </p>
   </div>
   <div class='ocr_carea' id='block_1_17' title="bbox 126 1716 1715 1790">
    <p class='ocr_par' dir='ltr' id='par_1_17' title="bbox 126 1716 1715 1790">
     <span class='ocr_line' id='line_1_17' title="bbox 126 1716 1715 1790; baseline -0.006 -17"><span class='ocrx_word' id='word_1_124' title='bbox 126 1720 248 1776; x_wconf 89' lang='lat' dir='ltr'><strong>dine</strong></span> <span class='ocrx_word' id='word_1_125' title='bbox 273 1727 594 1790; x_wconf 87' lang='lat' dir='ltr'><strong>consumpta</strong></span> <span class='ocrx_word' id='word_1_126' title='bbox 622 1727 738 1783; x_wconf 90' lang='lat' dir='ltr'><strong>est,</strong></span> <span class='ocrx_word' id='word_1_127' title='bbox 763 1733 893 1774; x_wconf 91' lang='lat' dir='ltr'><strong>oves</strong></span> <span class='ocrx_word' id='word_1_128' title='bbox 924 1716 1231 1788; x_wconf 90' lang='lat' dir='ltr'><strong>pestilentia</strong></span> <span class='ocrx_word' id='word_1_129' title='bbox 1261 1722 1526 1783; x_wconf 71' lang='lat' dir='ltr'><strong>correpta:</strong></span> <span class='ocrx_word' id='word_1_130' title='bbox 1567 1720 1715 1777; x_wconf 92' lang='lat' dir='ltr'><strong>sunt,</strong></span> 
     </span>
    </p>
   </div>
   <div class='ocr_carea' id='block_1_18' title="bbox 129 1807 1718 1884">
    <p class='ocr_par' dir='ltr' id='par_1_18' title="bbox 129 1807 1718 1884">
     <span class='ocr_line' id='line_1_18' title="bbox 129 1807 1718 1884; baseline -0.005 -16"><span class='ocrx_word' id='word_1_131' title='bbox 129 1829 249 1869; x_wconf 88' lang='lat' dir='ltr'><strong>sues</strong></span> <span class='ocrx_word' id='word_1_132' title='bbox 271 1813 462 1884; x_wconf 84' lang='lat' dir='ltr'><strong>sagina</strong></span> <span class='ocrx_word' id='word_1_133' title='bbox 489 1820 822 1868; x_wconf 85' lang='lat' dir='ltr'><strong>tumescente</strong></span> <span class='ocrx_word' id='word_1_134' title='bbox 845 1821 1072 1866; x_wconf 76' lang='lat' dir='ltr'><strong>mortua:</strong></span> <span class='ocrx_word' id='word_1_135' title='bbox 1103 1818 1248 1866; x_wconf 89' lang='lat' dir='ltr'><strong>sunt.</strong></span> <span class='ocrx_word' id='word_1_136' title='bbox 1274 1809 1379 1864; x_wconf 91' lang='lat' dir='ltr'><strong>Sed</strong></span> <span class='ocrx_word' id='word_1_137' title='bbox 1405 1816 1462 1862; x_wconf 95' lang='lat' dir='ltr'><strong>ut</strong></span> <span class='ocrx_word' id='word_1_138' title='bbox 1489 1807 1718 1878; x_wconf 81' lang='lat' dir='ltr'><strong>Aposto-</strong></span> 
     </span>
    </p>
   </div>
   <div class='ocr_carea' id='block_1_19' title="bbox 126 1900 1353 1966">
    <p class='ocr_par' dir='ltr' id='par_1_19' title="bbox 126 1900 1353 1966">
     <span class='ocr_line' id='line_1_19' title="bbox 126 1900 1353 1966; baseline -0.005 -7"><span class='ocrx_word' id='word_1_139' title='bbox 126 1903 204 1960; x_wconf 89' lang='lat' dir='ltr'><strong>lus</strong></span> <span class='ocrx_word' id='word_1_140' title='bbox 223 1920 445 1961; x_wconf 88' lang='lat' dir='ltr'><strong>omnem</strong></span> <span class='ocrx_word' id='word_1_141' title='bbox 467 1903 808 1959; x_wconf 87' lang='lat' dir='ltr'><strong>occasionem</strong></span> <span class='ocrx_word' id='word_1_142' title='bbox 829 1901 1162 1966; x_wconf 80' lang='lat' dir='ltr'><strong>excluderet,</strong></span> <span class='ocrx_word' id='word_1_143' title='bbox 1179 1900 1315 1956; x_wconf 76' lang='lat' dir='ltr'><strong>dixit</strong></span> <span class='ocrx_word' id='word_1_144' title='bbox 1341 1917 1353 1953; x_wconf 91' lang='lat'><strong>:</strong></span> 
     </span>
    </p>
   </div>
   <div class='ocr_carea' id='block_1_20' title="bbox 191 1990 1714 2062">
    <p class='ocr_par' dir='ltr' id='par_1_20' title="bbox 191 1990 1714 2062">
     <span class='ocr_line' id='line_1_20' title="bbox 191 1990 1714 2062; baseline -0.003 -11"><span class='ocrx_word' id='word_1_145' title='bbox 191 1995 377 2051; x_wconf 79' lang='lat' dir='ltr'><strong>Nolite</strong></span> <span class='ocrx_word' id='word_1_146' title='bbox 404 2013 602 2062; x_wconf 89' lang='lat' dir='ltr'><strong>errare,</strong></span> <span class='ocrx_word' id='word_1_147' title='bbox 632 1995 772 2050; x_wconf 90' lang='lat' dir='ltr'><strong>Deus</strong></span> <span class='ocrx_word' id='word_1_148' title='bbox 803 2012 905 2049; x_wconf 92' lang='lat' dir='ltr'><strong>non</strong></span> <span class='ocrx_word' id='word_1_149' title='bbox 935 1993 1206 2048; x_wconf 77' lang='lat' dir='ltr'><strong>irridetur.</strong></span> <span class='ocrx_word' id='word_1_150' title='bbox 1253 1993 1366 2048; x_wconf 86' lang='lat' dir='ltr'><strong>Hoc</strong></span> <span class='ocrx_word' id='word_1_151' title='bbox 1393 2001 1477 2047; x_wconf 89' lang='lat' dir='ltr'><strong>est</strong></span> <span class='ocrx_word' id='word_1_152' title='bbox 1502 2009 1515 2045; x_wconf 91' lang='lat'><strong>:</strong></span> <span class='ocrx_word' id='word_1_153' title='bbox 1549 1990 1714 2046; x_wconf 84' lang='lat' dir='ltr'><strong>nolite</strong></span> 
     </span>
    </p>
   </div>
   <div class='ocr_carea' id='block_1_21' title="bbox 125 2085 1708 2160">
    <p class='ocr_par' dir='ltr' id='par_1_21' title="bbox 125 2085 1708 2160">
     <span class='ocr_line' id='line_1_21' title="bbox 125 2085 1708 2160; baseline -0.002 -17"><span class='ocrx_word' id='word_1_154' title='bbox 125 2089 377 2154; x_wconf 89' lang='lat' dir='ltr'><strong>mentiri,</strong></span> <span class='ocrx_word' id='word_1_155' title='bbox 424 2089 549 2160; x_wconf 88' lang='lat' dir='ltr'><strong>quia</strong></span> <span class='ocrx_word' id='word_1_156' title='bbox 591 2089 977 2158; x_wconf 70' lang='lat' dir='ltr'><strong>homo,potest</strong></span> <span class='ocrx_word' id='word_1_157' title='bbox 1021 2087 1360 2142; x_wconf 82' lang='lat' dir='ltr'><strong>mendacium</strong></span> <span class='ocrx_word' id='word_1_158' title='bbox 1405 2085 1708 2155; x_wconf 88' lang='lat' dir='ltr'><strong>suscipere,</strong></span> 
     </span>
    </p>
   </div>
   <div class='ocr_carea' id='block_1_22' title="bbox 125 2179 1712 2252">
    <p class='ocr_par' dir='ltr' id='par_1_22' title="bbox 125 2179 1712 2252">
     <span class='ocr_line' id='line_1_22' title="bbox 125 2179 1712 2252; baseline 0 -19"><span class='ocrx_word' id='word_1_159' title='bbox 125 2179 267 2236; x_wconf 87' lang='lat' dir='ltr'><strong>Deus</strong></span> <span class='ocrx_word' id='word_1_160' title='bbox 301 2197 434 2236; x_wconf 91' lang='lat' dir='ltr'><strong>vero</strong></span> <span class='ocrx_word' id='word_1_161' title='bbox 476 2197 584 2236; x_wconf 91' lang='lat' dir='ltr'><strong>non</strong></span> <span class='ocrx_word' id='word_1_162' title='bbox 632 2190 849 2252; x_wconf 89' lang='lat' dir='ltr'><strong>potest:</strong></span> <span class='ocrx_word' id='word_1_163' title='bbox 894 2192 950 2235; x_wconf 90' lang='lat' dir='ltr'><strong>et</strong></span> <span class='ocrx_word' id='word_1_164' title='bbox 991 2179 1133 2235; x_wconf 90' lang='lat' dir='ltr'><strong>Deus</strong></span> <span class='ocrx_word' id='word_1_165' title='bbox 1163 2179 1253 2249; x_wconf 92' lang='lat' dir='ltr'><strong>qui</strong></span> <span class='ocrx_word' id='word_1_166' title='bbox 1284 2179 1463 2234; x_wconf 88' lang='lat' dir='ltr'><strong>omnia</strong></span> <span class='ocrx_word' id='word_1_167' title='bbox 1503 2187 1712 2234; x_wconf 81' lang='lat' dir='ltr'><strong>secreta</strong></span> 
     </span>
    </p>
   </div>
   <div class='ocr_carea' id='block_1_23' title="bbox 125 2272 1713 2346">
    <p class='ocr_par' dir='ltr' id='par_1_23' title="bbox 125 2272 1713 2346">
     <span class='ocr_line' id='line_1_23' title="bbox 125 2272 1713 2346; baseline -0.002 -17"><span class='ocrx_word' id='word_1_168' title='bbox 125 2275 370 2331; x_wconf 88' lang='lat' dir='ltr'><strong>cordium</strong></span> <span class='ocrx_word' id='word_1_169' title='bbox 399 2283 669 2346; x_wconf 83' lang='lat' dir='ltr'><strong>penetrat,</strong></span> <span class='ocrx_word' id='word_1_170' title='bbox 701 2290 806 2329; x_wconf 92' lang='lat' dir='ltr'><strong>non</strong></span> <span class='ocrx_word' id='word_1_171' title='bbox 835 2281 1011 2345; x_wconf 90' lang='lat' dir='ltr'><strong>potest</strong></span> <span class='ocrx_word' id='word_1_172' title='bbox 1041 2272 1172 2328; x_wconf 88' lang='lat' dir='ltr'><strong>falli.</strong></span> <span class='ocrx_word' id='word_1_173' title='bbox 1224 2273 1389 2337; x_wconf 86' lang='lat' dir='ltr'><strong>Dicis,</strong></span> <span class='ocrx_word' id='word_1_174' title='bbox 1428 2289 1461 2327; x_wconf 95' lang='lat' dir='ltr'><strong>o</strong></span> <span class='ocrx_word' id='word_1_175' title='bbox 1498 2272 1713 2327; x_wconf 90' lang='lat' dir='ltr'><strong>auditor</strong></span> 
     </span>
    </p>
   </div>
   <div class='ocr_carea' id='block_1_24' title="bbox 124 2366 1713 2440">
    <p class='ocr_par' dir='ltr' id='par_1_24' title="bbox 124 2366 1713 2440">
     <span class='ocr_line' id='line_1_24' title="bbox 124 2366 1713 2440; baseline -0.004 -16"><span class='ocrx_word' id='word_1_176' title='bbox 124 2371 435 2440; x_wconf 89' lang='lat' dir='ltr'><strong>quicunque</strong></span> <span class='ocrx_word' id='word_1_177' title='bbox 455 2384 536 2435; x_wconf 87' lang='lat' dir='ltr'><strong>es,</strong></span> <span class='ocrx_word' id='word_1_178' title='bbox 559 2384 662 2423; x_wconf 92' lang='lat' dir='ltr'><strong>non</strong></span> <span class='ocrx_word' id='word_1_179' title='bbox 695 2376 876 2439; x_wconf 87' lang='lat' dir='ltr'><strong>posset</strong></span> <span class='ocrx_word' id='word_1_180' title='bbox 907 2378 958 2423; x_wconf 90' lang='lat' dir='ltr'><strong>te</strong></span> <span class='ocrx_word' id='word_1_181' title='bbox 987 2375 1234 2437; x_wconf 85' lang='lat' dir='ltr'><strong>sumptus</strong></span> <span class='ocrx_word' id='word_1_182' title='bbox 1261 2366 1571 2421; x_wconf 90' lang='lat' dir='ltr'><strong>ministrare</strong></span> <span class='ocrx_word' id='word_1_183' title='bbox 1597 2380 1713 2418; x_wconf 86' lang='lat' dir='ltr'><strong>ma-</strong></span> 
     </span>
    </p>
   </div>
   <div class='ocr_carea' id='block_1_25' title="bbox 125 2458 1712 2533">
    <p class='ocr_par' dir='ltr' id='par_1_25' title="bbox 125 2458 1712 2533">
     <span class='ocr_line' id='line_1_25' title="bbox 125 2458 1712 2533; baseline -0.003 -15"><span class='ocrx_word' id='word_1_184' title='bbox 125 2463 295 2533; x_wconf 86' lang='lat' dir='ltr'><strong>gistro</strong></span> <span class='ocrx_word' id='word_1_185' title='bbox 341 2473 432 2517; x_wconf 89' lang='lat' dir='ltr'><strong>tuo</strong></span> <span class='ocrx_word' id='word_1_186' title='bbox 459 2503 474 2528; x_wconf 95' lang='lat'><strong>,</strong></span> <span class='ocrx_word' id='word_1_187' title='bbox 535 2473 814 2532; x_wconf 87' lang='lat' dir='ltr'><strong>premente</strong></span> <span class='ocrx_word' id='word_1_188' title='bbox 860 2470 910 2515; x_wconf 90' lang='lat' dir='ltr'><strong>te</strong></span> <span class='ocrx_word' id='word_1_189' title='bbox 952 2461 1116 2515; x_wconf 92' lang='lat' dir='ltr'><strong>nimia</strong></span> <span class='ocrx_word' id='word_1_190' title='bbox 1159 2468 1440 2531; x_wconf 78' lang='lat' dir='ltr'><strong>egestate:</strong></span> <span class='ocrx_word' id='word_1_191' title='bbox 1495 2458 1604 2514; x_wconf 84' lang='lat' dir='ltr'><strong>noli</strong></span> <span class='ocrx_word' id='word_1_192' title='bbox 1661 2465 1712 2514; x_wconf 90' lang='lat' dir='ltr'><strong>te</strong></span> 
     </span>
    </p>
   </div>
   <div class='ocr_carea' id='block_1_26' title="bbox 125 2551 1709 2628">
    <p class='ocr_par' dir='ltr' id='par_1_26' title="bbox 125 2551 1709 2628">
     <span class='ocr_line' id='line_1_26' title="bbox 125 2551 1709 2628; baseline -0.006 -16"><span class='ocrx_word' id='word_1_193' title='bbox 125 2559 376 2628; x_wconf 86' lang='lat' dir='ltr'><strong>decipere</strong></span> <span class='ocrx_word' id='word_1_194' title='bbox 396 2556 550 2628; x_wconf 90' lang='lat' dir='ltr'><strong>quasi</strong></span> <span class='ocrx_word' id='word_1_195' title='bbox 577 2555 760 2611; x_wconf 90' lang='lat' dir='ltr'><strong>fallere</strong></span> <span class='ocrx_word' id='word_1_196' title='bbox 782 2554 956 2625; x_wconf 90' lang='lat' dir='ltr'><strong>possis</strong></span> <span class='ocrx_word' id='word_1_197' title='bbox 975 2553 1166 2617; x_wconf 92' lang='lat' dir='ltr'><strong>Deum,</strong></span> <span class='ocrx_word' id='word_1_198' title='bbox 1193 2554 1286 2608; x_wconf 88' lang='lat' dir='ltr'><strong>sed</strong></span> <span class='ocrx_word' id='word_1_199' title='bbox 1312 2553 1450 2607; x_wconf 88' lang='lat' dir='ltr'><strong>unde</strong></span> <span class='ocrx_word' id='word_1_200' title='bbox 1475 2560 1532 2606; x_wconf 91' lang='lat' dir='ltr'><strong>tu</strong></span> <span class='ocrx_word' id='word_1_201' title='bbox 1555 2551 1709 2615; x_wconf 89' lang='lat' dir='ltr'><strong>vivis,</strong></span> 
     </span>
    </p>
   </div>
   <div class='ocr_carea' id='block_1_27' title="bbox 124 2644 1712 2717">
    <p class='ocr_par' dir='ltr' id='par_1_27' title="bbox 124 2644 1712 2717">
     <span class='ocr_line' id='line_1_27' title="bbox 124 2644 1712 2717; baseline -0.004 -14"><span class='ocrx_word' id='word_1_202' title='bbox 124 2649 243 2703; x_wconf 79' lang='lat' dir='ltr'><strong>inde</strong></span> <span class='ocrx_word' id='word_1_203' title='bbox 281 2657 531 2704; x_wconf 88' lang='lat' dir='ltr'><strong>sustenta</strong></span> <span class='ocrx_word' id='word_1_204' title='bbox 572 2656 626 2702; x_wconf 88' lang='lat' dir='ltr'><strong>et</strong></span> <span class='ocrx_word' id='word_1_205' title='bbox 667 2648 984 2717; x_wconf 89' lang='lat' dir='ltr'><strong>magistrum</strong></span> <span class='ocrx_word' id='word_1_206' title='bbox 1007 2686 1022 2710; x_wconf 93' lang='lat'><strong>,</strong></span> <span class='ocrx_word' id='word_1_207' title='bbox 1073 2645 1200 2714; x_wconf 89' lang='lat' dir='ltr'><strong>quia</strong></span> <span class='ocrx_word' id='word_1_208' title='bbox 1237 2645 1281 2699; x_wconf 91' lang='lat' dir='ltr'><strong>si</strong></span> <span class='ocrx_word' id='word_1_209' title='bbox 1313 2659 1420 2698; x_wconf 90' lang='lat' dir='ltr'><strong>non</strong></span> <span class='ocrx_word' id='word_1_210' title='bbox 1450 2644 1614 2698; x_wconf 85' lang='lat' dir='ltr'><strong>habes</strong></span> <span class='ocrx_word' id='word_1_211' title='bbox 1644 2657 1712 2696; x_wconf 75' lang='lat' dir='ltr'><strong>ex</strong></span> 
     </span>
    </p>
   </div>
   <div class='ocr_carea' id='block_1_28' title="bbox 121 2737 1713 2812">
    <p class='ocr_par' dir='ltr' id='par_1_28' title="bbox 121 2737 1713 2812">
     <span class='ocr_line' id='line_1_28' title="bbox 121 2737 1713 2812; baseline -0.005 -14"><span class='ocrx_word' id='word_1_212' title='bbox 121 2743 377 2812; x_wconf 68' lang='lat' dir='ltr'><strong>praesenti</strong></span> <span class='ocrx_word' id='word_1_213' title='bbox 399 2757 541 2797; x_wconf 89' lang='lat' dir='ltr'><strong>anno</strong></span> <span class='ocrx_word' id='word_1_214' title='bbox 562 2740 763 2812; x_wconf 81' lang='lat' dir='ltr'><strong>fruges,</strong></span> <span class='ocrx_word' id='word_1_215' title='bbox 783 2741 949 2795; x_wconf 86' lang='lat' dir='ltr'><strong>habes</strong></span> <span class='ocrx_word' id='word_1_216' title='bbox 969 2755 1036 2795; x_wconf 80' lang='lat' dir='ltr'><strong>ex</strong></span> <span class='ocrx_word' id='word_1_217' title='bbox 1057 2738 1351 2808; x_wconf 66' lang='lat' dir='ltr'><strong>praeterito,</strong></span> <span class='ocrx_word' id='word_1_218' title='bbox 1374 2746 1528 2808; x_wconf 90' lang='lat' dir='ltr'><strong>potes</strong></span> <span class='ocrx_word' id='word_1_219' title='bbox 1549 2737 1713 2792; x_wconf 87' lang='lat' dir='ltr'><strong>etiam</strong></span> 
     </span>
    </p>
   </div>
   <div class='ocr_carea' id='block_1_29' title="bbox 123 2830 1235 2903">
    <p class='ocr_par' dir='ltr' id='par_1_29' title="bbox 123 2830 1235 2903">
     <span class='ocr_line' id='line_1_29' title="bbox 123 2830 1235 2903; baseline -0.002 -17"><span class='ocrx_word' id='word_1_220' title='bbox 123 2831 420 2903; x_wconf 84' lang='lat' dir='ltr'><strong>impetrare</strong></span> <span class='ocrx_word' id='word_1_221' title='bbox 449 2841 634 2887; x_wconf 91' lang='lat' dir='ltr'><strong>mutuo</strong></span> <span class='ocrx_word' id='word_1_222' title='bbox 662 2848 693 2886; x_wconf 92' lang='lat' dir='ltr'><strong>a</strong></span> <span class='ocrx_word' id='word_1_223' title='bbox 719 2831 916 2886; x_wconf 91' lang='lat' dir='ltr'><strong>vicinis</strong></span> <span class='ocrx_word' id='word_1_224' title='bbox 942 2831 1009 2887; x_wconf 91' lang='lat' dir='ltr'><strong>de</strong></span> <span class='ocrx_word' id='word_1_225' title='bbox 1035 2830 1235 2885; x_wconf 88' lang='lat' dir='ltr'><strong>futuro.</strong></span> 
     </span>
    </p>
   </div>
   <div class='ocr_carea' id='block_1_30' title="bbox 190 2922 1710 2992">
    <p class='ocr_par' dir='ltr' id='par_1_30' title="bbox 190 2922 1710 2992">
     <span class='ocr_line' id='line_1_30' title="bbox 190 2922 1710 2992; baseline -0.004 -11"><span class='ocrx_word' id='word_1_226' title='bbox 190 2925 328 2992; x_wconf 65' lang='lat' dir='ltr'><strong>Qum</strong></span> <span class='ocrx_word' id='word_1_227' title='bbox 353 2928 488 2980; x_wconf 87' lang='lat' dir='ltr'><strong>enim</strong></span> <span class='ocrx_word' id='word_1_228' title='bbox 514 2926 840 2979; x_wconf 77' lang='lat' dir='ltr'><strong>seminaverit</strong></span> <span class='ocrx_word' id='word_1_229' title='bbox 869 2925 1043 2991; x_wconf 81' lang='lat' dir='ltr'><strong>homo,</strong></span> <span class='ocrx_word' id='word_1_230' title='bbox 1069 2925 1180 2978; x_wconf 77' lang='lat' dir='ltr'><strong>[nec</strong></span> <span class='ocrx_word' id='word_1_231' title='bbox 1208 2932 1256 2977; x_wconf 90' lang='lat' dir='ltr'><strong>et</strong></span> <span class='ocrx_word' id='word_1_232' title='bbox 1283 2931 1451 2982; x_wconf 85' lang='lat' dir='ltr'><strong>metet.</strong></span> <span class='ocrx_word' id='word_1_233' title='bbox 1481 2922 1584 2976; x_wconf 89' lang='lat' dir='ltr'><strong>hoc</strong></span> <span class='ocrx_word' id='word_1_234' title='bbox 1608 2931 1710 2987; x_wconf 91' lang='lat' dir='ltr'><strong>est,</strong></span> 
     </span>
    </p>
   </div>
   <div class='ocr_carea' id='block_1_31' title="bbox 123 3013 1710 3086">
    <p class='ocr_par' dir='ltr' id='par_1_31' title="bbox 123 3013 1710 3086">
     <span class='ocr_line' id='line_1_31' title="bbox 123 3013 1710 3086; baseline -0.001 -17"><span class='ocrx_word' id='word_1_235' title='bbox 123 3016 300 3086; x_wconf 84' lang='lat' dir='ltr'><strong>qualia</strong></span> <span class='ocrx_word' id='word_1_236' title='bbox 333 3016 556 3082; x_wconf 81' lang='lat' dir='ltr'><strong>fecerit,</strong></span> <span class='ocrx_word' id='word_1_237' title='bbox 595 3016 722 3071; x_wconf 89' lang='lat' dir='ltr'><strong>talia</strong></span> <span class='ocrx_word' id='word_1_238' title='bbox 763 3016 1007 3086; x_wconf 86' lang='lat' dir='ltr'><strong>recipiet.</strong></span> <span class='ocrx_word' id='word_1_239' title='bbox 1060 3014 1206 3069; x_wconf 93' lang='lat' dir='ltr'><strong>Duos</strong></span> <span class='ocrx_word' id='word_1_240' title='bbox 1236 3029 1397 3085; x_wconf 88' lang='lat' dir='ltr'><strong>agros</strong></span> <span class='ocrx_word' id='word_1_241' title='bbox 1427 3013 1710 3079; x_wconf 89' lang='lat' dir='ltr'><strong>habemus,</strong></span> 
     </span>
    </p>
   </div>
   <div class='ocr_carea' id='block_1_32' title="bbox 120 3106 1716 3180">
    <p class='ocr_par' dir='ltr' id='par_1_32' title="bbox 120 3106 1716 3180">
     <span class='ocr_line' id='line_1_32' title="bbox 120 3106 1716 3180; baseline -0.001 -18"><span class='ocrx_word' id='word_1_242' title='bbox 120 3123 320 3178; x_wconf 88' lang='lat' dir='ltr'><strong>corpus</strong></span> <span class='ocrx_word' id='word_1_243' title='bbox 349 3118 403 3164; x_wconf 90' lang='lat' dir='ltr'><strong>et</strong></span> <span class='ocrx_word' id='word_1_244' title='bbox 431 3109 698 3180; x_wconf 88' lang='lat' dir='ltr'><strong>spiritum.</strong></span> <span class='ocrx_word' id='word_1_245' title='bbox 738 3108 794 3164; x_wconf 88' lang='lat' dir='ltr'><strong>Si</strong></span> <span class='ocrx_word' id='word_1_246' title='bbox 834 3110 1204 3164; x_wconf 79' lang='lat' dir='ltr'><strong>seminavimus</strong></span> <span class='ocrx_word' id='word_1_247' title='bbox 1248 3109 1302 3161; x_wconf 87' lang='lat' dir='ltr'><strong>in</strong></span> <span class='ocrx_word' id='word_1_248' title='bbox 1343 3123 1514 3174; x_wconf 68' lang='lat' dir='ltr'><strong>carne,</strong></span> <span class='ocrx_word' id='word_1_249' title='bbox 1549 3106 1603 3162; x_wconf 87' lang='lat' dir='ltr'><strong>id</strong></span> <span class='ocrx_word' id='word_1_250' title='bbox 1634 3115 1716 3162; x_wconf 89' lang='lat' dir='ltr'><strong>est</strong></span> 
     </span>
    </p>
   </div>
   <div class='ocr_carea' id='block_1_33' title="bbox 123 3199 1715 3272">
    <p class='ocr_par' dir='ltr' id='par_1_33' title="bbox 123 3199 1715 3272">
     <span class='ocr_line' id='line_1_33' title="bbox 123 3199 1715 3272; baseline 0.001 -19"><span class='ocrx_word' id='word_1_251' title='bbox 123 3199 166 3253; x_wconf 91' lang='lat' dir='ltr'><strong>si</strong></span> <span class='ocrx_word' id='word_1_252' title='bbox 193 3200 436 3254; x_wconf 83' lang='lat' dir='ltr'><strong>carnalia</strong></span> <span class='ocrx_word' id='word_1_253' title='bbox 464 3215 627 3271; x_wconf 88' lang='lat' dir='ltr'><strong>opera</strong></span> <span class='ocrx_word' id='word_1_254' title='bbox 657 3201 950 3272; x_wconf 89' lang='lat' dir='ltr'><strong>egerimus,</strong></span> <span class='ocrx_word' id='word_1_255' title='bbox 984 3209 1038 3256; x_wconf 90' lang='lat' dir='ltr'><strong>et</strong></span> <span class='ocrx_word' id='word_1_256' title='bbox 1063 3199 1305 3256; x_wconf 89' lang='lat' dir='ltr'><strong>carnalia</strong></span> <span class='ocrx_word' id='word_1_257' title='bbox 1337 3199 1605 3255; x_wconf 89' lang='lat' dir='ltr'><strong>desideria</strong></span> <span class='ocrx_word' id='word_1_258' title='bbox 1632 3215 1715 3254; x_wconf 90' lang='lat' dir='ltr'><strong>se-</strong></span> 
     </span>
    </p>
   </div>
   <div class='ocr_carea' id='block_1_34' title="bbox 122 3291 1708 3363">
    <p class='ocr_par' dir='ltr' id='par_1_34' title="bbox 122 3291 1708 3363">
     <span class='ocr_line' id='line_1_34' title="bbox 122 3291 1708 3363; baseline 0 -18"><span class='ocrx_word' id='word_1_259' title='bbox 122 3291 228 3346; x_wconf 88' lang='lat' dir='ltr'><strong>cuti</strong></span> <span class='ocrx_word' id='word_1_260' title='bbox 275 3291 565 3357; x_wconf 82' lang='lat' dir='ltr'><strong>fuerimus,</strong></span> <span class='ocrx_word' id='word_1_261' title='bbox 606 3293 670 3347; x_wconf 90' lang='lat' dir='ltr'><strong>de</strong></span> <span class='ocrx_word' id='word_1_262' title='bbox 698 3293 814 3363; x_wconf 90' lang='lat' dir='ltr'><strong>ipsa</strong></span> <span class='ocrx_word' id='word_1_263' title='bbox 843 3309 1000 3347; x_wconf 79' lang='lat' dir='ltr'><strong>carne</strong></span> <span class='ocrx_word' id='word_1_264' title='bbox 1025 3304 1274 3347; x_wconf 88' lang='lat' dir='ltr'><strong>metemus</strong></span> <span class='ocrx_word' id='word_1_265' title='bbox 1306 3292 1708 3362; x_wconf 82' lang='lat' dir='ltr'><strong>corruptionem,</strong></span> 
     </span>
    </p>
   </div>
   <div class='ocr_carea' id='block_1_35' title="bbox 123 3384 1714 3456">
    <p class='ocr_par' dir='ltr' id='par_1_35' title="bbox 123 3384 1714 3456">
     <span class='ocr_line' id='line_1_35' title="bbox 123 3384 1714 3456; baseline 0.001 -19"><span class='ocrx_word' id='word_1_266' title='bbox 123 3384 225 3439; x_wconf 90' lang='lat' dir='ltr'><strong>hoc</strong></span> <span class='ocrx_word' id='word_1_267' title='bbox 255 3393 374 3449; x_wconf 89' lang='lat' dir='ltr'><strong>est,</strong></span> <span class='ocrx_word' id='word_1_268' title='bbox 422 3385 822 3442; x_wconf 87' lang='lat' dir='ltr'><strong>damnationem</strong></span> <span class='ocrx_word' id='word_1_269' title='bbox 861 3387 1218 3456; x_wconf 87' lang='lat' dir='ltr'><strong>accipiemus,</strong></span> <span class='ocrx_word' id='word_1_270' title='bbox 1261 3394 1317 3441; x_wconf 91' lang='lat' dir='ltr'><strong>et</strong></span> <span class='ocrx_word' id='word_1_271' title='bbox 1352 3387 1630 3442; x_wconf 81' lang='lat' dir='ltr'><strong>tradentur</strong></span> <span class='ocrx_word' id='word_1_272' title='bbox 1661 3385 1714 3440; x_wconf 90' lang='lat' dir='ltr'><strong>in</strong></span> 
     </span>
    </p>
   </div>
   <div class='ocr_carea' id='block_1_36' title="bbox 119 3477 1717 3550">
    <p class='ocr_par' dir='ltr' id='par_1_36' title="bbox 119 3477 1717 3550">
     <span class='ocr_line' id='line_1_36' title="bbox 119 3477 1717 3550; baseline 0 -18"><span class='ocrx_word' id='word_1_273' title='bbox 119 3477 208 3534; x_wconf 90' lang='lat' dir='ltr'><strong>die</strong></span> <span class='ocrx_word' id='word_1_274' title='bbox 227 3477 421 3548; x_wconf 90' lang='lat' dir='ltr'><strong>judicii</strong></span> <span class='ocrx_word' id='word_1_275' title='bbox 443 3479 622 3548; x_wconf 66' lang='lat' dir='ltr'><strong>poenis</strong></span> <span class='ocrx_word' id='word_1_276' title='bbox 647 3478 868 3542; x_wconf 82' lang='lat' dir='ltr'><strong>inferni.</strong></span> <span class='ocrx_word' id='word_1_277' title='bbox 895 3481 983 3534; x_wconf 86' lang='lat' dir='ltr'><strong>ubi</strong></span> <span class='ocrx_word' id='word_1_278' title='bbox 1007 3480 1369 3550; x_wconf 90' lang='lat' dir='ltr'><strong>corripiemur</strong></span> <span class='ocrx_word' id='word_1_279' title='bbox 1390 3495 1418 3534; x_wconf 88' lang='lat' dir='ltr'><strong>a</strong></span> <span class='ocrx_word' id='word_1_280' title='bbox 1440 3479 1717 3533; x_wconf 84' lang='lat' dir='ltr'><strong>vermibus</strong></span> 
     </span>
    </p>
   </div>
   <div class='ocr_carea' id='block_1_37' title="bbox 120 3571 1716 3644">
    <p class='ocr_par' dir='ltr' id='par_1_37' title="bbox 120 3571 1716 3644">
     <span class='ocr_line' id='line_1_37' title="bbox 120 3571 1716 3644; baseline -0.003 -18"><span class='ocrx_word' id='word_1_281' title='bbox 120 3579 176 3626; x_wconf 88' lang='lat' dir='ltr'><strong>et</strong></span> <span class='ocrx_word' id='word_1_282' title='bbox 223 3573 336 3644; x_wconf 89' lang='lat' dir='ltr'><strong>igni</strong></span> <span class='ocrx_word' id='word_1_283' title='bbox 375 3582 656 3643; x_wconf 90' lang='lat' dir='ltr'><strong>perpetuo.</strong></span> <span class='ocrx_word' id='word_1_284' title='bbox 703 3571 762 3627; x_wconf 90' lang='lat' dir='ltr'><strong>Si</strong></span> <span class='ocrx_word' id='word_1_285' title='bbox 798 3588 927 3628; x_wconf 90' lang='lat' dir='ltr'><strong>vero</strong></span> <span class='ocrx_word' id='word_1_286' title='bbox 972 3572 1396 3628; x_wconf 78' lang='lat' dir='ltr'><strong>seminaverimus</strong></span> <span class='ocrx_word' id='word_1_287' title='bbox 1425 3572 1479 3625; x_wconf 88' lang='lat' dir='ltr'><strong>in</strong></span> <span class='ocrx_word' id='word_1_288' title='bbox 1507 3571 1716 3641; x_wconf 84' lang='lat' dir='ltr'><strong>spiritu,</strong></span> 
     </span>
    </p>
   </div>
   <div class='ocr_carea' id='block_1_38' title="bbox 118 3660 1720 3735">
    <p class='ocr_par' dir='ltr' id='par_1_38' title="bbox 118 3660 1720 3735">
     <span class='ocr_line' id='line_1_38' title="bbox 118 3660 1720 3735; baseline -0.002 -18"><span class='ocrx_word' id='word_1_289' title='bbox 118 3662 228 3718; x_wconf 88' lang='lat' dir='ltr'><strong>hoc</strong></span> <span class='ocrx_word' id='word_1_290' title='bbox 252 3672 354 3726; x_wconf 91' lang='lat' dir='ltr'><strong>est,</strong></span> <span class='ocrx_word' id='word_1_291' title='bbox 379 3664 424 3718; x_wconf 91' lang='lat' dir='ltr'><strong>si</strong></span> <span class='ocrx_word' id='word_1_292' title='bbox 448 3663 714 3734; x_wconf 90' lang='lat' dir='ltr'><strong>spiritalia</strong></span> <span class='ocrx_word' id='word_1_293' title='bbox 736 3679 898 3735; x_wconf 84' lang='lat' dir='ltr'><strong>Opera</strong></span> <span class='ocrx_word' id='word_1_294' title='bbox 929 3663 1333 3734; x_wconf 90' lang='lat' dir='ltr'><strong>impleverimus</strong></span> <span class='ocrx_word' id='word_1_295' title='bbox 1356 3672 1409 3716; x_wconf 89' lang='lat' dir='ltr'><strong>et</strong></span> <span class='ocrx_word' id='word_1_296' title='bbox 1433 3660 1720 3732; x_wconf 69' lang='lat' dir='ltr'><strong>prteceptis</strong></span> 
     </span>
    </p>
   </div>
   <div class='ocr_carea' id='block_1_39' title="bbox 121 3753 1718 3827">
    <p class='ocr_par' dir='ltr' id='par_1_39' title="bbox 121 3753 1718 3827">
     <span class='ocr_line' id='line_1_39' title="bbox 121 3753 1718 3827; baseline -0.003 -17"><span class='ocrx_word' id='word_1_297' title='bbox 121 3757 306 3812; x_wconf 85' lang='lat' dir='ltr'><strong>sancti</strong></span> <span class='ocrx_word' id='word_1_298' title='bbox 325 3754 557 3827; x_wconf 87' lang='lat' dir='ltr'><strong>Spiritus</strong></span> <span class='ocrx_word' id='word_1_299' title='bbox 579 3758 895 3812; x_wconf 90' lang='lat' dir='ltr'><strong>ohedientes</strong></span> <span class='ocrx_word' id='word_1_300' title='bbox 923 3756 1210 3821; x_wconf 79' lang='lat' dir='ltr'><strong>fuerimus,</strong></span> <span class='ocrx_word' id='word_1_301' title='bbox 1229 3756 1293 3808; x_wconf 88' lang='lat' dir='ltr'><strong>de</strong></span> <span class='ocrx_word' id='word_1_302' title='bbox 1316 3754 1527 3825; x_wconf 85' lang='lat' dir='ltr'><strong>spiritu,</strong></span> <span class='ocrx_word' id='word_1_303' title='bbox 1559 3753 1718 3822; x_wconf 88' lang='lat' dir='ltr'><strong>spiri-</strong></span> 
     </span>
    </p>
   </div>
   <div class='ocr_carea' id='block_1_40' title="bbox 127 3847 1714 3920">
    <p class='ocr_par' dir='ltr' id='par_1_40' title="bbox 127 3847 1714 3920">
     <span class='ocr_line' id='line_1_40' title="bbox 127 3847 1714 3920; baseline -0.001 -20"><span class='ocrx_word' id='word_1_304' title='bbox 127 3847 334 3901; x_wconf 85' lang='lat' dir='ltr'><strong>talibus</strong></span> <span class='ocrx_word' id='word_1_305' title='bbox 351 3849 617 3917; x_wconf 87' lang='lat' dir='ltr'><strong>operibus,</strong></span> <span class='ocrx_word' id='word_1_306' title='bbox 643 3848 848 3920; x_wconf 85' lang='lat' dir='ltr'><strong>Spiritu</strong></span> <span class='ocrx_word' id='word_1_307' title='bbox 882 3857 1070 3905; x_wconf 92' lang='lat' dir='ltr'><strong>saneto</strong></span> <span class='ocrx_word' id='word_1_308' title='bbox 1093 3849 1345 3910; x_wconf 89' lang='lat' dir='ltr'><strong>donante,</strong></span> <span class='ocrx_word' id='word_1_309' title='bbox 1376 3847 1534 3902; x_wconf 88' lang='lat' dir='ltr'><strong>vitam</strong></span> <span class='ocrx_word' id='word_1_310' title='bbox 1562 3856 1714 3900; x_wconf 77' lang='lat' dir='ltr'><strong>teter-</strong></span> 
     </span>
    </p>
   </div>
   <div class='ocr_carea' id='block_1_41' title="bbox 125 3940 609 4010">
    <p class='ocr_par' dir='ltr' id='par_1_41' title="bbox 125 3940 609 4010">
     <span class='ocr_line' id='line_1_41' title="bbox 125 3940 609 4010; baseline 0.004 -18"><span class='ocrx_word' id='word_1_311' title='bbox 125 3954 260 3992; x_wconf 86' lang='lat' dir='ltr'><strong>nam</strong></span> <span class='ocrx_word' id='word_1_312' title='bbox 286 3940 609 4010; x_wconf 85' lang='lat' dir='ltr'><strong>accipiemus.</strong></span> 
     </span>
    </p>
   </div>
   <div class='ocr_carea' id='block_1_42' title="bbox 193 4029 1714 4103">
    <p class='ocr_par' dir='ltr' id='par_1_42' title="bbox 193 4029 1714 4103">
     <span class='ocr_line' id='line_1_42' title="bbox 193 4029 1714 4103; baseline 0.001 -19"><span class='ocrx_word' id='word_1_313' title='bbox 193 4029 404 4085; x_wconf 84' lang='lat' dir='ltr'><strong>Bonum</strong></span> <span class='ocrx_word' id='word_1_314' title='bbox 442 4043 614 4088; x_wconf 82' lang='lat' dir='ltr'><strong>autent</strong></span> <span class='ocrx_word' id='word_1_315' title='bbox 649 4033 898 4103; x_wconf 75' lang='lat' dir='ltr'><strong>facientes</strong></span> <span class='ocrx_word' id='word_1_316' title='bbox 946 4049 1047 4087; x_wconf 91' lang='lat' dir='ltr'><strong>non</strong></span> <span class='ocrx_word' id='word_1_317' title='bbox 1089 4031 1428 4101; x_wconf 77' lang='lat' dir='ltr'><strong>deﬁciamus,</strong></span> <span class='ocrx_word' id='word_1_318' title='bbox 1471 4030 1524 4086; x_wconf 93' lang='lat' dir='ltr'><strong>id</strong></span> <span class='ocrx_word' id='word_1_319' title='bbox 1562 4039 1645 4086; x_wconf 88' lang='lat' dir='ltr'><strong>est</strong></span> <span class='ocrx_word' id='word_1_320' title='bbox 1683 4047 1714 4085; x_wconf 85' lang='lat' dir='ltr'><strong>a</strong></span> 
     </span>
    </p>
   </div>
   <div class='ocr_carea' id='block_1_43' title="bbox 114 4121 1717 4195">
    <p class='ocr_par' dir='ltr' id='par_1_43' title="bbox 114 4121 1717 4195">
     <span class='ocr_line' id='line_1_43' title="bbox 114 4121 1717 4195; baseline -0.001 -17"><span class='ocrx_word' id='word_1_321' title='bbox 114 4121 270 4178; x_wconf 84' lang='lat' dir='ltr'><strong>bono</strong></span> <span class='ocrx_word' id='word_1_322' title='bbox 297 4139 459 4194; x_wconf 90' lang='lat' dir='ltr'><strong>opere</strong></span> <span class='ocrx_word' id='word_1_323' title='bbox 486 4126 630 4195; x_wconf 92' lang='lat' dir='ltr'><strong>quod</strong></span> <span class='ocrx_word' id='word_1_324' title='bbox 657 4125 1053 4189; x_wconf 62' lang='lat' dir='ltr'><strong>imhoavimus,</strong></span> <span class='ocrx_word' id='word_1_325' title='bbox 1077 4139 1182 4178; x_wconf 92' lang='lat' dir='ltr'><strong>non</strong></span> <span class='ocrx_word' id='word_1_326' title='bbox 1210 4137 1506 4188; x_wconf 91' lang='lat' dir='ltr'><strong>cessemus,</strong></span> <span class='ocrx_word' id='word_1_327' title='bbox 1537 4122 1632 4178; x_wconf 89' lang='lat' dir='ltr'><strong>sed</strong></span> <span class='ocrx_word' id='word_1_328' title='bbox 1663 4123 1717 4176; x_wconf 93' lang='lat' dir='ltr'><strong>in</strong></span> 
     </span>
    </p>
   </div>
   <div class='ocr_carea' id='block_1_44' title="bbox 111 4215 1715 4286">
    <p class='ocr_par' dir='ltr' id='par_1_44' title="bbox 111 4215 1715 4286">
     <span class='ocr_line' id='line_1_44' title="bbox 111 4215 1715 4286; baseline -0.001 -16"><span class='ocrx_word' id='word_1_329' title='bbox 111 4215 223 4271; x_wconf 85' lang='lat' dir='ltr'><strong>hoc</strong></span> <span class='ocrx_word' id='word_1_330' title='bbox 267 4232 699 4286; x_wconf 81' lang='lat' dir='ltr'><strong>perseveremus,</strong></span> <span class='ocrx_word' id='word_1_331' title='bbox 749 4226 806 4271; x_wconf 93' lang='lat' dir='ltr'><strong>ut</strong></span> <span class='ocrx_word' id='word_1_332' title='bbox 848 4217 1076 4271; x_wconf 87' lang='lat' dir='ltr'><strong>salutem</strong></span> <span class='ocrx_word' id='word_1_333' title='bbox 1124 4231 1524 4285; x_wconf 88' lang='lat' dir='ltr'><strong>consequamur</strong></span> <span class='ocrx_word' id='word_1_334' title='bbox 1552 4231 1715 4286; x_wconf 90' lang='lat' dir='ltr'><strong>quam</strong></span> 
     </span>
    </p>
   </div>
   <div class='ocr_carea' id='block_1_45' title="bbox 112 4307 1716 4380">
    <p class='ocr_par' dir='ltr' id='par_1_45' title="bbox 112 4307 1716 4380">
     <span class='ocr_line' id='line_1_45' title="bbox 112 4307 1716 4380; baseline -0.001 -19"><span class='ocrx_word' id='word_1_335' title='bbox 112 4307 383 4364; x_wconf 87' lang='lat' dir='ltr'><strong>Dominus</strong></span> <span class='ocrx_word' id='word_1_336' title='bbox 401 4310 673 4380; x_wconf 89' lang='lat' dir='ltr'><strong>promisit,</strong></span> <span class='ocrx_word' id='word_1_337' title='bbox 693 4309 972 4379; x_wconf 89' lang='lat' dir='ltr'><strong>inquiens:</strong></span> <span class='ocrx_word' id='word_1_338' title='bbox 1000 4307 1104 4374; x_wconf 85' lang='lat' dir='ltr'><strong>Qui</strong></span> <span class='ocrx_word' id='word_1_339' title='bbox 1130 4309 1534 4377; x_wconf 79' lang='lat' dir='ltr'><strong>perseveraverit</strong></span> <span class='ocrx_word' id='word_1_340' title='bbox 1555 4324 1716 4378; x_wconf 86' lang='lat' dir='ltr'><strong>usque</strong></span> 
     </span>
    </p>
   </div>
   <div class='ocr_carea' id='block_1_46' title="bbox 110 4395 1716 4471">
    <p class='ocr_par' dir='ltr' id='par_1_46' title="bbox 110 4395 1716 4471">
     <span class='ocr_line' id='line_1_46' title="bbox 110 4395 1716 4471; baseline -0.001 -18"><span class='ocrx_word' id='word_1_341' title='bbox 110 4400 166 4453; x_wconf 88' lang='lat' dir='ltr'><strong>in</strong></span> <span class='ocrx_word' id='word_1_342' title='bbox 193 4400 387 4468; x_wconf 84' lang='lat' dir='ltr'><strong>finem,</strong></span> <span class='ocrx_word' id='word_1_343' title='bbox 414 4401 499 4454; x_wconf 80' lang='lat' dir='ltr'><strong>hic</strong></span> <span class='ocrx_word' id='word_1_344' title='bbox 528 4399 701 4455; x_wconf 88' lang='lat' dir='ltr'><strong>salvus</strong></span> <span class='ocrx_word' id='word_1_345' title='bbox 731 4400 828 4456; x_wconf 87' lang='lat' dir='ltr'><strong>erit</strong></span> <span class='ocrx_word' id='word_1_346' title='bbox 853 4399 1072 4471; x_wconf 81' lang='lat' dir='ltr'><strong>(Matth.</strong></span> <span class='ocrx_word' id='word_1_347' title='bbox 1098 4395 1271 4468; x_wconf 79' lang='lat' dir='ltr'><strong>xxw).</strong></span> <span class='ocrx_word' id='word_1_348' title='bbox 1309 4396 1558 4468; x_wconf 85' lang='lat' dir='ltr'><strong>Tempore</strong></span> <span class='ocrx_word' id='word_1_349' title='bbox 1580 4400 1716 4452; x_wconf 86' lang='lat' dir='ltr'><strong>enim</strong></span> 
     </span>
    </p>
   </div>
   <div class='ocr_carea' id='block_1_47' title="bbox 109 4494 1716 4564">
    <p class='ocr_par' dir='ltr' id='par_1_47' title="bbox 109 4494 1716 4564">
     <span class='ocr_line' id='line_1_47' title="bbox 109 4494 1716 4564; baseline 0 -18"><span class='ocrx_word' id='word_1_350' title='bbox 109 4509 235 4562; x_wconf 60' lang='lat' dir='ltr'><strong>suo,</strong></span> <span class='ocrx_word' id='word_1_351' title='bbox 267 4494 325 4548; x_wconf 89' lang='lat' dir='ltr'><strong>id</strong></span> <span class='ocrx_word' id='word_1_352' title='bbox 351 4502 437 4549; x_wconf 90' lang='lat' dir='ltr'><strong>est</strong></span> <span class='ocrx_word' id='word_1_353' title='bbox 468 4503 713 4564; x_wconf 90' lang='lat' dir='ltr'><strong>tempore</strong></span> <span class='ocrx_word' id='word_1_354' title='bbox 740 4508 981 4564; x_wconf 86' lang='lat' dir='ltr'><strong>congruo</strong></span> <span class='ocrx_word' id='word_1_355' title='bbox 1008 4501 1064 4548; x_wconf 94' lang='lat' dir='ltr'><strong>et</strong></span> <span class='ocrx_word' id='word_1_356' title='bbox 1091 4502 1418 4562; x_wconf 85' lang='lat' dir='ltr'><strong>opportuno.</strong></span> <span class='ocrx_word' id='word_1_357' title='bbox 1446 4501 1716 4558; x_wconf 86' lang='lat' dir='ltr'><strong>metemus,</strong></span> 
     </span>
    </p>
   </div>
   <div class='ocr_carea' id='block_1_48' title="bbox 107 4575 1717 4654">
    <p class='ocr_par' dir='ltr' id='par_1_48' title="bbox 107 4575 1717 4654">
     <span class='ocr_line' id='line_1_48' title="bbox 107 4575 1717 4654; baseline -0.001 -15"><span class='ocrx_word' id='word_1_358' title='bbox 107 4583 218 4640; x_wconf 85' lang='lat' dir='ltr'><strong>hoc</strong></span> <span class='ocrx_word' id='word_1_359' title='bbox 245 4594 365 4649; x_wconf 87' lang='lat' dir='ltr'><strong>est,</strong></span> <span class='ocrx_word' id='word_1_360' title='bbox 413 4575 722 4641; x_wconf 88' lang='lat' dir='ltr'><strong>mercedem</strong></span> <span class='ocrx_word' id='word_1_361' title='bbox 769 4586 940 4640; x_wconf 72' lang='lat' dir='ltr'><strong>nostri</strong></span> <span class='ocrx_word' id='word_1_362' title='bbox 987 4583 1191 4638; x_wconf 90' lang='lat' dir='ltr'><strong>laboris</strong></span> <span class='ocrx_word' id='word_1_363' title='bbox 1230 4583 1582 4654; x_wconf 88' lang='lat' dir='ltr'><strong>accipiemus,</strong></span> <span class='ocrx_word' id='word_1_364' title='bbox 1613 4600 1717 4638; x_wconf 91' lang='lat' dir='ltr'><strong>non</strong></span> 
     </span>
    </p>
   </div>
   <div class='ocr_carea' id='block_1_49' title="bbox 106 4674 1717 4748">
    <p class='ocr_par' dir='ltr' id='par_1_49' title="bbox 106 4674 1717 4748">
     <span class='ocr_line' id='line_1_49' title="bbox 106 4674 1717 4748; baseline -0.002 -17"><span class='ocrx_word' id='word_1_365' title='bbox 106 4677 420 4747; x_wconf 79' lang='lat' dir='ltr'><strong>deﬁcientes</strong></span> <span class='ocrx_word' id='word_1_366' title='bbox 442 4719 458 4743; x_wconf 93' lang='lat'><strong>,</strong></span> <span class='ocrx_word' id='word_1_367' title='bbox 491 4694 522 4732; x_wconf 90' lang='lat' dir='ltr'><strong>a</strong></span> <span class='ocrx_word' id='word_1_368' title='bbox 552 4677 892 4748; x_wconf 84' lang='lat' dir='ltr'><strong>percipienda</strong></span> <span class='ocrx_word' id='word_1_369' title='bbox 923 4678 1171 4732; x_wconf 90' lang='lat' dir='ltr'><strong>mercede</strong></span> <span class='ocrx_word' id='word_1_370' title='bbox 1199 4677 1400 4748; x_wconf 92' lang='lat' dir='ltr'><strong>operis.</strong></span> <span class='ocrx_word' id='word_1_371' title='bbox 1449 4674 1604 4730; x_wconf 81' lang='lat' dir='ltr'><strong>Modo</strong></span> <span class='ocrx_word' id='word_1_372' title='bbox 1634 4682 1717 4729; x_wconf 90' lang='lat' dir='ltr'><strong>est</strong></span> 
     </span>
    </p>
   </div>
   <div class='ocr_carea' id='block_1_50' title="bbox 103 4768 1715 4842">
    <p class='ocr_par' dir='ltr' id='par_1_50' title="bbox 103 4768 1715 4842">
     <span class='ocr_line' id='line_1_50' title="bbox 103 4768 1715 4842; baseline 0 -18"><span class='ocrx_word' id='word_1_373' title='bbox 103 4778 342 4842; x_wconf 89' lang='lat' dir='ltr'><strong>tempus</strong></span> <span class='ocrx_word' id='word_1_374' title='bbox 370 4771 693 4835; x_wconf 89' lang='lat' dir='ltr'><strong>seminandi,</strong></span> <span class='ocrx_word' id='word_1_375' title='bbox 725 4770 826 4825; x_wconf 91' lang='lat' dir='ltr'><strong>hoc</strong></span> <span class='ocrx_word' id='word_1_376' title='bbox 850 4777 955 4836; x_wconf 80' lang='lat' dir='ltr'><strong>est,</strong></span> <span class='ocrx_word' id='word_1_377' title='bbox 980 4769 1180 4824; x_wconf 90' lang='lat' dir='ltr'><strong>bonum</strong></span> <span class='ocrx_word' id='word_1_378' title='bbox 1211 4769 1468 4840; x_wconf 83' lang='lat' dir='ltr'><strong>Operandi</strong></span> <span class='ocrx_word' id='word_1_379' title='bbox 1496 4787 1508 4823; x_wconf 93' lang='lat'><strong>:</strong></span> <span class='ocrx_word' id='word_1_380' title='bbox 1544 4769 1596 4822; x_wconf 95' lang='lat' dir='ltr'><strong>in</strong></span> <span class='ocrx_word' id='word_1_381' title='bbox 1627 4768 1715 4824; x_wconf 91' lang='lat' dir='ltr'><strong>die</strong></span> 
     </span>
    </p>
   </div>
   <div class='ocr_carea' id='block_1_51' title="bbox 103 4862 1716 4934">
    <p class='ocr_par' dir='ltr' id='par_1_51' title="bbox 103 4862 1716 4934">
     <span class='ocr_line' id='line_1_51' title="bbox 103 4862 1716 4934; baseline -0.002 -13"><span class='ocrx_word' id='word_1_382' title='bbox 103 4879 300 4922; x_wconf 86' lang='lat' dir='ltr'><strong>autem</strong></span> <span class='ocrx_word' id='word_1_383' title='bbox 321 4865 520 4934; x_wconf 91' lang='lat' dir='ltr'><strong>judicii</strong></span> <span class='ocrx_word' id='word_1_384' title='bbox 545 4865 628 4921; x_wconf 92' lang='lat' dir='ltr'><strong>vel</strong></span> <span class='ocrx_word' id='word_1_385' title='bbox 655 4866 706 4920; x_wconf 91' lang='lat' dir='ltr'><strong>in</strong></span> <span class='ocrx_word' id='word_1_386' title='bbox 731 4866 816 4920; x_wconf 91' lang='lat' dir='ltr'><strong>die</strong></span> <span class='ocrx_word' id='word_1_387' title='bbox 845 4865 1034 4920; x_wconf 88' lang='lat' dir='ltr'><strong>mortis</strong></span> <span class='ocrx_word' id='word_1_388' title='bbox 1059 4864 1163 4919; x_wconf 91' lang='lat' dir='ltr'><strong>erit</strong></span> <span class='ocrx_word' id='word_1_389' title='bbox 1191 4873 1403 4934; x_wconf 87' lang='lat' dir='ltr'><strong>tempus</strong></span> <span class='ocrx_word' id='word_1_390' title='bbox 1429 4862 1716 4918; x_wconf 90' lang='lat' dir='ltr'><strong>messionis</strong></span> 
     </span>
    </p>
   </div>
   <div class='ocr_carea' id='block_1_52' title="bbox 100 4955 1711 5027">
    <p class='ocr_par' dir='ltr' id='par_1_52' title="bbox 100 4955 1711 5027">
     <span class='ocr_line' id='line_1_52' title="bbox 100 4955 1711 5027; baseline -0.002 -16"><span class='ocrx_word' id='word_1_391' title='bbox 100 4966 156 5011; x_wconf 91' lang='lat' dir='ltr'><strong>et</strong></span> <span class='ocrx_word' id='word_1_392' title='bbox 187 4955 564 5012; x_wconf 88' lang='lat' dir='ltr'><strong>collectionis.</strong></span> <span class='ocrx_word' id='word_1_393' title='bbox 603 4955 697 5010; x_wconf 89' lang='lat' dir='ltr'><strong>llla</strong></span> <span class='ocrx_word' id='word_1_394' title='bbox 727 4971 1004 5027; x_wconf 89' lang='lat' dir='ltr'><strong>nunquam</strong></span> <span class='ocrx_word' id='word_1_395' title='bbox 1036 4955 1249 5010; x_wconf 84' lang='lat' dir='ltr'><strong>deficiet</strong></span> <span class='ocrx_word' id='word_1_396' title='bbox 1276 4955 1544 5020; x_wconf 91' lang='lat' dir='ltr'><strong>collectio,</strong></span> <span class='ocrx_word' id='word_1_397' title='bbox 1587 4955 1711 5024; x_wconf 89' lang='lat' dir='ltr'><strong>quia</strong></span> 
     </span>
    </p>
   </div>
   <div class='ocr_carea' id='block_1_53' title="bbox 99 5047 1714 5120">
    <p class='ocr_par' dir='ltr' id='par_1_53' title="bbox 99 5047 1714 5120">
     <span class='ocr_line' id='line_1_53' title="bbox 99 5047 1714 5120; baseline 0.001 -18"><span class='ocrx_word' id='word_1_398' title='bbox 99 5047 198 5102; x_wconf 91' lang='lat' dir='ltr'><strong>illa</strong></span> <span class='ocrx_word' id='word_1_399' title='bbox 228 5049 356 5103; x_wconf 88' lang='lat' dir='ltr'><strong>vita</strong></span> <span class='ocrx_word' id='word_1_400' title='bbox 392 5049 512 5104; x_wconf 90' lang='lat' dir='ltr'><strong>sine</strong></span> <span class='ocrx_word' id='word_1_401' title='bbox 547 5049 781 5103; x_wconf 89' lang='lat' dir='ltr'><strong>termino</strong></span> <span class='ocrx_word' id='word_1_402' title='bbox 821 5058 1033 5114; x_wconf 90' lang='lat' dir='ltr'><strong>manet,</strong></span> <span class='ocrx_word' id='word_1_403' title='bbox 1070 5049 1336 5120; x_wconf 90' lang='lat' dir='ltr'><strong>annisque</strong></span> <span class='ocrx_word' id='word_1_404' title='bbox 1366 5047 1714 5104; x_wconf 90' lang='lat' dir='ltr'><strong>volventibus</strong></span> 
     </span>
    </p>
   </div>
   <div class='ocr_carea' id='block_1_54' title="bbox 95 5142 1500 5214">
    <p class='ocr_par' dir='ltr' id='par_1_54' title="bbox 95 5142 1500 5214">
     <span class='ocr_line' id='line_1_54' title="bbox 95 5142 1500 5214; baseline 0 -16"><span class='ocrx_word' id='word_1_405' title='bbox 95 5143 191 5199; x_wconf 86' lang='lat' dir='ltr'><strong>illa</strong></span> <span class='ocrx_word' id='word_1_406' title='bbox 224 5158 458 5214; x_wconf 89' lang='lat' dir='ltr'><strong>semper</strong></span> <span class='ocrx_word' id='word_1_407' title='bbox 477 5143 784 5213; x_wconf 84' lang='lat' dir='ltr'><strong>juvenescit</strong></span> <span class='ocrx_word' id='word_1_408' title='bbox 811 5152 864 5198; x_wconf 92' lang='lat' dir='ltr'><strong>et</strong></span> <span class='ocrx_word' id='word_1_409' title='bbox 888 5142 1074 5214; x_wconf 92' lang='lat' dir='ltr'><strong>pollet.</strong></span> <span class='ocrx_word' id='word_1_410' title='bbox 1493 5194 1500 5198; x_wconf 87' lang='lat'><strong>.</strong></span> 
     </span>
    </p>
   </div>
   <div class='ocr_carea' id='block_1_55' title="bbox 171 5231 1716 5305">
    <p class='ocr_par' dir='ltr' id='par_1_55' title="bbox 171 5231 1716 5305">
     <span class='ocr_line' id='line_1_55' title="bbox 171 5231 1716 5305; baseline -0.001 -18"><span class='ocrx_word' id='word_1_411' title='bbox 171 5233 340 5305; x_wconf 84' lang='lat' dir='ltr'><strong>Ergo</strong></span> <span class='ocrx_word' id='word_1_412' title='bbox 383 5233 509 5287; x_wconf 87' lang='lat' dir='ltr'><strong>dum</strong></span> <span class='ocrx_word' id='word_1_413' title='bbox 550 5244 750 5303; x_wconf 82' lang='lat' dir='ltr'><strong>tempus</strong></span> <span class='ocrx_word' id='word_1_414' title='bbox 792 5233 1064 5298; x_wconf 83' lang='lat' dir='ltr'><strong>habemus,</strong></span> <span class='ocrx_word' id='word_1_415' title='bbox 1103 5247 1378 5303; x_wconf 84' lang='lat' dir='ltr'><strong>operemur</strong></span> <span class='ocrx_word' id='word_1_416' title='bbox 1416 5231 1608 5286; x_wconf 88' lang='lat' dir='ltr'><strong>bonum</strong></span> <span class='ocrx_word' id='word_1_417' title='bbox 1648 5232 1716 5286; x_wconf 86' lang='lat' dir='ltr'><strong>ad</strong></span> 
     </span>
    </p>
   </div>
   <div class='ocr_carea' id='block_1_56' title="bbox 107 5323 1715 5395">
    <p class='ocr_par' dir='ltr' id='par_1_56' title="bbox 107 5323 1715 5395">
     <span class='ocr_line' id='line_1_56' title="bbox 107 5323 1715 5395; baseline -0.004 -12"><span class='ocrx_word' id='word_1_418' title='bbox 107 5342 324 5383; x_wconf 76' lang='lat' dir='ltr'><strong>mines.</strong></span> <span class='ocrx_word' id='word_1_419' title='bbox 364 5323 600 5395; x_wconf 89' lang='lat' dir='ltr'><strong>Tempus</strong></span> <span class='ocrx_word' id='word_1_420' title='bbox 620 5323 924 5378; x_wconf 88' lang='lat' dir='ltr'><strong>semiuandi</strong></span> <span class='ocrx_word' id='word_1_421' title='bbox 947 5332 1002 5378; x_wconf 92' lang='lat' dir='ltr'><strong>et</strong></span> <span class='ocrx_word' id='word_1_422' title='bbox 1021 5323 1279 5395; x_wconf 87' lang='lat' dir='ltr'><strong>operandi</strong></span> <span class='ocrx_word' id='word_1_423' title='bbox 1303 5323 1558 5386; x_wconf 87' lang='lat' dir='ltr'><strong>virtutes,</strong></span> <span class='ocrx_word' id='word_1_424' title='bbox 1581 5337 1715 5392; x_wconf 82' lang='lat' dir='ltr'><strong>prae-</strong></span> 
     </span>
    </p>
   </div>
   <div class='ocr_carea' id='block_1_57' title="bbox 97 5416 1720 5489">
    <p class='ocr_par' dir='ltr' id='par_1_57' title="bbox 97 5416 1720 5489">
     <span class='ocr_line' id='line_1_57' title="bbox 97 5416 1720 5489; baseline -0.001 -16"><span class='ocrx_word' id='word_1_425' title='bbox 97 5435 236 5474; x_wconf 85' lang='lat' dir='ltr'><strong>sens</strong></span> <span class='ocrx_word' id='word_1_426' title='bbox 261 5419 385 5473; x_wconf 89' lang='lat' dir='ltr'><strong>vita</strong></span> <span class='ocrx_word' id='word_1_427' title='bbox 406 5427 510 5483; x_wconf 90' lang='lat' dir='ltr'><strong>est,</strong></span> <span class='ocrx_word' id='word_1_428' title='bbox 529 5419 656 5488; x_wconf 85' lang='lat' dir='ltr'><strong>quia</strong></span> <span class='ocrx_word' id='word_1_429' title='bbox 679 5426 802 5489; x_wconf 91' lang='lat' dir='ltr'><strong>post</strong></span> <span class='ocrx_word' id='word_1_430' title='bbox 825 5417 983 5472; x_wconf 89' lang='lat' dir='ltr'><strong>istam</strong></span> <span class='ocrx_word' id='word_1_431' title='bbox 1008 5433 1112 5472; x_wconf 92' lang='lat' dir='ltr'><strong>non</strong></span> <span class='ocrx_word' id='word_1_432' title='bbox 1135 5418 1242 5473; x_wconf 91' lang='lat' dir='ltr'><strong>erit</strong></span> <span class='ocrx_word' id='word_1_433' title='bbox 1264 5427 1476 5488; x_wconf 89' lang='lat' dir='ltr'><strong>tempus</strong></span> <span class='ocrx_word' id='word_1_434' title='bbox 1496 5416 1578 5472; x_wconf 91' lang='lat' dir='ltr'><strong>vel</strong></span> <span class='ocrx_word' id='word_1_435' title='bbox 1597 5432 1720 5486; x_wconf 87' lang='lat' dir='ltr'><strong>spa-</strong></span> 
     </span>
    </p>
   </div>
   <div class='ocr_carea' id='block_1_58' title="bbox 96 5509 1722 5581">
    <p class='ocr_par' dir='ltr' id='par_1_58' title="bbox 96 5509 1722 5581">
     <span class='ocr_line' id='line_1_58' title="bbox 96 5509 1722 5581; baseline -0.001 -15"><span class='ocrx_word' id='word_1_436' title='bbox 96 5511 246 5566; x_wconf 84' lang='lat' dir='ltr'><strong>tium</strong></span> <span class='ocrx_word' id='word_1_437' title='bbox 274 5511 618 5581; x_wconf 70' lang='lat' dir='ltr'><strong>pmnitentia:</strong></span> <span class='ocrx_word' id='word_1_438' title='bbox 644 5520 805 5580; x_wconf 86' lang='lat' dir='ltr'><strong>atque</strong></span> <span class='ocrx_word' id='word_1_439' title='bbox 829 5509 1035 5564; x_wconf 89' lang='lat' dir='ltr'><strong>salutis.</strong></span> <span class='ocrx_word' id='word_1_440' title='bbox 1073 5509 1147 5564; x_wconf 90' lang='lat' dir='ltr'><strong>De</strong></span> <span class='ocrx_word' id='word_1_441' title='bbox 1181 5509 1283 5564; x_wconf 91' lang='lat' dir='ltr'><strong>hoc</strong></span> <span class='ocrx_word' id='word_1_442' title='bbox 1321 5519 1563 5579; x_wconf 88' lang='lat' dir='ltr'><strong>tempore</strong></span> <span class='ocrx_word' id='word_1_443' title='bbox 1589 5510 1722 5564; x_wconf 89' lang='lat' dir='ltr'><strong>dicit</strong></span> 
     </span>
    </p>
   </div>
   <div class='ocr_carea' id='block_1_59' title="bbox 95 5601 1721 5675">
    <p class='ocr_par' dir='ltr' id='par_1_59' title="bbox 95 5601 1721 5675">
     <span class='ocr_line' id='line_1_59' title="bbox 95 5601 1721 5675; baseline -0.004 -14"><span class='ocrx_word' id='word_1_444' title='bbox 95 5603 423 5675; x_wconf 81' lang='lat' dir='ltr'><strong>Apostolus</strong></span> <span class='ocrx_word' id='word_1_445' title='bbox 450 5601 576 5656; x_wconf 89' lang='lat' dir='ltr'><strong>alibi</strong></span> <span class='ocrx_word' id='word_1_446' title='bbox 604 5621 615 5655; x_wconf 92' lang='lat'><strong>:</strong></span> <span class='ocrx_word' id='word_1_447' title='bbox 653 5601 787 5656; x_wconf 84' lang='lat' dir='ltr'><strong>Ecce</strong></span> <span class='ocrx_word' id='word_1_448' title='bbox 817 5619 955 5655; x_wconf 88' lang='lat' dir='ltr'><strong>nunc</strong></span> <span class='ocrx_word' id='word_1_449' title='bbox 987 5610 1184 5671; x_wconf 87' lang='lat' dir='ltr'><strong>tempus</strong></span> <span class='ocrx_word' id='word_1_450' title='bbox 1227 5601 1563 5670; x_wconf 87' lang='lat' dir='ltr'><strong>acceptabile,</strong></span> <span class='ocrx_word' id='word_1_451' title='bbox 1607 5618 1721 5656; x_wconf 89' lang='lat' dir='ltr'><strong>ecce</strong></span> 
     </span>
    </p>
   </div>
   <div class='ocr_carea' id='block_1_60' title="bbox 96 5693 1717 5766">
    <p class='ocr_par' dir='ltr' id='par_1_60' title="bbox 96 5693 1717 5766">
     <span class='ocr_line' id='line_1_60' title="bbox 96 5693 1717 5766; baseline -0.003 -12"><span class='ocrx_word' id='word_1_452' title='bbox 96 5715 256 5754; x_wconf 84' lang='lat' dir='ltr'><strong>nunc</strong></span> <span class='ocrx_word' id='word_1_453' title='bbox 291 5696 411 5750; x_wconf 85' lang='lat' dir='ltr'><strong>dies</strong></span> <span class='ocrx_word' id='word_1_454' title='bbox 440 5695 624 5749; x_wconf 88' lang='lat' dir='ltr'><strong>salutis</strong></span> <span class='ocrx_word' id='word_1_455' title='bbox 657 5693 740 5766; x_wconf 84' lang='lat' dir='ltr'><strong>(II</strong></span> <span class='ocrx_word' id='word_1_456' title='bbox 769 5694 891 5748; x_wconf 85' lang='lat' dir='ltr'><strong>Cor.</strong></span> <span class='ocrx_word' id='word_1_457' title='bbox 923 5694 1018 5766; x_wconf 83' lang='lat' dir='ltr'><strong>vi).</strong></span> <span class='ocrx_word' id='word_1_458' title='bbox 1065 5693 1121 5748; x_wconf 91' lang='lat' dir='ltr'><strong>lu</strong></span> <span class='ocrx_word' id='word_1_459' title='bbox 1154 5694 1256 5748; x_wconf 86' lang='lat' dir='ltr'><strong>isto</strong></span> <span class='ocrx_word' id='word_1_460' title='bbox 1285 5702 1525 5764; x_wconf 87' lang='lat' dir='ltr'><strong>tempore</strong></span> <span class='ocrx_word' id='word_1_461' title='bbox 1554 5694 1717 5749; x_wconf 84' lang='lat' dir='ltr'><strong>debe-</strong></span> 
     </span>
    </p>
   </div>
   <div class='ocr_carea' id='block_1_61' title="bbox 95 5786 1718 5858">
    <p class='ocr_par' dir='ltr' id='par_1_61' title="bbox 95 5786 1718 5858">
     <span class='ocr_line' id='line_1_61' title="bbox 95 5786 1718 5858; baseline -0.004 -12"><span class='ocrx_word' id='word_1_462' title='bbox 95 5807 234 5846; x_wconf 87' lang='lat' dir='ltr'><strong>mus</strong></span> <span class='ocrx_word' id='word_1_463' title='bbox 269 5787 498 5858; x_wconf 85' lang='lat' dir='ltr'><strong>operari</strong></span> <span class='ocrx_word' id='word_1_464' title='bbox 529 5787 729 5841; x_wconf 87' lang='lat' dir='ltr'><strong>bonum</strong></span> <span class='ocrx_word' id='word_1_465' title='bbox 761 5789 829 5841; x_wconf 90' lang='lat' dir='ltr'><strong>ad</strong></span> <span class='ocrx_word' id='word_1_466' title='bbox 857 5800 1046 5840; x_wconf 92' lang='lat' dir='ltr'><strong>omnes</strong></span> <span class='ocrx_word' id='word_1_467' title='bbox 1077 5786 1353 5850; x_wconf 87' lang='lat' dir='ltr'><strong>homines,</strong></span> <span class='ocrx_word' id='word_1_468' title='bbox 1394 5786 1460 5840; x_wconf 92' lang='lat' dir='ltr'><strong>ad</strong></span> <span class='ocrx_word' id='word_1_469' title='bbox 1489 5786 1718 5851; x_wconf 85' lang='lat' dir='ltr'><strong>fratres,</strong></span> 
     </span>
    </p>
   </div>
   <div class='ocr_carea' id='block_1_62' title="bbox 91 5875 1721 5958">
    <p class='ocr_par' dir='ltr' id='par_1_62' title="bbox 91 5875 1721 5958">
     <span class='ocr_line' id='line_1_62' title="bbox 91 5875 1721 5958; baseline -0.007 -12"><span class='ocrx_word' id='word_1_470' title='bbox 91 5886 170 5958; x_wconf 73' lang='lat' dir='ltr'><strong>ad</strong></span> <span class='ocrx_word' id='word_1_471' title='bbox 203 5881 539 5954; x_wconf 60' lang='lat' dir='ltr'><strong>haereticos,</strong></span> <span class='ocrx_word' id='word_1_472' title='bbox 564 5880 632 5939; x_wconf 89' lang='lat' dir='ltr'><strong>ad</strong></span> <span class='ocrx_word' id='word_1_473' title='bbox 651 5894 912 5958; x_wconf 84' lang='lat' dir='ltr'><strong>paganos,</strong></span> <span class='ocrx_word' id='word_1_474' title='bbox 937 5887 1046 5936; x_wconf 90' lang='lat' dir='ltr'><strong>tam</strong></span> <span class='ocrx_word' id='word_1_475' title='bbox 1075 5879 1130 5934; x_wconf 89' lang='lat' dir='ltr'><strong>in</strong></span> <span class='ocrx_word' id='word_1_476' title='bbox 1161 5878 1517 5956; x_wconf 80' lang='lat' dir='ltr'><strong>clcemosyna:</strong></span> <span class='ocrx_word' id='word_1_477' title='bbox 1542 5875 1721 5936; x_wconf 85' lang='lat' dir='ltr'><strong>ollieio</strong></span> 
     </span>
    </p>
   </div>
   <div class='ocr_carea' id='block_1_63' title="bbox 1821 606 3409 680">
    <p class='ocr_par' dir='ltr' id='par_1_63' title="bbox 1821 606 3409 680">
     <span class='ocr_line' id='line_1_63' title="bbox 1821 606 3409 680; baseline -0.001 -18"><span class='ocrx_word' id='word_1_478' title='bbox 1821 609 2193 664; x_wconf 87' lang='lat' dir='ltr'><strong>misericordia</strong></span> <span class='ocrx_word' id='word_1_479' title='bbox 2225 608 2577 680; x_wconf 91' lang='lat' dir='ltr'><strong>impendenda</strong></span> <span class='ocrx_word' id='word_1_480' title='bbox 2609 618 2724 674; x_wconf 86' lang='lat' dir='ltr'><strong>est,</strong></span> <span class='ocrx_word' id='word_1_481' title='bbox 2765 616 2820 663; x_wconf 86' lang='lat' dir='ltr'><strong>et</strong></span> <span class='ocrx_word' id='word_1_482' title='bbox 2852 607 3097 662; x_wconf 90' lang='lat' dir='ltr'><strong>doctrina</strong></span> <span class='ocrx_word' id='word_1_483' title='bbox 3131 606 3254 662; x_wconf 80' lang='lat' dir='ltr'><strong>fidei</strong></span> <span class='ocrx_word' id='word_1_484' title='bbox 3283 606 3409 664; x_wconf 84' lang='lat' dir='ltr'><strong>imi-</strong></span> 
     </span>
    </p>
   </div>
   <div class='ocr_carea' id='block_1_64' title="bbox 1820 698 3409 771">
    <p class='ocr_par' dir='ltr' id='par_1_64' title="bbox 1820 698 3409 771">
     <span class='ocr_line' id='line_1_64' title="bbox 1820 698 3409 771; baseline -0.001 -17"><span class='ocrx_word' id='word_1_485' title='bbox 1820 701 1983 756; x_wconf 89' lang='lat' dir='ltr'><strong>tando</strong></span> <span class='ocrx_word' id='word_1_486' title='bbox 1997 710 2205 771; x_wconf 90' lang='lat' dir='ltr'><strong>patrem</strong></span> <span class='ocrx_word' id='word_1_487' title='bbox 2223 709 2489 766; x_wconf 90' lang='lat' dir='ltr'><strong>nostrum,</strong></span> <span class='ocrx_word' id='word_1_488' title='bbox 2503 701 2594 770; x_wconf 91' lang='lat' dir='ltr'><strong>qui</strong></span> <span class='ocrx_word' id='word_1_489' title='bbox 2617 699 2778 755; x_wconf 89' lang='lat' dir='ltr'><strong>solem</strong></span> <span class='ocrx_word' id='word_1_490' title='bbox 2791 716 2943 755; x_wconf 89' lang='lat' dir='ltr'><strong>suum</strong></span> <span class='ocrx_word' id='word_1_491' title='bbox 2958 700 3088 753; x_wconf 90' lang='lat' dir='ltr'><strong>oriri</strong></span> <span class='ocrx_word' id='word_1_492' title='bbox 3110 698 3237 768; x_wconf 81' lang='lat' dir='ltr'><strong>facit</strong></span> <span class='ocrx_word' id='word_1_493' title='bbox 3252 715 3409 769; x_wconf 85' lang='lat' dir='ltr'><strong>super</strong></span> 
     </span>
    </p>
   </div>
   <div class='ocr_carea' id='block_1_65' title="bbox 1821 792 3400 864">
    <p class='ocr_par' dir='ltr' id='par_1_65' title="bbox 1821 792 3400 864">
     <span class='ocr_line' id='line_1_65' title="bbox 1821 792 3400 864; baseline 0.001 -18"><span class='ocrx_word' id='word_1_494' title='bbox 1821 792 1977 848; x_wconf 83' lang='lat' dir='ltr'><strong>bonos</strong></span> <span class='ocrx_word' id='word_1_495' title='bbox 1989 804 2036 847; x_wconf 93' lang='lat' dir='ltr'><strong>et</strong></span> <span class='ocrx_word' id='word_1_496' title='bbox 2049 793 2215 848; x_wconf 89' lang='lat' dir='ltr'><strong>malos</strong></span> <span class='ocrx_word' id='word_1_497' title='bbox 2235 794 2451 864; x_wconf 81' lang='lat' dir='ltr'><strong>(Matth.</strong></span> <span class='ocrx_word' id='word_1_498' title='bbox 2470 793 2546 864; x_wconf 92' lang='lat' dir='ltr'><strong>v).</strong></span> <span class='ocrx_word' id='word_1_499' title='bbox 2569 793 2802 849; x_wconf 74' lang='lat' dir='ltr'><strong>Maxime</strong></span> <span class='ocrx_word' id='word_1_500' title='bbox 2816 802 2988 848; x_wconf 89' lang='lat' dir='ltr'><strong>autem</strong></span> <span class='ocrx_word' id='word_1_501' title='bbox 3003 793 3071 847; x_wconf 85' lang='lat' dir='ltr'><strong>ad</strong></span> <span class='ocrx_word' id='word_1_502' title='bbox 3085 793 3400 848; x_wconf 87' lang='lat' dir='ltr'><strong>domesticos</strong></span> 
     </span>
    </p>
   </div>
   <div class='ocr_carea' id='block_1_66' title="bbox 1817 884 3407 957">
    <p class='ocr_par' dir='ltr' id='par_1_66' title="bbox 1817 884 3407 957">
     <span class='ocr_line' id='line_1_66' title="bbox 1817 884 3407 957; baseline 0 -19"><span class='ocrx_word' id='word_1_503' title='bbox 1817 885 1943 956; x_wconf 75' lang='lat' dir='ltr'><strong>ﬁdei</strong></span> <span class='ocrx_word' id='word_1_504' title='bbox 1969 894 2183 956; x_wconf 87' lang='lat' dir='ltr'><strong>oportet</strong></span> <span class='ocrx_word' id='word_1_505' title='bbox 2220 886 2417 940; x_wconf 89' lang='lat' dir='ltr'><strong>bonum</strong></span> <span class='ocrx_word' id='word_1_506' title='bbox 2453 885 2689 957; x_wconf 90' lang='lat' dir='ltr'><strong>operari.</strong></span> <span class='ocrx_word' id='word_1_507' title='bbox 2739 884 3034 940; x_wconf 89' lang='lat' dir='ltr'><strong>Domestici</strong></span> <span class='ocrx_word' id='word_1_508' title='bbox 3079 884 3332 938; x_wconf 90' lang='lat' dir='ltr'><strong>dicuntur</strong></span> <span class='ocrx_word' id='word_1_509' title='bbox 3373 899 3407 938; x_wconf 89' lang='lat' dir='ltr'><strong>a</strong></span> 
     </span>
    </p>
   </div>
   <div class='ocr_carea' id='block_1_67' title="bbox 1821 980 3401 1051">
    <p class='ocr_par' dir='ltr' id='par_1_67' title="bbox 1821 980 3401 1051">
     <span class='ocr_line' id='line_1_67' title="bbox 1821 980 3401 1051; baseline -0.002 -17"><span class='ocrx_word' id='word_1_510' title='bbox 1821 980 1998 1046; x_wconf 82' lang='lat' dir='ltr'><strong>denm,</strong></span> <span class='ocrx_word' id='word_1_511' title='bbox 2032 982 2122 1051; x_wconf 91' lang='lat' dir='ltr'><strong>qui</strong></span> <span class='ocrx_word' id='word_1_512' title='bbox 2155 981 2209 1036; x_wconf 90' lang='lat' dir='ltr'><strong>in</strong></span> <span class='ocrx_word' id='word_1_513' title='bbox 2241 998 2347 1036; x_wconf 89' lang='lat' dir='ltr'><strong>una</strong></span> <span class='ocrx_word' id='word_1_514' title='bbox 2375 982 2535 1036; x_wconf 91' lang='lat' dir='ltr'><strong>domo</strong></span> <span class='ocrx_word' id='word_1_515' title='bbox 2567 980 2880 1034; x_wconf 89' lang='lat' dir='ltr'><strong>nutriuntur</strong></span> <span class='ocrx_word' id='word_1_516' title='bbox 2906 987 2962 1035; x_wconf 90' lang='lat' dir='ltr'><strong>et</strong></span> <span class='ocrx_word' id='word_1_517' title='bbox 2989 988 3401 1034; x_wconf 90' lang='lat' dir='ltr'><strong>conversantur.</strong></span> 
     </span>
    </p>
   </div>
   <div class='ocr_carea' id='block_1_68' title="bbox 1818 1073 3406 1145">
    <p class='ocr_par' dir='ltr' id='par_1_68' title="bbox 1818 1073 3406 1145">
     <span class='ocr_line' id='line_1_68' title="bbox 1818 1073 3406 1145; baseline -0.003 -15"><span class='ocrx_word' id='word_1_518' title='bbox 1818 1074 1900 1130; x_wconf 85' lang='lat' dir='ltr'><strong>Ad</strong></span> <span class='ocrx_word' id='word_1_519' title='bbox 1928 1090 2117 1130; x_wconf 90' lang='lat' dir='ltr'><strong>omnes</strong></span> <span class='ocrx_word' id='word_1_520' title='bbox 2144 1075 2362 1145; x_wconf 90' lang='lat' dir='ltr'><strong>quidem</strong></span> <span class='ocrx_word' id='word_1_521' title='bbox 2391 1075 2593 1128; x_wconf 89' lang='lat' dir='ltr'><strong>bonum</strong></span> <span class='ocrx_word' id='word_1_522' title='bbox 2625 1073 2882 1129; x_wconf 89' lang='lat' dir='ltr'><strong>debemus</strong></span> <span class='ocrx_word' id='word_1_523' title='bbox 2903 1073 3138 1144; x_wconf 90' lang='lat' dir='ltr'><strong>operari,</strong></span> <span class='ocrx_word' id='word_1_524' title='bbox 3170 1073 3272 1127; x_wconf 93' lang='lat' dir='ltr'><strong>hoc</strong></span> <span class='ocrx_word' id='word_1_525' title='bbox 3300 1079 3406 1139; x_wconf 88' lang='lat' dir='ltr'><strong>est,</strong></span> 
     </span>
    </p>
   </div>
   <div class='ocr_carea' id='block_1_69' title="bbox 1819 1161 3406 1234">
    <p class='ocr_par' dir='ltr' id='par_1_69' title="bbox 1819 1161 3406 1234">
     <span class='ocr_line' id='line_1_69' title="bbox 1819 1161 3406 1234; baseline -0.001 -14"><span class='ocrx_word' id='word_1_526' title='bbox 1819 1167 1887 1220; x_wconf 90' lang='lat' dir='ltr'><strong>ad</strong></span> <span class='ocrx_word' id='word_1_527' title='bbox 1917 1166 2222 1232; x_wconf 64' lang='lat' dir='ltr'><strong>haereticos,</strong></span> <span class='ocrx_word' id='word_1_528' title='bbox 2272 1166 2338 1220; x_wconf 90' lang='lat' dir='ltr'><strong>ad</strong></span> <span class='ocrx_word' id='word_1_529' title='bbox 2382 1180 2642 1234; x_wconf 88' lang='lat' dir='ltr'><strong>paganos,</strong></span> <span class='ocrx_word' id='word_1_530' title='bbox 2675 1164 2768 1219; x_wconf 90' lang='lat' dir='ltr'><strong>sed</strong></span> <span class='ocrx_word' id='word_1_531' title='bbox 2798 1164 3034 1218; x_wconf 75' lang='lat' dir='ltr'><strong>maxime</strong></span> <span class='ocrx_word' id='word_1_532' title='bbox 3063 1164 3130 1218; x_wconf 94' lang='lat' dir='ltr'><strong>ad</strong></span> <span class='ocrx_word' id='word_1_533' title='bbox 3163 1163 3282 1218; x_wconf 92' lang='lat' dir='ltr'><strong>illos</strong></span> <span class='ocrx_word' id='word_1_534' title='bbox 3311 1161 3406 1233; x_wconf 91' lang='lat' dir='ltr'><strong>qui</strong></span> 
     </span>
    </p>
   </div>
   <div class='ocr_carea' id='block_1_70' title="bbox 1819 1255 3407 1324">
    <p class='ocr_par' dir='ltr' id='par_1_70' title="bbox 1819 1255 3407 1324">
     <span class='ocr_line' id='line_1_70' title="bbox 1819 1255 3407 1324; baseline -0.002 -12"><span class='ocrx_word' id='word_1_535' title='bbox 1819 1258 1876 1312; x_wconf 92' lang='lat' dir='ltr'><strong>in</strong></span> <span class='ocrx_word' id='word_1_536' title='bbox 1925 1273 2029 1313; x_wconf 90' lang='lat' dir='ltr'><strong>una</strong></span> <span class='ocrx_word' id='word_1_537' title='bbox 2077 1258 2257 1324; x_wconf 92' lang='lat' dir='ltr'><strong>domo,</strong></span> <span class='ocrx_word' id='word_1_538' title='bbox 2293 1258 2344 1312; x_wconf 91' lang='lat' dir='ltr'><strong>id</strong></span> <span class='ocrx_word' id='word_1_539' title='bbox 2381 1267 2465 1313; x_wconf 90' lang='lat' dir='ltr'><strong>est</strong></span> <span class='ocrx_word' id='word_1_540' title='bbox 2493 1257 2551 1312; x_wconf 92' lang='lat' dir='ltr'><strong>in</strong></span> <span class='ocrx_word' id='word_1_541' title='bbox 2593 1257 2804 1312; x_wconf 86' lang='lat' dir='ltr'><strong>unitate</strong></span> <span class='ocrx_word' id='word_1_542' title='bbox 2839 1255 3092 1311; x_wconf 67' lang='lat' dir='ltr'><strong>Ecclesie</strong></span> <span class='ocrx_word' id='word_1_543' title='bbox 3123 1255 3407 1310; x_wconf 88' lang='lat' dir='ltr'><strong>nobiscum</strong></span> 
     </span>
    </p>
   </div>
   <div class='ocr_carea' id='block_1_71' title="bbox 1819 1348 3410 1420">
    <p class='ocr_par' dir='ltr' id='par_1_71' title="bbox 1819 1348 3410 1420">
     <span class='ocr_line' id='line_1_71' title="bbox 1819 1348 3410 1420; baseline -0.002 -16"><span class='ocrx_word' id='word_1_544' title='bbox 1819 1359 1980 1415; x_wconf 90' lang='lat' dir='ltr'><strong>sunt,</strong></span> <span class='ocrx_word' id='word_1_545' title='bbox 2028 1359 2083 1405; x_wconf 87' lang='lat' dir='ltr'><strong>et</strong></span> <span class='ocrx_word' id='word_1_546' title='bbox 2122 1350 2214 1420; x_wconf 91' lang='lat' dir='ltr'><strong>qui</strong></span> <span class='ocrx_word' id='word_1_547' title='bbox 2259 1349 2507 1404; x_wconf 89' lang='lat' dir='ltr'><strong>eamdem</strong></span> <span class='ocrx_word' id='word_1_548' title='bbox 2552 1348 2714 1404; x_wconf 85' lang='lat' dir='ltr'><strong>ﬁdem</strong></span> <span class='ocrx_word' id='word_1_549' title='bbox 2759 1349 2995 1413; x_wconf 87' lang='lat' dir='ltr'><strong>habent,</strong></span> <span class='ocrx_word' id='word_1_550' title='bbox 3039 1356 3095 1402; x_wconf 93' lang='lat' dir='ltr'><strong>et</strong></span> <span class='ocrx_word' id='word_1_551' title='bbox 3135 1348 3410 1418; x_wconf 67' lang='lat' dir='ltr'><strong>praecipue</strong></span> 
     </span>
    </p>
   </div>
   <div class='ocr_carea' id='block_1_72' title="bbox 1820 1439 3408 1511">
    <p class='ocr_par' dir='ltr' id='par_1_72' title="bbox 1820 1439 3408 1511">
     <span class='ocr_line' id='line_1_72' title="bbox 1820 1439 3408 1511; baseline 0 -16"><span class='ocrx_word' id='word_1_552' title='bbox 1820 1441 1888 1495; x_wconf 91' lang='lat' dir='ltr'><strong>ad</strong></span> <span class='ocrx_word' id='word_1_553' title='bbox 1930 1441 2049 1496; x_wconf 88' lang='lat' dir='ltr'><strong>illos</strong></span> <span class='ocrx_word' id='word_1_554' title='bbox 2083 1441 2177 1511; x_wconf 91' lang='lat' dir='ltr'><strong>qui</strong></span> <span class='ocrx_word' id='word_1_555' title='bbox 2215 1440 2316 1496; x_wconf 91' lang='lat' dir='ltr'><strong>iter</strong></span> <span class='ocrx_word' id='word_1_556' title='bbox 2351 1439 2692 1496; x_wconf 88' lang='lat' dir='ltr'><strong>rectitudinis</strong></span> <span class='ocrx_word' id='word_1_557' title='bbox 2734 1439 2891 1496; x_wconf 90' lang='lat' dir='ltr'><strong>nobis</strong></span> <span class='ocrx_word' id='word_1_558' title='bbox 2924 1440 3215 1495; x_wconf 88' lang='lat' dir='ltr'><strong>ostendunt</strong></span> <span class='ocrx_word' id='word_1_559' title='bbox 3242 1439 3408 1495; x_wconf 87' lang='lat' dir='ltr'><strong>verbo</strong></span> 
     </span>
    </p>
   </div>
   <div class='ocr_carea' id='block_1_73' title="bbox 1819 1531 2174 1601">
    <p class='ocr_par' dir='ltr' id='par_1_73' title="bbox 1819 1531 2174 1601">
     <span class='ocr_line' id='line_1_73' title="bbox 1819 1531 2174 1601; baseline 0 -15"><span class='ocrx_word' id='word_1_560' title='bbox 1819 1541 1876 1586; x_wconf 91' lang='lat' dir='ltr'><strong>et</strong></span> <span class='ocrx_word' id='word_1_561' title='bbox 1909 1531 2174 1601; x_wconf 81' lang='lat' dir='ltr'><strong>exemplo.</strong></span> 
     </span>
    </p>
   </div>
   <div class='ocr_carea' id='block_1_74' title="bbox 1902 1639 3404 1713">
    <p class='ocr_par' dir='ltr' id='par_1_74' title="bbox 1902 1639 3404 1713">
     <span class='ocr_line' id='line_1_74' title="bbox 1902 1639 3404 1713; baseline 0 -20"><span class='ocrx_word' id='word_1_562' title='bbox 1902 1639 2110 1708; x_wconf 85' lang='lat' dir='ltr'><strong>Videte,</strong></span> <span class='ocrx_word' id='word_1_563' title='bbox 2153 1641 2398 1713; x_wconf 84' lang='lat' dir='ltr'><strong>qualibus</strong></span> <span class='ocrx_word' id='word_1_564' title='bbox 2440 1642 2628 1696; x_wconf 84' lang='lat' dir='ltr'><strong>litteris</strong></span> <span class='ocrx_word' id='word_1_565' title='bbox 2671 1642 2858 1712; x_wconf 83' lang='lat' dir='ltr'><strong>scripsi</strong></span> <span class='ocrx_word' id='word_1_566' title='bbox 2885 1641 3030 1695; x_wconf 82' lang='lat' dir='ltr'><strong>vobis</strong></span> <span class='ocrx_word' id='word_1_567' title='bbox 3066 1655 3180 1694; x_wconf 86' lang='lat' dir='ltr'><strong>mea</strong></span> <span class='ocrx_word' id='word_1_568' title='bbox 3220 1655 3404 1693; x_wconf 83' lang='lat' dir='ltr'><strong>manu.</strong></span> 
     </span>
    </p>
   </div>
   <div class='ocr_carea' id='block_1_75' title="bbox 1819 1733 3409 1804">
    <p class='ocr_par' dir='ltr' id='par_1_75' title="bbox 1819 1733 3409 1804">
     <span class='ocr_line' id='line_1_75' title="bbox 1819 1733 3409 1804; baseline -0.001 -16"><span class='ocrx_word' id='word_1_569' title='bbox 1819 1733 1878 1788; x_wconf 88' lang='lat' dir='ltr'><strong>ln</strong></span> <span class='ocrx_word' id='word_1_570' title='bbox 1903 1734 2009 1789; x_wconf 89' lang='lat' dir='ltr'><strong>line</strong></span> <span class='ocrx_word' id='word_1_571' title='bbox 2027 1735 2268 1789; x_wconf 88' lang='lat' dir='ltr'><strong>omnium</strong></span> <span class='ocrx_word' id='word_1_572' title='bbox 2289 1733 2640 1803; x_wconf 89' lang='lat' dir='ltr'><strong>epistolarum</strong></span> <span class='ocrx_word' id='word_1_573' title='bbox 2663 1749 2883 1789; x_wconf 89' lang='lat' dir='ltr'><strong>suarum</strong></span> <span class='ocrx_word' id='word_1_574' title='bbox 2897 1733 3187 1804; x_wconf 83' lang='lat' dir='ltr'><strong>Apostolus</strong></span> <span class='ocrx_word' id='word_1_575' title='bbox 3209 1747 3409 1788; x_wconf 89' lang='lat' dir='ltr'><strong>nomen</strong></span> 
     </span>
    </p>
   </div>
   <div class='ocr_carea' id='block_1_76' title="bbox 1821 1825 3406 1896">
    <p class='ocr_par' dir='ltr' id='par_1_76' title="bbox 1821 1825 3406 1896">
     <span class='ocr_line' id='line_1_76' title="bbox 1821 1825 3406 1896; baseline -0.001 -15"><span class='ocrx_word' id='word_1_576' title='bbox 1821 1841 1978 1881; x_wconf 89' lang='lat' dir='ltr'><strong>suum</strong></span> <span class='ocrx_word' id='word_1_577' title='bbox 2006 1825 2287 1882; x_wconf 84' lang='lat' dir='ltr'><strong>Hebraicis</strong></span> <span class='ocrx_word' id='word_1_578' title='bbox 2323 1825 2520 1882; x_wconf 89' lang='lat' dir='ltr'><strong>litteris</strong></span> <span class='ocrx_word' id='word_1_579' title='bbox 2569 1826 2871 1891; x_wconf 88' lang='lat' dir='ltr'><strong>scribebat,</strong></span> <span class='ocrx_word' id='word_1_580' title='bbox 2904 1841 2973 1881; x_wconf 90' lang='lat' dir='ltr'><strong>ne</strong></span> <span class='ocrx_word' id='word_1_581' title='bbox 3003 1827 3406 1896; x_wconf 76' lang='lat' dir='ltr'><strong>apseudoapo—</strong></span> 
     </span>
    </p>
   </div>
   <div class='ocr_carea' id='block_1_77' title="bbox 1743 1903 3406 1991">
    <p class='ocr_par' dir='ltr' id='par_1_77' title="bbox 1743 1903 3406 1991">
     <span class='ocr_line' id='line_1_77' title="bbox 1743 1903 3406 1991; baseline -0.001 -15"><span class='ocrx_word' id='word_1_582' title='bbox 1743 1903 1793 1964; x_wconf 82' lang='grc' dir='ltr'><strong>Β</strong></span> <span class='ocrx_word' id='word_1_583' title='bbox 1819 1919 1974 1976; x_wconf 84' lang='lat' dir='ltr'><strong>stolis</strong></span> <span class='ocrx_word' id='word_1_584' title='bbox 1995 1919 2111 1990; x_wconf 87' lang='lat' dir='ltr'><strong>ejus</strong></span> <span class='ocrx_word' id='word_1_585' title='bbox 2133 1920 2276 1975; x_wconf 88' lang='lat' dir='ltr'><strong>dicta</strong></span> <span class='ocrx_word' id='word_1_586' title='bbox 2297 1929 2804 1991; x_wconf 86' lang='lat' dir='ltr'><strong>corrumperentur:</strong></span> <span class='ocrx_word' id='word_1_587' title='bbox 2823 1921 2878 1974; x_wconf 91' lang='lat' dir='ltr'><strong>in</strong></span> <span class='ocrx_word' id='word_1_588' title='bbox 2899 1921 3002 1975; x_wconf 90' lang='lat' dir='ltr'><strong>hac</strong></span> <span class='ocrx_word' id='word_1_589' title='bbox 3021 1936 3148 1976; x_wconf 90' lang='lat' dir='ltr'><strong>vero</strong></span> <span class='ocrx_word' id='word_1_590' title='bbox 3158 1919 3406 1991; x_wconf 89' lang='lat' dir='ltr'><strong>epistola,</strong></span> 
     </span>
    </p>
   </div>
   <div class='ocr_carea' id='block_1_78' title="bbox 1816 2011 3410 2082">
    <p class='ocr_par' dir='ltr' id='par_1_78' title="bbox 1816 2011 3410 2082">
     <span class='ocr_line' id='line_1_78' title="bbox 1816 2011 3410 2082; baseline -0.001 -16"><span class='ocrx_word' id='word_1_591' title='bbox 1816 2011 1958 2066; x_wconf 88' lang='lat' dir='ltr'><strong>sicut</strong></span> <span class='ocrx_word' id='word_1_592' title='bbox 1989 2011 2208 2066; x_wconf 91' lang='lat' dir='ltr'><strong>tradunt</strong></span> <span class='ocrx_word' id='word_1_593' title='bbox 2238 2012 2508 2078; x_wconf 91' lang='lat' dir='ltr'><strong>doctores,</strong></span> <span class='ocrx_word' id='word_1_594' title='bbox 2547 2012 2614 2067; x_wconf 91' lang='lat' dir='ltr'><strong>ab</strong></span> <span class='ocrx_word' id='word_1_595' title='bbox 2648 2013 2752 2069; x_wconf 90' lang='lat' dir='ltr'><strong>hoc</strong></span> <span class='ocrx_word' id='word_1_596' title='bbox 2787 2013 2906 2068; x_wconf 89' lang='lat' dir='ltr'><strong>loco</strong></span> <span class='ocrx_word' id='word_1_597' title='bbox 2937 2028 3109 2082; x_wconf 78' lang='lat' dir='ltr'><strong>usque</strong></span> <span class='ocrx_word' id='word_1_598' title='bbox 3144 2013 3210 2066; x_wconf 92' lang='lat' dir='ltr'><strong>ad</strong></span> <span class='ocrx_word' id='word_1_599' title='bbox 3241 2011 3410 2066; x_wconf 83' lang='lat' dir='ltr'><strong>linem</strong></span> 
     </span>
    </p>
   </div>
   <div class='ocr_carea' id='block_1_79' title="bbox 1814 2102 3407 2173">
    <p class='ocr_par' dir='ltr' id='par_1_79' title="bbox 1814 2102 3407 2173">
     <span class='ocr_line' id='line_1_79' title="bbox 1814 2102 3407 2173; baseline 0.002 -18"><span class='ocrx_word' id='word_1_600' title='bbox 1814 2102 2032 2173; x_wconf 91' lang='lat' dir='ltr'><strong>propria</strong></span> <span class='ocrx_word' id='word_1_601' title='bbox 2053 2118 2215 2157; x_wconf 91' lang='lat' dir='ltr'><strong>manu</strong></span> <span class='ocrx_word' id='word_1_602' title='bbox 2239 2103 2479 2173; x_wconf 88' lang='lat' dir='ltr'><strong>scripsit,</strong></span> <span class='ocrx_word' id='word_1_603' title='bbox 2502 2113 2564 2158; x_wconf 93' lang='lat' dir='ltr'><strong>ut</strong></span> <span class='ocrx_word' id='word_1_604' title='bbox 2584 2118 2678 2158; x_wconf 90' lang='lat' dir='ltr'><strong>eos</strong></span> <span class='ocrx_word' id='word_1_605' title='bbox 2701 2105 2767 2159; x_wconf 90' lang='lat' dir='ltr'><strong>ad</strong></span> <span class='ocrx_word' id='word_1_606' title='bbox 2791 2104 2949 2159; x_wconf 83' lang='lat' dir='ltr'><strong>[idem</strong></span> <span class='ocrx_word' id='word_1_607' title='bbox 2972 2103 3172 2159; x_wconf 89' lang='lat' dir='ltr'><strong>Christi</strong></span> <span class='ocrx_word' id='word_1_608' title='bbox 3195 2103 3407 2172; x_wconf 84' lang='lat' dir='ltr'><strong>plenius</strong></span> 
     </span>
    </p>
   </div>
   <div class='ocr_carea' id='block_1_80' title="bbox 1817 2195 3178 2268">
    <p class='ocr_par' dir='ltr' id='par_1_80' title="bbox 1817 2195 3178 2268">
     <span class='ocr_line' id='line_1_80' title="bbox 1817 2195 3178 2268; baseline 0 -19"><span class='ocrx_word' id='word_1_609' title='bbox 1817 2196 2080 2262; x_wconf 86' lang='lat' dir='ltr'><strong>traheret,</strong></span> <span class='ocrx_word' id='word_1_610' title='bbox 2109 2202 2234 2252; x_wconf 89' lang='lat' dir='ltr'><strong>dum</strong></span> <span class='ocrx_word' id='word_1_611' title='bbox 2261 2197 2508 2250; x_wconf 89' lang='lat' dir='ltr'><strong>viderent</strong></span> <span class='ocrx_word' id='word_1_612' title='bbox 2533 2195 2650 2266; x_wconf 86' lang='lat' dir='ltr'><strong>ejus</strong></span> <span class='ocrx_word' id='word_1_613' title='bbox 2676 2210 2917 2250; x_wconf 89' lang='lat' dir='ltr'><strong>amorem</strong></span> <span class='ocrx_word' id='word_1_614' title='bbox 2944 2210 3074 2268; x_wconf 85' lang='lat' dir='ltr'><strong>erga</strong></span> <span class='ocrx_word' id='word_1_615' title='bbox 3099 2211 3178 2250; x_wconf 88' lang='lat' dir='ltr'><strong>se.</strong></span> 
     </span>
    </p>
   </div>
   <div class='ocr_carea' id='block_1_81' title="bbox 1887 2309 3410 2381">
    <p class='ocr_par' dir='ltr' id='par_1_81' title="bbox 1887 2309 3410 2381">
     <span class='ocr_line' id='line_1_81' title="bbox 1887 2309 3410 2381; baseline 0 -17"><span class='ocrx_word' id='word_1_616' title='bbox 1887 2309 2198 2381; x_wconf 78' lang='lat' dir='ltr'><strong>Quicunque</strong></span> <span class='ocrx_word' id='word_1_617' title='bbox 2225 2311 2362 2364; x_wconf 90' lang='lat' dir='ltr'><strong>enim</strong></span> <span class='ocrx_word' id='word_1_618' title='bbox 2393 2310 2598 2380; x_wconf 85' lang='lat' dir='ltr'><strong>placere</strong></span> <span class='ocrx_word' id='word_1_619' title='bbox 2624 2309 2802 2366; x_wconf 90' lang='lat' dir='ltr'><strong>volunt</strong></span> <span class='ocrx_word' id='word_1_620' title='bbox 2829 2311 2886 2364; x_wconf 90' lang='lat' dir='ltr'><strong>in</strong></span> <span class='ocrx_word' id='word_1_621' title='bbox 2919 2327 3098 2376; x_wconf 86' lang='lat' dir='ltr'><strong>carne,</strong></span> <span class='ocrx_word' id='word_1_622' title='bbox 3131 2311 3186 2364; x_wconf 77' lang='lat' dir='ltr'><strong>lii</strong></span> <span class='ocrx_word' id='word_1_623' title='bbox 3214 2320 3410 2380; x_wconf 82' lang='lat' dir='ltr'><strong>cogunt</strong></span> 
     </span>
    </p>
   </div>
   <div class='ocr_carea' id='block_1_82' title="bbox 1816 2400 3400 2470">
    <p class='ocr_par' dir='ltr' id='par_1_82' title="bbox 1816 2400 3400 2470">
     <span class='ocr_line' id='line_1_82' title="bbox 1816 2400 3400 2470; baseline 0 -14"><span class='ocrx_word' id='word_1_624' title='bbox 1816 2417 1902 2456; x_wconf 85' lang='lat' dir='ltr'><strong>vos</strong></span> <span class='ocrx_word' id='word_1_625' title='bbox 1932 2401 2271 2466; x_wconf 84' lang='lat' dir='ltr'><strong>circumcidi,</strong></span> <span class='ocrx_word' id='word_1_626' title='bbox 2317 2401 2369 2455; x_wconf 93' lang='lat' dir='ltr'><strong>id</strong></span> <span class='ocrx_word' id='word_1_627' title='bbox 2408 2410 2492 2456; x_wconf 89' lang='lat' dir='ltr'><strong>est</strong></span> <span class='ocrx_word' id='word_1_628' title='bbox 2528 2401 2621 2470; x_wconf 92' lang='lat' dir='ltr'><strong>qui</strong></span> <span class='ocrx_word' id='word_1_629' title='bbox 2649 2400 2836 2455; x_wconf 90' lang='lat' dir='ltr'><strong>volunt</strong></span> <span class='ocrx_word' id='word_1_630' title='bbox 2866 2400 3078 2470; x_wconf 90' lang='lat' dir='ltr'><strong>placere</strong></span> <span class='ocrx_word' id='word_1_631' title='bbox 3109 2401 3162 2455; x_wconf 90' lang='lat' dir='ltr'><strong>in</strong></span> <span class='ocrx_word' id='word_1_632' title='bbox 3192 2400 3400 2456; x_wconf 87' lang='lat' dir='ltr'><strong>carnali</strong></span> 
     </span>
    </p>
   </div>
   <div class='ocr_carea' id='block_1_83' title="bbox 1816 2493 3406 2563">
    <p class='ocr_par' dir='ltr' id='par_1_83' title="bbox 1816 2493 3406 2563">
     <span class='ocr_line' id='line_1_83' title="bbox 1816 2493 3406 2563; baseline 0 -14"><span class='ocrx_word' id='word_1_633' title='bbox 1816 2494 2232 2549; x_wconf 91' lang='lat' dir='ltr'><strong>circumcisione</strong></span> <span class='ocrx_word' id='word_1_634' title='bbox 2284 2494 2480 2548; x_wconf 87' lang='lat' dir='ltr'><strong>scribis</strong></span> <span class='ocrx_word' id='word_1_635' title='bbox 2531 2503 2586 2548; x_wconf 91' lang='lat' dir='ltr'><strong>et</strong></span> <span class='ocrx_word' id='word_1_636' title='bbox 2630 2493 2914 2563; x_wconf 66' lang='lat' dir='ltr'><strong>pharisaeis</strong></span> <span class='ocrx_word' id='word_1_637' title='bbox 2960 2493 3073 2548; x_wconf 87' lang='lat' dir='ltr'><strong>suis</strong></span> <span class='ocrx_word' id='word_1_638' title='bbox 3117 2494 3406 2561; x_wconf 86' lang='lat' dir='ltr'><strong>ministris,</strong></span> 
     </span>
    </p>
   </div>
   <div class='ocr_carea' id='block_1_84' title="bbox 1817 2584 3411 2655">
    <p class='ocr_par' dir='ltr' id='par_1_84' title="bbox 1817 2584 3411 2655">
     <span class='ocr_line' id='line_1_84' title="bbox 1817 2584 3411 2655; baseline 0 -15"><span class='ocrx_word' id='word_1_639' title='bbox 1817 2584 1894 2640; x_wconf 89' lang='lat' dir='ltr'><strong>illi</strong></span> <span class='ocrx_word' id='word_1_640' title='bbox 1925 2585 2226 2654; x_wconf 88' lang='lat' dir='ltr'><strong>cogebant,</strong></span> <span class='ocrx_word' id='word_1_641' title='bbox 2269 2584 2660 2639; x_wconf 86' lang='lat' dir='ltr'><strong>circumcidere</strong></span> <span class='ocrx_word' id='word_1_642' title='bbox 2689 2585 2937 2655; x_wconf 87' lang='lat' dir='ltr'><strong>gentiles,</strong></span> <span class='ocrx_word' id='word_1_643' title='bbox 2969 2593 3027 2640; x_wconf 91' lang='lat' dir='ltr'><strong>et</strong></span> <span class='ocrx_word' id='word_1_644' title='bbox 3061 2585 3166 2641; x_wconf 94' lang='lat' dir='ltr'><strong>hoc</strong></span> <span class='ocrx_word' id='word_1_645' title='bbox 3195 2586 3318 2640; x_wconf 93' lang='lat' dir='ltr'><strong>ideo</strong></span> <span class='ocrx_word' id='word_1_646' title='bbox 3347 2593 3411 2640; x_wconf 89' lang='lat' dir='ltr'><strong>ut</strong></span> 
     </span>
    </p>
   </div>
   <div class='ocr_carea' id='block_1_85' title="bbox 1815 2674 3408 2746">
    <p class='ocr_par' dir='ltr' id='par_1_85' title="bbox 1815 2674 3408 2746">
     <span class='ocr_line' id='line_1_85' title="bbox 1815 2674 3408 2746; baseline 0.001 -15"><span class='ocrx_word' id='word_1_647' title='bbox 1815 2677 2247 2746; x_wconf 89' lang='lat' dir='ltr'><strong>persecutionem</strong></span> <span class='ocrx_word' id='word_1_648' title='bbox 2280 2676 2458 2730; x_wconf 92' lang='lat' dir='ltr'><strong>crucis</strong></span> <span class='ocrx_word' id='word_1_649' title='bbox 2491 2674 2694 2730; x_wconf 88' lang='lat' dir='ltr'><strong>Christi</strong></span> <span class='ocrx_word' id='word_1_650' title='bbox 2736 2691 2842 2732; x_wconf 93' lang='lat' dir='ltr'><strong>non</strong></span> <span class='ocrx_word' id='word_1_651' title='bbox 2882 2684 3219 2746; x_wconf 90' lang='lat' dir='ltr'><strong>paterentur.</strong></span> <span class='ocrx_word' id='word_1_652' title='bbox 3267 2675 3408 2732; x_wconf 81' lang='lat' dir='ltr'><strong>Nam</strong></span> 
     </span>
    </p>
   </div>
   <div class='ocr_carea' id='block_1_86' title="bbox 1817 2767 3407 2840">
    <p class='ocr_par' dir='ltr' id='par_1_86' title="bbox 1817 2767 3407 2840">
     <span class='ocr_line' id='line_1_86' title="bbox 1817 2767 3407 2840; baseline -0.001 -14"><span class='ocrx_word' id='word_1_653' title='bbox 1817 2769 2167 2834; x_wconf 86' lang='lat' dir='ltr'><strong>Octavianus,</strong></span> <span class='ocrx_word' id='word_1_654' title='bbox 2197 2768 2380 2834; x_wconf 91' lang='lat' dir='ltr'><strong>Caius,</strong></span> <span class='ocrx_word' id='word_1_655' title='bbox 2413 2767 2614 2839; x_wconf 91' lang='lat' dir='ltr'><strong>aliique</strong></span> <span class='ocrx_word' id='word_1_656' title='bbox 2641 2769 3000 2840; x_wconf 90' lang='lat' dir='ltr'><strong>imperatores</strong></span> <span class='ocrx_word' id='word_1_657' title='bbox 3028 2769 3407 2838; x_wconf 89' lang='lat' dir='ltr'><strong>decreverant,</strong></span> 
     </span>
    </p>
   </div>
   <div class='ocr_carea' id='block_1_87' title="bbox 1818 2861 3408 2933">
    <p class='ocr_par' dir='ltr' id='par_1_87' title="bbox 1818 2861 3408 2933">
     <span class='ocr_line' id='line_1_87' title="bbox 1818 2861 3408 2933; baseline -0.001 -13"><span class='ocrx_word' id='word_1_658' title='bbox 1818 2874 1877 2920; x_wconf 94' lang='lat' dir='ltr'><strong>ut</strong></span> <span class='ocrx_word' id='word_1_659' title='bbox 1909 2865 2214 2933; x_wconf 88' lang='lat' dir='ltr'><strong>ubicunque</strong></span> <span class='ocrx_word' id='word_1_660' title='bbox 2253 2871 2434 2918; x_wconf 90' lang='lat' dir='ltr'><strong>essent</strong></span> <span class='ocrx_word' id='word_1_661' title='bbox 2460 2861 2666 2928; x_wconf 78' lang='lat' dir='ltr'><strong>Judaei,</strong></span> <span class='ocrx_word' id='word_1_662' title='bbox 2711 2863 2824 2917; x_wconf 89' lang='lat' dir='ltr'><strong>suis</strong></span> <span class='ocrx_word' id='word_1_663' title='bbox 2862 2863 3072 2933; x_wconf 91' lang='lat' dir='ltr'><strong>legibus</strong></span> <span class='ocrx_word' id='word_1_664' title='bbox 3101 2869 3408 2931; x_wconf 86' lang='lat' dir='ltr'><strong>uterentur,</strong></span> 
     </span>
    </p>
   </div>
   <div class='ocr_carea' id='block_1_88' title="bbox 1817 2954 3411 3025">
    <p class='ocr_par' dir='ltr' id='par_1_88' title="bbox 1817 2954 3411 3025">
     <span class='ocr_line' id='line_1_88' title="bbox 1817 2954 3411 3025; baseline -0.003 -13"><span class='ocrx_word' id='word_1_665' title='bbox 1817 2965 1873 3012; x_wconf 91' lang='lat' dir='ltr'><strong>et</strong></span> <span class='ocrx_word' id='word_1_666' title='bbox 1905 2955 2074 3011; x_wconf 69' lang='lat' dir='ltr'><strong>Judazi</strong></span> <span class='ocrx_word' id='word_1_667' title='bbox 2110 2955 2202 3024; x_wconf 92' lang='lat' dir='ltr'><strong>qui</strong></span> <span class='ocrx_word' id='word_1_668' title='bbox 2232 2954 2402 3025; x_wconf 87' lang='lat' dir='ltr'><strong>legem</strong></span> <span class='ocrx_word' id='word_1_669' title='bbox 2433 2963 2487 3008; x_wconf 91' lang='lat' dir='ltr'><strong>et</strong></span> <span class='ocrx_word' id='word_1_670' title='bbox 2513 2954 2865 3025; x_wconf 83' lang='lat' dir='ltr'><strong>Evangelium</strong></span> <span class='ocrx_word' id='word_1_671' title='bbox 2908 2954 3163 3008; x_wconf 91' lang='lat' dir='ltr'><strong>volebant</strong></span> <span class='ocrx_word' id='word_1_672' title='bbox 3201 2964 3411 3021; x_wconf 91' lang='lat' dir='ltr'><strong>tenere,</strong></span> 
     </span>
    </p>
   </div>
   <div class='ocr_carea' id='block_1_89' title="bbox 1818 3044 3414 3116">
    <p class='ocr_par' dir='ltr' id='par_1_89' title="bbox 1818 3044 3414 3116">
     <span class='ocr_line' id='line_1_89' title="bbox 1818 3044 3414 3116; baseline -0.002 -13"><span class='ocrx_word' id='word_1_673' title='bbox 1818 3048 2023 3103; x_wconf 92' lang='lat' dir='ltr'><strong>idcirco</strong></span> <span class='ocrx_word' id='word_1_674' title='bbox 2050 3061 2108 3101; x_wconf 90' lang='lat' dir='ltr'><strong>se</strong></span> <span class='ocrx_word' id='word_1_675' title='bbox 2137 3046 2618 3111; x_wconf 87' lang='lat' dir='ltr'><strong>circumcidebant,</strong></span> <span class='ocrx_word' id='word_1_676' title='bbox 2650 3062 2718 3101; x_wconf 92' lang='lat' dir='ltr'><strong>ne</strong></span> <span class='ocrx_word' id='word_1_677' title='bbox 2741 3055 2964 3116; x_wconf 85' lang='lat' dir='ltr'><strong>propter</strong></span> <span class='ocrx_word' id='word_1_678' title='bbox 2988 3060 3184 3100; x_wconf 90' lang='lat' dir='ltr'><strong>nomen</strong></span> <span class='ocrx_word' id='word_1_679' title='bbox 3207 3044 3414 3100; x_wconf 87' lang='lat' dir='ltr'><strong>Christi</strong></span> 
     </span>
    </p>
   </div>
   <div class='ocr_carea' id='block_1_90' title="bbox 1818 3137 3412 3210">
    <p class='ocr_par' dir='ltr' id='par_1_90' title="bbox 1818 3137 3412 3210">
     <span class='ocr_line' id='line_1_90' title="bbox 1818 3137 3412 3210; baseline -0.001 -17"><span class='ocrx_word' id='word_1_680' title='bbox 1818 3147 2301 3210; x_wconf 89' lang='lat' dir='ltr'><strong>persequerentur,</strong></span> <span class='ocrx_word' id='word_1_681' title='bbox 2331 3139 2574 3194; x_wconf 90' lang='lat' dir='ltr'><strong>dicentes</strong></span> <span class='ocrx_word' id='word_1_682' title='bbox 2599 3153 2658 3193; x_wconf 92' lang='lat' dir='ltr'><strong>se</strong></span> <span class='ocrx_word' id='word_1_683' title='bbox 2685 3137 2901 3193; x_wconf 81' lang='lat' dir='ltr'><strong>Judaeos</strong></span> <span class='ocrx_word' id='word_1_684' title='bbox 2924 3143 3064 3203; x_wconf 76' lang='lat' dir='ltr'><strong>esse,</strong></span> <span class='ocrx_word' id='word_1_685' title='bbox 3097 3146 3152 3192; x_wconf 90' lang='lat' dir='ltr'><strong>et</strong></span> <span class='ocrx_word' id='word_1_686' title='bbox 3175 3139 3412 3193; x_wconf 88' lang='lat' dir='ltr'><strong>circum-</strong></span> 
     </span>
    </p>
   </div>
   <div class='ocr_carea' id='block_1_91' title="bbox 1821 3227 3409 3301">
    <p class='ocr_par' dir='ltr' id='par_1_91' title="bbox 1821 3227 3409 3301">
     <span class='ocr_line' id='line_1_91' title="bbox 1821 3227 3409 3301; baseline -0.001 -16"><span class='ocrx_word' id='word_1_687' title='bbox 1821 3230 1985 3295; x_wconf 88' lang='lat' dir='ltr'><strong>cisos,</strong></span> <span class='ocrx_word' id='word_1_688' title='bbox 2009 3239 2064 3284; x_wconf 91' lang='lat' dir='ltr'><strong>et</strong></span> <span class='ocrx_word' id='word_1_689' title='bbox 2089 3230 2261 3301; x_wconf 90' lang='lat' dir='ltr'><strong>legem</strong></span> <span class='ocrx_word' id='word_1_690' title='bbox 2285 3231 2579 3286; x_wconf 89' lang='lat' dir='ltr'><strong>custodire.</strong></span> <span class='ocrx_word' id='word_1_691' title='bbox 2606 3227 2712 3285; x_wconf 87' lang='lat' dir='ltr'><strong>Sed</strong></span> <span class='ocrx_word' id='word_1_692' title='bbox 2735 3229 2856 3283; x_wconf 90' lang='lat' dir='ltr'><strong>ideo</strong></span> <span class='ocrx_word' id='word_1_693' title='bbox 2880 3244 2986 3284; x_wconf 91' lang='lat' dir='ltr'><strong>non</strong></span> <span class='ocrx_word' id='word_1_694' title='bbox 3011 3229 3409 3294; x_wconf 87' lang='lat' dir='ltr'><strong>custodiebant,</strong></span> 
     </span>
    </p>
   </div>
   <div class='ocr_carea' id='block_1_92' title="bbox 1821 3320 3411 3393">
    <p class='ocr_par' dir='ltr' id='par_1_92' title="bbox 1821 3320 3411 3393">
     <span class='ocr_line' id='line_1_92' title="bbox 1821 3320 3411 3393; baseline -0.001 -17"><span class='ocrx_word' id='word_1_695' title='bbox 1821 3324 1945 3393; x_wconf 88' lang='lat' dir='ltr'><strong>quia</strong></span> <span class='ocrx_word' id='word_1_696' title='bbox 1968 3331 2124 3378; x_wconf 92' lang='lat' dir='ltr'><strong>erant</strong></span> <span class='ocrx_word' id='word_1_697' title='bbox 2148 3324 2453 3386; x_wconf 57' lang='lat' dir='ltr'><strong>homicida,</strong></span> <span class='ocrx_word' id='word_1_698' title='bbox 2474 3322 2729 3388; x_wconf 90' lang='lat' dir='ltr'><strong>adulteri,</strong></span> <span class='ocrx_word' id='word_1_699' title='bbox 2749 3321 2936 3384; x_wconf 90' lang='lat' dir='ltr'><strong>invidi,</strong></span> <span class='ocrx_word' id='word_1_700' title='bbox 2960 3322 3160 3392; x_wconf 93' lang='lat' dir='ltr'><strong>cupidi,</strong></span> <span class='ocrx_word' id='word_1_701' title='bbox 3180 3320 3411 3392; x_wconf 82' lang='lat' dir='ltr'><strong>aliisque</strong></span> 
     </span>
    </p>
   </div>
   <div class='ocr_carea' id='block_1_93' title="bbox 1816 3411 3410 3485">
    <p class='ocr_par' dir='ltr' id='par_1_93' title="bbox 1816 3411 3410 3485">
     <span class='ocr_line' id='line_1_93' title="bbox 1816 3411 3410 3485; baseline 0.001 -17"><span class='ocrx_word' id='word_1_702' title='bbox 1816 3414 1964 3469; x_wconf 89' lang='lat' dir='ltr'><strong>vitiis</strong></span> <span class='ocrx_word' id='word_1_703' title='bbox 1985 3415 2148 3484; x_wconf 92' lang='lat' dir='ltr'><strong>pleni.</strong></span> <span class='ocrx_word' id='word_1_704' title='bbox 2167 3411 2234 3468; x_wconf 89' lang='lat' dir='ltr'><strong>Ut</strong></span> <span class='ocrx_word' id='word_1_705' title='bbox 2256 3415 2309 3469; x_wconf 89' lang='lat' dir='ltr'><strong>in</strong></span> <span class='ocrx_word' id='word_1_706' title='bbox 2332 3432 2489 3470; x_wconf 87' lang='lat' dir='ltr'><strong>carne</strong></span> <span class='ocrx_word' id='word_1_707' title='bbox 2511 3425 2679 3470; x_wconf 84' lang='lat' dir='ltr'><strong>vestra</strong></span> <span class='ocrx_word' id='word_1_708' title='bbox 2700 3413 3006 3485; x_wconf 88' lang='lat' dir='ltr'><strong>glorientur.</strong></span> <span class='ocrx_word' id='word_1_709' title='bbox 3023 3413 3410 3469; x_wconf 84' lang='lat' dir='ltr'><strong>Gloriabantur</strong></span> 
     </span>
    </p>
   </div>
   <div class='ocr_carea' id='block_1_94' title="bbox 1817 3505 3410 3578">
    <p class='ocr_par' dir='ltr' id='par_1_94' title="bbox 1817 3505 3410 3578">
     <span class='ocr_line' id='line_1_94' title="bbox 1817 3505 3410 3578; baseline -0.001 -16"><span class='ocrx_word' id='word_1_710' title='bbox 1817 3505 2008 3571; x_wconf 69' lang='lat' dir='ltr'><strong>Judaei,</strong></span> <span class='ocrx_word' id='word_1_711' title='bbox 2035 3507 2278 3562; x_wconf 88' lang='lat' dir='ltr'><strong>dicentes</strong></span> <span class='ocrx_word' id='word_1_712' title='bbox 2308 3525 2320 3560; x_wconf 90' lang='lat'><strong>:</strong></span> <span class='ocrx_word' id='word_1_713' title='bbox 2347 3506 2450 3562; x_wconf 93' lang='lat' dir='ltr'><strong>Tot</strong></span> <span class='ocrx_word' id='word_1_714' title='bbox 2466 3507 2697 3578; x_wconf 85' lang='lat' dir='ltr'><strong>gentiles</strong></span> <span class='ocrx_word' id='word_1_715' title='bbox 2715 3506 2832 3562; x_wconf 90' lang='lat' dir='ltr'><strong>heri</strong></span> <span class='ocrx_word' id='word_1_716' title='bbox 2855 3506 3006 3578; x_wconf 87' lang='lat' dir='ltr'><strong>coegi</strong></span> <span class='ocrx_word' id='word_1_717' title='bbox 3030 3506 3098 3560; x_wconf 90' lang='lat' dir='ltr'><strong>ad</strong></span> <span class='ocrx_word' id='word_1_718' title='bbox 3121 3505 3410 3561; x_wconf 88' lang='lat' dir='ltr'><strong>circumci-</strong></span> 
     </span>
    </p>
   </div>
   <div class='ocr_carea' id='block_1_95' title="bbox 1818 3598 2370 3684">
    <p class='ocr_par' dir='ltr' id='par_1_95' title="bbox 1818 3598 2370 3684">
     <span class='ocr_line' id='line_1_95' title="bbox 1818 3598 2370 3684; baseline -0.002 -30"><span class='ocrx_word' id='word_1_719' title='bbox 1818 3598 2050 3663; x_wconf 87' lang='lat' dir='ltr'><strong>sionem,</strong></span> <span class='ocrx_word' id='word_1_720' title='bbox 2081 3606 2166 3684; x_wconf 76' lang='lat' dir='ltr'><strong>tot</strong></span> <span class='ocrx_word' id='word_1_721' title='bbox 2189 3598 2370 3655; x_wconf 92' lang='lat' dir='ltr'><strong>hodie.</strong></span> 
     </span>
    </p>
   </div>
   <div class='ocr_carea' id='block_1_96' title="bbox 1890 3704 3417 3780">
    <p class='ocr_par' dir='ltr' id='par_1_96' title="bbox 1890 3704 3417 3780">
     <span class='ocr_line' id='line_1_96' title="bbox 1890 3704 3417 3780; baseline -0.001 -18"><span class='ocrx_word' id='word_1_722' title='bbox 1890 3708 2023 3762; x_wconf 83' lang='lat' dir='ltr'><strong>Mihi</strong></span> <span class='ocrx_word' id='word_1_723' title='bbox 2051 3717 2224 3762; x_wconf 87' lang='lat' dir='ltr'><strong>autem</strong></span> <span class='ocrx_word' id='word_1_724' title='bbox 2257 3707 2390 3762; x_wconf 87' lang='lat' dir='ltr'><strong>absit</strong></span> <span class='ocrx_word' id='word_1_725' title='bbox 2420 3707 2657 3778; x_wconf 84' lang='lat' dir='ltr'><strong>gloriari.</strong></span> <span class='ocrx_word' id='word_1_726' title='bbox 2707 3706 2843 3763; x_wconf 82' lang='lat' dir='ltr'><strong>Nolo</strong></span> <span class='ocrx_word' id='word_1_727' title='bbox 2872 3707 3092 3780; x_wconf 85' lang='lat' dir='ltr'><strong>gloriari</strong></span> <span class='ocrx_word' id='word_1_728' title='bbox 3125 3706 3181 3761; x_wconf 92' lang='lat' dir='ltr'><strong>in</strong></span> <span class='ocrx_word' id='word_1_729' title='bbox 3211 3704 3417 3762; x_wconf 87' lang='lat' dir='ltr'><strong>divitiis</strong></span> 
     </span>
    </p>
   </div>
   <div class='ocr_carea' id='block_1_97' title="bbox 1817 3798 3415 3873">
    <p class='ocr_par' dir='ltr' id='par_1_97' title="bbox 1817 3798 3415 3873">
     <span class='ocr_line' id='line_1_97' title="bbox 1817 3798 3415 3873; baseline -0.002 -15"><span class='ocrx_word' id='word_1_730' title='bbox 1817 3802 1980 3873; x_wconf 89' lang='lat' dir='ltr'><strong>hujus</strong></span> <span class='ocrx_word' id='word_1_731' title='bbox 2005 3802 2192 3856; x_wconf 91' lang='lat' dir='ltr'><strong>mundi</strong></span> <span class='ocrx_word' id='word_1_732' title='bbox 2222 3810 2277 3857; x_wconf 90' lang='lat' dir='ltr'><strong>et</strong></span> <span class='ocrx_word' id='word_1_733' title='bbox 2303 3801 2678 3873; x_wconf 86' lang='lat' dir='ltr'><strong>dignitatibus,</strong></span> <span class='ocrx_word' id='word_1_734' title='bbox 2711 3801 2802 3855; x_wconf 85' lang='lat' dir='ltr'><strong>sed</strong></span> <span class='ocrx_word' id='word_1_735' title='bbox 2834 3801 2890 3856; x_wconf 86' lang='lat' dir='ltr'><strong>in</strong></span> <span class='ocrx_word' id='word_1_736' title='bbox 2919 3817 3073 3854; x_wconf 87' lang='lat' dir='ltr'><strong>cruce</strong></span> <span class='ocrx_word' id='word_1_737' title='bbox 3099 3798 3316 3866; x_wconf 84' lang='lat' dir='ltr'><strong>Christi,</strong></span> <span class='ocrx_word' id='word_1_738' title='bbox 3359 3799 3415 3855; x_wconf 90' lang='lat' dir='ltr'><strong>id</strong></span> 
     </span>
    </p>
   </div>
   <div class='ocr_carea' id='block_1_98' title="bbox 1818 3890 3411 3966">
    <p class='ocr_par' dir='ltr' id='par_1_98' title="bbox 1818 3890 3411 3966">
     <span class='ocr_line' id='line_1_98' title="bbox 1818 3890 3411 3966; baseline -0.004 -14"><span class='ocrx_word' id='word_1_739' title='bbox 1818 3907 1900 3952; x_wconf 87' lang='lat' dir='ltr'><strong>est</strong></span> <span class='ocrx_word' id='word_1_740' title='bbox 1927 3897 2178 3966; x_wconf 88' lang='lat' dir='ltr'><strong>passione</strong></span> <span class='ocrx_word' id='word_1_741' title='bbox 2209 3894 2352 3949; x_wconf 91' lang='lat' dir='ltr'><strong>illius</strong></span> <span class='ocrx_word' id='word_1_742' title='bbox 2381 3909 2503 3964; x_wconf 77' lang='lat' dir='ltr'><strong>qua:</strong></span> <span class='ocrx_word' id='word_1_743' title='bbox 2535 3894 2587 3947; x_wconf 94' lang='lat' dir='ltr'><strong>in</strong></span> <span class='ocrx_word' id='word_1_744' title='bbox 2616 3907 2780 3948; x_wconf 90' lang='lat' dir='ltr'><strong>cruce</strong></span> <span class='ocrx_word' id='word_1_745' title='bbox 2821 3901 2907 3948; x_wconf 90' lang='lat' dir='ltr'><strong>est</strong></span> <span class='ocrx_word' id='word_1_746' title='bbox 2944 3890 3221 3946; x_wconf 81' lang='lat' dir='ltr'><strong>celebrata</strong></span> <span class='ocrx_word' id='word_1_747' title='bbox 3243 3932 3257 3955; x_wconf 91' lang='lat'><strong>,</strong></span> <span class='ocrx_word' id='word_1_748' title='bbox 3295 3891 3411 3962; x_wconf 83' lang='lat' dir='ltr'><strong>glo-</strong></span> 
     </span>
    </p>
   </div>
   <div class='ocr_carea' id='block_1_99' title="bbox 1817 3979 3413 4053">
    <p class='ocr_par' dir='ltr' id='par_1_99' title="bbox 1817 3979 3413 4053">
     <span class='ocr_line' id='line_1_99' title="bbox 1817 3979 3413 4053; baseline -0.005 -11"><span class='ocrx_word' id='word_1_749' title='bbox 1817 3987 2024 4050; x_wconf 89' lang='lat' dir='ltr'><strong>riabor,</strong></span> <span class='ocrx_word' id='word_1_750' title='bbox 2058 3985 2201 4039; x_wconf 88' lang='lat' dir='ltr'><strong>unde</strong></span> <span class='ocrx_word' id='word_1_751' title='bbox 2229 3993 2314 4038; x_wconf 88' lang='lat' dir='ltr'><strong>est</strong></span> <span class='ocrx_word' id='word_1_752' title='bbox 2341 3998 2462 4038; x_wconf 87' lang='lat' dir='ltr'><strong>mea</strong></span> <span class='ocrx_word' id='word_1_753' title='bbox 2503 3983 2808 4053; x_wconf 90' lang='lat' dir='ltr'><strong>redemptio</strong></span> <span class='ocrx_word' id='word_1_754' title='bbox 2842 3989 2898 4038; x_wconf 85' lang='lat' dir='ltr'><strong>et</strong></span> <span class='ocrx_word' id='word_1_755' title='bbox 2927 3981 3180 4036; x_wconf 88' lang='lat' dir='ltr'><strong>salvatio.</strong></span> <span class='ocrx_word' id='word_1_756' title='bbox 3221 3979 3318 4036; x_wconf 80' lang='lat' dir='ltr'><strong>Vel</strong></span> <span class='ocrx_word' id='word_1_757' title='bbox 3357 3981 3413 4036; x_wconf 93' lang='lat' dir='ltr'><strong>in</strong></span> 
     </span>
    </p>
   </div>
   <div class='ocr_carea' id='block_1_100' title="bbox 1819 4072 3414 4146">
    <p class='ocr_par' dir='ltr' id='par_1_100' title="bbox 1819 4072 3414 4146">
     <span class='ocr_line' id='line_1_100' title="bbox 1819 4072 3414 4146; baseline -0.004 -14"><span class='ocrx_word' id='word_1_758' title='bbox 1819 4091 1982 4133; x_wconf 91' lang='lat' dir='ltr'><strong>cruce</strong></span> <span class='ocrx_word' id='word_1_759' title='bbox 2011 4076 2215 4132; x_wconf 91' lang='lat' dir='ltr'><strong>Christi</strong></span> <span class='ocrx_word' id='word_1_760' title='bbox 2243 4075 2540 4146; x_wconf 90' lang='lat' dir='ltr'><strong>gloriabor,</strong></span> <span class='ocrx_word' id='word_1_761' title='bbox 2577 4074 2630 4128; x_wconf 93' lang='lat' dir='ltr'><strong>id</strong></span> <span class='ocrx_word' id='word_1_762' title='bbox 2659 4083 2778 4139; x_wconf 90' lang='lat' dir='ltr'><strong>est,</strong></span> <span class='ocrx_word' id='word_1_763' title='bbox 2817 4088 2886 4128; x_wconf 79' lang='lat' dir='ltr'><strong>ex</strong></span> <span class='ocrx_word' id='word_1_764' title='bbox 2924 4073 3028 4127; x_wconf 94' lang='lat' dir='ltr'><strong>hoc</strong></span> <span class='ocrx_word' id='word_1_765' title='bbox 3055 4072 3328 4144; x_wconf 88' lang='lat' dir='ltr'><strong>gloriabor</strong></span> <span class='ocrx_word' id='word_1_766' title='bbox 3362 4073 3414 4128; x_wconf 87' lang='lat' dir='ltr'><strong>si</strong></span> 
     </span>
    </p>
   </div>
   <div class='ocr_carea' id='block_1_101' title="bbox 1815 4161 3416 4239">
    <p class='ocr_par' dir='ltr' id='par_1_101' title="bbox 1815 4161 3416 4239">
     <span class='ocr_line' id='line_1_101' title="bbox 1815 4161 3416 4239; baseline -0.002 -18"><span class='ocrx_word' id='word_1_767' title='bbox 1815 4177 2044 4239; x_wconf 91' lang='lat' dir='ltr'><strong>potuero</strong></span> <span class='ocrx_word' id='word_1_768' title='bbox 2093 4166 2296 4220; x_wconf 89' lang='lat' dir='ltr'><strong>imitari</strong></span> <span class='ocrx_word' id='word_1_769' title='bbox 2345 4165 2652 4235; x_wconf 90' lang='lat' dir='ltr'><strong>passionem</strong></span> <span class='ocrx_word' id='word_1_770' title='bbox 2691 4163 2938 4229; x_wconf 89' lang='lat' dir='ltr'><strong>Christi,</strong></span> <span class='ocrx_word' id='word_1_771' title='bbox 2991 4170 3053 4217; x_wconf 90' lang='lat' dir='ltr'><strong>ut</strong></span> <span class='ocrx_word' id='word_1_772' title='bbox 3085 4161 3264 4232; x_wconf 88' lang='lat' dir='ltr'><strong>qualia</strong></span> <span class='ocrx_word' id='word_1_773' title='bbox 3300 4163 3416 4232; x_wconf 87' lang='lat' dir='ltr'><strong>ipse</strong></span> 
     </span>
    </p>
   </div>
   <div class='ocr_carea' id='block_1_102' title="bbox 1821 4251 3412 4328">
    <p class='ocr_par' dir='ltr' id='par_1_102' title="bbox 1821 4251 3412 4328">
     <span class='ocr_line' id='line_1_102' title="bbox 1821 4251 3412 4328; baseline -0.005 -14"><span class='ocrx_word' id='word_1_774' title='bbox 1821 4258 2076 4314; x_wconf 89' lang='lat' dir='ltr'><strong>sustinuit</strong></span> <span class='ocrx_word' id='word_1_775' title='bbox 2110 4272 2211 4328; x_wconf 91' lang='lat' dir='ltr'><strong>pro</strong></span> <span class='ocrx_word' id='word_1_776' title='bbox 2240 4272 2349 4321; x_wconf 92' lang='lat' dir='ltr'><strong>me,</strong></span> <span class='ocrx_word' id='word_1_777' title='bbox 2385 4256 2511 4310; x_wconf 89' lang='lat' dir='ltr'><strong>talia</strong></span> <span class='ocrx_word' id='word_1_778' title='bbox 2539 4255 2838 4310; x_wconf 90' lang='lat' dir='ltr'><strong>sustineam</strong></span> <span class='ocrx_word' id='word_1_779' title='bbox 2883 4270 2984 4325; x_wconf 85' lang='lat' dir='ltr'><strong>pro</strong></span> <span class='ocrx_word' id='word_1_780' title='bbox 3025 4253 3242 4308; x_wconf 91' lang='lat' dir='ltr'><strong>nomine</strong></span> <span class='ocrx_word' id='word_1_781' title='bbox 3274 4251 3412 4321; x_wconf 88' lang='lat' dir='ltr'><strong>ejus.</strong></span> 
     </span>
    </p>
   </div>
   <div class='ocr_carea' id='block_1_103' title="bbox 1819 4339 3416 4417">
    <p class='ocr_par' dir='ltr' id='par_1_103' title="bbox 1819 4339 3416 4417">
     <span class='ocr_line' id='line_1_103' title="bbox 1819 4339 3416 4417; baseline -0.004 -14"><span class='ocrx_word' id='word_1_782' title='bbox 1819 4347 1925 4404; x_wconf 91' lang='lat' dir='ltr'><strong>Per</strong></span> <span class='ocrx_word' id='word_1_783' title='bbox 1951 4363 2134 4417; x_wconf 91' lang='lat' dir='ltr'><strong>quem,</strong></span> <span class='ocrx_word' id='word_1_784' title='bbox 2161 4346 2420 4402; x_wconf 87' lang='lat' dir='ltr'><strong>subaudis</strong></span> <span class='ocrx_word' id='word_1_785' title='bbox 2447 4361 2664 4400; x_wconf 92' lang='lat' dir='ltr'><strong>crucem</strong></span> <span class='ocrx_word' id='word_1_786' title='bbox 2690 4343 2775 4400; x_wconf 90' lang='lat' dir='ltr'><strong>vel</strong></span> <span class='ocrx_word' id='word_1_787' title='bbox 2797 4343 3095 4400; x_wconf 86' lang='lat' dir='ltr'><strong>Christum.</strong></span> <span class='ocrx_word' id='word_1_788' title='bbox 3126 4339 3267 4398; x_wconf 79' lang='lat' dir='ltr'><strong>Dicit</strong></span> <span class='ocrx_word' id='word_1_789' title='bbox 3291 4344 3416 4396; x_wconf 86' lang='lat' dir='ltr'><strong>bea-</strong></span> 
     </span>
    </p>
   </div>
   <div class='ocr_carea' id='block_1_104' title="bbox 1823 4430 3416 4509">
    <p class='ocr_par' dir='ltr' id='par_1_104' title="bbox 1823 4430 3416 4509">
     <span class='ocr_line' id='line_1_104' title="bbox 1823 4430 3416 4509; baseline -0.004 -15"><span class='ocrx_word' id='word_1_790' title='bbox 1823 4448 1908 4494; x_wconf 91' lang='lat' dir='ltr'><strong>tus</strong></span> <span class='ocrx_word' id='word_1_791' title='bbox 1923 4439 2286 4509; x_wconf 83' lang='lat' dir='ltr'><strong>Hieronymus</strong></span> <span class='ocrx_word' id='word_1_792' title='bbox 2307 4437 2435 4506; x_wconf 91' lang='lat' dir='ltr'><strong>quia</strong></span> <span class='ocrx_word' id='word_1_793' title='bbox 2457 4451 2592 4490; x_wconf 77' lang='lat' dir='ltr'><strong>crux</strong></span> <span class='ocrx_word' id='word_1_794' title='bbox 2616 4434 2903 4490; x_wconf 89' lang='lat' dir='ltr'><strong>masculini</strong></span> <span class='ocrx_word' id='word_1_795' title='bbox 2929 4433 3145 4506; x_wconf 88' lang='lat' dir='ltr'><strong>generis</strong></span> <span class='ocrx_word' id='word_1_796' title='bbox 3167 4440 3251 4488; x_wconf 89' lang='lat' dir='ltr'><strong>est</strong></span> <span class='ocrx_word' id='word_1_797' title='bbox 3273 4430 3416 4502; x_wconf 89' lang='lat' dir='ltr'><strong>apud</strong></span> 
     </span>
    </p>
   </div>
   <div class='ocr_carea' id='block_1_105' title="bbox 1820 4525 3414 4604">
    <p class='ocr_par' dir='ltr' id='par_1_105' title="bbox 1820 4525 3414 4604">
     <span class='ocr_line' id='line_1_105' title="bbox 1820 4525 3414 4604; baseline -0.006 -18"><span class='ocrx_word' id='word_1_798' title='bbox 1820 4530 2057 4594; x_wconf 59' lang='lat' dir='ltr'><strong>Gnaeos,</strong></span> <span class='ocrx_word' id='word_1_799' title='bbox 2081 4538 2137 4584; x_wconf 93' lang='lat' dir='ltr'><strong>et</strong></span> <span class='ocrx_word' id='word_1_800' title='bbox 2167 4529 2435 4604; x_wconf 90' lang='lat' dir='ltr'><strong>interpres</strong></span> <span class='ocrx_word' id='word_1_801' title='bbox 2464 4525 2625 4595; x_wconf 89' lang='lat' dir='ltr'><strong>hujus</strong></span> <span class='ocrx_word' id='word_1_802' title='bbox 2653 4526 2905 4596; x_wconf 77' lang='lat' dir='ltr'><strong>Epistolas</strong></span> <span class='ocrx_word' id='word_1_803' title='bbox 2932 4525 3182 4581; x_wconf 89' lang='lat' dir='ltr'><strong>eumdem</strong></span> <span class='ocrx_word' id='word_1_804' title='bbox 3210 4525 3414 4578; x_wconf 89' lang='lat' dir='ltr'><strong>articu-</strong></span> 
     </span>
    </p>
   </div>
   <div class='ocr_carea' id='block_1_106' title="bbox 1745 4619 3415 4706">
    <p class='ocr_par' dir='ltr' id='par_1_106' title="bbox 1745 4619 3415 4706">
     <span class='ocr_line' id='line_1_106' title="bbox 1745 4619 3415 4706; baseline -0.004 -28"><span class='ocrx_word' id='word_1_805' title='bbox 1745 4646 1796 4706; x_wconf 78' lang='lat' dir='ltr'><strong>D</strong></span> <span class='ocrx_word' id='word_1_806' title='bbox 1821 4622 1931 4678; x_wconf 92' lang='lat' dir='ltr'><strong>lum</strong></span> <span class='ocrx_word' id='word_1_807' title='bbox 1963 4631 2018 4678; x_wconf 88' lang='lat' dir='ltr'><strong>et</strong></span> <span class='ocrx_word' id='word_1_808' title='bbox 2047 4621 2288 4692; x_wconf 90' lang='lat' dir='ltr'><strong>ejusdem</strong></span> <span class='ocrx_word' id='word_1_809' title='bbox 2319 4621 2533 4692; x_wconf 84' lang='lat' dir='ltr'><strong>generis</strong></span> <span class='ocrx_word' id='word_1_810' title='bbox 2567 4619 2844 4676; x_wconf 89' lang='lat' dir='ltr'><strong>transtulit</strong></span> <span class='ocrx_word' id='word_1_811' title='bbox 2884 4619 2936 4672; x_wconf 93' lang='lat' dir='ltr'><strong>in</strong></span> <span class='ocrx_word' id='word_1_812' title='bbox 2969 4619 3216 4672; x_wconf 86' lang='lat' dir='ltr'><strong>Latinum</strong></span> <span class='ocrx_word' id='word_1_813' title='bbox 3253 4632 3415 4686; x_wconf 87' lang='lat' dir='ltr'><strong>quem</strong></span> 
     </span>
    </p>
   </div>
   <div class='ocr_carea' id='block_1_107' title="bbox 1821 4708 3416 4774">
    <p class='ocr_par' dir='ltr' id='par_1_107' title="bbox 1821 4708 3416 4774">
     <span class='ocr_line' id='line_1_107' title="bbox 1821 4708 3416 4774; baseline -0.005 -4"><span class='ocrx_word' id='word_1_814' title='bbox 1821 4714 2032 4770; x_wconf 90' lang='lat' dir='ltr'><strong>invenit</strong></span> <span class='ocrx_word' id='word_1_815' title='bbox 2062 4714 2115 4768; x_wconf 93' lang='lat' dir='ltr'><strong>in</strong></span> <span class='ocrx_word' id='word_1_816' title='bbox 2143 4711 2354 4768; x_wconf 64' lang='lat' dir='ltr'><strong>Grmco.</strong></span> <span class='ocrx_word' id='word_1_817' title='bbox 2389 4710 2574 4766; x_wconf 91' lang='lat' dir='ltr'><strong>Potest</strong></span> <span class='ocrx_word' id='word_1_818' title='bbox 2603 4719 2658 4766; x_wconf 90' lang='lat' dir='ltr'><strong>et</strong></span> <span class='ocrx_word' id='word_1_819' title='bbox 2687 4709 2883 4766; x_wconf 90' lang='lat' dir='ltr'><strong>referri</strong></span> <span class='ocrx_word' id='word_1_820' title='bbox 2915 4709 2983 4764; x_wconf 89' lang='lat' dir='ltr'><strong>ad</strong></span> <span class='ocrx_word' id='word_1_821' title='bbox 3007 4708 3306 4774; x_wconf 86' lang='lat' dir='ltr'><strong>Christum,</strong></span> <span class='ocrx_word' id='word_1_822' title='bbox 3331 4708 3416 4764; x_wconf 90' lang='lat' dir='ltr'><strong>vel</strong></span> 
     </span>
    </p>
   </div>
   <div class='ocr_carea' id='block_1_108' title="bbox 1805 4800 3415 4879">
    <p class='ocr_par' dir='ltr' id='par_1_108' title="bbox 1805 4800 3415 4879">
     <span class='ocr_line' id='line_1_108' title="bbox 1805 4800 3415 4879; baseline -0.005 -17"><span class='ocrx_word' id='word_1_823' title='bbox 1805 4823 1921 4879; x_wconf 90' lang='lat' dir='ltr'><strong>.pro</strong></span> <span class='ocrx_word' id='word_1_824' title='bbox 1951 4821 2136 4862; x_wconf 90' lang='lat' dir='ltr'><strong>amore</strong></span> <span class='ocrx_word' id='word_1_825' title='bbox 2163 4803 2434 4875; x_wconf 87' lang='lat' dir='ltr'><strong>passionis</strong></span> <span class='ocrx_word' id='word_1_826' title='bbox 2459 4803 2594 4875; x_wconf 89' lang='lat' dir='ltr'><strong>ejus.</strong></span> <span class='ocrx_word' id='word_1_827' title='bbox 2651 4800 2896 4856; x_wconf 80' lang='lat' dir='ltr'><strong>Mortuus</strong></span> <span class='ocrx_word' id='word_1_828' title='bbox 2926 4810 3000 4855; x_wconf 89' lang='lat' dir='ltr'><strong>est</strong></span> <span class='ocrx_word' id='word_1_829' title='bbox 3031 4800 3159 4853; x_wconf 82' lang='lat' dir='ltr'><strong>mihi</strong></span> <span class='ocrx_word' id='word_1_830' title='bbox 3189 4801 3415 4854; x_wconf 88' lang='lat' dir='ltr'><strong>mundus</strong></span> 
     </span>
    </p>
   </div>
   <div class='ocr_carea' id='block_1_109' title="bbox 1818 4891 3416 4968">
    <p class='ocr_par' dir='ltr' id='par_1_109' title="bbox 1818 4891 3416 4968">
     <span class='ocr_line' id='line_1_109' title="bbox 1818 4891 3416 4968; baseline -0.006 -15"><span class='ocrx_word' id='word_1_831' title='bbox 1818 4908 1868 4954; x_wconf 82' lang='lat' dir='ltr'><strong>et</strong></span> <span class='ocrx_word' id='word_1_832' title='bbox 1905 4914 1998 4968; x_wconf 86' lang='lat' dir='ltr'><strong>ego</strong></span> <span class='ocrx_word' id='word_1_833' title='bbox 2037 4896 2257 4960; x_wconf 90' lang='lat' dir='ltr'><strong>mundo,</strong></span> <span class='ocrx_word' id='word_1_834' title='bbox 2299 4896 2427 4965; x_wconf 87' lang='lat' dir='ltr'><strong>quia</strong></span> <span class='ocrx_word' id='word_1_835' title='bbox 2474 4909 2574 4949; x_wconf 92' lang='lat' dir='ltr'><strong>nec</strong></span> <span class='ocrx_word' id='word_1_836' title='bbox 2619 4908 2806 4964; x_wconf 87' lang='lat' dir='ltr'><strong>qu:ero</strong></span> <span class='ocrx_word' id='word_1_837' title='bbox 2856 4907 2958 4947; x_wconf 91' lang='lat' dir='ltr'><strong>nec</strong></span> <span class='ocrx_word' id='word_1_838' title='bbox 3005 4891 3169 4961; x_wconf 91' lang='lat' dir='ltr'><strong>diligo</strong></span> <span class='ocrx_word' id='word_1_839' title='bbox 3200 4903 3264 4944; x_wconf 89' lang='lat' dir='ltr'><strong>ea</strong></span> <span class='ocrx_word' id='word_1_840' title='bbox 3295 4905 3416 4960; x_wconf 78' lang='lat' dir='ltr'><strong>qua:</strong></span> 
     </span>
    </p>
   </div>
   <div class='ocr_carea' id='block_1_110' title="bbox 1821 4981 3418 5051">
    <p class='ocr_par' dir='ltr' id='par_1_110' title="bbox 1821 4981 3418 5051">
     <span class='ocr_line' id='line_1_110' title="bbox 1821 4981 3418 5051; baseline -0.004 -8"><span class='ocrx_word' id='word_1_841' title='bbox 1821 4997 1949 5043; x_wconf 90' lang='lat' dir='ltr'><strong>sunt</strong></span> <span class='ocrx_word' id='word_1_842' title='bbox 1994 4986 2049 5041; x_wconf 92' lang='lat' dir='ltr'><strong>in</strong></span> <span class='ocrx_word' id='word_1_843' title='bbox 2093 4987 2314 5050; x_wconf 89' lang='lat' dir='ltr'><strong>mundo,</strong></span> <span class='ocrx_word' id='word_1_844' title='bbox 2351 5001 2450 5040; x_wconf 90' lang='lat' dir='ltr'><strong>nec</strong></span> <span class='ocrx_word' id='word_1_845' title='bbox 2483 4984 2742 5051; x_wconf 90' lang='lat' dir='ltr'><strong>mundus,</strong></span> <span class='ocrx_word' id='word_1_846' title='bbox 2791 4983 2845 5039; x_wconf 91' lang='lat' dir='ltr'><strong>id</strong></span> <span class='ocrx_word' id='word_1_847' title='bbox 2887 4994 2972 5040; x_wconf 90' lang='lat' dir='ltr'><strong>est</strong></span> <span class='ocrx_word' id='word_1_848' title='bbox 3014 4992 3228 5038; x_wconf 90' lang='lat' dir='ltr'><strong>amator</strong></span> <span class='ocrx_word' id='word_1_849' title='bbox 3257 4981 3418 5050; x_wconf 88' lang='lat' dir='ltr'><strong>hujus</strong></span> 
     </span>
    </p>
   </div>
   <div class='ocr_carea' id='block_1_111' title="bbox 1820 5074 3419 5150">
    <p class='ocr_par' dir='ltr' id='par_1_111' title="bbox 1820 5074 3419 5150">
     <span class='ocr_line' id='line_1_111' title="bbox 1820 5074 3419 5150; baseline -0.005 -13"><span class='ocrx_word' id='word_1_850' title='bbox 1820 5081 2010 5138; x_wconf 85' lang='lat' dir='ltr'><strong>mundi</strong></span> <span class='ocrx_word' id='word_1_851' title='bbox 2049 5080 2242 5150; x_wconf 65' lang='lat' dir='ltr'><strong>quaerit</strong></span> <span class='ocrx_word' id='word_1_852' title='bbox 2285 5078 2370 5134; x_wconf 84' lang='lat' dir='ltr'><strong>vel</strong></span> <span class='ocrx_word' id='word_1_853' title='bbox 2412 5077 2587 5148; x_wconf 92' lang='lat' dir='ltr'><strong>diligit</strong></span> <span class='ocrx_word' id='word_1_854' title='bbox 2631 5092 2737 5131; x_wconf 91' lang='lat' dir='ltr'><strong>me.</strong></span> <span class='ocrx_word' id='word_1_855' title='bbox 2798 5074 2960 5132; x_wconf 85' lang='lat' dir='ltr'><strong>Verbi</strong></span> <span class='ocrx_word' id='word_1_856' title='bbox 2996 5075 3168 5148; x_wconf 89' lang='lat' dir='ltr'><strong>gratia</strong></span> <span class='ocrx_word' id='word_1_857' title='bbox 3217 5093 3230 5130; x_wconf 92' lang='lat'><strong>:</strong></span> <span class='ocrx_word' id='word_1_858' title='bbox 3277 5075 3419 5131; x_wconf 90' lang='lat' dir='ltr'><strong>sicut</strong></span> 
     </span>
    </p>
   </div>
   <div class='ocr_carea' id='block_1_112' title="bbox 1819 5164 3420 5239">
    <p class='ocr_par' dir='ltr' id='par_1_112' title="bbox 1819 5164 3420 5239">
     <span class='ocr_line' id='line_1_112' title="bbox 1819 5164 3420 5239; baseline -0.006 -11"><span class='ocrx_word' id='word_1_859' title='bbox 1819 5179 1949 5228; x_wconf 84' lang='lat' dir='ltr'><strong>sunt</strong></span> <span class='ocrx_word' id='word_1_860' title='bbox 1974 5171 2081 5226; x_wconf 93' lang='lat' dir='ltr'><strong>duo</strong></span> <span class='ocrx_word' id='word_1_861' title='bbox 2112 5169 2342 5235; x_wconf 90' lang='lat' dir='ltr'><strong>mortui,</strong></span> <span class='ocrx_word' id='word_1_862' title='bbox 2383 5183 2452 5223; x_wconf 80' lang='lat' dir='ltr'><strong>ex</strong></span> <span class='ocrx_word' id='word_1_863' title='bbox 2486 5166 2685 5239; x_wconf 91' lang='lat' dir='ltr'><strong>quibus</strong></span> <span class='ocrx_word' id='word_1_864' title='bbox 2712 5166 2894 5222; x_wconf 90' lang='lat' dir='ltr'><strong>nullus</strong></span> <span class='ocrx_word' id='word_1_865' title='bbox 2933 5165 3103 5237; x_wconf 89' lang='lat' dir='ltr'><strong>tangit</strong></span> <span class='ocrx_word' id='word_1_866' title='bbox 3132 5164 3217 5220; x_wconf 91' lang='lat' dir='ltr'><strong>vel</strong></span> <span class='ocrx_word' id='word_1_867' title='bbox 3245 5165 3420 5234; x_wconf 82' lang='lat' dir='ltr'><strong>diligit</strong></span> 
     </span>
    </p>
   </div>
   <div class='ocr_carea' id='block_1_113' title="bbox 1821 5262 2075 5317">
    <p class='ocr_par' dir='ltr' id='par_1_113' title="bbox 1821 5262 2075 5317">
     <span class='ocr_line' id='line_1_113' title="bbox 1821 5262 2075 5317; baseline -0.008 0"><span class='ocrx_word' id='word_1_868' title='bbox 1821 5262 2075 5317; x_wconf 88' lang='lat' dir='ltr'><strong>alterum.</strong></span> 
     </span>
    </p>
   </div>
   <div class='ocr_carea' id='block_1_114' title="bbox 1895 5369 3416 5446">
    <p class='ocr_par' dir='ltr' id='par_1_114' title="bbox 1895 5369 3416 5446">
     <span class='ocr_line' id='line_1_114' title="bbox 1895 5369 3416 5446; baseline -0.004 -16"><span class='ocrx_word' id='word_1_869' title='bbox 1895 5375 1964 5431; x_wconf 78' lang='lat' dir='ltr'><strong>In</strong></span> <span class='ocrx_word' id='word_1_870' title='bbox 2004 5375 2211 5430; x_wconf 80' lang='lat' dir='ltr'><strong>Christo</strong></span> <span class='ocrx_word' id='word_1_871' title='bbox 2247 5373 2380 5430; x_wconf 75' lang='lat' dir='ltr'><strong>Iesu</strong></span> <span class='ocrx_word' id='word_1_872' title='bbox 2422 5391 2585 5446; x_wconf 86' lang='lat' dir='ltr'><strong>neque</strong></span> <span class='ocrx_word' id='word_1_873' title='bbox 2632 5373 2963 5429; x_wconf 88' lang='lat' dir='ltr'><strong>circumcisio</strong></span> <span class='ocrx_word' id='word_1_874' title='bbox 3009 5371 3213 5442; x_wconf 84' lang='lat' dir='ltr'><strong>aliquid</strong></span> <span class='ocrx_word' id='word_1_875' title='bbox 3259 5369 3416 5437; x_wconf 84' lang='lat' dir='ltr'><strong>valet,</strong></span> 
     </span>
    </p>
   </div>
   <div class='ocr_carea' id='block_1_115' title="bbox 1824 5463 3419 5529">
    <p class='ocr_par' dir='ltr' id='par_1_115' title="bbox 1824 5463 3419 5529">
     <span class='ocr_line' id='line_1_115' title="bbox 1824 5463 3419 5529; baseline -0.004 -4"><span class='ocrx_word' id='word_1_876' title='bbox 1824 5469 1879 5526; x_wconf 91' lang='lat' dir='ltr'><strong>id</strong></span> <span class='ocrx_word' id='word_1_877' title='bbox 1908 5477 1992 5525; x_wconf 81' lang='lat' dir='ltr'><strong>est</strong></span> <span class='ocrx_word' id='word_1_878' title='bbox 2021 5479 2201 5523; x_wconf 92' lang='lat' dir='ltr'><strong>utrum</strong></span> <span class='ocrx_word' id='word_1_879' title='bbox 2238 5467 2313 5523; x_wconf 84' lang='lat' dir='ltr'><strong>sit</strong></span> <span class='ocrx_word' id='word_1_880' title='bbox 2335 5467 2697 5522; x_wconf 84' lang='lat' dir='ltr'><strong>circumcisus</strong></span> <span class='ocrx_word' id='word_1_881' title='bbox 2727 5481 2797 5520; x_wconf 90' lang='lat' dir='ltr'><strong>an</strong></span> <span class='ocrx_word' id='word_1_882' title='bbox 2839 5463 3282 5529; x_wconf 87' lang='lat' dir='ltr'><strong>incircumcisus,</strong></span> <span class='ocrx_word' id='word_1_883' title='bbox 3319 5478 3419 5518; x_wconf 90' lang='lat' dir='ltr'><strong>nec</strong></span> 
     </span>
    </p>
   </div>
   <div class='ocr_carea' id='block_1_116' title="bbox 1827 5558 3417 5635">
    <p class='ocr_par' dir='ltr' id='par_1_116' title="bbox 1827 5558 3417 5635">
     <span class='ocr_line' id='line_1_116' title="bbox 1827 5558 3417 5635; baseline -0.007 -16"><span class='ocrx_word' id='word_1_884' title='bbox 1827 5564 2078 5635; x_wconf 90' lang='lat' dir='ltr'><strong>prodest,</strong></span> <span class='ocrx_word' id='word_1_885' title='bbox 2121 5577 2222 5616; x_wconf 90' lang='lat' dir='ltr'><strong>nec</strong></span> <span class='ocrx_word' id='word_1_886' title='bbox 2260 5562 2416 5616; x_wconf 88' lang='lat' dir='ltr'><strong>obest</strong></span> <span class='ocrx_word' id='word_1_887' title='bbox 2460 5560 2514 5614; x_wconf 93' lang='lat' dir='ltr'><strong>in</strong></span> <span class='ocrx_word' id='word_1_888' title='bbox 2562 5559 2669 5614; x_wconf 79' lang='lat' dir='ltr'><strong>lltle</strong></span> <span class='ocrx_word' id='word_1_889' title='bbox 2706 5558 2938 5623; x_wconf 88' lang='lat' dir='ltr'><strong>Christi,</strong></span> <span class='ocrx_word' id='word_1_890' title='bbox 2985 5564 3193 5610; x_wconf 91' lang='lat' dir='ltr'><strong>tantum</strong></span> <span class='ocrx_word' id='word_1_891' title='bbox 3227 5564 3283 5609; x_wconf 91' lang='lat' dir='ltr'><strong>ut</strong></span> <span class='ocrx_word' id='word_1_892' title='bbox 3319 5569 3417 5625; x_wconf 88' lang='lat' dir='ltr'><strong>per</strong></span> 
     </span>
    </p>
   </div>
   <div class='ocr_carea' id='block_1_117' title="bbox 1828 5644 3416 5718">
    <p class='ocr_par' dir='ltr' id='par_1_117' title="bbox 1828 5644 3416 5718">
     <span class='ocr_line' id='line_1_117' title="bbox 1828 5644 3416 5718; baseline -0.008 -8"><span class='ocrx_word' id='word_1_893' title='bbox 1828 5656 1972 5710; x_wconf 88' lang='lat' dir='ltr'><strong>illam</strong></span> <span class='ocrx_word' id='word_1_894' title='bbox 2014 5653 2484 5710; x_wconf 86' lang='lat' dir='ltr'><strong>circumcisionem</strong></span> <span class='ocrx_word' id='word_1_895' title='bbox 2531 5666 2636 5705; x_wconf 91' lang='lat' dir='ltr'><strong>non</strong></span> <span class='ocrx_word' id='word_1_896' title='bbox 2677 5649 2963 5706; x_wconf 86' lang='lat' dir='ltr'><strong>credat&#39;se</strong></span> <span class='ocrx_word' id='word_1_897' title='bbox 3001 5661 3161 5718; x_wconf 90' lang='lat' dir='ltr'><strong>posse</strong></span> <span class='ocrx_word' id='word_1_898' title='bbox 3196 5644 3416 5701; x_wconf 84' lang='lat' dir='ltr'><strong>salvari.</strong></span> 
     </span>
    </p>
   </div>
   <div class='ocr_carea' id='block_1_118' title="bbox 1831 5735 2756 5812">
    <p class='ocr_par' dir='ltr' id='par_1_118' title="bbox 1831 5735 2756 5812">
     <span class='ocr_line' id='line_1_118' title="bbox 1831 5735 2756 5812; baseline -0.006 -8"><span class='ocrx_word' id='word_1_899' title='bbox 1831 5750 1886 5804; x_wconf 91' lang='lat' dir='ltr'><strong>Si</strong></span> <span class='ocrx_word' id='word_1_900' title='bbox 1914 5735 2041 5804; x_wconf 75' lang='lat' dir='ltr'><strong>vero</strong></span> <span class='ocrx_word' id='word_1_901' title='bbox 2070 5750 2172 5805; x_wconf 92' lang='lat' dir='ltr'><strong>hoc</strong></span> <span class='ocrx_word' id='word_1_902' title='bbox 2201 5748 2396 5812; x_wconf 90' lang='lat' dir='ltr'><strong>credit,</strong></span> <span class='ocrx_word' id='word_1_903' title='bbox 2431 5756 2559 5801; x_wconf 88' lang='lat' dir='ltr'><strong>tunc</strong></span> <span class='ocrx_word' id='word_1_904' title='bbox 2581 5744 2756 5800; x_wconf 88' lang='lat' dir='ltr'><strong>obest.</strong></span> 
     </span>
    </p>
   </div>
   <div class='ocr_carea' id='block_1_119' title="bbox 1902 5861 3425 5948">
    <p class='ocr_par' dir='ltr' id='par_1_119' title="bbox 1902 5861 3425 5948">
     <span class='ocr_line' id='line_1_119' title="bbox 1902 5861 3425 5948; baseline -0.005 -20"><span class='ocrx_word' id='word_1_905' title='bbox 1902 5869 2072 5948; x_wconf 84' lang='lat' dir='ltr'><strong>Super</strong></span> <span class='ocrx_word' id='word_1_906' title='bbox 2099 5867 2270 5928; x_wconf 85' lang='lat' dir='ltr'><strong>Israel</strong></span> <span class='ocrx_word' id='word_1_907' title='bbox 2304 5867 2421 5942; x_wconf 84' lang='lat' dir='ltr'><strong>Dei,</strong></span> <span class='ocrx_word' id='word_1_908' title='bbox 2455 5881 2566 5925; x_wconf 90' lang='lat' dir='ltr'><strong>non</strong></span> <span class='ocrx_word' id='word_1_909' title='bbox 2605 5878 2770 5940; x_wconf 84' lang='lat' dir='ltr'><strong>super</strong></span> <span class='ocrx_word' id='word_1_910' title='bbox 2805 5863 2970 5926; x_wconf 82' lang='lat' dir='ltr'><strong>Israel</strong></span> <span class='ocrx_word' id='word_1_911' title='bbox 2999 5861 3295 5936; x_wconf 84' lang='lat' dir='ltr'><strong>carnalem,</strong></span> <span class='ocrx_word' id='word_1_912' title='bbox 3327 5863 3425 5944; x_wconf 58' lang='lat' dir='ltr'><strong>sed</strong></span> 
     </span>
    </p>
   </div>
  </div>
