3996 6458
516 368 630 447 699

988 371 1345 433 HAYMONJS
1383 372 1865 435 HALBERSTAT.
1909 373 2128 433 EPISC.
2169 374 2318 431 OPP.
2357 375 2539 435 PARS
2574 375 2616 431 Ι.
2646 405 2718 419 --
2752 376 3109 441 COMMENT.
3144 378 3320 441 BIBL.

3710 384 3825 451 700

519 500 680 557 super
727 502 916 544 omnes
969 495 1156 565 gentes
1205 501 1365 543 veros
1405 484 1680 547 Israelitas
1702 526 1716 553 ,
1782 483 1873 555 qui
1927 483 2094 539 Deum
2123 487 2176 555 Δ
2200 485 2340 541 servi
2369 485 2578 554 fugitivi
2612 486 2801 542 vinciri
2831 488 3209 557 comprehensi
3241 505 3269 543 a
3312 469 3554 546 dominis
3576 491 3724 549 suis.
3753 494 3825 549 Et

520 588 701 636 mente
721 580 919 635 vident.

514 734 521 743 ,
588 669 757 727 Nemo
782 673 913 727 mihi
937 670 1182 726 molestus
1216 671 1301 737 sit,
1330 671 1384 727 id
1405 679 1487 727 est
1508 685 1669 725 nemo
1691 669 1821 724 mihi
1844 668 2101 740 quaestio-

515 777 611 817 nes
632 772 843 819 moveat
872 762 940 820 de
968 763 1381 821 circumcisione
1409 770 1466 819 et
1503 763 1786 820 sacriﬁciis
1813 761 2098 835 legalibus,

513 855 639 924 quia
664 856 889 912 multum
915 858 1140 913 tractavi
1164 859 1334 913 dehis
1357 858 1608 913 omnibus
1635 873 1776 927 szepe
1798 856 2097 912 vobiscum.

513 944 625 1018 Ego
659 949 797 1002 enim
836 950 1083 1022 stigmata
1109 949 1237 1007 Iesu
1269 951 1322 1005 in
1356 967 1571 1021 corpore
1605 966 1718 1004 meo
1746 957 1916 1020 porto.
1960 947 2103 1019 Stig-

513 1044 661 1092 mata
693 1048 820 1097 sunt
854 1049 996 1096 nota:
1029 1042 1310 1119 servilium
1353 1056 1661 1113 poenarum,
1703 1041 1900 1112 quibus
1928 1037 2105 1095 solent

2206 578 2400 655 beatus
2447 580 2737 649 Apostolus
2781 579 3033 649 stigmata
3075 581 3190 636 sive
3220 590 3375 637 notas
3418 579 3655 649 ferebat,
3693 598 3831 654 qua;

2208 684 2307 740 pro
2334 669 2547 725 Christo
2572 671 2925 737 sustinuerat,
2957 671 3082 743 quia
3115 673 3291 727 adhuc
3318 672 3491 744 plagze
3522 676 3814 745 virgarum

2209 770 2263 816 et
2288 761 2675 819 lacerationem
2708 764 2759 818 in
2785 779 3015 834 corpore
3044 762 3161 833 ejus
3190 766 3544 837 apparebant,
3583 775 3641 822 et
3673 783 3805 837 qua

2211 852 2370 909 modo
2420 854 2624 910 catenis
2668 854 2845 912 fuerat
2887 856 3145 917 astrictus
3191 865 3248 914 et
3285 872 3389 928 per
3432 857 3653 930 plateas
3704 865 3815 912 tra-

2211 958 2354 1014 ctus,
2379 954 2487 1003 etc.

1388 1263 1498 1341 IN
1560 1254 2142 1338 EPISTOLAM
2220 1252 2350 1330 AD
2429 1208 2952 1330 EPHESIOS.

1046 1458 1556 1517 ARGUMENTUM.

584 1572 830 1644 Ephesus
854 1574 1045 1630 civitas
1073 1575 1325 1632 estAsia:
1348 1585 1405 1632 et
1430 1576 1672 1644 Graeciaa,
1701 1577 1855 1649 cujus
1877 1578 2095 1634 habita-

512 1674 660 1743 tores
711 1664 929 1736 Ephesii
972 1669 1325 1725 nominantur
1366 1685 1397 1724 a
1442 1672 1663 1727 nomine
1705 1688 1817 1730 suae
1859 1674 2098 1729 civitatis

508 1764 673 1824 quam
726 1758 985 1817 incolunt.
1021 1759 1084 1814 lli
1115 1770 1340 1832 accepto
1374 1765 1543 1819 verbo
1569 1765 1815 1821 veritatis
1855 1767 1925 1821 ab
1956 1765 2099 1836 Apo-

508 1847 651 1903 εωΙο
700 1851 1056 1919 perstiterunt
1103 1852 1157 1907 in
1209 1852 1344 1918 fide,
1402 1869 1505 1910 nec
1557 1865 1878 1925 receperunt
1933 1855 2097 1913 falsos

507 1940 783 2007 apostolos
826 1942 967 1996 sicut
1004 1950 1062 1996 et
1089 1941 1296 1999 Galatae
1316 1954 1372 1998 et
1413 1946 1527 2000 alii.
1566 1948 1646 2001 Ad
1680 1947 1778 2002 bos
1818 1962 1948 2018 ergo
1973 1963 2098 2003 cum

508 2032 750 2087 venisset
777 2033 1069 2104 Apostolus
1093 2035 1292 2091 mansit
1314 2053 1437 2092 cum
1459 2039 1539 2093 eis
1567 2055 1712 2094 anno
1736 2055 1847 2095 uno
1866 2048 1924 2095 et
1948 2057 2101 2097 men-

508 2125 664 2179 sitatis
689 2140 808 2190 sex,
842 2128 1113 2182 instanter
1136 2130 1438 2199 praedicans
1462 2130 1686 2186 verbum
1717 2133 2015 2204 Evangelii,
2043 2141 2100 2191 et

519 2214 833 2272 confortans
858 2219 912 2272 iu
948 2219 1053 2274 lide
1094 2222 1396 2277 credentes.
1437 2221 1598 2277 Erant
1640 2233 1824 2278 autem
1864 2224 2009 2280 misti
2041 2224 2098 2280 in

507 2311 703 2373 eadem
729 2312 948 2369 civitate
972 2315 1113 2384 magi
1141 2323 1199 2370 et
1225 2315 1548 2386 philosophi,
1577 2316 1741 2385 judrei
1766 2326 1825 2373 et
1846 2318 2096 2390 gentilias,

513 2412 701 2467 contra
731 2419 867 2473 quos
899 2405 1188 2475 Apostolus
1210 2408 1437 2463 viriliter
1458 2411 1715 2481 pugnavit
1739 2425 1841 2480 pro
1869 2413 2100 2473 veritate

510 2494 791 2565 ,Evangelii
823 2498 976 2565 quasi
1004 2498 1074 2554 ad
1104 2498 1339 2566 bestias,
1383 2501 1525 2556 sicut
1567 2502 1694 2557 alibi
1725 2502 1897 2581 dicit:
1930 2503 1991 2559 Si
2026 2503 2097 2559 ad

506 2587 700 2651 bestias
734 2591 959 2659 pugnaui
1000 2590 1220 2661 Ephesi,
1253 2594 1381 2664 quid
1422 2595 1552 2650 mihi
1578 2596 1788 2665 prodest
1820 2596 1868 2650 si
1904 2597 2097 2655 mortui

507 2697 619 2739 non
672 2694 947 2753 resurgunt
975 2684 1078 2756 ?(I
1110 2684 1234 2742 Cor.
1285 2687 1401 2757 xv.)
1450 2686 1601 2758 Ipsos
1647 2703 1777 2760 ergo
1809 2689 2098 2759 appellavit

506 2774 715 2835 bestias
758 2784 985 2846 propter
1038 2778 1301 2837 szevitiam
1338 2789 1397 2835 et
1440 2789 1662 2851 propter
1700 2781 1952 2838 hestiales
1981 2797 2124 2849 mm,

508 2879 619 2931 res.
666 2865 916 2937 Ephesus
968 2867 1355 2939 interpretatur
1398 2872 1640 2928 voluntas
1674 2875 1729 2928 in
1775 2891 1860 2940 ea,
1907 2882 1963 2929 et
2003 2873 2095 2935 ubi

513 2958 784 3025 quondam
813 2958 893 3015 ira
927 2960 1316 3030 omnipotentis
1344 2961 1438 3018 Dei
1474 2963 1652 3020 fuerat
1679 2974 1898 3035 propter
1926 2965 2096 3021 idolo-

502 3049 727 3109 latriatn
750 3059 915 3121 atque
944 3053 1229 3119 maleficia,
1269 3056 1341 3111 ibi
1366 3071 1463 3126 per
1490 3059 1929 3127 praedicationem
1951 3059 2096 3131 Apo-

498 3141 659 3209 atoli,
707 3141 956 3200 voluntas
986 3145 1080 3203 Dei
1120 3146 1505 3216 omnipotentis
1553 3149 1835 3218 requievit.
1884 3148 1990 3205 Sed
2039 3157 2098 3205 et

2210 1465 2358 1513 recte
2380 1455 2728 1526 semetipsum
2749 1454 2993 1510 nominat
3011 1456 3335 1527 apostolum,
3357 1458 3491 1528 quia
3517 1474 3553 1513 a
3579 1459 3812 1518 Domina

2128 1537 2176 1598 B
2202 1549 2403 1605 missus
2449 1555 2555 1612 est,
2603 1545 2816 1601 dicente
2844 1545 2967 1614 ipso
2996 1547 3064 1603 ad
3086 1562 3210 1603 eum
3241 1565 3254 1600 :
3291 1547 3437 1604 Ecce
3460 1564 3570 1620 ego
3599 1552 3814 1608 mittam

2205 1652 2260 1698 te
2276 1642 2431 1713 longe
2448 1640 2500 1695 in
2517 1640 2766 1711 regiones
2788 1647 2842 1693 et
2853 1648 3040 1711 gentes
3056 1640 3363 1713 (Aetna).
3381 1641 3500 1699 Hoc
3524 1644 3701 1698 etiam
3720 1660 3816 1699 no-

2202 1746 2328 1787 men
2356 1730 2710 1800 apostolatus,
2744 1729 3027 1799 dignitatis
3048 1746 3210 1786 causa
3245 1734 3455 1803 posuit,
3484 1743 3549 1788 ut
3591 1735 3815 1805 majoris

2207 1822 2429 1878 honoris
2455 1830 2642 1877 essent
2666 1819 2785 1889 ejus
2808 1820 3059 1892 Epistolas
3082 1822 3222 1894 apud
3249 1825 3554 1881 auditores.
3574 1826 3812 1897 Aposto-

2204 1913 2381 1967 lorum
2429 1923 2611 1973 aulem
2663 1928 2866 1985 genera
2926 1922 3054 1970 sunt
3101 1924 3335 1984 quatuor
3372 1934 3385 1970 :
3429 1916 3685 1972 Primum
3731 1927 3813 1985 est

2200 2004 2346 2074 quod
2381 2020 2556 2074 neque
2582 2005 2652 2060 ab
2683 2005 2990 2062 hominibus
3016 1998 3139 2072 est,“
3171 2021 3347 2078 neque
3373 2023 3476 2079 per
3504 2008 3806 2071 hominem.

2202 2098 2293 2157 sed
2318 2114 2351 2153 a
2377 2098 2497 2154 'Den
2525 2098 2899 2155 tantummodo
2928 2116 2942 2152 :
2977 2099 3043 2154 de
3066 2113 3296 2168 quorum
3329 2116 3566 2156 numero
3592 2098 3809 2157 fuerunt

2200 2189 2411 2263 Moyses
2441 2200 2495 2248 et
2536 2191 2727 2258 Isaias,
2775 2192 2980 2263 aliique
3005 2193 3391 2263 quamplurimi
3428 2196 3723 2266 prophetae
3756 2204 3810 2255 et

2200 2285 2429 2355 apostoli
2476 2303 2490 2339 :
2532 2286 2625 2356 qui
2670 2286 2920 2355 quamvis
2963 2286 3033 2340 ab
3083 2285 3302 2340 homine
3346 2286 3581 2342 Christo
3628 2295 3810 2343 essent

2199 2380 2388 2445 missi,
2417 2388 2597 2436 tamen
2646 2382 2760 2451 ipse
2800 2381 2965 2436 homo
2991 2390 3112 2436 erat
3135 2389 3192 2435 et
3220 2395 3381 2435 verus
3427 2380 3601 2435 Deus.
3643 2378 3806 2451 Μοῖά

2200 2470 2404 2525 dictum
2425 2480 2508 2525 est
2538 2469 2781 2543 :thtaut
2812 2481 2860 2525 te
2889 2470 2958 2525 ad
2992 2469 3325 2525 Pharaonem
3363 2468 3575 2542 (Exod.
3610 2472 3728 2535 tu);
3753 2478 3806 2525 et

2197 2560 2350 2621 Isaiae
2378 2561 2513 2634 (Isa.
2542 2567 2618 2634 vr)
2651 2578 2667 2618 :
2697 2562 2864 2630 Quem
2909 2563 3156 2618 mittant?
3202 2572 3253 2618 et
3297 2565 3417 2635 quis
3465 2564 3567 2618 ibit
3616 2562 3807 2618 nobis!

2197 2653 2265 2713 Et
2298 2654 2429 2710 ille:
2478 2654 2614 2710 Ecce
2659 2671 2775 2724 ego,
2821 2655 2967 2710 mitte
3014 2671 3113 2710 me.
3164 2653 3234 2710 Et
3280 2653 3554 2710 Dominus
3604 2672 3623 2709 :
3664 2652 3807 2708 Vade

2199 2746 2419 2817 (inquit)
2449 2746 2518 2801 ad
2543 2747 2795 2817 populum
2841 2746 3042 2818 (Exod.
3090 2747 3204 2817 nx)
3242 2747 3430 2803 istum.
3486 2747 3803 2803 Secundum

2198 2853 2369 2909 genus
2403 2853 2435 2891 a
2477 2836 2590 2893 Deo
2629 2845 2732 2903 est,
2788 2838 2883 2893 sed
2921 2853 3021 2908 per
3081 2837 3392 2905 hominem,
3452 2839 3524 2894 de
3566 2854 3804 2909 quorum

2197 2944 2430 2985 numero
2482 2927 2588 2984 fuit
2654 2926 2818 2985 Josue
2849 2970 2864 2995 ,
2925 2929 3019 2999 qui
3088 2929 3200 2986 Deo
3270 2931 3636 3002 przecipieute
3708 2947 3804 3005 per

2203 3020 2422 3093 Moysen
2457 3021 2654 3077 missus
2690 3030 2795 3086 est,
2840 3020 3041 3092 aliique
3076 3022 3487 3094 quamplurimi,
3514 3025 3619 3095 qui
3648 3024 3803 3085 cieri

2203 3114 2428 3169 vocibus
2479 3113 2659 3184 populi
2700 3129 2800 3184 pro
2826 3115 3035 3170 meritis
3074 3115 3201 3171 vita:
3230 3115 3341 3171 Deo
3385 3117 3617 3173 volente
3654 3118 3803 3180 electi

506 3236 618 3293 hoc
645 3206 957 3302 sciendum,
983 3237 1108 3307 quia
1140 3206 1285 3295 hanc
1308 3238 1605 3309 Epistolam
1634 3206 1709 3295 Ide
1732 3240 1924 3305 Roma,
1953 3240 2097 3310 posi-
2125 3217 2172 3282 θ
2201 3214 2373 3310 sui“;
2392 3206 2518 3310 ("ﬂia
2548 3206 2796 3263 "minus
2831 3206 3016 3310 mpuu
3042 3207 3353 3310 ,³ιῇᾳῲηῲ
3401 3209 3671 3266 mlum“

504 3334 599 3383 tus
618 3327 673 3383 in
701 3342 945 3394 carcere,
967 3343 1065 3398 per
1089 3329 1381 3400 Tychicum
1419 3330 1707 3385 Diaconem
1730 3330 1877 3386 misit
1896 3332 1975 3386 eis
1999 3347 2015 3384 :
2043 3337 2098 3386 et

498 3433 650 3489 pene
674 3420 928 3477 omnibus
953 3420 1205 3491 Epistolis
1242 3420 1511 3477 ditlicilior
1539 3430 1642 3483 est,
1682 3421 1811 3489 quia
1836 3422 1976 3476 sicut
2002 3436 2099 3491 cor

498 3509 570 3573 .iai
598 3512 779 3567 medio
797 3512 1019 3576 ventris,
1046 3513 1120 3570 ita
1144 3514 1246 3569 ista
1276 3502 1331 3568 in
1365 3512 1544 3571 medio
1571 3529 1799 3583 corpore
1827 3512 2097 3584 Epistola-

507 3614 631 3656 rum
667 3601 931 3657 consistit.

1021 3691 1250 3749 CAPUT
1288 3691 1580 3751 PRIMUM.

579 3795 805 3857 Paulus.
831 3801 983 3859 Multi
1007 3814 1258 3873 quaerunt
1286 3821 1455 3876 quare
1490 3805 1801 3877 Apostolus,
1835 3807 1928 3877 qui
1970 3814 2111 3871 ante

502 3888 710 3949 Saulus
738 3893 1206 3966 vocabaturquam
1229 3898 1297 3953 ad
1320 3898 1476 3953 ﬁdem
1501 3898 1729 3961 veniret,
1752 3908 1942 3968 postea
1961 3898 2099 3954 Pan.-

500 3981 588 4041 lus
630 3984 708 4045 sit
746 3985 1066 4055 appellatus,
1116 3987 1195 4047 Ex
1250 4004 1354 4058 qua
1406 3989 1704 4059 qumstione
1755 3990 1966 4045 diversa
2010 3998 2095 4051 est

500 4076 802 4139 auctoritas
848 4076 1092 4141 Patrum.
1125 4079 1322 4143 Beatus
1367 4079 1729 4151 Hieronymus
1770 4081 1920 4145 dicit,
1966 4083 2094 4152 quia

498 4181 533 4225 a
562 4167 743 4237 primo
770 4167 943 4237 spolio
980 4170 1123 4238 (mod
1158 4169 1382 4231 abstulit
1411 4171 1625 4227 diabolo
1644 4211 1658 4237 ,
1698 4180 1751 4226 et
1779 4172 1955 4226 attulit
1985 4173 2091 4228 Ec-

492 4257 705 4322 clesiae,
736 4257 954 4328 Paulus,
983 4260 1053 4316 sit
1078 4260 1374 4331 appellatus
1400 4278 1432 4316 a
1457 4262 1626 4318 Paulo
1654 4261 1865 4334 Sergio,
1889 4264 2094 4320 scilicet

504 4347 622 4407 viro
644 4348 919 4418 prudenti,
954 4366 1115 4420 quem
1138 4352 1358 4409 Christo
1402 4355 1707 4424 acquisivit.
1752 4356 1889 4410 Dicit
1929 4356 2093 4421 etiam

496 4438 695 4497 beatis
722 4440 1081 4514 Hieronimi:
1107 4444 1235 4513 quia
1260 4445 1586 4503 humilitatis
1611 4464 1772 4504 causa
1800 4448 2093 4518 appellavit

494 4549 565 4589 se
592 4532 840 4602 Paulum,
882 4539 1038 4607 quasi
1066 4539 1356 4594 modicum.
1402 4539 1535 4596 Nam
1561 4542 1777 4611 paulum
1810 4544 1927 4599 sive
1958 4560 2091 4615 pau-

504 4626 696 4690 lulum.
727 4630 997 4685 modicum
1029 4630 1283 4697 dicimus,
1312 4640 1371 4686 ut
1410 4632 1464 4688 in
1502 4634 1724 4706 Virgilio
1760 4638 1997 4695 habetur
2024 4637 2093 4696 de

513 4719 897 4779 Achcmenide
915 4722 1552 4796 fugientePolyphemum
1571 4745 1583 4781 :

598 4832 764 4896 Atque
788 4835 959 4899 procul
985 4835 1181 4901 paulum
1205 4846 1469 4902 conspectu
1490 4841 1695 4891 territus
1718 4842 1879 4894 laesit.

498 4936 726 4995 Paulum
790 4942 935 4998 enim
994 4958 1095 5014 pro
1148 4943 1423 5016 paululum
1489 4948 1685 5018 posuit.
1748 4947 1841 5005 Sic
1880 4961 1936 5007 et
1978 4951 2095 5023 ipse

496 5028 786 5101 Apostolus
844 5034 971 5090 alibi
1029 5036 1106 5091 ait
1154 5052 1171 5092 :
1227 5036 1362 5093 Mihi
1428 5041 1659 5096 omnium
1732 5043 1946 5100 minimo
1992 5045 2092 5100 dai-

492 5128 551 5177 ‘ta
590 5134 665 5177 est
702 5126 875 5196 gratia
919 5124 1145 5197 (Ephes.
1184 5128 1317 5200 Ill),
1355 5138 1410 5185 et
1452 5147 1465 5183 :
1517 5130 1630 5202 Ego
1680 5148 1797 5189 sum
1847 5136 2093 5192 minimus

2201 3306 2313 3353 est.’
2332 3296 2574 3353 Tertium
2611 3313 2780 3370 genus
2806 3308 2894 3355 est
2913 3300 3058 3371 quod
3076 3300 3151 3356 ab
3178 3301 3397 3358 homine
3421 3305 3805 3361 tantummodo

2199 3398 2255 3445 et
2283 3404 2392 3469 non
2417 3405 2445 3445 a
2475 3390 2609 3457 Deo,
2651 3406 2774 3447 cum
2801 3388 2986 3448 favore
3014 3392 3293 3448 hominum
3324 3392 3528 3464 aliquis
3555 3396 3804 3467 eligitur,

2186 3496 2308 3537 ‘non
2330 3497 2432 3552 pro
2455 3482 2596 3539 bona
2622 3486 3057 3554 conversatione,
3086 3502 3259 3559 neque
3296 3504 3462 3545 causa
3496 3489 3804 3564 religione,

2202 3576 2294 3629 sed
2322 3576 2498 3645 pretio
2540 3576 2867 3647 subrogatur
2910 3579 2965 3633 in
3013 3581 3300 3636 sacerdotii
3334 3582 3676 3653 dignitatem
3707 3585 3805 3641 τὰ

2200 3680 2430 3735 quorum
2463 3683 2691 3724 numero
2715 3670 2848 3727 dicit
2875 3671 2969 3726 uni
2995 3672 3189 3728 beatus
3216 3672 3542 3731 Ambrosius
3566 3694 3583 3729 :
3619 3675 3670 3732 0
3696 3677 3805 3746 epi-

2198 3774 2383 3830 scope,
2417 3776 2544 3816 vere
2588 3763 2692 3817 nisi
2719 3773 2937 3819 centum
2966 3765 3168 3822 solidos
3198 3766 3458 3833 dedisses,
3490 3769 3671 3825 hodie
3692 3770 3803 3840 cpio

2194 3866 2395 3922 scopus
2440 3868 2545 3908 non
2577 3870 2747 3909 esses.
2791 3855 2867 3909 Dc
2902 3856 3130 3913 istorum
3155 3858 3318 3913 etiam
3360 3872 3803 3917 uumero-erant

2201 3941 2276 3995 illi
2307 3943 2371 3997 de
2401 3944 2598 4012 quibus
2618 3946 2816 4000 dicitur
2839 3946 2892 4000 in
2922 3946 3062 4002 libro
3091 3947 3318 4020 Regum,
3355 3950 3481 4019 quia
3526 3953 3799 4023 tetnporio

2198 4030 2301 4087 bus
2326 4030 2612 4089 Jeroboam
2635 4034 2929 4106 implebant
2968 4053 3162 4093 manus
3201 4055 3345 4103 suas,
3384 4051 3439 4096 et
3478 4042 3700 4099 ﬁebant
3720 4062 3802 4099 sa-

2199 4123 2448 4179 cerdotes
2475 4125 2743 4182 idolorum
2790 4127 2910 4199 (III
2944 4127 3071 4200 Reg.
3119 4132 3262 4201 xu).
3304 4132 3568 4200 Quartum
3622 4151 3800 4207 genus

2199 4219 2303 4277 est,
2352 4214 2495 4284 quod
2522 4231 2697 4286 neque
2724 4232 2756 4271 a
2783 4217 2915 4283 Deo,
2947 4234 3124 4291 neque
3161 4237 3258 4291 per
3298 4223 3606 4291 hominem,
3641 4229 3742 4282 sed
3766 4241 3799 4285 ι

2196 4306 2488 4377 semetipso
2532 4308 2624 4374 lit,
2672 4317 2730 4363 ut
2772 4319 2898 4365 sunt
2938 4313 3415 4384 pseudopropheta:
3453 4326 3516 4371 et
3555 4321 3801 4386 pseudo

2194 4398 2448 4468 apostoli,
2493 4401 2583 4471 qui
2612 4401 2839 4457 dicunt:
2872 4400 2997 4460 [lare
3035 4404 3163 4459 dicit
3190 4405 3469 4473 Dominus,
3517 4423 3652 4463 cum
3700 4409 3801 4465 Do.

2195 4491 2378 4547 minus
2404 4506 2515 4546 non
2557 4493 2768 4548 miserit
2796 4508 2910 4551 eos.
2940 4493 3228 4551 Sciendum
3263 4498 3447 4565 etiam,
3480 4500 3621 4571 quia
3654 4502 3801 4593 inter

2116 4581 2172 4643 Β
2196 4580 2330 4636 istos
2364 4597 2555 4638 omnes
2580 4593 2705 4637 sunt
2727 4585 2947 4655 quidam
2981 4596 3143 4644 tantae
3170 4589 3469 4663 dignitatis,
3499 4601 3645 4647 utet
3672 4580 3801 4664 pri):-

2194 4673 2376 4744 phetae
2405 4684 2461 4731 et
2485 4676 2711 4745 apostoli
2743 4677 2856 4733 sint
2874 4720 2889 4745 ,
2929 4691 2988 4736 ut
3015 4679 3251 4753 Moyses,
3282 4682 3572 4753 Jeremias,
3597 4687 3796 4763 Isaias

2192 4763 2430 4823 Joannes
2478 4768 2737 4839 Baptista,
2780 4787 2889 4842 quo
2912 4772 3111 4830 dicitur
3136 4789 3151 4829 :
3174 4773 3311 4831 Ecce
3330 4794 3425 4848 ego
3450 4780 3607 4834 mitto
3639 4782 3802 4855 nugo

2190 4857 2303 4913 lum
2351 4876 2522 4915 meum
2576 4872 2698 4918 ante
2724 4862 2916 4933 faciem
2962 4874 3107 4920 tuam
3139 4865 3330 4937 (Marc.
3355 4868 3419 4939 ι),
3462 4886 3541 4925 ex
3588 4855 3802 4942 quibtn

2194 4948 2417 5007 fuerunt
2454 4955 2699 5025 apostoli,
2729 4956 2821 5028 qui
2861 4957 3080 5027 praemia
3105 4958 3422 5026 electorum,
3452 4970 3511 5017 et
3532 4964 3686 5019 mala
3716 4980 3802 5021 re»

2190 5042 2486 5115 proborum
2538 5046 2649 5101 suis
2700 5047 3065 5119 praedixerunt
3124 5050 3462 5107 auditoribus
3505 5070 3522 5107 :
3560 5056 3800 5126 quidam

2194 5148 2325 5189 vero
2367 5136 2704 5190 solummodo
2756 5139 3030 5209 prophetaa
3078 5139 3252 5196 ofﬁcio
3303 5141 3609 5213 funguntur
3658 5147 3801 5205 Jac

496 5216 865 5287 Apostolorum
922 5218 986 5290 (1
1027 5218 1154 5274 Cor.
1212 5220 1339 5295 xv).
1390 5222 1621 5291 Quidam
1679 5227 1843 5281 etiam
1908 5229 2097 5284 dicunt
2187 5222 3414 5307 Chn’ati.Jasusnomeuesthominisassumpti
3434 5238 3802 5305 averbo,sic-

498 5306 649 5362 illum
709 5308 876 5365 fuisse
930 5310 1265 5380 binomium,
1329 5322 1389 5368 ut
1442 5314 1738 5380 Claudius,
1796 5319 1938 5387 quod
1996 5336 2094 5375 au-

486 5398 751 5453 ctoritate
797 5397 1024 5455 Patrum
1078 5417 1189 5458 non
1246 5403 1546 5461 roboratur.
1603 5405 1955 5463 Auctoritatis
1994 5426 2092 5465 au-

496 5497 605 5542 tem
632 5504 793 5546 causa
820 5506 1021 5547 nomen
1066 5508 1223 5548 suum
1250 5495 1429 5565 posuit
1476 5496 1529 5549 in
1587 5497 1841 5552 omnibus
1873 5497 2089 5569 Episto-

494 5575 563 5632 lis
591 5580 739 5646 suis,
766 5589 1128 5654 praeterquam
1167 5584 1235 5639 ad
1262 5583 1536 5651 Hebraeos,
1574 5585 1737 5641 veluti
1785 5588 1959 5643 solent
2007 5587 2087 5644 fa-

486 5682 620 5725 cere
664 5674 766 5729 hoc
810 5676 974 5731 modo
1014 5692 1172 5748 reges
1198 5694 1211 5731 :
1240 5675 1382 5733 Nero
1412 5677 1707 5748 imperator
1741 5677 1965 5737 Senecae
1990 5695 2089 5738 suo

497 5763 746 5819 salutem.
793 5765 1095 5839 Apostolus.
1139 5769 1251 5827 Hoc
1293 5784 1491 5826 nomen
1527 5768 1774 5827 Gmum
1813 5781 1916 5840 est,
1960 5774 2089 5833 licet

478 5854 716 5931 ﬂuidam
745 5855 931 5917 dicant
951 5857 1237 5923 Hebraeum
1265 5862 1737 5939 «interpretatur
1774 5867 1988 5955 nauus.
2016 5869 2085 5928 Et

2194 5324 2253 5371 ut
2270 5315 2336 5369 ad
2355 5315 2579 5371 Mariam
2595 5318 2817 5390 angelus
2831 5320 2941 5374 ait:
2969 5318 3250 5379 Vocabitur
3279 5328 3600 5400 nomeuejats
3624 5331 3801 5390 Iesu

2194 5406 2345 5476 (Luc.
2397 5406 2491 5478 tt);
2540 5406 2789 5465 Christus
2818 5425 2948 5466 vero
2991 5428 3200 5475 ,nomen
3230 5426 3337 5472 est
3383 5418 3703 5491 dignitatis;
3750 5424 3800 5481 Δ

2192 5496 2486 5552 chrismate
2510 5498 2679 5565 enim,
2711 5500 2770 5571 id
2793 5510 2876 5556 est
2906 5502 2974 5558 ab
3000 5505 3258 5562 unctione
3282 5507 3482 5563 dicitur
3506 5511 3795 5571 Christus;

2192 5584 2326 5641 Nam
2361 5588 2504 5644 sicut
2529 5561 2676 5660 apud
2692 5561 2967 5649 Rdmanos
2993 5561 3250 5651 diadema
3281 5561 3605 5671 et‘pufrpttvr—a

2190 5677 2341 5746 facit,
2369 5680 2441 5735 ita
2470 5683 2691 5753 antiquo
2721 5692 2961 5754 tempore
2995 5688 3136 5758 apud
3165 5686 3383 5746 Iudaeos
3408 5693 3595 5749 unctio
3626 5694 3796 5752 chri-

2191 5774 2380 5829 smatis
2426 5790 2581 5847 reges
2624 5784 2680 5831 et
2726 5777 3041 5835 sacerdotes
3089 5778 3366 5838 faciebat:
3397 5793 3452 5840 et
3489 5798 3590 5855 per
3631 5785 3797 5844 illam

2189 5868 2498 5926 unctionem
2531 5870 2826 5940 visibilem.
2876 5872 3203 5935 invisibilem
3236 5877 3603 5939 merebantur
