3996 6444
197 389 294 447 τοι

865 383 1225 442 εχροειτιο
1263 385 1328 441 IN
1363 383 1512 442 EPP.
1555 387 1612 441 S.
1652 387 1758 441 PAI

1862 425 1879 443 .
1921 419 1990 431 ——-
2026 387 2094 442 IN
2135 387 2350 446 EPIST.
2390 392 2482 447 AD
2521 392 2764 451 EPHES.

3349 399 3458 456 709

197 512 322 569 pere
347 495 577 569 gratiam
613 493 847 567 Spiritus
873 495 1081 558 sancti;
1112 495 1262 550 verbi
1288 495 1462 564 gratia
1493 513 1506 549 :
1535 495 1676 550 sicut
1707 497 1762 549 in
1791 502 1838 560 Α
1865 498 1955 567 qui
1981 508 2064 552 est
2091 509 2244 568 pater
2273 502 2482 558 Domini
2526 508 2695 560 nostri
2743 505 2869 562 Jesu
2921 507 3144 574 Christi,
3189 509 3294 566 hoc
3344 519 3450 579 est,

196 587 516 658 baptismate
551 587 711 640 modo
733 585 1008 654 accipiunt
1031 586 1312 640 credentes
1341 585 1576 655 Spiritus
1597 586 1770 640 sancti

197 677 353 732 dona.
380 675 632 731 Christus
657 689 789 728 vero
813 689 918 728 non
947 683 1033 728 est
1067 682 1260 728 unctus
1283 673 1404 728 oleo
1429 673 1645 736 visibili,
1676 673 1770 730 sed

197 765 528 838 plenitudine
578 765 812 834 Spiritus
858 765 1030 819 sancti
1076 763 1347 834 repletus,
1395 765 1460 818 de
1499 780 1608 833 quo
1639 763 1774 818 dicit

195 858 473 915 Psaltnista
502 873 516 911 :
544 856 706 910 Unxit
753 866 801 912 te
849 856 1010 920 Dens,
1041 855 1178 910 Deus
1230 867 1371 920 tuus,
1419 855 1530 910 oleo
1572 854 1770 910 (mitia:

196 949 416 1021 (Psalm.
459 950 624 1020 μιν).
657 948 855 1003 Paulus
881 962 1012 1018 ergo
1038 948 1312 1018 apostolus
1341 957 1425 1004 est
1454 945 1582 1002 Jesu
1605 947 1768 1002 Cliti-

193 1042 278 1106 sti,
323 1041 448 1110 quia
484 1041 552 1096 ab
581 1039 672 1094 illo
706 1049 790 1095 est
819 1039 1057 1107 electus,
1095 1049 1144 1093 et
1178 1039 1245 1094 ab
1289 1039 1381 1093 illo
1420 1048 1505 1094 est
1549 1039 1766 1093 missus.

193 1133 293 1190 Per
319 1132 634 1187 voluntatem
658 1131 776 1196 Dei,
799 1131 1054 1186 subaudis
1073 1129 1272 1186 Patris.
1291 1130 1412 1186 Ideo
1435 1138 1615 1184 autem
1637 1130 1770 1186 dicit

190 1243 276 1297 per
321 1225 638 1281 voluntatem
679 1225 776 1280 Dei
823 1223 1020 1288 Patris,
1067 1225 1191 1294 quia
1234 1223 1484 1280 voluntas
1532 1239 1637 1278 una
1682 1231 1768 1280 est

189 1319 362 1376 Patris
389 1330 445 1373 et
471 1318 611 1373 Filii.
651 1317 840 1378 Omnis
868 1317 1120 1371 salutatio
1146 1316 1507 1385 Epistolarum
1538 1315 1765 1371 istarum

186 1421 359 1483 potest
395 1412 558 1466 etiam
593 1411 770 1466 media
800 1411 1073 1466 distinctio
1109 1411 1163 1464 in
1207 1410 1308 1463 hoc
1344 1409 1460 1463 loco
1497 1424 1638 1472 esse,
1673 1408 1765 1464 ubi

188 1505 316 1562 dixit
345 1505 400 1558 in
429 1502 636 1558 Christo
680 1503 828 1568 Jesu,
859 1511 918 1556 ut
944 1502 1163 1572 quidam
1191 1501 1512 1571 simplicium
1555 1501 1761 1566 dicunt,

186 1605 235 1653 et
280 1606 467 1666 postea
529 1595 844 1660 subinl‘erri,
896 1595 1068 1665 gratia
1119 1594 1258 1648 vobis
1288 1611 1307 1648 :
1342 1595 1436 1649 sed
1483 1593 1674 1648 melius
1708 1601 1763 1648 et

185 1688 564 1759 congruentius
590 1695 674 1742 est
699 1686 995 1756 perfectam
1019 1687 1420 1742 distinctionem
1441 1687 1511 1740 ibi
1537 1702 1758 1758 ponere.

185 1778 244 1834 Et
279 1795 403 1833 cum
429 1778 804 1833 subauditione
843 1780 1064 1832 salutent
1089 1778 1239 1843 dicit,
1281 1793 1344 1833 ac
1366 1778 1558 1832 deinde
1591 1778 1758 1832 alium

1877 587 2109 643 bombis
2135 605 2164 642 a
2192 605 2251 644 se
2279 597 2559 664 assumpti.
2608 597 2779 652 Homo
2830 601 3096 669 siquidem
3142 615 3451 675 assumptus

1872 693 1899 732 a
1937 679 2110 736 Verbo
2142 683 2304 738 totius
2340 685 2619 742 Trinitatis
2639 693 2954 759 operatione
2996 693 3257 751 formatus
3285 708 3370 752 est
3397 700 3453 755 in

1873 778 2029 824 utero
2051 773 2320 842 virginali.
2351 774 2416 828 Et
2444 777 2544 831 hoc
2571 781 2976 848 attendendum,
3001 786 3124 855 quia
3149 801 3178 840 a
3209 787 3454 845 laudibus

1871 871 1925 917 et
1988 864 2448 922 benedictionibus
2499 870 2713 926 inchoat
2756 873 3077 943 Apostolus,
3123 877 3264 932 sicut
3308 880 3453 936 soliti

1871 964 1995 1009 sunt
2021 971 2180 1028 agere
2204 959 2374 1012 sancti
2403 959 2616 1025 Patres,
2645 972 2699 1016 et
2727 964 3003 1020 benedixit
3038 968 3226 1033 Deum,
3262 984 3292 1022 a
3344 985 3452 1040 quo
3541 1009 3544 1012 -

1867 1048 2047 1101 omnia
2072 1065 2192 1118 qua:
2235 1050 2478 1106 benedici
2525 1061 2828 1120 merentur,
2880 1056 3291 1114 benedicuntur.
3347 1061 3454 1128 Qui

1868 1141 2125 1194 benedixit
2153 1159 2246 1196 nos
2277 1143 2330 1196 in
2356 1145 2496 1197 omni
2524 1146 2876 1202 benedictione
2901 1151 3164 1220 spirituali
3205 1156 3258 1207 in
3303 1154 3452 1208 cie/e-

1866 1232 2029 1286 stibus
2063 1233 2118 1286 in
2143 1230 2370 1287 Christo.
2402 1235 2533 1289 Cum
2581 1235 2740 1301 dixit,
2787 1239 2841 1291 in
2887 1242 3026 1294 omni
3076 1243 3446 1310 benedictione,

1866 1324 1993 1393 quid
2019 1339 2240 1378 necesse
2267 1325 2604 1391 fuitaddere,
2629 1329 2897 1394 spiri'nali
2927 1331 3008 1385 vel
3041 1333 3093 1385 in
3136 1333 3444 1402 caelestibus,

1865 1414 1948 1468 vel
1977 1416 2031 1468 in
2059 1413 2308 1470 Christo?
2354 1416 2488 1483 Quia
2516 1427 2593 1472 est
2635 1420 2938 1476 benedictio
2976 1424 3309 1494 temporalis,
3341 1443 3448 1482 non

1863 1506 1916 1560 in
1945 1507 2254 1563 cmlestihus
2282 1511 2396 1563 sive
2426 1510 2480 1564 in
2504 1511 2742 1575 Christo,
2767 1522 2824 1567 et
2853 1524 3086 1570 terrena.
3132 1518 3449 1575 Benedictio

1863 1599 2172 1668 temporalis
2201 1610 2284 1654 est
2321 1601 2478 1655 turba
2513 1602 2766 1670 ﬁliorum,
2801 1604 3127 1662 famulorum
3166 1618 3329 1680 atque
3351 1629 3447 1667 an-

1861 1689 2106 1744 cillarum
2142 1709 2154 1744 :
2187 1691 2496 1747 Benedictio
2523 1702 2738 1749 terrena
2759 1737 2772 1761 ,
2805 1697 3114 1753 divitiarum
3146 1703 3447 1758 exuberan-

1862 1781 1935 1835 tia
1968 1790 2022 1836 et
2047 1782 2284 1854 frugum.
2316 1783 2447 1850 Qua:
2487 1783 2649 1839 etiam
2690 1788 2994 1842 benedictio
3018 1805 3190 1859 usque
3227 1795 3293 1845 ad
3323 1794 3444 1847 ani-

183 1885 393 1924 versum
423 1869 690 1938 incipere,
715 1870 902 1924 Gratia
928 1869 1066 1924 vobis
1091 1879 1136 1923 et
1167 1886 1273 1939 pas:
1301 1885 1319 1922 :
1347 1869 1471 1938 quia
1506 1869 1646 1938 quod
1675 1869 1756 1923 di-
1783 1875 1832 1936 Β
1860 1876 2063 1928 mantia
2089 1877 2354 1945 pervenit,
2384 1879 2525 1933 sicut
2548 1878 2810 1949 legiturin
2843 1881 3062 1947 Genesi,
3093 1887 3234 1954 quod
3282 1887 3446 1944 bene-

182 1963 249 2016 cit
285 1962 526 2016 omnibus
552 1962 750 2016 sanctis
781 1963 870 2033 qui
922 1972 1043 2017 sunt
1074 1961 1285 2031 Ephesi,
1323 1962 1550 2016 salutem
1579 1971 1752 2030 optat,

182 2057 333 2110 tertia
364 2071 595 2125 persona
636 2065 749 2121 est,
779 2071 940 2125 quam
976 2057 1204 2126 requirit
1243 2055 1419 2110 onmis
1450 2055 1704 2110 salutatio
1736 2072 1749 2108 :

177 2149 401 2220 etquod
449 2149 740 2216 subnectit,
782 2147 972 2204 Gratia
1023 2149 1194 2212 vobis,
1225 2147 1337 2218 jam
1367 2150 1600 2204 secunda
1632 2164 1754 2218 per-

177 2255 301 2294 sona
334 2247 439 2306 est,
466 2240 533 2294 ad
555 2256 714 2308 quam
744 2239 954 2295 debitus
983 2241 1316 2296 convertitur
1337 2250 1522 2310 postea
1552 2239 1754 2294 saluta-

180 2332 336 2387 tionis
360 2346 570 2387 sermo:
600 2347 767 2402 quare
789 2339 968 2386 autem
992 2331 1144 2396 dicit,
1160 2317 1277 2384 cuni
1294 2331 1532 2385 omnibus
1557 2331 1751 2385 sanctis

176 2436 218 2482 et
245 2426 524 2482 ﬁdelibus?
545 2427 680 2495 Quia
700 2442 806 2482 non
827 2441 1015 2482 omnes
1040 2425 1224 2481 ﬁdeles
1244 2428 1418 2480 sancti
1439 2434 1582 2481 sunt.
1616 2424 1754 2479 Sunt

175 2519 312 2576 enim
353 2520 724 2575 catechumeni
772 2519 981 2587 ﬁdeles,
1025 2519 1152 2588 quia
1195 2519 1424 2573 credunt
1469 2517 1524 2572 in
1564 2533 1752 2572 verum

174 2610 362 2678 Deum,
413 2612 507 2666 sed
553 2611 679 2681 quia
723 2610 960 2665 nondum
988 2621 1116 2666 sunt
1156 2610 1433 2680 haptizati,
1487 2625 1593 2663 non
1627 2617 1756 2664 sunt

172 2705 362 2776 sancti.
401 2703 524 2759 Ideo
562 2704 768 2758 addidit
804 2705 859 2757 in
886 2703 1092 2757 Christo
1107 2707 1258 2770 Iesu,
1289 2704 1416 2773 quia
1447 2712 1572 2758 sunt
1599 2703 1752 2758 multi

170 2799 255 2869 qui
286 2807 419 2854 sunt
443 2797 647 2863 ﬁdeles,
674 2797 769 2853 sed
798 2813 901 2852 non
937 2798 988 2852 in
1013 2797 1230 2854 Christo
1256 2795 1382 2852 Jesu
1410 2816 1423 2851 :
1451 2797 1594 2852 sicut
1627 2805 1754 2852 sunt

170 2891 333 2956 servi,
381 2889 473 2960 qui
520 2905 625 2945 non
675 2889 797 2945 ideo
841 2896 968 2944 sunt
1013 2887 1199 2942 ﬁdeles
1246 2888 1480 2943 dominis
1521 2889 1653 2952 suis,
1695 2895 1756 2942 ut

168 2985 399 3056 gratiam
429 2981 558 3039 Jesu
579 2983 780 3039 Christi
804 2983 1103 3048 inveniant,
1137 2982 1229 3037 sed
1257 2981 1484 3052 gratiam
1502 2981 1752 3036 domino-

171 3090 283 3132 rum
321 3091 569 3142 suorum,
599 3085 654 3131 et
684 3076 807 3146 quia
849 3075 1041 3130 timent
1078 3074 1335 3146 ﬂagellari
1381 3075 1450 3129 ah
1485 3074 1610 3130 illis.
1646 3075 1754 3130 Illis

167 3181 291 3240 ergo
318 3167 611 3238 Apostolus
634 3176 786 3238 optat
805 3167 1030 3222 salutem
1058 3183 1164 3237 qua
1191 3165 1512 3221 sanetiﬁcati
1544 3175 1670 3222 sunt
1698 3167 1751 3220 in

1857 1967 1992 2022 dixit
2012 1968 2150 2022 Deus
2163 1969 2309 2022 omni
2341 1978 2624 2035 creaturas,
2642 1972 2827 2027 dicens
2848 1992 2859 2026 :
2879 1973 3106 2028 Crescite
3127 1989 3173 2030 et
3197 1978 3447 2047 multipli-

1856 2059 2069 2123 camini,
2102 2070 2150 2113 et
2195 2061 2384 2130 replete
2429 2072 2623 2116 terram
2672 2063 2824 2134 (Cen.
2853 2066 2911 2137 ι).
2957 2069 3264 2124 Benedictio
3316 2087 3443 2128 vero

1855 2150 2152 2219 spiritualis
2198 2161 2254 2206 et
2297 2161 2532 2217 aeterna,
2559 2163 2613 2208 et
2643 2154 2796 2220 ﬁdes,
2824 2171 2967 2226 spes,
2997 2159 3258 2223 Charitas,
3284 2171 3443 2216 ciete-

1856 2255 2036 2311 rteque
2051 2245 2295 2300 virtutes.
2312 2245 2369 2299 lu
2387 2246 2700 2302 caelestibus
2713 2263 2842 2304 vero
2855 2251 3154 2307 subnexum
3167 2263 3270 2318 est,
3285 2257 3441 2324 quasi

1855 2335 1920 2388 de
1945 2335 2255 2391 etelestihus
2277 2355 2288 2390 :
2311 2338 2437 2406 quia
2453 2355 2603 2394 omne
2629 2341 2810 2394 datum
2835 2344 3086 2412 Optimum
3105 2356 3152 2399 et
3177 2363 3326 2402 omne
3348 2349 3442 2402 do-

1855 2444 1978 2481 num
2005 2429 2312 2498 perfectum,
2343 2430 2616 2486 desursum
2657 2443 2730 2487 est
2766 2434 2904 2504 (Jac.
2938 2437 3000 2506 ι).
3029 2436 3249 2492 Addidit
3274 2440 3438 2493 etiam

1853 2519 2006 2589 quasi
2033 2535 2132 2590 per
2155 2520 2430 2575 Christum
2467 2541 2480 2576 :
2516 2524 2640 2593 quia
2671 2527 2932 2595 quidquid
2982 2529 3105 2582 boni
3153 2530 3438 2598 habemus,

1853 2627 1958 2665 non
1985 2613 2185 2668 nostris
2210 2614 2545 2680 meritis,sed
2568 2631 2664 2685 per
2693 2617 2837 2672 illum
2863 2621 3006 2674 etab
3036 2621 3128 2675 illo
3157 2624 3434 2680 habemus.

1855 2699 1961 2756 Sed
1986 2703 2215 2772 qumstio
2251 2704 2445 2771 oritur,
2473 2721 2641 2774 quare
2687 2707 2885 2762 dixerit
2925 2711 2980 2762 in
3025 2713 3173 2765 omni
3219 2714 3438 2768 henedi-

1853 2791 2033 2848 ctione
2065 2793 2356 2861 spirituali,
2385 2810 2509 2849 cum
2538 2796 2716 2852 nullus
2741 2798 3019 2853 hominum
3045 2802 3218 2870 possit
3239 2802 3442 2858 habere

1855 2883 1906 2937 in
1946 2887 2198 2954 praesenti
2243 2887 2439 2941 smculo
2464 2903 2653 2942 omnes
2681 2891 3102 2956 henedictiones,
3135 2894 3188 2948 id
3219 2904 3304 2949 est
3331 2895 3444 2950 vir-

1855 2985 1995 3030 tutes
2020 2977 2132 3030 sive
2155 2979 2335 3032 on'inia
2363 2979 2502 3033 bona
2522 2979 2757 3050 Spiritus
2771 2984 2943 3037 sancti
2965 3023 2980 3049 ,
3007 3000 3284 3055 usquequo
3311 2987 3440 3041 illud

1854 3066 2147 3137 impleatur
2174 3070 2318 3138 quod
2345 3069 2468 3124 alibi
2503 3071 2644 3125 idem
2679 3073 2968 3141 Apostolus
2997 3076 3072 3128 ait
3100 3091 3114 3129 :
3149 3075 3282 3130 Cum
3324 3088 3439 3131 tra-

1855 3159 2044 3213 diderit
2093 3177 2307 3231 regnum
2347 3161 2457 3215 Deo
2500 3162 2671 3229 Patri,
2697 3173 2820 3218 tunc
2865 3167 2962 3218 erit
3008 3166 3148 3220 Deus
3181 3170 3357 3222 omnia
3386 3170 3442 3223 in

167 3238 512 3333 baptismate,
553 3271 608 3316 et
647 3260 832 3316 ﬁdeles
865 3268 990 3316 sunt
1026 3261 1080 3315 in
1105 3259 1323 3314 Christo
1345 3258 1495 3324 Jesu,
1537 3260 1640 3315 hoc
1667 3268 1752 3315 est
1779 3238 1825 3303 ο
1857 3253 2095 3307 omnibus
2127 3253 2176 3325 (1
2208 3252 2331 3307 C0"-
2357 3253 2469 3325 κν).
2500 3253 2634 3345 Nam
2663 3255 2716 3309 in
2765 3259 3016 3324 praesenti
3063 3258 3259 3314 saeculo
3300 3261 3440 3315 dona

169 3349 326 3408 ﬁdem
359 3353 559 3408 habent
597 3350 723 3408 Jesu
767 3352 970 3407 Christi
1000 3369 1014 3406 :
1040 3361 1095 3407 et
1140 3351 1295 3407 ﬁdem
1334 3367 1498 3422 quam
1530 3352 1750 3420 habent,

168 3445 324 3501 bonis
351 3445 606 3515 operibus
627 3454 912 3502 exornant.

234 3536 424 3593 Gratia
453 3538 616 3604 vobis,
649 3539 909 3595 subaudis
935 3539 1025 3604 sit,
1065 3537 1117 3592 id
1165 3546 1250 3594 est
1295 3537 1455 3603 ﬁdes,
1502 3537 1650 3593 salus
1699 3545 1756 3592 et

168 3633 418 3690 remissio
444 3642 824 3703 peccatorum,
852 3649 971 3704 quae
1007 3634 1158 3690 vobis
1183 3633 1353 3704 gratis
1393 3633 1516 3687 data
1566 3640 1649 3687 est
1699 3631 1755 3687 in

166 3725 522 3796 baptismate;
556 3735 603 3780 et
631 3741 757 3795 pax,
791 3741 897 3795 qua
936 3725 1267 3780 reconciliati
1299 3739 1485 3781 sumus
1516 3723 1625 3778 Deo
1657 3739 1755 3792 per

165 3819 472 3886 passionem
500 3818 620 3873 Filii
649 3817 766 3886 ejus
809 3837 841 3872 a
878 3818 988 3872 Deo
1040 3816 1203 3872 Patre
1244 3828 1290 3872 et
1349 3817 1573 3871 Domino
1624 3817 1754 3870 Jesu

165 3913 400 3971 Christo.
430 3913 659 3980 Quidam
687 3914 874 3968 volunt
914 3915 1095 3968 dicere
1131 3932 1143 3966 :
1177 3912 1364 3968 Gratia
1391 3913 1543 3968 vobis
1578 3928 1607 3965 a
1645 3912 1755 3966 Deo

164 4006 331 4062 Patre
350 4049 364 4072 ,
388 4009 480 4077 qui
508 4007 677 4077 gratis
702 4006 849 4061 misit
876 4007 1030 4059 nobis
1054 4005 1250 4059 Filium
1281 4020 1434 4060 suum
1452 4046 1467 4069 ,
1494 4011 1549 4058 et
1593 4020 1694 4073 pax
1723 4018 1756 4058 a

167 4102 404 4160 Domino
429 4100 556 4156 Jesu
584 4100 802 4186 Clu'istp
832 4116 929 4170 per
949 4097 1102 4166 cujus
1128 4099 1434 4168 passionem
1484 4099 1754 4169 pacilicati

163 4206 361 4252 sumus
387 4190 497 4246 Deo
528 4199 581 4245 et
605 4191 808 4262 angelis
833 4209 849 4257 ;
882 4192 977 4246 sed
1021 4202 1312 4259 utrumque
1355 4206 1642 4261 possumus
1673 4203 1756 4243 re-

162 4283 318 4340 ferre
349 4283 415 4338 ad
443 4294 730 4354 utramque
755 4292 1139 4354 personam,ut
1166 4284 1412 4338 dicamus
1434 4283 1536 4337 hoc
1561 4283 1752 4337 modo:

163 4375 362 4434 Gratia
389 4375 540 4431 vobis
568 4386 623 4431 et
654 4393 760 4448 pax
797 4393 827 4431 a
857 4376 973 4431 Deo
1005 4376 1185 4442 Patre,
1213 4385 1268 4431 et
1293 4376 1465 4446 gratia
1497 4385 1551 4430 et
1585 4391 1686 4446 pax
1723 4391 1755 4429 a

165 4469 403 4525 Domino
425 4468 551 4524 Jesu
567 4469 805 4525 Christo.
827 4469 1051 4524 Videtur
1072 4479 1252 4524 tamen
1280 4469 1600 4536 quibusdam
1629 4484 1754 4539 per-

167 4557 361 4621 sd'nam
398 4562 632 4634 Spiritus
660 4564 834 4618 sancti
866 4563 1284 4633 prastermisisse
1302 4561 1640 4632 Apostolum,
1663 4561 1756 4615 sed

167 4655 447 4711 subtiliter
501 4655 909 4725 inspieientibus
964 4656 1167 4724 patebit
1195 4655 1549 4711 nihilominus
1591 4655 1756 4710 totius

170 4747 457 4803 Trinitatis
479 4747 804 4802 mentionem
829 4746 1042 4802 fecisse.
1081 4748 1137 4801 la
1159 4763 1227 4803 eo
1252 4747 1396 4802 enim
1425 4745 1569 4818 quod
1597 4747 1756 4812 dixit,

170 4837 362 4895 Gratia
389 4841 551 4905 vobis,
565 4840 980 4908 comprehendit
996 4855 1280 4910 personam
1299 4838 1535 4910 Spiritus
1559 4840 1758 4906 sancti,

171 4935 300 5006 quia
334 4936 582 5006 gratiam,
611 4933 715 4990 hoc
752 4944 836 4989 est
878 4933 1248 4988 remissionem
1281 4934 1520 4988 omnium
1564 4949 1759 5004 pecca-

171 5037 375 5092 torum,
402 5042 501 5097 per
525 5029 723 5082 donum
759 5026 931 5082 sancti
983 5025 1216 5095 Spiritus
1264 5026 1568 5094 accepimus
1597 5043 1610 5078 :
1646 5025 1760 5080 sive

172 5121 264 5176 ubi
291 5136 398 5175 una
423 5137 650 5194 persona
681 5119 967 5176 Trinitatis
994 5119 1231 5190 ponitur,
1267 5118 1338 5172 ibi
1375 5129 1487 5174 tota
1518 5119 1756 5174 Trinitas

172 5213 514 5285 intelligitur,
546 5215 673 5284 quia
718 5214 858 5268 sicut
903 5211 1279 5283 inseparabilis
1326 5218 1410 5266 est
1459 5209 1756 5266 substantia

172 5306 498 5372 divinitatis,
527 5307 598 5360 ita
643 5304 1017 5375 inseparabilis
1051 5311 1138 5359 est
1189 5302 1361 5357 virtus
1403 5299 1754 5370 operationis.

245 5394 564 5452 Benedictus
627 5395 769 5450 Deus
831 5405 881 5449 et
935 5392 1098 5448 Pater
1146 5393 1361 5448 Domini
1412 5393 1577 5446 nostri
1628 5390 1759 5446 Jesu

174 5490 396 5547 Christi.
427 5487 541 5544 Hoc
578 5488 865 5558 dupliciter
905 5496 1083 5556 potest
1126 5485 1296 5555 accipi
1347 5503 1360 5540 :
1414 5483 1775 5549 Benedictus,.

175 5581 376 5652 inquit,
405 5581 571 5645 Deus,
593 5586 806 5635 creator
837 5578 1079 5633 omnium
1117 5591 1320 5640 rerum,
1349 5576 1441 5648 qui
1471 5586 1555 5631 est
1598 5575 1762 5632 Pater

177 5678 393 5734 Domini
421 5677 595 5732 nostri
626 5675 752 5731 Jesu
779 5673 980 5729 Christi
1008 5682 1061 5727 et
1088 5675 1179 5742 qui
1211 5673 1360 5728 illum
1404 5672 1590 5741 genuit
1631 5681 1761 5726 ante

175 5770 360 5826 osnnia
388 5769 583 5827 saecula
625 5769 678 5823 in
705 5776 898 5822 natura
924 5767 1242 5822 divinitatis.
1285 5765 1456 5819 Aliter
1488 5785 1501 5818 :
1533 5764 1761 5820 Benedi-

173 5872 304 5925 ctus
343 5862 488 5920 Deus
530 5861 720 5932 Filius,
767 5861 860 5933 qui
889 5872 1012 5917 erat
1038 5860 1090 5916 in
1119 5859 1388 5933 principio
1414 5857 1672 5925 Verbum,
1705 5867 1762 5917 et

1857 3345 2090 3414 Spiritus
2117 3347 2289 3402 sancti
2318 3348 2543 3418 singulis
2571 3350 2900 3416 dividuntur,
2923 3369 3030 3407 non
3057 3363 3238 3408 tamen
3259 3358 3442 3412 omnia
3473 3394 3486 3400 -

1856 3439 2081 3509 singulis
2106 3440 2323 3504 dantur,
2350 3441 2476 3510 quia
2517 3442 2606 3495 alii
2634 3444 2795 3496 datur
2824 3459 2920 3513 per
2950 3444 3212 3514 Spiritum
3261 3462 3445 3505 sermo

1856 3532 2150 3600 sapientiae,
2186 3533 2275 3587 alii
2302 3549 2483 3588 sermo
2511 3535 2773 3601 scientiae,
2803 3545 2932 3601 etc.,
2966 3553 3135 3608 usque
3162 3539 3288 3593 dum
3311 3541 3445 3596 sub-

1850 3624 2094 3694 iungitur
2129 3643 2142 3678 :
2177 3624 2306 3679 llam
2341 3627 2515 3680 omnia
2543 3638 2788 3696 operatur
2813 3644 2945 3683 unus
2990 3639 3145 3700 atque
3165 3631 3301 3684 idem
3324 3631 3447 3702 Spi-

1855 3719 2009 3782 ritus,
2041 3718 2274 3773 dividens
2319 3719 2536 3789 singulis
2559 3731 2709 3789 prout
2744 3721 2888 3774 vult?
2920 3723 2970 3792 (1
3004 3721 3128 3776 Cor.
3159 3725 3282 3794 xu.)
3318 3725 3448 3791 Quas

1855 3809 2086 3877 quaestio
2116 3809 2396 3876 lripliciter
2419 3809 2645 3863 solvitur
2671 3828 2685 3862 :
2721 3811 2804 3865 vel
2834 3812 2958 3879 quia
2985 3814 3128 3881 quod
3155 3817 3449 3884 unusquis-

1856 3908 1960 3960 que
1991 3893 2044 3945 in
2073 3908 2131 3945 se
2161 3893 2344 3956 habet,
2373 3893 2423 3946 in
2454 3895 2807 3961 generalitate
2827 3897 3012 3962 habet,
3037 3900 3303 3953 charitate
3333 3903 3445 3954 l'ra-

1859 3982 2127 4040 ternitatis
2173 3983 2275 4037 huc
2332 3982 2582 4036 faciente.
2640 3983 2800 4037 Verbi
2849 3985 3021 4052 gratia
3068 4004 3082 4038 :
3133 3987 3259 4055 quia
3308 4005 3448 4044 unus

1857 4072 2020 4126 habet
2051 4073 2396 4137 charitatem,
2422 4071 2560 4127 alius
2606 4075 2945 4139 castitatem,
2982 4075 3121 4130 alius
3165 4077 3448 4133 abstineri--

1858 4161 2008 4226 tiatn,
2050 4161 2185 4214 alius
2228 4161 2716 4228 mansuetudinem,
2767 4164 2905 4220 alius
2953 4166 3306 4235 sapientiam;
3364 4168 3450 4224 vel

1857 4255 1983 4326 quia
2023 4256 2076 4309 in
2105 4255 2252 4309 onmi
2277 4255 2652 4312 benedictione
2691 4273 2854 4328 quam
2903 4261 3189 4325 habemus,
3233 4263 3301 4317 ab
3356 4263 3448 4317 illo

1856 4347 2254 4411 henedicimur;
2288 4347 2369 4402 vel
2395 4349 2552 4402 tertio
2580 4349 2737 4408 modo
2765 4358 2941 4419 potest
2966 4367 3088 4408 esse
3112 4353 3447 4423 pt'aiteritum

1860 4451 2071 4510 tempus
2096 4455 2194 4508 pro
2221 4439 2422 4505 futuro,
2455 4449 2511 4494 ut
2541 4441 2611 4496 sit
2639 4456 2832 4497 sensus
2861 4461 2871 4495 :
2905 4443 3007 4510 Qui
3044 4445 3321 4501 benedicet
3349 4463 3449 4504 nos

1856 4543 1979 4602 post
2007 4533 2309 4604 generalem
2332 4535 2809 4603 resurrectionem,
2831 4537 2888 4591 in
2904 4539 3052 4594 omni
3073 4539 3448 4600 benedictione

1861 4627 2142 4696 spirituali.
2173 4627 2430 4697 Sequitur
2464 4647 2476 4681 :
3324 4635 3329 4638 '

1933 4749 2078 4804 Sicut
2108 4748 2259 4820 elegit
2285 4765 2378 4803 nos
2408 4751 2463 4803 in
2494 4751 2608 4820 ipso
2647 4759 2767 4804 ante
2790 4751 2970 4805 mundi
3001 4753 3444 4822 constitutionem,

1863 4850 1918 4894 ut
1941 4857 2168 4894 essemus
2211 4841 2377 4894 sancti
2415 4850 2462 4894 et
2494 4842 2824 4895 immaculati
2865 4842 2920 4895 in
2947 4854 3220 4914 conspectu
3249 4843 3362 4913 ejus
3393 4845 3448 4898 in

1863 4931 2138 4985 charitate.
2176 4931 2248 4984 Ex
2280 4930 2653 5001 superioribus
2684 4933 2786 4986 ista
2827 4933 3080 5002 pendent.
3115 4933 3225 4997 Sic,
3251 4935 3449 5003 inquit,

1863 5022 2141 5078 benedixit
2185 5036 2303 5085 nos,
2336 5023 2476 5076 sicut
2505 5022 2690 5094 elegit,
2723 5024 2826 5078 hoc
2857 5033 2938 5078 est
2969 5025 3373 5094 praedestinavit
3393 5032 3450 5079 et

1865 5114 2248 5185 prmordinavit
2290 5114 2346 5167 in
2381 5113 2518 5184 ipso,
2569 5115 2673 5170 hoc
2709 5123 2794 5169 est
2845 5115 2899 5168 in
2931 5115 3167 5169 Christo.
3190 5115 3466 5184 Omnipo-t

1867 5215 1985 5262 lens
2007 5221 2137 5277 ergo
2163 5205 2324 5261 Pater
2350 5215 2476 5262 ante
2503 5223 2718 5262 omnem
2753 5217 3078 5272 creaturam,
3109 5208 3456 5277 spiritualem

1865 5297 2114 5353 videlicet
2159 5309 2322 5366 atque
2375 5299 2736 5369 corporalem,
2789 5299 3195 5369 praedestinavit
3255 5313 3452 5358 omnes

1867 5391 2150 5446 credentes
2171 5392 2227 5446 in
2253 5390 2490 5455 Christo,
2519 5400 2579 5446 ut
2603 5392 2718 5462 ipse
2748 5391 2820 5447 sit
2841 5402 3006 5462 caput
3033 5392 3274 5448 omnium
3307 5393 3362 5447 in
3387 5405 3454 5450 se

1869 5483 2224 5548 credentium,
2277 5492 2332 5538 et
2372 5499 2562 5540 omnes
2588 5484 2874 5538 credentes
2899 5483 3007 5538 sint
3035 5483 3152 5554 ejus
3181 5483 3447 5551 membra,

1867 5584 1923 5632 et
1977 5576 2079 5630 hoc
2126 5575 2264 5640 ideo,
2321 5583 2379 5630 ut
2416 5590 2660 5631 essemus
2704 5575 2878 5630 sancti
2911 5585 2967 5630 et
3020 5575 3350 5630 immaculati
3390 5575 3448 5632 in

1866 5675 2156 5735 conspectu
2185 5665 2277 5722 Dei
2316 5665 2498 5720 Patris
2546 5666 2600 5720 in
2629 5665 2892 5721 charitate
2915 5676 2970 5722 et
2999 5667 3307 5731 dilectione,
3337 5683 3450 5738 qua

1864 5759 2105 5830 diligitur
2127 5757 2272 5814 Deus
2296 5767 2351 5813 et
2377 5757 2674 5827 proximus,
2698 5757 2781 5811 vel
2800 5757 2964 5812 etiam
2994 5757 3048 5812 in
3074 5773 3137 5812 ea
3157 5758 3458 5828 charitate».

1865 5871 1973 5930 qua
1995 5855 2112 5929 ipse
2140 5853 2331 5911 dilexit
2356 5867 2482 5922 nos,
2519 5852 2576 5909 in
2605 5852 2723 5927 ipsa
2749 5866 2852 5910 uos
2877 5851 3305 5924 praedestinavit.
3329 5849 3456 5923 Qui
