3996 6458
517 382 620 439 705

1004 380 1360 439 HAYMONIS
1399 380 1877 436 HALBERSTAT.
1922 379 2138 436 EPISC.
2175 379 2327 436 ΟΡΡ.
2369 380 2550 436 PARS
2587 381 2629 436 Ι.
2652 411 2721 422 -
2758 379 3121 437 COMMENT.
3161 379 3332 436 BIBL.

3698 385 3796 440 704

516 500 574 555 in
615 505 822 553 tantum
862 496 1049 552 dilexit
1082 511 1211 559 nos,
1254 505 1312 551 ut
1338 495 1533 550 Filium
1575 511 1734 550 suum
1765 496 2103 567 unigenitum
2132 495 2186 555 Α
2212 493 2585 550 remissionem
2606 504 2953 566 peccatorum
2968 511 3068 566 per
3092 494 3353 566 Spiritum
3381 507 3630 554 sanctum
3646 502 3797 557 nobis

520 589 675 645 daret
722 604 820 659 pro
860 587 1030 652 nobis,
1091 587 1231 642 sicut
1275 586 1440 642 etiam
1486 585 1726 641 Joannes
1779 585 1911 641 dicit
1951 604 1964 639 :
2012 585 2104 642 Sic

519 679 662 736 Deus
675 680 857 734 dilexit
872 679 1148 744 mundum,
1161 689 1217 732 ut
1233 678 1555 748 unigenitum
1569 676 1771 731 Filium
1785 694 1936 732 suum
1955 677 2104 731 daret

520 789 621 846 pro
652 774 851 827 mundo
873 772 1052 842 (Joan.
1079 771 1178 844 ιιι).
1207 772 1321 827 Hoc
1350 781 1533 826 autem
1562 773 1726 827 distat
1749 773 1890 826 inter
1908 771 2104 825 imma-

523 866 761 921 culatum
785 875 839 922 et
865 875 1114 921 sanctum
1143 883 1158 921 :
1190 866 1315 935 quia
1340 865 1719 920 immaculatus
1746 873 1830 919 est
1859 879 1994 934 puer
2021 863 2106 919 vel

524 956 716 1026 aliquis
787 957 1087 1023 hominum,
1157 957 1373 1027 quando
1435 959 1500 1012 ab
1565 958 1817 1012 omnibus
1883 955 2108 1012 maculis

521 1058 869 1120 peccatorum
905 1051 1197 1104 mundatur
1246 1050 1301 1104 in
1347 1049 1616 1120 baptismo
1666 1069 1678 1104 :
1725 1059 1949 1104 sanctus
1976 1064 2108 1104 vero

530 1138 760 1194 eilicitur
785 1139 969 1194 labore
1006 1149 1060 1196 et
1089 1141 1290 1205 studio,
1323 1142 1585 1196 tradendo
1611 1157 1808 1212 corpus
1833 1158 1988 1196 suum
2011 1157 2108 1196 va-

523 1231 621 1285 riis
652 1232 940 1286 tormentis
962 1247 1062 1301 pro
1088 1231 1291 1287 Christi
1323 1234 1560 1295 nomine,
1591 1233 1732 1287 sicut
1765 1234 1939 1288 sancti
1966 1247 2112 1287 mar-

526 1332 674 1395 tyres
698 1322 964 1388 fecerunt,
988 1324 1101 1379 sive
1126 1323 1500 1379 mortilieando
1522 1341 1639 1378 cum
1664 1326 1801 1378 vitiis
1833 1334 1880 1378 et
1921 1340 2112 1377 concu-

523 1414 809 1487 piscentiis.
840 1413 937 1470 Vel
985 1416 1105 1471 ideo
1141 1432 1240 1471 nos
1270 1416 1453 1487 elegit,
1497 1425 1557 1470 ut
1604 1417 1778 1470 sancti
1818 1424 1874 1470 et
1910 1415 2108 1468 imma-

527 1507 692 1562 culati
739 1523 981 1563 essemus
1025 1509 1166 1579 quod
1213 1509 1450 1564 nondum
1495 1525 1736 1575 eramus,
1766 1524 1888 1563 cum
1927 1509 2108 1562 dixit;

530 1596 859 1669 Sicutclegit
883 1613 1002 1664 nos,
1026 1599 1079 1653 id
1099 1608 1182 1654 est
1200 1598 1583 1669 prxordinavit
1610 1614 1706 1652 sua
1735 1599 2110 1667 dispositione,

529 1689 655 1758 quia
695 1687 936 1744 futurum
974 1698 1091 1743 erat
1129 1697 1190 1743 ut
1227 1689 1278 1742 in
1313 1688 1590 1744 Christum
1618 1689 1987 1754 crederemus,
2024 1689 2114 1758 qui

528 1775 915 1854 pra'destinavit
953 1798 1046 1835 nos
1076 1783 1129 1834 in
1160 1781 1492 1852 adoptionem
1537 1780 1768 1850 ﬁliorum
1796 1799 1889 1852 per
1930 1781 2112 1835 Jesum

2210 585 2384 649 daret,
2435 588 2532 642 sed
2578 587 2744 642 etiam
2792 589 3053 658 mysteria
3105 588 3432 658 cognitionis
3480 605 3595 644 sua:
3649 592 3798 648 nobis

2212 677 2507 744 revelaret,
2558 695 2678 749 qua:
2713 680 2768 733 in
2810 677 2960 734 Novo
2989 689 3043 734 et
3074 677 3256 734 Veteri
3297 681 3653 736 Testamento
3677 698 3798 737 eon-

2212 766 2484 834 tinentur,
2525 769 2578 823 in
2619 771 2766 823 omni
2810 771 3076 839 sapientia
3121 770 3301 824 divina
3342 779 3395 826 et
3436 770 3683 824 humana
3725 773 3800 825 vi-

2211 863 2446 918 sibilium
2474 873 2529 920 et
2550 866 2901 920 invisibilium
2929 882 3133 931 rerum,
3166 876 3220 922 et
3253 868 3304 920 in
3335 868 3481 922 onmi
3516 867 3796 937 prudentia

2211 957 2500 1011 visibilium
2551 957 2968 1027 mortaliumque
3013 973 3215 1012 rerum.
3240 957 3373 1012 Nam
3403 959 3677 1028 sapientia
3700 969 3795 1022 est,

2211 1058 2270 1102 ut
2285 1049 2500 1117 quidam
2525 1049 2728 1113 dicunt,
2745 1049 2982 1119 cognitio
3001 1049 3306 1103 divinarum
3333 1051 3798 1116 humanarumque

2213 1154 2413 1205 rerum,
2466 1139 2760 1194 visibilium
2817 1149 2869 1194 et
2926 1139 3321 1204 invisibilium,
3369 1139 3689 1193 mortalium
3752 1147 3798 1192 et

2213 1229 2639 1284 immortalium:
2673 1230 2956 1301 prudentia
3000 1246 3132 1285 vero
3174 1231 3465 1286 visibilium
3521 1239 3582 1284 et
3623 1231 3797 1283 huma-

2217 1334 2408 1376 narum
2457 1328 2616 1388 atque
2645 1319 3102 1374 transitoriarum.
3149 1320 3359 1374 Aliter:
3409 1319 3695 1390 Sapientia
3728 1331 3799 1374 est

2218 1412 2452 1482 cognitio
2475 1421 2676 1468 sancta:
2704 1412 2992 1476 trinitatis;
3037 1413 3321 1482 prudentia
3351 1429 3481 1468 vero
3512 1414 3796 1468 visibilium

2219 1518 2444 1568 rerum,
2497 1503 2998 1572 elenicntorunique
3056 1505 3334 1574 cognitio,
3393 1514 3452 1558 ut
3515 1515 3798 1575 cognoscat

2219 1596 2381 1650 homo
2403 1595 2658 1650 mundum
2687 1615 2716 1650 a
2747 1597 2856 1652 Deo
2877 1612 2996 1651 esse
3021 1595 3243 1654 factum.
3267 1597 3483 1666 quando
3507 1599 3562 1651 ei
3593 1598 3795 1667 placuit,

2219 1697 2275 1740 et
2294 1689 2562 1758 quomodo
2583 1689 2630 1743 ei
2655 1689 2828 1743 visum
2851 1699 2966 1755 est;
2995 1697 3054 1742 ut
3075 1699 3370 1758 cognoscat
3393 1690 3566 1744 etiam
3598 1707 3799 1744 cursum

2221 1778 2479 1844 siderum,
2522 1789 2785 1849 quantum
2837 1780 3086 1834 humanas
3126 1779 3404 1850 fragilitati
3450 1782 3799 1850 pennittitur,

533 1875 798 1930 Christum
828 1875 883 1929 in
917 1876 1108 1945 ipsum,
1137 1875 1422 1930 secundum
1463 1875 1786 1945 propositum
1827 1875 2112 1928 voluntatis
2142 1861 2190 1922 Β
2217 1872 2571 1942 ordinemque
2603 1882 2930 1943 temporum,
2968 1881 3024 1927 et
3052 1871 3323 1942 quomodo
3357 1872 3500 1925 facta
3538 1883 3671 1927 sunt
3696 1875 3798 1936 ista,

531 1987 661 2026 sum.
714 1968 1110 2024 Praedestinare
1162 1977 1246 2024 est
1299 1968 1664 2039 pmordinare
1715 1975 1771 2022 et
1820 1966 2114 2038 praeﬁnire,

531 2061 747 2132 quando
785 2061 915 2116 illud
944 2061 1089 2131 quod
1117 2059 1314 2116 facturi
1346 2076 1554 2124 sumus,
1590 2060 1746 2131 longe
1781 2069 1906 2115 ante
1937 2059 2115 2129 praeﬁ-

533 2153 712 2209 nimus
760 2153 816 2207 in
866 2154 1051 2218 corde,
1100 2153 1318 2223 quando
1367 2161 1421 2207 et
1469 2154 1739 2222 quomodo
1783 2153 1909 2208 illud
1954 2170 2120 2224 opere

534 2243 873 2314 impleamus.
903 2244 1136 2314 AdOptio
1159 2254 1334 2299 autem
1359 2243 1474 2299 sive
1496 2245 1646 2315 optio
1683 2245 1880 2299 dicitur
1903 2245 2116 2300 electio.

537 2335 690 2391 Unde
731 2335 960 2392 dicimus
1006 2335 1290 2406 optimum,
1342 2336 1444 2390 hoc
1474 2343 1559 2391 est
1595 2334 1848 2391 electum.
1874 2335 1964 2391 Sic
1991 2352 2120 2407 ergo

534 2429 676 2485 Deus
709 2430 874 2486 Pater
906 2430 1214 2500 przeﬁnivit,
1258 2438 1314 2484 et
1341 2430 1532 2484 statuit
1559 2430 1612 2483 in
1640 2429 1923 2484 voluntate
1959 2439 2013 2485 et
2041 2431 2122 2484 di-

535 2522 831 2592 spositione
875 2538 994 2588 sua,
1026 2531 1086 2576 ut
1123 2538 1224 2577 nos
1268 2522 1321 2576 in
1368 2522 1690 2577 electionem
1728 2522 1962 2576 liliorum
2005 2521 2121 2589 ejus

538 2614 903 2684 reciperemur
933 2629 1031 2684 per
1050 2613 1234 2670 Jesmn
1269 2615 1548 2668 Christum
1577 2615 1631 2668 in
1657 2615 1853 2684 ipsum,
1879 2615 1981 2670 hoc
2013 2623 2118 2679 est,

548 2717 606 2760 ut
632 2708 684 2760 in
718 2707 892 2776 ipsum
921 2705 1106 2762 Jesum
1135 2706 1415 2762 Christum
1447 2708 1754 2775 credentes,
1780 2708 1871 2762 filii
1900 2709 1992 2764 Dei
2017 2709 2126 2763 elﬁ-

541 2813 790 2853 ceremur
814 2815 911 2869 per
933 2800 1184 2870 gratiam,
1226 2800 1319 2870 qui
1348 2815 1452 2854 non
1482 2816 1698 2855 eramus
1733 2816 1829 2871 per
1849 2811 2118 2856 naturam.

540 2888 848 2945 Secundum
874 2891 1208 2962 pr0positum
1247 2892 1539 2948 voluntatis
1570 2909 1698 2958 suae,
1731 2893 1782 2947 id
1812 2903 1894 2948 est
1929 2909 2124 2949 secun-

539 2983 667 3037 dum
695 2985 836 3053 quod
864 2985 1130 3056 disposuit
1153 2988 1205 3041 in
1228 2987 1503 3042 voluntate
1529 3005 1649 3054 sua,
1677 2990 1732 3043 in
1762 2989 1973 3044 laudent
2005 2989 2122 3060 glo-

538 3077 632 3130 ritv
657 3079 844 3147 gratia:
879 3096 1010 3145 sua},
1043 3082 1097 3134 in
1133 3098 1237 3151 qua
1270 3081 1584 3152 grati/ienuit
1626 3099 1719 3137 nos
1750 3085 1804 3136 in
1836 3083 2124 3138 dilectione

537 3169 660 3224 Filii
694 3172 776 3226 sui
812 3189 825 3226 :
865 3173 972 3226 Deo
1001 3173 1130 3228 dicit
1172 3173 1399 3241 gloriam
1439 3184 1494 3231 et
1537 3178 1786 3245 gratiam.
1825 3177 2009 3234 Gloria
2033 3194 2123 3233 au-

542 3271 646 3319 tetu
678 3265 959 3321 referenda
1004 3274 1088 3322 est
1116 3267 1184 3322 ad
1228 3270 1659 3340 redemptionem
1705 3279 1966 3338 nostram,
2015 3283 2148 3342 qua‘

539 3370 638 3410 nos
667 3356 899 3412 redemit
926 3374 938 3410 :
975 3359 1152 3427 gratia
1181 3368 1359 3414 autem
1393 3361 1459 3414 ad
1485 3362 1911 3432 redemptionem
1939 3379 2126 3432 pecca-

541 3457 739 3513 torum,
781 3464 943 3518 quam
987 3450 1141 3504 nobis
1187 3451 1358 3521 gratis
1407 3451 1554 3506 dedit
1605 3453 1658 3506 in
1713 3454 1985 3523 baptismo
2028 3471 2125 3524 per

540 3537 702 3593 ﬁdem
725 3539 996 3609 passionis
1023 3555 1153 3605 sure,
1179 3549 1234 3594 ct
1261 3556 1357 3610 per
1386 3541 1617 3610 gratiam
1649 3544 1827 3597 sancti
1859 3545 2120 3614 Spiritus.

539 3630 715 3700 Elegit
752 3631 936 3702 itaque
969 3647 1066 3687 nos
1104 3633 1157 3687 in
1197 3633 1520 3688 electionem
1552 3635 1789 3690 ﬁliorum
1816 3652 1912 3707 per
1938 3635 2123 3693 Jesum

538 3722 814 3778 Christum
850 3724 904 3778 in
950 3723 1162 3778 laudem
1203 3726 1388 3797 gloria:
1429 3735 1484 3781 et
1513 3728 1703 3797 gratia:
1748 3744 1880 3795 suae,
1906 3738 1967 3782 ut
2010 3729 2124 3799 ipse

538 3813 790 3869 laudetur
828 3823 884 3870 et
917 3815 1255 3885 gratiﬁcetur
1295 3817 1365 3872 ab
1391 3819 1539 3872 omni
1587 3828 1838 3874 creatura
1884 3821 2126 3876 rationa-

540 3905 652 3960 bili.
684 3905 738 3960 In
764 3922 870 3977 qua
895 3907 1152 3963 subaudis
1175 3909 1367 3978 gratia,
1410 3910 1739 3981 gratiﬁcavit
1769 3927 1888 3979 nos,
1917 3915 2018 3969 hoc
2040 3923 2124 3970 est

539 3997 709 4069 gratis
749 3998 978 4052 redemit
1012 4007 1068 4054 et
1109 3999 1254 4054 dedit
1300 4002 1673 4058 remissionem
1725 4014 2072 4075 peccatorum
2107 4026 2119 4061 :

536 4100 591 4147 et
620 4091 698 4147 sic
725 4093 1063 4161 postmodum
1101 4102 1284 4164 gratos
1318 4103 1374 4149 et
1408 4106 1658 4166 acceptos
1696 4114 1795 4153 nos
1837 4098 1962 4155 fecit
1992 4099 2120 4166 sibi,

535 4183 721 4237 ethoc
747 4197 844 4252 per
885 4185 1194 4254 passionem
1233 4184 1418 4239 dilecti
1457 4185 1581 4240 Filii
1613 4187 1717 4242 sui.
1751 4189 1892 4243 Dicit
1932 4192 2123 4246 beatus

536 4273 916 4345 Hieronymus,
943 4275 1070 4345 quia
1118 4276 1173 4329 in
1207 4275 1396 4331 Grmco
1427 4293 1678 4335 sermone
1723 4295 1828 4334 non
1866 4281 2119 4350 habetur,

541 4363 683 4419 Filio
727 4382 843 4431 suo,
898 4368 994 4421 sed
1041 4368 1414 4422 tantummodo
1466 4369 1709 4426 absolute
1766 4387 1780 4426 :
1828 4373 2018 4430 dilecto
2063 4385 2122 4431 ut

537 4460 852 4520 ostendatur
891 4460 1118 4517 dilectus
1154 4477 1275 4518 esse
1307 4463 1452 4517 omni
1489 4477 1752 4521 creatura:
1785 4470 2115 4526 rationabili.

536 4555 613 4609 lta
639 4565 818 4610 autem
847 4555 1045 4611 dicitur
1079 4573 1111 4610 a
1139 4557 1316 4628 gratia
1343 4557 1672 4630 gratiﬁcare,
1695 4561 1836 4618 sicut
1859 4579 1890 4617 a
1911 4563 2121 4632 justitia

530 4645 850 4718 justiticare.

545 4803 555 4814 ι,
609 4738 675 4793 In
703 4756 826 4810 quo,
851 4740 904 4794 id
934 4748 1018 4796 est
1042 4739 1282 4807 Christo,
1307 4740 1392 4795 vel
1413 4757 1511 4812 per
1540 4741 1835 4809 Christum,
1866 4744 2117 4799 habemus

535 4845 724 4902 omnes
775 4831 1171 4902 redemptionem
1231 4833 1344 4888 sive
1396 4833 1772 4890 liberationem
1828 4836 1893 4890 de
1941 4847 2119 4893 morte

533 4927 603 4998 ad
635 4927 818 4992 vitam,
846 4941 940 4996 per
959 4927 1263 4997 sanguinem
1295 4927 1562 4996 passionis
1605 4929 1742 4998 ejus,
1772 4940 1820 4984 et
1850 4931 2116 4985 remissio-

533 5039 650 5080 nem
675 5034 1029 5094 peccatorum,
1067 5021 1122 5076 in
1154 5021 1496 5090 baptismate,
1531 5036 1626 5091 per
1658 5022 1816 5077 ﬁdem
1851 5025 2121 5093 passionis

531 5119 672 5189 ejus,
699 5118 840 5173 sicut
867 5115 1102 5172 Joannes
1139 5113 1269 5169 dicit
1303 5131 1315 5166 :
1348 5113 1452 5179 Qui
1475 5113 1658 5168 dilexit
1694 5132 1810 5180 nos,
1843 5116 2112 5186 inquiens,

532 5227 580 5274 et
599 5215 722 5270 lauit
742 5231 836 5269 nos
863 5230 895 5266 a
914 5212 1138 5283 peccatis
1177 5210 1368 5263 nostris
1403 5210 1457 5264 in
1497 5211 1749 5281 sanguine
1782 5229 1879 5266 suo
1927 5213 2114 5282 (Apoc.

531 5309 596 5381 ι),
629 5309 732 5364 hoc
753 5316 839 5363 est
865 5321 962 5375 per
988 5303 1297 5374 passionem
1321 5318 1473 5356 suam
1496 5312 1551 5357 et
1577 5319 1674 5372 per
1699 5303 1890 5369 ﬁdem;
1925 5321 2116 5358 secun-

531 5403 660 5466 dum
687 5402 896 5456 divitias
915 5398 1104 5470 gratia:
1141 5414 1274 5462 suae,
1305 5395 1583 5462 subaudis,
1613 5398 1876 5453 habemus
1904 5413 2002 5453 nos
2027 5416 2116 5455 re-

533 5495 892 5566 demptionem
930 5502 986 5548 et
1013 5491 1388 5547 remissionem
1433 5500 1803 5559 peccatorum,
1850 5508 1990 5560 quia,
2021 5508 2113 5546 su-

533 5589 724 5642 haudis
766 5587 964 5656 gratia,
1009 5583 1474 5654 superabundavit,
1526 5583 1578 5637 id
1626 5592 1709 5638 cst
1753 5586 2111 5653 supcrcrevit,

529 5682 588 5735 in
636 5680 782 5734 nobis
835 5680 889 5732 in
942 5677 1081 5730 omni
1143 5677 1402 5730 sapientia
1453 5686 1500 5728 et
1544 5676 1848 5744 prudentia.
1905 5677 2113 5732 Divitias

531 5771 718 5841 gratia:
744 5769 862 5838 ejus
901 5775 1028 5822 sunt
1059 5767 1427 5823 misericordia
1469 5777 1526 5821 et
1549 5768 1742 5835 pietas,
1772 5783 1890 5836 qute
1912 5769 1963 5822 in
1993 5778 2114 5821 tan-

524 5869 649 5934 tum
693 5859 868 5917 crevit
910 5858 964 5914 in
995 5857 1183 5925 nobis,
1230 5866 1289 5914 ut
1338 5873 1447 5918 non
1503 5855 1679 5915 solum
1738 5858 2029 5916 redimeret
2060 5868 2118 5917 et

2147 4609 2202 4671 Β

2221 1973 2275 2020 et
2303 1965 2370 2019 ad
2399 1980 2557 2034 quem
2590 1964 2751 2020 ﬁnem
2774 1965 3015 2020 tendant.

2297 2073 2362 2128 Ut
2387 2085 2568 2129 nolunt
2600 2075 2793 2145 faceret
2833 2076 2999 2142 nobis,
3028 2075 3170 2130 Deus
3206 2075 3389 2140 Pater,
3421 2089 3799 2130 sacramentum

2223 2166 2503 2222 voluntatis
2545 2185 2676 2235 suta,
2724 2169 3011 2223 secundum
3069 2169 3450 2238 beneplacitum
3505 2170 3632 2239 ejus
3685 2171 3800 2240 quod

2221 2263 2490 2331 proposuit
2517 2263 2570 2316 in
2598 2278 2679 2327 eo,
2705 2261 2760 2317 id
2802 2271 2885 2316 est
2915 2262 2968 2316 in
3010 2259 3246 2316 Christo.
3281 2260 3705 2317 Sacrainentum
3733 2273 3799 2318 est

2225 2369 2315 2409 res
2341 2364 2570 2418 secreta,
2601 2355 2653 2410 id
2683 2363 2766 2410 est
2805 2355 3142 2426 mysterium,
3175 2355 3276 2409 hoc
3327 2365 3414 2410 est
3465 2356 3681 2426 aliquid
3723 2373 3798 2410 oc-

2224 2447 2448 2503 cultum.
2489 2447 2643 2514 Quod
2695 2447 2796 2502 fuit
2845 2448 2987 2502 istud
3031 2457 3432 2502 sacramentum
3475 2450 3632 2518 quod
3672 2451 3801 2504 nobis

2224 2537 2590 2593 manifestavit
2619 2538 2758 2592 Deus
2783 2537 2978 2592 Pater?
2999 2537 3311 2609 Mysterium
3341 2540 3657 2594 nativitatis
3673 2541 3800 2595 Chri-

2225 2633 2316 2695 sti,
2347 2631 2615 2701 passionis
2657 2641 2820 2700 atque
2857 2631 3270 2686 resurrectionis
3310 2630 3461 2697 ejus,
3511 2643 3801 2701 nosti-seque

2227 2723 2636 2793 redemptionis.
2688 2723 2952 2778 Voluntas
2990 2723 3133 2776 enim
3165 2721 3257 2776 Dei
3305 2722 3490 2778 Patris
3523 2725 3630 2778 fuit
3665 2739 3801 2794 quam

2223 2814 2532 2884 proposuit,
2563 2814 2674 2868 sive
2703 2813 2969 2882 disposuit
3004 2813 3086 2867 vel
3110 2813 3348 2867 decrevit
3371 2813 3426 2866 in
3461 2813 3691 2868 Christo
3713 2817 3803 2868 sive

2224 2917 2324 2974 per
2342 2902 2616 2958 Christum
2646 2903 2886 2973 implere,
2915 2909 2973 2956 ut
3000 2918 3098 2957 nos
3124 2919 3221 2972 per
3257 2906 3557 2958 adventum
3595 2905 3803 2961 Filii

2226 2993 2638 3048 redimeremur.
2671 2993 2796 3049 Ha‘c
2831 3009 2962 3063 ergo
2999 3004 3339 3049 sacramenta
3381 2995 3693 3051 voluntatis
3715 3014 3804 3051 sua

2227 3087 2386 3141 nobis
2422 3086 2791 3141 manifestavit
2827 3087 2980 3142 Deus
3029 3085 3192 3141 Pater
3241 3102 3338 3156 per
3384 3089 3803 3144 incarnationem

2228 3176 2351 3234 Filii
2381 3177 2486 3244 sui,
2522 3178 2819 3235 secundum
2863 3178 3006 3250 quod
3041 3179 3090 3235 ei
3123 3177 3491 3251 beneplacuit,
3547 3191 3610 3238 et
3640 3199 3805 3239 secan-

2231 3273 2359 3327 dum
2390 3272 2534 3340 quod
2555 3273 2668 3342 ipse
2697 3272 2751 3326 in
2781 3286 2846 3325 eo
2871 3272 3132 3336 decrevit,
3163 3280 3217 3325 et
3245 3273 3466 3340 quando
3494 3274 3603 3327 hoc
3628 3274 3804 3327 factum

2229 3366 2299 3421 sit
2323 3365 2690 3420 manifestavit
2726 3366 2912 3420 dicens
2938 3383 2951 3418 :
2983 3366 3036 3418 in
3067 3366 3478 3435 dispensatione,
3508 3367 3618 3422 hoc
3647 3378 3742 3430 est,
3763 3370 3804 3422 in

2229 3455 2585 3526 dispositione
2637 3456 2717 3510 vel
2757 3456 3100 3511 ordinatione
3137 3456 3485 3526 plenitudinis
3531 3470 3804 3528 temporum

2227 3549 2513 3620 praelinivit
2534 3549 2647 3618 ipse
2663 3549 2806 3604 Deus
2823 3547 2980 3602 Pater
2997 3549 3295 3602 instaurare
3318 3551 3502 3602 omnia
3519 3553 3576 3603 in
3593 3549 3805 3613 Christo,

2228 3643 2342 3697 sive
2372 3657 2476 3712 per.
2515 3642 2808 3696 Christum.
2863 3641 3000 3696 Dicit
3043 3641 3233 3696 beatus
3281 3641 3660 3713 Hieronymus
3705 3645 3806 3714 quia

2227 3749 2338 3804 prae
2371 3735 2538 3788 nimio
2566 3749 2752 3788 amore
2777 3751 2886 3804 quo
2906 3734 3195 3804 Apostolus
3226 3733 3511 3790 Christum
3544 3738 3805 3810 diligebat,

2228 3841 2370 3894 saepe
2399 3825 2830 3881 cxtraordiuarie
2859 3826 3093 3880 nominis
3130 3826 3247 3895 ejus
3274 3828 3621 3884 mentionem
3660 3847 3805 3901 pone-

2226 3915 2340 3982 bat,
2368 3917 2508 3970 sicut
2527 3926 2583 3970 et
2606 3917 2718 3985 ipse
2741 3915 3028 3986 Apostolus
3048 3917 3114 3969 de
3133 3917 3310 3986 seipse
3333 3917 3468 3972 dicit
3494 3938 3507 3971 :
3535 3917 3804 3990 Imperia:

2228 4007 2302 4062 fui
2317 4025 2570 4072 sermone,
2591 4008 2680 4062 sed
2694 4025 2796 4061 non
2809 4008 3022 4062 scientia
3037 4007 3087 4078 (I
3094 4007 3121 4060 I
3137 4007 3257 4062 Cor.
3273 4011 3373 4078 ιι).
3390 4010 3805 4068 Restanrareest

2228 4099 2295 4154 ad
2318 4100 2488 4152 instar
2500 4098 2697 4169 prioris
2723 4107 2895 4153 status
2917 4099 3150 4168 aliquam
3177 4116 3289 4180 rem
3311 4118 3430 4171 qua:
3452 4103 3614 4174 lapsa
3647 4106 3805 4160 fuerat

2227 4205 2506 4245 revocare.
2546 4189 2892 4245 Restauravit
2932 4207 3062 4263 ergo
3105 4193 3246 4248 Deus
3277 4193 3442 4250 Pater
3477 4212 3584 4266 per
3631 4199 3806 4255 Filium

2227 4299 2382 4340 suum
2409 4284 2587 4338 omnia
2629 4301 2744 4355 qua:
2791 4285 2844 4338 in
2882 4283 3007 4339 coelo
3057 4295 3104 4341 ct
3134 4285 3190 4340 in
3233 4297 3373 4342 terra
3403 4301 3560 4356 sunt,
3613 4291 3807 4362 quando

2227 4375 2525 4447 angrlicam
2556 4386 2806 4429 naturam
2836 4384 2890 4431 et
2919 4377 3211 4431 humanam
3253 4381 3551 4448 reparavit.
3587 4382 3722 4449 Quae
3761 4385 3804 4436 in

2228 4470 2364 4526 cmlo
2391 4479 2518 4526 sunt
2561 4471 2858 4540 reparavit,
2903 4472 3118 4540 quando
3149 4471 3463 4540 angelorum
3503 4491 3802 4538 numerum,

2227 4565 2318 4635 qui
2347 4564 2617 4634 quondam
2643 4563 2962 4618 imminutus
2987 4561 3165 4618 fuerat
3187 4580 3254 4618 ex
3295 4563 3448 4635 lapsu
3474 4569 3698 4639 angeli,
3725 4563 3805 4639 pér

2229 4655 2622 4726 reparationem
2653 4655 2870 4725 generis
2908 4654 3134 4708 humani
3176 4656 3486 4725 complevit,
3532 4670 3590 4715 et
3624 4662 3706 4715 eis
3733 4661 3808 4714 le-

2225 4749 2398 4802 titiam
2441 4746 2694 4811 reddidit,
2731 4762 2894 4816 quam
2933 4746 3232 4801 amiserunt
3269 4760 3542 4817 peccante
3581 4752 3801 4807 homine.

2223 4839 2298 4895 Ea
2335 4856 2454 4910 qua:
2492 4841 2545 4895 in
2580 4851 2726 4896 terra
2753 4849 2880 4896 sunt
2917 4840 3211 4909 reparavit,
3242 4842 3462 4910 quando
3507 4861 3687 4915 genus
3718 4848 3802 4900 hu-

2225 4948 2479 4998 manum,
2527 4934 2670 5003 quod
2720 4933 2774 4987 in
2814 4940 3045 4988 mortem
3097 4945 3282 4988 ruerat
3336 4940 3660 5004 peccando,
3707 4942 3804 5009 ipse

2225 5039 2321 5080 sua
2346 5025 2595 5094 passione
2621 5039 2716 5080 sua
2748 5025 3085 5090 redimendo,
3109 5025 3176 5081 de
3204 5034 3376 5080 morte
3425 5033 3712 5086 revocavit
3746 5031 3802 5085 ad

2223 5119 2410 5175 vitam.
2466 5117 2636 5174 Aliter
2678 5137 2692 5172 :
2751 5117 2856 5174 Per
2911 5117 3108 5173 cmlum
3161 5134 3452 5188 possumus
3515 5124 3802 5196 intelligent

2221 5212 2475 5278 Iudaeos,
2535 5213 2630 5283 qui
2703 5211 2945 5267 coelestia
3009 5212 3266 5266 mandata
3317 5228 3681 5285 acceperant;
3721 5233 3803 5288 per

2224 5314 2422 5360 terram
2463 5319 2596 5359 vero
2620 5303 2848 5374 gentiles
2892 5303 2986 5373 qui
3039 5303 3376 5360 solummodo
3416 5314 3639 5364 terrena

2223 5397 2414 5452 tabant
2438 5404 2602 5466 atque
2624 5396 2958 5466 quaerebant,
2999 5403 3052 5449 et
3092 5411 3192 5465 pro
3217 5395 3328 5450 Deo
3361 5397 3504 5452 idola
3537 5400 3798 5454 colebant.

2225 5490 2658 5561 Reparavitergo
2675 5489 2818 5545 Deus
2842 5489 3006 5544 Pater
3033 5491 3213 5544 omnia
3242 5507 3362 5560 qua:
3385 5493 3438 5546 in
3465 5495 3610 5550 cmlo
3626 5506 3681 5551 et
3696 5511 3803 5565 quae

2224 5584 2278 5638 in
2297 5594 2438 5638 terra
2462 5593 2587 5637 sunt
2603 5598 2697 5652 per
2712 5583 3018 5653 passionem
3038 5582 3156 5637 Filii
3175 5584 3279 5648 sui,
3301 5587 3524 5653 quando
3547 5589 3652 5643 hoc
3670 5587 3800 5658 quod

2223 5676 2385 5745 periit
2417 5676 2470 5728 in
2497 5673 2698 5729 Iudaeis
2724 5676 2778 5728 in
2821 5674 3138 5729 inﬁdelitate
3173 5679 3542 5743 manentibus,
3573 5696 3640 5735 ex
3673 5681 3800 5734 mul-

2227 5765 2459 5820 titudine
2486 5765 2726 5835 gentium
2753 5765 3084 5819 venientium
3109 5765 3175 5819 ad
3209 5765 3372 5820 iidem
3412 5770 3725 5839 complevit.
3751 5779 3800 5821 et

2226 5858 2329 5916 hoc
2357 5858 2412 5914 in
2440 5858 2842 5931 dispensatione
2869 5858 3221 5931 plenitudinis
3250 5867 3560 5932 temporum
3589 5861 3733 5926 fecit.
3753 5860 3799 5916 id
