3996 6450
188 412 295 470 705
367 409 396 436 ’

859 406 1223 465 EXPOSITIO
1254 405 1325 502 lN
1362 405 1511 464 EPP.
1557 405 1612 462 S.
1647 403 1874 463 PAULI.
1908 435 1980 447 -—
2018 404 2087 462 IN
2123 405 2340 465 EPIST.
2381 408 2473 465 AD
2510 407 2751 467 EPHES.

3341 412 3445 471 706

177 534 263 583 est
299 523 354 578 in
385 528 544 579 aetate
588 521 767 577 saeculi
815 530 988 587 sexta,
1038 538 1197 592 quam
1230 523 1370 577 Deus
1417 522 1530 592 ipse
1562 521 1753 574 decre-
1783 523 1832 582 Α
1861 518 1935 572 ιίο
1959 519 2309 588 compleatur.
2357 522 2511 578 Unde
2535 523 2732 578 dicitur
2763 522 2925 577 arrha
2957 536 2986 578 a
3019 539 3079 578 re
3102 525 3441 597 complenda,

178 626 333 674 verat
379 626 434 671 et
459 624 740 672 statuerat.
794 616 869 670 De
921 617 1020 670 hac
1076 615 1408 684 plenitudine
1456 622 1756 682 temporum

179 711 311 765 dicit
341 709 465 764 alibi
496 709 635 763 idem
659 709 979 778 Apostolus:
1015 709 1305 778 Postquam
1335 707 1469 761 venit
1492 705 1760 776 plenitudo

178 815 492 876 temporum,
543 803 593 857 id
654 814 737 857 est
775 813 923 858 sexta
973 812 1122 865 aetas,
1183 803 1320 855 misit
1368 801 1510 855 Deus
1558 798 1760 854 Filium

176 912 331 949 suum
348 893 488 964 (Cal.
509 893 602 966 Iv).
620 893 687 947 Et
707 895 848 964 quod
874 894 1005 948 dicit
1027 893 1115 947 hic
1128 893 1408 962 pluraliter
1436 903 1758 961 temporum,

178 994 234 1039 et
267 984 392 1039 alibi
421 985 790 1055 singulariter,
818 995 1027 1056 tempus
1053 1001 1218 1039 unum
1253 985 1502 1054 idemque
1525 992 1628 1038 est.

252 1077 318 1132 In
343 1094 466 1148 quo,
497 1078 653 1131 idest
685 1078 738 1131 in
770 1076 986 1132 Christo
1021 1078 1134 1132 sive
1165 1091 1261 1147 per
1294 1077 1592 1142 Christum,
1623 1085 1762 1130 sorte

177 1171 293 1226 sive
318 1171 581 1226 electione
610 1172 774 1225 vocati
799 1187 997 1235 sumus,
1032 1170 1289 1225 subaudis
1307 1170 1374 1223 ad
1409 1170 1575 1224 vitam
1603 1179 1762 1225 {eter-

175 1278 327 1326 nam,
353 1261 728 1332 prwdestinati,
750 1263 862 1317 sive
891 1261 1233 1332 praeordinati
1265 1261 1548 1316 secundum
1573 1278 1761 1332 propo-

176 1355 339 1407 situm
364 1353 500 1423 ejus,
529 1353 581 1406 id
620 1362 704 1408 est
727 1355 1022 1408 secundum
1070 1353 1480 1423 dispositionem
1537 1354 1630 1408 Dei
1660 1353 1762 1408 Pa-

176 1445 304 1508 tris,
331 1444 422 1514 qui
474 1443 653 1499 omnia
699 1453 954 1514 operatus
983 1453 1066 1500 est
1123 1447 1421 1501 secundum
1476 1445 1759 1500 consilium

175 1536 475 1590 voluntatis
523 1551 651 1600 sure,
702 1537 804 1591 hoc
847 1545 931 1592 est
966 1537 1259 1592 secundum
1304 1537 1445 1606 quod
1497 1538 1611 1608 ipse
1647 1536 1762 1592 vult

175 1643 229 1686 et
265 1633 499 1686 ordinat.
528 1630 758 1700 Ideoque
788 1647 974 1686 sumus
1014 1631 1382 1701 praedestinati
1413 1632 1525 1686 sive
1562 1646 1762 1701 praeor-

175 1724 351 1778 dinati
376 1723 442 1777 ad
472 1723 638 1777 vitam
667 1731 948 1784 aeternam,
972 1733 1030 1779 ut
1055 1725 1225 1779 simus
1256 1725 1307 1780 in
1330 1725 1542 1780 laudem
1574 1726 1761 1796 gloriae

174 1817 334 1885 ejus,
389 1817 646 1871 subaudis
689 1834 789 1872 nos
828 1818 998 1873 Judaei
1034 1819 1124 1888 qui
1180 1828 1303 1874 ante
1345 1820 1679 1890 speravimus
1705 1821 1758 1874 in

1863 625 1962 680 pro
1995 627 2099 681 qua
2141 612 2318 666 datur.
2364 613 2482 683 lpse
2513 630 2642 686 ergo
2672 614 2906 685 Spiritus
2934 625 3153 672 sanctus
3179 621 3448 677 credenti-

1862 703 1963 758 bus
1991 712 2074 758 cst
2100 705 2281 770 arrha,
2309 706 2433 776 quia
2458 709 2526 762 ab
2549 708 2638 762 illo
2658 711 3029 779 operationem
3061 712 3444 772 miraculorum

1864 797 2152 866 accipiunt,
2183 797 2421 868 aliasque
2450 799 2698 864 virtutes,
2730 816 2880 870 spem
2902 801 3171 870 videlicet,
3205 805 3362 861 ﬁdem
3395 817 3452 864 et

1863 889 2204 954 charitatem,
2235 891 2730 960 interpretationem
2785 907 3092 949 sermonum
3149 907 3452 968 ceteraque

1863 981 2190 1051 hujusmodi.
2248 983 2311 1036 Et
2340 983 2383 1037 si
2409 983 2461 1036 in
2493 984 2739 1053 prtesenti
2766 992 2969 1040 tantam
2999 987 3223 1058 gloriam
3252 990 3451 1044 habea-

1863 1088 1984 1127 mus
2011 1075 2077 1128 ah
2105 1073 2216 1139 illo,
2241 1089 2362 1128 cum
2406 1075 2581 1129 adlmc
2603 1075 2820 1128 arrham
2849 1082 3148 1142 teneamus,
3173 1095 3276 1133 non
3306 1078 3453 1136 aliud

1862 1164 1990 1232 quid
2025 1164 2320 1234 putandum
2351 1173 2434 1219 est
2475 1171 2689 1234 quantae
2732 1163 3010 1234 dignitatis
3056 1167 3278 1232 erimus,
3326 1183 3448 1224 cum

1863 1254 2018 1310 nobis
2063 1254 2116 1308 in
2161 1263 2360 1311 :eterna
2409 1256 2664 1311 felicitate
2711 1257 3068 1328 complebitnr
3107 1261 3250 1329 quod
3290 1262 3450 1316 modo

1862 1347 2034 1413 deest,
2061 1350 2112 1403 in
2135 1365 2240 1420 qua
2265 1349 2382 1404 sine
2409 1348 2514 1404 ﬁne
2539 1352 2826 1419 praesentia
2858 1350 2950 1405 Dei
2985 1349 3202 1405 fruituri
3231 1352 3452 1408 sumus?

1861 1438 1930 1492 Et
1957 1441 2250 1494 notandum
2275 1441 2399 1511 quia
2427 1441 2478 1495 in
2511 1443 2932 1513 redemptionem
2960 1443 3330 1514 acquisitionis
3359 1459 3454 1498 no-

1863 1541 2012 1596 strae,
2041 1540 2094 1586 et
2133 1531 2343 1587 laudem
2377 1533 2556 1603 gloria:
2593 1535 2790 1589 Christi
2820 1535 3080 1590 habemus
3107 1550 3205 1590 nos
3234 1534 3451 1590 arrhatu

1864 1621 2102 1691 Spiritus
2123 1623 2318 1687 sancti,
2355 1624 2482 1692 quia
2512 1639 2606 1694 per
2639 1623 2787 1678 illum
2821 1625 3153 1692 acquirimur
3193 1626 3324 1699 Deo,
3370 1641 3453 1680 re-

1863 1711 2064 1783 dempti
2089 1713 2353 1783 sanguine
2379 1714 2560 1782 ipsius,
2592 1715 2643 1768 id
2669 1725 2752 1769 est
2773 1715 2996 1780 Christi,
3029 1725 3084 1772 et
3107 1717 3360 1787 baptizati
3393 1716 3450 1770 in

1865 1805 1969 1860 ﬁde
2005 1804 2149 1873 ejus,
2183 1814 2242 1860 ut
2272 1807 2386 1876 ipse
2431 1806 2574 1862 Deus
2610 1808 2951 1877 omnipotens
2985 1807 3232 1864 laudetur
3251 1817 3307 1864 et
3333 1808 3451 1878 glo-

173 1909 416 1974 Christo,
457 1910 560 1964 hoc
587 1917 670 1964 est
689 1951 703 1976 ,
728 1921 789 1963 ut
817 1910 1067 1966 laudetur
1086 1921 1141 1966 et
1179 1911 1510 1981 gloriticetur
1540 1913 1652 1983 ipse
1693 1912 1762 1968 ab
1791 1890 1839 1952 Β
1869 1898 2128 1953 Timet“?-

172 2001 450 2056 omnibus.
498 2001 565 2055 Et
611 2001 860 2056 laudetur
908 2017 1013 2056 non
1074 2003 1243 2058 solum
1292 2019 1358 2059 ex
1417 2005 1591 2059 salute
1634 2020 1763 2076 gen-

176 2095 341 2159 tium,
377 2095 468 2149 sed
501 2096 663 2149 etiam
695 2111 763 2150 ex
793 2104 1000 2161 nostra,
1032 2112 1154 2152 cum
1190 2096 1451 2153 fuerimus
1481 2098 1761 2168 justilicati

171 2203 278 2257 per
299 2187 624 2256 baptismum
666 2196 719 2242 et
756 2203 854 2256 per
887 2188 1042 2243 ﬁdem
1079 2191 1347 2259 passionis
1376 2191 1515 2261 ejus,
1540 2194 1632 2261 qui
1657 2207 1762 2246 non

170 2288 487 2350 poteramus
512 2278 804 2349 iustificari
857 2296 953 2349 per
986 2281 1178 2352 legem,
1221 2299 1338 2353 quae
1369 2284 1637 2338 neminem
1696 2285 1764 2338 ad

170 2368 478 2441 perfectum
505 2369 747 2424 adduxit.
796 2371 1086 2427 Sciendum
1109 2373 1234 2443 quia
1262 2374 1376 2444 ipse
1398 2387 1582 2430 nostra
1607 2375 1764 2430 laude

170 2477 287 2517 non
319 2471 463 2532 eget,
494 2461 588 2516 sed
630 2477 729 2517 nos
773 2477 997 2534 egemus
1045 2473 1105 2518 ut
1144 2464 1297 2518 illum
1344 2465 1615 2520 laudando
1641 2481 1764 2536 per-

168 2555 459 2609 veniamus
494 2554 559 2608 ad
591 2555 821 2626 gratiam
857 2557 1016 2611 illius.
1056 2555 1218 2610 Verbi
1260 2559 1433 2630 gratia
1472 2578 1484 2612 :
1519 2561 1661 2614 sicut
1685 2559 1762 2614 sol

168 2664 289 2703 non
319 2655 439 2716 eget
477 2655 664 2702 nostro
694 2655 936 2717 aspectu,
967 2656 1028 2702 ut
1075 2663 1174 2702 nos
1203 2649 1504 2704 claritatem
1535 2651 1653 2720 ejus
1679 2651 1763 2705 vi-

167 2741 402 2794 deamus
457 2747 511 2794 et
557 2738 920 2808 splendorem,
972 2739 1051 2794 sic
1111 2755 1208 2795 nos
1262 2741 1562 2812 indigemus
1622 2743 1766 2798 illius

166 2829 361 2885 calore
389 2838 444 2883 et
493 2829 911 2895 illuminatione,
965 2838 1024 2884 ut
1060 2829 1129 2884 ab
1173 2829 1264 2884 illo
1293 2831 1658 2887 illuminemur
1710 2840 1767 2888 et

166 2923 472 2978 calcamus.

239 3016 314 3070 In
345 3033 468 3087 quo,
501 3016 552 3071 id
576 3024 661 3072 est
688 3017 740 3071 in
767 3015 983 3073 Christo
1003 3017 1115 3073 sive
1139 3033 1236 3089 per
1265 3017 1558 3083 Christum,
1585 3027 1633 3072 et
1656 3034 1765 3083 vos,

163 3107 437 3166 subaudis
487 3108 725 3178 Ephesii,
767 3126 885 3164 cum
934 3110 1212 3165 audissetis
1256 3111 1465 3166 verbum
1511 3112 1764 3179 veritatis,

163 3203 280 3257 hoc
305 3210 407 3264 est,
438 3200 781 3272 Evangelium
807 3202 993 3257 salutis
1019 3212 1221 3268 vestrm,
1255 3204 1532 3268 subaudis,
1559 3205 1768 3275 recepi-

1943 1988 2245 2062 Propterea,
2269 1993 2526 2048 subaudis
2551 1993 2675 2063 quia
2697 2007 2794 2048 vos
2822 1994 3037 2049 arrham
3065 1994 3298 2066 Spiritus
3328 2010 3452 2050 san-

1867 2082 1938 2138 eti
1969 2084 2202 2148 habetis,
2228 2084 2475 2154 acquisiti
2509 2085 2639 2140 estis
2657 2077 2796 2149 ~Deo,
2829 2095 2876 2140 et
2910 2103 3001 2156 ego
3027 2086 3244 2140 audiens
3286 2086 3444 2155 ﬁdem

1868 2183 2111 2238 vestram,
2139 2192 2254 2245 ante
2280 2177 2334 2228 in
2362 2175 2583 2228 Domino
2607 2175 2755 2238 Jesu,
2784 2177 2834 2230 id
2863 2185 2945 2231 est
2969 2193 3130 2246 quam
3161 2178 3370 2232 habetis
3395 2177 3447 2231 in

1871 2263 1975 2318 ﬁde
1989 2275 2036 2318 et
2061 2264 2390 2320 dilectionem
2405 2265 2627 2331 Christi,
2646 2283 2806 2336 quam
2824 2268 3034 2324 habetis
3055 2270 3107 2323 in
3139 2287 3312 2324 omnes
3335 2287 3459 2326 sano

1868 2368 1998 2421 ctos,
2024 2359 2125 2413 hoc
2154 2367 2234 2413 est
2267 2359 2320 2412 in
2344 2374 2531 2415 omnes
2561 2360 2925 2415 sanctiﬁcatos
2954 2362 3005 2416 in
3036 2362 3374 2433 baptismate.

1942 2448 2067 2503 Non
2110 2465 2251 2502 cesso
2279 2450 2478 2519 gratias
2514 2467 2672 2520 agens
2699 2467 2792 2520 pro
2819 2451 2983 2516 vobis,
3023 2454 3280 2509 subaudis
3315 2455 3446 2519 Deo,

1869 2558 2172 2596 memoriam
2199 2541 2398 2610 faciens
2429 2544 2583 2596 vestri
2611 2544 2663 2596 in
2684 2543 3006 2599 orationibus
3033 2547 3178 2609 meis,
3213 2548 3448 2618 primum

1868 2649 1966 2702 pro
2008 2648 2116 2697 me,
2159 2632 2352 2687 deinde
2390 2648 2489 2702 pro
2522 2635 2694 2697 vobis,
2742 2645 2795 2687 ut
2844 2635 2984 2690 Deus
3027 2636 3236 2691 Domini
3283 2640 3447 2695 nostri

1867 2725 1994 2780 Jesu
2027 2724 2244 2790 Christi,
2277 2725 2330 2780 id
2365 2734 2445 2781 est
2477 2727 2618 2782 Deus
2643 2726 2804 2781 Pater
2832 2728 2922 2796 qui
2952 2737 3035 2784 est
3066 2728 3224 2791 Deus,
3251 2745 3462 2786 assum-

1869 2827 1960 2890 pto
1991 2819 2208 2874 homine
2238 2834 2267 2873 a
2298 2820 2494 2885 Verbo,
2523 2829 2571 2874 et
2611 2821 2771 2875 Pater
2815 2821 3018 2892 gloria,
3067 2823 3122 2880 id
3167 2833 3250 2880 est
3298 2825 3462 2883 Pater

1868 2910 2064 2977 Verbi,
2116 2911 2201 2964 det
2241 2912 2384 2964 vobis
2433 2912 2690 2981 Spiritum
2735 2914 3006 2984 sapientia:
3045 2925 3095 2970 et
3136 2917 3462 2974 revelationis

1870 3003 1984 3057 sive
2034 3002 2516 3067 manifestationis,
2572 3003 2625 3056 in
2684 3005 2951 3074 agnitione
2982 3006 3132 3076 ejus,
3189 3008 3292 3064 hoc
3341 3018 3460 3075 est,

1870 3093 1926 3148 in
1965 3094 2328 3164 cognitionem
2370 3095 2460 3148 Dei
2499 3094 2696 3148 Patris.
2748 3093 2926 3160 Quare
2970 3097 3126 3161 dixit,
3178 3115 3281 3152 non
3315 3117 3458 3155 cesso

1869 3203 1963 3258 pro
2003 3186 2142 3240 vobis
2184 3186 2385 3256 gratias
2424 3185 2628 3241 referre
2665 3185 2814 3240 Deo?
2851 3185 3102 3258 Nunquid
3125 3205 3339 3260 semper
3363 3207 3460 3260 po-

162 3292 273 3348 διεδ
314 3292 474 3346 ﬁdem
511 3265 656 3360 eju's,
686 3294 884 3365 inquo,
931 3294 982 3348 id
1021 3303 1103 3350 es;
1150 3265 1217 3349 in'
1249 3296 1464 3350 Christo
1506 3265 1768 3351 5mm,“
1796 3265 1841 3327 C
1875 3286 2016 3330 terat
2070 3277 2320 3332 insnstere
2367 3278 2614 3332 laudibus
2654 3285 2708 3332 et
2747 3278 3127 3335 orationibus?
3171 3279 3318 3345 Non,
3369 3283 3464 3338 sed

160 3385 390 3457 signati,
421 3386 472 3439 id
495 3394 579 3440 est
605 3385 822 3456 sigillati
851 3386 933 3440 vel
959 3387 1218 3457 assignati
1247 3389 1370 3441 estis
1403 3386 1605 3458 Spiritu
1638 3406 1764 3451 pro-

160 3477 440 3531 missionis
474 3487 674 3539 sancto,
724 3477 777 3531 id
823 3486 907 3533 est
939 3493 1036 3548 per
1075 3477 1335 3546 Spiritum
1368 3487 1644 3545 sanctum,
1673 3481 1767 3551 qui

159 3568 475 3642 promissus
503 3577 584 3624 est
623 3583 654 3623 a
693 3569 922 3623 Domino
950 3569 1239 3638 apostolis,
1273 3578 1327 3625 et
1354 3586 1450 3640 per
1484 3585 1642 3640 quem
1668 3586 1769 3626 nos

158 3660 442 3717 habemus
472 3660 885 3728 promissionem
920 3661 1045 3716 vitae
1081 3661 1134 3716 in
1166 3662 1455 3732 baptismo.
1494 3664 1766 3735 Assignati

157 3768 306 3825 ergo
349 3767 536 3806 sumus
563 3751 672 3805 Deo
703 3767 800 3821 per
836 3751 1097 3822 Spiritum
1129 3763 1376 3808 sanctum
1403 3794 1417 3816 ,
1447 3769 1606 3822 quem
1640 3770 1765 3823 per-

158 3843 420 3915 cepimus
450 3842 502 3896 in
535 3842 825 3911 baptismo,
861 3843 986 3911 quia
1020 3843 1352 3913 signaculum
1396 3845 1766 3900 similitudinis

159 3935 292 3997 Dei,
321 3933 462 4002 quod
487 3931 820 4002 perdidimus
843 3942 1103 4001 peccante
1124 3935 1296 4003 primo
1317 3943 1539 4003 parente
1558 3946 1766 4002 nostro,

156 4025 307 4080 illud
335 4025 626 4093 recipimus
665 4024 716 4076 in
747 4025 1047 4094 baptismo,
1078 4026 1180 4079 hoc
1211 4034 1293 4079 est
1321 4025 1684 4082 innocentiam
1718 4035 1773 4083 et

157 4116 521 4170 sanctitatem
547 4113 758 4176 animae,
789 4113 840 4167 in
864 4129 967 4183 qua
991 4113 1152 4169 homo
1175 4113 1348 4169 factus
1373 4125 1453 4169 est
1480 4116 1547 4169 ad
1578 4116 1770 4188 imagi-

157 4221 305 4261 nem
333 4213 388 4256 et
413 4201 820 4257 similitudinem
853 4203 945 4257 Dei
977 4221 990 4257 ς
1019 4220 1126 4259 non
1156 4204 1300 4258 enim
1333 4205 1385 4258 in
1419 4220 1647 4275 corpore
1671 4206 1773 4261 fuit

158 4299 265 4354 illa
308 4295 603 4351 similitudo
632 4305 687 4350 et
716 4296 915 4367 imago,
943 4297 1036 4351 sed
1059 4297 1114 4351 in
1136 4297 1335 4352 anima.
1390 4296 1662 4354 Habemus
1692 4300 1770 4354 si-

162 4391 398 4463 quidem
451 4389 812 4444 innocentiam
861 4390 1054 4443 anima:
1102 4397 1401 4460 receptam,
1442 4393 1653 4462 purgati
1704 4393 1772 4447 ab

162 4480 325 4538 omni
354 4480 475 4535 labe
501 4481 728 4550 peccati,
760 4491 813 4534 et
838 4481 1298 4537 immortalitatem
1331 4483 1382 4536 in
1410 4497 1638 4552 corpore
1655 4482 1770 4552 jam

166 4587 428 4631 tenemus
459 4573 510 4626 in
547 4587 656 4642 spe.
715 4571 839 4638 Qui,
879 4573 1136 4628 subaudis
1162 4573 1396 4643 Spiritus
1427 4583 1668 4641 sanctus,
1697 4585 1770 4630 est

164 4668 368 4737 pignus
391 4665 714 4719 [Hereditatis
736 4674 928 4720 nostra:
952 4666 1005 4719 in
1036 4665 1436 4736 redemptionem
1462 4668 1768 4737 acquisitio-

169 4759 284 4814 nis.
340 4757 481 4812 Dicit
511 4756 699 4812 beatus
726 4755 1087 4828 Hieronymus
1115 4757 1168 4811 in
1201 4756 1577 4827 explanatione
1611 4757 1769 4828 hujus

165 4841 457 4920 Epistolte,
485 4849 608 4918 quia
638 4849 829 4903 melius
866 4856 951 4904 est
980 4849 1191 4913 dicere,
1223 4849 1316 4919 qui
1345 4857 1430 4904 est
1464 4851 1625 4904 arrha
1655 4850 1768 4905 hze-

171 4940 431 4998 reilitatis
473 4948 672 4994 nostra:
706 4955 867 5008 quam
897 4940 1280 5010 pignuszquia
1327 4941 1401 4996 ita
1445 4941 1673 4998 habetur
1714 4944 1768 4998 in

170 5036 391 5091 Graeco.
423 5033 691 5102 lnterpres
719 5033 864 5087 enim
885 5032 978 5102 qui
1009 5033 1147 5087 hanc
1173 5033 1467 5102 Epistolam
1498 5035 1772 5091 transtulit

171 5131 246 5182 de
286 5125 474 5179 Grieco
506 5141 755 5180 sermone
787 5125 840 5180 in
874 5125 1146 5190 Latinum,
1174 5141 1281 5179 non
1313 5126 1618 5197 intelligens
1643 5144 1772 5198 pro-

172 5217 469 5290 prietatem
503 5216 672 5280 verbi,
713 5231 810 5286 pro
849 5216 1010 5270 arrha
1054 5215 1327 5270 transtulit
1365 5215 1576 5286 pignus.
1620 5217 1774 5272 Aliud

172 5307 452 5378 siquidem
481 5315 564 5360 est
592 5307 805 5376 pignus,
831 5307 975 5360 aliud
1001 5308 1160 5361 arrha
1189 5325 1200 5360 :
1227 5307 1421 5378 pignus
1450 5316 1533 5362 est
1556 5308 1772 5363 vadium

173 5404 302 5459 sive
326 5403 713 5466 vadimonium,
759 5405 900 5472 quod
933 5403 1052 5458 ideo
1083 5403 1244 5458 datur
1275 5411 1335 5458 ut
1372 5403 1682 5474 recipiatur,
1719 5413 1776 5459 et

175 5492 364 5550 solent
393 5494 494 5547 hoc
517 5493 646 5547 dare
678 5493 945 5558 homines,
977 5509 1206 5564 quorum
1252 5509 1450 5564 pecora
1492 5494 1775 5548 inveniun-

175 5598 280 5645 tur
311 5587 362 5642 in
395 5586 622 5642 aliorum
648 5588 938 5658 segetibus,
969 5596 1063 5642 aut
1086 5588 1280 5649 vineis,
1319 5596 1413 5643 aut
1440 5588 1525 5643 cui
1556 5588 1773 5658 aliquod

179 5683 446 5736 damnum
483 5680 867 5745 committunt;
899 5681 1062 5734 arrha
1094 5689 1276 5736 autem
1305 5689 1578 5750 estquam
1603 5681 1795 5742 solent.

179 5772 554 5840 negotiatores
575 5773 704 5827 dare
734 5771 838 5826 illis
864 5788 893 5827 a
928 5772 1122 5843 quibus
1162 5773 1362 5842 aliquid
1405 5783 1612 5839 emunt,
1658 5789 1778 5844 qua:

182 5866 488 5923 idcodatur
510 5884 614 5921 non
644 5877 703 5920 ut
717 5865 1028 5936 recipiatur,
1046 5865 1139 5921 sed
1158 5873 1217 5919 ut
1234 5865 1376 5934 quod
1390 5866 1454 5921 de
1473 5877 1631 5926 estex
1651 5883 1779 5937 prc-

1799 4618 1852 4679 D

1867 3378 2088 3441 propter
2113 3371 2404 3424 maximam
2441 3370 2812 3426 assiduitatem
2837 3369 2972 3425 dixit
3002 3369 3148 3425 talia.
3200 3371 3325 3428 Ideo
3365 3388 3461 3428 au-

1871 3475 1976 3522 tem
2014 3466 2247 3521 diximus
2287 3465 2455 3521 Deum
2495 3466 2711 3520 Patrem
2741 3463 2910 3518 Deum
2940 3479 3059 3520 esse
3110 3465 3344 3522 hominis
3373 3481 3462 3522 as-

1870 3558 2114 3627 sumptia
2136 3555 2311 3614 Verbo
2337 3560 2462 3628 quia
2481 3557 2534 3610 in
2564 3557 2794 3612 veritate
2822 3556 2895 3610 ita
2918 3555 3166 3622 habetur,
3191 3556 3330 3610 sicut
3347 3555 3461 3626 ipse

1869 3667 1932 3708 ex
1959 3661 2112 3722 parte
2141 3652 2493 3707 humanitatis
2514 3651 2753 3721 loquitur
2775 3651 2828 3705 in
2850 3650 3120 3721 passione,
3139 3649 3464 3715 Deus,Deus

1868 3762 2037 3809 meus,
2064 3762 2226 3814 quare
2258 3761 2338 3799 me
2373 3743 2692 3814 dereliquisti
2721 3742 2938 3815 (Matth.
2964 3741 3166 3814 xxv");
3194 3749 3249 3796 et
3279 3756 3464 3797 resur-

1871 3854 2006 3908 gens
2045 3854 2074 3891 a
2123 3837 2377 3899 mortuis,
2417 3837 2552 3891 dixit
2600 3835 2823 3890 Mariae:
2852 3836 3087 3891 A-scendo
3134 3815 3203 3890 (id
3248 3835 3464 3892 Patrem

1871 3944 2046 3982 meum
2066 3937 2114 3982 et
2140 3927 2352 3981 Patrem
2378 3937 2629 3993 vestrum,
2665 3926 2835 3981 Deum
2873 3944 3045 3981 meum
3087 3937 3136 3981 et
3170 3927 3339 3982 Deum
3370 3946 3460 3984 ve-

1871 4027 2038 4072 strum
2077 4017 2256 4086 (Joan.
2300 4018 2416 4088 xx).
2469 4017 2629 4072 Pater
2665 4026 2844 4071 autem
2884 4017 3068 4088 gloriae
3101 4025 3184 4072 est
3215 4058 3231 4083 ,
3285 4019 3338 4073 id
3381 4027 3466 4075 est

1872 4111 2040 4166 Pater
2079 4111 2273 4175 Verbi,
2313 4110 2439 4180 quia
2470 4109 2586 4179 ipse
2613 4109 2783 4163 Filius
2817 4108 2986 4180 gloria
3026 4107 3350 4179 appellatur,
3379 4109 3462 4164 di-

1873 4216 2030 4264 cente
2063 4205 2226 4263 Patre
2263 4207 2329 4261 ad
2373 4221 2495 4260 eum
2529 4225 2542 4260 :
2572 4205 2834 4276 Exsurge,
2869 4205 3038 4276 gloria
3073 4221 3209 4270 mea,
3247 4220 3468 4275 exsurge

1873 4295 2181 4369 psalterium
2215 4294 2387 4366 (Psal.
2431 4298 2559 4366 LVI),
2590 4295 2641 4349 id
2675 4305 2759 4350 est
2795 4295 2995 4349 chorus
3024 4293 3266 4349 omnium
3299 4295 3469 4347 virtu-

1879 4398 2010 4445 tum.
2069 4389 2174 4444 Per
2218 4388 2364 4442 illum
2413 4388 2557 4442 enim
2598 4386 2928 4460 gloriﬁcatus
2973 4395 3056 4441 est
3098 4385 3240 4442 Deus
3281 4385 3462 4441 Pater.

1949 4482 2284 4537 llluminatos
2327 4481 2502 4536 oculos
2544 4481 2716 4535 cordis
2760 4482 2936 4547 vestri,
2985 4481 3243 4536 subaudis
3281 4492 3335 4536 et
3377 4481 3468 4535 det

1878 4573 2050 4639 vobis,
2081 4581 2140 4627 ut
2169 4573 2348 4628 sciatis
2379 4589 2497 4644 qua:
2521 4573 2589 4627 sit
2613 4589 2727 4644 spes
2759 4573 3044 4628 vocationis
3070 4589 3102 4628 a
3129 4573 3468 4645 subsequen-

1879 4666 2022 4722 tibus
2050 4665 2103 4720 in
2134 4665 2360 4730 sanctis,
2383 4665 2486 4719 hoc
2511 4673 2595 4719 est
2617 4672 2675 4720 ut
2695 4664 2942 4720 habeatis
2962 4681 3113 4736 spem
3136 4663 3469 4737 percipiendi

1879 4757 2046 4812 vitam
2074 4766 2356 4812 mternam.
2397 4755 2675 4827 Sequitur,
2703 4766 2751 4811 et
2781 4758 2956 4811 omnia
2985 4757 3080 4812 sub
3107 4757 3322 4827 pedibus
3355 4756 3470 4827 ejus

1879 4848 2120 4918 subjecit.
2173 4846 2303 4914 Quae
2336 4848 2562 4903 omnia?
2605 4847 2813 4904 scilicet
2855 4865 3052 4919 genera
3084 4849 3384 4914 hominum,
3417 4857 3474 4905 et

1878 4939 2060 4993 omnia
2082 4953 2202 5008 quae
2224 4939 2275 4992 in
2299 4947 2439 4994 terra
2467 4948 2592 4994 sunt
2612 4947 2667 4995 et
2688 4939 2739 4994 in
2764 4940 2902 4994 etelo
2923 4941 3286 4996 continentur.
3317 4940 3474 5008 Quie-

1877 5029 1985 5084 stio
2012 5029 2186 5083 oritur
2225 5029 2277 5084 in
2315 5030 2415 5084 hoc
2457 5030 2574 5086 loco
2612 5047 2734 5087 cum
2773 5030 3057 5087 Psalmista
3085 5032 3260 5097 dicat,
3291 5031 3473 5087 omnia

1882 5120 2123 5190 subjecta
2153 5134 2275 5174 esse
2303 5123 2557 5190 potestati
2588 5121 2709 5176 Filii
2739 5121 2854 5187 Dei,
2888 5122 3028 5176 sicut
3058 5132 3114 5177 et
3138 5122 3190 5177 in
3223 5123 3326 5178 hoc
3355 5123 3475 5179 loco

1885 5211 2105 5272 dicitur,
2124 5226 2294 5281 quare
2309 5211 2598 5282 Apostolus
2618 5214 2670 5267 in
2685 5213 2925 5285 Epistola
2942 5215 3008 5270 ad
3032 5213 3286 5270 Hebraeos
3300 5213 3444 5269 dicat
3455 5253 3470 5280 ,

1881 5309 2099 5364 necdum
2117 5310 2345 5364 videmus
2359 5310 2592 5380 subjecta
2609 5312 2785 5366 omnia
2808 5312 2886 5366 ei?
2898 5310 3057 5382 (Heb.
3077 5311 3160 5384 tt.)
3175 5311 3306 5380 Quae
3327 5327 3476 5382 qua:-

1881 5411 1987 5458 st.o
2025 5405 2129 5458 hoc
2162 5403 2323 5460 modo
2354 5405 2603 5472 solvitur,
2630 5407 2756 5476 quia
2788 5408 2907 5462 dua:
2931 5415 3058 5463 sunt
3086 5405 3470 5476 subjectiones,

1883 5497 2184 5552 voluntaria
2205 5497 2320 5552 sive
2335 5508 2651 5569 spontanee,
2667 5507 2721 5555 et
2733 5485 2974 5554 coactiva
2988 5498 3103 5554 sive
3125 5498 3470 5568 potestativat

1882 5591 1960 5645 De
1973 5590 2278 5645 voluntaria
2295 5591 2807 5663 igitursubjectione
2819 5591 2949 5646 dicit
2965 5589 3253 5662 Apostolus
3275 5589 3340 5645 ad
3351 5589 3479 5645 ilic--

1881 5682 2060 5738 hrzeos
2091 5682 2316 5738 necdum
2354 5699 2472 5741 esse
2512 5682 2750 5751 subjecta
2790 5683 2969 5738 omnia
3002 5683 3075 5748 ei,
3107 5695 3204 5752 per
3229 5681 3387 5738 ﬁdem
3417 5688 3474 5738 et

1884 5773 2214 5830 voluntatem
2250 5795 2261 5830 :
2286 5777 2410 5847 quia
2439 5778 2664 5832 necdum
2690 5790 2882 5831 omnes
2907 5782 3096 5846 gentes
3123 5775 3482 5830 crediderunt

1888 5867 1940 5922 in
1966 5881 2112 5922 eum.
2132 5869 2208 5922 De
2231 5870 2472 5924 coactiva
2497 5883 2626 5923 vero
2651 5870 2766 5924 sive
2788 5868 3116 5940 potestativa
3145 5867 3484 5937 subiectione
