3996 6458
486 422 606 485 ηπ

978 407 1337 482 numerus
1372 408 1856 475 HALBEtts'rA'r.
1894 406 2113 467 uerso.
2150 405 2305 463 ore.
2345 403 2529 463 rans
2564 403 2704 462 1.-
2734 400 3094 463 comm.
3132 398 3307 464 stnL;

490 547 623 605 dicit
649 536 956 606 Psalmista,
980 539 1162 594 omnia
1192 534 1432 605 subjecta
1462 550 1582 591 esse
1610 535 1680 601 ei,
1704 533 1829 603 quia
1860 546 1959 602 per
1988 545 2082 601 po-
2108 527 2160 588 Α
2185 519 2370 577 diendi
2400 538 2563 578 causa
2609 524 2712 579 hoc
2758 524 2915 589 dixit,
2962 532 3017 579 et
3047 524 3150 580 tale
3190 532 3274 580 an
3316 524 3479 596 quale
3506 531 3567 581 et
3596 525 3752 583 illud
3777 540 3803 583 :

492 640 745 701 tentiam,
779 634 945 689 velint
966 631 1165 696 nolint,
1204 629 1372 685 lndmi
1403 636 1562 697 atque
1592 625 1782 697 pagani
1807 634 1863 680 et
1877 625 2080 677 daemo-

490 744 589 786 nes
607 724 831 797 subjecti
855 734 982 781 sunt
1006 725 1054 778 ei
1081 743 1092 777 :
1126 723 1252 792 quia
1276 723 1549 776 diemones
1568 736 1666 790 per
1689 718 2081 773 invocationem

491 819 723 878 asininis
749 818 866 889 ejus
896 818 1152 890 fugantur
1177 817 1245 870 ab
1269 814 1502 870 obsessis
1524 811 1840 882 corporibus
1862 851 1876 876 ,
1902 817 1956 864 et
1982 825 2083 880 pa-

487 913 609 986 gani
638 911 728 966 illo
746 910 1090 981 permittente
1105 908 1332 961 aliorum
1358 920 1517 976 regna
1537 912 1593 958 et
1613 912 1784 957 terras
1798 900 2076 955 invadunt.

485 1006 555 1062 Et
570 1007 758 1073 ipsum,
784 1004 836 1058 id
855 1014 939 1057 est
958 1001 1230 1056 Christum
1255 1000 1392 1053 dedit
1418 998 1556 1053 Deus
1578 996 1752 1058 Pater,
1780 1002 1955 1063 caput,
1980 993 2083 1047 hoc

486 1088 568 1152 ἀει.
584 1095 901 1166 principem,
932 1109 1088 1162 super
1101 1108 1305 1146 omnem
1330 1090 1619 1145 Ecclesiam
1642 1104 1761 1161 qua?
1785 1097 1859 1142 est
1893 1102 2084 1156 corpus

485 1188 671 1262 ipsius,
702 1189 959 1244 subaudis
986 1203 1106 1258 qua:
1134 1194 1346 1241 constat
1373 1200 1438 1240 ex
1466 1185 1669 1257 angelis
1696 1192 1750 1239 et
1775 1181 2083 1239 hominibus

482 1283 672 1355 justis;
702 1284 951 1341 Christus
992 1299 1122 1353 ergo
1162 1290 1320 1353 caput
1358 1283 1471 1337 sive
1511 1283 1762 1353 princeps
1789 1291 1869 1337 est
1898 1280 2084 1337 Eccle-

488 1379 601 1442 siae,
640 1378 766 1448 quia
793 1377 932 1431 sicut
972 1392 1001 1430 a
1041 1376 1217 1445 capite
1245 1371 1799 1444 reguntur‘membra,
1827 1382 1881 1428 et
1910 1390 1939 1428 a
1970 1373 2080 1443 spi-

486 1472 592 1526 rltu
614 1470 920 1524 viviﬁcatur
942 1484 1138 1541 corpus
1155 1510 1170 1533 ,
1196 1469 1269 1522 ita
1300 1476 1355 1522 et
1379 1484 1408 1522 a
1436 1467 1657 1523 Christo
1677 1473 1937 1538 reguntur
1962 1480 2083 1522 om»

485 1581 583 1622 nes
608 1565 763 1621 electi
793 1573 846 1620 et
877 1565 1219 1619 viviﬁcantur
1251 1583 1263 1617 :
1297 1573 1353 1618 et
1381 1563 1521 1618 sicut
1554 1577 1750 1633 corpus
1778 1569 1991 1616 constat
2016 1574 2082 1614 ex

484 1656 698 1714 OSSlbllS
726 1668 778 1713 et
802 1658 1107 1714 carnalibus
1129 1666 1181 1712 et
1208 1656 1437 1711 fortibus
1464 1664 1627 1725 atque
1654 1652 1882 1707 inﬁrmis
1912 1667 2083 1706 mem-

484 1749 616 1815 bris,
649 1759 702 1805 et
724 1758 899 1806 tamen
931 1751 1110 1806 omnia
1137 1764 1165 1805 a
1193 1750 1383 1820 spiritu
1405 1748 1767 1811 viviﬁcantur,
1798 1747 1873 1801 ita
1902 1745 2084 1801 Eccle-

488 1836 843 1897 sia’contiuet
870 1843 922 1897 in
950 1857 1008 1897 se
1038 1841 1208 1898 fortes
1231 1843 1286 1896 in
1314 1842 1418 1897 ﬁde
1447 1848 1499 1895 et
1520 1842 1573 1896 in
1592 1842 1731 1895 bono
1745 1855 1929 1910 opere,
1951 1854 2079 1911 pec-

483 1946 697 1992 catores
730 1952 945 2008 quoque
967 1938 1057 2006 qui
1094 1945 1221 1991 sunt
1248 1936 1445 1990 inﬁrmi
1473 1936 1525 1991 in
1557 1936 1660 1991 ﬁde
1688 1943 1743 1991 et
1776 1936 1828 1990 in
1864 1933 2077 1989 virtuti-

481 2026 581 2081 bus
612 2044 628 2079 :
665 2042 802 2098 quos
832 2036 1011 2083 tamen
1042 2042 1231 2082 omnes
1252 2025 1546 2081 viviﬁcavit
1574 2024 1843 2091 Christus,
1877 2024 1967 2095 qui
1997 2032 2081 2079 est

481 2124 646 2191 caput
669 2109 918 2184 illorum:
935 2118 1061 2174 dum
1092 2133 1185 2175 eos
1212 2119 1283 2173 ad
1306 2118 1465 2173 ﬁdem
1499 2125 1675 2172 vocat.
1723 2116 1790 2170 Et
1811 2115 2078 2187 plenitudo

482 2210 620 2281 ejus,
648 2211 739 2281 qui
776 2212 952 2265 omnia
980 2212 1035 2266 in
1064 2211 1301 2265 omnibus
1345 2207 1677 2279 adimpletur.
1727 2206 2077 2263 Subauditio-

482 2317 581 2357 nes
593 2301 899 2373 hujusmodi
923 2301 1011 2356 hic
1031 2310 1157 2356 sunt
1176 2299 1529 2369 necessarias;
1556 2297 1683 2366 Quae
1698 2297 1937 2353 Ecclesia
1960 2311 2078 2366 qua:

480 2402 565 2448 est
588 2382 786 2463 corpus
813 2391 1035 2456 Christi,
1069 2391 1346 2462 plenitudo
1391 2390 1528 2461 ejus,
1572 2388 1829 2444 subaudis
1877 2395 1980 2451 est,
2024 2387 2077 2441 id

478 2495 585 2551 est,
626 2485 901 2556 plenitudo
942 2485 1186 2556 corporis
1216 2483 1442 2548 Chri-ti,
1488 2498 1607 2554 qua:
1650 2498 1747 2552 per
1773 2482 1953 2536 omnia
1982 2496 2074 2551 ge-

479 2595 610 2636 nera
638 2580 916 2635 hominum
946 2580 998 2632 in
1027 2578 1278 2633 omnibus
1306 2576 1555 2649 gentibus
1590 2573 1866 2628 hominum
1902 2572 2075 2626 adim-

479 2668 657 2742 pletur
694 2712 708 2737 ,
758 2671 863 2725 hoc
915 2677 999 2723 est
1050 2676 1296 2739 augetur.
1355 2666 1490 2720 Dum
1534 2664 1676 2719 enim
1725 2663 1961 2733 quotidie
2010 2676 2075 2715 es

479 2761 704 2833 singulis
752 2762 1004 2833 gentibus
1047 2760 1113 2815 ad
1161 2758 1318 2814 ﬁdem
1360 2756 1563 2812 Christi
1608 2771 1706 2826 per
1748 2753 2075 2825 baptismum

480 2848 776 2919 concurrit,
800 2852 1040 2923 quotidie
1070 2866 1265 2921 corpus
1294 2849 1439 2904 illius
1470 2856 1714 2919 augetur.
1773 2845 1928 2901 Verbi
1956 2860 2077 2914 gra-

480 2946 557 3003 tia
592 2947 775 3003 :sieut
819 2948 890 3001 'de
935 2945 1175 3016 quolibet
1220 2958 1347 3014 rege
1401 2941 1619 3006 dicitur,
1664 2939 1788 3010 quia
1833 2937 1959 2991 dum
2005 2934 2079 2989 ad

479 3041 652 3098 Deum
682 3041 957 3095 exercitus
989 3047 1044 3093 et
1071 3035 1252 3110 populi
1293 3035 1631 3090 diversarum
1669 3029 1908 3103 gentium
1948 3041 2076 3081 con-

480 3130 674 3199 ﬂuunt,
727 3140 974 3204 augetur.

1105 3268 1336 3327 CAPUT
1371 3268 1433 3324 ll.

520 3416 523 3421 ’
558 3406 624 3465 Et
647 3425 757 3476 vos,
782 3408 1040 3465 subaudis
1065 3406 1305 3478 Ephesii,
1337 3422 1454 3463 cum
1498 3404 1675 3461 essetis
1712 3402 1907 3458 mortui
1934 3400 2069 3456 deli-

487 3500 586 3555 ctis
632 3509 682 3555 et
729 3499 958 3570 peccatis
1006 3499 1207 3565 uestris,
1246 3499 1299 3552 in
1328 3498 1531 3572 .quibus
1577 3494 1864 3568 aliquando
1889 3494 2073 3548 ambu-

484 3588 634 3647 lastis
662 3590 950 3644 secundum
975 3587 1228 3644 steculum
1263 3589 1447 3642 mundi
1476 3584 1659 3659 hujus,
1696 3586 1747 3642 id
1776 3594 1859 3641 est
1882 3599 2075 3641 secun-

484 3678 611 3738 dum
652 3680 922 3737 desideria
965 3689 1273 3735 amatorum
1319 3678 1480 3748 hujus
1521 3678 1729 3743 mundi,
1766 3676 2072 3732 secundum

482 3772 769 3845 principem
810 3774 1081 3844 potestatis
1118 3773 1253 3826 aeris
1297 3771 1479 3843 hujus,
1508 3772 1610 3826 hoc
1636 3779 1719 3827 est
1739 3769 2072 3825 voluntatem

487 3866 685 3921 diaboli
717 3884 729 3919 :
762 3865 888 3937 quia
935 3864 986 3919 in
1026 3863 1255 3934 caligine
1290 3863 1450 3934 hujus
1491 3862 1632 3918 aeris
1674 3870 1924 3916 servatur
1946 3876 2072 3916 cru-

487 3957 729 4017 ciandns,
759 3956 993 4027 spiritus,
1038 3953 1094 4010 id
1123 3962 1221 4009 est‘
1243 3951 1488 4009 diabolus
1511 3969 1669 4023 quem
1710 3951 1957 4023 superius
1985 3966 2075 4022 ap-

486 4047 706 4120 pellavit
733 4050 1055 4120 principem,
1098 4048 1186 4119 qui
1233 4063 1370 4101 nunc
1399 4057 1647 4117 operatur
1674 4047 1725 4100 in
1765 4045 1905 4115 ﬁlios
1936 4044 2072 4117 diﬂi-

486 4142 768 4207 (ωηιξη),ἱά
796 4150 901 4206 est,
927 4140 1019 4214 qui
1043 4142 1196 4197 suam
1225 4141 1555 4196 voluntatem
1578 4149 1835 4210 operatur
1865 4139 1920 4195 in
1950 4138 2076 4196 ﬁliis

488 4222 818 4298 difﬁdentiae,
870 4233 971 4287 hoc
1009 4240 1094 4287 est
1133 4231 1185 4284 in
1233 4231 1458 4301 paganis
1508 4240 1563 4285 et
1602 4230 1873 4291 hmrcticis
1915 4240 2075 4303 atque

487 4322 707 4387 ludatis,
736 4324 826 4393 qui
858 4322 1018 4377 ﬁdem
1051 4328 1253 4377 rectam
1290 4330 1345 4376 et
1384 4320 1678 4392 perfectam
1708 4337 1813 4376 non
1854 4320 2072 4378 habent.

490 4412 603 4467 Hoc
643 4402 806 4468 distat
856 4413 999 4468 inter
1042 4410 1294 4468 delictum
1340 4421 1395 4467 et
1439 4422 1753 4482 peccatum,
1784 4410 1908 4485 quia
1946 4413 2078 4469 deli-

490 4511 636 4558 ctum
671 4510 1045 4573 perpetramus
1078 4503 1295 4573 quando
1324 4516 1387 4557 ea
1411 4502 1710 4559 omittimus
1734 4520 1854 4576 qua:
1871 4503 2024 4560 nobis
2047 4520 2077 4558 a

492 4596 604 4651 Deo
657 4596 1048 4666 przeeipiuntur
1100 4594 1346 4666 implere,
1406 4603 1464 4651 ut
1511 4604 1594 4651 est
1641 4594 1770 4651 illud
1809 4595 2072 4666 :Diliges,
2101 4622 2163 4687 η

492 4689 789 4763 proximum
821 4697 966 4743 tuum
1007 4688 1138 4743 sicut
1168 4698 1387 4759 tetpsum
1423 4688 1635 4761 (Matth.
1682 4689 1814 4760 xu).
1849 4688 2074 4756 Quando

490 4766 639 4836 iiium
692 4790 799 4834 non
847 4779 1136 4851 diligimus,
1182 4790 1235 4834 et
1281 4796 1386 4834 non
1420 4780 1751 4835 honoramns
1800 4787 2071 4850 parentes,

490 4872 617 4930 titus
649 4872 1029 4944 delinquimus.
1050 4874 1204 4931 Unde
1227 4874 1428 4930 dicitur
1447 4875 1717 4938 delictum,
1744 4874 1895 4944 quasi
1921 4875 2074 4930 dere-

486 4965 696 5020 lictum.
736 4965 1023 5022 Peccatum
1077 4982 1205 5022 vero
1262 4975 1345 5023 est
1372 5009 1385 5034 ,
1429 4965 1645 5037 quando
1682 4965 1811 5021 illud
1854 4965 2071 5037 perﬁci—

489 5050 596 5122 tltr,
624 5064 655 5111 a
699 5072 803 5128 quo
852 5057 995 5113 Deus
1038 5058 1299 5130 przccepit
1335 5058 1645 5124 observari;
1693 5056 1844 5113 verbi
1877 5059 2095 5130 gratia,

485 5149 627 5207 sicut
651 5158 736 5206 est
762 5168 774 5205 :
802 5148 921 5204 Non
942 5150 1168 5217 occides,
1190 5167 1295 5204 non
1321 5150 1641 5204 adulterabis
1669 5146 1846 5223 (Deut.
1875 5151 1951 5221 ν),
1968 5161 2073 5205 etc.

484 5240 661 5298 Aliter
708 5261 727 5297 :
787 5242 1053 5299 Delictum
1119 5251 1204 5299 est
1269 5242 1320 5297 in
1377 5241 1740 5309 cogitatione,
1795 5249 2075 5312 peccatum

488 5333 544 5390 in
580 5338 916 5406 operatione.
968 5335 1138 5391 Jutkei
1171 5350 1301 5405 ergo
1327 5344 1382 5389 et
1432 5334 1659 5405 gentiles
1691 5334 1889 5388 mortui
1922 5340 2079 5388 crant

490 5422 704 5481 delictis
755 5436 809 5481 et
860 5427 1131 5497 peccatis,
1182 5426 1311 5496 quia
1356 5427 1535 5480 anima
1587 5441 1707 5496 quae
1748 5424 2074 5495 peccaverit,

490 5515 609 5586 ipsa
642 5518 925 5583 morietur,
974 5530 1083 5571 non
1133 5530 1231 5587 per
1270 5517 1654 5581 substantiam,
1702 5518 1794 5571 sed
1823 5526 2072 5588 peccato,

491 5612 714 5677 propter
728 5607 869 5676 quod
882 5607 1088 5663 recedit
1101 5622 1131 5660 a
1146 5604 1256 5661 Deo
1274 5608 1362 5676 qui
1379 5614 1463 5663 est
1475 5607 1583 5661 vita
1600 5604 1953 5671 animaeN-ant
1968 5607 2089 5667 sic:

491 5705 553 5750 ut
572 5696 1008 5769 moriturcorpus
1022 5698 1311 5753 recedente
1325 5698 1524 5763 anima,
1545 5697 1617 5751 ita
1633 5697 1867 5752 moritur
1893 5698 2072 5753 anima

494 5788 779 5845 recedente
807 5792 933 5845 Deo.
974 5790 1144 5857 Quod
1167 5801 1347 5845 autem
1386 5789 1517 5845 dicit
1553 5792 1613 5843 in
1641 5788 1847 5860 quibus,
1878 5792 2076 5846 suban-

486 5877 578 5953 tﬁs
606 5878 819 5939 delictis
838 5891 893 5939 et
919 5884 1187 5953 peccatis,
1211 5882 1500 5953 aliquando
1545 5880 1881 5947 ambulasﬁs,
1908 5880 2076 5953 (blan-

2098 3253 2144 3317 C

2189 614 2392 671 Fuistis
2440 615 2727 686 aliquando
2775 617 3018 681 tenebris,
3063 633 3201 671 nunc
3243 625 3417 672 autem
3442 617 3540 672 lux
3572 620 3642 673 in
3682 617 3807 674 Do-

2185 709 2328 762 mino
2359 707 2575 780 (Epltes.
2610 707 2687 781 ν).
2726 708 2986 779 Sequitur
3015 727 3029 764 :
3063 706 3129 763 In.
3154 710 3362 785 quibus,
3392 711 3670 766 subaudis
3700 711 3804 767 de-

2186 799 2332 856 lictis
2378 811 2435 856 et
2477 802 2738 872 peccatis,
2782 811 2832 856 et
2880 817 2975 856 nos
3020 816 3219 866 omnes,
3275 802 3537 858 subaudis
3580 801 3799 869 Judzi,

2188 894 2477 965 aliquando
2539 898 2844 951 convcrsati
2904 911 3092 951 smnus
3151 896 3206 949 in
3255 895 3541 950 desideriis
3598 897 3803 951 carnis

2188 996 2408 1054 nostrae,
2435 990 2489 1043 id
2527 997 2612 1044 est
2662 989 2717 1043 in
2758 988 3070 1044 carnalibus
3099 989 3553 1059 concupiscentiis
3576 998 3645 1043 et
3681 997 3801 1043 ter-

2185 1081 2332 1135 renis
2364 1079 2747 1151 voluptatibus,
2772 1079 3022 1151 facientes
3049 1080 3365 1135 uoluntatem
3396 1082 3574 1134 carnis
3608 1087 3669 1134 et
3707 1096 3802 1133 eo-

2186 1174 2519 1245 gitutionum,
2543 1175 2645 1228 hoc
2669 1182 2775 1237 est,
2806 1173 2953 1244 quod
2990 1174 3366 1243 cogitabamus
3391 1173 3563 1229 corde
3588 1172 3804 1243 imple-

2186 1264 2380 1320 bamus
2427 1274 2612 1335 opere,
2659 1264 2984 1320 adulterium
3033 1265 3305 1330 videlicet,
3333 1265 3798 1331 fornicationem,

2186 1355 2413 1421 furtum,
2438 1365 2567 1422 etc.,
2596 1366 2645 1411 et
2671 1372 2883 1412 eramus
2912 1366 3104 1412 natura
3146 1357 3245 1427 ﬁlii
3280 1358 3377 1412 ira:
3410 1357 3626 1428 ﬁliique
3674 1359 3801 1412 vin-

2188 1450 2365 1516 dictu},
2398 1450 2531 1503 sicut
2573 1459 2622 1503 et
2655 1451 2831 1504 ueteri
2864 1449 3122 1505 subaudis
3163 1450 3433 1506 homines.
3460 1449 3584 1505 Non
3625 1449 3800 1506 debe-

2186 1550 2308 1594 mus
2352 1548 2545 1611 putare
2589 1541 2733 1610 quod
2778 1550 2977 1595 natura
3028 1542 3263 1596 humana
3305 1558 3336 1596 a
3381 1540 3498 1597 Deo
3538 1541 3690 1597 mala
3722 1543 3796 1597 sit

2187 1641 2373 1686 creata
2403 1640 2457 1686 et
2478 1633 2715 1697 condita,
2758 1634 2885 1703 quia
2932 1633 3095 1699 bona,
3144 1640 3331 1688 sancta
3372 1641 3429 1687 et
3454 1634 3797 1689 immortalis

2187 1719 2332 1776 facta
2363 1730 2469 1786 est,
2499 1722 2595 1777 sed
2621 1722 2756 1777 vitio
2802 1736 2902 1777 suo
2942 1731 3199 1794 corrupta
3233 1731 3290 1779 et
3329 1724 3635 1796 depravata
3682 1736 3788 1781 est.

2187 1812 2269 1867 Ad
2293 1810 2583 1883 imaginem
2633 1821 2689 1869 et
2724 1813 3132 1870 similitudinem
3161 1816 3257 1871 Dei
3298 1813 3478 1899 factus
3506 1825 3596 1873 est
3624 1818 3793 1874 homo

2108 1890 2159 1955 Β
2185 1905 2239 1960 iu
2270 1907 2469 1971 anima,
2526 1922 2634 1961 non
2680 1907 2735 1962 in
2764 1922 3035 1978 corpore;
3080 1909 3174 1964 sed
3223 1890 3507 1980 peccando
3548 1912 3791 1981 perdidit

2181 1996 2474 2068 imaginem
2517 2011 2680 2067 quam
2726 1997 2964 2053 habebat
3003 1999 3057 2053 in
3093 2000 3383 2055 sanctitate
3412 2008 3470 2056 et
3518 2001 3579 2055 in
3624 2001 3787 2058 inno-

2180 2092 2382 2154 centia,
2401 2099 2457 2147 et
2498 2090 2908 2147 similitudinem
2933 2107 3097 2162 quam
3139 2093 3373 2149 habebat
3404 2093 3461 2148 in
3499 2093 3788 2150 immorta-

2183 2182 2353 2238 litate.
2385 2182 2503 2254 Ipse
2532 2188 2714 2238 autem
2748 2185 2913 2239 homo
2941 2199 3049 2240 non
3074 2186 3261 2256 genuit
3296 2184 3498 2241 Filium
3533 2188 3606 2242 ad
3632 2187 3782 2244 illam

2181 2272 2611 2340 similitudinem,
2643 2289 2750 2344 qua
2779 2274 2896 2345 ipse
2916 2273 3099 2331 factus
3116 2284 3220 2343 est,
3262 2278 3357 2332 sed
3385 2277 3460 2333 ad
3484 2278 3785 2350 imagines

2180 2375 2236 2423 et
2255 2367 2664 2423 similitudinem
2698 2383 2853 2424 suam
2883 2384 3046 2441 quam
3080 2369 3193 2441 ipse
3222 2369 3337 2439 jam
3379 2372 3647 2438 habebat,
3682 2375 3783 2430 hoc

2178 2468 2263 2514 est
2304 2466 2647 2529 peccatorem
2694 2469 2752 2516 et
2793 2462 3080 2518 mertalem
3123 2462 3264 2519 sicut
3306 2464 3425 2535 ipse
3460 2476 3613 2521 erat.
3644 2466 3779 2522 Dum

2179 2564 2310 2622 ergo
2337 2561 2658 2623 peccatores
2697 2562 2754 2611 et
2801 2555 3065 2612 mortales
3111 2558 3223 2611 nati
3266 2566 3458 2613 sumus
3483 2573 3555 2613 ex
3587 2559 3785 2630 primis

2177 2645 2495 2714 parentibus
2534 2646 2761 2712 nostris,
2798 2648 2892 2717 qui
2936 2646 3141 2703 similes
3180 2648 3339 2703 nobis
3367 2646 3485 2718 jam
3515 2660 3682 2706 erant
3705 2650 3783 2705 ef-

2176 2733 2333 2800 fecti,
2357 2736 2514 2806 quasi
2553 2744 2747 2791 natura
2780 2738 2895 2793 sive
2926 2738 3251 2794 naturaliter
3276 2753 3500 2796 eramus
3538 2740 3639 2795 ﬁlii
3664 2743 3780 2796 vin-

2179 2827 2354 2890 (ﬁctze,
2403 2827 2532 2897 quia
2578 2837 2801 2899 propter
2846 2830 3352 2900 praevaricationem
3388 2831 3779 2887 mandatorum

2176 2920 2297 2986 Dei,
2328 2936 2433 2991 qua
2472 2921 2813 2990 praeuaricati
2867 2937 3053 2977 sumus
3088 2923 3143 2977 in
3186 2923 3510 2993 parentibus
3551 2924 3781 2990 nostris,

2175 3011 2473 3066 vindictam
2503 3012 2850 3068 merebantur
2872 3014 3143 3086 ancipere.

2204 3156 2209 3165 ,
2249 3102 2389 3157 Deus
2430 3112 2608 3157 autem
2648 3104 2739 3174 qui
2787 3103 2930 3159 diues
2959 3114 3055 3172 est,
3103 3106 3208 3163 hoc
3246 3115 3334 3162 est
3383 3108 3685 3166 abundans
3726 3114 3783 3165 et

2174 3194 2476 3265 multiplex,
2529 3211 2639 3251 non
2680 3196 2856 3252 solum
2912 3200 3153 3268 potentia
3198 3208 3255 3256 et
3304 3202 3531 3268 virtute,
3588 3204 3688 3259 sed
3725 3204 3779 3257 ia

2175 3289 2536 3344 misericordia
2577 3301 2793 3360 propter
2824 3291 3064 3359 nimiam,
3108 3290 3226 3348 sire
3257 3294 3561 3349 maximam
3608 3294 3783 3350 enati»

2162 3390 2337 3435 atatem
2387 3389 2444 3436 et
2495 3380 2841 3439 dilectionem
2884 3398 3039 3438 suam
3090 3400 3194 3456 qua
3239 3400 3335 3440 nos
3379 3385 3615 3455 dilexit,
3664 3404 3779 3443 ea.

2174 3484 2403 3528 essemus
2442 3474 2640 3527 mortui
2676 3475 2923 3544 peccatis,
2955 3487 3023 3530 eo
3048 3475 3209 3531 modo
3232 3468 3341 3546 duo
3363 3479 3629 3548 superius
3649 3480 3782 3535 dixi-

2174 3565 2777 3632 mus.Communicavit,
2793 3566 2849 3621 id
2871 3576 2953 3624 est
2978 3564 3139 3622 simul
3157 3568 3435 3637 viviﬁcaeit
3452 3585 3553 3624 nos
3574 3569 3779 3626 Christo

2174 3659 2233 3714 in
2260 3660 2584 3730 baptismate
2610 3674 2709 3730 per
2751 3660 2909 3715 ﬁdem
2945 3661 3216 3730 passionis
3241 3660 3361 3716 Filii
3390 3663 3479 3717 sui
3516 3682 3528 3717 :
3557 3674 3623 3719 ut
3647 3666 3779 3721 sicut

2175 3752 2266 3810 ille
2299 3768 2574 3824 resurgens
2600 3770 2633 3807 a
2655 3754 2898 3820 mortuis,
2929 3753 3046 3824 jam
3078 3768 3183 3808 non
3205 3756 3438 3808 moritur
3464 3754 3653 3825 (Rom.
3687 3759 3775 3830 tt),

2177 3847 2257 3904 sic
2270 3861 2412 3902 nosa
2432 3855 2653 3915 peccato
2667 3855 3010 3917 resurgentes
3022 3847 3269 3902 vivamus
3280 3848 3776 3918 Virtutibus.Caiu

2176 3940 2436 3996 subaudis
2458 3938 2681 4006 Christi,
2723 3942 2896 4010 gratia
2925 3939 3117 3995 saluati
3142 3941 3294 4008 estis,
3323 3957 3359 3997 ο
3384 3941 3657 4013 Ephesii,
3680 3959 3774 3999 non

2177 4032 2377 4088 vestris
2414 4031 2646 4097 meritis,
2675 4039 2725 4086 et
2762 4032 3189 4087 couresuscitavit
3233 4043 3279 4087 et
3331 4033 3632 4089 consedere
3662 4036 3774 4105 fecit

2177 4125 2237 4179 in
2262 4120 2553 4178 eiulatibus
2582 4125 2637 4177 in
2665 4121 2895 4190 Christo,
2926 4124 2981 4179 id
3011 4131 3097 4179 est
3123 4138 3221 4195 per
3248 4122 3438 4180 Jesum
3466 4123 3769 4182 Christum.

2176 4216 2294 4274 Hoc
2331 4217 2622 4287 dupliciter
2658 4224 2841 4287 potest
2889 4216 3137 4289 intelligi.
3181 4217 3685 4286 Conresuscitavit,
3725 4218 3773 4274 id

2179 4316 2263 4366 est
2310 4309 2473 4365 simul
2523 4309 2870 4364 resuscitavit
2919 4324 3043 4365 cum
3094 4309 3316 4366 Christo
3364 4311 3420 4366 in
3473 4310 3769 4385 baptismo,

2177 4401 2417 4474 quando,
2462 4401 2613 4457 verbi
2670 4402 2864 4474 gratia,
2920 4402 3298 4459 descendimus
3341 4403 3396 4459 in
3447 4403 3688 4474 fontem,
3725 4411 3774 4461 et

2179 4494 2380 4549 mortui
2427 4507 2617 4548 sumus
2657 4502 2886 4565 peccato
2916 4493 3014 4560 ibi,
3064 4494 3205 4550 sicut
3241 4493 3503 4552 Christus
3531 4506 3773 4553 mortuus

2180 4595 2264 4641 est
2300 4586 2354 4640 in
2393 4599 2579 4652 cruce,
2606 4593 2663 4640 et
2712 4585 2990 4656 depositus
3013 4593 3098 4641 est
3130 4586 3189 4641 iu
3223 4586 3567 4658 sepulcrum,
3600 4599 3659 4646 et
3682 4604 3773 4644 nos

2181 4677 2582 4732 resurreximus
2613 4676 2681 4732 de
2711 4684 2884 4732 morte
2912 4678 2983 4732 ad
3005 4678 3195 4745 vitam,
3231 4679 3297 4732 de
3322 4678 3685 4736 immunditia
3708 4680 3771 4734 ad

2178 4770 2555 4827 innocentiam
2583 4813 2598 4838 ,
2654 4771 3013 4843 procedentes
3069 4769 3145 4826 de
3188 4770 3337 4826 fonte
3388 4772 3679 4843 puriﬁcati
3721 4770 3785 4829 α’

2176 4863 2423 4921 mundati
2455 4862 2524 4919 ab
2547 4862 2801 4917 omnibus
2833 4860 3074 4932 peccatis
3115 4861 3255 4918 sicut
3282 4861 3548 4922 Christus
3591 4881 3769 4922 resur-

2178 4954 2323 5007 rexit
2362 4951 2430 5009 de
2477 4952 2745 5023 sepulcro,
2791 4961 2847 5007 et
2875 4951 3236 5008 consedemus
3274 4952 3390 5022 jam
3440 4954 3501 5009 in
3534 4955 3769 5013 ccclesti-

2182 5045 2284 5100 bus
2319 5058 2416 5115 per
2440 5043 2603 5100 ﬁdem
2630 5052 2687 5100 et
2713 5059 2883 5115 spem,
2918 5045 3075 5116 juxta
3103 5044 3249 5115 quod
3273 5047 3536 5117 promisit
3558 5058 3768 5121 aposto-

2181 5137 2272 5204 lis,
2300 5137 2486 5192 dicens
2514 5150 2529 5190 :
2570 5134 2697 5202 Vos,
2743 5136 2939 5207 inquit,
2979 5135 3222 5192 sedebitis
3254 5154 3416 5209 super
3442 5141 3598 5196 sedes
3642 5143 3765 5197 duo-

2180 5230 2345 5283 decim
2369 5226 2581 5299 (Matth.
2601 5227 2739 5300 xu).
2762 5226 2899 5282 Nam
2919 5228 3442 5300 quandoApostolus
3459 5231 3567 5287 ista
3592 5231 3767 5304 loque-

2179 5324 2360 5388 batur,
2393 5321 2446 5376 in
2475 5332 2699 5375 carcere
2727 5326 2845 5375 erat
2858 5320 3087 5392 positus,
3112 5329 3169 5376 et
3200 5328 3385 5377 tamen
3421 5338 3554 5379 cum
3578 5322 3763 5380 ﬁducia

2182 5415 2309 5471 tsiia
2338 5414 2553 5470 diccbat
2593 5426 2604 5468 :
2651 5420 2941 5485 possumus
2975 5422 3031 5469 et
3062 5414 3222 5470 aliter
3263 5416 3596 5489 intelligere,
3629 5418 3761 5474 acci~

2177 5507 2389 5578 pientes
2418 5505 2751 5577 praeteritum
2795 5512 3008 5577 tempus
3035 5516 3135 5576 pro
3170 5498 3374 5573 futuro,
3410 5507 3523 5564 hoc
3563 5510 3759 5565 modo:

2180 5592 2640 5653 Conresuscitarlt
2667 5610 2765 5650 nos
2802 5593 2945 5651 Deus
2978 5594 3143 5652 Pater
3164 5610 3262 5668 per
3287 5599 3596 5668 potentiam
3622 5596 3759 5654 verbi

2182 5690 2285 5757 sui,
2312 5689 2366 5745 in
2393 5691 2480 5746 die
2498 5690 2710 5761 jndfcii,
2734 5684 2789 5745 et
2822 5691 3130 5747 consedere
3159 5688 3325 5747 faciet
3359 5694 3416 5749 in
3450 5694 3760 5751 cmlestibus

2180 5798 2281 5857 per
2323 5781 2599 5837 Christum
2649 5780 2852 5838 Iesum.
2902 5772 3193 5840 lneﬂ'abilis
3231 5794 3315 5841 est
3362 5782 3468 5841 ista
3523 5788 3754 5849 dilectio,

2182 5880 2306 5950 quia
2357 5879 2497 5934 Deus
2540 5876 2705 5934 Pater
2749 5893 2856 5933 non
2888 5877 3061 5935 solum
3108 5895 3208 5951 pro
3245 5878 3428 5950 justis,
3474 5881 3572 5937 sed
3602 5864 3781 5936 etiam
