3996 6452
189 393 386 451 700⁸

866 382 1229 444 anesum
1252 382 1331 455 tN
1369 380 1520 439 eos.
1559 377 1618 436 s.
1658 376 1887 459 vanu.
1920 407 1992 419 —
2028 375 2094 433 tu
2126 375 2351 433 EPIST.
2391 375 2487 433 an
2523 375 2769 435 senss.

3353 375 3461 434 Ἠῶ

170 522 287 580 .pro
312 460 717 577 peccatoribus,
745 508 799 558 et
833 501 977 571 quod
1021 499 1194 569 majus
1231 506 1317 554 est
1343 514 1441 569 pro
1472 496 1765 552 rebellibus
1792 496 1841 557 Δ
1867 491 2068 549 Iudaeis
2097 492 2507 562 appellabantur
2537 492 2886 564 praeputium,
2923 493 3016 564 qui
3055 502 3182 571 sunt
3206 460 3462 571 peccatus

190 600 445 672 dignatus
466 605 552 653 est
582 595 798 650 mittere
824 593 1019 648 Filium
1048 608 1229 658 suum,
1254 602 1307 646 ut
1331 594 1638 652 ostenderet,
1672 602 1771 658 pro

172 706 254 761 Geo
277 690 419 760 quod
461 696 547 744 est
573 695 632 741 ut
669 685 921 741 ostendat
962 685 1016 739 in
1045 683 1252 739 stecut'is
1295 680 1770 753 superuenientibus

185 782 515 838 abundantes
541 779 750 833 divitias
774 778 961 851 gratia:
992 793 1103 831 sua:
1125 792 1281 846 super
1305 792 1418 839 nos,
1451 773 1543 843 qui
1570 774 1624 827 in
1646 787 1771 828 eum

185 874 480 937 credimus,
509 872 564 926 in
587 871 814 925 bonitate
844 870 956 924 sive
987 870 1040 922 in
1068 868 1286 939 pietate,
1312 867 1366 921 in
1387 865 1595 921 Christo
1616 863 1769 933 Jestt,

184 964 290 1020 hoc
325 971 410 1019 est
437 977 534 1034 per
562 960 863 1016 Christum.
903 959 1115 1016 Saecula
1141 960 1392 1015 dicuntur
1415 973 1479 1014 eo
1507 958 1651 1028 quod
1680 973 1771 1014 εει

182 1065 425 1127 quatitur
467 1063 524 1113 et
565 1055 620 1109 in
645 1070 703 1111 se
746 1054 1114 1110 revolvantur.
1154 1053 1286 1110 Ideo
1325 1061 1504 1109 autem
1534 1052 1687 1117 dicit,
1717 1052 1771 1107 in

182 1147 393 1203 sarculis
442 1147 919 1219 supervenientibus
963 1145 1087 1202 ‘sive
1139 1143 1368 1210 futuris,
1417 1145 1545 1214 quia
1600 1144 1769 1199 multa

184 1239 383 1293 siccula
436 1246 491 1293 et
539 1237 708 1293 multa
747 1248 989 1308 tempora
1028 1244 1189 1292 erunt
1226 1244 1349 1305 post
1398 1236 1539 1321 diem
1581 1236 1771 1307 iudicii

183 1340 350 1398 atque
382 1328 818 1395 innmnerabilia,
864 1329 991 1384 licet
1020 1329 1342 1384 continuata
1372 1329 1442 1383 sit.
1478 1329 1616 1384 dies.
1653 1328 1770 1383 Non

180 1418 329 1473 enim
375 1420 452 1474 sol
488 1435 739 1475 occasum
758 1408 1191 1490 patietur,juxta
1222 1418 1353 1475 illud
1381 1437 1394 1473 :
1424 1418 1539 1475 Non
1559 1419 1772 1476 occidet

182 1507 285 1562 tibi
315 1507 453 1562 ultra
482 1509 562 1563 sol
591 1518 732 1565 tuus.
762 1510 885 1566 Istae
911 1518 1039 1565 sunt
1061 1525 1191 1582 ergo
1212 1509 1413 1566 divitia:
1435 1526 1573 1582 quas
1595 1520 1772 1567 osten-

178 1599 278 1653 det
312 1615 615 1670 supernos,
641 1616 780 1671 quas
817 1600 1008 1656 oculus
1042 1617 1148 1657 non
1178 1601 1332 1668 vidit,
1362 1618 1463 1658 nec
1491 1604 1639 1659 auris
1669 1618 1767 1658 au-

177 1688 340 1756 divit,
366 1706 466 1747 nec
488 1691 543 1745 in
565 1706 660 1747 cor
680 1692 915 1747 hominis
933 1693 1296 1749 ascenderunt
1323 1692 1370 1764 (ι
1397 1691 1518 1749 Cor.
1558 1695 1643 1767 tt),
1668 1695 1771 1751 hoc

179 1790 272 1838 est
293 1783 486 1854 gaudia
515 1792 731 1839 aeternae
763 1784 887 1839 vita:
914 1785 1032 1840 sine
1055 1783 1163 1840 ﬁne
1185 1800 1463 1851 mansura,
1498 1801 1618 1856 quae
1637 1794 1768 1844 tunc

1874 601 1964 642 res
1993 595 2047 642 et
2076 586 2236 641 alieni
2265 602 2296 642 a
2325 587 2455 642 Deo.
2492 586 2637 643 Bene
2664 595 2844 641 autem
2870 593 2925 642 et
2946 586 3287 643 circumcisio
3324 587 3459 643 diei.-

1872 688 1961 735 tur
1984 694 2107 735 esse
2130 687 2186 733 et
2213 678 2543 745 manufacta,
2585 678 2712 748 quia
2742 678 2795 732 in
2840 692 2948 732 uno
2974 676 3310 735 solummodo
3332 693 3456 734 cor-

1869 773 2020 844 poris
2046 770 2290 827 membro
2332 771 2419 826 illa
2452 771 2796 827 circumcisio
2824 770 2991 826 ﬁebat
3034 786 3293 826 manuum
3322 786 3454 842 ope-

1872 866 2082 920 ratione
2110 883 2124 920 :
2168 874 2354 919 nostra
2397 879 2525 919 vero
2564 862 2908 918 circumcisio
2936 876 3045 917 non
3078 861 3137 916 ﬁt
3182 862 3235 917 in
3263 876 3459 943 exspoj

1870 957 2090 1013 liatione
2134 958 2293 1013 unius
2328 955 2554 1011 membri
2596 955 2957 1020 solummodo,
2989 955 3084 1010 sed
3115 955 3169 1009 in
3200 965 3314 1010 toto
3342 970 3462 1011 cor-

1869 1064 2002 1120 pore
2049 1058 2107 1105 et
2150 1050 2202 1104 in
2250 1050 2500 1104 omnibus
2568 1047 2816 1119 corporis
2865 1047 3152 1113 sensibus,
3203 1047 3460 1119 quoniam

1871 1140 2309 1196 circumcidimus
2337 1139 2462 1193 vitia
2490 1138 2542 1193 in
2585 1137 2739 1192 nobis
2780 1145 2835 1191 et
2861 1136 3247 1192 delectationes
3277 1136 3459 1217 carnis

1870 1240 1925 1287 et
1953 1231 2421 1301 concupiscentias
2450 1245 2669 1300 pravas,
2708 1228 3074 1300 exspoliantes
3112 1245 3210 1285 nos
3245 1230 3313 1285 ab
3341 1246 3459 1286 om.

1871 1325 2032 1380 nibus
2082 1324 2321 1395 peccatis
2369 1322 2788 1378 delectationum
2843 1331 3008 1393 atque
3056 1322 3459 1393 operationum.

1872 1416 2150 1488 Sequitur,
2178 1416 2267 1471 aui
2287 1417 2445 1470 eratis
2473 1415 2564 1469 illo
2588 1426 2833 1485 tempore,
2873 1423 3166 1484 antequam
3202 1408 3455 1471 credere¥

1872 1510 1962 1571 tis,
1994 1511 2106 1564 sine
2130 1507 2360 1573 Christo,
2394 1508 2496 1564 hoc
2522 1515 2608 1563 est
2650 1507 2767 1563 sine
2807 1506 2911 1561 ﬁde
2954 1505 3184 1573 Christi,
3211 1505 3296 1561 vel
3342 1506 3458 1561 sine

1868 1604 2234 1674 promissione
2267 1604 2333 1660 de
2360 1603 2599 1669 Christo,
2631 1602 2848 1657 alienati
2888 1619 2921 1656 a
2952 1602 3343 1656 conversatione
3368 1599 3461 1677 Is:

1872 1693 2001 1760 rnel,
2034 1694 2088 1749 id
2118 1702 2202 1750 est
2224 1698 2537 1750 extraneiet
2565 1693 2729 1749 alieni
2750 1709 2781 1747 a
2811 1691 3221 1748 conversatione
3246 1690 3459 1751 Ιῖιὼευπ

1870 1804 2024 1856 rum,
2070 1789 2195 1859 quia
2241 1804 2346 1843 non
2392 1786 2695 1844 servabatis
2743 1784 3234 1849 circumcisionem,
3282 1798 3460 1853 neque

175 1875 535 1931 ostendentur
561 1876 718 1931 nobis
745 1890 843 1946 per
863 1876 1141 1933 Christum
1171 1877 1226 1932 in
1249 1876 1463 1933 saeculis
1493 1879 1761 1946 venturis,
1791 1873 1845 1935 Β
1868 1880 2169 1945 sabbatum,
2195 1895 2368 1951 neque
2396 1878 2660 1935 sacriﬁcia
2684 1876 2876 1949 legalia
2910 1874 3241 1942 oﬁ‘erebatis,
3277 1883 3325 1929 et
3359 1875 3457 1928 ho—

176 1967 313 2037 quia
360 1967 413 2022 in
443 1970 698 2039 praesenti
728 1968 927 2025 sacculo
957 1984 1064 2025 non
1094 1978 1323 2041 possunt
1348 1970 1544 2027 videri.

255 2055 439 2112 Gratia
464 2060 622 2126 enim,
653 2060 912 2117 subaudis
947 2060 1065 2127 Dei,
1106 2060 1292 2117 salvati
1332 2063 1456 2118 estis
1496 2062 1563 2119 de
1592 2073 1769 2121 morte

175 2149 251 2206 ad
277 2150 439 2206 vitam
468 2170 560 2222 per
582 2153 737 2222 ﬁdem
771 2155 823 2209 in
849 2155 1196 2226 baptismate,
1236 2171 1345 2211 non
1368 2157 1565 2213 vestris
1600 2159 1785 2221 meri-_

179 2245 280 2312 tis,
310 2234 480 2301 ethoc
499 2287 515 2312 ,
547 2245 804 2302 subaudis
834 2250 979 2319 quod
1003 2247 1195 2320 salvati
1223 2248 1355 2303 estis
1382 2258 1439 2303 et
1474 2244 1767 2306 ﬁdem'ha-

178 2340 328 2397 betis
374 2357 476 2394 non
499 2349 573 2393 est
596 2356 660 2394 ex
683 2341 841 2407 vobis,
875 2340 971 2395 Dei
1016 2342 1154 2396 enim
1189 2342 1401 2397 domum
1420 2351 1520 2409 est,
1546 2351 1608 2397 ut
1635 2343 1771 2400 salvi

175 2434 304 2489 sitis
330 2442 384 2488 et
413 2431 570 2487 ﬁdem
594 2433 856 2489 habeatis.
879 2433 1032 2491 Unde
1064 2434 1326 2490 Dominus
1356 2435 1523 2491 dicit:
1553 2435 1669 2491 Hoc
1692 2445 1771 2495 est

174 2542 313 2597 opus
338 2524 453 2593 Dei,
482 2536 538 2580 ut
568 2526 790 2582 credatis
832 2529 886 2582 in
914 2545 1032 2582 eum
1061 2527 1242 2597 (Joan.
1275 2534 1370 2602 vr).
1426 2528 1482 2584 Si
1513 2547 1646 2601 opus
1673 2531 1768 2587 Dei

173 2625 288 2682 est,
314 2632 419 2671 non
441 2626 523 2672 est
548 2632 615 2672 ex
631 2618 807 2674 nobis.
831 2618 876 2673 A
910 2618 1065 2674 nobis
1087 2617 1353 2690 siquidem
1393 2636 1565 2693 neque
1588 2622 1769 2689 ﬁdem,

172 2723 361 2777 neque
374 2707 603 2767 salutem
618 2709 900 2774 habemus,
918 2725 1094 2781 neque
1107 2709 1311 2780 aliquid
1335 2712 1460 2766 boni
1478 2730 1491 2766 ε
1507 2729 1613 2783 qua
1629 2713 1773 2768 Deus

172 2809 431 2871 operatur
454 2798 507 2852 in
538 2799 684 2856 nobis
722 2810 770 2856 et
805 2800 932 2856 velle
975 2811 1020 2856 et
1046 2802 1294 2871 perﬁcere
1323 2801 1490 2874 (Phil.
1520 2806 1605 2875 tt).
1635 2806 1772 2874 Quia

171 2891 365 2948 solent
389 2891 632 2963 plerique
660 2894 840 2950 dicere
870 2905 1121 2966 :propter
1145 2896 1287 2951 bona
1310 2912 1474 2968 opera
1506 2914 1624 2954 mea
1652 2899 1772 2955 veni

169 2986 244 3041 ad
276 2986 456 3053 ﬁdem,
490 2988 610 3043 ideo
639 2988 917 3060 subjungit
943 2990 1256 3059 Apostolus,
1286 3008 1388 3046 non
1419 3009 1483 3046 ea:
1511 2992 1771 3063 operibus,

169 3078 444 3137 subaudis
471 3080 762 3151 accepistis
801 3081 985 3147 ﬁdem,
1014 3091 1069 3136 ut
1114 3099 1179 3137 ne
1214 3084 1331 3153 quis
1373 3083 1647 3153 glorietur,
1677 3084 1775 3140 sed

166 3186 282 3244 per
307 3170 537 3240 gratiam
564 3170 682 3227 Dei.
704 3171 864 3228 Prius
892 3174 1150 3244 prmcedit
1178 3174 1332 3240 ﬁdes,
1363 3175 1557 3230 deinde
1585 3176 1777 3233 subse-

1870 1975 2029 2046 spites
2050 1982 2506 2038 testamentorum,
2529 1971 2789 2028 subaudis
2813 1970 3000 2026 eratis.
3030 1968 3239 2039 Hospes
3261 1967 3460 2023 dicitur

1870 2064 2024 2136 quasi
2064 2064 2190 2119 ostii
2243 2079 2341 2135 pes
2368 2105 2383 2128 ,
2441 2079 2507 2119 eo
2566 2063 2709 2134 quod
2751 2061 2968 2135 quagdo
3029 2054 3469 2133 suscipiebantur;

1871 2155 1925 2211 in
1951 2154 2195 2221 domum,
2222 2156 2454 2226 ponebat
2478 2155 2731 2213 dominus
2752 2155 2968 2221 domus,
2981 2161 3037 2208 et
3060 2153 3153 2225 qui
3194 2153 3458 2223 suscipie-

1870 2244 2054 2310 batur,
2083 2247 2272 2317 pedem
2296 2262 2458 2318 supra
2486 2247 2685 2302 ostium
2712 2254 2805 2302 :et
2833 2245 2973 2300 datis
3004 2244 3225 2309 dextris,
3242 2242 3469 2312 iurabat.

1872 2338 2015 2421 quod
2035 2339 2295 2409 paciﬁcus
2309 2339 2577 2411 essetejus
2591 2339 2867 2410 ingressus
2881 2358 2894 2395 :
2909 2338 3141 2412 gentiles
3151 2352 3278 2408 ergo
3295 2332 3469 2411 transf

1872 2439 2063 2486 euntes
2077 2431 2143 2485 ad
2154 2432 2509 2502 judaismum,
2541 2432 2790 2502 quamvis
2827 2430 3368 2496 circumciderentur,
3407 2440 3465 2487 et

1872 2521 2064 2593 legalia
2078 2522 2337 2578 olferrent
2353 2524 2643 2589 sacriﬁcia,
2661 2531 2839 2579 tamen
2872 2537 2979 2577 non
3001 2522 3125 2577 ideo
3139 2523 3469 2594 reputabant:

1876 2625 1963 2671 tur
1988 2625 2045 2672 ut
2065 2618 2233 2682 cives,
2261 2619 2357 2673 sed
2399 2619 2657 2691 proselyti
2686 2618 3100 2690 appellabantur
3128 2627 3183 2674 et
3212 2620 3471 2695 adventu,

1874 2717 1929 2763 et
1952 2710 2105 2779 quasi
2132 2710 2372 2780 hospites
2396 2710 2737 2766 habebantur
2767 2728 2781 2766 :
2821 2710 3051 2781 ideoque
3077 2711 3207 2766 dicit
3235 2710 3473 2783 Aposto-_

1876 2799 1959 2856 lus
1983 2801 2110 2871 quia
2132 2801 2374 2873 hospites
2403 2810 2453 2856 et
2491 2803 2713 2857 advenae
2740 2811 2794 2859 et
2824 2803 3084 2874 proselyti
3114 2812 3271 2859 erant
3301 2812 3473 2873 testa-1

1876 2900 2183 2947 mentorum
2227 2892 2342 2958 Dei,
2377 2910 2480 2947 non
2499 2895 2744 2949 habentes
2786 2912 2929 2966 spem
2953 2897 3313 2967 promissionis
3340 2899 3471 2971 vitae

1877 2991 2113 3049 teternaa,
2142 2982 2227 3037 vel
2249 2982 2391 3037 illius
2411 2983 2789 3052 promissionis
2810 3000 2930 3055 quae
2961 2984 3105 3042 facta
3132 2996 3218 3042 est
3247 2987 3318 3043 ad
3347 2988 3473 3063 Αϋτ

1880 3077 2090 3143 raham,
2114 3077 2334 3148 quodin
2364 3068 2571 3133 semine
2595 3075 2732 3144 ejus,
2762 3078 2814 3132 id
2841 3078 2992 3134 estin
3007 3078 3223 3134 Christo
3245 3080 3469 3135 benedi-

1881 3168 2066 3225 cenda:
2109 3175 2292 3223 essent
2328 3182 2517 3222 omnes
2560 3174 2753 3238 gentes
2784 3166 2941 3237 (Cen.
2996 3167 3154 3241 ml).
3206 3169 3470 3237 Quamvis

166 3265 368 3335 quitur
411 3265 673 3337 operatio.
714 3265 903 3322 solent
943 3266 1110 3322 etiam
1147 3266 1222 3323 iui
1269 3271 1363 3338 qui
1412 3284 1477 3323 ex
1518 3270 1776 3339 operibus
1801 3244 1848 3311 Ε
1877 3261 2023 3316 enim
2055 3259 2142 3313 illa
2165 3258 2456 3329 promissio
2480 3257 2623 3313 facta
2665 3265 2807 3314 esset
2831 3259 2899 3314 de
2922 3258 3025 3325 eis,
3056 3266 3235 3315 tamen
3258 3259 3332 3314 illi
3360 3276 3471 3316 non

166 3356 297 3414 suis
316 3356 631 3429 gloriantur.
656 3356 964 3414 Cornelium
984 3359 1356 3417 centurionem
1382 3361 1436 3416 in
1464 3362 1778 3433 exemplum

166 3450 441 3515 trahere,
494 3451 736 3507 dicentes
801 3452 929 3522 quia
982 3461 1203 3524 propter
1252 3454 1390 3509 bona
1435 3468 1604 3524 opera
1653 3470 1779 3527 quae

166 3541 438 3608 habebat,
467 3544 667 3597 meruit
711 3542 958 3614 accipere
997 3542 1158 3599 ﬁdem
1202 3544 1503 3600 instructus
1528 3560 1560 3605 a
1587 3543 1778 3601 Petro.

166 3630 390 3701 Quibus
428 3630 859 3702 respondendum
906 3641 993 3689 est
1026 3632 1170 3703 quod
1217 3632 1776 3699 Corneliuscenturio

164 3731 303 3779 erat
355 3719 685 3791 Iudaeorum,
746 3724 957 3779 habens
1004 3722 1368 3794 cognitionem
1421 3733 1481 3779 et
1527 3725 1777 3782 notitiam

162 3814 346 3873 unius
397 3813 533 3870 Dei:
580 3830 610 3868 a
649 3830 762 3885 quo
818 3813 1072 3884 sperabat
1122 3814 1237 3883 ipse
1265 3824 1323 3870 et
1374 3815 1633 3872 credebat
1678 3832 1779 3887 pro

165 3907 300 3965 Suis
334 3905 490 3961 bonis
527 3904 782 3975 operibus
805 3918 863 3960 se
883 3920 1005 3960 esse
1040 3906 1495 3961 remunerandum
1522 3924 1537 3959 :
1568 3914 1624 3961 et
1651 3908 1779 3977 quia

140 3998 390 4069 -aliquid
416 3998 538 4053 ﬁdei
562 3997 798 4053 habebat
813 3993 929 4065 jam
959 4004 1276 4067 perceptum
1298 4011 1463 4065 quam
1479 4000 1776 4055 exornabat

164 4087 343 4147 bonis
379 4086 657 4157 operibus,
701 4084 900 4140 meruit
936 4084 1131 4140 instrui
1175 4099 1209 4138 a
1255 4083 1443 4150 Petro,
1473 4085 1540 4139 de
1589 4087 1781 4157 cogni-

166 4183 336 4238 tione
359 4180 525 4234 totius
562 4177 867 4247 Trinitatis,
898 4186 952 4232 et
991 4177 1260 4247 baptizari
1302 4178 1558 4249 baptismi
1597 4195 1782 4235 sacra-

162 4278 396 4334 mento,
422 4271 539 4325 sine
580 4284 686 4340 quo
726 4284 885 4324 neino
923 4276 1099 4340 potest
1145 4269 1397 4326 mundari
1446 4285 1477 4324 a
1516 4271 1778 4340 peccatis-

167 4361 366 4434 Ipsius
392 4362 527 4415 enim
557 4377 739 4416 sumus
762 4359 994 4431 factura,
1028 4360 1132 4416 hoc
1167 4370 1252 4416 est
1280 4361 1396 4431 ipso
1420 4361 1638 4419 Christo
1680 4364 1781 4417 ad-

159 4451 406 4524 juvante
434 4450 609 4508 effecti
653 4467 843 4508 smnus
864 4450 990 4507 boni
1020 4460 1075 4508 et
1102 4450 1229 4507 facti
1257 4450 1598 4519 innocentes,
1622 4456 1782 4509 creati

172 4548 306 4607 sive
346 4544 588 4599 renovati
640 4542 694 4597 in
744 4543 899 4598 bonis
949 4543 1223 4615 operibus,
1276 4544 1331 4597 in
1379 4540 1587 4599 Christo
1632 4544 1780 4609 Jesu,

1875 3352 2147 3407 habebant
2170 3367 2321 3422 spem
2341 3353 2482 3422 quod
2509 3350 3037 3422 possentpe'rvenire
3065 3352 3132 3408 ad
3150 3353 3471 3421 societatem

1873 3442 2202 3510 Iudaeorum,
2236 3444 2361 3513 quia
2395 3460 2501 3498 non
2552 3444 2822 3501 habebant
2868 3443 3043 3514 legem
3066 3452 3123 3500 et
3147 3445 3464 3516 prophetas,

1875 3535 1929 3591 in
1960 3535 2157 3607 quibus
2184 3537 2300 3607 ipsa
2345 3536 2635 3607 promissio
2670 3536 3077 3603 continebatur;
3115 3548 3163 3591 et
3192 3536 3306 3592 sine
3339 3553 3471 3595 vero

1876 3626 2010 3695 Deo,
2033 3629 2294 3685 subaudis
2313 3630 2497 3696 eratis,
2531 3645 2636 3684 non
2664 3629 2929 3685 habentes
2947 3628 3310 3700 cognitionem
3327 3630 3471 3702 ejus,

1876 3719 2003 3789 quia
2032 3718 2106 3774 dii
2134 3734 2273 3789 quos
2304 3718 2554 3774 colebant
2593 3734 2699 3773 non
2742 3729 2902 3774 erant
2930 3719 3026 3785 dii,
3064 3720 3162 3775 sed
3198 3721 3472 3781 daemones

1878 3821 1924 3866 et
1951 3828 2108 3883 Opera
2136 3828 2387 3866 manuum
2414 3813 2683 3866 hominum
2717 3811 2890 3885 (Psal.
2918 3812 3095 3884 exul).

1953 3905 2111 3960 Nunc
2137 3916 2313 3960 autem
2335 3906 2388 3961 in
2412 3904 2618 3960 Christo
2653 3903 2806 3971 Iesu,
2838 3906 2893 3961 id
2919 3914 3003 3962 est
3045 3921 3145 3976 per
3189 3908 3473 3965 Christum

1879 3997 2231 4063 Jesnm,.sive
2262 3997 2317 4051 in
2348 3997 2453 4052 ﬁde
2493 3996 2619 4052 Jesu
2664 3996 2889 4063 Christi,
2933 4012 3031 4051 vos
3081 3998 3334 4068 gentiles,
3379 4002 3472 4069 qui

1881 4091 2043 4147 eratis
2065 4088 2351 4160 aliquando
2374 4087 2548 4159 longe,
2576 4088 2834 4144 subaudis
2863 4104 2896 4142 a
2924 4088 3035 4143 Deo
3060 4104 3166 4143 non
3198 4088 3338 4155 loco,
3376 4090 3472 4147 sed

1884 4182 2100 4247 merito,
2131 4180 2259 4250 facti
2288 4180 2410 4234 estis
2445 4196 2605 4249 prope
2634 4180 2688 4233 in
2724 4180 2979 4250 sanguine
3007 4178 3237 4247 Christi,
3260 4180 3363 4237 hoc
3388 4187 3476 4238 est

1884 4274 1939 4329 in
1971 4273 2074 4328 ﬁde
2106 4271 2377 4343 passionis
2402 4270 2624 4326 Christi.

1957 4362 2077 4434 Ipse
2101 4364 2239 4417 enim
2273 4361 2520 4418 Christus
2544 4373 2619 4418 est
2660 4378 2796 4433 pax,
2840 4361 2895 4417 id
2942 4369 3048 4430 est,
3098 4362 3475 4431 reconciliatio

1886 4466 2087 4521 nostra,
2118 4455 2245 4526 quia
2282 4471 2382 4509 nos
2428 4454 2798 4510 reconciliavit
2842 4454 2954 4510 Deo
3006 4470 3106 4527 per
3153 4458 3474 4528 sanguinem

1886 4545 2156 4618 passionis
2183 4560 2314 4602 suae.
2351 4545 2419 4600 Et
2442 4546 2568 4617 quia
2595 4555 2814 4617 utraque
2843 4547 3101 4604 subaudis
3129 4563 3328 4619 genera
3376 4550 3473 4607 ho-

171 4641 234 4697 id
265 4648 353 4694 est
394 4654 491 4710 per
519 4638 789 4694 Christum
819 4612 1024 4703 Jesuni,
1076 4638 1192 4696 sive
1238 4653 1336 4711 per
1381 4640 1541 4695 ﬁdem
1580 4638 1783 4697 Christi
1808 4612 1864 4679 Β
1888 4612 2119 4704 ininnm,
2149 4612 2466 4694 Iudaeorum
2499 4637 2707 4694 scilicet
2728 4612 2807 4693 iac
2843 4639 3109 4710 gentium,
3131 4612 3261 4712 vfecit
3290 4658 3475 4715 unum,

168 4732 338 4800 Jesn,
360 4749 476 4803 qua:
504 4732 759 4787 subaudis
772 4733 910 4787 bona
937 4746 1124 4803 opera,
1147 4734 1462 4803 pra'paravit
1480 4732 1619 4789 Deus
1647 4744 1700 4787 ut
1727 4735 1781 4789 in

168 4830 294 4887 illis
323 4826 668 4892 ambulemus,
710 4825 1047 4896 proﬁciendo
1076 4828 1141 4883 de
1168 4828 1365 4882 virtute
1407 4826 1463 4881 in
1500 4827 1778 4883 virtutem.

172 4922 307 4980 Non
337 4921 402 4975 de
429 4918 518 4975 illa
546 4918 758 4975 factura
800 4917 1038 4989 loquitur
1066 4919 1174 4984 hic,
1199 4934 1307 4989 qua
1329 4919 1383 4974 in
1408 4918 1674 4989 principio
1698 4918 1778 4973 fa-

172 5016 257 5074 cti
285 4995 475 5071 sumus
508 5024 568 5069 ut
617 5027 891 5078 essemus,
942 5011 1036 5067 sed
1088 5013 1157 5067 de
1204 5012 1296 5066 illa
1340 5027 1447 5081 qua
1486 5028 1608 5068 cum
1650 5012 1777 5071 mali

171 5121 454 5171 essemus,
479 5101 605 5161 boni
635 5102 813 5159 eﬁ'ecti
842 5117 1029 5158 sumus
1057 5101 1174 5172 ipso
1211 5110 1489 5172 operante.
1576 5092 1579 5093 ⁷

256 5195 484 5268 Propter
510 5196 649 5269 quod
678 5194 956 5259 subaudis,
986 5193 1113 5265 quia
1155 5193 1398 5248 renovati
1437 5193 1571 5247 estis
1600 5193 1653 5247 in
1679 5193 1776 5249 bo-

170 5276 272 5349 nis
315 5290 590 5362 cperibus,
630 5304 883 5342 memores
927 5294 1085 5342 estote
1120 5274 1235 5341 sive
1283 5291 1612 5339 mementote
1650 5286 1774 5356 quia

171 5376 496 5452 aliquando,
537 5378 587 5434 id
617 5388 700 5435 est
736 5386 1026 5448 antequam
1056 5379 1121 5431 ad
1164 5375 1325 5431 ﬁdem
1368 5374 1629 5431 veniretis
1659 5391 1770 5443 ros,

169 5483 362 5548 gentes
383 5472 548 5527 eratis
577 5471 631 5524 in
654 5487 834 5534 carne,
856 5468 910 5527 id
929 5469 1085 5524 estin
1116 5467 1320 5523 carnali
1340 5469 1777 5541 conversatione,

169 5564 277 5639 qui
298 5561 606 5617 dicebnmini
626 5562 939 5633 prwputium
963 5560 1027 5614 ab
1049 5576 1131 5628 ea,
1164 5559 1421 5616 subaudis
1450 5567 1628 5631 gente,
1660 5579 1777 5635 qua:

174 5640 386 5713 dicitur
407 5671 435 5729 a
467 5654 620 5710 vobis
649 5654 973 5733 circumcisio
998 5654 1307 5725 mannfacta
1332 5656 1386 5709 in
1408 5671 1580 5709 carne.
1606 5655 1777 5713 ιιιιάξεί

171 5746 942 5827 propter‘._circumcisionem
991 5763 1019 5801 a
1068 5747 1318 5819 gentibus
1365 5747 1776 5818 appellabantur

173 5824 532 5925 circumcisio
565 5857 578 5895 :
608 5847 665 5905 et
707 5847 916 5912 gentes,
953 5837 1081 5911 quia
1118 5838 1487 5897 incircumcisi
1510 5851 1687 5909 erant,
1743 5860 1773 5899 a

1886 4730 2147 4786 subaudis
2176 4729 2342 4796 ovile,
2370 4740 2426 4784 et
2455 4746 2622 4784 unum
2650 4744 2849 4801 corpus
2880 4730 2935 4784 in
2966 4732 3176 4787 unitate
3223 4728 3478 4791 Eceleﬁte

1882 4834 1939 4882 et
1961 4825 2107 4891 ﬁdei,
2133 4824 2274 4879 sicut
2301 4824 2416 4893 ipse
2441 4824 2765 4893 promisitin
2794 4824 3121 4897 Evangelio:
3151 4824 3219 4880 Et
3247 4827 3358 4894 ﬁet,
3387 4828 3475 4882 in-

1882 4919 2095 4990 quiens,
2126 4934 2289 4971 unum
2315 4914 2519 4987 ovilelet
2543 4934 2679 4971 unus
2701 4930 2883 4990 pastor
2921 4918 3104 4991 (Joan.
3156 4918 3239 4992 ι),
3268 4928 3314 4973 ει
3363 4919 3473 4974 sol-

1882 5026 2028 5076 vens,
2051 5010 2105 5063 id
2130 5015 2213 5064 est
2234 5008 2519 5065 destruens
2546 5017 2601 5064 et
2623 5024 2919 5076 evacuans,
2949 5011 3005 5065 in
3046 5026 3205 5065 carne
3244 5027 3366 5075 sua,
3416 5009 3489 5065 id,

1881 5108 1967 5163 est
1996 5102 2048 5155 in
2079 5100 2327 5172 passione
2353 5115 2470 5164 sua,
2518 5100 2746 5156 medium
2792 5101 3041 5174 parietem
3068 5101 3331 5163 maceriae,
3372 5101 3476 5157 hoc

1881 5202 1966 5249 est
1993 5178 2329 5261 inimicitias,
2356 5193 2616 5250 subaudis
2651 5208 2773 5266 qua:
2797 5203 2955 5251 erant
2997 5192 3141 5249 inter
3190 5193 3326 5250 duos
3372 5208 3489 5265 po-I

1883 5285 2059 5357 pulos.

1954 5378 2141 5451 Legem
2164 5378 2536 5435 mandatorum
2561 5378 2615 5436 in
2649 5379 2867 5434 decretis
2890 5394 3171 5443 evacuans,
3198 5376 3251 5433 id
3285 5384 3389 5445 est,
3418 5376 3476 5434 in

1879 5472 2164 5543 praeceptis
2218 5479 2273 5527 et
2314 5474 2535 5529 statutis
2590 5470 2868 5544 Evangelii
2897 5486 3169 5528 evacuatus
3193 5469 3390 5543 legem,
3418 5478 3475 5525 ut

1882 5567 2036 5630 duos,
2067 5564 2325 5621 subaudis
2371 5566 2621 5638 populos,
2652 5565 2887 5630 condat,
2933 5565 3045 5620 sive
3094 5563 3342 5635 perﬁciat
3390 5561 3477 5623 vel

1883 5657 2113 5713 mdiﬁcet
2139 5658 2196 5713 in
2223 5658 2519 5728 semetipso,
2549 5658 2603 5713 id
2628 5665 2713 5712 est
2737 5657 2791 5710 in
2823 5655 3030 5711 unitate
3059 5654 3182 5710 ﬁdei
3207 5670 3336 5711 suae.
3355 5655 3469 5711 Me-

1882 5751 2028 5823 dium
2056 5751 2317 5823 parietem
2339 5751 2573 5823 appellat
2594 5751 2647 5805 in
2669 5751 2774 5806 hoc
2801 5749 2917 5805 loco
2945 5746 3138 5820 legalia
3172 5760 3468 5821 praecepta,

1879 5843 2370 5912 circumcisionem,
2400 5843 2609 5900 scilicet
2634 5842 3070 5900 observationem
3095 5840 3469 5915 sabbatorum,
