3996 6458
499 423 598 482 7H

975 419 1328 478 HAYMONIS
1366 414 1854 474 HALBERSTAT.
1889 411 2106 471 EPISC.
2149 411 2300 469 OPP.
2343 413 2525 471 PARS
2565 415 2605 472 Ι.
2635 445 2706 457 -
2741 415 3100 474 COMMENT.
3142 415 3312 473 BIBL.
3575 401 3606 430 ⁸

3703 420 3828 494 ηε

499 535 843 592 festivitatem
881 532 1290 588 neomeniarum
1320 538 1374 584 et
1404 528 1798 585 sacriﬁciorum
1821 568 1833 589 ,
1859 541 1977 595 qute
2007 525 2088 580 di-
2115 525 2163 584 A
2194 523 2336 581 illius
2357 535 2482 581 sunt
2517 527 2724 584 fundati
2746 539 2798 584 et
2837 531 3084 596 stabiliti,
3109 530 3250 585 sicut
3275 530 3386 600 ipse
3409 532 3583 587 dixit:
3620 533 3822 603 Supra

496 630 750 683 videbant
781 629 913 681 duos
940 625 1195 696 populos,
1228 623 1442 677 Judmos
1493 631 1547 675 et
1605 619 1834 688 gentiles
1859 659 1871 682 ,
1925 617 2086 670 veluti

495 721 675 790 paries
709 717 899 772 dividit
926 733 990 771 ac
1028 725 1244 786 separat
1291 715 1426 768 duos
1471 713 1737 773 homines,
1787 711 1900 764 sive
1951 710 2087 764 duas

495 829 604 867 res.
639 812 700 864 Et
732 810 874 881 quod
903 810 1037 864 dixit
1063 810 1336 880 parietem,
1364 809 1464 862 hoc.
1488 805 1756 874 exposuit,
1783 819 1904 858 cum
1952 802 2088 856 dixit

493 903 794 957 inimicitias
819 914 867 956 et
890 902 1051 972 legem
1077 901 1470 962 mandatorum,
1490 897 1632 968 quod
1664 903 1883 966 propter
1915 893 2086 963 legem

493 1005 548 1050 et
571 995 968 1050 observantiam
992 993 1110 1062 ejus
1133 1001 1286 1047 erant
1311 992 1608 1047 inimicitiae
1632 999 1683 1045 et
1711 988 2086 1043 contentiones

493 1088 635 1143 inter
647 1088 780 1142 duos
799 1085 1056 1156 populos:
1082 1084 1337 1153 quoniam
1365 1082 1537 1138 Judaei
1564 1081 1897 1151 deputabant
1918 1077 2087 1148 genti-

493 1178 572 1235 les
589 1180 740 1250 quasi
760 1179 1089 1233 immundos.
1121 1175 1224 1231 Sed
1257 1177 1403 1230 illum
1431 1175 1692 1245 parietem
1719 1173 1832 1228 sive
1859 1171 2084 1226 inimici-

493 1271 624 1326 tiam
658 1269 736 1323 vel
765 1269 936 1338 legem
971 1269 1346 1322 mandatorum
1387 1267 1655 1322 destruxit
1706 1265 1820 1334 ipse
1865 1265 1916 1318 in
1965 1278 2084 1333 pas-

493 1364 644 1420 sione
672 1379 786 1420 sua.
832 1363 1046 1432 quando
1091 1377 1190 1431 pro
1233 1360 1484 1414 omnibus
1525 1357 1834 1413 iwntolatus
1869 1366 1972 1421 est,
2007 1357 2085 1411 sic

493 1470 695 1508 vocans
740 1453 969 1525 gentiles
1017 1452 1083 1506 ad
1141 1451 1296 1506 ﬁdem
1345 1460 1399 1505 et
1450 1450 1723 1505 redimens
1772 1448 1938 1503 veluti
1995 1447 2084 1502 Ju-

493 1547 676 1608 (l'nos.
735 1555 789 1600 et
839 1545 1056 1614 insuper
1103 1543 1154 1597 in
1203 1542 1438 1597 decretis
1484 1541 1757 1612 Evangelii
1805 1540 2086 1595 evacuavit

493 1637 664 1708 legem
704 1637 754 1690 in
790 1636 1060 1707 mysteriis
1087 1653 1098 1688 :
1132 1635 1257 1704 quia
1284 1650 1389 1688 non
1418 1634 1676 1704 praecepit
1706 1649 1881 1703 neque
1901 1632 2086 1688 Iudaeo

495 1746 668 1800 neque
696 1728 877 1800 gentili
900 1727 1095 1782 oﬁerre
1123 1725 1452 1781 sacriﬁcium
1482 1735 1536 1779 et
1570 1725 1909 1790 circumcidi,
1945 1733 2087 1795 post-

492 1838 652 1891 quam
700 1822 812 1888 ipse
863 1833 1055 1890 passus
1103 1826 1218 1882 est,
1270 1819 1362 1887 qui
1409 1819 1859 1887 pneﬁgurabatur
1895 1817 1948 1870 in
1981 1815 2087 1870 illis

2193 619 2331 672 hanc
2372 630 2590 690 petram,
2625 621 2676 674 id
2725 631 2809 674 est
2853 635 3016 690 super
3065 637 3150 675 me
3194 622 3464 691 wdificabo
3498 623 3820 680 Ecclesium

2191 726 2359 764 meam
2386 710 2598 782 (Matth.
2631 719 2768 783 xvi),
2798 728 2918 781 qua:
2956 722 3170 767 constat
3193 728 3259 768 ex
3302 715 3505 784 angelis
3529 727 3583 769 et
3618 717 3818 772 homi-

2189 801 2548 871 nibusjustis.
2577 800 2766 856 Omnis
2789 803 2932 856 enim
2959 804 3050 872 qui
3074 802 3231 857 ﬁdem
3260 802 3459 858 Christi
3493 807 3699 868 habet,
3722 824 3824 862 δην

2189 907 2288 962 per
2311 895 2484 963 ipsum
2523 903 2605 949 est
2653 894 2928 959 fundatus,
2959 895 3070 965 ipso
3099 912 3304 950 summo
3335 899 3583 966 angulari
3619 898 3814 967 lapide

2190 983 2396 1039 Christo
2421 985 2574 1040 Jesu.
2604 987 2886 1054 Quomodo
2916 997 3001 1042 est
3027 987 3280 1044 Christus
3301 1000 3354 1044 et
3376 990 3813 1047 fundamentum

2189 1087 2244 1133 et
2272 1095 2516 1134 summus
2557 1080 2728 1149 lapis?
2764 1080 2870 1135 Per
2916 1081 3018 1136 hoc
3065 1082 3210 1152 quod
3262 1083 3330 1136 ab
3384 1083 3472 1137 illo
3529 1085 3817 1154 incipitur

2190 1171 2344 1237 ﬁdes,
2373 1181 2427 1225 ct
2453 1173 2506 1226 in
2537 1173 2674 1242 ipso,
2703 1182 2756 1228 et
2789 1174 2858 1228 ab
2879 1173 2971 1228 illo
2993 1175 3275 1243 perﬁcitur
3302 1184 3462 1244 atque
3484 1176 3818 1245 completur

2189 1263 2305 1334 ipsa
2334 1263 2465 1319 ﬁdes
2491 1264 2718 1336 ideoque
2737 1281 2930 1321 omnes
2973 1266 3132 1320 electi
3160 1266 3213 1320 in
3253 1267 3365 1336 ipso
3402 1275 3531 1321 sunt
3557 1266 3808 1320 fundati.

2188 1358 2306 1426 Ipse
2335 1357 2478 1411 enim
2511 1358 2663 1423 dixit,
2692 1374 2790 1428 pro
2821 1374 2886 1414 eo
2929 1359 3073 1430 quod
3118 1370 3202 1414 est
3228 1360 3280 1413 in
3312 1359 3446 1428 ipso.
3499 1359 3813 1431 Angularis

2189 1451 2352 1504 etiam
2377 1451 2594 1516 dicitur,
2618 1453 2742 1521 quia
2773 1453 2914 1508 sicut
2939 1451 3214 1523 angularis
3238 1452 3372 1522 lapis
3396 1455 3532 1508 duos
3553 1455 3812 1522 parietes

2184 1542 2384 1616 jungit,
2417 1545 2490 1598 ita
2511 1544 2764 1600 Christus
2787 1545 2924 1600 duos
2945 1544 3172 1616 populos
3195 1547 3248 1598 in
3282 1545 3490 1600 unitate
3523 1547 3655 1600 ﬁdei
3691 1563 3809 1602 sum

2189 1635 2564 1708 conjungendo
2589 1637 2852 1692 continet.

2263 1728 2330 1782 In
2349 1746 2452 1800 quo
2483 1729 2699 1785 Christo
2725 1731 2894 1784 omnis
2926 1730 3208 1799 cediﬁcatio
3248 1729 3508 1784 Ecclesiae
3554 1743 3808 1786 constru-

2191 1830 2274 1875 cta
2304 1829 2358 1876 et
2387 1821 2650 1877 azdiﬁcata
2683 1824 2865 1876 crescit
2897 1822 2952 1876 in
2999 1821 3246 1893 templum
3297 1833 3544 1876 sanctum
3585 1824 3645 1876 in
3691 1824 3804 1877 Do-

491 1913 688 1970 880l'lﬁt
707 1913 795 1977 iis,
828 1913 881 1964 in
905 1928 1068 1966 unum
1097 1927 1284 1965 novum
1311 1911 1571 1964 hominem
1590 1950 1604 1974 ,
1633 1910 1683 1963 id
1709 1918 1794 1963 est
1820 1909 1872 1962 in
1903 1909 2081 1978 seipso
2109 1889 2160 1951 Β
2190 1913 2352 1965 mino.
2379 1911 2436 1966 ln
2461 1928 2568 1982 quo
2593 1913 2832 1978 Christo,
2859 1913 2984 1982 quia
3012 1889 3254 1982 quotidie
3285 1928 3352 1968 ex
3378 1914 3644 1967 omnibus
3674 1930 3805 1982 gen-

492 2005 694 2076 {aciens
725 2019 926 2073 pacem.
947 2001 1228 2069 Quomodo
1251 1999 1425 2054 factus
1445 2009 1527 2055 est
1549 2001 1662 2070 ipse
1686 2015 1856 2054 novus
1883 2000 2084 2053 homo?

487 2094 545 2149 lu
579 2095 681 2150 hoc
701 2095 843 2164 quod
878 2094 1042 2147 homo
1059 2093 1247 2147 lactus
1275 2100 1359 2146 est
1377 2133 1391 2158 ,
1422 2100 1582 2146 natus
1609 2107 1675 2146 ex
1703 2091 1940 2161 virgine,
1967 2091 2084 2144 sine

490 2187 698 2243 semine
741 2185 915 2250 virili,
967 2194 1021 2238 et
1065 2193 1419 2239 conversatus
1465 2192 1548 2238 est
1601 2185 1653 2238 in
1712 2182 1911 2237 mundo
1966 2183 2084 2238 sine

489 2287 738 2352 peccato,
761 2279 902 2348 quod
934 2293 1093 2333 nemo
1121 2292 1220 2332 nec
1244 2286 1402 2333 antea
1454 2292 1553 2332 nec
1592 2286 1779 2346 postea
1821 2275 1979 2340 fecit,
2025 2283 2083 2329 ut

490 2375 847 2431 reconciliaret
887 2373 996 2427 Deo
1043 2371 1190 2426 Patri
1230 2371 1409 2426 ambos
1442 2370 1670 2442 populos
1707 2387 1799 2441 per
1840 2386 2082 2437 crucem,

490 2470 592 2525 hoc
620 2477 704 2524 est
733 2482 829 2538 per
848 2466 1156 2537 passionem
1188 2465 1366 2520 crucis
1397 2479 1526 2529 suae,
1557 2464 1611 2516 in
1640 2479 1741 2516 uno
1770 2478 2008 2531 corpore,
2029 2461 2083 2516 id

490 2570 573 2616 est
602 2561 655 2616 in
687 2575 792 2614 una
829 2558 1092 2622 Ecclesia,
1124 2556 1178 2610 in
1204 2572 1311 2610 una
1343 2555 1464 2617 ﬁde,
1508 2555 1559 2608 in
1609 2569 1715 2608 una
1763 2553 2024 2607 societate
2067 2569 2079 2604 :

492 2652 575 2708 vel
692 2665 798 2704 uno
823 2663 1070 2718 corpore,
1096 2655 1157 2701 ut
1182 2662 1374 2701 omnes
1413 2661 1478 2699 ex
1523 2643 1722 2699 ludatis
1751 2652 1806 2698 et
1835 2643 2085 2715 gentibus

492 2727 796 2809 credentes,
848 2757 1016 2796 unum
1071 2755 1271 2809 corpus
1307 2737 1426 2807 ejus
1469 2737 1616 2800 sint,
1661 2737 1979 2804 interﬁciens
2032 2741 2086 2790 et

493 2839 783 2895 destruens
843 2833 927 2888 vel
969 2847 1261 2895 evacuans,
1313 2829 1640 2884 inimicitiam
1688 2829 1742 2881 in
1789 2827 2083 2897 semetipso.

493 2931 668 2997 Quam
707 2924 1044 2980 inimicitiam
1074 2921 1382 2978 destruxit?
1425 2919 1571 2974 Illam
1621 2934 1741 2988 qua:
1780 2927 1898 2974 erat
1947 2917 2086 2972 inter

491 3021 704 3079 Judteos
733 3029 788 3072 et
807 3015 1034 3089 gentiles
1062 3022 1282 3086 propter
1311 3011 1788 3068 circumcisionem
1817 3018 1873 3066 et
1911 3009 2085 3064 sacri-

492 3112 611 3168 ﬁcia
641 3109 864 3182 legalia,
894 3117 1022 3162 tunc
1067 3107 1121 3160 in
1167 3104 1460 3172 semetipso
1510 3102 1818 3167 evacuavit,
1870 3100 2086 3170 quando

493 3203 794 3277 passionem
823 3199 1161 3264 sustinendo,
1199 3212 1319 3268 quae
1347 3204 1506 3252 erant
1548 3195 1603 3250 in
1654 3193 1948 3267 mysteriis,
1979 3194 2083 3248 im-

2191 2003 2333 2057 tibus
2365 2005 2431 2057 ad
2461 2004 2620 2058 ﬁdem
2643 2004 2846 2059 Christi
2873 2005 3116 2071 veniunt,
3162 2004 3297 2060 ﬁdes
3340 2005 3548 2060 crescit
3578 2006 3631 2059 in
3683 2008 3799 2078 ipsa

2189 2094 2454 2160 Ecclesia,
2496 2110 2616 2164 qua:
2649 2105 2732 2150 est
2759 2096 3014 2167 templum
3062 2095 3288 2161 Christi,
3331 2097 3474 2151 sicut
3528 2097 3663 2151 alibi
3723 2100 3799 2152 di-

2189 2187 2332 2241 citur
2373 2205 2386 2241 :
2442 2187 2712 2258 Templum
2767 2188 2864 2243 Dei
2914 2198 3154 2242 sanctum
3199 2199 3298 2254 est,
3341 2188 3483 2258 quod
3527 2191 3658 2243 estis
3711 2207 3798 2244 vos

2190 2282 2242 2356 (1
2269 2282 2390 2336 Cor.
2418 2282 2522 2353 ιιι).
2573 2281 2724 2338 Licet
2749 2283 2892 2338 enim
2922 2283 3265 2352 omnipotens
3296 2281 3441 2337 Deus
3469 2298 3573 2353 per
3601 2283 3799 2337 divini-

2186 2379 2315 2432 tatis
2337 2377 2633 2447 potentiam
2670 2377 2867 2447 ubique
2912 2377 3001 2442 sit,
3045 2385 3224 2430 tamen
3261 2376 3423 2430 aliter
3472 2377 3693 2430 habitat
3744 2376 3795 2429 in

2187 2467 2396 2532 electis,
2429 2477 2592 2538 atque
2616 2467 2774 2522 aliter
2797 2468 2849 2522 in
2883 2468 3152 2538 reprobis.

2261 2560 2327 2614 In
2356 2577 2457 2630 quo
2480 2558 2720 2622 Christo,
2771 2558 2823 2613 id
2849 2567 2932 2612 est
2961 2557 3015 2612 in
3056 2556 3212 2627 cujus
3262 2557 3367 2612 ﬁde
3397 2567 3449 2611 et
3477 2574 3572 2611 vos
3602 2558 3795 2612 εοιεάξ-

2187 2655 2420 2724 ﬁcamini
2448 2654 2501 2706 in
2543 2651 2901 2705 habitaculum
2951 2651 3067 2715 Dei,
3100 2661 3162 2704 ut
3205 2650 3325 2706 sitis
3378 2650 3650 2720 templum
3701 2648 3795 2706 Dei

2187 2745 2296 2800 vivi
2341 2743 2636 2799 crescendo
2665 2743 2730 2797 de
2772 2742 2973 2796 virtute
3020 2741 3075 2795 in
3119 2741 3374 2796 virtutem
3424 2759 3438 2795 :
3491 2751 3552 2796 et
3591 2742 3699 2797 hoc
3742 2747 3796 2797 in

2190 2837 2390 2906 Spiritu
2431 2844 2642 2901 sancto,
2671 2833 2723 2890 id
2774 2841 2859 2890 est
2904 2849 3000 2905 per
3027 2834 3258 2906 gratiam
3308 2833 3559 2905 Spiritus
3600 2835 3793 2890 sancti.

2819 2965 3047 3023 CAPUT
3087 2967 3168 3022 lll.

2266 3100 2440 3172 Hujus
2477 3101 2549 3154 rei
2597 3099 2791 3170 gratia,
2845 3098 2898 3154 id
2925 3106 3010 3155 est
3039 3107 3326 3170 propterea
3357 3101 3487 3170 quia
3542 3117 3645 3157 vos
3667 3102 3798 3157 estis

2196 3197 2342 3251 cives
2381 3201 2693 3249 sanctorum
2739 3199 2794 3247 et
2845 3206 3007 3263 super
3053 3191 3329 3248 Christum
3372 3193 3510 3247 estis
3566 3193 3792 3254 fundati.

492 3257 656 3368 plevit
683 3295 736 3350 in
770 3293 1031 3357 veritate,
1056 3300 1111 3346 et
1139 3257 1261 3360 post
1309 3305 1416 3344 non
1463 3257 1728 3359 praecepit
1768 3257 1951 3341 offerri
1998 3284 2086 3340 vel
2119 3257 2165 3323 ο
2196 3305 2288 3358 ego
2311 3285 2514 3340 Paulus
2565 3286 2766 3338 vinctus
2792 3257 2925 3338 sum-
2953 3281 3147 3337 Christi
3198 3281 3328 3337 Jesu
3354 3281 3470 3352 pro
3504 3283 3655 3337 vobis
3682 3300 3796 3353 gen-

492 3385 793 3444 observari.

568 3481 631 3535 Et
660 3474 864 3535 veniens
894 3478 947 3532 in
994 3476 1252 3531 mundum
1300 3489 1399 3544 per
1442 3471 1830 3527 incarnationis
1877 3478 2082 3541 myste-

494 3576 656 3638 rium,
679 3571 1048 3643 evangelizavit
1082 3585 1178 3640 per
1193 3568 1441 3650 angelos,
1470 3582 1567 3636 per
1611 3581 1670 3620 se
1710 3574 1765 3620 et
1810 3564 2084 3634 apostolos

495 3683 674 3737 pacem
704 3665 844 3720 vobis
871 3663 1145 3734 gentibus,
1169 3662 1258 3732 qui
1287 3661 1436 3729 longe
1470 3658 1666 3726 fuistis,
1719 3673 1747 3710 a
1797 3655 1930 3721 Deo,
1976 3671 2082 3712 non

496 3760 634 3821 loco.
664 3759 757 3814 sed
781 3757 993 3823 merito,
1019 3767 1067 3811 et
1091 3773 1269 3828 pacem
1293 3755 1391 3817 his,
1427 3755 1476 3808 id
1498 3763 1581 3807 est
1601 3752 1799 3808 Judaeis
1821 3753 1909 3822 qui
1933 3762 2085 3808 erant

497 3865 662 3922 prope
686 3865 782 3908 per
809 3849 1172 3919 cognitionem
1195 3845 1312 3915 ejus
1335 3860 1494 3914 quam
1521 3843 1811 3908 habebant,
1837 3844 2085 3913 quoniam

494 3960 587 4015 per
608 3944 776 4014 ipsum
807 3939 1083 3995 Christum
1105 3938 1355 3992 habemus
1389 3952 1486 3990 nos
1516 3935 1666 3989 ambo
1693 3935 1870 4005 populi
1914 3952 2088 3990 acces-

495 4052 613 4092 sum
635 4035 700 4089 ad
725 4033 936 4087 Patrem
963 4033 1018 4085 in
1045 4048 1150 4085 uno
1183 4029 1388 4101 spiritu,
1434 4027 1692 4083 subaudis
1740 4027 2085 4081 conﬁtentes:

495 4123 591 4179 Vel
612 4121 783 4176 renati
807 4135 903 4190 per
925 4118 1202 4174 Christum
1227 4116 1536 4172 accedimus
1557 4117 1621 4168 ad
1647 4114 1817 4168 Deum
1843 4113 2085 4180 Patrem,

494 4215 620 4285 quia
648 4214 762 4282 ipse
792 4219 875 4266 est
905 4210 1174 4264 mediator
1210 4208 1485 4279 per_quod
1520 4208 1681 4260 homo
1709 4215 1765 4260 et
1816 4207 1959 4261 Deus
2003 4214 2085 4260 est

498 4305 548 4377 (1
589 4303 724 4357 Tim.
755 4302 838 4371 ιι).
865 4301 931 4355 Et
955 4315 1053 4370 per
1107 4299 1256 4352 illum
1307 4305 1523 4352 nostras
1571 4311 1762 4367 preces
1805 4296 1871 4350 ad
1915 4295 2083 4351 Deum

495 4401 714 4457 Patrem
744 4397 1048 4466 dirigimus,
1076 4403 1130 4448 et
1157 4408 1252 4463 per
1283 4393 1432 4447 illum
1461 4391 1857 4447 introducimur
1879 4392 1931 4446 in
1958 4407 2086 4446 con-

499 4502 685 4566 spectu
718 4491 881 4556 illius,
910 4491 1051 4545 sicut
1085 4489 1172 4542 ille
1193 4487 1329 4541 dixit
1367 4505 1378 4539 :
1421 4486 1590 4540 Nemo
1623 4488 1754 4540 venit
1781 4486 1848 4539 ad
1873 4485 2085 4539 Putrem

500 4587 602 4644 nisi
623 4602 716 4658 per
741 4601 822 4638 me
849 4581 1030 4654 (Joan.
1059 4581 1193 4651 le).
1229 4579 1468 4642 Fratres,
1490 4579 1606 4649 jam
1637 4596 1738 4632 non
1762 4579 1883 4632 estis
1911 4577 2087 4644 hospi-

500 4691 574 4735 tes
613 4689 660 4732 et
695 4676 928 4738 aduente,
958 4673 1042 4728 vel
1073 4672 1353 4745 prosclyti,
1398 4671 1480 4726 vel
1525 4670 1686 4725 alieni
1733 4686 1761 4723 a
1809 4669 2086 4724 consortio

499 4772 826 4832 Judaeorum,
858 4783 954 4822 vos
982 4765 1232 4838 gentiles,
1267 4764 1405 4819 sicut
1457 4762 1726 4832 quondam
1775 4757 1974 4824 fuistis,
2021 4773 2086 4812 eo

500 4863 659 4920 modo
682 4877 789 4932 quo
812 4859 1060 4929 superius
1086 4856 1360 4928 paululum
1391 4855 1647 4918 diximus,
1675 4852 1764 4906 sed
1794 4854 1916 4906 estis
1955 4853 2088 4906 cives

499 4968 820 5019 sanctorum,
845 4952 1300 5024 patriarcharum,
1331 4948 1718 5018 prophetarum
1749 4945 2088 5015 aliorumque

498 5050 788 5120 iustorum,
831 5055 878 5100 et
923 5043 1194 5098 domestici
1242 5040 1362 5094 Dei.
1409 5038 1570 5093 Cives
1597 5037 1850 5092 dicuntur
1880 5037 1948 5091 ab
1984 5052 2089 5091 una

499 5146 718 5200 civitate
751 5153 807 5198 et
841 5138 1236 5200 communione,
1286 5132 1566 5188 domestici
1606 5147 1634 5186 a
1663 5132 1838 5196 domo,
1863 5131 1988 5201 quia
2035 5131 2088 5185 in

501 5251 606 5289 una
637 5235 798 5289 domo
827 5236 1238 5286 conversantur.
1265 5225 1407 5296 Ergo
1435 5223 1664 5296 gentiles
1701 5224 1832 5278 socii
1867 5231 1994 5278 sunt
2037 5231 2092 5277 et

502 5331 647 5384 cives
680 5334 1024 5389 sanctorum,
1052 5331 1109 5377 et
1155 5319 1438 5376 domestici
1481 5319 1575 5374 Dei
1610 5336 1622 5370 :
1661 5317 1785 5386 quia
1821 5317 1888 5370 ad
1925 5332 2089 5370 unam

503 5420 776 5475 civitatem
827 5415 1105 5471 caelestem
1151 5410 1489 5468 Hierusalem
1538 5409 1821 5479 pervenire
1869 5416 2089 5462 conten-

505 5513 659 5578 dant,
690 5521 743 5567 et
775 5510 829 5564 in
855 5524 959 5562 una
987 5507 1148 5560 domo
1173 5520 1293 5576 qua:
1319 5511 1403 5558 est
1435 5501 1674 5556 Ecclesia
1707 5499 1820 5563 Dei,
1849 5514 2090 5554 commo-

505 5615 696 5662 rantur

581 5694 1004 5768 Supera'di/icati
1051 5707 1208 5762 super
1233 5691 1635 5761 fundamentum
1663 5684 2017 5756 apostolorum
2043 5694 2092 5741 et

508 5790 897 5862 praphetarum.
923 5787 1355 5842 Fundamentum
1387 5780 1746 5854 apostolorum
1771 5790 1825 5835 et
1863 5781 2094 5851 prophe-

509 5893 690 5938 tarum
719 5881 1068 5942 omniumque
1091 5878 1328 5934 ﬁdelium
1351 5875 1599 5932 Christus
1621 5884 1725 5941 est,
1757 5873 1882 5945 quia
1911 5874 1962 5930 iu
1988 5874 2092 5930 ﬁde

2188 3377 2346 3431 tibus.
2386 3373 2600 3430 Vinctus
2644 3392 2761 3428 sum
2789 3373 2918 3428 dicit
2945 3373 3152 3428 catenis
3176 3380 3232 3427 et
3255 3373 3521 3429 astrictus
3567 3389 3669 3444 pro
3697 3374 3796 3428 tide

2187 3469 2388 3527 Christi
2410 3481 2466 3523 et
2487 3484 2589 3539 pro
2609 3469 2762 3524 vobis
2779 3467 3050 3538 gentibus,
3077 3467 3274 3538 quibus
3298 3468 3544 3536 praedico
3573 3468 3792 3522 verbum

2189 3563 2380 3620 salutis
2406 3577 2420 3616 :
2448 3561 2552 3626 vel,
2585 3562 2802 3616 vinctus
2826 3575 3012 3614 amore
3039 3558 3276 3622 Christi,
3316 3573 3419 3629 pro
3451 3559 3620 3614 vobis
3663 3574 3791 3628 gen-

2190 3656 2332 3710 tibus
2363 3663 2553 3710 teneor
2585 3653 2639 3708 in
2661 3667 2884 3708 carcere
2911 3669 2925 3717 ;
2950 3660 3006 3706 et
3027 3663 3113 3706 est
3139 3665 3370 3705 sensus:
3397 3649 3459 3704 Si
3498 3651 3790 3705 voluissem

2187 3759 2510 3817 permanere
2566 3743 2618 3798 in
2642 3742 2936 3812 judaismo,
2994 3751 3048 3796 et
3078 3757 3108 3795 a
3139 3741 3530 3811 praedicatione
3564 3742 3791 3795 nominis

2187 3837 2387 3893 Christi
2417 3837 2716 3906 quiescere,
2744 3850 2956 3905 possem
2985 3849 3105 3889 esse
3127 3833 3298 3897 dives,
3326 3842 3381 3887 et
3411 3835 3685 3904 magister
3715 3849 3790 3903 sy-

2188 3943 2518 4001 nagogarum
2561 3926 2839 3998 appellari.
2893 3925 2998 3979 Sed
3041 3925 3167 3994 quia
3217 3923 3503 3979 Christum
3563 3928 3790 3995 praedico

2188 4021 2364 4086 vobis,
2405 4035 2547 4074 nunc
2589 4018 2844 4074 astrictus
2874 4025 3064 4072 teneor
3107 4017 3158 4071 in
3189 4024 3433 4086 egestate
3476 4019 3717 4088 positus,
3751 4017 3789 4070 si

2189 4122 2363 4167 tamen
2385 4111 2608 4165 audistis
2637 4110 3076 4180 dispensationem
3109 4109 3222 4164 sive
3258 4108 3788 4164 administrationem

2189 4209 2373 4280 gratiae
2401 4207 2496 4260 Dei
2524 4222 2640 4277 qua:
2682 4205 2806 4259 data
2832 4214 2905 4259 est
2953 4205 3080 4258 mihi
3105 4205 3160 4258 in
3206 4203 3370 4268 vobis,
3402 4203 3461 4258 id
3509 4216 3601 4260 est
3630 4207 3680 4259 in
3713 4221 3788 4258 ve-

2189 4311 2358 4357 stram
2390 4300 2698 4354 utilitatem.
2734 4299 2790 4354 Si
2820 4307 3002 4353 tamen
3048 4298 3154 4352 isto
3199 4297 3250 4351 in
3303 4296 3424 4352 loco
3479 4299 3670 4369 potius
3717 4307 3788 4353 est

2190 4393 2508 4449 aﬁirmativa
2539 4391 2847 4462 conjunctio
2877 4407 3040 4461 quam
3059 4391 3382 4457 dubitativa,
3407 4401 3467 4446 et
3492 4393 3632 4447 nihil
3659 4391 3788 4446 aliud

2189 4495 2273 4543 est
2304 4487 2406 4542 nisi
2436 4487 2615 4542 dicere
2641 4505 2652 4539 :
2678 4485 2836 4541 Certe
2865 4485 3094 4540 audistis
3119 4483 3351 4539 cilicium
3385 4486 3790 4554 praedicationis

2191 4595 2345 4642 meae,
2362 4579 2504 4648 quod
2527 4579 2708 4632 datum
2729 4586 2814 4632 est
2836 4575 2964 4631 mihi
2986 4591 3083 4646 per
3095 4575 3321 4647 gratiam
3348 4576 3444 4630 Dei
3465 4579 3536 4631 ad
3557 4590 3787 4634 vestram

2189 4671 2498 4726 utilitatem.
2539 4668 2797 4734 Quoniam
2839 4675 3128 4723 secundum
3161 4666 3534 4721 reuelationem
3572 4670 3672 4724 Dei
3703 4686 3786 4723 no-

2193 4775 2303 4818 tum
2330 4764 2455 4818 mihi
2488 4761 2682 4830 factum
2715 4771 2788 4815 est
2840 4769 3248 4822 sacramentum,
3281 4759 3397 4813 sive
3443 4763 3784 4832 mysterium,

2193 4857 2326 4909 sicut
2359 4871 2517 4924 supra
2550 4853 2602 4907 in
2649 4853 2750 4908 hac
2799 4852 3038 4923 Epistula
3097 4852 3283 4921 scripsi
3319 4851 3482 4906 vobis
3531 4854 3590 4906 in
3641 4854 3787 4916 ὑγρή,

2193 4958 2346 5019 prout
2380 4947 2589 5016 possitis
2635 4943 2922 5016 intelligere
2972 4944 3303 5015 prudentiam
3355 4959 3536 4998 meam
3584 4945 3643 4998 in
3693 4962 3787 5013 mg-

2195 5042 2352 5096 sterio
2383 5039 2597 5103 Christi,
2635 5038 2857 5108 legentes
2908 5037 3051 5092 dicta
3085 5052 3226 5092 mea.
3271 5035 3482 5090 Idcirco
3513 5037 3638 5091 haec
3683 5035 3787 5104 Epi-

2201 5133 2336 5190 stola
2360 5133 2610 5187 omnibus
2641 5131 2900 5201 Epistolis
2921 5146 3057 5200 pene
3082 5129 3350 5184 diﬂicilior
3378 5130 3646 5193 habetur,
3678 5130 3785 5199 quia

2200 5226 2408 5282 obtinet
2455 5225 2507 5278 in
2549 5240 2606 5278 se
2637 5239 2833 5294 magna
2873 5232 2927 5278 et
2953 5221 3166 5278 occulta
3213 5221 3503 5292 mysteria,
3535 5222 3786 5291 brevique

2199 5335 2448 5376 sermone
2476 5318 2881 5381 comprehensa.
2915 5317 2989 5370 De
3029 5331 3138 5385 quo
3164 5323 3514 5370 sacramento
3538 5315 3660 5370 sive
3683 5330 3786 5384 my-

2199 5414 2366 5469 sterio
2395 5413 2558 5474 dicat,
2589 5412 2732 5482 quod
2777 5411 2825 5465 ei
2872 5425 2969 5481 per
2991 5409 3376 5464 revelationem
3427 5407 3532 5463 Dei
3572 5406 3781 5463 maniis

2199 5516 2396 5563 statum
2441 5515 2523 5560 est
2560 5504 2728 5559 Paulo
2759 5505 2812 5557 in
2851 5502 3201 5572 sequentibus
3247 5499 3529 5570 panditur,
3583 5501 3689 5555 hoc
3715 5504 3785 5553 est

2198 5601 2340 5671 quod
2373 5607 2559 5670 gentes
2590 5597 2640 5651 in
2666 5597 2978 5651 societatem
3002 5592 3308 5648 Judatorum
3337 5602 3528 5648 essent
3554 5604 3782 5648 ventura:

2199 5693 2317 5747 sine
2367 5689 2541 5760 aliqua
2596 5686 2917 5742 differentia.
2973 5684 3129 5741 Unde
3179 5694 3235 5739 et
3285 5685 3586 5755 sequitur:
3618 5683 3782 5752 Quod,

2200 5783 2455 5838 subaudis
2491 5789 2889 5837 sacramentum
2916 5778 3028 5834 sive
3065 5779 3382 5850 mysterium
3426 5779 3565 5833 mihi
3597 5778 3780 5832 revela-

2201 5887 2308 5930 tum
2325 5884 2419 5930 est.
2441 5873 2688 5943 Nunquid
2713 5889 2818 5927 non
2845 5870 3137 5927 revelatum
3154 5878 3234 5925 est
3251 5868 3588 5939 patriarchis
3607 5876 3666 5924 et
3677 5881 3778 5936 pro
