3996 6446
187 448 295 500 713)
396 463 401 467 ’

869 442 1232 500 ΕΧΡΟΞΙΤΙΟ
1269 440 1337 500 IN
1374 439 1525 500 EPP.
1571 441 1630 499 S.
1669 441 1772 499 ΡΑ]

1885 484 1896 495 .
1934 471 2005 483 -
2037 439 2106 496 ΙΝ
2145 439 2367 501 EPIST.
2408 444 2503 502 AD
2538 442 2784 502 EPHES.

3363 430 3475 504 ἰιι

183 560 404 633 phetis?
424 558 630 630 utique.
659 556 768 615 Illis
779 559 925 616 enim
949 560 1285 616 solummodo
1304 568 1388 617 est
1410 560 1701 615 revelatum
1728 560 1788 615 in
1820 564 1868 624 Λ
1895 561 2090 615 stantia
2114 566 2199 616 est
2225 560 2367 618 inter
2385 560 2599 619 Judaeos
2623 572 2679 618 et
2700 561 2926 633 gentiles
2947 561 3000 617 in
3023 542 3197 634 gratia
3217 562 3334 620 Dei.
3351 563 3484 634 Qua:

186 650 418 723 Spiritu,
447 653 552 707 hoc
578 658 662 706 est
682 666 781 722 per
811 649 1074 721 Spiritum
1120 659 1391 717 sanctum,
1432 650 1522 722 qui
1571 649 1664 704 ﬁlii
1690 647 1785 704 Dei

181 753 345 802 erant
382 759 480 816 per
506 743 873 813 adoptionem,
906 743 1046 799 sicut
1073 750 1129 797 et
1171 740 1391 809 Paulus,
1423 758 1530 797 non
1562 742 1666 797 illis
1693 740 1785 813 qui

183 836 283 892 ﬁlii
331 844 387 892 et
414 842 687 891 amatores
724 832 888 903 hujus
934 834 1121 889 mundi
1164 841 1338 888 erant.
1382 830 1593 887 Aliter:
1652 831 1787 889 Aliis

180 928 634 1002 generationibus
661 927 788 982 ﬁliis
814 925 1121 987 hominum,
1154 925 1209 981 id
1239 936 1325 981 est
1364 925 1695 996 patriarchis
1732 933 1787 981 et

178 1022 467 1093 prophetis
493 1030 654 1093 atque
680 1019 803 1076 aliis
830 1019 1164 1084 hominibus,
1187 1034 1294 1073 non
1318 1027 1401 1073 est
1427 1019 1495 1073 ad
1521 1018 1784 1090 liquidum

179 1114 260 1169 ita
284 1113 691 1170 manifestatum
715 1112 1035 1185 mysterium
1063 1110 1186 1166 ﬁdei
1209 1111 1472 1182 gentium,
1498 1112 1639 1167 sicut
1658 1126 1786 1181 apo-

177 1205 339 1261 stolis
359 1213 416 1259 et
449 1203 733 1275 prophetis
759 1202 894 1259 Novi
923 1202 1279 1268 Testamenti,
1312 1210 1371 1256 ut
1391 1201 1494 1257 fuit
1519 1202 1738 1274 Agabus
1767 1222 1779 1258 :

175 1312 409 1368 quorum
437 1296 824 1367 praedicatione
848 1295 915 1349 ad
936 1294 1094 1349 ﬁdem
1112 1301 1396 1349 venerunt.
1427 1292 1579 1362 Quod
1606 1301 1785 1377 potest

171 1388 403 1461 probari
430 1402 498 1442 cx
534 1386 641 1443 hoc
671 1387 814 1458 quod
862 1385 1126 1442 Dominus
1168 1385 1248 1440 ait
1287 1384 1584 1456 apostolis:
1626 1382 1781 1439 Mult'

173 1496 322 1549 reges
375 1487 425 1532 et
467 1477 734 1549 prop/lett:
769 1477 1044 1532 voluerunt
1068 1477 1247 1531 videre
1289 1493 1407 1548 qute
1438 1493 1528 1531 vos
1573 1476 1778 1544 videtis,

170 1583 218 1627 et
268 1590 373 1628 non
414 1572 654 1627 viderunt
684 1570 900 1643 (Matth.
925 1570 1067 1645 xm).
1120 1570 1339 1640 Majoris
1380 1570 1524 1627 enim
1564 1570 1781 1640 sapien-

171 1666 267 1719 tiae
291 1664 514 1720 fuerunt
543 1664 781 1734 apostoli
832 1678 995 1733 quam
1042 1663 1408 1734 patriarchae:
1463 1662 1589 1733 quia
1637 1662 1780 1732 quod

168 1755 250 1812 illi
284 1756 535 1811 viderunt
556 1753 766 1824 alonge
795 1753 848 1807 in
874 1752 1090 1824 spiritu,
1134 1752 1386 1808 viderunt
1406 1752 1494 1806 isti
1515 1759 1572 1805 et
1599 1761 1780 1807 mente

169 1856 229 1903 et
257 1846 431 1904 oculis
451 1847 748 1917 corporeis.
780 1845 1058 1916 Siquidem
1087 1844 1257 1900 Judaei
1300 1844 1449 1900 nullo
1492 1845 1658 1900 modo
1682 1860 1777 1913 po-

1887 654 2071 709 omnia
2119 665 2518 709 sacramentum
2567 662 2715 711 recte
2763 654 3121 725 appellantur,
3181 656 3306 725 quia
3352 667 3481 714 ante

1885 744 2086 801 Christi
2119 746 2408 801 adventum
2437 745 2647 801 occulta
2677 755 2733 801 et
2761 756 2971 802 secreta
3001 746 3239 802 fuerunt.
3296 748 3403 805 Sed
3432 749 3479 805 si

1887 837 2290 909 investigabilcs
2322 845 2449 892 sunt
2477 837 2608 906 ipsa:
2635 838 2858 902 divitim,
2886 839 3157 908 quomodo
3185 839 3476 910 Apostolus

1885 932 2084 987 missus
2114 940 2196 985 est
2224 946 2318 985 eas
2347 929 2768 1001 evangelizare?
2799 928 2931 984 Nam
2964 932 3359 1003 investigahilis
3388 949 3477 990 res

1886 1031 1987 1087 est,
2012 1038 2133 1093 quae
2158 1037 2262 1076 non
2286 1030 2463 1092 potest
2492 1021 2801 1092 investigari
2831 1031 2886 1077 et
2911 1016 3318 1094 cumprehendi.
3346 1025 3477 1093 Quae

1885 1116 2171 1188 dupliciter
2196 1108 2372 1186 potest
2401 1115 2533 1170 solvi
2560 1133 2571 1168 ε
2614 1112 3023 1186 Investigabilcs
3050 1117 3316 1186 siquidem
3349 1129 3477 1175 ante

1885 1207 2100 1262 Domini
2127 1206 2417 1262 adventum
2445 1204 2682 1270 fuerunt,
2717 1205 2844 1276 quia
2877 1204 3056 1260 nullus
3080 1221 3175 1261 eas
3204 1210 3379 1277 potuit
3408 1209 3477 1265 ad

1883 1298 2147 1370 liQuidum
2173 1314 2531 1369 cognoscere;
2565 1298 2656 1355 sed
2688 1314 2809 1370 quae
2837 1308 2995 1353 erant
3025 1307 3152 1355 ante
3180 1301 3474 1372 investiga-

1882 1391 2040 1455 biles,
2077 1391 2308 1448 Domino
2347 1392 2619 1458 veniente,
2648 1391 2997 1463 vestigabilcs
3034 1401 3089 1449 et
3123 1396 3477 1464 comprehen-

1883 1484 2067 1541 sibilcs
2088 1484 2243 1542 facta:
2266 1495 2409 1541 sunt.
2432 1485 2635 1542 Aliter:
2662 1486 2716 1540 in
2740 1500 2835 1541 sua
2858 1496 3051 1541 natura
3072 1488 3475 1559 iuvestigabiles

1882 1587 2027 1643 sunt,
2057 1593 2156 1649 per
2180 1580 2411 1650 gratiam
2437 1589 2619 1633 autem
2652 1587 2708 1633 et
2734 1578 3121 1634 revelationem
3151 1581 3323 1637 sancti
3353 1579 3476 1652 Spio

1880 1669 2020 1724 ritus
2064 1670 2378 1725 hominibus
2424 1669 2673 1726 ﬁdelibus
2718 1670 3068 1741 vestigabiles
3117 1681 3262 1727 sunt.
3309 1671 3474 1728 Verbi

1881 1761 2053 1831 gratia
2104 1779 2117 1815 :
2168 1769 2346 1816 statua
2391 1776 2553 1832 quam
2602 1777 2710 1817 non
2755 1763 2933 1833 potuit
2975 1762 3476 1820 Nabuchodonosor

1884 1851 2185 1924 intelligere
2204 1852 2332 1922 quid
2353 1852 2747 1924 prteﬁguraret,
2771 1867 2870 1922 per
2891 1852 3273 1909 revelationem
3297 1854 3472 1910 sancti

168 1948 355 1996 terant
378 1939 601 1995 credere
650 1946 840 2011 gentes
887 1948 1147 1993 venturas
1199 1952 1320 1994 esse
1367 1938 1421 1992 in
1455 1940 1767 1993 societatem
1800 1932 1846 1992 B
1877 1940 2112 2012 Spiritus
2138 1944 2344 2001 Danieli
2373 1944 2709 2016 vestigabilis
2733 1953 2789 2000 et
2815 1946 3323 2015 comprehensibilis
3345 1946 3470 2014 fuit,

167 2048 353 2101 suam,
384 2033 479 2089 sed
509 2031 762 2089 dicebant
785 2033 894 2088 illis
915 2032 1006 2102 qui
1032 2031 1291 2104 proselyti
1321 2031 1558 2087 ﬁebant:
1586 2032 1767 2088 Vitam

165 2134 433 2184 :eternam
464 2124 681 2195 quidem
732 2124 1065 2195 percipietis,
1111 2123 1205 2178 sed
1241 2138 1348 2178 non
1390 2132 1554 2179 tantae
1589 2122 1769 2193 digni-

166 2217 301 2273 tatis
329 2216 482 2272 eritis
514 2215 569 2270 in
599 2215 769 2287 gloria
794 2223 1007 2285 quanta:
1048 2229 1167 2269 nos.
1218 2213 1357 2281 Quid
1383 2229 1514 2285 ergo
1534 2213 1768 2271 manife-

164 2317 375 2367 statum
405 2316 491 2365 εει
520 2308 822 2379 apostolis?
867 2324 978 2363 esse
1019 2317 1196 2379 gentes
1232 2307 1527 2362 cohwredes
1567 2305 1768 2363 Iudaeis

162 2401 219 2458 in
245 2401 423 2474 prima
453 2399 682 2465 cmlesti,
700 2401 754 2455 in
775 2399 946 2472 gloria
967 2408 1192 2465 mterna,
1209 2407 1258 2454 et
1278 2399 1694 2472 concorporales,
1713 2400 1768 2457 id

162 2503 276 2560 est,
308 2492 465 2549 simul
495 2507 693 2563 corpus
739 2491 941 2548 Christi
983 2506 1125 2558 esse,
1161 2492 1245 2547 vel
1278 2492 1332 2547 in
1383 2507 1492 2547 uno
1539 2506 1769 2564 corpore

160 2586 426 2646 Ecclesia:
447 2585 670 2651 sociari,
711 2594 759 2640 et
797 2584 1191 2657 comparticipes
1232 2583 1598 2656 promissionis
1648 2585 1765 2657 ejus

159 2680 216 2734 in
259 2676 490 2744 Christo,
541 2678 599 2734 id
654 2686 739 2734 est
768 2687 1051 2733 consortes
1103 2692 1224 2733 esse
1252 2676 1631 2748 promissionis
1668 2677 1766 2735 Dei

164 2767 374 2835 Patris,
414 2766 637 2841 quodin
667 2768 875 2825 semine
896 2769 1131 2826 Abrahae
1156 2770 1548 2827 benedicentur
1574 2785 1766 2828 omnes

157 2868 378 2933 gentes.
852 2879 859 2887 ·

230 2953 377 3009 Μὶὴὶ
421 2952 656 3009 omnium
700 2961 1005 3008 sanctorum
1054 2953 1270 3007 minimo
1310 2953 1439 3008 data
1474 2962 1553 3009 est
1592 2956 1768 3027 gratia

157 3052 283 3107 haec
314 3048 695 3122 evangelizare,
739 3049 853 3105 sive
880 3048 1178 3119 praedicare
1206 3049 1263 3102 in
1289 3048 1526 3120 gentibus
1552 3050 1768 3105 investi-

157 3140 367 3216 gabiles
394 3141 607 3196 divitias
634 3139 855 3208 Christi,
899 3148 949 3195 et
992 3139 1293 3195 illuminare
1336 3136 1534 3196 omnes.
1586 3139 1767 3209 Quare

157 3232 303 3289 dicit
330 3232 529 3288 modo:
562 3230 694 3287 Mihi
723 3231 951 3286 minimo
975 3230 1219 3287 omnium
1246 3231 1615 3302 apostolorum
1640 3234 1766 3289 data

1871 2035 1965 2105 qui
1996 2035 2385 2108 interpretator
2410 2037 2526 2107 ejus
2556 2038 2784 2093 exstitit.
2818 2038 2954 2111 Da_ta
2985 2047 3070 2094 est
3099 2038 3262 2094 etiam
3294 2040 3472 2111 gratia

1869 2102 2465 2199 Apostolo-illuminare
2502 2146 2600 2201 per
2627 2129 2788 2186 ﬁdem
2826 2102 3018 2186 omnes
3055 2131 3145 2201 qui
3173 2102 3473 2188 voluissent

1871 2221 2127 2289 credere,
2171 2223 2297 2293 quia
2340 2224 2502 2279 sicuti
2537 2222 2625 2278 ille
2657 2223 2749 2294 qui
2782 2223 3019 2280 inﬁdelis
3062 2231 3120 2279 ει
3161 2224 3469 2281 incredulus

1868 2319 1984 2378 εει,
2024 2312 2078 2368 in
2119 2314 2359 2369 tenebris
2385 2323 2652 2380 moratur,
2687 2314 2762 2370 ita
2792 2313 2884 2384 qui
2916 2314 3094 2370 ﬁdelis
3125 2322 3179 2370 et
3208 2316 3467 2372 credulus

1866 2405 2086 2462 exsistit
2108 2407 2162 2463 in
2187 2407 2307 2463 luce
2327 2408 2590 2477 quiescit;
2611 2417 2667 2463 et
2689 2423 2795 2463 non
2818 2407 2991 2463 solum
3020 2408 3346 2474 illuminare,
3372 2409 3471 2466 sed

1867 2507 1924 2553 et
1949 2499 2327 2571 evangelizare
2357 2515 2475 2567 qua:
2499 2500 2567 2553 sit
2592 2499 2935 2571 dispensatio,
2966 2499 3022 2555 id
3045 2510 3131 2556 est
3155 2500 3469 2557 distributio

1868 2589 1955 2645 vel
2001 2591 2349 2658 ministratio,
2400 2593 2719 2646 sacramenti
2769 2591 3061 2647 absconditi
3106 2592 3160 2646 in
3195 2590 3327 2658 Deo,
3372 2593 3469 2665 qui

1869 2682 2046 2737 omnia
2092 2682 2308 2736 creavit.
2363 2681 2510 2737 Idem
2563 2681 2724 2737 modo
2773 2680 3009 2753 appellat
3061 2690 3465 2738 sacramentum

1869 2772 2016 2843 quod
2045 2773 2293 2843 superius
2320 2772 2563 2839 divitias,
2586 2772 2906 2846 mysterium
2930 2773 3324 2830 incarnationis
3346 2772 3471 2830 Filii

1868 2862 1986 2929 Dei,
2010 2863 2171 2919 ﬁdem
2193 2872 2246 2920 et
2267 2864 2495 2921 salutem
2524 2866 2786 2936 gentium,
2810 2875 2865 2921 et
2886 2867 3083 2938 gaudia
3103 2867 3229 2922 vita:
3250 2874 3469 2923 aeterna:
3546 2900 3555 2905 ι

1870 2954 2015 3024 quod
2041 2971 2070 3009 a
2101 2954 2331 3020 saeculis,
2378 2955 2493 3010 sive
2535 2957 2604 3012 ab
2635 2956 2814 3022 initio,
2862 2958 3242 3013 absconditum
3275 2958 3376 3012 fuit
3410 2958 3464 3012 in

1869 3045 1982 3101 Deo
2000 3060 2131 3101 vero
2154 3047 2246 3116 qui
2272 3047 2478 3103 creavit
2497 3048 2699 3103 omnia.
2725 3047 3032 3104 Notandum
3054 3049 3181 3118 quia
3204 3065 3311 3105 non
3335 3050 3471 3105 dicit

1870 3141 1984 3197 Deo
2009 3141 2111 3197 fuit
2137 3145 2536 3208 absconditum,
2568 3145 2663 3201 sed
2693 3147 2747 3200 in
2777 3145 2890 3201 Deo
2916 3160 3200 3216 usquequo
3229 3146 3344 3217 ipse
3370 3161 3469 3216 per

1871 3235 2221 3306 semetipsum
2248 3236 2599 3292 manifestare
2623 3237 2936 3308 designatus
2962 3246 3065 3292 est.
3105 3237 3257 3293 Unde
3285 3240 3469 3309 appel-

156 3334 247 3380 est
281 3324 477 3393 gratia,
508 3338 631 3383 cum
662 3321 790 3378 alibi
820 3321 967 3378 dicat
994 3341 1006 3375 :
1045 3319 1177 3376 Plus
1208 3324 1446 3378 omnibus
1488 3324 1766 3385 laboravi?
1792 3311 1838 3376 C
1869 3327 2016 3382 latur
2044 3337 2468 3397 sacramentum,
2504 3329 2647 3399 quod
2677 3336 2761 3384 est
2788 3344 2877 3384 res
2906 3337 3119 3385 secreta
3149 3338 3204 3385 et
3230 3330 3464 3398 occulta,

156 3416 478 3487 Utrumque
504 3431 695 3472 verum
722 3424 845 3472 est:
888 3424 941 3469 et
978 3431 1145 3470 unum
1179 3415 1519 3473 referendum
1568 3427 1653 3474 est
1694 3420 1764 3476 ad

156 3509 443 3576 laborem,
471 3508 617 3580 quod
644 3506 777 3563 dicit
805 3525 818 3562 :
859 3505 987 3563 Plus
1013 3508 1269 3563 omnibus
1295 3508 1539 3565 laboravi
1566 3526 1581 3577 ;
1616 3508 1763 3565 aliud

1868 3431 2163 3494 antequam
2193 3425 2245 3478 in
2276 3423 2548 3495 publicum
2576 3424 2896 3479 deducatur.

1942 3511 2011 3567 Ut
2054 3514 2372 3579 innotescat,
2399 3515 2525 3569 hoc
2567 3524 2682 3581 est,
2734 3513 3023 3571 manifesta
3069 3524 3124 3570 ct
3168 3529 3294 3572 nota
3339 3516 3463 3583 ﬁat,

155 3603 227 3659 ad
264 3610 477 3672 tempus
503 3600 802 3657 vocationis
830 3615 961 3656 suae.
1010 3599 1139 3655 Plus
1167 3601 1311 3655 enim
1342 3603 1597 3659 omnibus
1626 3619 1762 3674 apo-
1865 3605 2209 3677 multiformis
2235 3607 2496 3677 sapientia
2524 3608 2650 3674 Dei,
2698 3618 2747 3663 et
2785 3611 3111 3681 principibus
3147 3622 3194 3666 et
3231 3621 3465 3683 potesta-

155 3693 325 3751 stolis
351 3693 637 3760 laboravit,
669 3693 794 3765 quia
826 3708 949 3748 cum
981 3693 1163 3748 caeteri
1197 3693 1251 3748 in
1279 3693 1414 3749 locis
1439 3696 1541 3751 sibi
1571 3697 1762 3753 distri-
1865 3698 2004 3753 tibus
2046 3699 2102 3753 in
2147 3698 2437 3755 cwleslibus
2479 3717 2574 3772 per
2612 3700 2930 3757 Ecclesiam.
2986 3702 3335 3760 Multiformis
3375 3722 3464 3761 sa-

156 3785 315 3842 butis
342 3785 721 3857 praedicarent,
749 3783 839 3841 ille
865 3800 973 3840 non
1004 3784 1178 3839 solum
1204 3784 1404 3841 Judazis
1426 3788 1761 3857 praedicavit,
1865 3789 2070 3861 pientia
2097 3789 2192 3845 Dei
2221 3788 2440 3858 dicitur,
2465 3793 2619 3862 quasi
2646 3792 2926 3865 multiplex
2958 3805 3012 3850 et
3035 3796 3234 3852 multas
3256 3799 3468 3869 species

156 3880 264 3936 sed
297 3879 462 3934 etiam
490 3878 742 3935 omnibus
788 3878 1040 3950 gentibus
1071 3877 1271 3948 quibus
1309 3879 1637 3935 constitutus
1680 3889 1764 3937 est
1867 3890 1922 3937 et
1950 3881 2155 3938 formas
2186 3883 2411 3939 habens.
2457 3884 2751 3939 Videamus
2798 3888 3073 3955 quomodo
3114 3888 3466 3946 multiformis

156 3972 431 4042 magister
457 3981 513 4027 et
538 3970 864 4042 praedicator
893 3969 946 4039 (1
972 3967 1097 4024 Cor.
1126 3967 1262 4041 XVI).
1321 3969 1546 4025 Minimo
1580 3980 1763 4028 autem
1867 3971 1958 4027 sit.
1992 3971 2163 4026 Filius
2183 3973 2278 4027 Dei
2306 3981 2466 4028 natus
2493 3982 2579 4029 est
2604 3975 2671 4029 de
2692 3975 2905 4046 virgine
2926 3976 3046 4031 sine
3065 3976 3210 4031 virili
3232 3980 3464 4047 semine,

156 4063 316 4138 quod
345 4063 498 4128 dicit,
530 4061 638 4118 tale
665 4067 782 4127 est,
815 4076 881 4116 ac
909 4059 956 4116 si
989 4059 1229 4126 diceret,
1261 4060 1559 4117 novissimo
1592 4071 1648 4118 et
1684 4061 1768 4118 ul-
1865 4063 2117 4135 vagiebat
2147 4064 2201 4118 in
2227 4065 2492 4135 praesepio
2520 4074 2580 4120 ut
2608 4064 2809 4131 infans,
2834 4067 2931 4122 sed
2960 4067 3030 4122 ab
3059 4066 3269 4140 angelis
3294 4069 3463 4140 glori-

156 4152 329 4212 timo.
363 4151 702 4208 Novissimus
725 4150 871 4206 enim
894 4150 1262 4221 apostolorum
1289 4151 1403 4221 ipse
1428 4160 1654 4211 vocatus
1681 4162 1766 4211 est
1867 4153 2135 4210 ﬁcabatur
2167 4164 2226 4209 ut
2255 4155 2399 4211 Deus
2439 4156 2494 4211 in
2537 4157 2707 4225 creto;
2756 4158 2824 4215 ab
2866 4157 3079 4215 Herode
3118 4163 3466 4231 qurerebatur

155 4247 238 4305 ad
268 4244 502 4317 gratiam
526 4242 825 4315 Evangelii,
851 4243 978 4313 quia
1006 4241 1084 4297 illi
1112 4251 1238 4298 ante
1267 4243 1572 4314 passionem
1601 4262 1631 4301 a
1659 4245 1765 4302 Do-
1865 4242 2100 4300 interﬁci
2131 4253 2192 4300 ut
2231 4245 2427 4313 homo,
2464 4247 2559 4302 sed
2588 4262 2619 4301 a
2650 4248 2823 4319 magis
2853 4248 3006 4304 stella
3051 4249 3284 4307 ducente
3311 4266 3463 4322 qua:-

156 4339 342 4402 mino,
384 4336 473 4393 hic
496 4350 626 4391 vero
654 4341 779 4407 post
806 4332 924 4404 ejus
951 4333 1325 4390 ascensionem
1347 4376 1361 4401 ,
1393 4334 1461 4390 de
1498 4336 1636 4393 coelo
1661 4352 1760 4394 vo-
1865 4339 2088 4395 rebatur
2112 4340 2327 4398 adorari
2361 4349 2422 4396 ut
2453 4340 2596 4398 Deus
2622 4359 2637 4409 ;
2675 4351 2926 4399 mortuus
2959 4352 3043 4400 est
3070 4353 3132 4400 ut
3158 4346 3343 4413 homo,
3375 4363 3465 4404 re-

158 4444 328 4503 eatus
356 4439 458 4487 est.
505 4429 916 4502 Evangelizare,
956 4437 1040 4485 est
1076 4429 1217 4486 bona
1249 4431 1595 4497 annuntiare,
1636 4434 1763 4504 quia
1863 4432 2218 4505 surrexitper
2236 4434 2535 4506 potentiam
2557 4436 2809 4493 Deitatis.
2841 4438 3155 4512 Resurgens
3176 4454 3208 4494 a
3228 4441 3463 4498 mortuis

159 4525 527 4600 Evangelium
564 4533 649 4582 est
681 4526 883 4582 bonum
913 4526 1183 4581 nuntium.
1234 4525 1587 4598 Evangelizat
1609 4543 1757 4599 ergo,
1864 4525 2117 4596 apparuit
2142 4526 2426 4597 discipulis
2463 4527 2539 4582 in‘
2559 4528 2750 4584 habitu
2778 4529 3040 4597 hominis,
3073 4532 3166 4588 sed
3197 4530 3465 4602 Spiritum

159 4604 284 4677 non
313 4618 486 4686 solum
511 4616 605 4689 qui
626 4615 979 4689 Evangelium
1006 4615 1266 4689 praedicat
1285 4615 1486 4672 Christi
1512 4633 1608 4674 ore
1629 4634 1759 4691 pro-
1788 4685 1832 4692 _
1866 4610 2114 4673 sanctum
2143 4614 2289 4675 dedit
2312 4620 2394 4675 eis
2416 4628 2478 4675 ut
2496 4619 2660 4676 Deus.
2687 4620 2829 4679 Ecce
2853 4621 3090 4692 qualiter
3109 4624 3463 4682 multiformis
3508 4616 3514 4622 ’

162 4714 344 4769 latum
365 4752 380 4777 ,
430 4685 547 4768 sed—
568 4710 661 4782 qui
708 4685 850 4765 bona
882 4685 1170 4765 annuntiat
1188 4751 1204 4776 ,
1252 4717 1309 4764 et
1347 4710 1542 4782 gaudia
1571 4685 1763 4781 patriae
1788 4685 1843 4748 Ῑ)
1867 4716 1952 4763 εει
1972 4710 2237 4780 sapientia
2256 4709 2372 4765 Dei.
2390 4709 2463 4768 Ut
2484 4724 2615 4783 ergo
2638 4713 2744 4768 ista
2766 4685 3047 4784 multiplex
3073 4716 3341 4786 sapientia
3364 4715 3459 4771 Dei

164 4803 417 4863 caelestis
439 4802 737 4875 promittit,
767 4818 887 4875 qua:
912 4803 968 4858 in
999 4803 1118 4875 lege
1145 4812 1201 4860 et
1228 4808 1511 4878 prophetis
1537 4816 1591 4863 et
1618 4809 1764 4880 psal-
1868 4800 2310 4859 manilestaretur
2336 4805 2676 4877 principibus
2717 4815 2773 4863 et
2808 4804 3171 4879 potestatibus
3204 4809 3258 4866 in
3291 4811 3464 4867 coale-

166 4898 301 4963 mis,
335 4895 602 4967 dictisque
632 4903 946 4951 sanctorum
974 4895 1197 4950 Patrum
1229 4899 1597 4955 continentur.
1633 4900 1764 4970 Qua;
1869 4893 2062 4960 stibus,
2114 4910 2251 4965 quas
2291 4896 2486 4952 beatus
2531 4897 2896 4972 Hieronymus
2932 4902 3205 4973 angelicas
3231 4903 3465 4959 virtutes

167 4998 304 5072 sunt
327 4990 447 5046 ista:
471 4989 675 5072 divitiae
698 4987 904 5046 Christi
932 4990 1354 5062 investigahiles,
1379 4994 1445 5049 ad
1472 5009 1608 5065 quas
1635 4996 1765 5053 mis.
1868 4986 1986 5042 vult
2018 4987 2243 5060 intelligi
2276 4989 2329 5044 in
2359 4990 2498 5046 coelo
2526 4992 2831 5049 residentes
2850 5036 2864 5061 ,
2910 4995 3080 5051 Filius
3115 4997 3210 5052 Dei
3236 4997 3467 5053 veniens

167 5066 377 5164 susest
395 5065 684 5154 Apostolus
703 5082 1078 5155 evangelizare
1101 5084 1154 5139 in
1178 5086 1469 5156 gentibus?
1497 5086 1763 5145 Nimirum

170 5178 315 5244 illm,
346 5166 425 5232 de
466 5172 669 5249 quibus
704 5176 848 5233 idem
888 5176 1180 5248 Apostolus
1220 5166 1348 5234 alibi
1389 5179 1562 5235 dicit:
1613 5180 1768 5249 Quod

172 5273 365 5331 oculus
391 5289 496 5341 non
523 5270 671 5339 uidit,
693 5288 786 5327 nec
806 5270 953 5327 auris
973 5270 1194 5339 audivit,
1225 5288 1318 5326 nec
1347 5274 1403 5326 in
1424 5289 1515 5328 cor
1539 5274 1770 5331 hominis

172 5366 438 5441 ascendit,
466 5383 584 5449 qua:
610 5367 928 5438 prwparavit
958 5365 1098 5420 Deus
1123 5364 1461 5436 diligentibus
1486 5385 1540 5423 se
1564 5366 1613 5441 (1
1641 5365 1765 5424 Cor.

173 5462 269 5535 ιι),
314 5462 418 5532 hoc
459 5468 575 5526 est,
622 5459 818 5533 gaudia
848 5459 1041 5530 patrize
1069 5458 1339 5526 caelestis,
1378 5460 1487 5516 vita
1519 5456 1633 5517 Sine
1665 5462 1770 5518 ﬁne

171 5568 462 5631 mansura.
500 5550 653 5620 Quod
685 5566 822 5621 ergo
847 5551 951 5607 hoc
979 5550 1099 5605 loco
1127 5550 1260 5606 dicit
1287 5551 1524 5619 divitias,
1556 5555 1608 5608 in
1641 5555 1767 5609 sub-

176 5630 534 5729 sequentibus
572 5645 862 5718 appellavit
904 5630 1305 5702 sacramentum
1333 5690 1348 5717 ,
1399 5648 1629 5719 ideoque
1670 5665 1768 5721 per

176 5744 403 5817 divitias
453 5757 560 5799 non
611 5741 915 5814 incongrue
949 5742 1209 5816 mysteria
1263 5742 1651 5801 incarnationis
1714 5753 1769 5800 ct

175 5835 455 5911 passionis
466 5834 665 5907 Christi
679 5848 966 5906 possumus
980 5833 1314 5911 intelligere,
1341 5837 1768 5906 redemptionem

181 5930 401 6002 generis
426 5927 647 5985 humani
685 5934 743 5984 et
778 5925 938 5982 ﬁdem
967 5916 1236 5999 gentium,
1284 5932 1341 5982 et
1379 5942 1486 5998 quo
1517 5928 1663 5983 nulla
1692 5929 1771 5985 di-

471 6022 742 6084 Ριτιιοι..
787 6017 1036 6081 CXVII.

1869 5080 1928 5135 in
1956 5080 2217 5136 mundum
2250 5084 2510 5140 revelavit
2537 5101 2658 5141 eam
2690 5087 2949 5159 apostolis
2976 5090 3107 5146 suis.
3139 5090 3208 5146 Et
3233 5104 3333 5161 per
3354 5084 3468 5147 Ec?

1872 5164 2117 5242 clesiam,
2145 5177 2248 5232 hoc
2273 5186 2376 5244 est,
2404 5178 2459 5234 in
2484 5178 2725 5236 Ecclesia
2755 5182 3175 5252 praedicantibus
3205 5176 3466 5253 apostolis

1872 5268 2244 5326 manifestavit
2273 5272 2533 5344 angelicis
2559 5273 2871 5330 virtutibus.
2903 5270 3051 5329 Dixit
3077 5290 3312 5347 namque
3340 5277 3466 5332 bea-

1873 5369 1959 5418 tus
1986 5361 2376 5436 Hieronymus,
2410 5365 2552 5436 quod
2592 5365 2838 5436 quaedam
2880 5364 3138 5437 angelicae
3172 5367 3465 5440 dignitates

1872 5465 2059 5522 erant,
2095 5472 2214 5527 quae
2245 5458 2503 5529 mysteria
2541 5457 2793 5530 superius
2831 5465 3134 5514 memorata
3163 5460 3230 5514 ad
3263 5475 3462 5537 purum

1875 5563 1981 5601 non
2014 5547 2416 5615 intellexerunt,
2445 5551 2619 5607 donec
2636 5550 2907 5623 completa
2921 5542 3213 5623 est'passi'o
3237 5544 3463 5619 Christi,

1875 5650 1929 5696 et
1959 5641 2217 5713 apostolis
2254 5644 2674 5714 praedicantibus
2705 5659 2804 5715 per
2833 5659 3024 5700 omnes
3048 5654 3238 5716 gentes
3263 5640 3464 5717 cuspis?

1876 5740 1996 5788 sent
2042 5731 2425 5802 praedicatione
2473 5751 2569 5790 sua
2621 5734 2852 5807 gentiles
2897 5736 3117 5793 trahere
3162 5736 3231 5792 ad
3277 5735 3460 5793 ﬁdem.

1875 5822 2027 5893 Quod
2057 5828 2277 5898 probari
2315 5818 2494 5899 potest
2520 5842 2587 5884 ex
2618 5828 2724 5885 hoc
2752 5830 2895 5900 quod
2924 5830 3102 5901 angeli
3142 5828 3464 5888 admirando

1877 5923 2150 5991 dixerunt,
2182 5924 2275 5980 illo
2302 5923 2631 5980 ascendente
2669 5925 2737 5981 ad
2772 5926 2939 5983 coelos
2966 5926 3187 6000 propria
3217 5926 3459 5983 virtute:

3101 6024 3180 6085 23
