3996 6482
524 398 639 469 τις

1022 397 1382 461 HAYMONIS
1415 396 1901 465 HALBERSTAT.
1945 397 2103 457 EPISl

2208 398 2350 456 DPP.
2390 397 2572 459 PARS
2607 397 2651 465 ι.
2674 430 2748 451 ε-ι-
2778 396 3140 467 COMMENT.
3177 400 3353 460 BlBL.

3632 338 3659 346 ον

3722 403 3845 462 ’116

527 516 663 587 Quis
691 526 769 575 est
795 518 895 575 istc
915 516 1005 590 qui
1032 516 1166 572 venit
1191 515 1258 570 de
1285 513 1459 571 Edam
1489 511 1624 587 (Isa.
1651 514 1833 586 mn),
1870 514 1975 570 hoc
2003 521 2115 581 est,
2146 515 2199 576 Α
2222 512 2396 586 possit
2437 512 2687 571 Christus
2730 514 2980 571 habitare
3023 531 3123 587 per
3165 516 3325 577 ﬁdem
3364 517 3421 574 in
3446 517 3709 583 interiori
3736 519 3847 574 ho-

525 612 595 668 de
623 618 851 667 cruento
878 616 933 665 et
960 607 1379 679 sanguinolento
1404 605 1651 663 mundo?
1681 606 1745 660 Et
1771 605 1827 660 in
1853 603 2112 661 Psalmis:

525 700 659 770 Quis
687 710 766 755 est
796 701 893 755 iste
922 715 1015 754 rea:
1042 698 1226 771 gloria:
1254 695 1431 769 (Psal.
1463 699 1621 769 χχιιι)
1646 698 1669 751 ?
1712 696 1823 753 Illis
1849 696 1994 753 enim
2025 695 2117 767 qui

522 790 744 860 majoris
785 789 1064 863 dignitatis
1094 798 1225 845 sunt
1272 796 1329 845 et
1369 803 1469 860 per
1496 802 1726 859 quorum
1756 787 2117 843 ministerium

521 882 611 940 illa
649 884 904 940 mandata
935 891 1098 949 sunt,
1145 880 1361 954 cognita
1408 880 1666 948 fuerunt,
1714 889 1902 950 utpote
1933 879 2115 935 consi-

518 978 692 1035 liariis
720 985 778 1033 et
806 976 1050 1033 nuntiis:
1096 976 1204 1032 illis
1248 990 1382 1033 vero
1427 975 1519 1047 qui
1565 975 1792 1031 minoris
1832 974 2118 1048 dignitatis

518 1080 667 1137 sunt,
694 1079 878 1143 potest
897 1085 1018 1127 esse
1037 1080 1098 1127 ut
1122 1086 1188 1125 ex
1217 1078 1372 1141 parte
1400 1068 1675 1141 incognite
1696 1076 1900 1134 essent,
1931 1076 1989 1124 et
2011 1068 2117 1124 hoc

517 1163 858 1222 manifestat.
1112 1236 1117 1243 ι

588 1256 895 1314 Secundum
942 1256 1344 1327 prteﬁnitionem
1379 1296 1395 1321 ,
1454 1255 1539 1310 vel
1601 1253 2116 1329 praeordinationem

516 1353 632 1410 sive
671 1349 1205 1423 prmdestinationem
1234 1347 1573 1412 swculorum,
1619 1347 1763 1423 quod
1791 1362 1960 1402 unum
1987 1353 2111 1411 est;

515 1462 674 1519 quam
699 1444 1117 1518 prazﬁnitionem
1143 1442 1289 1512 fecit,
1314 1442 1429 1497 sive
1451 1439 1694 1514 implevit
1712 1441 1767 1494 in
1791 1440 1999 1496 Christo
2023 1438 2115 1494 Je-

514 1556 579 1595 su
598 1579 613 1605 ,
644 1537 698 1594 id
740 1544 823 1592 est
848 1549 945 1606 per
973 1533 1247 1591 Christmn
1280 1531 1485 1589 Jesum.
1516 1532 1669 1589 Sicut
1699 1548 1829 1604 ergo
1849 1532 1993 1587 Deus
2014 1529 2121 1586 Pa-r

515 1639 599 1686 ter
628 1627 1015 1702 praeordinavit
1058 1634 1186 1681 ante
1228 1625 1414 1682 omnia
1446 1624 1663 1691 sarcula,
1715 1625 1793 1680 sic
1823 1622 2116 1695 complevit

514 1731 571 1779 et
610 1718 982 1777 manifestavit
1020 1716 1410 1773 multiformem
1452 1716 1773 1787 sapientiam
1825 1729 1979 1771 suam
2015 1729 2115 1784 per

514 1813 812 1869 Christum.
862 1807 1089 1881 Propter
1131 1807 1309 1880 quod,
1351 1806 1642 1872 subaudis,
1687 1805 1814 1877 quia
1850 1805 2011 1860 ﬁdem
2055 1803 2112 1859 in

2222 606 2393 673 mine,
2440 606 2546 662 hoc
2576 614 2678 674 est,
2712 607 2765 662 in
2812 608 3070 664 cordibus
3095 610 3310 665 vestris.
3354 609 3508 665 Licet
3535 610 3693 665 enim
3720 626 3848 665 om-

2221 698 2476 767 nipotens
2506 697 2650 753 Deus
2669 711 2769 769 per
2807 697 3108 768 potentiam
3139 698 3439 754 divinitatis
3472 713 3587 754 sua:
3622 699 3846 770 ubique

2222 787 2318 856 sit,
2358 795 2538 845 tamen
2583 789 2637 844 in
2681 787 2788 845 illis
2835 789 3150 862 Specialiter
3186 790 3387 846 dicitur
3427 791 3697 847 habitare
3745 791 3845 862 qui

2221 878 2383 938 ﬁdem
2412 880 2530 952 ejus
2552 881 2773 938 habent.

2292 968 2361 1026 In
2388 972 2645 1028 charitate
2694 974 2920 1029 radicati
2954 985 3001 1030 et
3048 974 3292 1046 fundati,
3334 985 3391 1030 ut
3425 976 3645 1046 possitis
3695 993 3845 1030 com-

2219 1061 2539 1131 prehendere
2561 1065 2612 1117 in
2645 1065 3025 1138 vobismetipsis
3048 1084 3167 1121 cum
3195 1067 3434 1123 omnibus
3459 1070 3697 1133 sanctis,
3721 1085 3845 1140 qua

2219 1156 2287 1210 sit
2314 1153 2570 1221 latitudo,
2614 1156 2913 1230 longitudo,
2941 1158 3240 1216 sublimitas
3277 1170 3326 1215 et
3359 1161 3725 1233 profundunt.
3760 1161 3840 1217 Ex

2218 1250 2593 1322 superioribus
2654 1252 2757 1308 ista
2814 1255 3051 1326 pettdettt
3100 1274 3112 1308 :
3168 1253 3294 1310 Ideo
3343 1255 3508 1310 etiam
3557 1255 3831 1311 submittr

2219 1357 2414 1405 sensus
2455 1344 2639 1399 cordis
2686 1346 2794 1401 mei
2837 1346 2904 1401 ad
2950 1346 3155 1413 Deum,
3204 1356 3265 1403 ut
3303 1347 3425 1403 sitis
3454 1347 3508 1403 in
3548 1347 3827 1403 charitau

2221 1435 2474 1501 radicati,
2520 1436 2661 1492 sicut
2689 1438 2852 1493 arbor
2894 1434 3136 1510 plantata
3167 1439 3431 1496 radicitus
3482 1439 3759 1495 ﬁrmatur
3784 1440 3837 1495 in

2222 1540 2368 1587 terra
2394 1538 2452 1585 ut
2481 1530 2681 1589 habeat
2701 1532 3009 1601 humorem,
3042 1540 3097 1588 et
3120 1549 3151 1589 a
3174 1545 3338 1591 vento
3364 1535 3526 1592 facile
3554 1552 3671 1593 non
3703 1552 3835 1592 era-

2217 1623 2452 1690 dicetur,
2474 1630 2653 1679 etnon
2687 1623 2857 1680 solum
2890 1625 3138 1692 radicati,
3168 1627 3262 1682 sed
3284 1635 3339 1682 et
3374 1627 3587 1683 fundati
3619 1629 3683 1684 in
3716 1630 3832 1700 ipsa

2219 1711 2503 1779 charitate,
2527 1713 2684 1784 quasi
2716 1729 2882 1785 super
2914 1714 3300 1772 solidissimam
3338 1726 3577 1789 petram,
3607 1728 3678 1774 nt
3701 1735 3831 1792 pos-

2219 1804 2340 1860 sitis
2370 1803 2674 1877 intelligere
2699 1821 2820 1876 qum
2860 1807 2933 1861 sit
2962 1807 3187 1864 latitudo
3210 1808 3522 1865 charitatis.
3568 1810 3831 1868 Latitudo

513 1905 730 1962 Christo
767 1903 982 1961 habetis
1025 1911 1083 1959 et
1107 1915 1393 1957 accessum
1437 1899 1504 1956 ad
1554 1898 1725 1957 Deum
1762 1896 1982 1953 Patrem
2010 1911 2113 1966 per
2139 1888 2189 1953 Β
2215 1896 2506 1954 charitatis
2535 1908 2620 1955 est
2660 1915 2766 1971 qua
2793 1899 3033 1973 diligitur
3055 1900 3221 1969 Deus,
3248 1912 3304 1959 et
3333 1918 3441 1959 non
3471 1904 3657 1959 solum
3693 1906 3829 1962 ami-

512 1998 712 2070 ipsum,
745 1997 955 2052 obsecro
976 2012 1064 2050 vos
1094 2011 1169 2049 ne.
1183 1993 1442 2064 deﬁciatis
1466 1992 1522 2046 in
1537 1989 1964 2046 tribulationibus
1980 1989 2105 2043 meis

509 2107 605 2161 pro
632 2089 801 2155 vobis,
824 2088 879 2143 id
900 2095 1009 2154 est,
1032 2092 1102 2142 ne
1131 2084 1400 2141 recedatis
1428 2098 1458 2138 a
1489 2082 1595 2138 ﬁde
1615 2080 1842 2151 Christi,
1867 2081 1993 2137 dum
2020 2094 2107 2137 me

509 2183 710 2239 videtis
739 2179 990 2238 tribulari
1016 2193 1117 2251 pro
1144 2177 1319 2243 vobis,
1347 2192 1465 2248 qua:
1508 2174 1784 2231 tribulatio
1821 2182 1895 2228 est
1936 2171 2109 2245 gloria

509 2284 701 2330 vestra.
730 2270 1151 2329 Convenientius
1171 2269 1396 2334 diceret,
1420 2282 1543 2338 quae
1572 2264 1951 2323 tribulationes
1981 2271 2110 2319 sunt

509 2364 679 2438 gloria
719 2370 920 2420 vestra.
955 2359 1061 2416 Pro
1094 2359 1200 2415 illis
1240 2374 1371 2431 ergo
1398 2357 1691 2431 Apostolus
1721 2354 2103 2425 tribulabatur,

508 2456 636 2527 quia
658 2455 785 2510 dum
830 2453 936 2508 illis
966 2450 1300 2523 praedicabat
1326 2449 1575 2515 verbum,
1605 2446 2105 2518 comprehendeba-

516 2557 606 2603 tur
627 2563 657 2601 a
687 2543 1150 2618 persecutoribus.
1180 2540 1289 2597 Sed
1314 2540 1434 2613 ejus
1464 2540 1748 2595 tribulatio
1790 2539 1961 2610 gloria
1990 2538 2108 2592 illo-

510 2656 631 2697 rum
657 2647 798 2706 erat,
846 2639 940 2711 qui
967 2636 1416 2695 confortabantur
1445 2636 1499 2689 in
1524 2634 1648 2701 ﬁde,
1686 2642 1740 2691 et
1768 2648 1866 2706 per
1894 2634 2108 2705 passio-

509 2746 635 2788 nem
659 2746 812 2786 suam
835 2729 1193 2800 acquirebant
1222 2727 1448 2798 gloriam
1471 2734 1751 2782 aeternam.

587 2819 766 2891 Hujus
797 2820 871 2874 rei
893 2819 1089 2891 gratia,
1120 2818 1175 2873 id
1197 2828 1281 2874 est
1314 2827 1599 2889 propterea
1625 2833 1694 2873 ne
1720 2832 1817 2873 vos
1841 2817 2106 2875 recedatis

517 2928 548 2968 a
581 2912 687 2969 ﬁde
716 2912 940 2977 Christi,
974 2913 1127 2982 [lecto
1156 2928 1249 2983 ego
1289 2928 1459 2983 genua
1502 2928 1616 2967 mea
1648 2911 1718 2966 ad
1746 2910 1963 2967 Patrem
1993 2910 2102 2965 Do-

506 3007 637 3062 mini
664 3006 829 3061 nostri
866 3005 994 3060 Jesu
1024 3002 1241 3059 Christi.
1272 3002 1427 3059 Sicut
1467 3011 1594 3059 sunt
1632 3004 1933 3060 exteriores
1960 3003 2104 3063 oculi

506 3100 753 3171 corporis
782 3077 1131 3154 etExteriora
1155 3112 1348 3170 genua,
1382 3105 1689 3169 caeteraque
1719 3098 1982 3163 membra,
2028 3098 2104 3157 ita

505 3191 670 3247 etiam
696 3190 951 3245 dicuntur
979 3203 1102 3243 esse
1130 3196 1186 3245 et
1209 3188 1491 3244 interiora.
1520 3187 1674 3244 Unde
1694 3189 1784 3244 hic
1807 3188 2098 3260 Apostolus

2210 2002 2328 2053 cus,
2346 1989 2444 2046 sed
2455 1989 2621 2045 etiam
2646 1989 2914 2047 inimicus.
2934 1991 3012 2047 De
3033 2007 3143 2063 quo
3156 1994 3413 2048 mandato
3430 1994 3568 2049 dicit
3594 1993 3825 2050 Psalmi-

2210 2086 2294 2135 sta
2329 2095 2345 2135 :
2389 2080 2581 2136 Latum
2628 2081 2942 2137 mandatum
2988 2092 3137 2137 tuum
3183 2085 3339 2138 nimis
3379 2082 3577 2154 (Psal.
3608 2085 3819 2153 cxml).

2208 2170 2514 2244 Longitudo
2556 2173 2842 2229 charitatis
2870 2183 2955 2230 est
2990 2174 3398 2245 perseverantia
3422 2175 3477 2229 in
3518 2175 3823 2248 bonisope

2211 2267 2384 2324 ribus.
2415 2268 2825 2341 Longanimitas
2847 2269 3012 2325 etiam
3051 2270 3167 2327 sive
3210 2269 3493 2342 longitudo
3537 2271 3821 2328 charitatis

2208 2368 2295 2418 est
2333 2360 2402 2417 ab
2447 2361 2603 2417 initio
2642 2361 2765 2418 ﬁdei
2792 2377 2965 2433 usque
3006 2362 3071 2417 ad
3099 2361 3261 2418 linem
3290 2362 3445 2433 spei,
3469 2378 3654 2434 usque
3699 2365 3819 2419 dum

2175 2465 2178 2468 ’
2207 2453 2592 2526 perveniamus
2619 2452 2689 2508 ad
2716 2452 2868 2519 illud,
2895 2461 2955 2509 ut
2980 2454 3124 2525 quod
3148 2454 3309 2509 modo
3332 2462 3599 2510 tenemus
3624 2455 3678 2509 in
3709 2471 3818 2527 Spe,

2210 2555 2337 2601 tunc
2374 2544 2753 2616 possideamus
2801 2544 2856 2600 in
2908 2560 2999 2610 re,
3043 2544 3314 2616 patienter
3352 2560 3457 2617 pro
3497 2548 3603 2602 Dei
3640 2563 3819 2604 amore

2208 2637 2439 2701 adversa
2486 2635 2673 2693 saeculi
2720 2634 2881 2706 hujus
2941 2636 3258 2693 tolerantes.
3316 2636 3650 2695 Sublimitas
3711 2642 3818 2696 sire

2208 2727 2438 2785 altitudo
2471 2728 2756 2785 charitatis
2794 2735 2903 2793 est,
2934 2736 2994 2783 ut
3018 2743 3118 2800 pro
3146 2729 3397 2785 omnibus
3427 2732 3644 2786 nostris
3672 2733 3819 2790 bouis

2209 2820 2473 2892 operibus
2502 2832 2614 2876 tam
2646 2835 2746 2892 pro
2777 2819 3064 2876 latitudine
3090 2819 3373 2877 cltaritatis
3402 2837 3578 2892 quam
3617 2825 3817 2894 patien-

2206 2911 2319 2979 tia,
2346 2910 2773 2985 longanimitate,
2802 2910 3207 2981 perseverantia
3233 2910 3287 2965 in
3329 2912 3490 2966 bonis
3531 2914 3813 2983 operibus,

2204 3003 2597 3063 sublimitatem
2635 3003 2828 3076 patriae
2869 3003 3108 3059 caelestis
3145 3018 3484 3074 quaaramus,
3533 3017 3817 3075 sperantes

2205 3112 2306 3153 nos
2356 3112 2387 3151 a
2430 3096 2542 3152 Deo
2584 3094 3034 3152 remunerandos.
3083 3094 3419 3151 Profundum
3466 3105 3661 3153 autem
3712 3098 3818 3153 sire

2205 3188 2481 3246 occultum
2512 3188 2798 3245 charitatis
2827 3196 2930 3254 est,
2952 3196 3012 3243 ut
3032 3188 3214 3244 omnia
3235 3189 3377 3243 bona
3399 3204 3530 3259 qua:
3552 3189 3815 3245 habemus

504 3298 614 3339 non
645 3282 887 3353 loquitur
911 3281 978 3338 de
995 3281 1359 3337 exterioribus
1379 3282 1626 3354 genibus.
1650 3280 1756 3337 Per
1774 3251 1948 3354 genua
1970 3299 2100 3356 ergo
2127 3251 2175 3323 θ
2207 3280 2274 3337 de
2307 3280 2418 3335 alto
2450 3278 2549 3334 Dei
2587 3278 2729 3335 dono
2753 3288 2808 3335 et
2845 3251 3251 3350 inspirationem
3287 3251 3448 3336 nobis
3474 3281 3669 3338 venire
3706 3298 3813 3339 cre-
3850 3276 3889 3312 ⁶

505 3378 766 3435 debemus
795 3375 1099 3448 intelligere
1135 3376 1508 3431 tantummodo
1534 3375 1862 3432 submissum
1900 3386 1956 3431 et
1996 3378 2097 3432 hu-

505 3471 774 3533 miliatum
800 3483 1021 3524 sensum
1048 3468 1266 3524 mentis.
1290 3464 1500 3533 Flecto,
1526 3467 1719 3537 inquit,
1748 3481 1923 3537 genua
1956 3483 2098 3535 mea,

505 3562 559 3618 id
579 3570 687 3628 est,
709 3560 970 3616 submitto
989 3568 1045 3616 et
1062 3559 1287 3615 humilio
1309 3574 1527 3619 sensum
1548 3560 1730 3615 cordis
1750 3558 1878 3625 mei,
1894 3561 2101 3617 orando

506 3652 675 3708 Deum
704 3667 803 3724 pro
823 3652 997 3708 vobis.
1031 3651 1186 3718 Quod
1227 3651 1503 3723 sequitur,
1546 3651 1616 3705 ad
1649 3649 1862 3706 Patrem
1884 3651 2101 3713 Domini

506 3745 670 3799 nostri
694 3742 826 3799 Jesu
855 3740 1073 3811 Christi,
1102 3745 1156 3799 in
1187 3744 1377 3800 Graeco
1416 3756 1666 3799 sermone
1709 3759 1816 3798 non
1849 3744 2098 3813 habetur,

505 3837 609 3892 nisi
638 3837 1014 3893 tantummodo
1041 3836 1112 3891 ad
1140 3834 1373 3901 Patrem,
1401 3842 1461 3889 ut
1490 3834 1824 3908 intelligatur
1852 3834 2101 3891 absolute

503 3927 727 3985 Creator
753 3943 874 3987 esse
916 3929 1157 3985 omnium
1190 3943 1393 3983 rerum.
1425 3925 1579 3995 Quod
1614 3942 1744 3982 vero
1789 3927 1844 3982 in
1892 3926 2100 3986 Latinis

501 4020 784 4078 codicibus
817 4021 1060 4077 additum
1107 4028 1222 4086 est,
1269 4017 1485 4073 Domini
1515 4020 1679 4074 nostri
1709 4018 1839 4074 Jesu
1878 4018 2097 4091 Christi,

501 4111 639 4169 bene
688 4112 965 4176 convenit,
1008 4112 1132 4182 quia
1176 4111 1251 4166 illi
1294 4118 1379 4168 est
1418 4111 1637 4189 proprie
1681 4119 1739 4167 et
1779 4113 2100 4170 naturaliter

499 4216 676 4279 pater,
708 4207 869 4263 nobis
896 4214 1077 4261 autem
1104 4204 1410 4275 adoptivus.
1444 4204 1701 4275 Sequitur
1730 4224 1742 4259 :

576 4300 661 4355 Ea:
680 4317 805 4372 quo,
834 4300 945 4356 Deo
966 4298 1147 4379 Patre,
1173 4302 1341 4355 omnis
1374 4299 1660 4370 paternitas
1703 4300 1757 4354 in
1794 4299 1922 4355 caelo
1950 4309 2000 4354 et
2041 4301 2097 4367 in

502 4402 645 4448 terra
675 4392 995 4445 nominatur.
1021 4388 1176 4445 Sicut
1213 4389 1266 4445 in
1309 4389 1559 4462 pratsenti
1599 4390 1795 4447 saeculo
1834 4390 2097 4453 habemus

502 4499 640 4556 quos
664 4482 999 4554 appellamus
1024 4490 1231 4554 patres,
1259 4490 1314 4538 et
1336 4491 1463 4538 sunt
1487 4498 1521 4537 a
1544 4482 1740 4554 quibus
1761 4484 2096 4555 appellamur

499 4584 711 4649 patres,
740 4575 816 4630 ita
856 4582 913 4630 et
940 4574 996 4630 in
1044 4573 1136 4630 illo
1182 4573 1412 4647 collegio
1445 4584 1756 4633 sanctorum
1803 4576 2093 4647 spirituum

500 4765 645 4820 sicut
668 4761 952 4835 praelatos,
978 4763 1127 4819 verbi
1148 4762 1323 4833 gratia
1351 4780 1364 4819 :
1388 4763 1567 4834 angeli
1590 4763 1823 4836 diligunt
1859 4765 2096 4821 archan-

497 4856 649 4929 gelos
676 4855 951 4927 appellare
973 4864 1178 4927 patres,
1197 4856 1277 4913 sic
1299 4856 1364 4912 de
1385 4856 1599 4913 caeteris
1618 4856 1910 4913 virtutibus
1931 4857 2090 4915 intel-

498 4950 796 5023 ligendum.
842 4948 969 5009 ldeo
1005 4949 1163 5016 dixit,
1210 4964 1282 5006 ex
1325 4964 1434 5020 quo
1476 4949 1655 5007 omnis
1701 4951 2002 5023 paternitas
2035 4953 2092 5017 in

496 5043 637 5103 coelo
663 5043 800 5099 etin
827 5051 971 5100 terra
999 5042 1333 5113 nominatur,
1356 5041 1486 5112 quia
1514 5050 1568 5099 et
1587 5042 1766 5117 angeli
1791 5045 1846 5101 in
1874 5044 2011 5102 omlo
2039 5053 2098 5103 et

497 5136 747 5193 homines
791 5135 847 5191 in
877 5143 1025 5192 terra
1065 5136 1254 5193 abillo
1298 5136 1581 5193 exordium
1620 5146 1987 5211 sumpserunt,
2034 5146 2091 5213 et

495 5231 565 5287 ab
596 5229 688 5286 illo
728 5229 821 5301 qui
861 5237 947 5287 est
982 5229 1148 5307 Pater
1186 5230 1430 5289 omnium
1463 5246 1649 5289 rerum
1680 5242 2007 5305 acceperunt
2030 5241 2091 5289 ut

490 5331 679 5393 patres
706 5322 939 5379 aliorum
965 5330 1309 5383 vocarentur.

570 5411 638 5468 Ut
665 5413 754 5469 det
794 5412 937 5473 vobis
970 5414 1260 5471 secundum
1292 5413 1501 5471 divitias
1535 5413 1720 5486 gloria:
1749 5430 1860 5470 sua:
1899 5415 2086 5469 virtute

495 5505 828 5562 corroborari
853 5505 962 5582 per
1009 5505 1269 5581 Spiritum
1308 5515 1558 5563 sanctum
1598 5506 1711 5578 ejus
1741 5507 1799 5562 in
1847 5507 2088 5562 interiori

493 5599 727 5668 homine,
767 5597 1037 5656 Christum
1057 5599 1298 5659 habitare
1325 5614 1421 5671 per
1450 5598 1608 5669 ﬁdem
1639 5598 1695 5653 in
1733 5597 1977 5654 cordibus
2004 5616 2090 5654 ue-

494 5692 641 5747 stris.
666 5690 896 5760 ldcirco,
918 5693 1115 5764 inquit,
1138 5706 1240 5768 ego
1264 5690 1425 5753 ﬂecto
1438 5706 1613 5763 genua
1636 5705 1757 5748 mea
1783 5692 1849 5749 ad
1869 5691 2088 5748 Patrem

497 5782 712 5839 Domini
740 5785 934 5853 nostri,
974 5792 1035 5843 ut
1054 5784 1171 5858 ipse
1198 5786 1290 5843 det
1311 5784 1465 5844 vobis
1500 5784 1756 5840 virtutem
1788 5784 2085 5842 secundum

499 5873 802 5950 largitatem
820 5876 1011 5955 gloriae
1030 5894 1165 5951 suae,
1193 5888 1253 5935 ut
1276 5879 1400 5939 sitis
1425 5879 1763 5945 corroborati
1790 5879 1843 5935 in
1878 5878 2006 5953 ﬁde,
2031 5886 2088 5938 et

2203 3370 2414 3426 damus.
2447 3367 2576 3425 Haec
2601 3377 2784 3425 autem
2822 3370 3005 3426 omnia
3043 3370 3099 3425 in
3145 3385 3308 3426 cruce
3338 3371 3422 3426 vel
3466 3372 3523 3427 in
3554 3374 3812 3431 charitate

2204 3463 2410 3521 Christi
2444 3479 2734 3536 possumus
2762 3463 3238 3535 comprehendere.

2275 3576 2426 3633 Scire
2447 3579 2609 3634 etiam
2673 3578 3142 3651 supereminentem
3198 3579 3438 3634 scientia:
3501 3581 3808 3637 charitatcn

2209 3666 2429 3733 Christi.
2454 3668 2559 3727 Det
2583 3669 2736 3727 vobis
2759 3670 2925 3727 etiam
2954 3670 3253 3745 intelligere
3280 3673 3622 3731 charitatem
3659 3676 3806 3732 ωτι-

2202 3760 2271 3817 sti
2332 3761 2827 3831 supereminentem
2873 3761 3117 3819 scientia
3171 3763 3423 3820 humanae
3452 3805 3469 3830 ,
3525 3766 3642 3823 hoc
3686 3779 3801 3835 est,

2202 3851 2294 3908 det
2348 3851 2501 3919 vobis
2559 3852 2844 3909 scientiam
2889 3861 3158 3923 quatenus
3215 3855 3440 3926 possitis
3504 3857 3804 3930 intelligere

2201 3954 2403 4017 quanta
2432 3947 2506 4003 sit
2523 3946 2768 4004 cbaritas
2814 3947 3020 4005 Christi
3070 3949 3163 4020 qui
3201 3965 3299 4020 pro
3344 3951 3507 4008 nobis
3563 3966 3802 4015 mortem

2202 4049 2325 4103 est,
2379 4052 2498 4107 qua:
2530 4036 2771 4092 cbaritas
2818 4040 3156 4095 transcendit
3209 4047 3262 4095 et
3314 4042 3541 4098 excedit
3592 4060 3801 4105 omnem

2203 4130 2497 4191 scientiam
2565 4129 2904 4197 humanam,
2961 4138 3016 4187 et
3074 4146 3181 4186 non
3249 4131 3425 4187 solum
3486 4134 3800 4206 humanam,

2152 4254 2155 4263 -
2199 4225 2295 4285 sed
2349 4226 2513 4279 etiam
2569 4222 2807 4278 divinam
2855 4238 3017 4294 quam
3064 4223 3376 4282 hominibus
3434 4225 3692 4302 largitur.
3740 4228 3799 4285 Et

2199 4319 2467 4391 quomodo
2524 4318 2795 4391 possimus
2856 4317 3005 4377 illam
3058 4320 3244 4386 scire,
3302 4321 3348 4375 si
3388 4325 3795 4393 supereminens

2197 4419 2282 4473 est
2325 4409 2557 4467 scientia
2601 4424 2721 4482 quae
2747 4409 3001 4469 omnibus
3036 4410 3336 4467 tribuitur?
3377 4411 3500 4469 Hoc
3543 4415 3795 4471 debemus

2195 4506 2358 4575 scire,
2404 4504 2532 4578 quia
2577 4504 2896 4577 ignoramus
2942 4504 3090 4563 illam
3121 4523 3133 4559 :
3167 4506 3289 4575 quis
3324 4507 3475 4562 enim
3522 4508 3793 4563 hominum

749 4598 816 4680 [ιδ
843 4598 913 4685 ξι
940 4598 1136 4685 "Iri?"
1182 4598 1412 4685 ιξυιιεεξυ
1445 4598 1756 4685 δειζυιυτιιιιι
1803 4598 2093 4685 spinam
2118 4622 2172 4685 ι)
2196 4600 2507 4659 mortalium
2532 4598 2677 4659 valet
2699 4600 3163 4672 comprehendere
3185 4608 3385 4671 quanta
3415 4602 3670 4658 cbaritas
3706 4602 3791 4659 fuit

502 4678 630 4726 sunt
670 4668 763 4740 qui
809 4666 946 4725 alios
988 4667 1221 4739 diligunt
1262 4668 1617 4741 archangelos
1668 4683 1861 4726 vocare
1885 4676 2090 4741 patres,
2118 4666 2147 4691 “

2198 4691 2253 4748 in
2284 4692 2396 4748 Deo
2424 4690 2607 4759 Patre,
2640 4690 2732 4765 qui
2753 4706 2855 4768 pro
2879 4691 3035 4748 nobis
3065 4692 3285 4747 unicum
3322 4692 3526 4749 Filium
3563 4712 3675 4752 non
3717 4711 3790 4751 so-

2195 4781 2307 4837 lum
2335 4782 2635 4850 incarnari,
2664 4782 2759 4838 sed
2796 4782 2959 4839 etiam
3000 4784 3140 4839 mori
3164 4784 3417 4855 permisit
3444 4786 3470 4840 ?
3498 4784 3787 4859 Sequitur:

2197 4868 2267 4935 Ut
2300 4871 2628 4944 impleamini
2669 4871 2726 4928 in
2755 4889 2961 4929 omnem
2991 4871 3373 4945 plenitudinem
3408 4874 3536 4939 Dei.
3572 4877 3787 4947 Idcirco,

2194 4960 2393 5035 inquit,
2442 4976 2611 5018 exoro
2644 4961 2786 5019 scire
2825 4977 2922 5019 vos
2958 4961 3285 5023 charitatem
3326 4962 3567 5035 Christi,
3608 4977 3668 5023 ut
3704 4968 3788 5022 imo

2194 5053 2451 5129 pleamini
2490 5054 2803 5122 virtutibus,
2842 5064 2899 5111 et
2939 5054 3257 5111 mereamini
3301 5060 3665 5121 annumerari
3701 5075 3783 5114 nu-

2189 5160 2345 5205 mero
2365 5143 2603 5200 ﬁdelium
2629 5159 2697 5200 ex
2725 5144 2921 5216 quibus
2948 5145 3192 5219 quotidie
3229 5162 3431 5221 corpus
3460 5147 3673 5207 Christi
3699 5148 3781 5204 im-

2188 5236 2389 5309 pletur.
2418 5235 2705 5291 Plenitudo
2725 5236 2871 5292 enim
2893 5237 3140 5309 corporis
3174 5236 3380 5295 Christi
3409 5248 3503 5296 est
3524 5240 3777 5319 Ecclesia.

2188 5344 2309 5400 qua:
2337 5326 2578 5399 quotidie
2608 5345 2674 5385 ex
2701 5330 2950 5386 omnibus
2974 5332 3229 5403 gentibus
3255 5333 3519 5406 impletur

2261 5418 2332 5475 Ei
2360 5429 2535 5474 autem
2558 5419 2662 5493 qui
2693 5431 2875 5491 potens
2910 5431 2985 5477 est
3034 5424 3213 5479 omnia
3254 5424 3432 5495 facere
3461 5428 3777 5498 superabun-

2190 5500 2378 5569 danter
2402 5530 2563 5585 quam
2588 5513 2823 5593 petimus
2861 5524 2954 5569 aut
2990 5515 3331 5589 intelligimus
3361 5519 3662 5575 “cundum
3691 5520 3775 5575 sir-

2190 5614 2352 5661 tutem
2373 5620 2492 5681 qua:
2512 5616 2759 5679 operatur
2773 5608 2831 5662 in
2860 5607 3028 5675 nobis,
3063 5607 3165 5679 ipsi
3190 5608 3359 5680 gloria
3384 5610 3442 5665 in
3469 5608 3714 5669 Ecclesia
3733 5620 3774 5667 et

2189 5696 2247 5751 in
2281 5695 2487 5752 Christo
2511 5694 2642 5753 Jesu
2664 5699 2718 5754 in
2750 5717 2928 5755 omnes
2962 5702 3320 5772 generationes
3353 5702 3543 5773 δαναιιὶ
3566 5704 3773 5760 seculo-

2193 5789 2332 5844 rum.
2361 5790 2647 5875 ΑηιεητΕἰ
2686 5778 2888 5859 autem,
2927 5791 2982 5848 id
3027 5800 3111 5847 est
3156 5792 3269 5849 Deo
3298 5792 3449 5851 Patri
3484 5795 3580 5868 qui
3608 5802 3769 5873 potest

2192 5880 2373 5937 omnia
2413 5879 2592 5938 facere
2626 5897 2745 5959 quae
2768 5882 2923 5940 vobis
2948 5889 3074 5939 sunt
3100 5885 3409 5941 necessaria
3444 5891 3765 5965 superabun-
