3996 6446
160 422 270 483 ﬂ?

843 423 1210 485 EXPOSITIO
1248 426 1318 483 1N
1357 425 1509 485 BPP.
1549 425 1610 485 S.
1649 425 1878 487 PAULI.
1920 458 1988 469 --
2024 429 2095 489 IN
2133 432 2356 493 EPIST.
2394 437 2490 494 AD
2524 384 2766 496 EPEES.

3341 446 3450 507 718

160 522 363 599 διηιει·
387 540 835 611 quam‘petimus,
862 542 916 598 id
942 552 1026 601 est
1055 544 1149 616 qui
1187 553 1365 616 potest
1391 544 1570 603 omnia
1600 544 1756 601 nobis
1779 544 1832 607 λ
1931 539 2082 600 Unus
2100 554 2188 602 est
2213 548 2474 606 Dominus
2496 554 2739 612 omnium
2765 565 3162 627 creaturarum,
3184 578 3291 618 una
3313 563 3451 633 ﬁdes

162 635 409 692 tribuere
436 635 561 704 plus
584 650 746 705 quam
773 647 961 709 petere
989 640 1248 707 sciamus,
1266 649 1319 696 et
1345 652 1527 713 petere
1549 658 1753 713 pracsu—

161 744 400 796 mamus,
425 736 479 784 et
502 729 606 786 hoc
632 732 925 787 secundum
953 733 1210 790 virtutem
1237 735 1535 792 divinitatis
1562 744 1754 807 poten-

167 822 260 879 tia
288 837 432 878 suae:
475 837 596 892 qua:
623 823 798 879 virtus
838 825 1140 882 divinitatis
1183 837 1443 899 operatur
1487 827 1540 883 in
1601 828 1757 885 nobis

158 912 451 979 miracula,
482 912 666 980 ﬁdem,
688 916 921 973 virtutes
964 927 1022 972 et
1047 919 1369 985 doctrinam,
1397 920 1468 974 sit
1500 918 1668 992 gloria
1700 921 1754 976 in

156 1003 407 1061 Ecclesia
429 1012 486 1061 et
504 1005 558 1060 in
581 1006 799 1063 Christo
824 1005 972 1065 Jesu.
1004 1009 1060 1064 ln
1090 1010 1330 1066 Ecclesia
1358 1019 1444 1067 est
1467 1011 1637 1085 gloria
1660 1012 1756 1067 Dei

159 1093 375 1159 Patris,
420 1097 549 1167 quia
600 1098 889 1157 multitudo
921 1101 1158 1157 ﬁdelium
1188 1102 1455 1172 gloriﬁcat
1487 1111 1541 1159 et
1574 1103 1759 1160 laudat

159 1188 333 1247 Deum
364 1187 583 1244 Patrem
612 1189 666 1244 in
692 1192 943 1249 omnibus
971 1209 1093 1263 qua:
1116 1194 1247 1266 agit.
1291 1195 1395 1250 Per
1420 1196 1563 1251 illam
1590 1196 1755 1253 etiam

155 1279 550 1353 gloriﬁcatur:
576 1279 733 1350 juxta
784 1284 927 1353 quod
976 1286 1240 1343 Dominus
1286 1287 1418 1342 dicit
1459 1302 1475 1341 :
1529 1285 1756 1342 Videant

153 1387 317 1441 opera
361 1381 535 1426 vestra
578 1373 715 1428 bona
744 1415 759 1438 ,
807 1385 857 1430 et
912 1375 1207 1447 gloriﬁcent
1256 1374 1471 1433 Patrem
1530 1389 1757 1434 vestrum

150 1459 375 1533 {Matt/1.
403 1461 477 1533 v).
508 1464 564 1517 In
585 1463 804 1521 Christo
831 1482 1047 1537 quoque
1074 1468 1200 1525 Jesu
1224 1478 1312 1523 est
1332 1469 1505 1541 gloria
1531 1469 1631 1526 Dei
1654 1470 1758 1525 Pa-

153 1553 278 1619 tris,
321 1554 446 1624 quia
489 1558 670 1612 omnia
707 1575 827 1628 qute
862 1561 980 1631 ipse
1020 1562 1188 1617 Filius
1232 1573 1488 1634 operatus
1521 1573 1634 1629 est,
1687 1565 1756 1619 ad

154 1644 372 1701 laudem
403 1655 458 1702 et
481 1648 708 1721 gloriam
738 1650 857 1721 ejus
886 1642 1094 1720 retulit,
1127 1654 1316 1711 dicens
1349 1673 1362 1709 :
1396 1653 1563 1712 Pater
1585 1658 1642 1711 in
1675 1674 1757 1713 me

151 1751 374 1793 manens
396 1740 505 1810 ipse
534 1741 665 1810 facit
696 1760 853 1816 opera
875 1744 1060 1816 (Joan.
1092 1746 1205 1817 xv).
1230 1747 1287 1801 In
1311 1763 1501 1803 omnes
1527 1764 1753 1821 genera-

152 1829 329 1886 tiones
357 1830 430 1887 sit
455 1832 567 1889 Deo
595 1833 743 1890 Patri
794 1836 986 1908 gloria,
1025 1840 1078 1893 id
1124 1849 1210 1895 est
1259 1842 1312 1895 in
1362 1852 1664 1912 praesentes
1700 1855 1757 1900 et

1858 635 2020 693 debet
2051 652 2173 694 esse
2218 638 2273 695 in
2320 643 2573 700 omnibus
2628 648 3009 715 credentibus,
3045 651 3240 721 quibus
3283 670 3449 713 unum

1856 728 2119 800 baptisma
2142 740 2243 788 est.
2268 732 2421 791 Licet
2453 736 2543 792 alii
2573 739 2855 818 majorem,
2881 742 2971 799 alii
2996 745 3264 805 minorem
3284 747 3450 807 ﬁdem

1854 822 2117 891 habeant,
2145 826 2240 896 qui
2284 828 2491 899 majora
2533 838 2589 886 et
2633 834 2845 889 minora
2874 836 2940 901 de
2974 836 3087 894 Deo
3116 837 3452 912 intelligunt,

1856 924 2040 972 tamen
2063 918 2117 974 in
2139 920 2243 975 hoc
2268 920 2468 989 dicitur
2486 938 2605 979 esse
2624 940 2727 980 una
2752 927 2904 994 ﬁdes,
2930 929 3056 1000 quia
3085 947 3251 987 unum
3278 931 3452 989 Deum

1858 1011 2089 1067 credunt
2117 1013 2416 1070 trinitatem
2457 1017 2654 1074 habere
2691 1019 2744 1074 in
2774 1023 3042 1088 personis,
3085 1033 3141 1079 et
3184 1026 3453 1083 unitatem

1854 1105 1915 1160 in
1942 1106 2261 1164 substantia.
2288 1101 2465 1165 Uhum
2486 1121 2570 1167 est
2585 1111 2880 1183 baptisma,
2902 1117 3029 1186 quia
3053 1134 3242 1176 omnes
3266 1135 3451 1191 siqua-

1857 1194 1986 1251 liter
2020 1211 2120 1267 per
2156 1199 2469 1256 universum
2516 1203 2705 1259 orbem
2744 1205 3111 1276 baptizantur,
3149 1209 3241 1279 qui
3269 1209 3452 1282 signa-

1855 1288 2041 1345 culum
2078 1289 2199 1345 ﬁdei
2232 1292 2558 1363 percipiunt.

1933 1379 2082 1436 Unus
2108 1390 2193 1438 est
2217 1382 2355 1439 Deus
2376 1386 2618 1442 omnium
2654 1395 3051 1456 creaturarum,
3074 1400 3123 1446 et
3156 1402 3308 1462 pater
3337 1408 3450 1449 om-

1856 1475 2004 1529 nium
2057 1490 2275 1542 rerum,
2333 1478 2387 1533 id
2430 1486 2515 1534 est
2560 1488 2793 1545 creator,
2833 1483 2946 1554 qui,
2977 1483 3238 1540 subaudis
3265 1484 3448 1553 Pater,

1855 1582 2015 1638 super
2068 1584 2246 1623 omnes
2290 1578 2572 1627 creaturas
2618 1573 2867 1640 excellit,
2906 1584 2956 1630 et
3000 1592 3095 1647 per
3141 1578 3318 1632 omnia
3364 1586 3452 1635 est

1854 1658 2046 1728 Filius,
2088 1663 2214 1733 quia
2239 1664 2421 1719 omnia
2444 1679 2543 1735 per
2570 1665 2747 1737 ipsum
2778 1667 2919 1723 facta
2950 1679 3079 1724 sunt
3103 1668 3288 1741 (Joan.
3322 1670 3364 1744 ι)
3393 1678 3451 1728 et

1856 1761 2131 1822 reparata,
2158 1764 2207 1808 et
2238 1754 2295 1810 in
2336 1756 2576 1812 omnibus
2613 1758 2781 1825 nobis,
2820 1760 3077 1816 subaudis
3103 1769 3184 1817 est
3213 1760 3449 1833 Spiritus

1856 1851 2081 1899 sanctus
2099 1885 2114 1911 ,
2149 1846 2242 1915 qui
2281 1846 2335 1902 in
2378 1847 2635 1905 cordibus
2664 1848 2901 1905 ﬁdelium
2930 1850 3156 1908 diﬁ'usus
3179 1861 3281 1920 est,
3309 1862 3365 1910 et
3391 1854 3450 1910 in

150 1918 370 1977 futuras
400 1941 412 1976 :
449 1924 536 1979 vel
570 1925 624 1980 in
664 1929 1046 1997 generationes
1076 1931 1338 2001 gentium,
1370 1940 1424 1988 et
1449 1935 1755 2004 generatio.
1781 1928 1831 1991 B
1855 1936 2109 1993 omnibus
2138 1940 2427 2006 creaturis,
2451 1940 2608 2011 juxta
2640 1942 2769 1997 illud
2800 1958 2814 1997 :
2843 1941 3073 2015 Spiritus
3119 1918 3332 2000 Domini
3366 1963 3451 2001 re-

150 2027 255 2070 nes
272 2012 586 2095 Iudaeorum
619 2018 675 2074 in
704 2021 888 2076 omnia
918 2021 1098 2078 futura
1131 2026 1349 2081 saecula.
1387 2025 1580 2084 Amen.

768 2121 997 2181 CAPUT
1035 2124 1126 2181 IV.

222 2211 453 2269 Obsecro
478 2216 655 2289 itaque
682 2234 770 2273 vos
792 2235 887 2291 ego
914 2222 1118 2277 vinctus
1142 2222 1198 2276 in
1220 2222 1469 2291 Domino,
1504 2236 1561 2281 ut
1597 2227 1751 2299 digne

147 2308 432 2364 ambuletis
461 2313 730 2368 vocatione
757 2330 861 2384 qua
907 2316 1077 2370 vocati
1116 2318 1263 2374 estis.
1296 2316 1553 2386 Obsecro,
1590 2320 1643 2375 id
1667 2328 1751 2376 est

146 2400 416 2471 deprecor
438 2418 535 2458 vos
556 2418 658 2472 ego
682 2404 897 2461 vinctus
921 2407 975 2461 in
1003 2407 1251 2472 Domino,
1285 2419 1347 2466 ut
1380 2411 1539 2483 digne
1561 2415 1750 2469 ambu-

143 2490 274 2547 lctis
294 2501 349 2548 et
371 2503 560 2550 sancte
586 2494 784 2552 vivatis
810 2496 898 2552 illa
928 2500 1213 2555 vocatione
1255 2516 1361 2572 qua
1389 2503 1570 2558 vocati
1616 2506 1749 2560 estis

142 2584 196 2642 in
220 2587 572 2658 baptismate.
603 2589 751 2647 Estis
770 2591 950 2647 vocati
974 2601 1035 2647 ut
1062 2594 1233 2649 saneti
1259 2594 1451 2650 essetis
1477 2604 1529 2650 et
1556 2596 1748 2651 imma-

142 2680 535 2747 culati,sanete
553 2690 608 2737 et
625 2682 970 2738 immaculate
984 2687 1747 2754 eonversamini,ambulantes

106 2768 111 2771 ‘
140 2773 206 2831 de
232 2775 438 2831 virtute
462 2775 519 2831 in
540 2777 817 2831 virtutem.
836 2776 987 2844 Quod
1010 2785 1190 2833 autem
1214 2779 1365 2844 dicit,
1384 2795 1482 2851 ego
1507 2780 1741 2848 vinctus,

139 2867 351 2939 duplici
388 2869 547 2924 modo
590 2869 816 2941 intelligi
854 2877 1067 2940 potest:
1097 2870 1183 2925 vel
1218 2871 1431 2927 vinctus
1457 2873 1663 2928 catenis
1692 2881 1748 2929 et

136 2961 357 3033 positus
377 2963 431 3019 in
454 2978 674 3019 carcere
701 2961 755 3019 in
782 2963 1029 3030 Domino,
1051 2965 1103 3019 id
1125 2972 1207 3021 est
1234 2981 1333 3036 pro
1358 2966 1607 3034 Domino,
1630 2968 1745 3023 sive

137 3068 243 3125 pro
268 3069 454 3110 amore
466 3055 711 3120 Domini;
736 3054 822 3109 vel
847 3055 1083 3121 vinctus,
1100 3054 1152 3109 id
1176 3064 1259 3111 est
1285 3057 1539 3114 astrictus
1561 3072 1745 3113 amore

136 3145 455 3201 dilectionis
483 3160 611 3217 erga
646 3162 743 3202 vos
771 3156 992 3218 propter
1012 3147 1182 3202 Deum
1213 3164 1330 3201 cum
1362 3148 1503 3203 omni
1530 3147 1745 3202 humili-

136 3247 251 3295 tate
267 3249 317 3294 et
339 3239 747 3306 consuetudine;
773 3237 1048 3304 subaudis,
1082 3239 1354 3297 ambulate
1375 3249 1433 3296 et
1458 3255 1743 3297 conversa-

137 3334 284 3390 mini
311 3334 494 3407 digne.
1186 3410 1192 3416 ⁸

207 3426 353 3483 Cum
393 3426 647 3496 patientia
689 3434 1055 3500 snpportantes
1095 3444 1183 3483 vos
1222 3427 1440 3483 invicem
1472 3427 1530 3482 in
1567 3427 1742 3482 chari-

134 3523 269 3571 tate.
318 3516 546 3573 Humilis
583 3517 781 3574 dicitur
817 3517 969 3573 humi
998 3518 1237 3575 acclivis.
1271 3517 1625 3575 Mansuetudo
1656 3525 1743 3574 est

133 3606 343 3667 lenitas
388 3617 444 3665 et
486 3608 846 3681 tranquillitas
886 3610 1073 3666 animi.
1106 3610 1420 3675 Ambulate,
1453 3611 1659 3682 inquit,
1687 3618 1743 3667 et

134 3702 545 3758 conversamini
581 3718 703 3759 cum
730 3703 879 3758 omni
908 3702 1213 3758 lmmilitate
1244 3712 1300 3758 et
1326 3704 1741 3759 mansuetudine

133 3796 368 3860 mentis,
396 3803 779 3867 snpportantes
808 3810 906 3849 vos
937 3795 1164 3850 invicem
1192 3796 1247 3849 in
1275 3795 1541 3852 charitate
1568 3795 1652 3851 vel
1684 3795 1741 3850 in

133 3884 436 3941 dilectione
471 3885 565 3940 Dei
595 3894 649 3940 et
676 3885 932 3957 proximi,
955 3883 1112 3952 juxta
1136 3885 1263 3939 illud
1289 3898 1302 3937 :
1338 3885 1491 3939 Alter
1516 3884 1743 3940 ‘alterius

132 3990 313 4033 onera
356 3985 591 4047 portate,
624 3975 902 4030 imitantes
948 3985 1199 4029 naturam
1235 3990 1549 4043 servorum;
1590 3978 1742 4032 verbi

131 4070 319 4144 gratia
352 4090 364 4124 :
395 4070 485 4139 qui
514 4070 666 4125 dives
701 4077 784 4123 est
812 4067 1008 4139 opibus
1034 4068 1197 4137 hujus
1226 4068 1431 4134 saeculi,
1462 4056 1744 4139 supportct

127 4162 300 4220 illum
326 4160 418 4230 qui
453 4174 657 4230 pauper
685 4168 768 4214 est
804 4159 859 4213 in
903 4159 1204 4214 substantia
1235 4160 1485 4229 praesenti
1517 4167 1571 4214 et
1597 4160 1746 4216 dives

130 4250 526 4322 spiritualibus
563 4250 857 4305 virtutibus
888 4265 903 4304 :
931 4259 986 4305 et
1010 4259 1252 4314 econtra,
1286 4250 1373 4305 ille
1404 4252 1496 4322 qui
1523 4261 1746 4309 sanctus

130 4351 230 4402 est
260 4357 357 4396 sna
387 4343 675 4397 sanctitate
701 4351 756 4397 et
779 4342 890 4397 suis
915 4341 1169 4413 precibus
1205 4343 1469 4398 sustineat
1491 4351 1743 4413 peccato-

131 4450 262 4493 rcm
292 4451 308 4499 ;
343 4433 425 4489 vel
475 4435 567 4505 qni
620 4436 771 4490 «lives
815 4444 918 4501 est,
968 4436 1235 4491 sustineat
1265 4450 1362 4491 sua
1398 4435 1744 4508 eleemosyna

132 4538 459 4600 pauperem.
495 4523 739 4592 Solliciti,
782 4528 836 4582 id
875 4537 960 4582 est
1004 4528 1266 4593 studiosi,
1299 4530 1442 4585 cauti
1468 4539 1523 4584 et
1551 4529 1745 4585 attenti

133 4620 266 4675 sitis
321 4633 554 4691 semper.
609 4618 828 4676 Servare
880 4623 1135 4677 unitatem
1173 4623 1430 4694 spiritus,
1476 4634 1537 4679 ut
1577 4641 1744 4680 unum

134 4715 381 4787 sapiatis
400 4715 465 4770 de
489 4713 730 4781 Christo,
765 4724 820 4771 ut
852 4732 1012 4770 unam
1047 4717 1207 4773 ﬁdem
1238 4717 1503 4784 habeatis;
1545 4727 1599 4773 et
1633 4735 1740 4773 non

134 4807 257 4863 sint
284 4808 337 4862 in
379 4806 528 4863 vobis
554 4809 845 4863 schismata
873 4818 1037 4879 atque
1069 4811 1323 4877 htercses,
1367 4818 1422 4865 et
1467 4811 1571 4866 hoc
1599 4811 1744 4882 agite

134 4900 197 4954 in
229 4898 437 4955 vinculo
464 4900 628 4970 pacis,
665 4901 719 4955 id
747 4910 829 4955 est
853 4902 905 4955 in
936 4901 1222 4957 dilectione
1257 4902 1351 4958 Dei
1393 4912 1448 4958 et
1483 4903 1742 4974 proximi,

136 4984 264 5048 sive
297 4991 352 5046 in
381 4994 670 5048 concordia
705 4991 1084 5051 fraternitatis.
1129 4995 1358 5051 Dilectio
1390 4999 1591 5053 etenim
1620 4997 1742 5052 vin-

136 5088 331 5145 culum
356 5070 503 5144 recte
532 5089 852 5158 appellatur,
878 5089 1004 5160 quia
1035 5088 1169 5145 duos
1197 5089 1331 5161 ligat
1368 5099 1422 5146 et
1444 5089 1743 5162 coniungit,

137 5179 321 5235 Deum
347 5179 599 5237 videlicet
623 5188 678 5235 et
703 5181 997 5246 hominem,
1026 5180 1110 5234 vel
1138 5180 1274 5236 duos
1301 5182 1596 5253 proximos.

222 5268 413 5327 Unum
444 5288 630 5343 corpus
671 5271 872 5329 Christi
917 5288 1013 5329 vos
1058 5273 1212 5339 estis,
1251 5283 1298 5328 et
1335 5290 1470 5328 unus
1519 5271 1748 5344 Spiritus

138 5373 369 5443 sanctus
401 5364 606 5419 habitat
628 5365 685 5446 in
711 5366 885 5432 vobis,
913 5366 1046 5421 sicut
1077 5366 1247 5420 vocati
1284 5366 1406 5420 estis
1438 5366 1493 5420 in
1526 5382 1630 5421 una
1659 5382 1749 5438 spe

139 5442 437 5517 vocationis
482 5442 679 5526 vestrm,
716 5461 856 5516 sicut
884 5461 1056 5516 sancti
1086 5460 1262 5516 vocati
1302 5458 1464 5525 estis,
1512 5460 1646 5515 uniti
1693 5460 1747 5515 in

140 5550 500 5621 baptismate,
528 5552 825 5607 secundum
852 5551 983 5607 illud
1013 5567 1027 5605 :
1058 5549 1241 5606 Sancti
1276 5560 1456 5617 estote,
1486 5550 1610 5621 quia
1650 5566 1743 5621 ego

141 5654 365 5699 sanctus
409 5661 526 5700 sum
569 5642 715 5715 (Leu.
767 5642 870 5717 xi),
902 5643 1023 5699 ideo
1063 5652 1249 5699 sancte
1296 5644 1475 5700 vivere
1515 5640 1742 5699 debetis.

142 5737 298 5815 Bene
326 5748 504 5794 autem
538 5739 686 5803 dicit,
719 5738 774 5797 in
799 5753 903 5792 una
940 5751 1035 5811 spe
1065 5737 1363 5793 vocationis
1388 5735 1563 5792 vocati
1589 5735 1745 5801 estis,

146 5831 286 5901 quia
316 5844 501 5889 omnes
546 5830 730 5889 ﬁdeles
773 5843 935 5885 unam
988 5843 1138 5900 spem
1168 5829 1370 5885 habent
1396 5827 1747 5903 perveniendi

150 5927 226 5985 ad
261 5927 490 5984 Datriam
528 5926 824 5981 caelestem.

1768 3291 1815 3357 ο

1770 4664 1824 4727 Ι)

1850 2025 2009 2098 plevit
2032 2029 2205 2083 orbem
2224 2040 2486 2086 terrarum
2510 2032 2665 2105 (Sap.
2697 2034 2760 2105 1).

1925 2118 2215 2193 Unicuique
2247 2133 2423 2179 autem
2474 2136 2709 2180 nostrum
2758 2127 2887 2182 data
2931 2139 3009 2184 est
3040 2133 3214 2201 gratia
3255 2148 3446 2188 secun-

1849 2211 1979 2266 dum
2019 2229 2322 2269 mensuram
2364 2215 2664 2272 donationis
2701 2218 2917 2275 Christi.
2960 2220 3225 2292 Loquitur
3258 2224 3312 2280 in
3343 2225 3449 2280 hoc

1848 2303 1972 2361 loco
1998 2305 2290 2377 Apostolus
2315 2322 2384 2363 ex
2413 2323 2642 2379 persona
2675 2325 2771 2366 sua
2806 2310 3144 2384 aliorumque
3167 2316 3444 2386 apostolo-

1848 2412 2005 2464 rum,
2033 2398 2120 2453 vel
2147 2399 2391 2454 omnium
2418 2401 2777 2456 credentium.
2809 2402 2945 2459 Data
2975 2414 3058 2460 est
3083 2406 3280 2476 gratia,
3310 2406 3446 2462 ﬁdes

1847 2498 1906 2546 et
1952 2492 2202 2547 remissio
2240 2502 2588 2563 peccatorum
2634 2502 2689 2549 et
2732 2496 3056 2568 redemptio,
3096 2507 3154 2555 et
3185 2499 3447 2571 quidquid

1850 2582 1977 2637 boni
2009 2583 2291 2639 habemus.
2326 2582 2511 2655 Gratia
2554 2595 2733 2641 autem
2767 2587 2966 2644 dicitur
2992 2591 3163 2661 gratis
3190 2591 3336 2646 data.
3379 2592 3449 2648 Et

1850 2674 1967 2732 hate
1990 2679 2173 2733 omnia
2201 2680 2435 2749 gratuito
2464 2695 2690 2736 munere
2716 2682 3099 2756 omnipotentis
3126 2686 3220 2740 Dei
3250 2685 3443 2756 largita

1849 2778 1978 2825 sunt
2003 2770 2163 2824 nobis
2192 2770 2487 2825 secundum
2515 2785 2829 2851 mensuram
2858 2753 3166 2831 donationis
3203 2775 3441 2832 Christi:

1794 2856 1799 2863 ”
1849 2859 2197 2917 donationem
2226 2862 2308 2916 vel
2339 2863 2537 2917 donum
2570 2864 2751 2921 Patris
2770 2875 2825 2920 et
2848 2866 2967 2921 Filii
2997 2868 3256 2924 debemus
3288 2870 3445 2924 intel-

1846 2951 2014 3024 ligere
2058 2955 2113 3009 in
2152 2955 2257 3010 hoc
2290 2954 2410 3011 loco
2452 2955 2716 3028 Spiritum
2744 2969 3013 3027 sanctum,
3038 2965 3105 3019 de
3126 2979 3236 3033 quo
3260 2965 3445 3022 Domi.

1848 3060 1952 3100 nus
1981 3045 2113 3101 dicit
2136 3046 2190 3101 in
2216 3046 2508 3119 Evangelia
2533 3050 2744 3106 mulieri
2771 3050 3129 3110 Samaritana
3155 3073 3168 3109 :
3195 3055 3258 3111 Si
3283 3056 3444 3113 scires

1847 3134 2045 3191 donum
2078 3136 2172 3192 Dei
2199 3137 2383 3211 (Joan.
2414 3140 2513 3212 tv),
2546 3140 2600 3194 id
2627 3150 2710 3197 est
2739 3140 3002 3214 Spiritum
3030 3153 3304 3212 sanctum,
3333 3155 3442 3203 etc-

1847 3226 1982 3283 Cum
2009 3244 2138 3285 vero
2165 3228 2297 3285 dicit
2321 3247 2335 3284 :
2359 3231 2482 3287 data
2512 3238 2595 3288 est
2623 3234 2921 3289 secundum
2936 3250 3247 3291 mensuram
3277 3237 3442 3293 dona-

1845 3320 2010 3379 tionis
2038 3321 2240 3380 Christi
2264 3366 2279 3391 ,
2303 3325 2383 3381 sic
2420 3325 2673 3382 videntur
2700 3327 2865 3383 verba
2892 3328 3010 3386 haec
3030 3346 3226 3387 sonare
3244 3372 3260 3396 ,
3287 3331 3443 3400 quasi

1846 3415 2085 3489 Spiritus
2123 3427 2342 3475 sanctus
2387 3434 2699 3476 mensuram
2729 3421 2931 3478 haheat
2968 3431 3024 3478 et
3056 3424 3441 3480 mensurabilis

1844 3507 1935 3564 sit.
1967 3507 2074 3565 Sed
2102 3510 2374 3581 quomodo
2413 3520 2591 3582 potest
2622 3514 3003 3570 mensurabilis
3031 3530 3153 3572 esse
3172 3557 3186 3581 ,
3226 3516 3292 3571 de
3331 3531 3439 3586 quo

1845 3600 2046 3657 dicitur
2081 3619 2095 3656 :
2138 3602 2374 3675 Spiritus
2422 3603 2630 3659 Domini
2679 3604 2891 3675 replevit
2934 3606 3109 3661 orbem
3141 3608 3446 3665 terrarum?

1844 3690 2152 3749 Notandum
2174 3710 2305 3767 ergo
2327 3695 2453 3765 quia
2475 3696 2615 3751 sicut
2635 3695 2775 3752 Deus
2798 3696 2960 3753 Pater
2981 3697 3443 3769 immensurabilis

1844 3793 1928 3840 est
1980 3786 2072 3856 qui
2114 3785 2283 3853 dicit,
2331 3785 2530 3841 Caelum
2580 3797 2627 3843 et
2675 3797 2869 3843 terram
2925 3792 3016 3859 ego
3063 3790 3251 3862 impleo
3302 3790 3447 3863 (Jer.

1845 3878 2052 3950 xxm);
2116 3888 2171 3934 et
2218 3880 2389 3936 Filius
2430 3879 2890 3937 immensurabilis
2932 3891 3016 3938 est
3041 3924 3054 3947 ,
3092 3886 3182 3952 qui
3229 3894 3315 3939 est
3350 3899 3441 3939 sa-

1845 3970 2048 4042 pientia
2075 3971 2170 4026 Dei
2194 3971 2370 4026 Patris
2400 3987 2520 4041 qum
2549 3973 2766 4043 attingit
2791 3991 2820 4027 a
2852 3974 2958 4028 ﬁne
2981 3988 3154 4043 usque
3181 3976 3250 4029 ad
3278 3976 3441 4030 ﬁnem

1848 4061 2109 4116 fortiter:
2158 4062 2235 4117 ita
2286 4060 2524 4132 Spiritus
2571 4072 2790 4117 sanctus
2835 4062 3291 4118 immensurabilis
3320 4072 3441 4118 est:

1847 4153 1971 4224 quia
2022 4163 2148 4208 sunt
2189 4162 2300 4209 tres
2338 4168 2619 4225 personae,
2672 4153 2900 4223 ideoque
2944 4154 3085 4209 hanc
3129 4169 3443 4210 mensuram

1848 4246 2154 4302 donationis
2179 4246 2245 4300 ad
2275 4254 2515 4300 nostram
2544 4245 2898 4315 capacitatem
2928 4244 3135 4301 referre
3160 4246 3444 4313 debemus,

1847 4339 1974 4409 quia
1998 4338 2153 4408 juxta
2183 4339 2327 4409 quod
2359 4354 2459 4394 nos
2485 4354 2679 4409 capere
2704 4338 2965 4402 valemus,
2999 4354 3065 4394 ex
3092 4339 3246 4395 donis
3268 4338 3442 4410 Spiri-

1850 4434 1935 4485 ttis
1962 4430 2134 4486 sancti
2178 4429 2336 4485 datur
2361 4445 2635 4485 mensura.
2680 4429 2844 4485 Verbi
2888 4430 3063 4503 gratia
3101 4445 3118 4484 :
3153 4446 3307 4487 mare
3336 4432 3443 4486 im-

1847 4523 2211 4580 mensnrabile
2239 4532 2321 4579 est
2347 4525 2402 4578 in
2441 4523 2809 4595 longitudine,
2840 4523 3229 4595 profunditate,
3260 4525 3445 4580 latitno

1850 4618 1977 4672 dine
2026 4617 2109 4673 sui
2138 4626 2194 4672 et
2234 4617 2579 4672 multitudine
2609 4632 2913 4688 aquarum;
2964 4627 3017 4673 et
3065 4620 3207 4675 sicut
3253 4618 3446 4677 incola:

1850 4709 2130 4764 venientes
2156 4710 2222 4764 ad
2252 4709 2406 4775 illud,
2440 4725 2638 4780 aquam
2659 4712 2955 4766 secundum
2989 4727 3297 4768 mensuram
3325 4728 3448 4768 vas-

1847 4798 2092 4854 culorum
2133 4815 2356 4855 suornm
2388 4800 2762 4871 unusquisque
2790 4802 3070 4872 deportat,
3116 4803 3257 4859 alius
3292 4803 3442 4873 plus,

1849 4889 1987 4945 alius
2003 4890 2201 4953 minus,
2224 4899 2278 4944 et
2305 4897 2486 4944 tamen
2516 4904 2666 4945 mare
2683 4890 3126 4949 immensurabile
3145 4901 3350 4955 manet,
3373 4894 3447 4947 its

1848 4990 1903 5037 et
1924 4996 2023 5037 nos
2052 4983 2345 5037 secundum
2377 4997 2684 5038 mensuram
2700 4991 2899 5039 nostrae
2919 4985 3234 5054 capacitatis
3260 5001 3325 5039 ex
3351 4985 3447 5039 do-

1848 5076 1933 5133 nis
1964 5076 2196 5149 Spiritus
2224 5078 2400 5131 sancti
2440 5077 2769 5148 accipimus,
2809 5085 2868 5132 et
2894 5078 3011 5149 ipse
3043 5078 3098 5132 in
3125 5093 3223 5133 sua
3253 5086 3439 5131 natur:

1853 5170 2311 5225 immensumbilis
2347 5179 2549 5225 manet.

1924 5261 2150 5334 Propter
2168 5263 2327 5334 quod,
2351 5263 2616 5319 subaudis
2641 5265 2768 5335 quia
2800 5265 3096 5335 unicuique
3119 5265 3243 5320 data
3272 5264 3444 5336 gratia

1852 5356 2149 5414 secundum
2181 5372 2496 5414 mensuram
2526 5358 2837 5415 donationis
2865 5355 3094 5423 Christi,
3132 5356 3222 5411 alii
3252 5355 3445 5426 major,

1851 5450 1941 5505 alii
1986 5450 2184 5514 minor,
2216 5449 2349 5505 dicit
2375 5449 2662 5506 Psalmista
2698 5468 2713 5505 :
2761 5450 3057 5516 Ascendens
3101 5447 3345 5504 Christus
3391 5448 3447 5503 in

1853 5540 2038 5606 altum,
2072 5542 2327 5611 captivam
2354 5540 2507 5595 duxit
2535 5541 2920 5612 captivitatem;
2946 5541 3089 5596 dedit
3110 5540 3249 5599 dona
3271 5538 3445 5593 hami-

1854 5632 2025 5686 nibus.
2065 5630 2297 5698 Quidam
2345 5632 2535 5687 doctor
2597 5632 2700 5686 hoc
2743 5632 2902 5687 modo
2944 5632 3090 5686 hunc
3116 5627 3450 5689 versiculum

1855 5726 2128 5799 explanat,
2158 5726 2302 5799 quod
2326 5742 2356 5781 a
2380 5727 2613 5782 veritate
2657 5740 2765 5781 non
2806 5726 3100 5794 discrepat,
3130 5732 3186 5778 et
3215 5730 3456 5794 appr-ttat

1857 5823 2129 5879 diabolum
2176 5822 2541 5892 captivitatem
2588 5838 2600 5872 :
2643 5820 2767 5885 quia
2821 5833 2990 5890 genus
3034 5818 3337 5875 humanum
3387 5818 3456 5875 dc

1858 5918 2108 5991 paradiso
2138 5916 2443 5989 eaptivavit.
2473 5914 2780 5970 Ascendens
2806 5911 3057 5968 Christus
3087 5912 3139 5965 in
3179 5917 3366 5976 altum,
3395 5908 3453 5968 id
