3996 6444
196 364 296 423 721

872 365 1239 425 EXPOSITIO
1274 365 1345 424 IN
1384 366 1533 426 EPP.
1576 366 1636 426 S.
1675 367 1904 428 PAULI.
1941 397 2013 412 —
2049 368 2118 427 IN
2159 371 2377 430 EPIST.
2417 372 2512 431 AD
2543 374 2788 436 EPHES.

3371 385 3474 450 722

193 480 337 551 pleta
362 488 545 536 autem
568 492 830 536 mensura
858 483 1064 550 aetatis,
1094 482 1149 538 id
1176 492 1261 540 est
1293 483 1535 554 perfecto
1563 492 1618 540 et
1646 484 1788 541 inte-
1812 491 1869 554 Α
1890 498 2065 539 novus
2105 485 2270 542 homo
2294 495 2352 543 et
2374 491 2673 547 secundum
2708 490 2879 547 Deum
2903 501 3142 555 creatus.
3171 494 3480 566 Conceptus

192 588 296 646 gro
320 587 547 631 numero
584 572 883 630 electorum
910 590 979 632 ex
1005 575 1201 648 quibus
1233 576 1515 649 plenitudo
1543 578 1794 651 corporis

191 663 474 738 impletur,
492 665 834 722 obviahimus
856 666 909 723 ei

266 757 335 814 Ut
347 760 486 830 jam,
521 759 576 815 id
599 766 685 816 est
702 768 829 830 post
849 763 1303 819 resurrectionem
1327 763 1383 819 in
1412 779 1518 836 qua
1539 765 1791 824 Christus

189 853 299 912 erit
333 852 642 924 perfectus,
678 870 783 909 non
816 854 1016 924 simus,
1057 857 1315 914 subaudis
1349 874 1543 928 sensu,
1585 860 1792 933 parvuli

188 947 529 1019 ﬂuctuantes,
560 948 667 1002 huc
714 945 951 1018 illucque
978 960 1259 1021 vagantes,
1282 967 1424 1007 nunc
1454 953 1521 1008 ad
1544 952 1673 1008 illud
1706 953 1790 1009 vi-

188 1040 347 1104 tium,
382 1054 528 1099 nunc
558 1040 624 1095 ad
660 1040 805 1095 istud
824 1041 1101 1109 cadentes,
1126 1052 1175 1098 et
1196 1044 1631 1115 circumferamur
1650 1048 1792 1102 omni

186 1141 339 1187 vento
376 1132 650 1187 doctrinae.
691 1131 961 1199 Quantum
1008 1136 1075 1190 ad
1115 1145 1437 1207 praesentem
1468 1139 1792 1210 sapientiam

186 1221 460 1293 pertinet,
498 1221 689 1279 beatus
710 1223 986 1295 apostolus
1011 1242 1121 1281 non
1158 1237 1278 1283 erat
1315 1231 1576 1300 parvulus
1604 1247 1790 1300 sensu,

185 1313 318 1389 quia
360 1313 661 1384 sapientior
697 1323 816 1370 erat
854 1318 1070 1375 cunctis
1119 1320 1479 1388 mortalibus;
1526 1333 1791 1394 quantum

184 1420 321 1460 vero
348 1406 416 1461 ad
438 1405 587 1462 illam
609 1408 1001 1478 perfectionem
1029 1412 1227 1469 attinet
1264 1415 1553 1485 sapientia:
1572 1458 1587 1484 ,
1622 1433 1791 1488 quam

182 1497 430 1557 habituri
475 1510 601 1555 sunt
637 1500 812 1556 sancti
846 1509 971 1571 post
1010 1505 1499 1572 resurrectionem,
1535 1508 1790 1578 parvulus

181 1598 309 1647 erat
344 1588 507 1648 sensu
549 1601 606 1648 et
632 1592 908 1651 intellectu
945 1596 1319 1667 imperfectus.
1358 1598 1515 1668 Quod
1549 1615 1679 1657 vero
1704 1602 1790 1659 di-

181 1682 307 1751 cit,
355 1683 540 1755 Neque
602 1685 1041 1756 circumferuntur
1098 1691 1241 1744 omni
1306 1701 1454 1746 vento
1513 1692 1787 1760 doctrinm,

180 1786 411 1832 ventum
453 1777 712 1839 doctrina:
751 1780 985 1851 appellat
1013 1782 1354 1839 dialecticam
1386 1791 1443 1839 et
1467 1784 1791 1857 sapientiam

1893 581 1978 630 est
2022 574 2079 629 in
2111 583 2267 632 utero
2295 577 2547 649 virginali
2582 598 2749 653 opere
2793 580 3030 654 Spiritus
3070 581 3364 658 sanctikex
3390 600 3481 642 se-

1894 665 2041 722 mine
2067 666 2332 735 mulieris,
2380 670 2499 726 sine
2540 675 2746 729 semine
2773 675 2878 729 viri
2915 692 2927 729 :
2969 676 3073 730 hoc
3112 690 3314 732 novum
3352 676 3483 744 fuit.

1893 757 2158 814 miracula
2207 758 2337 814 fecit
2384 775 2504 830 quae
2550 778 2710 819 nemo
2756 763 2894 820 altus
2945 764 3095 830 fecit,
3131 775 3493 827 conversatus

1893 862 1979 908 est
2012 853 2131 908 sine
2175 861 2403 924 peccato
2449 854 2505 909 in
2543 856 2647 911 hoc
2690 856 2914 925 mundo,
2954 866 3040 915 est
3069 872 3227 915 verus
3257 859 3402 916 Deus
3429 866 3490 921 et

1892 961 2057 1001 verus
2106 947 2292 1013 homo,
2339 950 2640 1004 resurrexit
2685 966 2716 1005 a
2753 949 3004 1018 mortuis,
3056 960 3112 1008 et
3150 953 3268 1008 haec
3303 953 3488 1010 omnia

1879 1024 2036 1093 'nova
2068 1037 2288 1094 fuerunt
2332 1048 2386 1121 et
2430 1048 2575 1095 sunt.
2609 1039 2919 1097 Secundum
2966 1044 3137 1099 Deum
3178 1052 3397 1101 creatus
3429 1044 3485 1099 in

1888 1129 2122 1203 justitia,
2153 1133 2281 1202 quia
2321 1129 2504 1201 justus
2538 1141 2620 1188 est
2658 1150 2672 1187 :
2705 1141 2759 1189 et
2802 1134 2858 1189 in
2888 1136 3185 1209 sanctitate
3217 1137 3484 1202 veritatis,

1893 1222 2020 1293 quia
2044 1222 2224 1293 justus
2257 1232 2311 1279 et
2346 1239 2507 1280 verus
2542 1236 2625 1281 est
2653 1243 2666 1280 :
2698 1235 2754 1281 et
2784 1241 2892 1281 non
2930 1227 3104 1283 solum
3128 1230 3326 1299 justus,
3363 1244 3490 1285 san-

1880 1308 2017 1371 ictus
2069 1326 2123 1372 et
2171 1334 2333 1376 verus
2381 1329 2488 1387 est,
2539 1321 2634 1377 sed
2673 1322 2894 1394 insuper
2940 1324 3055 1394 ipsa
3089 1323 3324 1393 justitia,
3369 1324 3488 1394 ipsa

1892 1416 2098 1472 veritas
2128 1425 2183 1472 et
2212 1419 2494 1474 sanctitas.
2528 1418 2681 1487 Quod
2715 1434 2845 1492 ergo
2870 1420 3024 1487 dicit,
3054 1421 3263 1477 Induite
3289 1435 3488 1475 novum

1896 1506 2202 1574 hominem,
2242 1509 2347 1565 tale
2381 1518 2468 1566 est
2494 1525 2558 1565 ac
2602 1511 2648 1566 si
2689 1511 2935 1568 diceret:
2964 1511 3175 1568 Induite
3200 1511 3489 1567 Dominum

1893 1598 2078 1656 Jesum
2123 1601 2422 1670 Christum,
2464 1604 2520 1660 id
2556 1614 2662 1672 est,
2706 1606 3181 1662 conversationem
3224 1604 3351 1662 novi
3392 1603 3490 1659 ho-

1893 1694 2057 1749 minis
2082 1702 2137 1750 et
2162 1709 2353 1751 omnes
2382 1697 2635 1762 virtutes,
2665 1712 2801 1767 quas
2845 1697 3150 1769 intelligitis
3183 1697 3238 1752 in
3269 1694 3490 1752 Christo

1894 1803 2036 1846 esse.
2080 1788 2399 1861 Quicunque
2440 1792 2586 1846 enim
2629 1791 2857 1847 assumit
2889 1790 3183 1860 justitiam,
3225 1790 3491 1846 sanctita-

180 1868 541 1961 rnu‘ndanam,
574 1884 693 1938 quae
716 1870 917 1927 nullius
952 1872 1205 1929 utilitatis
1234 1881 1336 1939 est,
1361 1890 1392 1929 a
1416 1890 1523 1945 qua
1551 1875 1786 1931 circum-
1816 1899 1866 1961 Β
1894 1889 2025 1948 tem,
2066 1882 2374 1948 veritatem,
2425 1882 2773 1952 sapientiam,
2817 1883 3168 1949 charitatem,
3212 1890 3267 1937 et
3296 1895 3490 1939 omnes

179 1955 421 2014 ferimur
443 1968 498 2015 et
526 1959 827 2031 pulsamur,
856 1963 981 2034 quia
1004 1964 1327 2037 plerumque
1353 1967 1665 2022 seducimur
1690 1983 1788 2039 per

180 2050 374 2119 illam,
400 2060 656 2124 putantes
690 2067 754 2109 ea
784 2070 906 2112 esse
940 2071 1071 2112 vera
1109 2073 1230 2128 qua:
1263 2066 1389 2114 sunt
1416 2057 1572 2114 falsa.
1607 2059 1676 2115 Et
1699 2060 1791 2123 isti

179 2143 410 2216 Ephesii
436 2144 703 2203 dialectici
724 2156 902 2215 erant,
924 2164 1023 2219 per
1046 2165 1210 2221 quam
1234 2152 1566 2208 seducebant
1585 2153 1788 2224 simpli.

181 2251 315 2303 ces,
358 2234 621 2295 facientes
650 2255 711 2294 ea
750 2249 941 2311 putare
988 2258 1115 2298 vera
1142 2259 1263 2314 quae
1296 2252 1455 2300 erant
1499 2243 1636 2301 falsa
1674 2246 1790 2303 suis

180 2328 499 2386 ﬁctionibus
525 2340 579 2386 et
608 2334 843 2389 astutiis.
878 2333 1032 2391 Unde
1053 2345 1105 2391 et
1131 2337 1377 2407 sequitur
1402 2353 1416 2392 :
1443 2337 1509 2392 In
1531 2339 1787 2409 nequitia,

180 2420 240 2476 id
278 2429 360 2477 est
386 2421 440 2477 in
464 2423 692 2491 malitia,
719 2424 991 2480 hominum
1019 2437 1068 2482 et
1099 2430 1295 2484 astutia
1318 2429 1534 2484 illorum
1556 2430 1788 2486 circum-

178 2514 443 2570 venimur
489 2516 559 2571 ad
604 2518 1096 2575 circumventionem
1145 2523 1361 2576 erroris.
1403 2522 1546 2576 Dicit
1591 2523 1789 2588 beatus

178 2606 761 2681 Hieronymus:Quid
808 2613 1030 2683 prodest
1077 2612 1284 2688 jugiter
1335 2616 1634 2674 dialectica:
1680 2618 1786 2673 arti

178 2701 466 2772 insistere,
512 2714 567 2760 et
608 2705 843 2777 syllabas
883 2707 1187 2764 iamborum
1233 2725 1561 2780 componere
1609 2712 1661 2766 in
1703 2712 1787 2767 di-

122 2816 137 2829 ι
176 2808 347 2849 versa
376 2795 637 2861 carmina,
674 2796 764 2851 ubi
795 2797 943 2853 nulla
973 2800 1174 2855 veritas
1199 2810 1305 2867 est,
1343 2803 1438 2858 sed
1464 2803 1710 2859 seductio
1730 2814 1787 2860 et

177 2898 347 2941 error
380 2887 702 2943 hominum?
734 2887 793 2943 In
825 2892 1082 2960 prazsenti
1120 2892 1338 2962 quidem
1371 2894 1568 2950 s:eculo
1606 2904 1786 2965 potest

177 2977 320 3034 illud
343 2994 463 3035 esse
478 3021 492 3046 ,
522 2980 615 3035 sed
638 2988 761 3051 post
785 2983 1240 3045 resurrectionem
1264 2986 1521 3041 cessabit.

259 3077 607 3135 Renovamini
633 3082 824 3153 spiritu
847 3082 1035 3138 mentis
1066 3093 1269 3150 vestrm,
1297 3094 1346 3139 et
1368 3085 1572 3141 induite
1595 3104 1786 3143 novum

177 3171 474 3238 hominem,
507 3174 599 3245 qui
624 3175 920 3229 secundum
945 3174 1113 3231 Deum
1140 3188 1347 3233 creatus
1374 3187 1451 3233 est
1481 3178 1537 3233 in
1565 3179 1783 3249 justitia

1892 1974 2126 2030 virtutes
2170 1990 2305 2046 quas
2350 1974 2408 2029 in
2442 1973 2661 2031 Christo
2701 1976 2981 2046 cognoscit
3029 1989 3173 2042 esse,
3207 1974 3489 2031 Christum

1891 2069 2082 2141 utique
2110 2068 2302 2136 induit.

1964 2159 2190 2231 Propter
2215 2159 2357 2231 quod
2399 2160 2711 2231 deponentes
2751 2177 2901 2216 omne
2932 2160 3289 2227 mendacium,
3316 2160 3489 2232 loqui-

1890 2254 2020 2308 mini
2066 2253 2334 2321 veritatem
2375 2254 2733 2325 unusquisque
2772 2271 2891 2308 cum
2936 2255 3176 2323 proximo
3214 2271 3331 2322 suo,
3359 2254 3489 2326 quia

1889 2361 2052 2404 omne
2077 2346 2419 2401 mendacium
2461 2361 2494 2401 a
2538 2345 2755 2403 diabolo
2795 2356 2901 2411 cst,
2937 2348 3030 2417 qui
3055 2356 3142 2403 est
3165 2347 3399 2402 mendax
3430 2354 3489 2403 et

1887 2446 2043 2508 pater
2062 2437 2349 2493 mendacii.
2369 2436 2689 2508 Quicunque
2726 2437 2821 2493 ﬁlii
2844 2438 3089 2494 veritatis
3112 2446 3260 2505 sunt,
3287 2439 3489 2495 debent

1889 2528 2161 2598 deponere
2186 2535 2242 2582 et
2275 2528 2511 2599 abjicere
2544 2544 2707 2585 omne
2737 2530 3104 2594 mendacium,
3138 2529 3490 2586 dolositatem

1889 2628 1945 2676 et
1983 2620 2375 2690 duplicitatem,
2418 2628 2475 2676 et
2503 2620 2651 2691 loqui
2690 2621 2980 2675 veritatem
3019 2623 3085 2677 de
3127 2622 3311 2678 animo
3346 2636 3490 2692 puro

1889 2729 2013 2772 cum
2060 2714 2209 2769 omni
2262 2714 2501 2781 homine,
2546 2731 2654 2771 non
2696 2714 2870 2770 solum
2919 2714 3251 2782 Christiano,
3293 2728 3487 2769 verum

1890 2807 2054 2863 etiam
2074 2821 2285 2878 pagano
2312 2815 2368 2863 et
2392 2807 2646 2863 haeretico
2680 2826 2693 2861 :
2724 2807 2850 2876 quia
2886 2822 3078 2863 omnes
3108 2806 3490 2877 suntproximi

1888 2903 2084 2957 nostri.
2142 2902 2210 2956 Et
2267 2916 2437 2970 quare
2492 2901 2750 2956 debemus
2814 2900 2962 2970 loqui
3018 2900 3306 2956 veritatem
3361 2915 3486 2956 cum

1889 2991 2180 3062 proximo?
2213 2989 2477 3057 Quoniam
2514 3006 2696 3045 sumus
2724 2991 2940 3045 invicem
2976 2990 3228 3045 membra.
3269 2990 3366 3045 Est
3391 3005 3489 3045 au-

1888 3088 2003 3136 tem
2040 3079 2293 3136 Christus
2340 3087 2522 3150 caput,
2561 3079 2807 3134 membra
2856 3078 3001 3133 illius
3040 3087 3168 3133 sunt
3202 3077 3380 3135 electi.
3414 3078 3485 3134 Et

1891 3172 2036 3227 sicut
2061 3170 2305 3227 membra
2340 3170 2586 3242 corporis
2619 3170 2792 3225 nostri
2827 3178 2953 3224 sunt
2993 3170 3095 3225 sibi
3126 3170 3360 3243 invicem
3391 3183 3489 3225 ne-

177 3270 232 3317 et
272 3263 847 3321 sanctitateveritatis.
890 3264 1018 3322 Hazc
1043 3266 1209 3323 verba
1247 3267 1491 3338 Apostoli
1522 3248 1592 3325 ex
1627 3285 1787 3340 supe-
1815 3267 1861 3332 C
1894 3268 2158 3333 cessaris,
2211 3274 2268 3323 et
2313 3264 2413 3322 sibi
2460 3265 2691 3320 invicem
2740 3248 3073 3329 ministrant,
3116 3263 3190 3318 ita
3241 3263 3485 3318 membra

178 3354 426 3413 rioribus
464 3358 723 3429 pendent.
755 3358 888 3413 Nam
912 3358 1166 3431 loquitur
1189 3361 1256 3416 ad
1298 3360 1585 3431 Ephesios.
1614 3361 1789 3434 Depo-

179 3450 298 3505 nite
326 3467 435 3517 vos,
484 3452 759 3523 inquiens,
788 3453 1073 3509 secundum
1114 3454 1394 3524 pristinam
1441 3457 1788 3511 conversatio-

179 3557 309 3596 nem
359 3551 575 3597 ceterem
617 3542 899 3610 hominem,
951 3545 1043 3615 qui
1099 3546 1456 3616 corrumpitur
1500 3547 1789 3601 secundum

178 3631 451 3688 desideria
480 3634 694 3702 erroris,
726 3649 791 3689 ac
818 3634 1013 3689 deinde
1036 3636 1222 3693 subdit
1254 3652 1268 3691 :
1297 3635 1661 3693 Renovamini
1686 3654 1786 3693 au-

181 3734 302 3780 tem
364 3725 555 3794 spiritu
610 3725 807 3782 mentis
868 3734 1085 3783 vestrae.
1144 3727 1381 3784 Pristina
1438 3729 1787 3786 conversatio

178 3825 474 3888 peccatum
501 3828 611 3885 est,
642 3826 697 3874 et
744 3818 799 3873 in
824 3820 1074 3888 peccatis
1111 3835 1333 3876 manere
1371 3838 1384 3874 :
1424 3829 1579 3877 vetus
1607 3830 1791 3876 autem

186 3909 362 3964 homo
390 3909 738 3965 conversatio
774 3910 975 3964 veteris
1022 3910 1260 3965 hominis
1286 3910 1434 3966 Adae.
1474 3911 1793 3981 Quicunque

178 4001 336 4057 enim
374 4018 428 4057 in
470 4011 695 4072 peccato
728 4009 911 4056 manet
939 4001 1408 4057 conversationem
1444 4003 1647 4058 veteris
1688 4003 1790 4059 ho-

179 4092 356 4148 minis
380 4092 564 4149 habet.
598 4090 699 4160 Qui
746 4093 929 4159 homo,
959 4091 1013 4147 id
1041 4100 1125 4147 est
1159 4092 1503 4148 conversatio
1530 4092 1641 4159 illa,
1671 4108 1794 4149 cor-

181 4184 467 4253 rumpitur
490 4192 545 4239 et
567 4183 895 4254 depravatur
917 4184 1215 4239 secundum
1241 4182 1511 4239 desideria
1539 4199 1789 4240 errorum

180 4272 911 4334 etvitiorum.Renovamini
940 4274 1106 4348 igitur
1131 4274 1325 4346 Spiritu
1349 4276 1547 4331 mentis
1567 4285 1787 4332 vestrae.

182 4368 461 4442 Spiritum
508 4376 563 4424 et
608 4376 867 4431 mentem,
918 4383 1017 4439 pro
1065 4384 1174 4424 uno
1217 4369 1476 4424 debemus
1518 4369 1790 4439 accipere,

183 4462 492 4518 secundum
540 4459 762 4516 beatum
814 4459 1209 4532 Augustinum,
1269 4461 1324 4516 id
1360 4471 1446 4517 est
1479 4477 1578 4532 pro
1625 4461 1796 4517 ratio-

185 4552 481 4611 nabilitate
530 4553 748 4609 mentis.
803 4551 935 4608 Dure
968 4560 1095 4608 sunt
1144 4561 1326 4608 autem
1361 4552 1791 4610 renovationes:

186 4662 304 4704 una
331 4644 638 4713 subitanea,
670 4660 791 4717 quae
822 4644 883 4701 ﬁt
920 4648 977 4700 in
1019 4645 1367 4715 baptismate,
1407 4645 1464 4701 in
1490 4660 1597 4716 qua
1626 4662 1788 4703 reno-
1809 4645 1865 4706 D
1930 4647 2266 4718 ,Irascimini
2299 4657 2347 4703 et
2396 4647 2556 4703 nolite
2584 4635 2818 4719 plccare.
2856 4648 3153 4720 Dupliciter
3185 4664 3478 4720 possumus
3574 4698 3580 4705 .

187 4756 390 4796 vamur
414 4738 483 4794 ab
510 4738 762 4795 omnibus
809 4738 1049 4808 peccatis
1085 4739 1442 4809 originalibus
1471 4747 1526 4795 et
1558 4739 1787 4813 actuali-

188 4835 317 4890 bus.
344 4832 550 4899 Altera,
576 4847 696 4903 qua:
713 4831 773 4885 ﬁt
789 4847 885 4902 per
901 4832 1133 4903 spatium
1161 4832 1440 4902 temporis,
1458 4840 1513 4888 et
1533 4847 1632 4902 per
1652 4832 1794 4889 assi-

191 4927 461 4983 duitatem
480 4925 752 4993 lectionis,
774 4933 832 4979 et
855 4940 953 4996 per
980 4926 1351 4995 operationem
1373 4927 1640 4983 bonorum
1671 4941 1793 4999 ope-

194 5036 343 5086 rum,
360 5021 425 5075 de
447 5035 552 5090 qua
568 5019 660 5075 hic
674 5018 894 5075 dicitur.
911 5019 1047 5074 Dum
1062 5018 1207 5073 enim
1234 5019 1448 5074 animus
1465 5035 1529 5075 ea
1549 5019 1792 5090 quotidie

193 5126 298 5183 per
344 5110 582 5165 studium
629 5110 877 5166 lectionis
918 5111 983 5165 de
1020 5109 1133 5165 Deo
1173 5110 1425 5183 intelligit
1470 5128 1592 5183 quae
1626 5121 1790 5186 antea

198 5203 510 5274 ignorabat,
535 5214 588 5259 et
610 5205 737 5259 dum
764 5204 981 5275 prolicit
1007 5204 1251 5274 quotidie
1277 5205 1342 5260 de
1368 5205 1570 5261 virtute
1595 5205 1650 5261 in
1675 5206 1790 5263 vir-

201 5301 397 5358 tutem,
435 5294 677 5364 quotidie
713 5297 1032 5363 innovatur;
1065 5296 1173 5352 tale
1203 5304 1287 5352 est
1320 5311 1451 5368 ergo
1481 5312 1546 5353 ac
1578 5298 1623 5353 si
1647 5297 1794 5354 dice-

204 5395 333 5442 ret:
365 5386 510 5442 Estis
543 5388 783 5442 renovati
824 5389 878 5442 in
917 5388 1263 5460 baptismate,
1303 5389 1636 5445 renovamini
1660 5404 1794 5460 quo-

205 5478 339 5534 tidie
370 5494 468 5548 per
495 5479 732 5533 studium
782 5480 1053 5547 lectionis,
1089 5496 1154 5537 ea
1181 5482 1249 5537 de
1282 5480 1395 5537 Deo
1446 5481 1792 5552 intelligendo

204 5584 327 5640 qua:
370 5577 497 5624 ante
542 5586 637 5623 vos
675 5570 935 5636 latebant,
968 5580 1023 5627 et
1072 5572 1369 5627 crescendo
1400 5570 1466 5626 de
1496 5571 1693 5626 virtute
1737 5572 1792 5627 in

204 5660 483 5715 virtutem.
523 5660 587 5715 Et
623 5661 829 5716 induite
863 5677 1059 5718 novum
1096 5662 1369 5719 hominem
1410 5682 1422 5717 :
1457 5679 1653 5719 novum
1690 5663 1793 5718 ho-

208 5754 410 5809 minem
438 5754 727 5825 appellavit
764 5754 886 5809 novi
930 5755 1164 5810 hominis
1201 5759 1673 5815 conversationem
1706 5757 1793 5813 vel

211 5840 387 5922 ipsum
410 5846 692 5905 Dominum
723 5848 926 5906 Jesum.
953 5848 1244 5907 Videamus
1267 5854 1535 5924 quomodo
1576 5852 1646 5912 sit
1678 5852 1791 5922 ipse

1891 3359 2093 3417 Christi
2141 3360 2339 3417 debent
2384 3360 2488 3415 sibi
2540 3359 2772 3414 invicem
2819 3357 3131 3412 ministrare
3176 3370 3298 3426 qum
3356 3366 3488 3412 sunt

1892 3455 2232 3521 necessaria;
2294 3453 2451 3510 verbi
2503 3453 2676 3522 gratia
2740 3470 2753 3505 :
2806 3449 3099 3506 necessarii
3159 3456 3287 3503 sunt
3334 3447 3485 3504 oculi

1891 3548 2075 3604 manui
2109 3564 2175 3604 ac
2198 3549 2343 3619 pedi,
2373 3556 2429 3604 et
2466 3563 2660 3604 manus
2702 3558 2757 3603 et
2791 3562 2886 3618 pes
2905 3545 3082 3612 oculo,
3112 3545 3342 3616 ideoque
3379 3544 3485 3599 mi~

1889 3640 2088 3696 nistrat
2124 3639 2315 3696 oculus
2358 3640 2545 3694 manui
2581 3654 2646 3695 ac
2678 3639 2803 3709 pedi
2830 3638 3036 3703 lumen,
3066 3651 3262 3692 manus
3300 3643 3485 3691 autem

1891 3733 2156 3806 abstergit
2185 3733 2335 3789 illum
2366 3742 2422 3789 et
2462 3732 2609 3788 lavat
2647 3750 2680 3789 a
2716 3733 2966 3790 sordibus
3000 3733 3128 3788 z'sic
3153 3733 3208 3788 in
3240 3731 3483 3788 Ecclesia

1891 3832 2078 3879 sancta
2119 3823 2447 3893 praedicator
2488 3823 2716 3892 quilibet
2756 3824 3068 3879 ministrare
3105 3823 3266 3879 debet
3300 3822 3484 3878 lumen

1892 3913 2132 3968 scientiae
2165 3922 2222 3968 et
2264 3912 2666 3983 praedicationis
2692 3912 2836 3977 aliis,
2877 3927 2997 3983 qua:
3037 3920 3163 3967 sunt
3208 3926 3401 3967 manus
3429 3923 3487 3968 et

1891 4004 2078 4075 pedes,
2121 4002 2180 4074 id
2225 4003 2433 4071 estqui
2483 4010 2611 4057 sunt
2670 3992 3105 4072 eleemosynarii,
3148 4001 3333 4070 etqui
3360 4017 3486 4057 cur-

1893 4104 2023 4153 runt
2042 4096 2109 4150 ad
2146 4095 2512 4164 sepeliendum
2555 4104 2855 4160 mortuum,
2904 4102 2961 4149 et
3000 4094 3092 4164 qui
3131 4092 3324 4148 activae
3359 4092 3484 4147 vitae

1894 4195 2020 4242 sunt
2054 4184 2251 4243 dediti.
2287 4187 2525 4241 Econtra
2565 4196 2748 4242 autem
2788 4186 2863 4241 illi
2893 4186 3095 4242 debent
3130 4184 3197 4239 de
3223 4198 3323 4239 sua
3351 4184 3482 4240 sub-

1893 4280 2092 4335 stantia
2119 4288 2426 4336 sustentare
2445 4280 2684 4348 oculum,
2702 4280 2757 4335 id
2781 4287 2864 4335 est
2884 4278 3319 4350 praedicatorem,
3340 4293 3483 4352 pra:-

1893 4370 2086 4426 bentes
2129 4370 2179 4426 ei
2224 4369 2402 4425 cibum
2452 4379 2507 4425 et
2551 4379 2762 4441 potum,
2791 4379 2845 4425 et
2883 4369 3257 4425 ministrantes
3285 4378 3481 4425 caetera

1894 4478 2017 4535 qua:
2061 4463 2369 4519 necessaria
2402 4471 2528 4518 sunt
2575 4462 2651 4518 illi
2684 4479 2699 4517 :
2729 4464 2833 4520 hoc
2867 4461 3135 4531 faciendo,
3178 4471 3340 4519 erunt
3378 4463 3484 4521 sibi

1897 4556 2127 4613 invicem
2157 4556 2423 4612 membra.
2462 4557 2722 4627 Sequitur
2749 4572 2765 4611 :

1893 4742 2001 4811 hoc
2020 4742 2320 4813 intelligere
2346 4760 2359 4797 :
2391 4740 2447 4796 Si
2469 4742 2685 4812 quando
2708 4743 2966 4812 peccatis,
2994 4750 3060 4823 et.
3078 4758 3109 4798 a
3138 4743 3225 4798 via
3252 4742 3478 4798 rectitu—

1895 4833 2038 4889 dinis
2085 4832 2299 4888 diabolo
2349 4832 2610 4888 suadente
2641 4833 2913 4898 receditis,
2958 4832 3257 4888 irascimini
3306 4831 3483 4887 vobis-

1895 4926 2142 4998 metipsis
2188 4934 2243 4981 et
2292 4925 2672 4997 indignamini,
2713 4940 2780 4979 ne
2825 4924 2948 4979 talia
2980 4924 3210 4994 amplius
3246 4922 3480 4985 faciatis,

1894 5020 2213 5091 castigando
2241 5034 2441 5090 corpus
2482 5027 2726 5074 vestrum
2774 5016 2971 5089 vigiliis
3013 5026 3070 5071 et
3102 5016 3345 5088 jejuniis.
3373 5016 3487 5070 Ali-

1896 5123 1977 5171 ter
2006 5131 2019 5168 :
2054 5115 2180 5179 etsi,
2214 5112 2412 5184 inquit,
2459 5110 2779 5176 irascimini,
2830 5110 2998 5167 nolite
3022 5109 3306 5180 perlicere.
3345 5109 3481 5164 Pcr-

1895 5208 2065 5263 mittit
2091 5207 2310 5277 quidem
2350 5206 2537 5271 irasci,
2571 5204 2716 5275 quod
2747 5204 3043 5259 humanum
3070 5210 3187 5266 est;
3235 5200 3331 5257 sed
3362 5214 3488 5271 pro-

1894 5300 2046 5355 hibet
2075 5299 2367 5353 vindictam
2393 5304 2667 5367 eXpetere,
2702 5294 2861 5365 quod
2893 5292 3008 5363 jam
3037 5308 3145 5349 non
3182 5300 3268 5349 est
3292 5293 3484 5348 huma-

1894 5407 2045 5456 num,
2074 5391 2201 5461 quia
2230 5388 2326 5443 Ira
2352 5389 2448 5459 viri
2467 5387 2735 5457 justitiam
2768 5385 2865 5440 Dei
2897 5400 3001 5439 non
3050 5380 3481 5467 operatur.(lac.

1898 5484 1963 5555 ι).
1997 5480 2088 5537 Sol
2110 5498 2214 5536 non
2244 5480 2447 5535 occidat
2489 5495 2646 5550 super
2676 5477 3008 5532 iracundiam
3048 5485 3292 5532 vestram.
3322 5472 3488 5531 Simi-

1857 5614 1861 5617 .
1900 5575 2025 5643 liter
2052 5581 2106 5627 et
2149 5573 2254 5628 hoc
2297 5570 2496 5642 duplici
2527 5570 2688 5625 modo
2711 5577 2886 5639 potest
2918 5568 3143 5640 intelligi
3176 5587 3189 5623 :
3223 5568 3483 5622 Dicamus

1899 5664 2240 5736 simpliciter,
2282 5661 2372 5718 Sol
2404 5677 2511 5717 non
2562 5660 2778 5715 occidat
2815 5672 2977 5729 super
3022 5658 3360 5714 iracmidiam
3389 5672 3488 5713 ve—

1899 5766 2089 5822 stram,
2124 5757 2176 5811 id
2220 5764 2325 5820 est,
2350 5754 2395 5809 si
2435 5751 2691 5808 commoti
2716 5750 2929 5806 fueritis
2962 5751 3028 5805 ad
3056 5758 3265 5819 tempus
3292 5748 3489 5811 adver-

1898 5866 1992 5909 sus
2016 5848 2346 5923 proximum,
2394 5854 2520 5910 ante
2562 5842 2695 5906 solis
2726 5858 2981 5904 occasqu
3025 5840 3483 5915 reconciliamini,
3582 5838 3595 5853 ‘
