3996 6446
197 385 306 440 725

876 367 1349 440 EXPOSITIO'IN
1384 379 1536 436 EPP.
1577 379 1638 435 S.
1681 375 1908 434 PAULI.
1953 409 2020 418 —
2053 379 2121 434 1N
2161 379 2379 438 EPIST.
2415 379 2510 437 AD
2549 380 2800 439 EPHES.

3381 381 3488 440 726

197 498 300 554 ctis
323 497 582 567 proﬁcuis
601 504 655 552 et
684 496 905 552 utilibus
931 499 1113 562 rebus,
1141 498 1205 554 de
1233 497 1484 553 inanibus
1509 505 1564 552 et
1594 495 1796 552 inutili-
1820 501 1871 563 Α
1900 497 2030 551 tiam
2068 514 2174 567 qua
2202 501 2596 571 torqncbuntur
2630 501 2870 573 graviter
2889 540 2904 566 ,
2939 500 3042 556 erit
3067 507 3121 557 et
3149 498 3488 556 extrinsecus

192 593 296 650 bus
317 602 597 652 tractatur.
613 595 716 649 Aut
744 595 1187 666 scurrilitagquw
1199 596 1269 650 ad
1287 611 1394 650 rem
1415 613 1517 651 non
1544 598 1788 668 pertinet,

195 687 287 742 sed
316 687 482 757 magis
512 687 808 756 gratiarum
842 687 1002 741 actio.
1057 685 1371 742 Scurrilitas
1399 695 1482 742 est
1532 685 1792 755 joculari-

195 786 302 846 tas,
366 793 486 848 quae
539 777 707 832 risum
760 777 898 833 solet
944 793 1184 832 movere.
1231 777 1345 832 Hoc
1392 786 1572 832 autem
1626 777 1792 832 distat

196 871 336 926 inter
381 869 776 940 stultiloquium
807 879 860 925 et
911 870 1320 935 scurrilitatem,
1369 870 1510 939 quod
1561 867 1791 924 stultilo-

195 964 382 1034 quium
415 963 615 1018 nullius
644 962 896 1019 utilitatis
923 973 1006 1019 est
1048 963 1291 1034 nihilque
1323 964 1374 1018 in
1422 978 1480 1018 se
1512 961 1790 1033 sapientia:
1821 1009 1830 1024 ,

195 1053 396 1110 habet;
443 1054 748 1110 scurrilitas
792 1071 925 1110 vero
972 1055 1290 1127 plerumque
1337 1057 1406 1112 ab
1433 1071 1530 1111 ore
1579 1055 1791 1124 sapien-

196 1145 330 1201 tium
384 1147 651 1217 procedit,
709 1156 764 1203 et
820 1156 1039 1216 constat
1088 1149 1336 1226 quadam,
1371 1147 1699 1214 urbanitate,
1732 1154 1790 1202 ut

194 1239 326 1297 illud
355 1240 564 1312 Virgilii
589 1254 605 1295 :

320 1351 412 1410 Qui
441 1352 639 1402 Bavium
665 1365 758 1403 non
779 1353 897 1409 odit,
927 1360 1060 1403 amet
1086 1358 1168 1403 tua
1202 1353 1435 1414 carmina,
1460 1351 1636 1405 Maevi:

317 1417 482 1478 Atque
505 1415 634 1464 idem
653 1415 824 1477 jungat
849 1414 1095 1479 vulpes,el
1115 1416 1331 1477 mulgeat
1355 1415 1514 1466 hircos
1540 1430 1554 1478 ;

191 1529 495 1591 caeteraque
535 1522 659 1576 talia
691 1538 812 1592 quae
848 1521 982 1576 nihil
1027 1522 1079 1578 in
1130 1537 1188 1578 se
1237 1522 1365 1577 mali
1415 1521 1636 1587 habent,
1683 1522 1788 1578 nisi

193 1613 566 1668 tantummodo
593 1615 719 1684 quia
743 1614 916 1670 otiosa
948 1622 1093 1680 sunt,
1133 1621 1188 1669 et
1232 1613 1298 1668 ad
1338 1628 1452 1668 rem
1492 1612 1788 1685 perfectam

191 1722 296 1761 non
325 1705 619 1776 pertinent,
665 1707 757 1762 sed
803 1707 976 1780 magis
1027 1715 1154 1763 sunt
1201 1708 1498 1778 gratiarum
1531 1709 1700 1784 actio,
1733 1706 1787 1763 id

189 1810 271 1856 est
316 1799 440 1856 ideo
485 1799 833 1871 proferuntur
887 1801 1264 1866 scurrilitates,
1309 1809 1368 1856 ut
1405 1816 1599 1872 graves
1647 1801 1787 1872 apud

1893 589 2094 644 vermis
2114 599 2169 644 et
2189 590 2329 662 ignis
2349 608 2380 646 a
2402 593 2596 662 quibus
2619 594 3002 649 cruciahuntur
3023 593 3336 649 durissime.’
3359 594 3484 651 lna-

1893 680 1984 736 nia
2014 681 2156 736 enim
2186 683 2349 739 verba
2380 693 2435 739 et
2459 685 2761 741 seductoria
2792 671 3106 758 loquuntur,
3131 687 3220 757 qui
3256 687 3440 742 dicunt
3469 705 3482 742 :

1893 769 1998 836 Qui
2027 772 2305 826 crediderit
2333 783 2380 826 et
2405 774 2700 843 baptizatus
2737 777 2931 847 fuerit,
2958 777 3134 831 salvus
3165 777 3260 831 erit
3287 775 3482 846 (Marc.

1892 863 2039 936 xvi);
2069 865 2112 918 si
2141 873 2194 920 et
2219 865 2358 918 mala
2383 881 2547 937 opera
2571 879 2714 937 agat,
2737 869 2878 939 quod
2899 869 3120 923 omnino
3137 867 3488 922 mendacissi-

1890 971 2040 1010 mum
2067 963 2168 1011 est.
2217 953 2439 1026 Propter
2467 958 2580 1012 lucc
2604 959 2775 1024 enim,
2806 959 2858 1014 id
2887 969 2969 1014 est
3005 968 3223 1030 propter
3253 957 3488 1012 fornica-

1893 1049 2117 1117 tionem,
2153 1051 2548 1106 immunditiam
2577 1059 2632 1105 et
2656 1051 2962 1117 avaritiam,
3002 1053 3136 1106 venit
3169 1053 3249 1105 ira
3295 1050 3390 1106 Dei
3432 1052 3489 1106 in

1890 1142 2030 1212 ﬁlios
2066 1144 2385 1215 diﬁidentiw,
2418 1146 2532 1200 sive
2561 1145 2792 1211 diaboli,
2828 1147 2880 1200 id
2904 1154 2986 1202 est
3018 1146 3070 1200 in
3101 1146 3218 1201 illos
3255 1147 3345 1216 qui
3395 1160 3488 1217 pe-

1892 1235 2099 1290 rierunt
2126 1237 2177 1290 in
2209 1237 2408 1292 diluvio
2433 1247 2486 1291 et
2511 1237 2854 1308 postmodum
2904 1239 2956 1292 in
2985 1236 3234 1293 Sodomis
3260 1239 3488 1308 aliisque

1891 1329 2220 1385 civitatibus.
2248 1331 2326 1385 llli
2359 1333 2576 1402 quidem
2603 1332 2695 1402 qui
2726 1332 2779 1386 in
2812 1331 3012 1386 diluvio
3033 1332 3330 1402 perierunt,
3357 1348 3488 1402 pro-

1890 1430 2076 1490 pterea
2130 1422 2405 1491 perierunt
2463 1424 2588 1493 quia
2651 1434 2836 1479 contra
2889 1433 3214 1495 pratceptum
3271 1422 3484 1477 Domini

1891 1513 2072 1582 plures
2126 1529 2323 1570 uxores
2365 1525 2727 1586 acceperunt,
2773 1525 2827 1572 et
2865 1531 3057 1571 carnes
3111 1515 3484 1570 comederunt.

1890 1605 2106 1662 Leviori
2147 1622 2304 1676 paena
2349 1607 2745 1678 quodammodo
2789 1607 3069 1677 perierunt
3108 1622 3270 1678 quam
3315 1603 3488 1660 Sodo-

1890 1699 2060 1765 mitze,
2096 1698 2188 1768 qui
2230 1699 2283 1753 in
2331 1700 2453 1770 igne
2495 1699 2744 1756 succensi
2790 1707 2936 1766 sunt,
2989 1699 3114 1771 quia
3163 1713 3268 1753 non
3303 1696 3487 1767 plures

1889 1805 2090 1879 uxores
2129 1800 2494 1862 acceperunt,
2544 1791 2638 1846 sed
2686 1791 2905 1860 insuper
2948 1799 3137 1846 contra
3185 1788 3488 1844 naturalem

188 1892 465 1948 auditores
491 1893 725 1964 prolatio
748 1894 840 1950 sit.
870 1894 1102 1965 Ideoque
1130 1894 1377 1966 praecipit
1401 1894 1690 1965 Apostolus
1721 1909 1786 1948 ea
1817 1880 1864 1940 B
1896 1899 2054 1937 usum
2084 1883 2513 1939 fornicabantur.
2556 1882 2812 1937 Diabolus
2853 1891 3033 1937 autem
3065 1879 3356 1937 difﬁdentia
3394 1896 3489 1951 ap-

188 1999 422 2051 cavere,
470 1986 596 2056 quia
649 1987 714 2043 de
759 1987 1008 2042 omnibus
1057 1987 1240 2042 verbis
1290 1988 1478 2042 Otiosis
1524 1987 1787 2043 reddituri

186 2085 314 2131 sunt
344 2076 592 2132 homines
624 2077 910 2134 rationem.
952 2077 1138 2135 Potest
1168 2086 1224 2135 et
1253 2079 1355 2135 hoc
1380 2079 1536 2134 aliter
1560 2079 1784 2150 intelligi

186 2169 330 2238 quod
371 2168 520 2235 dicit,
566 2169 658 2224 sed
689 2169 864 2239 magis
893 2171 1192 2242 gratiarum
1233 2171 1396 2227 actio.
1436 2170 1554 2226 Non
1587 2171 1694 2227 sint
1727 2171 1782 2227 in

185 2258 339 2313 vobis
370 2257 472 2314 ista
509 2275 628 2330 quae
648 2259 905 2328 diximus,
933 2261 1028 2317 sed
1054 2277 1154 2317 nec
1189 2262 1556 2329 nominentur,
1588 2262 1682 2318 sed
1712 2263 1783 2318 sit

185 2350 236 2405 in
266 2351 428 2407 vobis
463 2353 632 2423 magis
657 2354 950 2424 gratiarum
988 2354 1152 2419 actio,
1186 2363 1244 2408 ut
1271 2355 1476 2425 gratias
1507 2355 1615 2410 Deo
1641 2353 1783 2409 refe-

184 2453 371 2501 rentes
408 2447 462 2502 in
502 2447 752 2506 omnibus
791 2463 912 2517 quae
947 2448 1106 2520 agitis
1145 2456 1200 2504 et
1237 2463 1358 2518 qua:
1395 2449 1610 2504 habetis
1638 2490 1652 2516 ,
1692 2447 1779 2504 vel

184 2543 302 2599 sitis
333 2559 429 2598 vos
462 2543 684 2614 gratiosi
715 2553 768 2598 et
809 2543 1012 2609 accepti
1051 2543 1160 2598 Deo
1187 2553 1242 2599 et
1270 2545 1600 2600 hominibus.

250 2633 304 2687 Η
311 2650 374 2688 ac
394 2635 532 2688 enim
552 2635 733 2688 scitote
749 2633 1093 2705 intelligentes
1109 2637 1250 2706 quod
1273 2638 1441 2691 omnis
1469 2636 1780 2707 fornicator,

183 2731 270 2778 aut
295 2725 624 2788 immundus,
649 2735 738 2780 aut
758 2742 949 2780 avarus
966 2767 979 2788 ,
1003 2727 1142 2798 quod
1162 2737 1235 2782 est
1254 2727 1517 2782 idolorum
1539 2730 1782 2795 servitus,

183 2830 280 2871 non
320 2815 474 2870 liabet
505 2816 863 2871 hwreditatem
889 2817 943 2870 in
971 2833 1128 2888 regno
1153 2818 1348 2874 Christi
1369 2829 1416 2874 et
1443 2819 1558 2874 Dei.
1601 2818 1776 2890 Supe-

183 2908 292 2962 rius
313 2907 433 2975 jam
459 2909 692 2964 diximus
725 2911 790 2964 de
819 2909 903 2964 his
927 2909 1091 2973 vitiis,
1125 2926 1268 2966 nunc
1299 2911 1581 2967 videamus
1611 2927 1784 2982 quare

182 3000 330 3056 dicat
375 3002 661 3056 avaritiam
708 3001 1123 3058 simulacrorum
1165 3003 1502 3058 servitutem.
1572 3003 1630 3059 In
1679 3005 1784 3062 hoc

181 3108 311 3166 ergo
363 3092 561 3148 dicitur
622 3107 740 3152 esse
791 3094 1019 3149 avaritia
1066 3095 1480 3152 simulacrorum
1526 3097 1779 3164 servitus,

1890 1975 2146 2046 pellatur,
2173 1977 2297 2046 quia
2333 1976 2580 2031 homines
2614 1974 2855 2030 dilIidere
2879 1984 2933 2029 et
2965 1975 3017 2029 in
3052 1974 3487 2044 desperationem

1893 2068 2093 2124 cadere
2121 2067 2270 2124 facit.

1965 2159 2146 2214 Nolite
2165 2177 2287 2230 ergo
2321 2159 2450 2230 e/fici
2478 2159 2788 2230 participes,
2818 2160 2870 2214 id
2897 2169 3004 2228 est,
3032 2161 3199 2216 nolite
3220 2161 3338 2218 illos
3367 2161 3489 2217 imi-

1892 2250 2017 2318 tari,
2054 2251 2181 2322 quia
2231 2251 2275 2307 si
2328 2250 2543 2308 fueritis
2587 2252 2719 2308 socii
2764 2253 2817 2307 in
2866 2268 3065 2324 opere,
3123 2256 3278 2311 eritis
3323 2265 3380 2310 et
3433 2256 3490 2311 in

1888 2357 2076 2414 poena.

1962 2435 2144 2492 Eratis
2170 2438 2308 2492 enim
2335 2436 2622 2510 aliquando
2651 2438 2896 2505 tenebrat,
2929 2456 3066 2494 nunc
3095 2428 3270 2494 aut‘em
3318 2440 3411 2495 tua:
3435 2442 3491 2496 in

1892 2533 2121 2589 Domino
2155 2533 2372 2604 (Ephes.
2405 2533 2484 2604 v),
2516 2533 2569 2588 id
2598 2542 2682 2589 est
2707 2535 2874 2589 eratis
2902 2543 3216 2604 peccatores
3247 2544 3301 2590 et
3345 2537 3492 2608 igno-

1891 2635 2075 2681 rantes
2111 2626 2282 2681 Deum
2325 2634 2616 2696 antequam
2660 2626 2727 2681 ad
2778 2625 2936 2681 ﬁdem
2983 2626 3264 2693 veniretis,
3294 2636 3349 2683 et
3391 2627 3491 2683 ﬁlii

1888 2718 2085 2774 diaboli
2125 2718 2386 2790 principis
2421 2719 2768 2774 tenebrarum
2796 2736 2810 2786 ;
2867 2720 3026 2775 modo
3055 2721 3189 2776 estis
3209 2719 3492 2790 iustiﬁcati

1884 2829 1984 2884 per
2019 2813 2198 2881 ﬁdem,
2227 2828 2326 2884 per
2365 2814 2715 2884 baptismum,
2763 2824 2819 2870 et
2843 2814 2935 2870 lilii
2984 2815 3081 2871 Dei
3111 2831 3211 2886 per
3241 2815 3490 2886 adoptio-

1885 2921 2032 2972 nem,
2060 2906 2153 2977 qui
2196 2905 2336 2960 dixit
2381 2923 2395 2960 :
2449 2905 2562 2977 Ego
2607 2924 2723 2961 sum
2753 2907 2847 2961 tua:
2888 2908 3072 2962 mundi
3121 2908 3303 2981 (Joan.
3343 2907 3490 2979 vm).

1887 2999 2229 3070 Quapropter
2259 3008 2314 3051 ut
2337 2997 2436 3068 ﬁlii
2462 2998 2595 3053 lucis
2622 2998 2908 3064 ambulate,
2942 2999 3045 3054 hoc
3075 3007 3156 3055 est
3195 3008 3255 3054 ut
3285 2999 3378 3053 lilii
3406 2999 3490 3053 vis

1886 3099 1978 3156 tae,
2005 3101 2060 3145 et
2113 3090 2509 3146 conversamini
2539 3098 2726 3145 sancte
2766 3099 2818 3145 et
2871 3090 3258 3155 immaculata.
3301 3091 3493 3144 ambu-

180 3184 306 3254 quia
354 3184 494 3241 sicut
527 3184 620 3242 ille
653 3186 821 3242 servit
857 3185 1092 3252 diabolo,
1137 3188 1229 3258 qui
1260 3189 1649 3259 omnipotentis
1684 3189 1780 3247 Dei
1885 3183 2060 3240 iantes
2104 3184 2168 3238 de
2195 3185 2383 3239 virtute
2424 3185 2480 3238 in
2505 3185 2749 3239 uirtutem
2787 3181 2960 3255 (Psal.
2994 3185 3244 3254 Lxxxtu).
3279 3183 3493 3251 Quanta

182 3278 454 3334 culturam
479 3285 534 3334 et
562 3277 876 3350 religionem
900 3295 1021 3349 qua:
1047 3279 1123 3334 illi
1155 3280 1256 3336 soli
1291 3281 1562 3346 convenit,
1591 3290 1647 3337 et
1672 3282 1785 3337 sin—
1811 3263 1858 3327 Ο
1891 3278 2146 3334 distantia
2170 3286 2256 3333 est
2279 3278 2421 3333 inter
2447 3277 2623 3333 lucem
2653 3285 2709 3332 et
2749 3277 3022 3342 tenebras,
3054 3284 3205 3331 tanta
3231 3276 3493 3332 distantia

182 3371 372 3442 gulare
393 3385 588 3426 nomen
616 3379 674 3425 ut
698 3371 846 3427 solus
875 3371 1018 3429 Deus
1043 3382 1300 3440 vocetur,
1331 3382 1592 3445 quantum
1631 3374 1688 3429 in
1723 3390 1784 3431 se
1887 3378 1973 3424 est
2003 3369 2146 3424 inter
2172 3368 2353 3424 lumen
2383 3368 2506 3424 ﬁdei
2553 3378 2610 3425 et
2655 3369 2982 3440 cognitionis
3028 3369 3147 3434 Dei.
3195 3369 3494 3423 bonorum-

182 3475 261 3518 est
286 3461 364 3517 illi
396 3460 574 3518 aufert
603 3471 658 3518 et
701 3464 1037 3521 daemonibus
1065 3464 1343 3535 impendit,
1376 3465 1451 3520 ita
1472 3473 1528 3521 et
1554 3464 1642 3520 ille
1667 3480 1784 3522 ser-

183 3559 257 3612 vit
298 3556 539 3623 diabolo,
580 3557 674 3629 qui
720 3558 1108 3630 omnipotentis
1147 3557 1244 3614 Dei
1284 3558 1613 3626 communia,
1660 3574 1784 3630 qua:

184 3649 439 3705 omnibus
482 3649 792 3706 hominibus
838 3651 1202 3707 communiter
1235 3651 1362 3706 data
1389 3660 1536 3718 sunt,
1571 3651 1625 3706 in
1651 3666 1782 3722 pro-

187 3743 337 3813 prios
378 3741 481 3798 sibi
521 3757 653 3798 usus
697 3741 842 3798 male
876 3751 1118 3813 usurpat.
1168 3743 1386 3800 Aliter:
1427 3751 1575 3798 recte
1616 3745 1786 3801 etiam

187 3836 413 3892 avaritia
457 3836 772 3893 idololatriae
812 3845 1181 3907 comparatur,
1223 3838 1351 3907 quia
1381 3837 1786 3896 dum'metallis

187 3930 303 3982 auri
334 3936 389 3983 et
416 3927 647 3998 argenti,
675 3926 742 3981 de
767 3926 966 3998 quibus
1000 3925 1289 3982 simulacra
1340 3927 1495 3992 ﬁunt,
1537 3926 1788 3982 homines

188 4017 546 4073 immoderate
565 4016 826 4080 serviunt,
846 4025 901 4070 et
923 4017 1178 4072 denarios
1199 4017 1555 4083 constituunt,
1584 4015 1638 4071 in
1665 4016 1788 4086 qui-

186 4109 291 4183 bus
320 4109 582 4179 imagines
610 4107 744 4162 ﬁunt
771 4108 1157 4179 imperatorum
1177 4149 1191 4174 ,
1215 4123 1407 4163 aurum
1425 4116 1480 4164 et
1501 4115 1785 4178 argentum

189 4217 291 4270 pro
317 4201 428 4256 Deo
459 4212 808 4266 venerantur,
843 4200 972 4271 quia
999 4202 1141 4256 servi
1170 4210 1298 4257 sunt
1323 4201 1654 4257 divitiarum.
1685 4199 1786 4258 Vel

189 4292 356 4349 tertio
382 4292 560 4360 modo,
587 4291 872 4347 avaritiam
908 4291 1227 4349 idololatriae
1267 4293 1389 4350 ideo
1425 4293 1782 4364 comparavit,

188 4395 249 4443 ut
303 4385 438 4441 nihil
492 4385 583 4440 illa
628 4384 914 4442 scelestius
960 4383 1378 4442 demonstraret.
1422 4385 1596 4441 Radix
1638 4385 1786 4442 enim

187 4481 431 4536 omnium
476 4479 741 4537 malorum
789 4487 876 4536 est
916 4478 1162 4534 avaritia.
1222 4478 1290 4533 Et
1330 4478 1628 4534 notandum
1657 4477 1785 4548 quia

188 4573 416 4644 loquens
455 4573 523 4629 de
557 4572 910 4643 turpitudine,
958 4570 1294 4642 stultiloquio
1338 4579 1394 4627 et
1432 4569 1784 4638 scurrilitate,

190 4682 298 4722 non
329 4663 603 4735 subjungit
625 4664 770 4736 quod
791 4664 919 4720 talia
940 4662 1203 4720 facientes
1228 4663 1535 4735 possessuri
1563 4678 1672 4719 non
1698 4677 1785 4719 es-

191 4769 312 4819 sent
349 4777 572 4832 regnum
609 4760 835 4827 Christi,
865 4761 1006 4817 sicut
1035 4761 1102 4816 de
1139 4758 1517 4826 fornicatione,
1552 4761 1787 4816 immun-

191 4854 322 4909 ditia
350 4863 406 4910 et
436 4852 682 4908 avaritia.
734 4853 852 4920 Quo
876 4851 1023 4908 facto
1043 4852 1280 4909 ostendit
1301 4852 1520 4922 quidem
1548 4851 1637 4907 illa
1663 4867 1788 4909 esse

195 4957 498 5018 peccatum,
515 4946 632 5006 ista
655 4961 786 5001 vero
808 4945 1004 5017 magis,
1030 4959 1096 5000 eo
1115 4944 1256 5014 quod
1281 4952 1540 5014 separant
1563 4959 1594 4998 a
1617 4959 1788 5016 regno

193 5037 415 5094 Christi.
436 5037 679 5109 Regnum
700 5045 882 5092 autem
897 5035 1098 5092 Christi
1113 5043 1169 5091 et
1188 5034 1283 5090 Dei
1304 5035 1483 5090 Patris
1504 5035 1642 5090 dixit
1656 5037 1788 5108 quia

196 5130 341 5188 sicut
358 5144 462 5188 una
483 5139 566 5186 est
590 5130 888 5185 substantia
912 5128 1092 5183 Patris
1112 5135 1169 5184 et
1187 5126 1313 5182 Filii
1335 5137 1390 5184 et
1404 5127 1642 5200 Spiritus
1657 5145 1786 5186 san-

196 5224 294 5289 cti,
319 5223 394 5278 ita
417 5232 501 5278 est
527 5237 635 5277 una
663 5231 924 5292 potestas,
948 5237 1054 5277 una
1079 5220 1320 5287 trinitas,
1343 5237 1511 5278 unum
1533 5237 1781 5293 regnum.

270 5313 442 5370 Nemo
487 5331 574 5369 vos
615 5314 830 5370 seducet
863 5312 1110 5369 inanibus
1153 5311 1342 5368 verbis.
1392 5312 1578 5370 lnania
1619 5316 1787 5372 verba

197 5405 518 5478 loquuntur,
549 5407 603 5462 id
628 5417 734 5472 est,
763 5420 884 5475 quae
909 5404 1108 5460 nullius
1130 5403 1380 5461 utilitatis
1401 5414 1562 5472 sunt,
1591 5407 1682 5476 qui
1706 5407 1788 5463 di-

199 5507 329 5554 cunt
371 5499 514 5569 apud
554 5498 755 5554 inferos
781 5498 942 5554 aliam
971 5513 1186 5569 pmnam
1212 5513 1321 5554 non
1350 5499 1636 5568 sustineri,
1679 5501 1786 5557 nisi

200 5591 530 5648 conscientia
575 5591 794 5662 propria
827 5591 1085 5660 torqueri,
1127 5607 1234 5647 non
1265 5592 1604 5648 attendentes
1639 5594 1784 5664 quod

202 5684 330 5740 dicit
361 5684 525 5740 Isaias
553 5684 605 5737 in
639 5682 744 5738 ﬁne
778 5682 860 5737 sui
889 5681 1178 5738 voluminis
1219 5683 1288 5740 de
1326 5685 1575 5756 reprobis
1603 5703 1615 5739 :
1658 5683 1788 5741 Ver-

203 5779 300 5834 mis
326 5785 505 5832 eorum
541 5793 645 5832 non
682 5776 954 5841 morietur,
993 5786 1042 5830 et
1087 5776 1222 5848 ignis
1261 5794 1366 5833 non
1403 5779 1782 5849 mtinguetur.

203 5868 338 5933 (ba.
369 5871 447 5944 v.)
489 5869 609 5926 Erit
642 5868 786 5925 enim
824 5867 899 5924 ibi
927 5883 1088 5939 poena
1121 5870 1262 5927 intra
1304 5887 1457 5928 suam
1506 5872 1790 5930 conscien-

1887 3477 1994 3534 que
2022 3478 2269 3532 operum,
2299 3471 2354 3518 et
2391 3463 2534 3519 inter
2573 3464 2827 3520 tenebras
2871 3461 3205 3519 inﬁdelitatis
3235 3470 3292 3518 et
3342 3462 3494 3534 igno-

1889 3556 2079 3612 rantis:
2108 3564 2271 3626 atque
2299 3556 2530 3627 peccati.

1959 3649 2190 3706 Fructus
2215 3651 2352 3706 enim
2377 3649 2532 3716 lucis,
2560 3650 2615 3705 id
2640 3659 2727 3706 est
2746 3652 2991 3721 operatio
3018 3651 3174 3708 bona“:
3197 3663 3492 3707 conversa-

1889 3742 2055 3798 tionis
2081 3751 2135 3798 et
2161 3743 2306 3810 ﬁdei,
2338 3743 2393 3797 in
2419 3743 2564 3798 omni
2587 3741 2840 3809 bonitate,
2876 3753 2923 3798 et
2947 3744 3182 3814 justitia,
3205 3753 3252 3799 et
3275 3745 3494 3799 ueritate

1885 3835 2092 3899 vivere,
2141 3843 2201 3890 ut
2250 3835 2342 3905 qui
2391 3835 2551 3890 ﬁdem
2602 3835 2785 3898 habet,
2825 3837 3116 3907 lumenque
3164 3837 3494 3908 cognitionis

1888 3925 1985 3981 Dei
2013 3965 2028 3992 ,
2059 3926 2238 3982 omnia
2267 3928 2408 3983 bona
2437 3943 2602 3998 opera
2645 3937 2890 3984 sectetur
2918 3969 2932 3994 ,
2957 3928 3106 3998 juste
3145 3931 3325 3997 vivat,
3359 3946 3492 3986 vera

1891 4015 2146 4086 loquatur
2175 4017 2243 4072 ad
2291 4018 2620 4087 proximum,
2668 4021 2956 4075 attendens
3005 4020 3149 4088 quod
3203 4019 3496 4090 Apostolus

1890 4109 2074 4166 subdit
2101 4107 2442 4166 :.Probantes
2477 4111 2603 4180 quid
2641 4111 2707 4165 sit
2731 4109 3109 4180 beneplacitum
3151 4109 3282 4164 Deo.
3341 4109 3497 4166 Sicut

1891 4200 2185 4272 trapezita,
2219 4199 2270 4254 id
2312 4209 2397 4256 est
2446 4202 2800 4267 monetarius,
2832 4201 3029 4272 probat
3057 4199 3272 4256 metalla
3294 4241 3309 4266 ,
3359 4217 3496 4271 pon-

1891 4293 2056 4360 dere,
2113 4293 2347 4364 puritate
2399 4300 2456 4349 et
2499 4293 2718 4359 tinnitu,
2771 4294 2842 4348 ita
2880 4294 3142 4349 debemus
3187 4308 3286 4349 nos
3325 4306 3496 4364 opera

1889 4394 2079 4441 nostra
2115 4386 2362 4459 probare.
2399 4386 2666 4443 Debemus
2693 4387 2780 4441 illa
2809 4387 3041 4457 probare
3079 4386 3339 4458 pondere,
3368 4401 3494 4448 con.

1890 4478 2193 4536 siderantes
2241 4489 2445 4550 quanta
2496 4488 2552 4536 et
2594 4495 2757 4550 quam
2808 4495 3003 4551 magna
3047 4480 3177 4536 sint.
3221 4479 3498 4547 Puritate,

1890 4583 2072 4627 utrum
2106 4589 2244 4644 puro
2273 4581 2328 4629 et
2369 4573 2601 4645 simplici
2649 4575 2863 4640 animo,
2898 4575 3147 4644 bonaque
3193 4573 3500 4628 intentione

1810 4637 1866 4700 Β
1893 4666 2029 4724 ﬁant
2055 4684 2068 4720 :
2099 4637 2319 4735 tinnitu,
2345 4637 2527 4723 utrum
2557 4667 2757 4723 bonam
2798 4637 3000 4724 famam
3028 4637 3095 4723 de
3132 4682 3191 4722 se
3234 4666 3493 4721 reddant.

1967 4757 2184 4826 Omnia,
2203 4760 2460 4816 subaudis
2482 4774 2669 4830 opera,
2694 4777 2813 4832 qua:
2835 4770 3154 4832 arguuntur,
3180 4760 3234 4816 id
3261 4768 3346 4816 est
3374 4773 3497 4829 quas

1897 4853 2364 4924 reprehenduntur
2395 4870 2428 4910 a
2456 4853 2616 4911 bonis
2637 4863 2694 4911 et
2717 4855 2924 4911 sanctis
2950 4855 3259 4910 hominibus
3284 4854 3339 4908 in
3379 4869 3500 4909 ma-

1898 4947 1996 5014 lis;
2027 4965 2060 5001 a
2089 4947 2310 5014 lumine,
2338 4948 2393 5003 id
2423 4956 2509 5004 est
2545 4949 2614 5004 ab
2658 4949 2765 5005 illis
2794 4950 2885 5020 qui
2916 4949 3011 5004 ﬁlii
3039 4948 3176 5004 lucis
3199 4955 3349 5011 sunt,
3377 4961 3496 5000 ma-

1901 5037 2250 5109 nifestantnr,
2296 5053 2405 5096 non
2458 5054 2580 5096 esse
2634 5041 2796 5096 bona.
2852 5040 3103 5108 Quandiu
3150 5039 3297 5095 enim
3348 5037 3496 5094 mala

1900 5145 2066 5200 opera
2101 5145 2210 5186 non
2251 5132 2726 5202 reprehenduntur
2765 5149 2796 5188 ι
2840 5132 3018 5198 bonis,
3068 5131 3323 5187 videntur
3373 5145 3497 5187 esse

1895 5222 2036 5278 bona
2065 5221 2222 5278 malis
2254 5241 2267 5277 :
2301 5237 2425 5278 cum
2449 5238 2580 5280 vero
2621 5224 2751 5281 boni
2785 5225 3056 5297 eruperint
3100 5240 3166 5282 ea
3199 5224 3496 5294 reprehen-

1895 5315 2044 5381 dere,
2075 5317 2435 5373 ostenduntur
2473 5333 2580 5375 non
2605 5333 2728 5376 esse
2755 5320 2917 5376 bona.
2958 5319 3126 5376 Omne
3171 5320 3309 5375 enim
3351 5319 3493 5390 quod

1894 5406 2267 5477 manifestatur
2300 5408 2476 5466 lumen
2514 5421 2613 5478 est,
2662 5412 2718 5467 id
2773 5421 2860 5468 est
2905 5429 3070 5468 omne
3103 5411 3305 5468 malum
3351 5423 3494 5483 opul

1891 5501 2037 5570 quod
2077 5501 2456 5558 manifestatur
2482 5520 2578 5576 per
2613 5504 3008 5562 confessionem
3036 5507 3152 5562 sive
3179 5521 3278 5578 per
3317 5505 3497 5577 pinni-

1896 5595 2142 5660 tentiam,
2177 5593 2357 5652 lumen
2395 5605 2501 5652 est.
2535 5598 2740 5655 Lumen
2774 5598 2891 5669 jam
2940 5599 3129 5670 incipit
3171 5615 3312 5665 esse,
3361 5599 3492 5671 quia

1894 5683 2098 5741 bonum
2127 5697 2210 5744 est
2238 5698 2298 5744 ut
2325 5703 2550 5760 peccata
2589 5707 2689 5764 per
2710 5691 3110 5750 confessionem
3137 5702 3192 5750 et
3224 5694 3492 5766 paeniten-

1898 5779 2030 5835 tiam
2058 5781 2496 5839 manifestentur.

1885 5949 1892 5954 .
1978 5872 2207 5948 Ρνορων
2254 5877 2397 5950 quod
2442 5878 2571 5935 dicit
2609 5895 2632 5937 ε
2674 5881 2810 5951 Quis
2861 5891 2946 5941 est
2999 5884 3092 5956 qui
3134 5882 3306 5941 dicit?
3358 5883 3494 5940 dicit
