3996 6476
452 422 557 489 197

918 418 1272 481 HAYMONIS
1307 419 1790 478 HALBERSTAT.
1829 417 2042 474 EPlSC.
2086 414 2236 472 UPP.
2277 416 2457 474 PARS
2492 416 2533 473 1.
2576 447 2647 458 —-
2678 413 3038 474 COMMENT.
3081 414 3253 472 BlBL.

3662 414 3780 472 718

449 544 645 602 beatus
679 507 1070 610 Hieronymus,
1102 538 1229 608 quia
1282 551 1457 606 neque
1508 536 1564 591 in
1619 531 1801 591 Veteri
1856 528 2049 586 Testa-
2077 533 2128 592 Α
2154 540 2352 602 pterea,
2381 533 2651 603 inquiens,
2701 532 2830 602 quia
2884 530 3002 587 dies
3050 529 3178 585 mali
3232 535 3393 593 sunt,
3446 526 3509 583 in
3554 526 3770 598 quibus

448 643 668 701 mento,
698 646 875 702 neque
900 631 955 685 in
992 628 1283 699 Evangelio
1329 630 1433 684 iste
1476 626 1779 684 versiculus
1808 624 2041 680 inveniri

2147 623 2309 679 multa
2342 623 2483 679 mala
2530 624 2667 678 ﬁunt
2685 665 2699 690 ,
2734 622 2893 678 nolite
2916 622 3034 692 ﬁeri
3058 621 3417 692 imprudentes
3437 661 3455 689 ,
3479 619 3601 675 sive
3653 633 3769 673 non

446 737 648 803 potest,
670 727 776 783 nisi
802 723 1172 780 tantummodo
1202 724 1257 778 in
1290 724 1394 779 isto
1441 722 1583 787 loco,
1607 719 1712 775 nisi
1734 727 1789 775 et
1829 718 1897 773 ab
1941 718 2043 773 hoc
2143 714 2553 771 considerantes
2579 756 2594 782 ,
2621 722 2711 770 sed
2741 723 2914 770 estote
2941 712 3284 784 intelligentes
3313 728 3437 803 qua:
3453 713 3524 767 sit
3568 709 3766 767 volun.

448 823 566 878 loco
615 816 846 888 exempli
888 830 1053 871 causa
1103 815 1174 871 sit
1208 815 1336 870 alibi
1383 814 1593 886 positus
1636 828 1668 867 a
1706 809 2035 868 doctoribus.

448 912 554 969 Sed
585 928 708 970 cum
741 909 973 965 dictaret
1012 907 1305 978 Apostolus
1332 908 1474 962 hanc
1504 903 1832 976 Epistolam,
1862 900 2040 957 subito

445 1003 683 1076 Spiritus
735 1016 836 1073 per
895 1016 1021 1056 eum
1068 1000 1282 1055 locutus
1334 1007 1420 1054 est
1464 998 1586 1063 hoc,
1640 997 1782 1052 sicut
1831 1003 1886 1051 et
1934 995 2039 1049 alia

442 1095 614 1152 multa
636 1134 652 1162 ,
680 1093 912 1164 ideoque
939 1093 1017 1148 ait
1041 1110 1055 1146 :
1086 1088 1313 1162 Propter
1344 1089 1503 1161 quod,
1529 1089 1582 1143 id
1602 1097 1685 1144 est
1722 1087 1850 1157 quia
1877 1101 2038 1142 omne

442 1187 587 1258 quod
628 1184 1013 1243 manifestatur
1071 1198 1171 1253 per
1217 1180 1646 1246 confessionem,
1688 1176 1801 1247 jam
1848 1176 2038 1246 incipit

368 1333 376 1339 ,
442 1277 626 1333 lumen
647 1291 790 1342 esse,
817 1274 950 1331 dicit
971 1273 1206 1346 Spiritus
1245 1282 1464 1327 sanctus
1482 1312 1496 1336 ,
1517 1268 1777 1325 subaudis
1801 1283 1899 1338 per
1926 1280 2031 1320 me.

448 1368 643 1442 Surge,
669 1370 761 1441 qui
809 1369 1007 1423 dormis
1036 1376 1083 1424 et
1127 1384 1346 1437 exsurge
1374 1384 1405 1420 a
1430 1366 1672 1430 mortuis,
1700 1373 1748 1418 et
1768 1362 2035 1417 illumina-

440 1462 514 1518 bit
546 1473 595 1543 t‘e
632 1460 900 1518 Christus.
950 1460 1200 1515 Dormire
1247 1458 1446 1513 dicitur
1502 1464 1559 1511 et
1607 1463 1856 1510 mortuus
1913 1469 2035 1510 esse

438 1552 533 1622 qui
583 1552 640 1608 in
694 1560 916 1623 peccato
961 1551 1138 1622 jacet,
1168 1549 1297 1621 quia
1327 1548 1509 1603 anima
1561 1562 1682 1617 quae
1728 1546 2033 1617 peccaverit

438 1644 559 1716 ipsa
595 1645 879 1700 morietur.
906 1642 1079 1714 Surge
1116 1642 1184 1698 de
1218 1640 1368 1695 vitiis
1390 1640 1459 1695 ad
1498 1638 1743 1703 virtutes,
1775 1638 1867 1709 qui
1907 1638 2033 1693 dor-

436 1737 545 1792 mis
584 1735 745 1791 modo
779 1736 833 1789 in
868 1736 1137 1804 peccatis,
1166 1748 1399 1803 exsurge
1426 1748 1457 1785 a
1483 1731 1711 1786 mortuis
1736 1731 1804 1785 ad
1829 1731 2026 1796 vitam,

437 1826 507 1882 de
531 1835 753 1897 peccato
775 1826 841 1881 ad
867 1825 1008 1880 bona
1057 1840 1223 1897 opera
1241 1864 1256 1889 ,
1278 1832 1333 1879 et
1356 1822 1620 1894 praebebit
1641 1822 1737 1877 tibi
1780 1819 2029 1877 Christus

434 1917 618 1973 lumen
648 1916 772 1975 ﬁdei
803 1925 858 1973 et
884 1915 1209 1987 cognitionis
1237 1930 1366 1981 suae,
1396 1915 1682 1982 lumenque
1707 1913 1862 1968 bonae
1900 1928 2031 1982 opc—
2060 1898 2108 1957 Β

434 2010 685 2068 rationis.

505 2101 748 2169 Fratres,
771 2101 937 2158 videte
960 2101 1221 2173 quomodo
1251 2111 1401 2156 caute
1419 2101 1716 2168 aurbuletis,
1746 2116 1849 2155 non
1877 2097 2033 2169 quasi

434 2196 760 2268 insipientes,
818 2194 909 2250 sed
945 2203 1003 2249 ut
1053 2194 1334 2265 sapientes.
1385 2194 1695 2265 Alloquitur
1741 2191 2035 2263 Apostolus

434 2287 736 2359 Ephesios,
774 2294 828 2342 et
859 2286 912 2340 in
962 2284 1069 2341 illis
1104 2301 1295 2342 omnes
1343 2286 1591 2340 homines
1616 2325 1630 2351 ,
1677 2284 2033 2351 hortaturque

371 2379 374 2383 ’
434 2391 496 2434 ut
518 2389 674 2434 caute
696 2387 750 2434 et
772 2378 1113 2434 considerate
1138 2378 1324 2433 vivant
1351 2378 1489 2433 sicut
1517 2376 1808 2446 sapientes,
1838 2383 1895 2429 et
1924 2390 2033 2429 non

433 2469 575 2526 sicut
605 2469 940 2539 insipientes.
972 2468 1194 2526 Fratres
1231 2478 1414 2525 autem
1449 2469 1568 2524 illos
1609 2477 1771 2525 vocat
1821 2468 1878 2524 in
1928 2468 2033 2523 ﬁde

433 2572 489 2620 et
519 2565 572 2619 in
605 2564 867 2620 societate
891 2562 1221 2630 dilectionis,
1245 2562 1371 2634 quia
1402 2577 1568 2617 unum
1597 2560 1814 2616 Patrem
1855 2560 2032 2616 omni-

430 2665 708 2726 potentem
749 2658 918 2712 Deum
953 2670 1143 2711 omnes
1178 2656 1442 2714 habemus
1472 2673 1484 2708 :
1520 2669 1626 2709 non
1656 2667 1755 2724 per
1782 2663 2030 2708 naturam

434 2748 529 2803 sed
561 2764 659 2819 per
686 2748 1052 2819 ad0ptionem.
1091 2748 1302 2813 Videte,
1337 2747 1555 2812 fratres,
1581 2746 1634 2800 id
1657 2753 1742 2801 est
1776 2745 2028 2801 conside-

435 2848 553 2893 rate
582 2839 850 2909 quomodo
880 2847 1038 2893 caute
1084 2837 1370 2893 ambuletis
1394 2846 1450 2892 et
1472 2837 1720 2892 ordinate
1752 2837 1947 2892 vivatis
1976 2844 2032 2892 et

433 2933 829 2988 conversamini
850 2933 904 2987 in
938 2932 1117 2987 medio
1141 2931 1377 2986 nationis
1419 2945 1600 3000 pravae
1646 2937 1700 2982 et
1736 2944 2027 2999 perversae,

433 3043 538 3083 non
559 3028 714 3098 quasi
746 3028 1086 3097 insipientes,
1117 3025 1169 3080 id
1190 3032 1275 3081 est
1299 3023 1542 3079 inﬁdeles
1567 3022 1659 3092 qui
1690 3037 1798 3076 non
1827 3021 2031 3076 habent

434 3118 756 3189 sapientiam
802 3132 988 3173 veram
1042 3117 1097 3172 in
1131 3130 1192 3172 se
1229 3116 1504 3172 Christum
1539 3114 1904 3179 habitantem,
1935 3112 2029 3168 sed

431 3211 784 3280 utsapientes
828 3209 1012 3266 lideles
1038 3210 1131 3281 qui
1157 3209 1478 3280 sapientiam
1510 3206 1922 3263 substantialem
1970 3207 2025 3261 in

430 3304 586 3360 vobis
609 3303 839 3359 habetis.
880 3303 1092 3370 Quanta
1118 3302 1262 3359 enim
1287 3301 1543 3357 distantia
1572 3301 1820 3357 estinter
1846 3301 2027 3355 lumen

432 3402 487 3447 et
516 3393 784 3456 tenebras,
828 3393 971 3447 inter
998 3392 1210 3448 fidelem
1250 3401 1306 3447 et
1326 3390 1600 3449 inﬁdelem
1632 3432 1648 3457 ,
1689 3400 1840 3447 tanta
1871 3390 2025 3446 diﬁ‘e-

433 3484 610 3541 rentia
638 3493 721 3539 est
744 3484 884 3539 inter
905 3483 1201 3553 sapientem
1222 3491 1278 3536 et
1299 3482 1663 3553 insipientem,
1690 3483 1819 3553 quia
1846 3482 2029 3545 lumen

431 3583 488 3629 et
516 3575 782 3645 sapientia
818 3590 924 3630 non
965 3583 1143 3644 potest
1170 3588 1289 3629 csse
1310 3574 1364 3629 in
1393 3588 1478 3639 eo,
1507 3574 1609 3629 nisi
1645 3575 1808 3631 tidem
1852 3574 2030 3630 omni-
2064 3570 2071 3579 “

430 3666 674 3736 potentis
707 3666 805 3722 Dei
828 3667 1046 3723 habeat.

506 3758 835 3813 Redimentes
858 3759 1331 3829 tempus,quoniam
1352 3759 1462 3813 dies
1484 3756 1611 3813 mali
1625 3767 1770 3813 sunt.
1795 3757 2029 3826 Quomo-

431 3851 502 3911 do
519 3858 734 3922 tempus
757 3848 957 3904 malum
982 3867 996 3903 :
1020 3849 1165 3921 quod
1180 3850 1478 3905 secundum
1494 3849 1903 3919 dispositionem
1930 3850 2026 3906 Dei

427 3956 643 4011 semper
668 3940 902 3996 volvitur
929 3941 1229 4008 mensibus,
1252 3942 1444 3998 diebus
1470 3951 1526 3998 et
1553 3943 1822 4008 noctibus,
1850 3944 2022 4010 horis,

430 4034 826 4103 momentisque
865 4034 1249 4090 currentibus?
1288 4032 1443 4090 Sicut
1469 4034 1616 4090 enim
1658 4035 1855 4092 dicitur
1884 4036 2025 4091 mala

427 4136 549 4179 esse
579 4123 791 4190 domus,
820 4139 939 4194 quae
961 4124 1135 4181 malos
1164 4124 1504 4182 habitatores
1544 4126 1711 4182 habet
1753 4144 1768 4182 :
1825 4127 1901 4183 ita
1944 4128 2026 4184 di-

428 4232 626 4276 cuntur
667 4221 793 4275 mali
831 4221 979 4283 dies,
1011 4221 1066 4276 in
1095 4220 1291 4293 quibus
1339 4222 1481 4277 mala
1517 4222 1654 4278 ﬁunt
1676 4239 1706 4277 a
1731 4223 1889 4279 malis
1925 4225 2025 4280 ho-

428 4310 686 4365 minibus.
727 4308 867 4377 Quid
906 4321 992 4367 est
1039 4312 1183 4381 quod
1222 4312 1385 4379 dicit,
1428 4312 1737 4368 redimentes
1783 4316 2025 4385 tempus?

425 4398 487 4457 Id
508 4411 614 4469 est,
647 4412 888 4461 vestrum
925 4405 1060 4462 illud
1111 4404 1303 4474 facite;
1331 4407 1482 4463 verbi
1526 4409 1702 4479 gratia
1731 4427 1744 4463 :
1775 4408 1869 4464 alii
1894 4424 2019 4466 ven—

428 4493 566 4549 dunt
596 4493 747 4560 illud,
774 4496 917 4550 mala
944 4499 1221 4566 operando
1249 4499 1317 4553 ad
1344 4499 1547 4553 malum
1577 4514 1734 4554 suum
1753 4540 1769 4568 ,
1810 4515 1909 4557 vos
1936 4516 2025 4558 re-

426 4586 616 4641 dimite
645 4586 775 4642 illud
798 4603 828 4641 a
855 4589 1030 4655 vobis,
1054 4590 1181 4646 talia
1206 4605 1370 4661 opera
1395 4591 1672 4659 faciendo,
1709 4608 1809 4666 pro
1824 4595 2023 4664 quibus

424 4681 913 4737 remunerationem
943 4684 1194 4755 capiatis.
1224 4684 1543 4757 Quicunque
1573 4688 1721 4744 enim
1762 4690 1867 4745 hoc
1891 4690 2023 4747 facit

424 4774 570 4845 quod
599 4776 699 4831 sibi
728 4777 859 4849 utile
882 4787 994 4845 est,
1025 4789 1238 4852 tempus
1282 4781 1499 4837 redimit
1544 4782 1647 4838 sibi
1669 4791 1725 4839 et
1763 4785 2020 4855 acquirit,

422 4866 553 4937 quia
582 4882 739 4922 suum
763 4867 894 4925 illud
924 4868 1076 4937 facit,
1107 4877 1164 4927 et
1193 4870 1250 4926 in
1291 4885 1448 4928 suam
1482 4872 1713 4930 salutem
1750 4874 1884 4931 illud
1930 4891 2022 4933 oc.

421 4965 603 5027 cupat.

496 5047 813 5120 Propterea,
839 5053 1101 5109 subaudis
1145 5055 1277 5125 quia
1319 5045 1436 5113 dies
1482 5058 1613 5113 mali
1658 5062 1820 5125 sunt,“
1851 5059 2014 5115 nolite

418 5139 537 5209 fieri
568 5141 944 5211 imprudentes,
994 5143 1086 5199 sed
1127 5144 1472 5218 intelligentes
1511 5165 1632 5221 qua:
1671 5150 1738 5204 sit
1772 5149 2017 5207 voluntas

419 5231 537 5285 Dei.
568 5230 813 5289 Prudens
840 5235 1039 5290 dicitur
1060 5237 1214 5307 quasi
1234 5253 1398 5308 porro
1423 5239 1633 5306 videns,
1669 5242 1760 5312 qui
1792 5257 1823 5296 a
1858 5241 2017 5312 longe

420 5323 733 5381 considerat
765 5341 928 5397 quem
966 5326 1131 5383 ﬁnem
1158 5343 1257 5385 sua
1283 5345 1448 5400 opera
1478 5331 1729 5387 habitura
1771 5333 1882 5388 sint
1911 5349 1927 5388 :
1959 5342 2017 5389 et

418 5411 513 5483 qui
538 5415 788 5487 scitquid
816 5418 1012 5474 debeat
1036 5427 1325 5490 appetere,
1352 5430 1408 5476 et
1428 5422 1558 5492 quid
1583 5423 1787 5488 vitare;
1837 5432 1894 5478 et
1921 5424 2016 5493 qui

418 5504 725 5561 considerat
752 5524 875 5579 qua:
906 5509 1182 5581 placeant,
1214 5520 1310 5567 aut
1354 5528 1476 5584 qua:
1518 5514 1838 5585 displiceant
1878 5515 2011 5573 Deo.

419 5594 659 5651 Econtra
696 5598 784 5656 ille
836 5603 928 5671 qui
980 5603 1379 5661 inconsiderate
1405 5615 1461 5661 et
1487 5606 1786 5677 improvide
1828 5612 2013 5667 omnia

419 5686 533 5755 agit
576 5695 632 5743 et
677 5689 769 5758 qui
804 5707 910 5747 non
959 5695 1269 5750 considerat
1320 5698 1387 5761 ad
1434 5712 1596 5766 quem
1641 5699 1800 5755 ﬁnem
1847 5717 2012 5772 opera

418 5791 516 5832 sua
538 5778 788 5848 deducat,
816 5792 870 5838 et
909 5786 1040 5857 quid
1076 5786 1288 5856 placeat
1338 5788 1599 5845 voluntati
1626 5790 1743 5855 Dei,
1771 5795 2012 5865 appella-

421 5878 521 5965 tur,
534 5870 845 5946 imprudens
872 5887 929 5936 et
952 5878 1168 5967 stultus.
1196 5880 1349 5945 Unde
1370 5883 1504 5943 dicit
1525 5884 1815 5957 Apostolus
1837 5904 1851 5945 ς
1877 5884 2015 5947 Pro-

2144 816 2225 861 tas
2254 806 2370 872 Dei,
2396 808 2448 863 id
2478 816 2564 863 est
2587 808 2717 879 quid
2754 807 2965 878 placeat
2993 805 3137 873 Deo,
3163 814 3219 861 et
3241 806 3296 861 in
3332 802 3534 876 quibus
3565 803 3761 874 operi-

2140 895 2243 953 bus
2265 898 2514 955 voluntas
2542 899 2639 953 Dei
2664 897 2970 968 impleatur.

2212 987 2284 1044 Et
2328 991 2487 1045 nolite
2524 990 2778 1045 inebriari
2822 990 2973 1055 uino,
3005 989 3062 1043 in
3103 1004 3205 1059 quo
3241 995 3319 1043 est
3355 985 3611 1050 lmria,
3664 987 3764 1039 sed

2138 1085 2461 1157 impleamini
2515 1083 2720 1152 Spiritu
2774 1094 2975 1139 sancto.
3018 1082 3123 1139 Per
3160 1081 3430 1137 luxuriam
3480 1080 3765 1135 debemus

2139 1181 2439 1253 intelligere
2482 1180 2668 1236 omnia
2713 1180 2846 1236 vitia
2896 1192 3015 1248 quae
3060 1191 3157 1248 per
3196 1175 3520 1231 ebrietatem
3568 1171 3762 1228 solent

2139 1274 2376 1341 evenire,
2404 1274 2560 1345 quia,
2590 1282 2650 1328 ut
2678 1273 2896 1343 quidam
2937 1271 3128 1328 doctor
3151 1268 3315 1335 dicit,
3354 1268 3600 1323 ebrietas
3627 1264 3758 1322 nul-

2138 1363 2247 1422 lum
2276 1366 2473 1422 vitium
2517 1373 2759 1422 excusat.
2802 1363 2910 1421 Sed
2946 1362 3249 1420 notandum
3293 1360 3422 1432 quia
3471 1359 3625 1415 sicut
3670 1357 3753 1414 illi

2136 1461 2230 1531 qui
2270 1460 2545 1531 replentur
2581 1460 2739 1525 vino,
2773 1457 3050 1529 replentur
3087 1454 3477 1511 inverecundia
3498 1494 3514 1519 ,
3562 1454 3751 1524 impa-

2135 1550 2359 1617 tientia,
2402 1534 3046 1620 luxuria,impudicitia,
3091 1546 3381 1617 superbia,
3412 1544 3752 1616 exterisque

2135 1641 2321 1698 vitiis:
2356 1642 2431 1697 ita
2486 1641 2563 1696 illi
2610 1641 2704 1712 qui
2754 1639 3033 1711 replentur
3091 1637 3298 1709 Spiritu
3359 1646 3593 1703 sancto,
3652 1653 3745 1693 re-

2131 1733 2348 1804 plentur
2398 1733 2683 1799 castitate,
2711 1732 3050 1799 humilitate,
3092 1731 3555 1796 mansuetudine,
3582 1740 3747 1786 caete-

2133 1825 2317 1894 risque
2348 1825 2668 1899 virtutibus,
2708 1822 2974 1896 loquentes
3001 1822 3381 1891 nobismetipsis
3412 1822 3473 1876 in
3519 1821 3743 1892 psalmis

2134 1924 2182 1970 et
2226 1917 2433 1987 hymnis
2477 1926 2524 1971 et
2567 1917 2783 1972 canticis
2810 1914 3190 1987 spiritualibus.
3223 1913 3652 1984 Nobismetipsis
3686 1915 3740 1970 in

2133 2007 2357 2079 psalmis
2385 2008 2677 2080 loquimur,
2710 2008 2926 2080 quando
2948 2006 3263 2064 alternatim
3296 2007 3555 2065 canimus
3600 2006 3745 2079 psal.

2133 2115 2269 2156 mos.
2315 2098 2516 2156 Psalmi
2563 2100 2818 2155 dicuntur
2847 2115 2879 2154 a
2908 2096 3222 2170 psallendo,
3251 2099 3347 2171 qui
3391 2099 3451 2154 in
3488 2098 3738 2169 psalmis,

2134 2192 2188 2248 id
2227 2200 2312 2247 est
2336 2192 2390 2246 iu
2419 2192 2679 2263 psalterio
2701 2192 3071 2249 inveniuntur.
3100 2191 3349 2265 Hymnus
3376 2192 3599 2258 Graece,
3640 2191 3741 2246 La-

2133 2284 2245 2340 tine
2270 2284 2486 2354 eloquio
2512 2292 2667 2340 sonat
2693 2284 2810 2340 laus
2840 2283 2954 2340 Dei.
2993 2282 3239 2355 Hymnus
3276 2291 3463 2340 autem
3494 2285 3543 2339 si
3586 2300 3739 2339 eom-

2131 2376 2352 2448 ponitur
2372 2385 2427 2431 et
2448 2391 2555 2432 non
2583 2382 2855 2441 cantatur,
2881 2390 2989 2430 non
3013 2382 3098 2431 est
3121 2375 3358 2446 hymnus
3387 2389 3403 2429 :
3437 2374 3487 2429 si
3513 2390 3736 2444 compo-

2130 2470 2281 2525 nitur
2307 2480 2362 2526 et
2389 2477 2675 2536 cantatur,
2711 2468 2807 2524 sed
2855 2484 2961 2524 non
2997 2469 3054 2524 in
3084 2466 3300 2524 laudem
3342 2468 3478 2535 Dei,
3510 2485 3613 2524 non
3645 2477 3733 2523 est

2131 2562 2385 2632 hymnus.
2427 2560 2668 2632 Hymnos
2708 2570 2886 2617 autem
2929 2561 3179 2627 Latinos,
3203 2562 3536 2617 Ambrosius
3560 2571 3617 2618 et
3644 2561 3739 2617 Ili-

2130 2652 2320 2723 larius,
2347 2653 2634 2709 clarissimi
2662 2654 2788 2720 viri,
2824 2663 3245 2725 composuerunt
3269 2655 3571 2725 praecipue.
3594 2655 3738 2711 Bene

2132 2755 2347 2813 autem,
2376 2762 2500 2802 cum
2548 2747 2684 2801 dixit
2724 2747 2977 2813 canticis,
3024 2746 3305 2817 subjunxit
3336 2747 3736 2817 spiritualibus,

2131 2840 2258 2911 quia
2288 2848 2414 2895 sunt
2438 2840 2646 2895 cantica
2675 2854 2795 2909 qum
2826 2853 2933 2894 non
2981 2847 3109 2895 sunt
3144 2839 3412 2909 spiritalia
3464 2854 3649 2909 neque
3684 2841 3737 2894 in

2131 2929 2344 2985 laudem
2373 2929 2469 2985 Dei
2490 2938 2800 2996 cantantur,
2823 2930 2964 2985 sicut
2992 2937 3122 2985 sunt
3146 2930 3361 2986 cantica
3388 2930 3739 2986 saecularium

2131 3020 2431 3076 hominum.
2460 3020 2683 3077 Cantica
2710 3030 2893 3078 autem
2915 3022 3181 3091 spiritalia
3205 3031 3333 3079 sunt
3361 3038 3489 3094 quae
3519 3040 3741 3094 compo-

2130 3122 2357 3169 suerunt
2385 3113 2663 3184 prophetae
2689 3112 2856 3169 aﬁlati
2887 3112 3093 3185 Spiritu
3120 3124 3310 3170 sancto
3334 3123 3392 3169 et
3424 3116 3652 3186 repleti,
3680 3125 3739 3171 ut

2131 3213 2257 3259 sunt
2284 3205 2497 3260 cantica
2524 3203 2692 3276 Moysi
2720 3212 2776 3261 et
2800 3203 2971 3260 Anna:
2995 3213 3053 3260 et
3078 3205 3362 3272 Debborae,
3391 3214 3449 3262 et
3479 3205 3657 3272 Isaia,
3684 3217 3738 3262 et

2130 3294 2376 3352 Ezechiae
2400 3337 2415 3361 ,
2464 3305 2895 3366 creterorumque
2955 3297 3366 3367 prophetarum.
3438 3297 3561 3355 Hoc
3609 3315 3734 3356 vero

2131 3388 2294 3445 distat
2321 3389 2464 3444 inter
2485 3389 2759 3445 canticum
2781 3397 2836 3444 et
2862 3387 3150 3460 psalmum,
3181 3390 3307 3461 quia
3330 3391 3617 3447 canticum
3640 3408 3731 3449 ore

2129 3481 2467 3538 solummodo
2500 3481 2775 3552 profertur
2794 3489 2849 3537 et
2873 3482 3225 3549 decantatur;
3252 3483 3502 3554 psalmus
3529 3492 3724 3549 autem,

2130 3581 2314 3637 addito
2341 3580 2578 3650 quodam
2604 3581 2970 3637 instrumento
2994 3582 3215 3638 musicae
3229 3582 3383 3647 artis,
3404 3583 3460 3638 id
3480 3593 3570 3640 est
3586 3584 3728 3655 psal-

2129 3670 2287 3727 terio.
2329 3667 2612 3725 Cantantes
2654 3682 2711 3726 et
2746 3670 3025 3743 psallentes
3053 3673 3383 3729 inocordibus
3412 3675 3599 3730 vestris
3628 3675 3726 3729 Do-

2126 3766 2290 3820 mino.
2320 3763 2447 3820 Ideo
2485 3764 2625 3820 dixit
2652 3768 2710 3820 in
2743 3766 2988 3821 cordibus
3013 3766 3224 3834 uestris,
3250 3768 3381 3838 quia
3412 3769 3573 3825 multi
3603 3777 3726 3824 sunt

2127 3857 2218 3927 qui
2247 3864 2473 3913 cantant
2499 3873 2616 3924 ore,
2654 3873 2883 3929 quorum
2910 3876 3066 3916 mens
3094 3876 3205 3917 non
3245 3862 3549 3917 concordat
3584 3864 3727 3927 voci,

2125 3957 2182 4005 et
2205 3950 2297 4020 qui
2326 3952 2499 4019 magis
2527 3953 2811 4008 attendunt
2844 3954 2915 4009 ad
2939 3954 3291 4010 sonoritatem
3308 3955 3477 4021 vocis,
3504 3956 3726 4011 utaudi-

2129 4040 2337 4096 toribus
2369 4041 2652 4112 placeant,
2688 4059 2849 4114 quam
2879 4045 3226 4101 considerent
3258 4055 3447 4101 mente
3471 4047 3606 4117 quid
3646 4048 3725 4102 di-

2126 4141 2274 4188 cunt.
2299 4132 2379 4187 Illi
2406 4149 2537 4189 vero
2579 4144 2803 4191 cantant
2844 4136 2899 4192 in
2932 4137 3115 4204 corde,
3146 4153 3376 4209 quorum
3410 4154 3567 4196 mens
3592 4155 3724 4196 eon-

2125 4225 2314 4279 cordat
2336 4225 2483 4291 voci,
2503 4226 2659 4296 juxta
2698 4227 2828 4284 illud
2864 4229 3011 4285 beati
3046 4228 3325 4286 Benedicti
3357 4249 3369 4286 :
3402 4230 3495 4288 Sic
3519 4241 3725 4289 stemus

2124 4316 2194 4371 ad
2235 4315 2594 4386 psallendum,
2626 4325 2688 4372 ut
2718 4331 2872 4373 mens
2908 4328 3092 4375 nostra
3122 4323 3417 4378 concordet
3458 4324 3580 4380 voci
3620 4340 3723 4379 no-

2110 4416 2272 4479 strae,
2295 4410 2495 4481 gratias
2507 4418 2716 4481 agentes
2741 4425 2944 4480 semper
2960 4426 3057 4482 pro
3070 4400 3310 4467 omnibus
3329 4413 3386 4467 in
3399 4415 3610 4469 nouiine
3617 4414 3722 4469 Do-

2124 4501 2255 4555 mini
2284 4502 2448 4556 nostri
2469 4500 2597 4555 Jesu
2619 4499 2823 4556 Christo
2845 4500 2957 4558 Deo
2978 4513 3027 4559 et
3042 4499 3214 4559 Patri.
3228 4504 3335 4560 Pro
3359 4505 3725 4563 omnibusbe-

2128 4592 2339 4650 neliciis
2385 4593 2538 4650 nobis
2589 4610 2620 4650 a
2660 4595 2773 4651 Deo
2809 4596 2986 4663 datis,
3038 4597 3125 4653 vel
3166 4613 3267 4668 pro
3311 4599 3569 4656 omnibus
3598 4615 3761 4671 pro--

2126 4684 2303 4755 speris
2330 4692 2388 4739 et
2413 4685 2655 4741 adversis
2682 4687 2942 4743 debemus
2969 4690 3176 4760 gratias
3210 4705 3374 4762 agere
3410 4691 3526 4747 Deo
3548 4692 3715 4755 Patri,

2124 4775 2220 4846 qui
2248 4775 2497 4832 omnibus
2521 4778 2788 4834 creaturis
2818 4786 2903 4834 est
2927 4779 3071 4836 Deus
3096 4780 3281 4849 Pater,
3314 4783 3369 4837 id
3391 4792 3481 4839 est
3501 4793 3718 4840 creator

2123 4876 2181 4924 et
2222 4867 2416 4924 factor.
2464 4869 2534 4924 Et
2570 4871 2875 4940 quomodo?
2919 4872 2978 4928 In
3022 4875 3241 4930 nomine
3289 4874 3505 4932 Domini
3548 4879 3716 4934 nostri

2120 4957 2246 5015 Jesu
2290 4958 2530 5028 Christi,
2577 4961 2819 5019 dicentes
2857 4964 2955 5019 ei:
2994 4963 3213 5021 Gratias
3261 4966 3357 5023 tibi
3407 4968 3712 5029 reierimus.

2120 5052 2370 5120 Domine,
2386 5061 2574 5109 sancte
2594 5053 2777 5120 Pater,
2793 5056 2887 5126 qui
2908 5070 3007 5112 nos
3026 5072 3126 5128 per
3145 5052 3340 5113 Filium
3360 5068 3517 5115 tuum
3541 5060 3715 5117 feciSti

2118 5152 2174 5200 et
2202 5144 2514 5212 redemisti,
2541 5156 2598 5201 et
2633 5144 2777 5201 viam
2822 5148 3012 5217 patria:
3039 5149 3280 5205 ecelestis
3324 5152 3611 5221 aperuisti.
3650 5152 3715 5207 Et

2117 5238 2242 5295 ideo
2268 5239 2324 5294 in
2352 5240 2826 5298 nomineDomini
2875 5243 3048 5299 nostri
3084 5242 3213 5300 Jesu
3257 5244 3462 5301 Christi
3511 5247 3716 5315 gratias

2117 5332 2323 5389 referre
2365 5334 2625 5391 debemus
2656 5334 2765 5392 Deo
2798 5345 2854 5392 et
2897 5336 3083 5404 Patri,
3115 5339 3245 5408 quia
3292 5355 3393 5410 per
3432 5340 3586 5397 illum
3618 5342 3713 5412 qui

2116 5427 2385 5482 mediator
2412 5436 2498 5483 est
2539 5438 2743 5495 noster,
2791 5444 2981 5500 preces
3025 5440 3079 5487 et
3121 5432 3388 5490 sacriﬁcia
3433 5434 3713 5491 oﬂ‘erimas

2120 5530 2329 5586 nostra,
2350 5527 2407 5576 et
2428 5522 2846 5579 transmittimus
2869 5523 2939 5579 ad
2965 5523 3136 5579 Deum
3160 5523 3405 5593 Patrem,
3429 5528 3705 5584 dicatas:

2121 5609 2366 5682 Suscipe,
2412 5613 2669 5679 Domine,
2715 5629 2904 5684 preces
2948 5615 3133 5688 populi
3172 5617 3396 5691 tuiper
3422 5619 3710 5681 Dominu-

2119 5713 2365 5759 nostrum
2393 5703 2575 5762 Jesum
2603 5706 2899 5764 Christum.

2191 5794 2425 5866 Subjecti
2454 5800 2672 5855 invicem
2698 5800 2751 5855 in
2780 5801 2967 5856 timore
2992 5800 3206 5857 Christi.
3251 5804 3408 5861 Sicut
3434 5801 3709 5864 auditores

2118 5898 2175 5953 et
2200 5891 2429 5967 subjecti
2463 5898 2575 5955 suis
2600 5897 2840 5967 praelatis
2875 5897 3077 5956 subditi
3096 5906 3425 5959 sunl‘causa
3449 5904 3705 5960 abalien-
