3996 6446
196 427 302 485 729

865 422 1231 483 EXPOSITIO
1268 422 1335 481 IN
1374 422 1526 480 EPP.
1571 422 1629 478 S.
1672 417 1902 475 PAULI.
1946 447 2017 458 --
2050 416 2117 472 1N
2153 416 2370 473 EPIST.
2413 418 2506 473 AD
2546 413 2789 472 EPHES.

3364 416 3470 476 750

199 547 286 605 tia:
305 550 360 601 et
387 542 727 608 reverentiae,
754 544 833 599 sic
856 543 1055 599 debent
1078 543 1240 598 etiam
1266 540 1475 613 praelati
1501 536 1780 607 humiliare

1888 538 1941 585 et
1969 530 2106 586 solet
2140 544 2262 586 esse
2290 538 2562 602 rugatum,
2596 530 2650 586 id
2675 538 2759 585 est
2787 528 3041 613 plicatam
3063 538 3123 587 et
3139 529 3472 601 duplicatum

198 652 425 709 se'erga
472 635 745 707 subjectos
766 677 782 702 ,
821 636 1138 706 inquantum
1170 635 1352 690 vident
1394 634 1511 689 illos
1545 632 1780 701 aequales
1879 636 1977 692 per
2001 621 2140 677 1003-
2180 621 2276 676 Εδι
2302 630 2357 677 ει
2382 622 2528 678 αΙίυά
2553 622 2957 690 νθεῑὶηιθηιυω,
2980 624 3121 693 ειυοά
3151 640 3333 695 neque
3352 641 3471 681 ma-

197 729 299 787 sibi
335 728 390 783 in
420 727 711 782 virtutibus
735 734 791 782 et
821 727 946 782 vita:
972 727 1179 783 meritis
1207 744 1221 781 :
1255 727 1572 796 inquantum
1600 731 1783 778 autem

196 820 378 878 vident
422 820 544 876 illos
588 820 724 892 erigi
764 820 819 875 in
862 820 1167 892 superbiam
1209 828 1396 876 contra
1440 835 1531 885 se,
1570 826 1626 874 et
1650 817 1783 872 vitia

197 913 410 975 sectari,
445 912 644 968 debent
674 909 910 967 ofﬁcium
945 927 1056 967 sua:
1083 910 1449 982 praepositum
1472 909 1778 975 ostendere,

196 1013 253 1060 et
285 1003 498 1059 fortiter
542 1004 866 1073 redarguere
913 1012 970 1059 et
1012 1004 1324 1074 increpare,
1376 1003 1519 1074 quod
1563 998 1782 1072 probari

193 1104 372 1169 potest
397 1112 466 1152 ex
492 1097 651 1154 factis
674 1099 901 1168 apostoli
924 1098 1091 1153 Petri.
1119 1098 1220 1166 Qui
1250 1113 1374 1158 cum
1398 1097 1621 1152 vidisset
1650 1095 1784 1151 Cor-

194 1190 398 1246 nelium
436 1191 808 1247 centurionem
838 1206 960 1247 cum
1005 1191 1154 1247 omni
1195 1191 1355 1247 domo
1380 1206 1478 1245 sua
1507 1189 1783 1245 humiliter

193 1297 252 1339 se
280 1282 709 1347 velle-adorare,
752 1293 975 1338 econtra
1010 1282 1100 1337 ille
1134 1280 1439 1336 bumiliavit
1481 1296 1538 1335 se
1572 1279 1669 1345 illi,
1697 1280 1779 1335 di-

193 1390 324 1432 cens
351 1394 364 1430 :
400 1374 589 1447 Surge,
618 1392 740 1430 nam
767 1385 815 1430 et
841 1392 935 1447 ego
961 1376 1116 1430 homo
1136 1391 1253 1429 sum
1280 1374 1419 1446 (Act.
1444 1374 1520 1444 χ).
1552 1373 1654 1441 Ubi
1683 1390 1782 1429 au-

193 1477 300 1524 tem
328 1468 463 1523 vidit
488 1468 753 1522 Ananiam
778 1476 834 1523 et
870 1467 1159 1538 Saphiram
1189 1484 1220 1521 a
1245 1467 1332 1522 via
1363 1467 1607 1522 veritatis
1632 1480 1787 1521 rece-

190 1560 341 1626 dere,
385 1569 443 1615 et
478 1560 624 1615 vitiis
683 1557 961 1628 subjacere
987 1601 1001 1626 ,
1047 1560 1343 1631 potentiam
1397 1560 1480 1615 sui
1527 1557 1687 1614 oilicii
1727 1566 1783 1615 et

189 1654 560 1723 praepositum:
604 1655 878 1721 ostendit,
923 1654 1040 1710 solo
1076 1655 1245 1710 verbo
1282 1654 1402 1710 illos
1448 1653 1781 1710 interficiens

191 1741 329 1813 (Act.
352 1742 430 1814 v).
466 1741 571 1798 Sed
598 1744 700 1799 ista
724 1745 906 1801 omnia
936 1744 990 1799 in
1019 1744 1212 1800 timore
1239 1744 1441 1800 Christi
1467 1753 1593 1800 sunt
1617 1760 1781 1817 agen-

189 1835 276 1899 da,
306 1835 361 1889 id
390 1845 473 1890 est
500 1850 596 1905 pro
621 1851 807 1892 amore
834 1836 948 1900 Dei,
978 1852 1086 1892 non
1116 1851 1279 1892 causa
1303 1836 1647 1903 adulationis,
1680 1853 1780 1893 nec

1882 712 2054 770 cuiam
2073 728 2250 783 neque
2274 728 2464 784 rugam
2484 714 2664 782 habet,
2686 724 2746 770 ut
2767 725 2853 777 est
2872 715 3101 773 linteum
3124 717 3263 774 bene
3282 729 3472 776 exten-

1882 821 2025 863 sum.
2040 805 2171 862 Post
2194 806 2651 861 resurrectionem
2664 807 2932 877 siquidem
2954 808 3195 865 Ecelesia
3217 811 3333 866 sine
3356 826 3475 867 ma-

1881 897 2002 955 cula
2049 906 2134 954 est
2179 905 2236 953 et
2267 912 2417 970 ruga,
2448 897 2575 967 quia
2597 899 2703 952 erit
2737 899 2857 955 sine
2881 909 3127 969 peccato,
3155 911 3210 956 et
3248 912 3474 959 extensa

1881 991 1939 1047 in
1985 990 2441 1060 contemplatione
2490 991 2873 1062 omnipotentis
2920 993 3015 1048 Dei
3062 994 3203 1050 sicut
3223 994 3470 1052 linteum.

1958 1085 2129 1141 Nemo
2158 1102 2370 1142 carnem
2398 1101 2549 1140 suam
2580 1086 2700 1140 odio
2727 1086 2929 1152 habuit,
2953 1088 3045 1142 sed
3066 1091 3230 1143 nutrit
3261 1100 3310 1145 et
3337 1090 3475 1160 fovet

1882 1194 2021 1243 eam,
2052 1178 2188 1232 sicut
2214 1188 2264 1231 et
2290 1175 2529 1232 Christus
2559 1175 2872 1233 Ecclesium.
2901 1177 3016 1234 Hoc
3048 1180 3336 1251 dupliciter
3374 1196 3474 1252 po-

1884 1277 1991 1325 test
2021 1269 2271 1341 intelligi,
2293 1279 2353 1323 ut
2380 1269 2451 1323 sit
2476 1284 2709 1326 sensus:
2741 1268 2896 1325 Sicut
2915 1284 3137 1326 carnem
3168 1287 3322 1326 suam
3348 1273 3476 1328 odio
3517 1328 3530 1336 ,

1882 1375 2042 1416 nemo
2091 1349 2274 1427 habet,
2302 1361 2383 1416 sic
2429 1361 2593 1416 etiam
2644 1377 2798 1417 suam
2841 1377 3070 1418 uxorem
3112 1378 3273 1419 nemo
3316 1365 3477 1420 debet

1883 1450 2009 1507 odio
2033 1451 2257 1518 habere,
2287 1453 2411 1521 quia
2449 1454 2515 1508 de
2543 1468 2770 1523 corpore
2792 1453 2909 1524 ejus
2939 1453 3083 1509 facta
3113 1464 3213 1510 est.
3252 1454 3426 1512 Aliter
3456 1472 3471 1510 :

1884 1558 2107 1599 carnem
2133 1544 2319 1612 posuit
2339 1544 2427 1599 hic
2450 1560 2548 1614 pro
2569 1559 2758 1610 uxore,
2785 1560 2904 1614 quae
2926 1553 3098 1601 estex
3121 1546 3223 1601 viri
3249 1559 3479 1617 corpore

1883 1645 2117 1706 sumpta.
2159 1635 2329 1692 Nemo
2354 1637 2499 1691 enim
2526 1650 2747 1691 carnem
2788 1652 2944 1691 suam
2985 1637 3111 1693 odio
3160 1638 3369 1705 habuit,
3420 1638 3478 1696 id

1883 1736 1965 1782 est
1996 1742 2157 1782 nemo
2180 1742 2405 1781 uxorem
2425 1742 2581 1782 suam
2602 1728 2729 1782 odio
2752 1728 2911 1783 debet
2933 1728 3138 1784 habere
3163 1744 3178 1783 :
3204 1730 3297 1783 sed
3318 1730 3479 1785 debet

1884 1818 2029 1873 illam
2062 1819 2263 1873 nutrire
2297 1829 2344 1872 et
2369 1818 2559 1888 fovere,
2605 1820 2739 1873 sicut
2762 1818 3003 1874 Christus
3042 1828 3152 1874 tam
3178 1820 3477 1890 corporali.

187 1897 655 1995 patrocinationis,
678 1925 821 1995 quod
841 1926 1061 1997 quidam
1085 1925 1288 1982 faciunt
1314 1937 1374 1983 ut
1397 1929 1606 1998 possint
1631 1930 1780 1985 inve-

1890 1923 1972 1970 ter
2013 1928 2179 1985 quam
2225 1914 2584 1984 spiritualiter
2632 1914 2780 1969 fovet
2825 1923 2880 1970 et
2932 1915 3105 1970 nutrit
3159 1914 3473 1971 Ecclesium.

186 2015 306 2071 nire
335 2016 564 2089 gratiam
584 2016 811 2088 praelati,
837 2026 893 2074 et
914 2025 978 2074 ut
1006 2017 1229 2074 liberius
1253 2036 1373 2091 quae
1391 2036 1484 2078 eos
1510 2021 1779 2080 delectant

186 2119 501 2180 cperentur.

263 2200 401 2268 Viri,
424 2202 624 2274 diligite
649 2220 838 2259 uxores
860 2214 1075 2271 uestras,
1099 2206 1233 2261 sicut
1257 2215 1305 2261 et
1333 2207 1572 2264 Christus
1597 2209 1781 2265 dilexit

188 2292 479 2349 Ecclesium
506 2304 556 2349 et
580 2297 809 2375 seipsum
838 2297 1058 2351 tradidit
1081 2315 1177 2369 pro
1206 2315 1289 2364 ea,
1322 2308 1379 2354 ut
1412 2300 1560 2355 illam
1585 2302 1780 2357 sancti-

185 2387 389 2457 βεστ-ει.
434 2387 591 2442 Sicut
613 2386 863 2445 Christus
891 2389 1083 2445 dilexit
1117 2407 1370 2463 sponsam
1401 2410 1553 2450 suam
1590 2396 1780 2452 Eccle-

186 2478 348 2543 siam,
387 2478 656 2533 intantum
692 2488 753 2534 ut
790 2466 1025 2550 seipsum
1069 2484 1307 2539 traderet
1350 2484 1550 2543 Judaeis
1579 2503 1678 2558 pro
1714 2504 1778 2543 ea

186 2582 242 2628 ut
270 2588 395 2629 eam
427 2573 823 2639 sanctificaret,
853 2574 906 2630 id
947 2583 1048 2638 est.
1070 2585 1130 2631 ut
1171 2586 1413 2635 sanctam
1445 2578 1648 2636 faceret
1682 2597 1782 2651 per

186 2666 353 2722 fidem
389 2681 565 2733 suam,
597 2682 696 2738 per
721 2668 973 2739 baptismi
999 2680 1421 2737 sacramentum,
1448 2688 1544 2742 per
1588 2674 1783 2730 remis-

185 2759 398 2814 sionem
436 2767 784 2830 peccatorum
806 2801 822 2825 ,
860 2761 933 2816 ita
977 2771 1029 2817 et
1054 2762 1140 2817 vir
1175 2763 1333 2819 debet
1366 2779 1589 2820 uxorem
1626 2782 1778 2821 suam

185 2851 436 2924 diligere,
467 2862 523 2909 et
566 2864 773 2909 castam
819 2856 1123 2921 custodire,
1164 2865 1227 2912 ut
1264 2858 1335 2913 sit
1378 2868 1563 2914 sancta
1592 2874 1607 2914 :
1639 2870 1692 2917 et
1734 2862 1781 2916 si

186 2943 493 3000 necessitas
519 2946 780 3011 evenerit,
813 2946 966 3001 debet
1000 2961 1099 3018 pro
1124 2946 1213 3002 illa
1244 2949 1477 3003 animam
1510 2965 1661 3004 suam
1687 2967 1783 3020 po-

184 3051 339 3090 nere.
371 3029 631 3105 Sequitur
656 3051 786 3107 ergo
812 3037 880 3093 de
904 3037 1166 3103 Ecclesia,
1194 3040 1458 3094 mundana
1484 3056 1601 3095 eam
1631 3041 1781 3097 lava-

183 3142 271 3181 cro
305 3143 480 3197 aqute,
533 3126 587 3181 id
615 3136 700 3183 est
736 3128 956 3185 lavacro
982 3130 1345 3199 baptismatis,
1374 3132 1428 3186 in
1462 3133 1611 3187 verba
1640 3134 1779 3200 vitm,

183 3217 233 3272 id
248 3226 339 3274 est
362 3218 414 3272 in
436 3218 870 3275 sanctificatione
891 3220 971 3275 sui
1001 3220 1259 3287 nominis,
1279 3237 1375 3292 per
1394 3238 1555 3292 quam
1584 3224 1784 3279 sancti-

183 3310 493 3366 ﬁcationem
520 3312 730 3381 accepit
763 3312 927 3368 homo
954 3313 1121 3368 vitam
1146 3323 1428 3369 aeternam.
1459 3314 1588 3371 Post
1619 3318 1778 3372 abre-

182 3403 583 3459 nuntiationem
619 3406 763 3461 enim
794 3406 1027 3471 diaboli,
1059 3408 1363 3463 sanetiiicat
1411 3408 1561 3463 illum
1600 3425 1781 3465 sacer-

182 3495 302 3562 (los,
332 3494 521 3552 dicens
550 3515 563 3551 :
592 3496 812 3567 Baptizo
835 3508 884 3553 te
908 3499 964 3552 in
996 3501 1203 3554 nomine
1234 3498 1432 3565 Patris,
1466 3510 1514 3555 et
1546 3499 1700 3567 Filii,
1730 3510 1779 3555 et

183 3587 398 3659 Spritus
426 3589 617 3643 sancti.
666 3589 732 3643 Et
769 3605 939 3661 quare
969 3591 1073 3646 hoc
1112 3591 1241 3647 fecit
1281 3592 1567 3649 Christus?
1601 3592 1781 3660 Quare

182 3682 485 3748 mundavit,
506 3693 561 3738 et
584 3698 752 3753 quare
775 3685 1016 3754 quotidie
1042 3686 1268 3740 mundat
1293 3687 1349 3741 in
1371 3686 1591 3742 lavacro
1609 3688 1782 3758 bapti-

1879 2004 2117 2060 Membra
2148 2004 2293 2061 enim
2321 2020 2504 2059 sumus
2525 2006 2761 2075 corporis
2795 2005 2931 2075 ejus.
2964 2004 3118 2083 Sicut
3151 2006 3479 2077 generaliter

1878 2096 2056 2153 omnis
2083 2095 2326 2179 Ecclesia
2353 2111 2553 2166 corpus
2576 2106 2660 2152 est
2688 2096 2917 2164 Christi,
2942 2098 3017 2153 ita
3049 2099 3244 2170 singuli
3280 2099 3478 2156 electo-

1878 2202 1999 2241 rum
2028 2188 2274 2244 membra
2305 2197 2434 2242 sunt
2458 2189 2704 2259 corporis
2744 2188 2882 2258 ejus,
2912 2189 2966 2245 id
2995 2199 3081 2246 est
3104 2192 3347 2246 membra
3373 2190 3477 2247 Ec-

1878 2278 2077 2335 clesiae.
2109 2278 2230 2335 Non
2260 2279 2403 2335 illius
2428 2281 2673 2350 corporis
2695 2281 2939 2337 membra
2969 2297 3157 2337 sumus
3192 2284 3335 2353 quod
3362 2283 3478 2354 ipse

1879 2372 2175 2441 assumpsit
2205 2373 2261 2426 in
2290 2383 2444 2429 utero
2475 2372 2745 2442 virginali,
2788 2373 2883 2428 sed
2926 2375 3173 2430 membra
3221 2375 3481 2431 Ecclesia

1878 2478 2000 2533 quae
2024 2472 2107 2518 est
2129 2479 2328 2535 corpus
2362 2464 2498 2535 ejus.
2527 2464 2681 2520 Alius
2705 2472 2788 2520 est
2816 2465 2961 2520 enim
2988 2466 3043 2521 in
3074 2465 3316 2522 Ecclesia
3342 2483 3476 2524 ocu-

1878 2552 1984 2619 lus,
2012 2553 2153 2609 sicut
2182 2553 2408 2624 quilibet
2431 2555 2757 2624 praedicator
2788 2574 2800 2609 :
2844 2555 2982 2612 alius
3018 2557 3188 2624 auris,
3214 2565 3274 2612 ut
3302 2559 3479 2616 bonus

1880 2645 2133 2703 auditor:
2165 2646 2301 2702 alius
2331 2663 2527 2703 manus
2547 2689 2562 2712 ,
2591 2649 2683 2717 qui
2714 2655 2801 2704 est
2828 2648 3266 2720 eleemosynator
3294 2670 3307 2706 :
3339 2651 3479 2707 alius

1878 2756 1996 2812 pes,
2026 2741 2118 2811 qui
2145 2756 2335 2795 curam
2361 2739 2706 2796 inﬁrmorum
2741 2749 2797 2796 et
2825 2750 3161 2798 martuorum
3189 2744 3329 2814 gerit
3362 2762 3374 2797 :
3401 2744 3480 2798 De

1881 2850 2037 2888 carne
2060 2834 2175 2904 ejus
2200 2842 2247 2888 et
2274 2833 2339 2887 de
2373 2834 2575 2888 ossibus
2616 2833 2730 2904 ejus
2761 2849 2948 2890 sumus
2998 2849 3119 2890 nos.
3152 2834 3363 2905 Duplici
3399 2836 3481 2891 in-
3544 2908 3555 2914 υ

1885 2928 2183 2999 telligentia
2214 2928 2387 2997 accipi
2414 2937 2610 2999 potest.
2639 2929 2717 2985 De
2738 2945 2904 2987 carne
2925 2939 2980 2986 et
3003 2932 3220 2988 ossibus
3240 2932 3360 3003 ejus
3388 2950 3481 2989 su-

1884 3033 2026 3083 mus,
2051 3018 2181 3088 quia
2206 3018 2464 3074 sicutnos
2494 3028 2809 3075 constamus
2837 3037 2905 3078 ex
2930 3037 3096 3078 carne
3143 3034 3199 3080 et
3242 3026 3478 3093 ossibus,

1887 3109 1964 3164 ita
1986 3118 2041 3165 et
2071 3109 2160 3166 ille
2182 3125 2370 3165 verum
2398 3125 2597 3181 corpus
2626 3111 2791 3167 habet
2815 3128 2883 3168 ex
2927 3128 3095 3169 carne
3137 3124 3193 3170 et
3239 3116 3478 3173 ossibus.

1886 3202 2060 3259 Aliter
2092 3221 2105 3258 :
2139 3204 2194 3258 in
2224 3203 2467 3260 Ecclesia
2493 3213 2621 3260 sunt
2646 3204 2818 3261 fortes
2846 3206 2902 3262 iu
2928 3206 3055 3273 fide,
3100 3209 3156 3263 in
3201 3218 3384 3281 opere,
3421 3211 3481 3267 in

1886 3295 2295 3368 praedicatione,
2320 3296 2414 3366 qui
2446 3295 2800 3369 designantur
2826 3313 2924 3368 per
2950 3313 3101 3365 ossa,
3145 3308 3204 3355 ut
3261 3300 3481 3359 fuerunt

1883 3389 2131 3461 apostoli,
2166 3399 2456 3461 martyres,
2479 3399 2534 3445 et
2568 3391 2729 3445 modo
2755 3391 2999 3462 episcopi
3036 3400 3091 3447 et
3126 3392 3372 3463 praelati;
3424 3401 3482 3451 et

1886 3490 2016 3537 sunt
2044 3478 2267 3546 infirmi,
2294 3481 2387 3552 qui
2413 3482 2768 3551 designantur
2812 3496 2913 3552 per
2946 3492 3198 3551 carnem,
3244 3485 3336 3555 qui
3391 3485 3480 3541 in-

1881 3571 2068 3644 digent
2097 3573 2394 3629 sustentari
2422 3589 2453 3628 a
2480 3571 2732 3640 fortibus,
2757 3574 2900 3630 sicut
2942 3589 3073 3630 caro
3125 3576 3196 3631 ab
3238 3577 3479 3634 ossibus.

1883 3663 1988 3732 Qui
2017 3663 2186 3722 fortes
2214 3674 2269 3721 et
2295 3665 2498 3721 inﬁrmi
2533 3666 2693 3722 sicuti
2729 3668 2976 3723 membra
3027 3666 3146 3738 ejus
3198 3669 3476 3740 dicuntur,

182 3773 284 3827 smi
314 3787 414 3843 per
451 3772 846 3829 invocationem
877 3776 962 3830 sui
992 3776 1261 3832 nominis?
1291 3774 1359 3831 Ut
1384 3777 1644 3832 exhiberet
1672 3780 1782 3849 ipse
1882 3758 1957 3814 “3
1979 3758 2145 3814 etiam
2176 3768 2324 3815 Γεθεθ
2362 3775 2487 3816 0³8³
2516 3768 2572 3815 ει
2599 3776 2728 3817 (³³το
2762 3760 2905 3817 illius
2934 3762 3295 3832 appellamur-

182 3862 283 3917 sibi
313 3863 598 3936 gloriosam
620 3863 938 3931 Ecclesium,
964 3880 1068 3919 non
1109 3867 1381 3920 habentem
1409 3868 1619 3937 peccati
1668 3883 1783 3921 ma.-

182 3957 361 4011 culam
389 3966 482 4011 aut
509 3972 696 4026 rugam
726 3956 1058 4026 duplicitatis
1082 3966 1285 4023 mente,
1312 3966 1403 4011 aut
1443 3958 1645 4028 aliquid
1683 3959 1781 4012 hu-

1958 3851 2185 3923 Propter
2209 3854 2398 3919 hoc,id
2423 3862 2758 3925 est,pr0pter
2783 3854 2923 3909 hanc
2951 3854 3291 3911 dilectionem
3316 3871 3481 3927 quam

1884 3948 2045 4002 debet
2073 3946 2275 4002 habere
2298 3946 2386 4002 vir
2411 3962 2533 4002 cum
2576 3963 2776 4013 uxore,
2805 3946 3059 4018 relinquet
3091 3950 3246 4003 homo
3275 3962 3477 4020 patrem

174 4047 446 4120 jusmodi,
494 4047 549 4101 id
595 4054 679 4101 est
727 4046 932 4117 aliquid
963 4047 1110 4113 vitii;
1144 4047 1236 4101 sed
1293 4056 1351 4100 ut
1390 4050 1460 4102 sit
1493 4056 1677 4101 sancta
1733 4056 1784 4103 et
1883 4050 1930 4095 et
1952 4049 2174 4094 matrem
2195 4054 2369 4105 suam,
2393 4049 2442 4092 et
2470 4040 2759 4094 adhterebit
2788 4040 2942 4094 uxori
2961 4056 3092 4106 sum,
3116 4050 3164 4095 et
3190 4052 3341 4096 erunt
3372 4043 3478 4097 duo

183 4135 549 4192 immaculata.
580 4135 637 4191 in
674 4138 931 4207 praesenti
965 4136 1184 4207 quidem
1220 4138 1436 4205 saculo,
1468 4155 1579 4194 uno
1617 4140 1782 4197 modo
1882 4132 1939 4185 in
1960 4146 2116 4185 carne
2148 4147 2276 4187 una.
2301 4129 2575 4198 Quantum
2606 4133 2675 4187 ad
2705 4131 2943 4189 litteram
2974 4134 3242 4204 pertinet,
3271 4133 3344 4188 ita
3376 4134 3473 4189 fit:

182 4233 370 4298 potest
396 4226 502 4282 dici
532 4236 589 4283 et
628 4241 748 4285 esse
781 4227 1022 4284 Ecclesia
1066 4228 1300 4298 gloriosa
1321 4270 1337 4294 ,
1361 4230 1612 4287 videlicet
1656 4233 1782 4303 quia
1883 4224 2161 4295 Relinquit
2189 4224 2572 4296 homopatrem
2597 4233 2895 4281 etmatrem
2913 4234 2968 4281 et
2989 4225 3269 4297 conjungit
3287 4241 3346 4282 se
3367 4240 3477 4282 suae
3522 4223 3533 4231 ’

186 4331 349 4387 reges
384 4324 440 4371 et
478 4318 750 4389 principes
793 4318 950 4390 hujus
998 4320 1179 4376 saeculi
1211 4319 1375 4376 habet
1405 4321 1697 4391 subjectos,
1730 4331 1784 4380 et
1885 4316 2062 4383 uxori,
2094 4325 2149 4372 et
2175 4324 2301 4372 sunt
2321 4317 2428 4372 duo
2456 4316 2510 4371 in
2542 4324 2707 4373 carne
2732 4331 2863 4383 una,
2886 4316 2938 4371 id
2961 4325 3047 4372 est
3067 4317 3136 4373 de
3160 4324 3268 4372 una
3290 4332 3475 4373 carne.

162 4411 434 4469 ~continet
463 4414 519 4468 in
536 4427 595 4469 se
609 4414 854 4469 diversos
882 4414 1103 4485 ordines
1132 4421 1189 4469 et
1215 4414 1433 4486 gradus,
1455 4423 1636 4472 tamen
1665 4415 1783 4472 sine
1885 4407 1982 4466 vel
2019 4409 2185 4464 ﬁliam
2214 4407 2473 4479 relinquit
2501 4409 2557 4464 ίη
2582 4408 2674 4464 illa
2707 4407 3091 4477 οοηὶυηοιίοηθ
3131 4409 3475 4478 “meum”.
3520 4438 3525 4445 '

188 4502 405 4561 macula
432 4504 638 4575 peccati
671 4514 724 4560 et
756 4521 889 4576 ruga
931 4521 1040 4562 non
1068 4514 1247 4577 potest
1274 4521 1427 4573 esse,
1471 4507 1597 4576 quia
1628 4507 1783 4565 multi
1884 4502 2102 4572 quando
2131 4500 2294 4557 simul
2320 4501 2632 4566 miscentur,
2663 4501 2719 4556 in
2739 4514 2903 4557 carne
2927 4515 3034 4556 una
3079 4510 3204 4557 sunt
3243 4519 3264 4556 τι
3311 4501 3475 4573 spiri-
3572 4518 3579 4521 λ

190 4605 321 4654 sunt
345 4597 398 4651 in
422 4612 485 4652 ea
513 4597 859 4667 ptenitentes.
899 4596 964 4651 Et
1004 4599 1050 4652 si
1099 4598 1388 4652 dixerimus
1431 4598 1556 4669 quia
1593 4615 1781 4669 pecca-

191 4700 303 4747 tum
324 4707 427 4745 non
469 4689 740 4754 habemus,
766 4691 1004 4760 nosipsos
1049 4689 1368 4755 seducimus,
1401 4700 1449 4745 et
1479 4690 1673 4745 veritas
1722 4691 1779 4747 in

191 4782 339 4838 nobis
387 4798 505 4841 non,
531 4768 607 4835 est
660 4780 842 4852 (Joan.
870 4782 944 4853 t),
976 4790 1081 4837 etc.
1132 4779 1259 4835 Non
1300 4791 1376 4836 est
1427 4782 1581 4837 homo
1622 4799 1780 4852 super

191 4884 406 4940 terram,
429 4875 519 4943 qui
536 4872 700 4943 faciat
722 4874 936 4938 bonum,
961 4883 1009 4927 et
1032 4891 1137 4929 non
1151 4885 1323 4945 peccet
1347 4873 1467 4948 (111
1484 4874 1613 4947 Reg.
1631 4875 1774 4945 vut).

191 4966 531 5035 Quapropter
556 4965 750 5021 melius
777 4974 863 5021 est
900 4975 960 5021 ut
1001 4965 1302 5023 referamus
1346 4967 1463 5023 haec
1501 4969 1668 5025 verba
1710 4970 1780 5025 ad

191 5060 497 5130 generalem
519 5060 999 5126 resurrectionem,
1015 5062 1233 5131 quando
1258 5060 1363 5117 erit
1380 5062 1634 5133 gloriosa,
1648 5063 1777 5135 quia

134 5139 149 5157 ‘
191 5149 416 5222 fulgebit
442 5151 582 5206 sicut
610 5150 691 5206 sol
724 5151 776 5205 in
805 5165 972 5221 regno
989 5149 1168 5207 Patris
1189 5151 1297 5217 sui,
1322 5159 1376 5207 et
1398 5152 1504 5207 erit
1531 5154 1648 5209 sine
1668 5170 1783 5209 ma-

191 5241 314 5297 cula
342 5242 577 5311 peccati,
608 5248 665 5295 et
693 5241 810 5296 sine
840 5257 974 5313 ruga
1019 5241 1395 5312 duplicitatis;
1435 5243 1560 5312 quia
1607 5243 1783 5300 incor-

193 5332 466 5403 ruptibilis
502 5333 608 5388 erit
636 5333 690 5388 in
721 5348 981 5404 corpore,
1021 5343 1076 5388 et
1105 5334 1561 5390 incommutabilis
1589 5335 1643 5390 in
1672 5336 1784 5391 ani—

194 5442 301 5482 nia.
330 5425 437 5480 Per
464 5426 568 5480 hoc
597 5424 765 5479 etiam
788 5425 933 5495 quod
962 5425 1092 5481 dicit
1119 5425 1236 5481 sine
1281 5425 1489 5480 macula
1530 5433 1587 5481 et
1627 5441 1778 5498 ruga,

193 5504 432 5574 ostendit
459 5517 624 5572 etiam
661 5516 960 5574 Ecelesiam
992 5520 1370 5574 vestimentum
1406 5504 1527 5575 esse
1554 5518 1775 5587 Christi,

190 5610 345 5680 junta
384 5612 527 5682 quod
567 5612 617 5667 ei
649 5611 811 5667 Pater
840 5612 971 5666 dicit
1004 5627 1099 5681 per
1128 5614 1444 5682 prophetam
1475 5632 1487 5667 ε
1524 5612 1646 5669 Viuo
1663 5631 1776 5685 ego,

197 5702 322 5759 dicit
354 5702 633 5769 Dominus,
656 5704 780 5774 quia
822 5702 1058 5755 omnibus
1090 5703 1173 5757 Itis
1202 5703 1335 5758 velut
1370 5707 1669 5760 vestimento
1698 5723 1781 5760 ve-

197 5799 367 5853 stieris
399 5796 534 5868 (Isa.
561 5798 729 5866 XLIX).
756 5793 1145 5850 Vestimentum
1176 5796 1320 5851 enim
1338 5799 1609 5867 quoddam
1642 5800 1780 5856 solet

196 5887 401 5969 habere
422 5887 662 5947 maculas
682 5894 738 5946 et
755 5886 1018 5961 quasdam
1032 5894 1193 5947 notus
1211 5902 1279 5943 ex
1298 5886 1479 5963 aliqua
1494 5889 1776 5968 tinctione,

1805 4647 1859 4708 D

1886 4595 2103 4652 tualiter
2125 4602 2307 4650 autem
2338 4603 2518 4665 potest
2553 4595 2743 4650 referri
2771 4594 2841 4650 ad
2873 4593 3153 4651 Christum
3184 4602 3241 4651 et
3274 4597 3339 4649 ad
3368 4595 3471 4650 Ec-

1885 4687 2130 4753 clesium,
2162 4688 2252 4758 qui
2285 4695 2507 4757 propter
2550 4687 2808 4744 Ecclesiae
2859 4688 3201 4744 dilectionem
3256 4686 3478 4759 reliquit

1887 4779 2057 4834 Deum
2080 4778 2317 4842 Patrem,
2342 4792 2441 4847 per
2467 4777 2571 4833 hoc
2592 4778 2738 4847 quod
2762 4793 2869 4834 non
2896 4779 2951 4833 in
2999 4776 3172 4834 forma
3221 4778 3476 4834 divinita-

1893 4874 1982 4940 tis,
2011 4887 2131 4944 quae
2168 4870 2392 4942 aqualis
2444 4878 2530 4926 est
2581 4869 2748 4938 Patri,
2808 4873 3081 4942 apparuit,
3134 4872 3229 4928 sed
3270 4883 3477 4928 semet-

1887 4964 2061 5036 ipsum
2088 4963 2410 5029 evinanivit,
2440 4971 2496 5018 et
2523 4963 2755 5019 adhaesit
2778 4965 2933 5020 uxori
2966 4978 3079 5020 suae
3122 4972 3324 5021 sanctae
3373 4963 3476 5020 Ec-

1888 5058 2071 5115 clesiae
2098 5056 2406 5123 dilectione,
2439 5064 2495 5111 et
2522 5072 2686 5112 carne
2721 5070 2886 5128 quam
2918 5055 3242 5127 assumpsit,
3264 5063 3321 5111 et
3349 5062 3476 5112 sunt

1889 5152 2052 5209 modo
2076 5150 2184 5208 duo
2205 5148 2458 5206 Christus
2482 5158 2537 5206 et
2559 5149 2805 5206 Ecclesia
2826 5150 2880 5206 in
2896 5164 3064 5206 carne
3082 5164 3192 5205 una
3211 5168 3225 5206 :
3251 5148 3376 5220 quia
3406 5148 3474 5204 de

1888 5263 1995 5304 una
2029 5261 2196 5303 carne
2219 5251 2365 5311 sunt,
2379 5252 2434 5299 et
2457 5242 2708 5300 Christus
2720 5259 2884 5299 verus
2897 5253 2981 5300 est
2998 5244 3184 5309 homo,
3198 5256 3296 5313 per
3308 5257 3367 5298 se
3381 5256 3475 5297 ve-

1888 5356 2007 5395 rum
2030 5354 2229 5408 corpus
2255 5336 2582 5401 hominis,et
2600 5336 2842 5393 Ecclesia
2864 5336 3131 5393 similiter.
3152 5335 3276 5392 Haec
3291 5346 3470 5392 autem

1884 5430 2061 5502 primo
2079 5437 2228 5483 vates
2240 5427 2414 5482 Adam
2434 5427 2501 5483 de
2522 5427 2740 5483 Christo
2753 5436 2809 5482 et
2824 5427 3064 5483 Ecclesia
3102 5426 3470 5498 prophetavit.

1959 5521 2360 5579 Sacramentum
2386 5519 2504 5584 hoc,
2533 5520 2790 5576 subaudis
2814 5519 2957 5588 quod
2984 5518 3096 5575 dixi
3135 5519 3297 5575 modo
3314 5560 3327 5584 ,
3358 5535 3472 5574 ma-

1886 5629 2045 5685 gnum
2075 5620 2169 5667 est.
2200 5611 2340 5667 Sunt
2364 5620 2707 5667 sacramenta
2737 5611 2961 5681 majora,
2996 5618 3123 5666 sunt
3151 5619 3206 5665 et
3236 5611 3468 5667 minora.

1888 5705 1959 5763 Ut
1983 5718 2115 5777 ergo
2138 5703 2427 5775 Apostolus
2447 5702 2761 5758 ostenderet
2820 5710 2930 5757 tam
2977 5702 3271 5758 secundum
3324 5702 3472 5758 litte-

1887 5812 2026 5862 ram,
2054 5810 2215 5866 quant
2247 5796 2543 5850 secundum
2571 5792 2907 5864 spiritualem
2937 5807 3178 5861 sensum,
3223 5794 3338 5851 haec
3378 5795 3472 5850 de-

1889 5891 2019 5959 bere
2070 5887 2324 5977 intelligi,
2352 5886 2474 5953 ideo
2517 5885 2796 5961 subiunxit
2841 5906 2854 5949 ;
2907 5885 3307 5949 Sacramentum
3355 5889 3473 5963 sive
