3996 6466
463 439 562 496 751

947 435 1309 494 HAYMONIS
1347 431 1830 492 HALBERSTAT.
1872 429 2090 486 EPISC.
2129 428 2282 486 OPP.
2326 429 2508 486 PARS
2544 429 2586 486 1.
2620 461 2688 472 -
2714 427 3071 486 COMMENT.
3110 426 3278 482 BIBL.

3664 425 3780 483 753

464 556 782 630 mysterium
806 559 902 611 hoc
931 557 1072 625 quod
1117 570 1214 626 ego
1254 554 1385 619 dixi,
1429 561 1651 624 propter
1698 552 1841 622 quod
1893 550 2057 605 relin-
2083 549 2133 609 Α
2161 556 2243 602 est
2270 548 2428 604 nobis
2471 549 2778 604 colluctatio
2816 549 3076 603 adversus
3115 547 3232 601 illos
3260 543 3639 608 solummodo,
3675 542 3782 597 sed

467 655 586 726 quit
609 654 768 708 homo
793 659 1004 720 patrem
1031 657 1085 704 et
1114 658 1365 710 matrem,
1381 657 1512 713 etc.,
1533 663 1779 718 maguum
1811 655 1905 710 est,
1924 645 2053 714 quia

464 746 702 817 pertinet
725 743 791 797 ad
830 742 1101 797 Christum
1129 749 1184 795 et
1211 741 1275 795 ad
1313 741 1610 796 Ecclesiam
1653 739 1837 793 :unde
1891 738 2056 792 etiam

466 832 829 905 subditzEgo
875 843 1048 886 autem
1101 833 1218 886 dico
1266 832 1320 885 in
1371 831 1577 887 Christo
1610 840 1657 886 et
1686 833 1742 885 in
1796 829 2055 896 Ecclesia,

466 925 724 983 subaudis
754 925 807 981 id
835 941 954 981 esse
984 925 1335 996 completum.

1071 1078 1302 1134 CAPUT
1363 1077 1451 1133 Vl.

539 1195 788 1262 Fratres,
816 1196 881 1250 de
909 1203 1098 1250 cratera
1131 1193 1507 1264 confortamini
1549 1192 1606 1246 in
1647 1190 1874 1246 Domino
1914 1200 1960 1245 et
2005 1192 2062 1246 in

465 1294 698 1366 potentia
725 1292 931 1346 virtutis
955 1290 1090 1360 ejus.
1117 1289 1246 1344 Post
1274 1287 1530 1360 specialia
1565 1294 1835 1356 praecepta
1863 1286 2062 1355 quibus

469 1385 753 1441 admonuit
775 1383 1066 1455 Apostolus
1079 1383 1228 1437 viros
1241 1392 1297 1436 et
1316 1382 1591 1443 mulieres,
1615 1389 1795 1448 patres
1816 1387 1870 1434 et
1899 1380 2056 1443 ﬁlios,

470 1478 720 1533 dominos
749 1485 804 1531 et
830 1490 1037 1540 servos,
1067 1473 1346 1541 subiunxit
1376 1473 1482 1527 illis
1509 1473 1611 1529 ista
1648 1472 1924 1544 generalia
1954 1487 2060 1525 non

470 1570 645 1627 solum
670 1570 736 1624 ad
761 1569 1024 1639 Ephesios
1044 1607 1058 1632 ,
1083 1565 1279 1636 quibus
1308 1566 1557 1620 mittebat
1580 1567 1720 1620 hanc
1741 1563 2060 1634 Epistolam,

473 1664 567 1720 sed
605 1663 672 1717 ad
697 1677 917 1748 pmnem
949 1675 1136 1715 sexum
1165 1667 1219 1713 et
1246 1659 1313 1714 ad
1343 1674 1558 1713 omnem
1605 1658 1967 1714 conditionem
2009 1664 2066 1711 et

2162 644 2422 698 adversus
2455 648 2726 699 daemones
2770 643 2864 713 qui
2905 642 3279 713 principantur
3322 638 3482 692 malis
3523 637 3780 690 homini-

2158 737 2282 801 bus,
2304 747 2358 792 et
2384 748 2709 808 potestatem
2743 747 3001 792 exercent
3030 754 3192 808 super
3224 737 3362 796 illos,
3397 743 3605 806 regunt
3650 734 3781 787 illos

2157 830 2339 897 potius
2375 831 2440 883 ad
2487 832 2692 884 malum
2740 847 2901 899 quam
2939 832 3005 886 ad
3047 831 3272 894 bonum,
3326 831 3537 899 ipsique
3580 825 3778 896 appel-

2159 920 2342 976 lantur
2370 922 2654 991 spiritalia,
2687 923 2944 978 subaudis
2991 923 3276 978 daemonia.
3323 921 3627 990 Nequitias,
3675 920 3782 973 hoc

2160 1027 2244 1072 est
2270 1017 2504 1080 malitiae,
2538 1019 2627 1088 qui
2669 1027 2951 1073 morantur
2983 1019 3036 1071 in
3065 1018 3169 1072 hoc
3197 1032 3343 1071 aere.
3373 1015 3511 1070 (ΣαιΙί
3537 1013 3784 1068 nomine

2163 1109 2464 1179 appellatur
2493 1125 2587 1164 aer
2626 1110 2679 1164 in
2723 1110 3024 1180 Scripturis
3065 1109 3290 1174 sanctis,
3344 1109 3488 1162 unde
3534 1115 3601 1161 et
3649 1121 3784 1160 aves

2161 1200 2285 1254 (ιωιὶ
2317 1201 2585 1255 dicuntur.
2615 1200 2739 1268 Qui,
2767 1208 2826 1254 ut
2847 1202 3122 1270 propheta
3136 1201 3393 1254 dixerunt
3413 1207 3469 1252 et
3496 1207 3554 1252 ut
3582 1197 3785 1251 docto-

2163 1308 2251 1346 res
2273 1294 2438 1348 etiam
2466 1294 2638 1348 nostri
2683 1294 2996 1363 Opinantur,
3041 1295 3114 1347 ita
3153 1292 3344 1362 plenus
3375 1299 3460 1345 est
3497 1289 3780 1342 tltemoni-

2161 1381 2263 1437 hus
2301 1390 2355 1436 et
2384 1382 2637 1453 malignis
2665 1383 2967 1452 spiritibus,
3010 1383 3173 1437 sicuti
3212 1382 3398 1436 radius
3427 1381 3562 1436 solis
3591 1382 3783 1433 minu-

2165 1474 2405 1529 tissimus
2439 1475 2656 1539 atomis,
2695 1475 2746 1528 id
2785 1482 2870 1528 est
2897 1473 3214 1544 pulvisculis
3259 1472 3584 1528 individuis.
3637 1470 3784 1525 Con—

2163 1577 2248 1622 tra
2277 1569 2377 1624 hos
2403 1583 2534 1636 ergo
2561 1567 2909 1639 pugnandum
2932 1576 3016 1623 est
3041 1568 3199 1624 nobis
3229 1568 3410 1637 potius
3432 1583 3609 1636 quam
3650 1582 3782 1621 con-

2163 1671 2248 1716 tra
2284 1663 2533 1718 homines
2558 1670 2871 1718 constantes
2910 1677 2978 1718 ex
3023 1678 3190 1717 carne
3213 1670 3269 1716 et
3309 1661 3607 1731 sanguine,
3657 1661 3784 1730 quia

471 1753 608 1810 dixit
640 1772 655 1808 :
687 1753 763 1808 De
785 1761 1004 1818 cmtero,
1027 1752 1092 1828 ‘id
1111 1761 1198 1806 est
1223 1751 1497 1822 deinceps,
1522 1760 1577 1806 et
1606 1760 1801 1821 praeter
1832 1751 1920 1804 illa
1943 1765 2065 1821 qute
2167 1757 2426 1826 quidquid
2452 1756 2579 1811 mali
2611 1766 2802 1811 contra
2828 1772 2928 1812 nos
2956 1756 3205 1811 homines
3243 1754 3688 1817 machinantur,
3717 1753 3782 1808 ab

471 1846 722 1914 superius
748 1845 1010 1909 diximus,
1043 1843 1241 1898 fratres
1271 1844 1376 1897 mei
1417 1844 1472 1898 in
1511 1843 1618 1898 ﬁde
1647 1853 1702 1898 et
1753 1843 2060 1907 dilectione,
2111 1918 2120 1919 ί
2171 1847 2277 1903 illis
2325 1849 2660 1919 suggeritur,
2711 1858 2766 1904 et
2802 1849 2848 1904 si
2901 1848 3280 1918 superavimus
3327 1848 3449 1902 illos
3504 1847 3606 1916 qui
3661 1854 3785 1901 sunt

472 1943 528 1988 et
553 1935 645 2004 qui
673 1949 839 1988 unum
868 1934 1038 1988 Deum
1069 1935 1494 2004 omnipotentem
1537 1934 1830 2000 habemus,
1857 1936 2066 2005 confor-
2095 1918 2143 1980 Β
2170 1918 2444 2011 principes
2481 1941 2708 2006 militia),
2749 1950 2806 1996 et
2848 1957 3078 2011 quorum
3117 1941 3379 1996 instinctu
3411 1941 3547 1994 vitia
3597 1941 3786 1994 carnis

472 2027 656 2081 tamini
679 2027 735 2080 in
762 2026 1010 2091 Domino,
1038 2036 1093 2081 et
1116 2027 1167 2080 in
1192 2026 1295 2080 ﬁde
1318 2027 1481 2092 illius,
1506 2028 1626 2081 etin
1646 2028 1877 2098 potentia
1902 2029 2070 2081 virtu-
2168 2040 2369 2086 nostra:
2399 2041 2588 2086 contra
2620 2048 2718 2087 nos
2755 2032 3005 2098 szeviunt,
3037 2042 3164 2088 tunc
3190 2033 3351 2088 facile
3379 2047 3658 2101 superare
3687 2048 3782 2102 po-

476 2121 542 2172 tis
566 2119 701 2189 ejus.
733 2117 910 2172 Nolite
933 2119 1204 2174 conﬁdere
1237 2119 1292 2173 in
1320 2128 1502 2175 vestra
1529 2119 1864 2186 fortitudine,
1895 2134 2072 2188 neque
2172 2124 2400 2179 terimus
2435 2140 2624 2179 omnes
2666 2125 2948 2180 ministros
2987 2124 3151 2190 illius,
3184 2125 3337 2178 verbi
3382 2125 3584 2194 gratia,
3643 2125 3786 2179 sicut

473 2209 765 2264 inmeritis
788 2210 1015 2275 vestris,
1046 2225 1219 2278 neque
1247 2211 1301 2264 in
1332 2212 1572 2280 potentia
1622 2211 1928 2281 principum
1970 2211 2071 2264 hu—
2171 2226 2428 2287 superato
2478 2219 2745 2288 principe,
2795 2219 3073 2274 exercitus
3125 2219 3288 2274 facile
3335 2218 3579 2290 fugatur.
3625 2217 3782 2286 Quod

469 2303 562 2373 jus
588 2303 792 2368 surculi,
823 2304 916 2358 sed
945 2304 1001 2357 in
1035 2303 1262 2358 Domino
1308 2313 1356 2358 et
1380 2304 1434 2358 in
1461 2305 1694 2375 potentia
1719 2306 1927 2359 virtutis
1956 2304 2069 2374 ejus
2169 2309 2388 2379 probari
2413 2319 2590 2380 potest
2609 2312 2676 2366 ex
2700 2310 2838 2366 libro
2863 2310 3074 2378 Iudith,
3098 2327 3206 2384 quo
3229 2320 3513 2376 narrante,
3544 2313 3784 2368 dicimus

474 2396 868 2464 confortamim'.

545 2484 762 2540 Induite
797 2499 889 2540 vos
934 2494 1262 2540 armaturam
1302 2487 1432 2552 Dei,
1463 2497 1518 2541 ut
1549 2489 1758 2557 possitis
1793 2497 1935 2542 stare
1975 2488 2074 2542 ad-

475 2597 653 2636 uersus
690 2581 914 2635 insidias
945 2581 1162 2634 diaboli.
1206 2580 1264 2635 In
1304 2582 1410 2636 hoc
1438 2583 1656 2636 nomine
1686 2583 1829 2652 quod
1861 2590 1945 2636 est
1985 2597 2073 2635 ar-

478 2681 689 2727 matura
713 2672 1249 2742 comprehenduntur
1291 2673 1473 2727 omnia
1506 2688 1633 2727 vasa
1666 2672 1872 2736 bellica,
1905 2673 2072 2728 lorica

478 2764 750 2830 videlicet,
796 2764 970 2835 galea,
1033 2773 1281 2830 scutum,
1332 2765 1541 2831 lancea,
1589 2765 1713 2831 tela,
1765 2774 2074 2835 cmteraque

479 2858 840 2914 instrumenta
887 2873 1196 2923 armorum;
1229 2858 1546 2928 spiritaliter
1574 2868 1749 2913 autem
1797 2861 1940 2929 quod
1976 2860 2072 2915 de-

479 2955 670 3010 bemus
714 2955 1016 3026 intelligere
1065 2969 1162 3024 per
1209 2965 1544 3008 armaturam
1602 2953 1732 3007 Dei?
1786 2954 2075 3008 Dominum

480 3043 664 3102 Jesum
692 3045 966 3102 Christum
999 3047 1154 3117 cujus
1184 3045 1524 3116 protectione
1567 3043 1928 3099 defenduntur
1951 3060 2072 3099 om-

482 3156 579 3195 nes
608 3141 784 3205 electi,
817 3149 872 3196 et
893 3156 1057 3210 quam
1085 3141 1296 3207 indunt,
1315 3139 1472 3211 juxta
1506 3139 1648 3208 quod
1676 3139 1815 3194 idem
1845 3140 2077 3210 Aposto-

481 3231 563 3286 lus
587 3231 723 3286 alias
763 3232 940 3288 dixit:
970 3231 1244 3302 Quotquot
1287 3232 1339 3286 in
1385 3231 1605 3287 Christo
1643 3231 1891 3302 baptizati
1926 3233 2072 3300 estis,

481 3321 749 3378 Christum
794 3323 1041 3377 induistis
1083 3320 1240 3394 (Gal.
1293 3322 1416 3394 ιιι).
1473 3323 1624 3379 Tunc
1665 3323 1808 3378 enim
1845 3324 2075 3380 induunt

481 3416 644 3472 electi
690 3415 1002 3480 Christum,
1044 3417 1261 3485 quando
1303 3417 1536 3471 virtutes
1579 3431 1700 3486 quze
1741 3417 1795 3470 in
1856 3415 2074 3472 Christo

489 3515 641 3572 sunt,
671 3521 770 3577 per
793 3503 1120 3574 adiutorium
1145 3506 1287 3560 illius
1310 3515 1617 3562 assumunt.
1651 3507 1805 3575 Quod
1832 3523 1961 3579 ergo
1987 3509 2074 3563 di-

484 3600 558 3653 cit
590 3615 604 3651 :
632 3596 848 3651 Induite
891 3605 1218 3649 armaturam
1262 3596 1379 3662 Dei,
1417 3597 1522 3652 tale
1548 3607 1632 3652 est
1660 3613 1724 3652 ac
1755 3599 1799 3653 si
1829 3599 2032 3655 diceret
2057 3620 2070 3658 :

484 3687 693 3744 lnduite
725 3685 1012 3740 Dominum
1035 3683 1216 3739 Jesum
1241 3686 1540 3753 Christum,
1569 3688 1623 3744 id
1645 3697 1727 3743 est
1751 3705 1941 3744 omnes
1967 3692 2077 3747 vir-

486 3788 628 3834 tutes
653 3794 790 3850 quas
809 3779 961 3834 scitis
980 3779 1038 3833 in
1063 3777 1155 3832 illo
1177 3794 1315 3846 esse,
1347 3783 1401 3835 in
1429 3782 1584 3837 vobis
1615 3784 1896 3850 assumite,
1919 3786 2072 3842 verbi

486 3869 660 3941 gratia
689 3887 702 3923 ε
729 3869 796 3925 Et
830 3869 918 3924 ille
954 3867 1154 3937 justus,
1187 3885 1378 3935 verus,
1409 3873 1644 3942 patiens,
1689 3882 1892 3939 castus,
1925 3891 2077 3930 man-

487 3971 696 4028 suetus,
730 3962 1032 4033 appellatus
1060 3971 1143 4016 est
1171 3978 1343 4034 agnus
1364 4005 1380 4029 ,
1417 3974 1472 4020 et
1499 3964 1615 4031 leo,
1643 3975 1699 4020 et
1724 3965 1921 4021 vitulus
1949 3984 1960 4020 :
1990 3967 2078 4022 in--

485 4057 603 4114 duit
642 4073 741 4113 vos
773 4057 1069 4128 justitiam,
1110 4059 1418 4124 veritatem,
1465 4060 1801 4130 patientiam,
1841 4061 2081 4116 charita-

485 4158 616 4216 tem,
663 4149 999 4216 castitatem,
1032 4151 1502 4206 mansuetudinem
1537 4169 1550 4204 :
1582 4161 1755 4206 estote
1789 4168 1981 4223 agnus,
2008 4153 2077 4210 'id

485 4252 568 4300 est
595 4245 759 4299 mites
789 4261 805 4298 :
835 4243 940 4308 leo,
982 4243 1152 4299 fortes
1185 4245 1237 4299 in
1283 4245 1386 4301 fide
1428 4254 1483 4300 et
1521 4247 1664 4302 bono
1691 4263 1857 4317 opere
1886 4256 2076 4305 contra

487 4333 763 4389 diabolum
798 4341 1016 4388 :estote
1056 4343 1111 4389 et
1157 4335 1377 4403 vitulus,
1421 4337 1810 4393 mortiﬁcantes
1842 4349 2078 4395 vosmet-

490 4425 637 4496 ipsos
662 4441 786 4480 cum
810 4425 960 4480 vitiis
997 4433 1052 4481 et
1082 4427 1555 4497 concupiscentiis,
1583 4437 1644 4482 ut
1671 4429 1892 4498 possitis
1931 4435 2080 4486 stare

491 4519 754 4575 adversus
800 4519 1026 4576 insidias
1070 4522 1288 4577 diaboli.
1345 4522 1527 4583 Multis
1579 4523 1754 4592 modis
1793 4524 2082 4582 insidiatur

491 4610 649 4667 nobis
695 4612 958 4669 diabolus.
1005 4614 1247 4685 Denique
1278 4615 1566 4671 insidiatur
1595 4617 1750 4672 nobis
1787 4633 1886 4688 per
1909 4619 2079 4677 malas

492 4705 891 4775 suggestiones,
931 4705 1217 4762 insidiatur
1257 4723 1354 4778 per
1386 4707 1516 4762 vitia
1565 4708 1749 4763 carnis
1787 4717 1988 4764 nostra:
2023 4719 2080 4767 et
2103 4689 2157 4751 Β

492 4797 762 4852 incentiva
799 4798 1078 4853 .malarum
1135 4799 1554 4854 delectationum
1595 4817 1608 4852 :
1643 4800 1931 4855 insidiatur
1982 4818 2080 4872 per

491 4892 769 4947 ministros
795 4907 941 4956 suos,
990 4906 1086 4961 per
1113 4892 1400 4948 luereticos
1425 4891 1674 4946 videlicet
1702 4899 1757 4947 et
1779 4891 1943 4949 falsos
1969 4893 2080 4949 fra-

491 4995 625 5053 tres,
672 4994 837 5054 atque
869 5000 1148 5056 paganos:
1187 4985 1282 5039 sed
1323 4993 1512 5040 contra
1551 4986 1650 5040 hos
1687 5000 1877 5042 omnes
1917 4987 2081 5043 debe-

491 5094 613 5134 mus
659 5093 761 5134 nos
800 5077 1031 5132 viriliter
1068 5092 1332 5147 pugnare,
1385 5091 1452 5131 ne
1497 5077 1766 5148 possimus
1807 5081 2076 5150 superari.

489 5170 712 5226 Poterat
738 5171 934 5242 aliquis
962 5171 1140 5226 dicere
1172 5187 1185 5224 :
1220 5170 1266 5226 Ο
1290 5170 1472 5236 Paule,
1505 5187 1674 5243 quare
1703 5174 1952 5244 praecipis
1980 5190 2082 5231 nos

491 5278 709 5319 omnem
741 5273 1074 5318 armaturam
1125 5263 1218 5318 Dei
1266 5263 1527 5320 induere?
1560 5266 1640 5320 Ad
1683 5267 1798 5321 haec
1831 5267 1919 5322 ille
1960 5268 2084 5322 sub-

483 5350 683 5425 iunxit,
713 5355 841 5425 quia
882 5354 1060 5419 nobis,
1092 5355 1360 5424 inquiens.
1392 5371 1495 5410 non
1523 5367 1596 5410 est
1641 5356 1942 5410 colluctatio
1986 5357 2081 5411 ad-

491 5465 672 5502 versus
697 5464 906 5502 carnem
927 5457 974 5502 et
1000 5449 1328 5518 sanguinem,
1359 5448 1451 5501 sed
1470 5448 1720 5501 adversus
1747 5449 2006 5518 principes
2035 5459 2082 5506 et

492 5551 791 5612 pateslates,
813 5541 1060 5596 adversus
1075 5543 1254 5595 mtmdi
1277 5552 1497 5595 rectores
1520 5543 1845 5595 tenebrarum
1868 5543 2078 5610 harum,

495 5642 673 5686 contra
718 5634 976 5704 spiritalia
1021 5635 1263 5704 nequitia!
1304 5634 1358 5686 in
1393 5633 1701 5687 cmlestibus.
1757 5635 1984 5691 Carnem
2028 5650 2082 5695 et

495 5727 812 5795 sanguinem
845 5727 1077 5796 appellat
1105 5729 1156 5781 in
1190 5728 1294 5782 isto
1321 5726 1438 5781 loco
1465 5728 1752 5794 Apostolus
1777 5746 1965 5785 omnes
1989 5733 2080 5803 qui

496 5831 750 5874 constant
781 5838 845 5876 ex
885 5837 1048 5876 carne
1078 5831 1130 5876 et
1170 5824 1485 5894 sanguinea
1510 5824 1705 5892 quibus
1743 5825 2078 5899 plerumque,

493 5922 762 5974 suadente
795 5915 1025 5983 diabolo,
1068 5916 1471 5990 impugnantur,
1493 5925 1548 5974 et
1587 5916 1760 5980 dicit:
1793 5920 1929 5990 Quia
1975 5938 2082 5980 non

2172 2401 2299 2470 quia
2323 2399 2869 2474 Holoferneprincipe
2889 2404 3096 2458 militia:
3115 2405 3462 2474 interempto,
3487 2404 3785 2461 multitudo

2172 2477 2507 2545 exercituum
2522 2492 2575 2546 in
2594 2492 2770 2561 fugam
2792 2508 2951 2548 versa
2963 2502 3066 2560 est,
3081 2503 3138 2549 et
3155 2510 3184 2548 a
3200 2493 3401 2549 Judaais
3417 2493 3685 2549 facillime
3698 2505 3783 2550 est

2173 2591 2426 2652 superata
2456 2581 2673 2655 (Iudith
2729 2584 2818 2653 x).
2852 2583 2960 2640 Sed
2985 2587 3337 2656 quaerendum
3378 2596 3464 2641 est
3502 2590 3783 2657 quomodo

2171 2687 2412 2742 pugnare
2469 2689 2757 2742 possumus
2809 2687 2997 2730 contra
3053 2677 3347 2743 dmmones,
3395 2679 3491 2748 qui
3553 2681 3784 2750 spiritus

2175 2762 2338 2818 sunt?
2383 2761 2572 2818 Nonne
2615 2760 2866 2821 omnibus
2902 2775 3052 2838 patet
3084 2777 3274 2824 contra
3317 2770 3572 2840 spiritum
3615 2773 3783 2827 armis

2176 2856 2550 2912 materialibus
2588 2874 2696 2913 non
2725 2875 2884 2929 posse
2909 2877 3184 2933 pugnare,
3233 2864 3363 2933 quia
3393 2864 3627 2933 spiritus
3659 2876 3783 2920 sunt

2177 2946 2510 3002 invisibiles?
2548 2947 2888 3020 Quapropter
2917 2967 3142 3009 necesse
3169 2962 3255 3009 est
3279 2962 3340 3008 ut
3366 2969 3527 3008 arma
3559 2956 3780 3024 spirita-

2177 3037 2248 3092 lia
2272 3038 2596 3105 formentur,
2622 3041 2878 3099 videlicet
2918 3060 3078 3116 supra
3109 3055 3430 3112 memorata,
3455 3056 3514 3101 et
3538 3048 3782 3103 decerte-

2179 3145 2300 3185 mus
2321 3145 2386 3184 eo
2407 3131 2569 3186 modo
2591 3147 2698 3202 quo
2726 3133 2954 3206 legimus
2977 3135 3129 3202 (Gen.
3158 3144 3336 3211 χχχιι)
3367 3138 3636 3194 luctatutn
3665 3156 3780 3196 esse

2176 3218 2344 3275 Jacob
2391 3237 2515 3276 cum
2565 3223 2793 3294 angelo,
2839 3229 3068 3293 orando,
3113 3228 3432 3300 jejunando,
3477 3232 3776 3301 vigilando,

2102 3293 2147 3357 Ο
2179 3314 2496 3385 ueterisque
2525 3293 2682 3372 bonis
2727 3319 2982 3388 operibus
3025 3293 3350 3389 in‘sis‘tendo,
3401 3293 3455 3377 ut
3497 3293 3647 3379 sicut
3697 3293 3779 3378 ille

2177 3408 2376 3462 meruit
2417 3408 2486 3463 ab
2522 3409 2709 3480 angelo
2749 3420 2939 3467 sancto
2976 3413 3260 3478 benedici,
3301 3430 3426 3470 cum
3453 3432 3568 3486 quo
3611 3417 3776 3472 lueta-

2176 3498 2339 3554 batur
2384 3499 2612 3564 orando,
2662 3501 2734 3556 ita
2783 3512 2838 3557 ct
2875 3519 2992 3567 nos,
3021 3516 3278 3575 superato
3319 3506 3560 3574 diabolo,
3605 3525 3637 3563 a
3682 3510 3778 3564 Do-

2183 3590 2334 3644 mino
2375 3592 2623 3648 benedici
2659 3608 2986 3650 mereamur.
3045 3595 3314 3652 Caaterum
3361 3601 3536 3668 quaeri
3584 3611 3776 3671 potest,

2179 3683 2270 3742 ubi
2315 3690 2587 3759 acceperit
2637 3690 2949 3760 Apostolus,
3002 3702 3061 3748 ut
3103 3695 3377 3751 daemones
3419 3706 3476 3751 et
3513 3699 3776 3770 malignos

2180 3778 2404 3849 spiritus
2454 3781 2730 3850 principes
2777 3791 2834 3838 et
2885 3793 3184 3854 potestates
3229 3803 3294 3842 ac
3339 3797 3586 3846 rectores
3626 3803 3772 3847 tene

2180 3869 2404 3925 brarum
2469 3871 2696 3938 harum,
2757 3874 2810 3928 id
2857 3884 2942 3930 est
2995 3877 3272 3934 hominum
3341 3880 3642 3939 inﬁdelium
3697 3899 3776 3955 ap-

2178 3961 2440 4030 pellaret,
2495 3963 2662 4019 Deum
2722 3966 3091 4037 ignorantium
3153 3979 3208 4026 et
3263 3981 3653 4042 peccatorum,
3715 3978 3774 4032 de

2180 4067 2409 4122 quorum
2453 4071 2684 4112 numero
2713 4056 2932 4113 fuerant
2975 4059 3051 4113 illi
3085 4061 3284 4131 quibus
3331 4065 3611 4132 quondam
3638 4068 3775 4121 dies»

2178 4146 2315 4203 bat:
2353 4147 2554 4204 Fuisti:
2607 4151 2895 4222 aliquando
2937 4153 3165 4207 tenebras
3199 4154 3424 4225 (Ep/tes.
3458 4159 3516 4225 vt)
3539 4199 3556 4222 ,
3600 4160 3652 4213 id
3699 4165 3774 4214 est

2181 4237 2428 4295 inﬁdeles
2457 4249 2509 4295 et
2541 4252 2880 4312 peccatores,
2931 4243 3100 4299 Deum
3133 4246 3491 4316 ignorantes?
3522 4250 3607 4305 Ad
3640 4254 3773 4321 quod

2183 4334 2499 4399 dicendum,
2533 4337 2659 4406 quia
2693 4353 2758 4392 ex
2791 4338 2930 4394 libro
2967 4338 3206 4395 Danielis
3247 4341 3373 4397 illud
3404 4346 3654 4414 accepit,
3694 4345 3773 4400 ubi

2182 4425 2382 4498 legitur
2408 4445 2420 4480 :
2451 4427 2732 4500 Principes
2757 4429 3071 4487 Graecorum
3100 4442 3156 4488 et
3183 4435 3460 4506 principes
3489 4437 3773 4494 Persarum

2184 4519 2346 4590 (Dan.
2379 4522 2465 4594 x);
2499 4535 2566 4576 ex
2598 4521 2739 4578 libro
2765 4539 2982 4594 quoque
3013 4525 3313 4582 Ezechielis
3350 4528 3442 4584 ubi
3487 4530 3688 4588 dicitur
3713 4531 3772 4588 ad

2180 4616 2479 4686 principem
2525 4617 2653 4688 Tyri
2684 4636 2697 4673 :
2733 4619 2812 4673 Tu
2849 4622 3179 4692 signaculum
3205 4607 3587 4681 similitudinis
3613 4630 3665 4682 in
3691 4643 3775 4699 pr

2184 4712 2366 4767 radiso
2394 4713 2486 4769 Dei
2516 4713 2665 4783 fuisti
2694 4715 2912 4787 (Ezech.
2963 4717 3158 4789 xxvtn)
3192 4738 3203 4772 :
3232 4728 3288 4774 et
3324 4731 3523 4776 caetera
3555 4739 3674 4794 qute
3710 4723 3772 4778 ibi

2183 4803 2438 4860 dicuntur
2481 4807 2546 4862 de
2579 4808 2682 4863 hoc
2704 4816 2758 4863 et
2786 4809 2850 4863 de
2881 4811 3217 4881 principibus
3246 4813 3480 4868 aliarum
3517 4819 3769 4887 gentium,

2182 4894 2570 4968 [Egyptiorum
2623 4901 2907 4967 videlicet,
2962 4903 3343 4976 Assyriorum,
3395 4906 3767 4964 Idmnarorum.

2181 4989 2317 5045 Nam
2360 4993 2633 5065 principes
2686 4995 2783 5060 illi,
2838 4995 2888 5051 id
2931 5007 3014 5053 est
3059 4999 3353 5067 daemones,
3407 5003 3770 5074 intelliguntur

2181 5081 2288 5137 illis
2336 5085 2586 5153 gentibus
2632 5088 2929 5157 prtepositi.
2983 5088 3140 5145 Sicut
3198 5093 3341 5146 enim
3405 5098 3768 5166 unusquisque

2186 5175 2424 5231 fidelium
2472 5177 2635 5232 habet
2681 5179 2786 5235 sibi
2835 5182 3084 5252 angelum
3133 5183 3436 5254 delegatum
3490 5189 3556 5242 ad
3608 5200 3750 5245 casto

2185 5270 2332 5324 diam
2363 5269 2442 5323 sui
2471 5289 2483 5324 :
2517 5271 2591 5324 ita
2617 5280 2674 5326 et
2708 5275 2902 5344 pagani
2938 5275 3140 5330 habent
3170 5276 3343 5331 malos
3384 5281 3480 5349 qui
3514 5281 3594 5335 eis
3632 5283 3766 5352 priu-

2185 5363 2433 5434 cipantur
2469 5367 2828 5441 permissione
2857 5369 2974 5434 Dei,
3012 5377 3067 5424 et
3113 5370 3252 5424 sicut
3303 5371 3533 5428 Michael
3573 5391 3764 5446 pracpo-

2185 5459 2323 5513 situs
2350 5467 2430 5513 est
2456 5461 2601 5530 genti
2635 5459 2940 5516 Judreorum
2971 5462 3054 5517 vel
3081 5463 3538 5531 Christianorum,
3570 5469 3636 5524 de
3668 5480 3765 5538 quo

2187 5553 2384 5607 dicitur
2413 5572 2424 5606 :
2461 5553 2525 5607 Et
2562 5572 2711 5608 nemo
2742 5566 2816 5609 est
2849 5555 3063 5626 adjutor
3084 5575 3226 5612 meus
3261 5559 3363 5612 nisi
3391 5559 3766 5630 Miciraelprin-

2187 5663 2302 5714 ceps
2325 5655 2491 5699 vester
2514 5646 2676 5715 (Dan.
2719 5647 2798 5717 x);
2829 5649 2899 5702 ita
2933 5649 3130 5703 habent
3154 5659 3206 5704 et
3242 5659 3431 5721 gentes
3468 5653 3520 5706 in
3555 5653 3766 5707 inﬁdeli-

2190 5747 2298 5791 tate
2341 5749 2622 5796 manentes
2663 5741 2832 5794 malos
2874 5742 3163 5813 principes.
3209 5743 3460 5799 Dicamus
3490 5757 3542 5799 et
3576 5746 3762 5801 altius:

2189 5828 2476 5898 Apostolus
2514 5833 2747 5902 repletus
2781 5834 2951 5904 gratia
2982 5833 3074 5888 Dei
3102 5838 3350 5903 cognovit
3385 5854 3483 5908 per
3514 5837 3764 5910 Spiritum

2191 5931 2459 5991 sanctum,
2492 5926 2618 5997 quia
2640 5925 2781 5983 sicut
2819 5925 2945 5983 boni
2985 5941 3139 6000 reges
3162 5926 3533 5984 lsraelitarum
3576 5927 3768 6003 signiﬁo
