3996 6446
181 424 288 504 133

863 437 1227 497 EXPOSITIO
1258 438 1327 497 IN
1365 439 1513 494 EPP.
1556 420 1879 495 SfPAULl.
1902 468 1971 479 -
2008 437 2075 493 IN
2110 437 2327 494 EPIST.
2365 440 2479 495 AD.
2520 439 2805 497 PHILIPP.

3343 443 3448 499 ’154

182 560 382 617 cabant
425 553 710 612 Dominum
756 552 939 611 lesum
982 564 1038 611 et
1076 554 1345 626 principes
1384 553 1476 624 qui
1525 561 1654 609 sunt
1701 552 1756 607 in
1784 556 1837 615 Α
1861 548 2139 605 Iibus:vel
2166 552 2329 606 etiam
2356 554 2480 622 quia
2498 562 2719 624 propter
2738 554 3140 611 observantiam
3173 555 3451 628 Evangelii

178 646 445 713 Ecclesia,
469 647 621 703 verbi
642 646 841 718 gratia,
865 647 1043 718 qualis
1070 647 1172 702 fuit
1194 646 1362 702 David
1384 646 1473 716 qui
1500 646 1766 715 interpre-

183 750 332 798 tatur
360 756 523 798 mann
567 739 724 795 fortis
748 740 864 795 sive
902 738 1294 805 desiderabilis,
1336 737 1537 807 aliique
1575 750 1766 807 quam-

179 833 401 907 plurimi
432 851 446 888 :
474 841 532 888 et
570 832 712 888 sicut
754 830 983 904 populus
1016 830 1181 886 Israel
1223 828 1563 901 signiﬁcabat
1600 843 1767 900 popu-

180 925 294 983 lum
314 925 651 983 credentium
688 924 782 995 qui
805 934 932 979 sunt
964 924 1077 979 veri
1118 921 1391 988 Israelitaa,
1422 922 1493 976 ita
1528 920 1655 975 mali
1684 935 1769 976 re-

181 1033 280 1092 ges
301 1026 357 1074 et
375 1018 650 1090 principes
678 1032 803 1073 cum
832 1017 946 1073 suis
974 1016 1247 1089 gentibus,
1268 1015 1359 1086 qui
1388 1023 1576 1070 contra
1602 1029 1769 1085 popu-

179 1108 296 1166 lum
325 1110 421 1166 Dei
450 1110 781 1181 pugnabant,
810 1117 871 1164 ut
908 1108 1124 1164 fuerunt
1162 1123 1316 1178 reges
1352 1107 1766 1175 Ismaelitarum,

178 1199 551 1271 Assyriorum,
590 1207 647 1254 et
687 1198 1076 1265 Idumaeorum,
1116 1207 1167 1254 et
1202 1198 1673 1264 Pbilisthinorum,
1702 1197 1771 1254 si-

179 1288 514 1361 gniﬁcabant
562 1288 856 1353 daemones,
904 1289 994 1360 qui
1035 1289 1411 1361 principantur
1446 1290 1673 1363 paganis
1714 1297 1773 1346 et

182 1381 479 1448 haereticis,
507 1381 600 1452 qui
632 1380 928 1437 Ecclesiam
954 1382 1050 1436 Dei
1083 1395 1295 1450 semper
1326 1382 1661 1453 impugnant.

255 1471 565 1545 Propterea,
599 1473 857 1530 subaudis
892 1472 1018 1542 quia
1050 1489 1153 1527 non
1179 1482 1253 1526 est
1283 1471 1427 1526 nobis
1470 1472 1771 1527 colluctatio

178 1566 436 1623 adversus
454 1582 665 1621 carnem
689 1575 737 1620 et
758 1565 1088 1635 sanguinem,
1103 1563 1193 1619 sed
1217 1563 1465 1618 adversus
1479 1565 1770 1635 principes;

179 1658 406 1730 accipite
439 1667 769 1712 armaturam
813 1656 927 1721 Dei,
961 1655 1106 1711 illam
1134 1672 1296 1727 quam
1323 1673 1483 1727 supra
1515 1657 1768 1723 diximus,

178 1746 240 1804 id
260 1756 366 1815 est,
386 1763 575 1803 omnes
593 1749 846 1815 virtutes,
860 1757 916 1804 ut
939 1749 1148 1819 possitis
1169 1748 1406 1804 resistere
1425 1751 1480 1803 in
1502 1750 1585 1803 die
1607 1748 1771 1814 malo,

178 1849 232 1894 et
256 1839 312 1894 in
341 1839 579 1894 omnibus
606 1840 822 1911 perfecti
848 1849 1009 1907 stare,
1039 1839 1093 1895 id
1121 1849 1205 1896 est
1232 1859 1245 1894 :
1280 1841 1335 1894 in
1366 1840 1617 1897 omnibus
1646 1856 1774 1911 pro-

1867 657 2143 697 meremur
2170 645 2508 699 reconciliari
2539 646 2670 700 Deo.

1938 731 2007 787 In
2042 733 2279 788 omnibus
2299 775 2313 801 ,
2359 737 2617 792 subaudis
2648 736 2927 809 discipulis
2956 748 3011 795 et
3038 741 3451 807 certaminibus,

1866 834 2129 880 sumentes
2165 835 2371 880 scutum
2390 826 2539 897 ﬁdei,
2562 829 2616 883 in
2644 847 2747 901 quo
2773 832 2984 901 possitis
3021 837 3195 888 omnia
3229 834 3331 889 tela
3364 852 3456 889 ne-

1867 918 2105 988 quissimi
2150 919 2303 990 ignea
2346 920 2694 991 exstinguere.
2732 923 3004 994 Quidquid
3033 926 3238 981 missile
3269 935 3353 981 est
3376 924 3458 980 vel

1863 1015 2090 1087 jacitur,
2119 1016 2282 1072 telum
2309 1026 2491 1087 potest
2517 1018 2775 1089 appellari
2801 1036 2815 1076 :
2844 1020 3061 1092 proprie
3109 1032 3289 1077 tamen
3329 1017 3457 1075 illud

1870 1107 2016 1179 quod
2059 1108 2114 1162 in
2160 1105 2380 1180 longum
2427 1108 2786 1179 protenditur,
2819 1117 2880 1163 ut
2923 1110 3130 1164 lancea.
3161 1110 3293 1164 Nam
3322 1109 3461 1164 telon

1870 1201 2058 1257 dicunt
2102 1200 2274 1259 Graeci
2320 1202 2579 1271 longum,
2626 1203 2769 1259 unde
2813 1203 3041 1257 mustela
3094 1203 3293 1259 dicitur
3340 1217 3462 1257 mus

1869 1296 2083 1367 longus.
2120 1294 2274 1351 Sicut
2314 1312 2445 1367 ergo
2495 1305 2706 1352 scutum
2748 1312 2806 1353 se
2841 1305 3114 1352 tenentem
3147 1297 3380 1367 protegit
3409 1304 3464 1351 et

1872 1389 1979 1444 tela
2018 1389 2247 1461 repellit,
2281 1390 2353 1444 ita
2381 1389 2513 1445 ﬁdes
2548 1390 2820 1445 hominem
2857 1390 3050 1456 munit,
3079 1397 3133 1445 et
3165 1391 3231 1443 ab
3256 1404 3321 1444 eo
3347 1389 3464 1443 dia-

1874 1479 2175 1549 bolijaenla
2196 1488 2249 1535 et
2266 1481 2640 1536 infcstationes
2670 1480 2895 1551 repellit,
2931 1481 3004 1536 ita
3028 1489 3208 1536 tamen
3233 1480 3277 1535 si
3301 1479 3464 1534 fuerit

1873 1573 2032 1627 bonis
2062 1572 2319 1642 operibus
2342 1573 2624 1626 adornata.
2652 1571 2780 1626 Tela
2808 1572 3041 1642 denique
3071 1571 3268 1626 diaboli
3304 1571 3461 1638 ignea

1874 1666 2109 1738 appellat
2139 1667 2537 1737 suggestionem
2568 1680 2817 1736 pravam,
2850 1681 2968 1735 qua:
2997 1681 3096 1720 nos
3126 1664 3366 1720 incendit
3395 1661 3465 1718 ad

1872 1758 2014 1812 mala
2042 1770 2207 1827 opera
2236 1756 2465 1827 agenda,
2490 1765 2544 1809 et
2562 1770 2683 1823 qnse
2704 1754 3067 1824 exstinguitur
3087 1770 3185 1823 per
3207 1753 3462 1807 virtutem

1876 1847 2020 1904 ﬁdei.
2052 1848 2119 1902 Et
2145 1847 2349 1918 galeam
2376 1845 2561 1901 salutis
2589 1846 2859 1900 assumite.
2883 1844 3049 1901 Galea
3079 1845 3133 1899 in
3164 1847 3340 1915 capite
3362 1858 3464 1914 p0-

178 1931 359 2001 speris
387 1938 443 1987 et
465 1932 712 1987 adversis
741 1939 1083 2003 perseverate
1114 1930 1254 1987 ﬁrmi
1280 1932 1333 1987 in
1369 1932 1474 1988 ﬁde
1512 1933 1774 2004 bonisque
1800 1935 1850 1995 B
1877 1940 2042 2005 nitur,
2072 1954 2366 2009 omnesque
2404 1938 2649 2009 corporis
2678 1953 2869 1994 sensus
2896 1939 3071 1992 munit
3112 1947 3167 1993 et
3206 1937 3459 2009 protegit,

177 2024 459 2097 operibus.
483 2024 635 2080 Diem
657 2025 858 2081 malum
887 2024 1116 2097 appellat
1141 2040 1381 2096 praesens
1403 2033 1632 2096 tempus,
1661 2042 1769 2081 non

177 2116 327 2187 quod
356 2131 453 2187 per
480 2131 540 2172 se
583 2117 656 2172 sit
697 2117 932 2183 malum,
961 2117 1052 2173 sed
1095 2117 1221 2188 quia
1260 2118 1429 2173 multa
1456 2118 1596 2172 mala
1624 2119 1678 2173 in
1705 2134 1771 2175 eo

178 2208 340 2266 ﬁant.
374 2208 471 2266 Vel
496 2211 663 2265 etiam
692 2210 833 2266 diem
865 2210 1068 2266 malum
1097 2210 1247 2279 dicit,
1279 2212 1421 2269 diem
1449 2211 1638 2283 judicii
1659 2253 1674 2279 ,
1715 2212 1770 2267 in

176 2316 293 2372 quo
315 2317 504 2357 omnes
532 2301 659 2356 mali
685 2302 1105 2357 damnabuntur.

257 2391 403 2448 State
449 2410 571 2464 ergo
612 2394 863 2447 succincti
903 2391 1105 2447 lumbos
1147 2403 1340 2448 vestros
1380 2393 1436 2447 in
1483 2393 1768 2448 veritatem.

179 2482 427 2542 Lumbos
475 2486 873 2557 succingimus,
924 2501 1047 2541 cum
1090 2485 1360 2541 luxuriam
1410 2484 1768 2541 refrenamus.

179 2574 363 2642 State,
388 2576 591 2647 inquit,
625 2576 679 2631 in
728 2575 861 2643 ﬁde,
895 2576 949 2630 in
978 2576 1121 2631 bono
1163 2590 1349 2646 Opere,
1381 2584 1437 2631 et
1462 2576 1773 2647 restringite

177 2667 399 2723 lumbos
423 2682 453 2722 a
476 2667 717 2734 luxuria,
746 2668 839 2723 ubi
868 2668 1103 2723 maxime
1130 2668 1291 2740 viget,
1325 2676 1381 2723 et
1406 2668 1510 2723 hoc
1540 2669 1591 2722 in
1632 2667 1774 2722 veri-

178 2770 300 2817 tate
326 2759 511 2828 I'acite,
542 2777 649 2817 non
680 2762 733 2816 in
766 2762 1065 2828 mendacio,
1096 2776 1270 2831 neque
1299 2778 1397 2833 per
1423 2763 1771 2833 bypocrisim,

176 2868 366 2924 neque
405 2861 466 2908 ut
507 2852 722 2910 laudem
749 2853 1026 2908 hominum
1050 2854 1310 2923 capiatis;
1356 2853 1439 2907 vel
1469 2852 1522 2907 in
1548 2854 1777 2909 veritate

178 2947 342 3013 dicit,
370 2946 525 3016 quasi
552 2960 652 3017 pro
677 2959 865 3000 amore
901 2944 1141 3001 nominis
1167 2945 1385 3009 Christi,
1411 2946 1501 3015 qui
1526 2953 1610 2999 est
1636 2947 1777 3000 veri-

176 3047 295 3095 tas.
347 3037 532 3093 Induti
575 3038 795 3093 loricam
836 3035 1082 3107 justitite.
1142 3036 1305 3092 Recte
1348 3036 1559 3105 justitia
1600 3037 1777 3092 lorica:

175 3134 557 3199 comparatur,
605 3128 731 3197 quia
776 3128 917 3183 sicut
969 3127 1135 3183 lorica
1176 3127 1362 3183 multis
1391 3127 1610 3183 circulis
1643 3143 1773 3183 con-

177 3219 413 3285 texitur,
444 3218 519 3274 ita
552 3215 762 3287 iustitia
793 3215 975 3273 multis
999 3217 1291 3273 virtutibus
1311 3226 1546 3274 constat.
1573 3218 1771 3275 Aliter:

1875 2034 2049 2089 visum
2072 2033 2323 2089 videlicet
2346 2033 2399 2087 in
2428 2032 2622 2099 oculis;
2645 2033 2884 2087 auditmn
2913 2033 2964 2087 in
2988 2032 3229 2098 auribus,
3248 2039 3463 2103 gustum

1874 2126 1927 2181 in
1954 2142 2069 2193 ore,
2102 2126 2359 2181 olfactum
2392 2126 2445 2180 in
2474 2126 2721 2189 naribus,
2763 2134 2963 2181 tactum
2994 2127 3046 2180 in
3075 2134 3188 2181 toto
3216 2139 3461 2195 corpore.

1873 2218 2011 2286 Quid
2042 2220 2295 2274 debemus
2340 2232 2468 2289 ergo
2504 2217 2802 2288 intelligere
2841 2218 3198 2288 pergaleam,
3232 2232 3370 2287 qum,
3405 2223 3466 2272 ut

1872 2315 2129 2379 diximus,
2161 2330 2350 2369 omnes
2376 2329 2566 2369 sensus
2595 2314 2838 2384 corporis
2877 2313 3151 2383 protegit?
3174 2311 3465 2367 Dominum

1873 2407 2055 2463 lesum
2103 2406 2375 2462 Christum
2422 2414 2476 2461 et
2519 2406 2911 2476 protectionem
2957 2406 3136 2472 illius;
3174 2422 3270 2476 per
3300 2409 3464 2475 caput

1874 2516 2002 2556 vero
2050 2511 2307 2564 mentem,
2340 2500 2465 2569 quia
2501 2500 2642 2554 sicut
2687 2499 2862 2569 capite
2904 2507 3166 2569 reguntur
3197 2496 3461 2561 membra,

1876 2594 1949 2649 ita
1977 2594 2332 2664 cogitationes
2371 2602 2550 2649 mente
2589 2593 2968 2663 disponuntur.
2999 2593 3273 2648 Ponamus
3300 2592 3466 2661 igitur

1875 2685 2081 2757 galeam
2109 2685 2163 2738 in
2205 2684 2403 2753 capite,
2436 2683 2490 2738 id
2516 2691 2599 2738 est
2626 2683 3023 2753 protectionem
3052 2682 3249 2738 Christi
3281 2684 3465 2736 recon-‘

1877 2780 2066 2833 damus
2112 2777 2165 2831 in
2211 2786 2421 2833 secreto
2470 2776 2668 2833 mentis
2716 2785 2946 2843 DOSU‘IB,
2977 2777 3240 2833 habentes
3282 2776 3336 2830 in
3376 2774 3465 2829 illo

1876 2869 2150 2934 ﬁduciam,
2208 2885 2314 2924 non
2372 2869 2425 2924 in
2469 2870 2903 2940 nobismetipsis,
2956 2877 3010 2924 et
3058 2869 3175 2939 ipse
3227 2867 3465 2923 tuebitur

1876 2976 2067 3016 omnes
2113 2976 2305 3015 sensus
2357 2969 2594 3024 nostros,
2622 2976 2691 3014 ne
2725 2976 2756 3014 a
2788 2958 3001 3015 diabolo
3041 2959 3199 3014 hoste
3243 2958 3467 3027 antiquo

1876 3053 2084 3123 possint
2119 3051 2425 3117 vulnerari;
2466 3062 2514 3105 et
2553 3050 2788 3121 gladium
2817 3052 3053 3122 spiritus,
3087 3050 3226 3122 quod
3250 3059 3321 3103 est
3354 3066 3466 3104 eer-

1878 3143 2000 3196 bum
2035 3141 2151 3207 Dei,
2179 3140 2437 3197 subaudis
2464 3141 2734 3195 assumite.
2770 3138 2991 3195 Gladius
3022 3138 3258 3209 Spiritus
3292 3136 3466 3193 sancti

1879 3233 2203 3303 intelligitur
2248 3232 2475 3287 verbum
2533 3231 2651 3297 Dei,
2708 3239 2767 3284 ut
2818 3228 3109 3302 Apostolus
3152 3230 3248 3295 ait,
3285 3228 3339 3283 id
3385 3235 3470 3284 est

170 3309 398 3384 iustitia
426 3310 628 3365 etenim
665 3308 848 3367 lorica:
874 3319 1051 3381 potest
1098 3312 1437 3383 comparari,
1477 3312 1602 3381 quia
1633 3313 1773 3368 sicut

1878 3326 2123 3381 doetrina
2171 3333 2225 3381 et
2270 3324 2495 3379 scicntia
2539 3323 2841 3380 divinarum
2892 3323 3317 3395 Scripturarum,
3348 3337 3468 3393 quae

176 3407 362 3464 lorica
388 3414 579 3478 pectus
604 3405 802 3473 munit,
825 3415 1068 3462 ventrem
1099 3407 1335 3478 stringit,
1364 3406 1570 3463 femora
1593 3417 1776 3480 prote-

178 3501 293 3574 git,
325 3500 396 3554 ita
413 3499 622 3570 iustitia
642 3497 941 3569 superﬂuas
971 3498 1321 3570 cogitationes
1340 3513 1460 3566 qua:
1482 3498 1536 3552 in
1557 3509 1777 3569 pectore

176 3591 403 3652 versari
433 3591 628 3657 solent,
676 3591 917 3663 repellit,
965 3590 1254 3663 ingluviem
1285 3591 1492 3647 ventris
1537 3589 1773 3661 stringit,

179 3681 467 3740 luxuriam
497 3698 711 3754 quoque
745 3681 1073 3753 comprimit.

266 3774 335 3831 Et
354 3773 571 3831 calceati
595 3774 773 3848 pedes,
801 3774 1059 3830 subaudis
1091 3773 1202 3829 sint
1224 3771 1401 3839 vobis,
1423 3775 1479 3827 in
1504 3786 1776 3843 prwpara-

180 3869 387 3925 tionem
413 3866 688 3938 Evangelii
713 3867 890 3936 pacis;
920 3875 976 3920 et
1001 3872 1084 3920 est
1113 3880 1306 3921 sensus
1333 3883 1347 3918 :
1379 3863 1532 3919 Sicut
1562 3864 1651 3919 ille
1683 3865 1777 3934 qui

182 3959 466 4017 calceatus
514 3959 678 4013 habet
710 3957 905 4027 pedes,
931 3962 1210 4024 serpentes
1235 3954 1461 4024 spernit,
1490 3955 1778 4023 spinasque

183 4062 522 4117 omnemque
548 4046 891 4117 asperitatem
906 4045 1029 4100 vitae
1052 4060 1151 4115 pro
1163 4044 1331 4099 nihilo
1343 4044 1508 4107 ducit,
1524 4045 1598 4098 ita
1613 4053 1666 4099 et
1680 4060 1779 4099 vos

184 4138 469 4198 diabolum
497 4146 803 4208 serpentem
823 4136 1122 4213 antiquum,
1155 4136 1336 4206 spinas
1358 4151 1589 4206 quoque,
1618 4136 1670 4192 id
1696 4147 1787 4213 est

184 4228 519 4303 punctiones
542 4229 875 4300 passionum,
904 4212 1228 4299 omnemque
1275 4228 1622 4298 asperitatem
1652 4228 1777 4283 vitae

187 4320 362 4393 hujus
389 4322 741 4388 contemnite,
768 4330 825 4378 et
850 4320 1007 4377 liberi
1038 4322 1105 4377 ad
1134 4321 1569 4393 praedicationem
1602 4321 1777 4376 Evan-

188 4413 322 4489 gelii
349 4413 602 4470 incedite.
630 4414 804 4470 Aliter
836 4433 848 4469 :
880 4429 978 4485 per
1001 4414 1365 4469 calceamenta
1390 4429 1511 4485 qua:
1541 4428 1608 4468 ex
1634 4428 1778 4468 mor-

192 4508 308 4564 tuis
354 4507 679 4563 animalibus
725 4508 890 4574 ﬁunt,
921 4507 1179 4563 debemus
1222 4506 1521 4576 intelligere
1549 4506 1688 4561 dicta
1724 4513 1778 4560 et

188 4599 444 4671 exempla
472 4606 780 4655 sanctorum
804 4610 1015 4671 patrum
1038 4598 1474 4670 praecedentium.
1499 4597 1776 4654 Calceatos

1879 3435 1976 3491 per
2006 3417 2266 3489 Spiritum
2302 3426 2547 3472 sanctum
2573 3415 2730 3470 nobis
2755 3415 3028 3470 tribuitur.
3058 3414 3263 3470 Idcirco
3286 3423 3470 3470 autem

1878 3511 2089 3583 gladius
2113 3509 2434 3582 appellatur,
2454 3508 2580 3579 quia
2604 3507 2761 3563 sicuti
2784 3505 2962 3579 gladio
2987 3506 3242 3578 fugantur
3260 3507 3463 3574 hostes,

1878 3602 1949 3656 ita
1979 3617 2075 3671 per
2100 3600 2465 3672 cognitionem
2495 3598 2802 3652 divinarum
2834 3597 3239 3668 Scripturarum
3277 3606 3469 3670 possu-’

1878 3711 1998 3748 mus
2044 3693 2234 3766 fugare
2270 3707 2459 3747 omnes
2491 3691 2714 3747 insidias
2737 3700 2793 3746 et
2816 3692 2996 3747 omnia
3033 3690 3469 3747 machinamenta

1877 3784 2108 3849 diaboli,
2171 3784 2472 3855 appetendo
2528 3783 2616 3837 illa
2668 3797 2788 3852 quae
2843 3781 3122 3852 Scriptura
3174 3782 3363 3848 docet,
3413 3788 3470 3836 et

1878 3875 2098 3928 vitando
2125 3890 2246 3944 quae
2284 3874 2539 3943 prohibet
2569 3891 2580 3925 :
2616 3882 2669 3927 et
2706 3888 2811 3927 non
2856 3873 3027 3927 solum
3074 3874 3347 3929 daemones
3373 3886 3473 3943 per

1878 3963 1994 4034 ejus
2038 3965 2397 4036 cognitionem
2444 3971 2499 4017 et
2542 3962 2870 4033 adjutorium
2914 3962 3008 4017 Dei
3054 3977 3343 4031 possumus
3372 3978 3469 4017 su-

1878 4072 2095 4129 perare,
2126 4056 2219 4111 sed
2257 4057 2420 4111 etiam
2469 4056 2791 4109 auctoritate
2830 4053 2974 4107 illius
3015 4052 3296 4107 haereticos
3327 4067 3459 4108 con-

1878 4146 2119 4211 vincere,
2148 4154 2199 4199 et
2228 4159 2468 4199 errorem
2499 4143 2713 4199 illorum
2749 4142 3055 4199 destruere.

1950 4236 2153 4303 Gratia,
2208 4237 2259 4291 id
2308 4246 2390 4291 est
2429 4236 2562 4292 ﬁdes
2592 4245 2647 4292 et
2680 4235 2928 4292 rem‘issio
2976 4242 3356 4306 peccatorum,
3398 4235 3470 4291 sit

1877 4330 2032 4383 vobis
2056 4327 2111 4381 in
2133 4327 2539 4397 incorruptione,
2568 4327 2621 4382 id
2643 4335 2727 4382 est
2751 4326 2806 4381 in
2830 4325 3134 4397 integritate
3160 4341 3276 4379 curn
3302 4324 3471 4378 omni-

1880 4423 1973 4476 bus
2026 4421 2115 4492 qui
2140 4410 2365 4489 diligunt
2398 4418 2677 4473 Dominum
2704 4416 2887 4472 Iesum
2913 4415 3202 4472 Christum.
3248 4414 3421 4470 Aliter
3451 4433 3465 4471 :

1878 4512 2086 4577 Gratia,
2116 4512 2167 4565 id
2191 4518 2274 4566 est
2301 4509 2433 4581 ﬁdes
2480 4518 2534 4566 et
2561 4510 2809 4565 remissio
2838 4518 3202 4579 peccatorum,
3239 4508 3469 4565 societas

1879 4612 2080 4658 aeterna
2108 4600 2178 4655 sit
2224 4600 2376 4656 vobis
2426 4616 2548 4656 cum
2578 4598 2829 4655 omnibus
2880 4599 3083 4655 sanctis
3133 4597 3186 4653 in
3218 4601 3468 4653 incorru-

189 4704 327 4769 ergo
359 4691 523 4762 pedes
552 4691 831 4756 habemus,
879 4707 1003 4747 cum
1025 4690 1187 4747 dictis
1209 4699 1263 4747 et
1290 4690 1550 4760 exemplis
1577 4705 1778 4761 praece-
1806 4679 1855 4739 Ι)
1880 4694 2083 4765 ptione,
2120 4694 2226 4749 hoc
2251 4700 2335 4749 est
2382 4692 2435 4747 in
2470 4691 2705 4764 generali
2744 4692 3164 4758 resurrectione,
3186 4691 3277 4746 ubi
3326 4691 3470 4747 acci-

190 4783 441 4840 dentium
490 4792 705 4853 patrum
751 4783 985 4850 muniti,
1035 4784 1213 4839 securi
1260 4783 1327 4838 ad
1372 4783 1775 4853 praedicandum
1883 4787 2029 4858 pient
2059 4801 2245 4841 omnes
2283 4785 2436 4841 electi
2467 4784 2925 4856 incorruptionem
2957 4784 3011 4838 in
3038 4799 3263 4856 corpore
3289 4791 3345 4839 et
3366 4783 3468 4837 im-

195 4872 551 4948 Evangelium
607 4876 755 4948 pacis
809 4877 1134 4932 accedimus.
1192 4876 1538 4949 Evangelium
1597 4885 1776 4932 autem
1880 4877 2262 4933 mortalitatem
2293 4878 2344 4932 in
2372 4878 2584 4943 anima,
2626 4877 2891 4948 fulgentes
2936 4877 3077 4932 sicut
3114 4875 3195 4932 sol
3222 4875 3277 4931 in
3302 4889 3470 4949 regno

192 4969 351 5040 pacis
380 4970 596 5036 dicitur,
626 4970 753 5041 quia
781 4969 854 5025 ibi
884 4971 1192 5025 continetur
1216 4985 1320 5040 pax
1344 4986 1507 5041 quam
1534 4967 1782 5027 Christus
1880 4970 2058 5026 Patris
2089 4971 2197 5037 sui,
2226 4985 2349 5027 cum
2378 4986 2485 5043 quo
2506 4968 2692 5027 felices
2721 4971 2775 5025 in
2794 4968 2990 5025 saecula
3011 4968 3328 5025 seculorum
3360 4982 3472 5022 ma-

195 5058 459 5130 apostolis
479 5058 898 5126 commendavit,
930 5060 1064 5117 etin
1092 5059 1349 5130 apostolis
1376 5059 1626 5115 omnibus
1653 5057 1783 5114 ﬁde—
1883 5061 2107 5118 nebunt.
2138 5059 2334 5116 Amen.

201 5188 3468 5219 ——————.————-———————————.—————-——-—————-—.————————t

719 5320 830 5403 IN
906 5296 1491 5402 EPISTO'LAM
1567 5318 1879 5400 PAULI
1958 5320 2090 5398 AD
2166 5319 2951 5403 PHILIPPENSES.

751 5541 1253 5601 ARGUMENTUM.
1889 5555 1973 5601 ter
1999 5549 2176 5600 autem
2201 5544 2378 5600 omnis
2406 5551 2550 5599 terra
2577 5541 2886 5599 Graecorum
2929 5542 3134 5600 Graecia
3165 5546 3411 5598 vocatur‘
3438 5558 3471 5599 a

280 5630 651 5705 Pbilippenses
678 5643 805 5691 sunt
830 5633 1165 5701 Macedones,
1189 5634 1241 5690 id
1265 5642 1348 5691 est
1360 5633 1551 5691 Graeci.
1578 5632 1787 5691 Gmcia
1889 5636 2078 5693 Graeco
2109 5651 2255 5709 rege,
2284 5644 2343 5691 ut
2369 5634 2592 5691 Servius
2620 5635 2749 5690 dicit
2777 5652 2790 5689 :
2821 5634 2886 5690 Ili
2917 5634 3288 5705 Philippenses
3320 5643 3472 5705 post-

206 5718 353 5785 enim
379 5742 411 5782 a
438 5727 666 5784 diversis
700 5726 915 5799 regibus
959 5728 1179 5798 diversa.
1199 5728 1416 5783 nomina
1459 5728 1649 5783 sortita
1681 5736 1784 5784 est.
1887 5718 2047 5800 quam
2070 5737 2392 5799 acceperunt
2422 5728 2642 5780 verbum
2670 5726 3069 5795 prmdicationis
3094 5727 3161 5781 ab
3186 5724 3463 5797 Apostolo.

210 5808 451 5895 Vocatur
475 5822 619 5877 enim
644 5820 951 5877 Macedonia
980 5837 1010 5876 a
1037 5822 1324 5880 Macedone
1344 5839 1485 5893 rege,
1516 5831 1569 5877 et
1596 5820 1784 5878 Aima-
1886 5821 2053 5878 fortes
2085 5821 2138 5875 in
2185 5820 2287 5875 ﬁde
2322 5818 2393 5872 fu.
2411 5824 2539 5871 runt
2563 5831 2663 5870 nec
2710 5824 3027 5885 receperunt
3052 5816 3219 5876 falsos
3247 5831 3437 5890 aposto
3462 5847 3470 5856 -

188 5908 427 5999 uisa!»
445 5908 723 5986 Ematho,
751 5920 809 5972 et
830 5912 1107 5973 Thessalia
1128 5938 1151 5974 ξι
1174 5912 1436 5973 Thessalo
1466 5934 1477 5971 :
1512 5915 1783 5988 generali-
1884 5915 1984 5981 los,
2012 5915 2151 5973 sicut
2185 5912 2242 5970 in
2267 5915 2586 5983 argumento
2613 5908 2936 5969 ostenditur.

1468 5484 1852 5500 ...υ-
