3996 6458
461 393 567 451 735

514 568 517 569 ν
977 505 1205 564 CAPUT
1245 501 1539 559 PRIMUM.

536 601 761 660 Paulus.
797 602 976 671 Quare
1018 598 1200 670 posuit
1242 610 1439 652 nomen
1486 608 1641 650 suum
1674 593 1727 647 in
1757 587 2052 661 primordio

462 694 758 768 Epistolas?
805 694 875 751 Ut
923 690 1145 762 majoris
1208 688 1549 745 auctoritatis
1602 691 1747 742 esset
1789 681 2048 755 Epistola.

464 787 555 845 Sic
582 803 813 858 namque
847 785 990 842 soliti
1041 791 1168 841 sunt
1225 797 1388 852 agere
1440 795 1595 851 reges
1646 786 1703 834 et
1754 775 2047 849 principes.

462 880 641 949 Quare
688 896 795 936 non
822 878 1061 935 servavit
1090 890 1298 933 morem
1330 890 1507 938 suum,
1560 870 1810 943 ponendo
1857 883 2054 924 nomen

462 970 794 1043 apostolatus
822 970 904 1025 sui
927 970 980 1024 in
1000 966 1233 1039 Epistola
1249 966 1369 1029 hac,
1388 965 1530 1020 sicut
1554 963 1608 1017 in
1629 960 2055 1030 omnibus.pprae-

462 1071 545 1119 ter
568 1064 621 1118 in
647 1062 734 1117 illa
775 1062 842 1118 ad
871 1058 1174 1116 Hebraeos?
1201 1058 1261 1114 lu
1291 1072 1395 1128 qua
1423 1056 1543 1110 ideo
1569 1050 1937 1124 praetermisit,
1988 1066 2055 1103 ne

458 1156 668 1213 utilitas
704 1156 954 1212 lectionis
982 1153 1309 1210 differretur.
1368 1150 1739 1219 Philippenses
1786 1161 1937 1217 ergo,
1996 1153 2056 1199 ut

459 1246 715 1313 diximus,
751 1255 1037 1317 postquam
1064 1257 1163 1315 per
1210 1243 1358 1297 illum
1404 1238 1766 1299 crediderunt,
1825 1253 1930 1292 non
1959 1235 2057 1289 du-

459 1334 772 1390 bitaverunt
793 1336 924 1405 quin
956 1333 1072 1405 ipse
1098 1340 1240 1388 esset
1264 1330 1552 1401 Apostolus
1576 1338 1630 1384 et
1652 1328 1908 1399 magister
1934 1341 2059 1397 gen-

461 1427 619 1493 tium,
658 1428 888 1497 ideoque
914 1441 1020 1480 non
1052 1425 1150 1479 fuit
1177 1438 1399 1479 necesse
1426 1430 1484 1476 ut
1508 1422 1588 1477 cis
1625 1420 1894 1484 scribens,
1924 1434 2056 1488 apo-

464 1519 663 1576 stolum
695 1534 754 1575 se
782 1518 1108 1575 nominaret.
1146 1515 1411 1573 Corinthii
1439 1529 1591 1579 vero,
1615 1513 1821 1568 seducti
1856 1526 1885 1565 a
1908 1510 2059 1567 falsis

464 1611 766 1683 prophetis,
823 1617 1164 1665 recesserunt
1195 1623 1225 1662 a
1256 1606 1383 1673 ﬁde,
1411 1614 1466 1662 et
1493 1606 1876 1662 dubitaverunt
1906 1604 2059 1659 illum

466 1718 588 1759 esse
633 1702 932 1775 apostolum
982 1716 1013 1756 a
1063 1700 1174 1757 Deo
1230 1699 1460 1754 electum
1492 1706 1549 1754 et
1578 1696 2060 1773 inissumtdicen-

465 1804 546 1850 tes
576 1813 589 1849 :
642 1795 781 1851 Vere
816 1792 1015 1849 Paulus
1046 1810 1153 1851 non
1180 1793 1315 1848 vidit
1344 1791 1623 1848 Christum
1668 1793 1723 1847 in
1751 1807 1935 1856 carne,
1965 1807 2060 1846 ne-

933 383 1290 451 HAYMONIS
1330 376 1811 440 HALBERSTAT.
1852 375 2067 434 EPISC.
2114 370 2268 434 OPP.
2307 369 2513 432 PARS.
2554 369 2595 430 1.
2618 368 3061 429 -ΟΟΜΜΕΝΤ.
3102 365 3273 426 BIBL.

2082 496 2137 555 Α
2159 501 2315 559 nant,
2354 508 2463 549 non
2497 499 2582 549 est
2605 505 2827 547 necesse
2853 505 2977 545 cum
3026 501 3263 543 mmrore
3288 501 3470 549 orare,
3512 487 3616 540 sed
3639 490 3773 559 gra‘

3650 367 3769 427 756

2158 587 2263 644 tias
2290 586 2402 643 Deo
2447 586 2711 641 reddere:
2749 598 2849 655 pro
2879 582 2967 638 bis
3007 596 3140 637 vero
3174 579 3266 651 qui
3311 579 3594 647 labuntur,
3638 592 3770 635 cum

2156 679 2359 753 gemitu
2388 689 2443 736 et
2464 693 2700 735 maerore
2729 684 2813 733 est
2843 676 3133 733 orandum.

2230 774 2403 845 Super
2440 771 2909 828 communicatione
2959 778 3152 834 vestra,
3179 767 3232 822 id
3270 774 3377 832 est,
3409 765 3480 820 de
3517 779 3774 820 commu-

2158 866 2319 922 nione
2348 881 2508 936 quam
2560 863 2771 919 habetis
2806 860 3123 925 nobiscum,
3179 858 3265 914 vel
3302 857 3432 928 quia
3478 852 3799 926 recepistis'

2156 928 2503 1027 Evangelium
2534 962 2588 1010 et
2619 953 2989 1025 participastis
3022 950 3143 1006 ﬁdei
3174 949 3329 1018 ejus:
3374 947 3461 1003 vel
3487 948 3659 1002 etiam
3704 945 3776 1002 de
3852 928 3861 943 ’

2158 1047 2536 1103 communione
2561 1053 2615 1099 et
2651 1043 3087 1115 participatione,
3135 1055 3239 1110 qua
3278 1039 3440 1094 nobis
3471 1037 3777 1107 participa-

2159 1139 2258 1194 stis
2313 1139 2367 1193 in
2420 1137 2824 1209 praedicatione,
2879 1135 3005 1205 quia
3053 1133 3361 1205 praadicatis
3390 1131 3509 1200 jam
3545 1131 3693 1185 sicut
3722 1136 3780 1184 et

2160 1243 2293 1293 nos,
2342 1244 2373 1282 a
2401 1229 2570 1297 primo
2622 1227 2728 1292 die,
2766 1226 2819 1281 id
2866 1234 2951 1281 est
2976 1240 3006 1279 a
3039 1222 3334 1295 primordio
3362 1222 3524 1287 ﬁdei,
3578 1221 3781 1290 fratres

2160 1318 2473 1387 conﬁdimus
2505 1317 2559 1372 in
2592 1316 2821 1372 Domino
2864 1314 3016 1380 Jesu,
3046 1315 3171 1385 quia
3211 1314 3301 1385 qui
3330 1312 3486 1383 carpit
3531 1311 3592 1364 in
3633 1310 3780 1365 vobis

2162 1429 2288 1482 opus
2320 1411 2534 1475 bonum,
2575 1409 2627 1465 id
2669 1419 2753 1465 est
2778 1408 3028 1464 Christus
3058 1407 3149 1477 qui
3188 1406 3337 1461 dedit
3360 1405 3520 1461 vobis
3556 1403 3778 1458 initium

2161 1505 2287 1561 ﬁdei
2317 1514 2372 1560 et
2418 1505 2572 1561 home
2609 1502 3073 1565 conversationis,
3108 1499 3259 1555 dabit
3307 1506 3366 1553 et
3412 1512 3781 1568 persevcran-

2161 1597 2294 1653 tiam
2340 1610 2511 1667 usque
2541 1595 2594 1651 in
2624 1596 2768 1650 diem
2819 1593 3044 1660 mortis,
3083 1592 3169 1647 vel
3200 1606 3375 1662 usque
3411 1590 3485 1646 ad
3512 1590 3663 1645 diem
3682 1587 3774 1658 ju-

2162 1691 2286 1747 dicii
2319 1707 2415 1761 per
2447 1687 2872 1745 successionem.

2237 1781 2387 1838 Sicut
2427 1789 2503 1835 est
2535 1781 2665 1835 mihi
2698 1779 2926 1850 justum,
2957 1777 3013 1833 id
3041 1775 3346 1845 estjustum
3374 1783 3462 1832 est
3492 1774 3632 1829 mibi
3675 1773 3779 1828 hoc

467 1902 571 1957 que
598 1888 714 1958 ejus
748 1886 993 1943 doctrina
1018 1894 1106 1942 est
1136 1901 1286 1941 vera.
1336 1884 1383 1940 Α
1412 1901 1518 1955 quo
1549 1900 1771 1940 necesse
1812 1884 1967 1939 duxit
1996 1899 2055 1939 se
2086 1872 2134 1933 B
2163 1875 2461 1945 intelligere
2487 1873 2552 1928 de
2572 1872 2747 1937 vobis,
2770 1871 2895 1942 quia
2917 1869 3305 1942 permanebitis
3325 1867 3383 1921 in
3416 1866 3529 1958 ﬁde
3544 1865 3771 1958 Christi,

466 1977 765 2048 apostolum
819 1977 1138 2044 nominare,
1185 1976 1472 2047 inquiens;
1527 1973 1733 2038 Paulus
1797 1975 2062 2046 apostolus

466 2086 570 2124 non
591 2068 655 2124 ab
687 2068 1008 2136 hominibus,
1039 2085 1202 2141 neque
1223 2085 1315 2138 per
1335 2068 1617 2132 hominem,
1653 2068 1743 2140 sed
1766 2085 1858 2139 per
1879 2066 2064 2122 Iesum

465 2158 734 2216 Christum
789 2170 837 2216 et
900 2160 1069 2215 Deum
1120 2157 1338 2214 Patrem
1386 2158 1592 2231 (Galat.
1636 2160 1701 2231 1).
1771 2158 2064 2215 Sciendum

465 2253 631 2311 etiam
676 2254 834 2311 beato
874 2254 1042 2310 Paulo
1076 2255 1375 2311 revelatum
1418 2269 1538 2310 esse
1571 2269 1669 2325 per
1696 2253 1872 2308 visum
1919 2251 2064 2322 quod

463 2352 900 2424 Philippensibus
927 2354 1154 2408 verbum
1183 2352 1279 2408 Dei
1310 2352 1533 2408 deberet
1560 2351 1878 2421 prmdicare.
1928 2346 2063 2403 Nam

465 2444 715 2515 apparuit
736 2443 808 2510 ei,
835 2452 895 2498 ut
918 2443 1147 2515 legimus
1172 2443 1226 2498 in
1257 2443 1483 2498 Actibus
1511 2441 1878 2512 apostolormn
1917 2439 2056 2512 (cap.

463 2534 600 2605 xw),
631 2535 715 2589 vir
740 2534 980 2601 Macedo,
1005 2535 1302 2605 deprecans
1330 2549 1455 2589 eum
1500 2542 1557 2587 et
1606 2533 1791 2588 dicens
1817 2550 1830 2586 :
1865 2532 2065 2585 Trans-

464 2628 574 2683 iens
601 2627 654 2684 in
678 2628 1068 2695 Macedoniam,
1095 2629 1293 2700 adjuva
1320 2646 1430 2683 nos.
1477 2627 1578 2697 Qui
1608 2629 1693 2683 vir
1720 2627 1944 2698 angelus
1969 2629 2064 2684 Dei

449 2718 634 2793 fuisse
654 2721 894 2776 creditur
922 2719 995 2774 illi
1022 2720 1167 2791 genti
1191 2720 1399 2791 positus
1424 2737 1452 2773 a
1468 2720 1600 2775 Deo.
1648 2717 1717 2773 Et
1743 2718 2063 2774 Timotheus.

467 2812 647 2882 Quare
687 2814 1066 2884 interponebat
1094 2814 1313 2868 nomina
1353 2813 1739 2884 discipulorum
1767 2812 1819 2867 in
1850 2812 2066 2882 Episto-

466 2904 535 2963 lis
564 2907 717 2963 suis?
768 2905 838 2963 Ut
889 2904 1108 2974 majoris
1139 2905 1479 2961 auctoritatis
1514 2913 1717 2970 essent,
1771 2903 2067 2959 secundum

466 2997 610 3069 quod
641 2997 899 3052 Dominus
948 2997 1119 3051 dixit:
1174 2995 1243 3051 In
1286 3013 1375 3051 ore
1409 2996 1637 3050 duorum
1683 2994 1763 3049 vel
1801 2995 1963 3049 trium
1987 3004 2066 3049 te-

465 3092 626 3147 stium
652 3100 747 3145 stet
778 3106 928 3144 omne
974 3088 1182 3144 verbum
1219 3088 1400 3160 (Deut.
1440 3087 1636 3159 xxvii),
1673 3094 1730 3143 et
1777 3102 1844 3142 ne
1872 3086 2069 3156 aliquis

466 3183 690 3248 diceret,
719 3182 774 3236 in
820 3181 1101 3237 mendacio
1127 3182 1230 3237 ista
1258 3181 1563 3253 excogitata
1605 3190 1750 3246 sunt,
1782 3180 1863 3236 vel
1903 3180 2067 3234 etiam

465 3272 771 3345 complebat
809 3273 923 3344 ipse
963 3273 1255 3344 Apostolus
1292 3273 1437 3343 quod
1466 3272 1723 3328 docuerat
1747 3271 1969 3327 dicens:
2006 3269 2066 3326 Si

462 3358 554 3422 cui
608 3365 892 3421 revelatum
935 3366 1095 3435 fuerit
1147 3365 1344 3420 sedenti
1375 3362 1600 3436 aliquid,
1643 3365 1791 3435 prior
1814 3372 1983 3420 taceat
2010 3363 2063 3436 (Ι

468 3458 591 3515 Cor.
644 3459 776 3532 XIV).
830 3458 965 3514 Nam
1003 3460 1219 3528 quando
1265 3454 1503 3514 dictabat
1532 3458 1839 3527 Epistolas,
1874 3472 2064 3514 omnes

469 3552 716 3621 discipuli
754 3550 871 3620 ejus
895 3551 1121 3605 aderant
1148 3568 1160 3603 :
1191 3558 1246 3605 et
1270 3550 1314 3605 si
1343 3547 1504 3605 alicui
1531 3549 1745 3604 illorum
1775 3549 1882 3604 alia
1907 3564 2064 3605 reve-

470 3641 579 3698 lata
614 3651 818 3708 essent,
853 3657 973 3712 qua:
1009 3642 1124 3712 ipse
1151 3658 1256 3697 non
1286 3642 1531 3709 dicebat,
1580 3651 1673 3697 aut
1701 3641 1861 3699 aliter
1901 3658 2065 3713 quam

471 3732 706 3799 diccbat,
734 3732 859 3802 quia
880 3732 1023 3788 idem
1047 3733 1281 3802 Spiritus
1301 3740 1521 3789 sanctus
1545 3732 1739 3789 eratin
1761 3728 2063 3806 discipulis,

471 3824 644 3896 quiet
680 3825 733 3880 in
764 3824 1023 3898 magistro
1056 3844 1068 3880 :
1098 3825 1257 3882 sicuti
1286 3826 1356 3882 ab
1378 3824 1468 3881 illo
1500 3826 1801 3893 dicebatur,
1854 3827 1927 3881 ita
1965 3843 2065 3898 po-

470 3914 635 3971 nebat
658 3915 747 3971 ille
774 3917 828 3972 in
875 3917 1141 3983 ordinem,
1190 3934 1297 3974 non
1329 3916 1580 3973 invidens
1608 3917 1780 3972 bonus
1810 3918 2068 3990 magister

466 4009 583 4069 suis
629 4008 928 4080 discipulis,
971 4019 1026 4065 et
1072 4010 1294 4081 insuper
1332 4025 1528 4066 nomen
1583 4009 1725 4066 illius
1749 4011 1984 4081 ponebat
2012 4010 2067 4065 in

466 4098 693 4155 exordio
713 4114 835 4156 eum
857 4115 976 4165 suo,
1013 4100 1139 4170 quia
1177 4109 1392 4170 partem
1422 4099 1540 4170 ejus
1566 4100 1816 4157 habebat.
1849 4099 2064 4173 Servus.

470 4190 643 4247 Sicuti
679 4191 1014 4263 gloriabatur
1046 4190 1243 4263 aliquis
1294 4192 1575 4248 consulum
1606 4208 1821 4248 servum
1850 4208 1909 4249 se
1947 4207 2069 4248 esse

471 4284 835 4356 imperatoris,
876 4295 934 4341 ut
969 4285 1384 4343 Andromachus
1436 4303 1627 4343 servus
1653 4287 1958 4353 Octaviani,
1993 4287 2066 4342 ita

469 4384 529 4433 et
560 4377 873 4446 Apostolus,
906 4387 967 4433 ut
1002 4379 1120 4450 ejus
1151 4378 1394 4450 Epistola
1415 4379 1625 4434 ﬁrmior
1645 4387 1809 4445 esset,
1854 4378 2070 4434 dicebat

472 4480 535 4523 se
563 4481 779 4523 servum
808 4483 929 4523 esse
952 4468 1180 4551 Christi,
1232 4470 1472 4525 omnibus
1501 4471 1721 4536 sanctis,
1755 4469 1807 4525 id
1841 4478 1926 4525 est
1951 4484 2070 4524 om-

471 4557 632 4615 nibus
669 4560 1019 4618 sanctiﬁcatis
1059 4561 1116 4618 in
1160 4562 1505 4633 baptismate,
1546 4570 1601 4618 et
1639 4562 1694 4617 in
1729 4576 1795 4618 ea
1820 4559 2065 4617 sanctiﬁ-

472 4649 685 4705 catione
721 4651 1094 4718 manentibus,
1138 4651 1227 4724 qui
1258 4661 1379 4706 sunt
1412 4650 1673 4722 Philippis
1709 4668 1828 4705 cum
1868 4652 2068 4722 episco-

469 4742 572 4813 pis,
610 4743 664 4798 id
712 4754 797 4813 est
843 4760 966 4801 cum
993 4744 1367 4818 presbyteris:
1417 4745 1548 4815 quia
1578 4761 1682 4799 una
1737 4745 1929 4801 civitas
1957 4762 2067 4802 non

470 4844 648 4915 potest
681 4838 879 4893 habere
907 4838 1092 4909 plures
1120 4838 1423 4909 episcopos.
1472 4837 1733 4908 Philippis
1762 4846 1846 4894 est
1876 4838 2068 4896 civitas

470 4925 715 4995 Graecia,
744 4944 904 5001 quam
944 4929 1242 4996 aediﬁcavit,
1268 4927 1547 5002 Philippus
1575 4939 1730 5000 pater
1782 4929 2067 5002 adoptivus

469 5017 784 5087 Alexandri,
826 5036 1026 5077 vocans
1055 5036 1174 5078 eam
1201 5021 1421 5077 nomine
1443 5037 1541 5077 suo
1564 5020 1858 5092 Philippis;
1886 5032 1932 5077 et
1954 5021 2069 5077 dia-

469 5110 706 5179 conibus,
735 5111 992 5169 subaudis
1030 5112 1102 5168 sit
1130 5113 1277 5167 salus
1302 5121 1356 5169 et
1383 5111 1631 5170 remissio
1661 5123 2029 5187 peccatorum.

543 5199 754 5258 Gratias
783 5219 881 5274 ago
918 5202 1026 5257 Deo
1064 5218 1174 5258 meo
1208 5203 1263 5258 iu
1307 5206 1450 5259 omni
1502 5205 1754 5260 memoria
1784 5206 1960 5272 vestri,
2008 5204 2067 5262 id

471 5305 575 5362 est,
611 5297 665 5352 in
689 5298 950 5353 memoria
980 5297 1105 5354 ﬁdei
1138 5310 1363 5367 vestrae,
1419 5301 1472 5356 in
1511 5317 1618 5373 qua
1658 5301 1827 5357 solide
1853 5317 2065 5371 perma-

474 5392 635 5456 netis,
677 5391 880 5463 gratias
915 5389 1083 5448 reddo
1123 5392 1254 5459 Deo,
1300 5393 1384 5447 vel
1411 5409 1622 5450 memor
1665 5393 1836 5449 vestri
1861 5410 2065 5463 semper

469 5481 523 5565 in
567 5483 693 5539 meis
725 5484 1052 5541 orationibus
1092 5487 1292 5556 gratias
1321 5503 1421 5559 ago
1455 5486 1552 5553 illi,
1603 5488 1695 5558 qui
1744 5502 1840 5542 vos
1870 5487 2067 5542 conﬁr-

470 5568 581 5631 mat
615 5592 828 5649 semper
858 5581 911 5635 in
944 5579 1063 5635 ﬁde.

541 5666 673 5722 Cum
700 5671 912 5740 gaudio,
950 5671 1207 5725 subaudis
1246 5672 1499 5741 spiritali,
1532 5671 1945 5742 deprecationem
1975 5672 2061 5742 fa-

469 5763 629 5827 ciens,
662 5780 766 5819 non
798 5781 920 5819 cum
969 5779 1222 5820 mmrorc.
1260 5765 1365 5820 Pro
1395 5766 1499 5820 illis
1529 5766 1619 5836 qui
1656 5766 1707 5820 in
1735 5765 1839 5822 ﬁde
1876 5754 2062 5838 perse-

466 5865 663 5915 verant
701 5866 757 5912 et
794 5856 957 5914 ﬁdem
995 5871 1161 5935 quam
1183 5867 1399 5928 tenent,
1428 5860 1585 5919 bonis
1615 5860 1872 5932 operibus
1901 5876 2061 5917 exor-

2164 1976 2219 2023 et
2248 1966 2371 2021 ideo
2400 1965 2570 2020 debeo
2593 1964 2829 2036 gaudere
2858 1970 2914 2017 et
2940 1962 3035 2016 hoc
3058 1961 3274 2027 sentire,
3312 1959 3367 2015 id
3396 1966 3486 2013 est
3506 1957 3773 2025 intelligis.

2165 2074 2246 2123 re,
2290 2074 2348 2111 eo
2379 2055 2518 2128 quod
2547 2054 2767 2109 habeam
2797 2069 2886 2108 vos
2905 2053 2989 2116 .in
3026 2049 3182 2105 corde
3207 2059 3258 2105 et
3288 2049 3346 2104 in
3371 2047 3602 2104 vinculis
3629 2049 3775 2114 meis,

2164 2150 2422 2211 subaudis
2457 2149 2620 2203 vestri
2656 2147 2996 2203 reminiscor.
3058 2184 3065 2187 -

2237 2263 2402 2319 Testis
2427 2272 2504 2317 est
2542 2260 2669 2317 mihi
2704 2260 2847 2315 Deus
2870 2259 3132 2331 quomodo
3159 2274 3247 2313 vos
3274 2257 3493 2328 cupiam
3526 2256 3583 2309 in
3626 2256 3779 2309 visce-

2167 2357 2309 2411 ribus
2338 2355 2469 2411 Jesu
2499 2351 2714 2409 Christi.
2766 2353 2986 2409 Viscera
3022 2350 3279 2408 dicuntur
3325 2349 3468 2407 ﬁlii:
3514 2358 3573 2405 et
3602 2349 3780 2403 viscus

2166 2450 2362 2506 dicitur
2384 2447 2643 2521 quidquid
2665 2447 2806 2501 intra
2827 2445 3036 2502 corium
3063 2452 3166 2500 est.
3200 2443 3325 2498 Ideo
3356 2443 3582 2498 duobus
3610 2441 3779 2495 modis

2166 2541 2502 2613 intelligitur.
2535 2540 2726 2611 Cupio,
2782 2536 3064 2608 inquiens,
3118 2551 3308 2591 omnes
3353 2551 3456 2590 vos
3514 2532 3778 2588 ﬁliosDei

2165 2649 2307 2700 esse,
2338 2632 2423 2688 vel
2451 2631 2610 2703 cupio
2636 2640 2698 2685 ut
2738 2630 2856 2701 ipse
2890 2630 2962 2685 sit
2989 2628 3252 2699 templum
3279 2636 3557 2690 vestrum,
3590 2632 3650 2679 et
3689 2638 3778 2677 vos

2166 2725 2631 2783 communicantes
2658 2721 2874 2794 corpori
2897 2731 2952 2777 et
2977 2721 3228 2794 sanguini
3258 2717 3378 2788 ejus
3419 2718 3699 2776 maneatis
3726 2716 3777 2770 in

2169 2822 2281 2878 illo.

2238 2915 2309 2970 Et
2334 2916 2431 2969 hoc
2462 2930 2554 2969 oro
2600 2922 2655 2967 ut
2702 2912 2934 2969 Charitas
2980 2919 3175 2975 vestra,
3216 2916 3271 2963 et
3317 2915 3549 2972 caetera,
3590 2906 3647 2960 id
3675 2914 3775 2971 est,

2167 3007 2308 3063 sicut
2349 3006 2482 3061 ﬁdes
2535 3005 2698 3061 habet
2738 3005 2985 3070 initium,
3043 3002 3210 3057 habet
3260 3000 3674 3054 incrementum
3726 3012 3780 3052 et

2167 3102 2584 3171 perfectionem,
2617 3101 2692 3155 ita
2744 3099 3007 3154 charitas.
3041 3095 3168 3163 Oro,
3214 3094 3412 3187 intulit,
3446 3103 3511 3147 ut
3553 3108 3666 3146 non
3702 3108 3779 3147 so-

2168 3194 2278 3250 lum
2310 3195 2364 3250 in
2412 3194 2582 3249 Deum
2608 3201 2662 3247 et
2687 3191 3016 3264 proximum,
3066 3190 3161 3245 sed
3206 3186 3370 3243 etiam
3414 3186 3487 3241 ad
3529 3186 3780 3239 inimicos

2094 3256 2139 3319 θ
2169 3285 2493 3341 extendatur
2544 3284 2785 3339 charitas
2831 3291 3049 3348 vestra,
3096 3281 3152 3334 in
3201 3279 3461 3343 scientia,
3518 3276 3777 3331 subaudis

2165 3379 2320 3452 legis,
2346 3390 2395 3434 et
2425 3381 2479 3434 in
2513 3379 2654 3433 omni
2681 3394 2858 3441 sensu,
2890 3377 2944 3431 id
2969 3384 3053 3431 est
3092 3372 3338 3429 doctrina
3363 3370 3694 3442 Evangelii,
3728 3377 3777 3422 ut

2164 3472 2413 3541 probetis,
2453 3470 2509 3526 id
2545 3478 2630 3527 est
2674 3468 2986 3540 intelligatis
3033 3465 3238 3536 majora
3266 3465 3332 3520 de
3358 3465 3475 3520 Deo
3498 3504 3516 3528 ,
3572 3474 3631 3517 ut
3670 3463 3776 3516 sitis

2165 3564 2375 3629 sinceri,
2407 3564 2459 3619 id
2480 3572 2567 3619 est
2592 3562 2817 3634 perfecti
2856 3562 2910 3617 in
2937 3561 3071 3625 Deo,
3096 3568 3154 3614 et
3172 3558 3300 3624 ﬁde,
3342 3557 3479 3613 etin
3505 3556 3663 3612 omni
3692 3558 3778 3610 bo-

2167 3658 2355 3713 nitate.
2384 3657 2629 3714 Sinceris
2664 3656 2892 3711 materia
2915 3663 2999 3709 est
3027 3652 3198 3709 solida
3218 3660 3276 3706 et
3302 3652 3488 3714 ﬁrma,
3519 3665 3648 3720 qua:
3668 3648 3777 3704 nul‘

2166 3749 2271 3806 lius
2299 3749 2378 3805 rei
2413 3750 2675 3804 varietate
2711 3746 3035 3812 maculatur,
3069 3744 3146 3798 ita
3169 3742 3331 3799 debet
3358 3749 3416 3794 et
3442 3739 3583 3795 ﬁdes
3608 3739 3776 3795 solida

2167 3857 2307 3898 esse.
2354 3840 2482 3897 Sine
2512 3841 2738 3911 offensa,
2775 3838 2829 3894 id
2859 3846 2983 3901 est,
3026 3837 3147 3893 sine
3186 3832 3512 3897 offensione,
3554 3831 3611 3885 in
3641 3832 3775 3884 dies:

2159 3931 2375 4003 judicii,
2422 3929 2600 4002 repleti
2638 3929 2816 3999 [ructu
2861 3928 3108 3999 justitiw,
3154 3925 3208 3981 id
3254 3932 3377 3990 est,
3422 3922 3549 3978 sitis
3579 3920 3773 3991 repleti

2167 4023 2420 4079 omnibus
2443 4022 2754 4088 virtutibus,
2781 4022 2846 4077 de
2870 4019 3068 4090 quibus
3097 4018 3231 4074 dicit
3257 4016 3552 4086 Apostolus
3580 4033 3594 4069 :
3641 4012 3775 4067 Fru-

2171 4123 2286 4168 ctus
2310 4123 2485 4168 autem
2532 4111 2761 4185 Spiritus
2793 4121 2865 4166 est
2897 4110 3171 4183 gaudium,
3201 4126 3305 4179 pas:
3342 4106 3486 4177 (Cal.
3531 4107 3609 4177 v),
3665 4116 3768 4160 etc.

2169 4199 2238 4254 In
2264 4199 2490 4271 gloriam
2517 4210 2564 4253 et
2590 4199 2802 4253 laudem
2830 4197 2950 4264 Dei,
2980 4206 3039 4252 ut
3065 4194 3401 4268 gloriﬁcetur
3424 4194 3571 4248 Deus
3597 4194 3653 4246 in
3683 4209 3770 4247 vo-

2169 4293 2253 4357 bis
2301 4301 2357 4349 et
2388 4292 2651 4348 Dominus
2684 4290 2843 4347 Jesus
2894 4289 3185 4357 laudetur,
3232 4303 3330 4360 per
3376 4301 3541 4358 quem
3588 4285 3769 4340 omnia

2167 4385 2308 4441 bona
2339 4384 2620 4441 habemus.

2240 4473 2387 4531 Scire
2430 4486 2608 4530 autem
2634 4491 2719 4530 vos
2747 4475 2862 4529 volo
2885 4515 2901 4540 ,
2950 4473 3165 4544 fratres,
3193 4473 3318 4543 quia
3360 4487 3479 4542 qua?
3512 4471 3657 4523 circa
3692 4484 3768 4521 me

2170 4578 2313 4636 sunt,
2342 4571 2508 4641 magis
2529 4569 2597 4623 ad
2620 4569 2909 4640 profectum
2942 4575 3187 4621 venerunt
3239 4564 3533 4635 Evangelii.
3582 4562 3767 4617 Sciens

2170 4661 2362 4716 beatus
2384 4658 2674 4731 Apostolus
2695 4658 3068 4728 Philippenses
3096 4654 3409 4711 contristari
3436 4654 3504 4708 de
3534 4653 3650 4707 suis
3675 4652 3767 4706 tri-

2168 4750 2534 4806 bulationibus
2558 4758 2614 4805 et
2641 4748 2926 4804 condolere
2955 4747 3021 4801 de
3067 4746 3184 4801 suis
3213 4743 3645 4807 inﬁrmitatibus,
3703 4758 3769 4796 ne

2169 4840 2244 4896 illi
2275 4838 2568 4895 deﬁcerent
2600 4839 2652 4892 in
2687 4838 2788 4893 ﬁde
2808 4879 2822 4903 ,
2852 4836 3137 4892 audientes
3164 4850 3285 4890 eum
3310 4833 3437 4888 talia
3462 4834 3599 4904 pati,
3636 4832 3769 4888 serio

2169 4930 2334 4987 hebat
2354 4932 2433 4987 eis
2463 4931 2647 4986 dicens
2672 4950 2684 4985 :
2741 4929 2865 4985 Scio
2888 4929 3105 4999 quidem
3132 4943 3226 4983 vos
3252 4928 3491 4998 compati
3530 4927 3767 4982 atllictio-

2170 5023 2330 5079 nihus
2366 5025 2520 5091 meis,
2576 5025 2670 5080 sed
2718 5024 3061 5078 innotescere
3111 5022 3266 5078 vobis
3310 5020 3423 5075 volo
3482 5024 3610 5093 quia
3650 5036 3765 5091 qua

2175 5118 2317 5172 circa
2342 5133 2425 5171 me
2459 5126 2610 5181 sunt,
2666 5114 2876 5172 vincula
2926 5113 3199 5180 videlicet,
3255 5129 3447 5169 carcer
3476 5123 3531 5170 et
3558 5115 3763 5185 cippus,

2171 5208 2339 5279 magis
2366 5207 2435 5262 ad
2456 5205 2767 5279 profectum,
2800 5206 2852 5263 id
2873 5215 2980 5272 est,
3008 5206 3077 5262 ad
3114 5204 3404 5261 utilitatem
3431 5214 3487 5262 et
3513 5222 3766 5278 augmen-

2170 5311 2285 5355 tum
2325 5308 2449 5354 snnt
2473 5296 2770 5369 Evangelii,
2802 5313 2968 5368 quam
2998 5296 3067 5351 ad
3095 5296 3567 5352 contrarietatem.
3605 5296 3691 5349 Ita
3712 5304 3762 5347 ut

2170 5390 2374 5447 vincula
2405 5407 2521 5444 mea
2571 5390 2625 5444 in
2652 5388 2876 5454 Christo,
2930 5389 2983 5444 id
3016 5397 3115 5452 est,
3166 5404 3288 5460 qua:
3316 5406 3423 5445 non
3464 5404 3563 5459 pro
3591 5387 3764 5457 aliquo

2171 5483 2276 5537 alio
2310 5482 2540 5537 crimine
2566 5481 2830 5545 sustineo,
2860 5481 2952 5535 sed
2983 5489 3203 5551 propter
3229 5479 3510 5535 Christum
3531 5521 3548 5546 ,
3598 5477 3764 5533 mani-

2171 5575 2305 5645 festa
2342 5574 2522 5644 ﬁerent
2566 5572 2784 5628 inomni
2827 5574 3075 5643 prwtorio
3120 5581 3168 5627 et
3199 5574 3251 5626 in
3276 5572 3481 5626 creteris
3529 5572 3763 5625 omnibus

2167 5667 2319 5723 locis.
2354 5666 2557 5720 Praetor
2587 5666 2783 5721 dicitur
2809 5680 2838 5719 a
2864 5666 3155 5734 przeeundo
3183 5673 3235 5720 et
3261 5664 3415 5734 quasi
3448 5674 3760 5735 praeceptor,

2170 5762 2295 5833 quia
2317 5770 2585 5832 praecepta
2617 5760 2706 5814 dat
2731 5760 2948 5830 populo.
2998 5759 3315 5815 Prretorium
3352 5770 3533 5814 autem
3574 5760 3764 5815 dicitur

2171 5857 2325 5928 quasi
2364 5853 2799 5929 praeceptorium,
2832 5868 2898 5911 eo
2935 5855 3080 5927 quod
3107 5854 3184 5915 ibi
3202 5863 3469 5929 praetores
3488 5854 3601 5913 sive
3624 5864 3761 5925 pra:-
