  <div class='ocr_page' id='page_1' title='image "/cluster/home/n/w/nwhite01/storage/ocr_20150623/117/hvd.32044015466899/374.png"; bbox 0 0 3996 6446; ppageno 0'>
   <div class='ocr_carea' id='block_1_1' title="bbox 246 423 352 482">
    <p class='ocr_par' dir='ltr' id='par_1_1' title="bbox 246 423 352 482">
     <span class='ocr_line' id='line_1_1' title="bbox 246 423 352 482; baseline 0 -1"><span class='ocrx_word' id='word_1_1' title='bbox 246 423 352 482; x_wconf 75' lang='lat'><strong>75&#39;!</strong></span> 
     </span>
    </p>
   </div>
   <div class='ocr_carea' id='block_1_2' title="bbox 891 421 2860 488">
    <p class='ocr_par' dir='ltr' id='par_1_2' title="bbox 891 421 2860 488">
     <span class='ocr_line' id='line_1_2' title="bbox 891 421 2860 488; baseline 0.004 -10"><span class='ocrx_word' id='word_1_2' title='bbox 891 421 1257 482; x_wconf 80' lang='lat' dir='ltr'><strong>EXPOSITIO</strong></span> <span class='ocrx_word' id='word_1_3' title='bbox 1294 424 1362 481; x_wconf 89' lang='lat' dir='ltr'><strong>lN</strong></span> <span class='ocrx_word' id='word_1_4' title='bbox 1402 421 1554 481; x_wconf 84' lang='lat' dir='ltr'><strong>EPP.</strong></span> <span class='ocrx_word' id='word_1_5' title='bbox 1589 423 1650 481; x_wconf 90' lang='lat' dir='ltr'><strong>S.</strong></span> <span class='ocrx_word' id='word_1_6' title='bbox 1693 423 1923 483; x_wconf 83' lang='lat' dir='ltr'><strong>PAULI.</strong></span> <span class='ocrx_word' id='word_1_7' title='bbox 1963 454 2035 468; x_wconf 94' lang='lat'><strong>-—</strong></span> <span class='ocrx_word' id='word_1_8' title='bbox 2071 423 2140 481; x_wconf 84' lang='lat' dir='ltr'><strong>IN</strong></span> <span class='ocrx_word' id='word_1_9' title='bbox 2179 424 2400 485; x_wconf 83' lang='lat' dir='ltr'><strong>EPIST.</strong></span> <span class='ocrx_word' id='word_1_10' title='bbox 2441 426 2534 486; x_wconf 79' lang='lat' dir='ltr'><strong>AD</strong></span> <span class='ocrx_word' id='word_1_11' title='bbox 2571 426 2860 488; x_wconf 76' lang='lat' dir='ltr'><strong>PHILIPP.</strong></span> 
     </span>
    </p>
   </div>
   <div class='ocr_carea' id='block_1_3' title="bbox 3419 421 3522 490">
    <p class='ocr_par' dir='ltr' id='par_1_3' title="bbox 3419 421 3522 490">
     <span class='ocr_line' id='line_1_3' title="bbox 3419 421 3522 490; baseline 0.019 -2"><span class='ocrx_word' id='word_1_12' title='bbox 3419 421 3522 490; x_wconf 81' lang='lat'><strong>738</strong></span> 
     </span>
    </p>
   </div>
   <div class='ocr_carea' id='block_1_4' title="bbox 242 539 3524 624">
    <p class='ocr_par' dir='ltr' id='par_1_4' title="bbox 242 539 3524 624">
     <span class='ocr_line' id='line_1_4' title="bbox 242 539 3524 624; baseline 0.003 -26"><span class='ocrx_word' id='word_1_13' title='bbox 242 549 491 613; x_wconf 88' lang='lat' dir='ltr'><strong>ceptores</strong></span> <span class='ocrx_word' id='word_1_14' title='bbox 518 539 836 612; x_wconf 66' lang='lat' dir='ltr'><strong>etprtel‘ecti</strong></span> <span class='ocrx_word' id='word_1_15' title='bbox 863 540 1087 596; x_wconf 85' lang='lat' dir='ltr'><strong>sedeam</strong></span> <span class='ocrx_word' id='word_1_16' title='bbox 1109 542 1173 596; x_wconf 91' lang='lat' dir='ltr'><strong>ad</strong></span> <span class='ocrx_word' id='word_1_17' title='bbox 1207 541 1543 597; x_wconf 79' lang='lat' dir='ltr'><strong>discutienda</strong></span> <span class='ocrx_word' id='word_1_18' title='bbox 1590 542 1837 611; x_wconf 74' lang='lat' dir='ltr'><strong>quzedam</strong></span> <span class='ocrx_word' id='word_1_19' title='bbox 1863 548 1913 608; x_wconf 78' lang='grc' dir='ltr'><strong>Α</strong></span> <span class='ocrx_word' id='word_1_20' title='bbox 1941 556 2162 596; x_wconf 89' lang='lat' dir='ltr'><strong>moveor</strong></span> <span class='ocrx_word' id='word_1_21' title='bbox 2198 542 2252 597; x_wconf 93' lang='lat' dir='ltr'><strong>in</strong></span> <span class='ocrx_word' id='word_1_22' title='bbox 2285 543 2542 600; x_wconf 73' lang='lat' dir='ltr'><strong>tristitia?</strong></span> <span class='ocrx_word' id='word_1_23' title='bbox 2574 545 2691 601; x_wconf 88' lang='lat' dir='ltr'><strong>Sive</strong></span> <span class='ocrx_word' id='word_1_24' title='bbox 2717 563 2809 617; x_wconf 87' lang='lat' dir='ltr'><strong>per</strong></span> <span class='ocrx_word' id='word_1_25' title='bbox 2831 550 3173 616; x_wconf 76' lang='lat' dir='ltr'><strong>occasionem,</strong></span> <span class='ocrx_word' id='word_1_26' title='bbox 3201 549 3255 606; x_wconf 88' lang='lat' dir='ltr'><strong>id</strong></span> <span class='ocrx_word' id='word_1_27' title='bbox 3301 561 3403 618; x_wconf 87' lang='lat' dir='ltr'><strong>est,</strong></span> <span class='ocrx_word' id='word_1_28' title='bbox 3425 567 3524 624; x_wconf 90' lang='lat' dir='ltr'><strong>per</strong></span> 
     </span>
    </p>
   </div>
   <div class='ocr_carea' id='block_1_5' title="bbox 241 630 3525 708">
    <p class='ocr_par' dir='ltr' id='par_1_5' title="bbox 241 630 3525 708">
     <span class='ocr_line' id='line_1_5' title="bbox 241 630 3525 708; baseline 0.004 -20"><span class='ocrx_word' id='word_1_29' title='bbox 241 641 577 704; x_wconf 72' lang='lat' dir='ltr'><strong>etprtecepta</strong></span> <span class='ocrx_word' id='word_1_30' title='bbox 604 632 798 687; x_wconf 89' lang='lat' dir='ltr'><strong>danda.</strong></span> <span class='ocrx_word' id='word_1_31' title='bbox 830 630 1092 687; x_wconf 83' lang='lat' dir='ltr'><strong>Veniente</strong></span> <span class='ocrx_word' id='word_1_32' title='bbox 1117 648 1246 704; x_wconf 87' lang='lat' dir='ltr'><strong>ergo</strong></span> <span class='ocrx_word' id='word_1_33' title='bbox 1269 635 1426 688; x_wconf 85' lang='lat' dir='ltr'><strong>beato</strong></span> <span class='ocrx_word' id='word_1_34' title='bbox 1445 633 1702 704; x_wconf 80' lang='lat' dir='ltr'><strong>Apostolo</strong></span> <span class='ocrx_word' id='word_1_35' title='bbox 1731 633 1837 688; x_wconf 85' lang='lat' dir='ltr'><strong>Ro-</strong></span> <span class='ocrx_word' id='word_1_36' title='bbox 1937 633 2191 687; x_wconf 91' lang='lat' dir='ltr'><strong>invidiam</strong></span> <span class='ocrx_word' id='word_1_37' title='bbox 2237 642 2292 688; x_wconf 92' lang='lat' dir='ltr'><strong>et</strong></span> <span class='ocrx_word' id='word_1_38' title='bbox 2338 651 2444 688; x_wconf 93' lang='lat' dir='ltr'><strong>non</strong></span> <span class='ocrx_word' id='word_1_39' title='bbox 2480 637 2712 703; x_wconf 85' lang='lat' dir='ltr'><strong>sincere,</strong></span> <span class='ocrx_word' id='word_1_40' title='bbox 2737 639 2841 691; x_wconf 84' lang='lat' dir='ltr'><strong>sive</strong></span> <span class='ocrx_word' id='word_1_41' title='bbox 2881 656 2973 708; x_wconf 88' lang='lat' dir='ltr'><strong>per</strong></span> <span class='ocrx_word' id='word_1_42' title='bbox 3017 642 3310 708; x_wconf 85' lang='lat' dir='ltr'><strong>veritatem,</strong></span> <span class='ocrx_word' id='word_1_43' title='bbox 3341 643 3392 698; x_wconf 92' lang='lat' dir='ltr'><strong>id</strong></span> <span class='ocrx_word' id='word_1_44' title='bbox 3440 652 3525 700; x_wconf 91' lang='lat' dir='ltr'><strong>est</strong></span> 
     </span>
    </p>
   </div>
   <div class='ocr_carea' id='block_1_6' title="bbox 238 723 1834 794">
    <p class='ocr_par' dir='ltr' id='par_1_6' title="bbox 238 723 1834 794">
     <span class='ocr_line' id='line_1_6' title="bbox 238 723 1834 794; baseline -0.001 -14"><span class='ocrx_word' id='word_1_45' title='bbox 238 743 410 790; x_wconf 87' lang='lat' dir='ltr'><strong>mam,</strong></span> <span class='ocrx_word' id='word_1_46' title='bbox 438 725 621 779; x_wconf 84' lang='lat' dir='ltr'><strong>vincto</strong></span> <span class='ocrx_word' id='word_1_47' title='bbox 663 739 763 794; x_wconf 87' lang='lat' dir='ltr'><strong>pro</strong></span> <span class='ocrx_word' id='word_1_48' title='bbox 792 723 995 779; x_wconf 85' lang='lat' dir='ltr'><strong>Christi</strong></span> <span class='ocrx_word' id='word_1_49' title='bbox 1043 725 1281 790; x_wconf 88' lang='lat' dir='ltr'><strong>nomine,</strong></span> <span class='ocrx_word' id='word_1_50' title='bbox 1324 741 1445 779; x_wconf 88' lang='lat' dir='ltr'><strong>cum</strong></span> <span class='ocrx_word' id='word_1_51' title='bbox 1485 733 1627 780; x_wconf 87' lang='lat' dir='ltr'><strong>esset</strong></span> <span class='ocrx_word' id='word_1_52' title='bbox 1651 733 1834 778; x_wconf 79' lang='lat' dir='ltr'><strong>retru-</strong></span> 
     </span>
    </p>
   </div>
   <div class='ocr_carea' id='block_1_7' title="bbox 242 817 1834 888">
    <p class='ocr_par' dir='ltr' id='par_1_7' title="bbox 242 817 1834 888">
     <span class='ocr_line' id='line_1_7' title="bbox 242 817 1834 888; baseline 0 -17"><span class='ocrx_word' id='word_1_53' title='bbox 242 834 334 873; x_wconf 86' lang='lat' dir='ltr'><strong>sus</strong></span> <span class='ocrx_word' id='word_1_54' title='bbox 376 818 428 872; x_wconf 92' lang='lat' dir='ltr'><strong>in</strong></span> <span class='ocrx_word' id='word_1_55' title='bbox 456 831 755 881; x_wconf 86' lang='lat' dir='ltr'><strong>carcerem,</strong></span> <span class='ocrx_word' id='word_1_56' title='bbox 808 817 861 872; x_wconf 92' lang='lat' dir='ltr'><strong>in</strong></span> <span class='ocrx_word' id='word_1_57' title='bbox 892 817 1050 872; x_wconf 90' lang='lat' dir='ltr'><strong>domo</strong></span> <span class='ocrx_word' id='word_1_58' title='bbox 1074 817 1436 888; x_wconf 90' lang='lat' dir='ltr'><strong>imperatoris,</strong></span> <span class='ocrx_word' id='word_1_59' title='bbox 1484 825 1539 873; x_wconf 91' lang='lat' dir='ltr'><strong>et</strong></span> <span class='ocrx_word' id='word_1_60' title='bbox 1581 818 1834 887; x_wconf 64' lang='lat' dir='ltr'><strong>coepisset</strong></span> 
     </span>
    </p>
   </div>
   <div class='ocr_carea' id='block_1_8' title="bbox 237 906 1829 979">
    <p class='ocr_par' dir='ltr' id='par_1_8' title="bbox 237 906 1829 979">
     <span class='ocr_line' id='line_1_8' title="bbox 237 906 1829 979; baseline 0.001 -18"><span class='ocrx_word' id='word_1_61' title='bbox 237 907 453 972; x_wconf 87' lang='lat' dir='ltr'><strong>docere,</strong></span> <span class='ocrx_word' id='word_1_62' title='bbox 511 906 757 962; x_wconf 89' lang='lat' dir='ltr'><strong>inﬁrmos</strong></span> <span class='ocrx_word' id='word_1_63' title='bbox 784 921 999 972; x_wconf 88' lang='lat' dir='ltr'><strong>curare,</strong></span> <span class='ocrx_word' id='word_1_64' title='bbox 1059 908 1226 962; x_wconf 89' lang='lat' dir='ltr'><strong>multa</strong></span> <span class='ocrx_word' id='word_1_65' title='bbox 1284 908 1545 963; x_wconf 86' lang='lat' dir='ltr'><strong>miracula</strong></span> <span class='ocrx_word' id='word_1_66' title='bbox 1587 917 1829 979; x_wconf 87' lang='lat' dir='ltr'><strong>patrare,</strong></span> 
     </span>
    </p>
   </div>
   <div class='ocr_carea' id='block_1_9' title="bbox 235 998 1831 1065">
    <p class='ocr_par' dir='ltr' id='par_1_9' title="bbox 235 998 1831 1065">
     <span class='ocr_line' id='line_1_9' title="bbox 235 998 1831 1065; baseline 0.001 -11"><span class='ocrx_word' id='word_1_67' title='bbox 235 999 391 1054; x_wconf 89' lang='lat' dir='ltr'><strong>multi</strong></span> <span class='ocrx_word' id='word_1_68' title='bbox 439 998 786 1053; x_wconf 88' lang='lat' dir='ltr'><strong>crediderunt</strong></span> <span class='ocrx_word' id='word_1_69' title='bbox 836 998 890 1052; x_wconf 92' lang='lat' dir='ltr'><strong>in</strong></span> <span class='ocrx_word' id='word_1_70' title='bbox 945 1006 1155 1054; x_wconf 90' lang='lat' dir='ltr'><strong>tantum</strong></span> <span class='ocrx_word' id='word_1_71' title='bbox 1183 1040 1198 1065; x_wconf 96' lang='lat'><strong>,</strong></span> <span class='ocrx_word' id='word_1_72' title='bbox 1248 1000 1387 1054; x_wconf 90' lang='lat' dir='ltr'><strong>sicut</strong></span> <span class='ocrx_word' id='word_1_73' title='bbox 1421 999 1613 1054; x_wconf 89' lang='lat' dir='ltr'><strong>beatus</strong></span> <span class='ocrx_word' id='word_1_74' title='bbox 1640 999 1831 1056; x_wconf 87' lang='lat' dir='ltr'><strong>Hiero-</strong></span> 
     </span>
    </p>
   </div>
   <div class='ocr_carea' id='block_1_10' title="bbox 235 1089 1831 1161">
    <p class='ocr_par' dir='ltr' id='par_1_10' title="bbox 235 1089 1831 1161">
     <span class='ocr_line' id='line_1_10' title="bbox 235 1089 1831 1161; baseline 0.001 -16"><span class='ocrx_word' id='word_1_75' title='bbox 235 1104 429 1161; x_wconf 79' lang='lat' dir='ltr'><strong>nymus</strong></span> <span class='ocrx_word' id='word_1_76' title='bbox 459 1089 611 1155; x_wconf 87' lang='lat' dir='ltr'><strong>dicit,</strong></span> <span class='ocrx_word' id='word_1_77' title='bbox 646 1099 704 1143; x_wconf 90' lang='lat' dir='ltr'><strong>ut</strong></span> <span class='ocrx_word' id='word_1_78' title='bbox 738 1091 955 1145; x_wconf 91' lang='lat' dir='ltr'><strong>domum</strong></span> <span class='ocrx_word' id='word_1_79' title='bbox 985 1091 1351 1161; x_wconf 83' lang='lat' dir='ltr'><strong>persecutoris</strong></span> <span class='ocrx_word' id='word_1_80' title='bbox 1379 1090 1612 1146; x_wconf 86' lang='lat' dir='ltr'><strong>Neronis</strong></span> <span class='ocrx_word' id='word_1_81' title='bbox 1657 1091 1831 1147; x_wconf 88' lang='lat' dir='ltr'><strong>eccle-</strong></span> 
     </span>
    </p>
   </div>
   <div class='ocr_carea' id='block_1_11' title="bbox 235 1180 1829 1253">
    <p class='ocr_par' dir='ltr' id='par_1_11' title="bbox 235 1180 1829 1253">
     <span class='ocr_line' id='line_1_11' title="bbox 235 1180 1829 1253; baseline 0.003 -16"><span class='ocrx_word' id='word_1_82' title='bbox 235 1182 372 1237; x_wconf 90' lang='lat' dir='ltr'><strong>siam</strong></span> <span class='ocrx_word' id='word_1_83' title='bbox 405 1180 610 1237; x_wconf 81' lang='lat' dir='ltr'><strong>laceret</strong></span> <span class='ocrx_word' id='word_1_84' title='bbox 651 1181 1046 1253; x_wconf 81' lang='lat' dir='ltr'><strong>Redemptoris.</strong></span> <span class='ocrx_word' id='word_1_85' title='bbox 1106 1183 1260 1245; x_wconf 86' lang='lat' dir='ltr'><strong>Tunc</strong></span> <span class='ocrx_word' id='word_1_86' title='bbox 1287 1183 1690 1241; x_wconf 81' lang='lat' dir='ltr'><strong>manifestatum</strong></span> <span class='ocrx_word' id='word_1_87' title='bbox 1744 1194 1829 1241; x_wconf 88' lang='lat' dir='ltr'><strong>est</strong></span> 
     </span>
    </p>
   </div>
   <div class='ocr_carea' id='block_1_12' title="bbox 238 1274 1828 1347">
    <p class='ocr_par' dir='ltr' id='par_1_12' title="bbox 238 1274 1828 1347">
     <span class='ocr_line' id='line_1_12' title="bbox 238 1274 1828 1347; baseline 0.002 -18"><span class='ocrx_word' id='word_1_88' title='bbox 238 1274 291 1329; x_wconf 90' lang='lat' dir='ltr'><strong>in</strong></span> <span class='ocrx_word' id='word_1_89' title='bbox 342 1275 490 1330; x_wconf 91' lang='lat' dir='ltr'><strong>omni</strong></span> <span class='ocrx_word' id='word_1_90' title='bbox 534 1275 811 1346; x_wconf 65' lang='lat' dir='ltr'><strong>praetorio,</strong></span> <span class='ocrx_word' id='word_1_91' title='bbox 849 1275 901 1330; x_wconf 94' lang='lat' dir='ltr'><strong>id</strong></span> <span class='ocrx_word' id='word_1_92' title='bbox 944 1283 1047 1341; x_wconf 91' lang='lat' dir='ltr'><strong>est,</strong></span> <span class='ocrx_word' id='word_1_93' title='bbox 1100 1275 1437 1346; x_wconf 88' lang='lat' dir='ltr'><strong>imperatori,</strong></span> <span class='ocrx_word' id='word_1_94' title='bbox 1468 1277 1828 1347; x_wconf 89' lang='lat' dir='ltr'><strong>omnibusque</strong></span> 
     </span>
    </p>
   </div>
   <div class='ocr_carea' id='block_1_13' title="bbox 233 1367 1826 1441">
    <p class='ocr_par' dir='ltr' id='par_1_13' title="bbox 233 1367 1826 1441">
     <span class='ocr_line' id='line_1_13' title="bbox 233 1367 1826 1441; baseline 0.002 -19"><span class='ocrx_word' id='word_1_95' title='bbox 233 1367 546 1424; x_wconf 84' lang='lat' dir='ltr'><strong>consulibus</strong></span> <span class='ocrx_word' id='word_1_96' title='bbox 569 1378 624 1424; x_wconf 92' lang='lat' dir='ltr'><strong>et</strong></span> <span class='ocrx_word' id='word_1_97' title='bbox 651 1367 1007 1439; x_wconf 89' lang='lat' dir='ltr'><strong>principibus,</strong></span> <span class='ocrx_word' id='word_1_98' title='bbox 1048 1376 1104 1423; x_wconf 88' lang='lat' dir='ltr'><strong>et</strong></span> <span class='ocrx_word' id='word_1_99' title='bbox 1152 1369 1208 1423; x_wconf 89' lang='lat' dir='ltr'><strong>in</strong></span> <span class='ocrx_word' id='word_1_100' title='bbox 1234 1370 1487 1425; x_wconf 91' lang='lat' dir='ltr'><strong>omnibus</strong></span> <span class='ocrx_word' id='word_1_101' title='bbox 1529 1369 1659 1425; x_wconf 91' lang='lat' dir='ltr'><strong>locis</strong></span> <span class='ocrx_word' id='word_1_102' title='bbox 1701 1385 1826 1441; x_wconf 90' lang='lat' dir='ltr'><strong>pro-</strong></span> 
     </span>
    </p>
   </div>
   <div class='ocr_carea' id='block_1_14' title="bbox 227 1457 1823 1532">
    <p class='ocr_par' dir='ltr' id='par_1_14' title="bbox 227 1457 1823 1532">
     <span class='ocr_line' id='line_1_14' title="bbox 227 1457 1823 1532; baseline 0.003 -20"><span class='ocrx_word' id='word_1_103' title='bbox 227 1467 350 1528; x_wconf 86' lang='lat' dir='ltr'><strong>pter</strong></span> <span class='ocrx_word' id='word_1_104' title='bbox 374 1457 652 1514; x_wconf 87' lang='lat' dir='ltr'><strong>Christum</strong></span> <span class='ocrx_word' id='word_1_105' title='bbox 685 1459 831 1513; x_wconf 91' lang='lat' dir='ltr'><strong>illum</strong></span> <span class='ocrx_word' id='word_1_106' title='bbox 861 1459 987 1513; x_wconf 89' lang='lat' dir='ltr'><strong>talia</strong></span> <span class='ocrx_word' id='word_1_107' title='bbox 1035 1460 1325 1516; x_wconf 87' lang='lat' dir='ltr'><strong>sustinere.</strong></span> <span class='ocrx_word' id='word_1_108' title='bbox 1359 1461 1427 1514; x_wconf 88' lang='lat' dir='ltr'><strong>Et</strong></span> <span class='ocrx_word' id='word_1_109' title='bbox 1455 1460 1629 1532; x_wconf 79' lang='lat' dir='ltr'><strong>plures</strong></span> <span class='ocrx_word' id='word_1_110' title='bbox 1659 1479 1685 1515; x_wconf 86' lang='lat' dir='ltr'><strong>e</strong></span> <span class='ocrx_word' id='word_1_111' title='bbox 1707 1462 1823 1531; x_wconf 83' lang='lat' dir='ltr'><strong>fra-</strong></span> 
     </span>
    </p>
   </div>
   <div class='ocr_carea' id='block_1_15' title="bbox 228 1551 1825 1624">
    <p class='ocr_par' dir='ltr' id='par_1_15' title="bbox 228 1551 1825 1624">
     <span class='ocr_line' id='line_1_15' title="bbox 228 1551 1825 1624; baseline 0.003 -20"><span class='ocrx_word' id='word_1_112' title='bbox 228 1551 418 1614; x_wconf 86' lang='lat' dir='ltr'><strong>tribus,</strong></span> <span class='ocrx_word' id='word_1_113' title='bbox 448 1551 501 1607; x_wconf 89' lang='lat' dir='ltr'><strong>id</strong></span> <span class='ocrx_word' id='word_1_114' title='bbox 528 1560 613 1607; x_wconf 91' lang='lat' dir='ltr'><strong>est</strong></span> <span class='ocrx_word' id='word_1_115' title='bbox 637 1567 704 1606; x_wconf 85' lang='lat' dir='ltr'><strong>ex</strong></span> <span class='ocrx_word' id='word_1_116' title='bbox 734 1551 1080 1607; x_wconf 87' lang='lat' dir='ltr'><strong>credentibus</strong></span> <span class='ocrx_word' id='word_1_117' title='bbox 1107 1553 1161 1605; x_wconf 90' lang='lat' dir='ltr'><strong>in</strong></span> <span class='ocrx_word' id='word_1_118' title='bbox 1189 1552 1431 1615; x_wconf 88' lang='lat' dir='ltr'><strong>Domino,</strong></span> <span class='ocrx_word' id='word_1_119' title='bbox 1484 1553 1534 1607; x_wconf 94' lang='lat' dir='ltr'><strong>id</strong></span> <span class='ocrx_word' id='word_1_120' title='bbox 1564 1563 1668 1619; x_wconf 91' lang='lat' dir='ltr'><strong>est,</strong></span> <span class='ocrx_word' id='word_1_121' title='bbox 1727 1569 1825 1624; x_wconf 90' lang='lat' dir='ltr'><strong>per</strong></span> 
     </span>
    </p>
   </div>
   <div class='ocr_carea' id='block_1_16' title="bbox 229 1641 1822 1712">
    <p class='ocr_par' dir='ltr' id='par_1_16' title="bbox 229 1641 1822 1712">
     <span class='ocr_line' id='line_1_16' title="bbox 229 1641 1822 1712; baseline 0.001 -15"><span class='ocrx_word' id='word_1_122' title='bbox 229 1643 534 1706; x_wconf 90' lang='lat' dir='ltr'><strong>Dominum,</strong></span> <span class='ocrx_word' id='word_1_123' title='bbox 567 1643 882 1712; x_wconf 80' lang='lat' dir='ltr'><strong>conﬁdentes</strong></span> <span class='ocrx_word' id='word_1_124' title='bbox 920 1644 974 1697; x_wconf 88' lang='lat' dir='ltr'><strong>in</strong></span> <span class='ocrx_word' id='word_1_125' title='bbox 1015 1641 1230 1697; x_wconf 86' lang='lat' dir='ltr'><strong>vinculis</strong></span> <span class='ocrx_word' id='word_1_126' title='bbox 1261 1644 1408 1710; x_wconf 88' lang='lat' dir='ltr'><strong>meis,</strong></span> <span class='ocrx_word' id='word_1_127' title='bbox 1447 1644 1499 1698; x_wconf 89' lang='lat' dir='ltr'><strong>id</strong></span> <span class='ocrx_word' id='word_1_128' title='bbox 1524 1653 1608 1698; x_wconf 90' lang='lat' dir='ltr'><strong>est</strong></span> <span class='ocrx_word' id='word_1_129' title='bbox 1636 1657 1822 1699; x_wconf 81' lang='lat' dir='ltr'><strong>exem-</strong></span> 
     </span>
    </p>
   </div>
   <div class='ocr_carea' id='block_1_17' title="bbox 225 1734 1823 1805">
    <p class='ocr_par' dir='ltr' id='par_1_17' title="bbox 225 1734 1823 1805">
     <span class='ocr_line' id='line_1_17' title="bbox 225 1734 1823 1805; baseline 0.003 -18"><span class='ocrx_word' id='word_1_130' title='bbox 225 1735 316 1805; x_wconf 93' lang='lat' dir='ltr'><strong>plo</strong></span> <span class='ocrx_word' id='word_1_131' title='bbox 358 1734 696 1791; x_wconf 81' lang='lat' dir='ltr'><strong>vinculorum</strong></span> <span class='ocrx_word' id='word_1_132' title='bbox 751 1749 993 1790; x_wconf 91' lang='lat' dir='ltr'><strong>meorum</strong></span> <span class='ocrx_word' id='word_1_133' title='bbox 1041 1735 1354 1800; x_wconf 81' lang='lat' dir='ltr'><strong>confortati,</strong></span> <span class='ocrx_word' id='word_1_134' title='bbox 1402 1751 1525 1790; x_wconf 93' lang='lat' dir='ltr'><strong>cum</strong></span> <span class='ocrx_word' id='word_1_135' title='bbox 1562 1737 1823 1792; x_wconf 82' lang='lat' dir='ltr'><strong>vidissent</strong></span> 
     </span>
    </p>
   </div>
   <div class='ocr_carea' id='block_1_18' title="bbox 227 1826 1822 1896">
    <p class='ocr_par' dir='ltr' id='par_1_18' title="bbox 227 1826 1822 1896">
     <span class='ocr_line' id='line_1_18' title="bbox 227 1826 1822 1896; baseline 0 -14"><span class='ocrx_word' id='word_1_136' title='bbox 227 1826 355 1882; x_wconf 85' lang='lat' dir='ltr'><strong>talia</strong></span> <span class='ocrx_word' id='word_1_137' title='bbox 384 1829 494 1896; x_wconf 90' lang='lat' dir='ltr'><strong>pati</strong></span> <span class='ocrx_word' id='word_1_138' title='bbox 525 1828 743 1882; x_wconf 90' lang='lat' dir='ltr'><strong>beatum</strong></span> <span class='ocrx_word' id='word_1_139' title='bbox 788 1826 1126 1896; x_wconf 84' lang='lat' dir='ltr'><strong>Apostolum,</strong></span> <span class='ocrx_word' id='word_1_140' title='bbox 1180 1828 1329 1882; x_wconf 88' lang='lat' dir='ltr'><strong>omni</strong></span> <span class='ocrx_word' id='word_1_141' title='bbox 1361 1827 1646 1882; x_wconf 80' lang='lat' dir='ltr'><strong>formidine</strong></span> <span class='ocrx_word' id='word_1_142' title='bbox 1676 1843 1822 1883; x_wconf 87' lang='lat' dir='ltr'><strong>mor-</strong></span> 
     </span>
    </p>
   </div>
   <div class='ocr_carea' id='block_1_19' title="bbox 1934 724 3522 804">
    <p class='ocr_par' dir='ltr' id='par_1_19' title="bbox 1934 724 3522 804">
     <span class='ocr_line' id='line_1_19' title="bbox 1934 724 3522 804; baseline 0.007 -24"><span class='ocrx_word' id='word_1_143' title='bbox 1934 725 2131 780; x_wconf 89' lang='lat' dir='ltr'><strong>bonam</strong></span> <span class='ocrx_word' id='word_1_144' title='bbox 2179 724 2510 780; x_wconf 77' lang='lat' dir='ltr'><strong>voluntatem</strong></span> <span class='ocrx_word' id='word_1_145' title='bbox 2541 736 2596 781; x_wconf 91' lang='lat' dir='ltr'><strong>et</strong></span> <span class='ocrx_word' id='word_1_146' title='bbox 2628 729 2950 786; x_wconf 85' lang='lat' dir='ltr'><strong>charitatem</strong></span> <span class='ocrx_word' id='word_1_147' title='bbox 2970 772 2984 795; x_wconf 93' lang='lat'><strong>,</strong></span> <span class='ocrx_word' id='word_1_148' title='bbox 3013 740 3060 785; x_wconf 84' lang='lat' dir='ltr'><strong>et</strong></span> <span class='ocrx_word' id='word_1_149' title='bbox 3084 733 3139 785; x_wconf 87' lang='lat' dir='ltr'><strong>in</strong></span> <span class='ocrx_word' id='word_1_150' title='bbox 3168 735 3265 788; x_wconf 92' lang='lat' dir='ltr'><strong>hoc</strong></span> <span class='ocrx_word' id='word_1_151' title='bbox 3295 735 3522 804; x_wconf 84' lang='lat' dir='ltr'><strong>gaudeo,</strong></span> 
     </span>
    </p>
   </div>
   <div class='ocr_carea' id='block_1_20' title="bbox 1933 815 3526 889">
    <p class='ocr_par' dir='ltr' id='par_1_20' title="bbox 1933 815 3526 889">
     <span class='ocr_line' id='line_1_20' title="bbox 1933 815 3526 889; baseline 0.008 -20"><span class='ocrx_word' id='word_1_152' title='bbox 1933 815 1990 869; x_wconf 89' lang='lat' dir='ltr'><strong>id</strong></span> <span class='ocrx_word' id='word_1_153' title='bbox 2008 826 2090 870; x_wconf 90' lang='lat' dir='ltr'><strong>est</strong></span> <span class='ocrx_word' id='word_1_154' title='bbox 2119 817 2244 886; x_wconf 88' lang='lat' dir='ltr'><strong>quia</strong></span> <span class='ocrx_word' id='word_1_155' title='bbox 2273 815 2475 870; x_wconf 89' lang='lat' dir='ltr'><strong>Christi</strong></span> <span class='ocrx_word' id='word_1_156' title='bbox 2511 821 2706 874; x_wconf 84' lang='lat' dir='ltr'><strong>nomen</strong></span> <span class='ocrx_word' id='word_1_157' title='bbox 2745 835 2848 889; x_wconf 90' lang='lat' dir='ltr'><strong>per</strong></span> <span class='ocrx_word' id='word_1_158' title='bbox 2886 822 3084 876; x_wconf 89' lang='lat' dir='ltr'><strong>bonam</strong></span> <span class='ocrx_word' id='word_1_159' title='bbox 3111 824 3442 881; x_wconf 80' lang='lat' dir='ltr'><strong>voluntatem</strong></span> <span class='ocrx_word' id='word_1_160' title='bbox 3469 835 3526 882; x_wconf 91' lang='lat' dir='ltr'><strong>et</strong></span> 
     </span>
    </p>
   </div>
   <div class='ocr_carea' id='block_1_21' title="bbox 1932 906 3523 983">
    <p class='ocr_par' dir='ltr' id='par_1_21' title="bbox 1932 906 3523 983">
     <span class='ocr_line' id='line_1_21' title="bbox 1932 906 3523 983; baseline 0.008 -24"><span class='ocrx_word' id='word_1_161' title='bbox 1932 920 1998 960; x_wconf 84' lang='lat' dir='ltr'><strong>ex</strong></span> <span class='ocrx_word' id='word_1_162' title='bbox 2028 906 2293 961; x_wconf 87' lang='lat' dir='ltr'><strong>cbaritate</strong></span> <span class='ocrx_word' id='word_1_163' title='bbox 2321 907 2678 977; x_wconf 72' lang='lat' dir='ltr'><strong>przedicatur,</strong></span> <span class='ocrx_word' id='word_1_164' title='bbox 2731 911 2821 963; x_wconf 87' lang='lat' dir='ltr'><strong>sed</strong></span> <span class='ocrx_word' id='word_1_165' title='bbox 2870 921 2918 965; x_wconf 91' lang='lat' dir='ltr'><strong>et</strong></span> <span class='ocrx_word' id='word_1_166' title='bbox 2956 913 3213 983; x_wconf 85' lang='lat' dir='ltr'><strong>gaudebo,</strong></span> <span class='ocrx_word' id='word_1_167' title='bbox 3267 918 3523 972; x_wconf 76' lang='lat' dir='ltr'><strong>subaudis</strong></span> 
     </span>
    </p>
   </div>
   <div class='ocr_carea' id='block_1_22' title="bbox 1931 1001 2992 1071">
    <p class='ocr_par' dir='ltr' id='par_1_22' title="bbox 1931 1001 2992 1071">
     <span class='ocr_line' id='line_1_22' title="bbox 1931 1001 2992 1071; baseline 0.004 -16"><span class='ocrx_word' id='word_1_168' title='bbox 1931 1008 2150 1071; x_wconf 90' lang='lat' dir='ltr'><strong>propter</strong></span> <span class='ocrx_word' id='word_1_169' title='bbox 2175 1002 2279 1055; x_wconf 89' lang='lat' dir='ltr'><strong>hoc</strong></span> <span class='ocrx_word' id='word_1_170' title='bbox 2305 1019 2317 1054; x_wconf 88' lang='lat'><strong>:</strong></span> <span class='ocrx_word' id='word_1_171' title='bbox 2342 1002 2468 1071; x_wconf 88' lang='lat' dir='ltr'><strong>quia</strong></span> <span class='ocrx_word' id='word_1_172' title='bbox 2490 1001 2596 1057; x_wconf 92' lang='lat' dir='ltr'><strong>illis</strong></span> <span class='ocrx_word' id='word_1_173' title='bbox 2625 1017 2732 1057; x_wconf 93' lang='lat' dir='ltr'><strong>non</strong></span> <span class='ocrx_word' id='word_1_174' title='bbox 2757 1004 2992 1059; x_wconf 85' lang='lat' dir='ltr'><strong>invideo.</strong></span> 
     </span>
    </p>
   </div>
   <div class='ocr_carea' id='block_1_23' title="bbox 2002 1093 3524 1166">
    <p class='ocr_par' dir='ltr' id='par_1_23' title="bbox 2002 1093 3524 1166">
     <span class='ocr_line' id='line_1_23' title="bbox 2002 1093 3524 1166; baseline 0.007 -17"><span class='ocrx_word' id='word_1_175' title='bbox 2002 1093 2122 1149; x_wconf 89' lang='lat' dir='ltr'><strong>Scio</strong></span> <span class='ocrx_word' id='word_1_176' title='bbox 2141 1094 2280 1149; x_wconf 89' lang='lat' dir='ltr'><strong>enim</strong></span> <span class='ocrx_word' id='word_1_177' title='bbox 2305 1095 2428 1166; x_wconf 85' lang='lat' dir='ltr'><strong>quia</strong></span> <span class='ocrx_word' id='word_1_178' title='bbox 2455 1096 2718 1166; x_wconf 81' lang='lat' dir='ltr'><strong>proveniet</strong></span> <span class='ocrx_word' id='word_1_179' title='bbox 2753 1097 2880 1151; x_wconf 89' lang='lat' dir='ltr'><strong>mihi</strong></span> <span class='ocrx_word' id='word_1_180' title='bbox 2909 1099 3005 1153; x_wconf 88' lang='lat' dir='ltr'><strong>hoc</strong></span> <span class='ocrx_word' id='word_1_181' title='bbox 3031 1101 3100 1154; x_wconf 83' lang='lat' dir='ltr'><strong>ad</strong></span> <span class='ocrx_word' id='word_1_182' title='bbox 3133 1101 3372 1156; x_wconf 78' lang='lat' dir='ltr'><strong>salutem.</strong></span> <span class='ocrx_word' id='word_1_183' title='bbox 3408 1103 3524 1160; x_wconf 84' lang='lat' dir='ltr'><strong>lloc</strong></span> 
     </span>
    </p>
   </div>
   <div class='ocr_carea' id='block_1_24' title="bbox 1928 1187 3521 1258">
    <p class='ocr_par' dir='ltr' id='par_1_24' title="bbox 1928 1187 3521 1258">
     <span class='ocr_line' id='line_1_24' title="bbox 1928 1187 3521 1258; baseline 0.004 -17"><span class='ocrx_word' id='word_1_184' title='bbox 1928 1187 2073 1242; x_wconf 89' lang='lat' dir='ltr'><strong>enim</strong></span> <span class='ocrx_word' id='word_1_185' title='bbox 2128 1187 2406 1258; x_wconf 89' lang='lat' dir='ltr'><strong>proveniet</strong></span> <span class='ocrx_word' id='word_1_186' title='bbox 2446 1188 2578 1242; x_wconf 91' lang='lat' dir='ltr'><strong>mihi</strong></span> <span class='ocrx_word' id='word_1_187' title='bbox 2621 1189 2690 1243; x_wconf 89' lang='lat' dir='ltr'><strong>ad</strong></span> <span class='ocrx_word' id='word_1_188' title='bbox 2743 1188 3007 1256; x_wconf 85' lang='lat' dir='ltr'><strong>salutem,</strong></span> <span class='ocrx_word' id='word_1_189' title='bbox 3039 1191 3093 1245; x_wconf 92' lang='lat' dir='ltr'><strong>id</strong></span> <span class='ocrx_word' id='word_1_190' title='bbox 3121 1200 3204 1247; x_wconf 92' lang='lat' dir='ltr'><strong>est</strong></span> <span class='ocrx_word' id='word_1_191' title='bbox 3242 1195 3310 1248; x_wconf 88' lang='lat' dir='ltr'><strong>ad</strong></span> <span class='ocrx_word' id='word_1_192' title='bbox 3351 1194 3521 1249; x_wconf 87' lang='lat' dir='ltr'><strong>vitam</strong></span> 
     </span>
    </p>
   </div>
   <div class='ocr_carea' id='block_1_25' title="bbox 1928 1281 3522 1352">
    <p class='ocr_par' dir='ltr' id='par_1_25' title="bbox 1928 1281 3522 1352">
     <span class='ocr_line' id='line_1_25' title="bbox 1928 1281 3522 1352; baseline 0.004 -16"><span class='ocrx_word' id='word_1_193' title='bbox 1928 1289 2211 1348; x_wconf 68' lang='lat' dir='ltr'><strong>aeternam,</strong></span> <span class='ocrx_word' id='word_1_194' title='bbox 2246 1282 2391 1352; x_wconf 92' lang='lat' dir='ltr'><strong>quod</strong></span> <span class='ocrx_word' id='word_1_195' title='bbox 2443 1281 2682 1337; x_wconf 89' lang='lat' dir='ltr'><strong>sustineo</strong></span> <span class='ocrx_word' id='word_1_196' title='bbox 2728 1297 2828 1352; x_wconf 93' lang='lat' dir='ltr'><strong>pro</strong></span> <span class='ocrx_word' id='word_1_197' title='bbox 2879 1283 3083 1339; x_wconf 89' lang='lat' dir='ltr'><strong>Christi</strong></span> <span class='ocrx_word' id='word_1_198' title='bbox 3140 1286 3358 1342; x_wconf 87' lang='lat' dir='ltr'><strong>nomine</strong></span> <span class='ocrx_word' id='word_1_199' title='bbox 3395 1286 3522 1343; x_wconf 83' lang='lat' dir='ltr'><strong>:vel</strong></span> 
     </span>
    </p>
   </div>
   <div class='ocr_carea' id='block_1_26' title="bbox 1927 1373 3520 1444">
    <p class='ocr_par' dir='ltr' id='par_1_26' title="bbox 1927 1373 3520 1444">
     <span class='ocr_line' id='line_1_26' title="bbox 1927 1373 3520 1444; baseline 0.005 -18"><span class='ocrx_word' id='word_1_200' title='bbox 1927 1373 2051 1443; x_wconf 86' lang='lat' dir='ltr'><strong>quia</strong></span> <span class='ocrx_word' id='word_1_201' title='bbox 2076 1373 2182 1428; x_wconf 90' lang='lat' dir='ltr'><strong>illis</strong></span> <span class='ocrx_word' id='word_1_202' title='bbox 2212 1373 2352 1428; x_wconf 90' lang='lat' dir='ltr'><strong>mala</strong></span> <span class='ocrx_word' id='word_1_203' title='bbox 2406 1389 2514 1429; x_wconf 91' lang='lat' dir='ltr'><strong>non</strong></span> <span class='ocrx_word' id='word_1_204' title='bbox 2559 1382 2686 1444; x_wconf 82' lang='lat' dir='ltr'><strong>opto</strong></span> <span class='ocrx_word' id='word_1_205' title='bbox 2712 1375 2802 1444; x_wconf 90' lang='lat' dir='ltr'><strong>qui</strong></span> <span class='ocrx_word' id='word_1_206' title='bbox 2835 1376 2965 1429; x_wconf 88' lang='lat' dir='ltr'><strong>mihi</strong></span> <span class='ocrx_word' id='word_1_207' title='bbox 2998 1376 3238 1432; x_wconf 90' lang='lat' dir='ltr'><strong>invident</strong></span> <span class='ocrx_word' id='word_1_208' title='bbox 3266 1395 3280 1432; x_wconf 89' lang='lat'><strong>:</strong></span> <span class='ocrx_word' id='word_1_209' title='bbox 3307 1386 3363 1432; x_wconf 88' lang='lat' dir='ltr'><strong>et</strong></span> <span class='ocrx_word' id='word_1_210' title='bbox 3387 1377 3520 1434; x_wconf 89' lang='lat' dir='ltr'><strong>mihi</strong></span> 
     </span>
    </p>
   </div>
   <div class='ocr_carea' id='block_1_27' title="bbox 1927 1465 3520 1537">
    <p class='ocr_par' dir='ltr' id='par_1_27' title="bbox 1927 1465 3520 1537">
     <span class='ocr_line' id='line_1_27' title="bbox 1927 1465 3520 1537; baseline 0.004 -19"><span class='ocrx_word' id='word_1_211' title='bbox 1927 1465 2326 1520; x_wconf 85' lang='lat' dir='ltr'><strong>tribulationem</strong></span> <span class='ocrx_word' id='word_1_212' title='bbox 2353 1465 2610 1529; x_wconf 84' lang='lat' dir='ltr'><strong>excitant,</strong></span> <span class='ocrx_word' id='word_1_213' title='bbox 2642 1465 2709 1520; x_wconf 89' lang='lat' dir='ltr'><strong>Et</strong></span> <span class='ocrx_word' id='word_1_214' title='bbox 2733 1467 3265 1521; x_wconf 65' lang='lat' dir='ltr'><strong>subministrationem</strong></span> <span class='ocrx_word' id='word_1_215' title='bbox 3289 1466 3520 1537; x_wconf 77' lang='lat' dir='ltr'><strong>Spiritus</strong></span> 
     </span>
    </p>
   </div>
   <div class='ocr_carea' id='block_1_28' title="bbox 1912 1554 3521 1628">
    <p class='ocr_par' dir='ltr' id='par_1_28' title="bbox 1912 1554 3521 1628">
     <span class='ocr_line' id='line_1_28' title="bbox 1912 1554 3521 1628; baseline 0.003 -19"><span class='ocrx_word' id='word_1_216' title='bbox 1912 1555 2053 1610; x_wconf 33' lang='lat' dir='ltr'><strong>‘Jesu</strong></span> <span class='ocrx_word' id='word_1_217' title='bbox 2075 1554 2292 1622; x_wconf 81' lang='lat' dir='ltr'><strong>Christi,</strong></span> <span class='ocrx_word' id='word_1_218' title='bbox 2317 1558 2368 1610; x_wconf 93' lang='lat' dir='ltr'><strong>id</strong></span> <span class='ocrx_word' id='word_1_219' title='bbox 2400 1565 2481 1611; x_wconf 87' lang='lat' dir='ltr'><strong>est</strong></span> <span class='ocrx_word' id='word_1_220' title='bbox 2519 1557 2777 1611; x_wconf 82' lang='lat' dir='ltr'><strong>auxilium</strong></span> <span class='ocrx_word' id='word_1_221' title='bbox 2803 1557 3146 1612; x_wconf 86' lang='lat' dir='ltr'><strong>ministrante</strong></span> <span class='ocrx_word' id='word_1_222' title='bbox 3166 1565 3222 1612; x_wconf 88' lang='lat' dir='ltr'><strong>et</strong></span> <span class='ocrx_word' id='word_1_223' title='bbox 3246 1558 3521 1628; x_wconf 73' lang='lat' dir='ltr'><strong>praebente</strong></span> 
     </span>
    </p>
   </div>
   <div class='ocr_carea' id='block_1_29' title="bbox 1925 1648 2835 1719">
    <p class='ocr_par' dir='ltr' id='par_1_29' title="bbox 1925 1648 2835 1719">
     <span class='ocr_line' id='line_1_29' title="bbox 1925 1648 2835 1719; baseline 0 -17"><span class='ocrx_word' id='word_1_224' title='bbox 1925 1649 2057 1703; x_wconf 91' lang='lat' dir='ltr'><strong>mihi</strong></span> <span class='ocrx_word' id='word_1_225' title='bbox 2080 1648 2296 1703; x_wconf 90' lang='lat' dir='ltr'><strong>Christo</strong></span> <span class='ocrx_word' id='word_1_226' title='bbox 2318 1658 2372 1703; x_wconf 93' lang='lat' dir='ltr'><strong>et</strong></span> <span class='ocrx_word' id='word_1_227' title='bbox 2393 1648 2594 1719; x_wconf 88' lang='lat' dir='ltr'><strong>Spiritu</strong></span> <span class='ocrx_word' id='word_1_228' title='bbox 2630 1658 2835 1704; x_wconf 89' lang='lat' dir='ltr'><strong>sancto.</strong></span> 
     </span>
    </p>
   </div>
   <div class='ocr_carea' id='block_1_30' title="bbox 1983 1741 3518 1814">
    <p class='ocr_par' dir='ltr' id='par_1_30' title="bbox 1983 1741 3518 1814">
     <span class='ocr_line' id='line_1_30' title="bbox 1983 1741 3518 1814; baseline 0.001 -16"><span class='ocrx_word' id='word_1_229' title='bbox 1983 1741 2283 1798; x_wconf 87' lang='lat' dir='ltr'><strong>Secundum</strong></span> <span class='ocrx_word' id='word_1_230' title='bbox 2297 1743 2731 1813; x_wconf 80' lang='lat' dir='ltr'><strong>exspectationem</strong></span> <span class='ocrx_word' id='word_1_231' title='bbox 2745 1752 2792 1796; x_wconf 90' lang='lat' dir='ltr'><strong>et</strong></span> <span class='ocrx_word' id='word_1_232' title='bbox 2808 1759 2948 1813; x_wconf 85' lang='lat' dir='ltr'><strong>spem</strong></span> <span class='ocrx_word' id='word_1_233' title='bbox 2962 1760 3151 1797; x_wconf 88' lang='lat' dir='ltr'><strong>meam.</strong></span> <span class='ocrx_word' id='word_1_234' title='bbox 3169 1743 3518 1814; x_wconf 81' lang='lat' dir='ltr'><strong>Exspectatio</strong></span> 
     </span>
    </p>
   </div>
   <div class='ocr_carea' id='block_1_31' title="bbox 1924 1836 3520 1908">
    <p class='ocr_par' dir='ltr' id='par_1_31' title="bbox 1924 1836 3520 1908">
     <span class='ocr_line' id='line_1_31' title="bbox 1924 1836 3520 1908; baseline 0.002 -18"><span class='ocrx_word' id='word_1_235' title='bbox 1924 1843 1979 1890; x_wconf 93' lang='lat' dir='ltr'><strong>et</strong></span> <span class='ocrx_word' id='word_1_236' title='bbox 1999 1837 2142 1906; x_wconf 70' lang='lat' dir='ltr'><strong>jspes</strong></span> <span class='ocrx_word' id='word_1_237' title='bbox 2165 1851 2331 1889; x_wconf 91' lang='lat' dir='ltr'><strong>unum</strong></span> <span class='ocrx_word' id='word_1_238' title='bbox 2374 1844 2456 1891; x_wconf 93' lang='lat' dir='ltr'><strong>est</strong></span> <span class='ocrx_word' id='word_1_239' title='bbox 2485 1854 2497 1889; x_wconf 95' lang='lat'>:</span> <span class='ocrx_word' id='word_1_240' title='bbox 2529 1836 2652 1905; x_wconf 86' lang='lat' dir='ltr'><strong>quia</strong></span> <span class='ocrx_word' id='word_1_241' title='bbox 2680 1851 2804 1906; x_wconf 90' lang='lat' dir='ltr'><strong>spes</strong></span> <span class='ocrx_word' id='word_1_242' title='bbox 2829 1844 2914 1891; x_wconf 89' lang='lat' dir='ltr'><strong>est</strong></span> <span class='ocrx_word' id='word_1_243' title='bbox 2954 1837 3285 1908; x_wconf 85' lang='lat' dir='ltr'><strong>exspectatio</strong></span> <span class='ocrx_word' id='word_1_244' title='bbox 3310 1836 3520 1893; x_wconf 83' lang='lat' dir='ltr'><strong>futuro-</strong></span> 
     </span>
    </p>
   </div>
   <div class='ocr_carea' id='block_1_32' title="bbox 225 1915 1812 2001">
    <p class='ocr_par' dir='ltr' id='par_1_32' title="bbox 225 1915 1812 1988">
     <span class='ocr_line' id='line_1_32' title="bbox 225 1915 1812 1988; baseline 0 -15"><span class='ocrx_word' id='word_1_245' title='bbox 225 1917 298 1973; x_wconf 89' lang='lat' dir='ltr'><strong>tis</strong></span> <span class='ocrx_word' id='word_1_246' title='bbox 329 1917 565 1988; x_wconf 86' lang='lat' dir='ltr'><strong>repulsa,</strong></span> <span class='ocrx_word' id='word_1_247' title='bbox 601 1915 848 1987; x_wconf 84' lang='lat' dir='ltr'><strong>exemplo</strong></span> <span class='ocrx_word' id='word_1_248' title='bbox 873 1915 1210 1970; x_wconf 86' lang='lat' dir='ltr'><strong>vinculorum</strong></span> <span class='ocrx_word' id='word_1_249' title='bbox 1253 1918 1371 1988; x_wconf 90' lang='lat' dir='ltr'><strong>ejus</strong></span> <span class='ocrx_word' id='word_1_250' title='bbox 1399 1917 1688 1973; x_wconf 82' lang='lat' dir='ltr'><strong>confortati</strong></span> <span class='ocrx_word' id='word_1_251' title='bbox 1736 1926 1812 1973; x_wconf 89' lang='lat' dir='ltr'><strong>at-</strong></span> 
     </span>
    </p>
   </div>
   <div class='ocr_carea' id='block_1_33' title="bbox 1922 1915 3516 2001">
    <p class='ocr_par' dir='ltr' id='par_1_33' title="bbox 1926 1928 3516 2001">
     <span class='ocr_line' id='line_1_33' title="bbox 1926 1928 3516 2001; baseline 0.003 -20"><span class='ocrx_word' id='word_1_252' title='bbox 1926 1942 2046 1981; x_wconf 92' lang='lat' dir='ltr'><strong>rum</strong></span> <span class='ocrx_word' id='word_1_253' title='bbox 2081 1928 2366 1983; x_wconf 90' lang='lat' dir='ltr'><strong>honorum.</strong></span> <span class='ocrx_word' id='word_1_254' title='bbox 2399 1928 2468 1982; x_wconf 85' lang='lat' dir='ltr'><strong>Et</strong></span> <span class='ocrx_word' id='word_1_255' title='bbox 2491 1928 2681 1984; x_wconf 87' lang='lat' dir='ltr'><strong>beatus</strong></span> <span class='ocrx_word' id='word_1_256' title='bbox 2709 1929 2997 2000; x_wconf 86' lang='lat' dir='ltr'><strong>Apostolus</strong></span> <span class='ocrx_word' id='word_1_257' title='bbox 3024 1939 3206 1985; x_wconf 90' lang='lat' dir='ltr'><strong>certus</strong></span> <span class='ocrx_word' id='word_1_258' title='bbox 3227 1940 3345 1986; x_wconf 88' lang='lat' dir='ltr'><strong>erat</strong></span> <span class='ocrx_word' id='word_1_259' title='bbox 3374 1930 3516 2001; x_wconf 91' lang='lat' dir='ltr'><strong>quod</strong></span> 
     </span>
    </p>
   </div>
   <div class='ocr_carea' id='block_1_34' title="bbox 219 2008 1818 2082">
    <p class='ocr_par' dir='ltr' id='par_1_34' title="bbox 219 2008 1818 2082">
     <span class='ocr_line' id='line_1_34' title="bbox 219 2008 1818 2082; baseline 0 -18"><span class='ocrx_word' id='word_1_260' title='bbox 219 2025 332 2082; x_wconf 90' lang='lat' dir='ltr'><strong>que</strong></span> <span class='ocrx_word' id='word_1_261' title='bbox 377 2009 755 2075; x_wconf 90' lang='lat' dir='ltr'><strong>corroborati,</strong></span> <span class='ocrx_word' id='word_1_262' title='bbox 803 2017 1091 2079; x_wconf 57' lang='lat' dir='ltr'><strong>coeperunt</strong></span> <span class='ocrx_word' id='word_1_263' title='bbox 1135 2009 1393 2065; x_wconf 88' lang='lat' dir='ltr'><strong>audacius</strong></span> <span class='ocrx_word' id='word_1_264' title='bbox 1463 2011 1672 2064; x_wconf 85' lang='lat' dir='ltr'><strong>verbum</strong></span> <span class='ocrx_word' id='word_1_265' title='bbox 1717 2008 1818 2064; x_wconf 84' lang='lat' dir='ltr'><strong>Dei</strong></span> 
     </span>
    </p>
   </div>
   <div class='ocr_carea' id='block_1_35' title="bbox 217 2104 908 2174">
    <p class='ocr_par' dir='ltr' id='par_1_35' title="bbox 217 2104 908 2174">
     <span class='ocr_line' id='line_1_35' title="bbox 217 2104 908 2174; baseline -0.006 -14"><span class='ocrx_word' id='word_1_266' title='bbox 217 2105 519 2174; x_wconf 64' lang='lat' dir='ltr'><strong>praedicare</strong></span> <span class='ocrx_word' id='word_1_267' title='bbox 554 2105 665 2158; x_wconf 85' lang='lat' dir='ltr'><strong>sine</strong></span> <span class='ocrx_word' id='word_1_268' title='bbox 703 2104 908 2158; x_wconf 85' lang='lat' dir='ltr'><strong>timore.</strong></span> 
     </span>
    </p>
   </div>
   <div class='ocr_carea' id='block_1_36' title="bbox 293 2195 1817 2267">
    <p class='ocr_par' dir='ltr' id='par_1_36' title="bbox 293 2195 1817 2267">
     <span class='ocr_line' id='line_1_36' title="bbox 293 2195 1817 2267; baseline 0.002 -19"><span class='ocrx_word' id='word_1_269' title='bbox 293 2195 523 2261; x_wconf 84' lang='lat' dir='ltr'><strong>Quidam</strong></span> <span class='ocrx_word' id='word_1_270' title='bbox 550 2195 759 2267; x_wconf 84' lang='lat' dir='ltr'><strong>quidem</strong></span> <span class='ocrx_word' id='word_1_271' title='bbox 809 2203 856 2248; x_wconf 92' lang='lat' dir='ltr'><strong>et</strong></span> <span class='ocrx_word' id='word_1_272' title='bbox 888 2203 1098 2264; x_wconf 87' lang='lat' dir='ltr'><strong>propter</strong></span> <span class='ocrx_word' id='word_1_273' title='bbox 1151 2195 1402 2249; x_wconf 87' lang='lat' dir='ltr'><strong>invidiam</strong></span> <span class='ocrx_word' id='word_1_274' title='bbox 1430 2205 1480 2250; x_wconf 88' lang='lat' dir='ltr'><strong>et</strong></span> <span class='ocrx_word' id='word_1_275' title='bbox 1526 2198 1817 2252; x_wconf 89' lang='lat' dir='ltr'><strong>contentio-</strong></span> 
     </span>
    </p>
   </div>
   <div class='ocr_carea' id='block_1_37' title="bbox 217 2288 1818 2360">
    <p class='ocr_par' dir='ltr' id='par_1_37' title="bbox 217 2288 1818 2360">
     <span class='ocr_line' id='line_1_37' title="bbox 217 2288 1818 2360; baseline 0.003 -18"><span class='ocrx_word' id='word_1_276' title='bbox 217 2305 356 2352; x_wconf 83' lang='lat' dir='ltr'><strong>nem,</strong></span> <span class='ocrx_word' id='word_1_277' title='bbox 395 2288 610 2360; x_wconf 88' lang='lat' dir='ltr'><strong>quidam</strong></span> <span class='ocrx_word' id='word_1_278' title='bbox 631 2297 806 2342; x_wconf 89' lang='lat' dir='ltr'><strong>autem</strong></span> <span class='ocrx_word' id='word_1_279' title='bbox 842 2296 891 2342; x_wconf 88' lang='lat' dir='ltr'><strong>et</strong></span> <span class='ocrx_word' id='word_1_280' title='bbox 911 2291 1132 2358; x_wconf 76' lang='lat' dir='ltr'><strong>propter</strong></span> <span class='ocrx_word' id='word_1_281' title='bbox 1151 2289 1338 2344; x_wconf 89' lang='lat' dir='ltr'><strong>bonam</strong></span> <span class='ocrx_word' id='word_1_282' title='bbox 1369 2289 1708 2345; x_wconf 82' lang='lat' dir='ltr'><strong>voluntatem.</strong></span> <span class='ocrx_word' id='word_1_283' title='bbox 1751 2291 1818 2347; x_wconf 87' lang='lat' dir='ltr'><strong>Hi</strong></span> 
     </span>
    </p>
   </div>
   <div class='ocr_carea' id='block_1_38' title="bbox 215 2382 1816 2473">
    <p class='ocr_par' dir='ltr' id='par_1_38' title="bbox 215 2382 1816 2473">
     <span class='ocr_line' id='line_1_38' title="bbox 215 2382 1816 2473; baseline 0.001 -35"><span class='ocrx_word' id='word_1_284' title='bbox 215 2392 454 2454; x_wconf 90' lang='lat' dir='ltr'><strong>quatuor</strong></span> <span class='ocrx_word' id='word_1_285' title='bbox 483 2383 626 2439; x_wconf 93' lang='lat' dir='ltr'><strong>modi</strong></span> <span class='ocrx_word' id='word_1_286' title='bbox 659 2383 752 2454; x_wconf 90' lang='lat' dir='ltr'><strong>qui</strong></span> <span class='ocrx_word' id='word_1_287' title='bbox 799 2391 1102 2452; x_wconf 85' lang='lat' dir='ltr'><strong>sequuntur</strong></span> <span class='ocrx_word' id='word_1_288' title='bbox 1147 2382 1200 2436; x_wconf 92' lang='lat' dir='ltr'><strong>in</strong></span> <span class='ocrx_word' id='word_1_289' title='bbox 1231 2384 1363 2439; x_wconf 88' lang='lat' dir='ltr'><strong>duas</strong></span> <span class='ocrx_word' id='word_1_290' title='bbox 1394 2385 1624 2453; x_wconf 87' lang='lat' dir='ltr'><strong>species,</strong></span> <span class='ocrx_word' id='word_1_291' title='bbox 1657 2385 1816 2473; x_wconf 69' lang='lat' dir='ltr'><strong>sicuti</strong></span> 
     </span>
    </p>
   </div>
   <div class='ocr_carea' id='block_1_39' title="bbox 215 2477 1817 2547">
    <p class='ocr_par' dir='ltr' id='par_1_39' title="bbox 215 2477 1817 2547">
     <span class='ocr_line' id='line_1_39' title="bbox 215 2477 1817 2547; baseline 0.002 -15"><span class='ocrx_word' id='word_1_292' title='bbox 215 2477 533 2533; x_wconf 87' lang='lat' dir='ltr'><strong>doctoribus</strong></span> <span class='ocrx_word' id='word_1_293' title='bbox 584 2477 798 2532; x_wconf 88' lang='lat' dir='ltr'><strong>videtur</strong></span> <span class='ocrx_word' id='word_1_294' title='bbox 827 2484 1052 2545; x_wconf 91' lang='lat' dir='ltr'><strong>possunt</strong></span> <span class='ocrx_word' id='word_1_295' title='bbox 1081 2477 1251 2547; x_wconf 82' lang='lat' dir='ltr'><strong>redigi</strong></span> <span class='ocrx_word' id='word_1_296' title='bbox 1281 2495 1294 2531; x_wconf 88' lang='lat'><strong>:</strong></span> <span class='ocrx_word' id='word_1_297' title='bbox 1353 2477 1532 2532; x_wconf 90' lang='lat' dir='ltr'><strong>Prima</strong></span> <span class='ocrx_word' id='word_1_298' title='bbox 1566 2480 1817 2536; x_wconf 89' lang='lat' dir='ltr'><strong>videlicet</strong></span> 
     </span>
    </p>
   </div>
   <div class='ocr_carea' id='block_1_40' title="bbox 213 2571 1816 2641">
    <p class='ocr_par' dir='ltr' id='par_1_40' title="bbox 213 2571 1816 2641">
     <span class='ocr_line' id='line_1_40' title="bbox 213 2571 1816 2641; baseline 0.001 -13"><span class='ocrx_word' id='word_1_299' title='bbox 213 2580 274 2628; x_wconf 87' lang='lat' dir='ltr'><strong>et</strong></span> <span class='ocrx_word' id='word_1_300' title='bbox 295 2571 483 2625; x_wconf 89' lang='lat' dir='ltr'><strong>ultima</strong></span> <span class='ocrx_word' id='word_1_301' title='bbox 515 2571 724 2640; x_wconf 89' lang='lat' dir='ltr'><strong>species</strong></span> <span class='ocrx_word' id='word_1_302' title='bbox 752 2586 850 2641; x_wconf 91' lang='lat' dir='ltr'><strong>pro</strong></span> <span class='ocrx_word' id='word_1_303' title='bbox 879 2586 988 2625; x_wconf 92' lang='lat' dir='ltr'><strong>una</strong></span> <span class='ocrx_word' id='word_1_304' title='bbox 1017 2579 1350 2640; x_wconf 89' lang='lat' dir='ltr'><strong>computata,</strong></span> <span class='ocrx_word' id='word_1_305' title='bbox 1383 2573 1501 2627; x_wconf 67' lang='lat' dir='ltr'><strong>dum</strong></span> <span class='ocrx_word' id='word_1_306' title='bbox 1547 2589 1677 2630; x_wconf 88' lang='lat' dir='ltr'><strong>vero</strong></span> <span class='ocrx_word' id='word_1_307' title='bbox 1703 2587 1816 2629; x_wconf 86' lang='lat' dir='ltr'><strong>me-</strong></span> 
     </span>
    </p>
   </div>
   <div class='ocr_carea' id='block_1_41' title="bbox 211 2661 1815 2737">
    <p class='ocr_par' dir='ltr' id='par_1_41' title="bbox 211 2661 1815 2737">
     <span class='ocr_line' id='line_1_41' title="bbox 211 2661 1815 2737; baseline 0.002 -19"><span class='ocrx_word' id='word_1_308' title='bbox 211 2663 320 2719; x_wconf 70' lang='lat' dir='ltr'><strong>dize</strong></span> <span class='ocrx_word' id='word_1_309' title='bbox 348 2661 597 2717; x_wconf 87' lang='lat' dir='ltr'><strong>similiter</strong></span> <span class='ocrx_word' id='word_1_310' title='bbox 618 2679 716 2732; x_wconf 92' lang='lat' dir='ltr'><strong>pro</strong></span> <span class='ocrx_word' id='word_1_311' title='bbox 740 2678 868 2717; x_wconf 90' lang='lat' dir='ltr'><strong>una.</strong></span> <span class='ocrx_word' id='word_1_312' title='bbox 905 2662 1010 2718; x_wconf 89' lang='lat' dir='ltr'><strong>Sed</strong></span> <span class='ocrx_word' id='word_1_313' title='bbox 1034 2671 1303 2719; x_wconf 90' lang='lat' dir='ltr'><strong>tentemus</strong></span> <span class='ocrx_word' id='word_1_314' title='bbox 1328 2680 1426 2734; x_wconf 91' lang='lat' dir='ltr'><strong>per</strong></span> <span class='ocrx_word' id='word_1_315' title='bbox 1455 2665 1692 2737; x_wconf 87' lang='lat' dir='ltr'><strong>singulas</strong></span> <span class='ocrx_word' id='word_1_316' title='bbox 1719 2668 1815 2722; x_wconf 91' lang='lat' dir='ltr'><strong>sti-</strong></span> 
     </span>
    </p>
   </div>
   <div class='ocr_carea' id='block_1_42' title="bbox 210 2753 1814 2829">
    <p class='ocr_par' dir='ltr' id='par_1_42' title="bbox 210 2753 1814 2829">
     <span class='ocr_line' id='line_1_42' title="bbox 210 2753 1814 2829; baseline 0.004 -21"><span class='ocrx_word' id='word_1_317' title='bbox 210 2753 331 2808; x_wconf 91' lang='lat' dir='ltr'><strong>lum</strong></span> <span class='ocrx_word' id='word_1_318' title='bbox 356 2755 587 2808; x_wconf 88' lang='lat' dir='ltr'><strong>trahere.</strong></span> <span class='ocrx_word' id='word_1_319' title='bbox 622 2753 777 2820; x_wconf 87' lang='lat' dir='ltr'><strong>Quod</strong></span> <span class='ocrx_word' id='word_1_320' title='bbox 801 2753 933 2808; x_wconf 90' lang='lat' dir='ltr'><strong>dicit</strong></span> <span class='ocrx_word' id='word_1_321' title='bbox 972 2755 1209 2824; x_wconf 89' lang='lat' dir='ltr'><strong>primum</strong></span> <span class='ocrx_word' id='word_1_322' title='bbox 1244 2757 1461 2826; x_wconf 92' lang='lat' dir='ltr'><strong>quidem</strong></span> <span class='ocrx_word' id='word_1_323' title='bbox 1482 2767 1702 2829; x_wconf 89' lang='lat' dir='ltr'><strong>propter</strong></span> <span class='ocrx_word' id='word_1_324' title='bbox 1734 2759 1814 2813; x_wconf 84' lang='lat' dir='ltr'><strong>in-</strong></span> 
     </span>
    </p>
   </div>
   <div class='ocr_carea' id='block_1_43' title="bbox 209 2847 1814 2912">
    <p class='ocr_par' dir='ltr' id='par_1_43' title="bbox 209 2847 1814 2912">
     <span class='ocr_line' id='line_1_43' title="bbox 209 2847 1814 2912; baseline 0.004 -12"><span class='ocrx_word' id='word_1_325' title='bbox 209 2847 419 2902; x_wconf 82' lang='lat' dir='ltr'><strong>vidiam</strong></span> <span class='ocrx_word' id='word_1_326' title='bbox 445 2856 500 2901; x_wconf 89' lang='lat' dir='ltr'><strong>et</strong></span> <span class='ocrx_word' id='word_1_327' title='bbox 529 2848 932 2903; x_wconf 86' lang='lat' dir='ltr'><strong>contentionem</strong></span> <span class='ocrx_word' id='word_1_328' title='bbox 957 2889 971 2912; x_wconf 93' lang='lat'><strong>,</strong></span> <span class='ocrx_word' id='word_1_329' title='bbox 1026 2849 1282 2904; x_wconf 90' lang='lat' dir='ltr'><strong>subaudis</strong></span> <span class='ocrx_word' id='word_1_330' title='bbox 1310 2849 1575 2904; x_wconf 85' lang='lat' dir='ltr'><strong>Christum</strong></span> <span class='ocrx_word' id='word_1_331' title='bbox 1608 2867 1814 2907; x_wconf 90' lang='lat' dir='ltr'><strong>annun-</strong></span> 
     </span>
    </p>
   </div>
   <div class='ocr_carea' id='block_1_44' title="bbox 206 2938 1811 3009">
    <p class='ocr_par' dir='ltr' id='par_1_44' title="bbox 206 2938 1811 3009">
     <span class='ocr_line' id='line_1_44' title="bbox 206 2938 1811 3009; baseline 0.001 -14"><span class='ocrx_word' id='word_1_332' title='bbox 206 2938 356 2995; x_wconf 77' lang='lat' dir='ltr'><strong>tiant</strong></span> <span class='ocrx_word' id='word_1_333' title='bbox 403 2955 568 2993; x_wconf 92' lang='lat' dir='ltr'><strong>unum</strong></span> <span class='ocrx_word' id='word_1_334' title='bbox 601 2953 742 2994; x_wconf 90' lang='lat' dir='ltr'><strong>esse.</strong></span> <span class='ocrx_word' id='word_1_335' title='bbox 798 2939 967 2993; x_wconf 90' lang='lat' dir='ltr'><strong>Erant</strong></span> <span class='ocrx_word' id='word_1_336' title='bbox 994 2940 1213 3009; x_wconf 89' lang='lat' dir='ltr'><strong>quidam</strong></span> <span class='ocrx_word' id='word_1_337' title='bbox 1262 2956 1329 2995; x_wconf 86' lang='lat' dir='ltr'><strong>ex</strong></span> <span class='ocrx_word' id='word_1_338' title='bbox 1357 2940 1556 2997; x_wconf 70' lang='lat' dir='ltr'><strong>Iudaeis</strong></span> <span class='ocrx_word' id='word_1_339' title='bbox 1582 2943 1811 2998; x_wconf 90' lang='lat' dir='ltr'><strong>creden-</strong></span> 
     </span>
    </p>
   </div>
   <div class='ocr_carea' id='block_1_45' title="bbox 209 3030 1811 3104">
    <p class='ocr_par' dir='ltr' id='par_1_45' title="bbox 209 3030 1811 3104">
     <span class='ocr_line' id='line_1_45' title="bbox 209 3030 1811 3104; baseline 0.002 -19"><span class='ocrx_word' id='word_1_340' title='bbox 209 3031 368 3086; x_wconf 78' lang='lat' dir='ltr'><strong>tibus</strong></span> <span class='ocrx_word' id='word_1_341' title='bbox 397 3040 560 3100; x_wconf 88' lang='lat' dir='ltr'><strong>atque</strong></span> <span class='ocrx_word' id='word_1_342' title='bbox 605 3030 855 3101; x_wconf 82' lang='lat' dir='ltr'><strong>gentibus</strong></span> <span class='ocrx_word' id='word_1_343' title='bbox 884 3030 976 3100; x_wconf 92' lang='lat' dir='ltr'><strong>qui</strong></span> <span class='ocrx_word' id='word_1_344' title='bbox 1011 3030 1314 3087; x_wconf 83' lang='lat' dir='ltr'><strong>invidentes</strong></span> <span class='ocrx_word' id='word_1_345' title='bbox 1358 3032 1519 3086; x_wconf 89' lang='lat' dir='ltr'><strong>beato</strong></span> <span class='ocrx_word' id='word_1_346' title='bbox 1551 3033 1811 3104; x_wconf 86' lang='lat' dir='ltr'><strong>Apostolo</strong></span> 
     </span>
    </p>
   </div>
   <div class='ocr_carea' id='block_1_46' title="bbox 202 3120 1812 3195">
    <p class='ocr_par' dir='ltr' id='par_1_46' title="bbox 202 3120 1812 3195">
     <span class='ocr_line' id='line_1_46' title="bbox 202 3120 1812 3195; baseline 0.006 -21"><span class='ocrx_word' id='word_1_347' title='bbox 202 3121 361 3192; x_wconf 88' lang='lat' dir='ltr'><strong>quod</strong></span> <span class='ocrx_word' id='word_1_348' title='bbox 393 3120 508 3191; x_wconf 86' lang='lat' dir='ltr'><strong>ipse</strong></span> <span class='ocrx_word' id='word_1_349' title='bbox 532 3121 815 3181; x_wconf 76' lang='lat' dir='ltr'><strong>dicebatur</strong></span> <span class='ocrx_word' id='word_1_350' title='bbox 838 3123 984 3178; x_wconf 91' lang='lat' dir='ltr'><strong>solus</strong></span> <span class='ocrx_word' id='word_1_351' title='bbox 1034 3123 1295 3194; x_wconf 86' lang='lat' dir='ltr'><strong>magister</strong></span> <span class='ocrx_word' id='word_1_352' title='bbox 1322 3124 1565 3195; x_wconf 89' lang='lat' dir='ltr'><strong>gentium</strong></span> <span class='ocrx_word' id='word_1_353' title='bbox 1596 3134 1652 3181; x_wconf 91' lang='lat' dir='ltr'><strong>et</strong></span> <span class='ocrx_word' id='word_1_354' title='bbox 1673 3140 1812 3195; x_wconf 78' lang='lat' dir='ltr'><strong>prae-</strong></span> 
     </span>
    </p>
   </div>
   <div class='ocr_carea' id='block_1_47' title="bbox 204 3212 1810 3283">
    <p class='ocr_par' dir='ltr' id='par_1_47' title="bbox 204 3212 1810 3283">
     <span class='ocr_line' id='line_1_47' title="bbox 204 3212 1810 3283; baseline 0.001 -13"><span class='ocrx_word' id='word_1_355' title='bbox 204 3213 470 3278; x_wconf 88' lang='lat' dir='ltr'><strong>dicator,</strong></span> <span class='ocrx_word' id='word_1_356' title='bbox 523 3213 820 3269; x_wconf 89' lang='lat' dir='ltr'><strong>dicebant:</strong></span> <span class='ocrx_word' id='word_1_357' title='bbox 881 3212 1132 3283; x_wconf 88' lang='lat' dir='ltr'><strong>Nunquid</strong></span> <span class='ocrx_word' id='word_1_358' title='bbox 1183 3213 1383 3269; x_wconf 91' lang='lat' dir='ltr'><strong>Paulus</strong></span> <span class='ocrx_word' id='word_1_359' title='bbox 1429 3216 1573 3271; x_wconf 91' lang='lat' dir='ltr'><strong>solus</strong></span> <span class='ocrx_word' id='word_1_360' title='bbox 1610 3216 1810 3272; x_wconf 89' lang='lat' dir='ltr'><strong>dicitur</strong></span> 
     </span>
    </p>
   </div>
   <div class='ocr_carea' id='block_1_48' title="bbox 200 3305 1810 3378">
    <p class='ocr_par' dir='ltr' id='par_1_48' title="bbox 200 3305 1810 3378">
     <span class='ocr_line' id='line_1_48' title="bbox 200 3305 1810 3378; baseline 0 -15"><span class='ocrx_word' id='word_1_361' title='bbox 200 3307 477 3377; x_wconf 77' lang='lat' dir='ltr'><strong>magister</strong></span> <span class='ocrx_word' id='word_1_362' title='bbox 500 3306 778 3376; x_wconf 87' lang='lat' dir='ltr'><strong>gentium?</strong></span> <span class='ocrx_word' id='word_1_363' title='bbox 824 3305 934 3361; x_wconf 91' lang='lat' dir='ltr'><strong>Nos</strong></span> <span class='ocrx_word' id='word_1_364' title='bbox 967 3305 1268 3360; x_wconf 90' lang='lat' dir='ltr'><strong>doctrinam</strong></span> <span class='ocrx_word' id='word_1_365' title='bbox 1304 3307 1588 3373; x_wconf 88' lang='lat' dir='ltr'><strong>habemus,</strong></span> <span class='ocrx_word' id='word_1_366' title='bbox 1615 3308 1810 3378; x_wconf 63' lang='lat' dir='ltr'><strong>praedi-</strong></span> 
     </span>
    </p>
   </div>
   <div class='ocr_carea' id='block_1_49' title="bbox 204 3397 1809 3470">
    <p class='ocr_par' dir='ltr' id='par_1_49' title="bbox 204 3397 1809 3470">
     <span class='ocr_line' id='line_1_49' title="bbox 204 3397 1809 3470; baseline -0.002 -13"><span class='ocrx_word' id='word_1_367' title='bbox 204 3401 460 3458; x_wconf 86' lang='lat' dir='ltr'><strong>cabimus</strong></span> <span class='ocrx_word' id='word_1_368' title='bbox 489 3400 630 3455; x_wconf 89' lang='lat' dir='ltr'><strong>sicut</strong></span> <span class='ocrx_word' id='word_1_369' title='bbox 655 3408 710 3454; x_wconf 90' lang='lat' dir='ltr'><strong>et</strong></span> <span class='ocrx_word' id='word_1_370' title='bbox 755 3399 865 3465; x_wconf 93' lang='lat' dir='ltr'><strong>ille,</strong></span> <span class='ocrx_word' id='word_1_371' title='bbox 925 3409 984 3452; x_wconf 87' lang='lat' dir='ltr'><strong>ut</strong></span> <span class='ocrx_word' id='word_1_372' title='bbox 1015 3397 1347 3468; x_wconf 89' lang='lat' dir='ltr'><strong>appellemur</strong></span> <span class='ocrx_word' id='word_1_373' title='bbox 1395 3399 1638 3470; x_wconf 79' lang='lat' dir='ltr'><strong>magistri</strong></span> <span class='ocrx_word' id='word_1_374' title='bbox 1680 3414 1809 3469; x_wconf 86' lang='lat' dir='ltr'><strong>gen-</strong></span> 
     </span>
    </p>
   </div>
   <div class='ocr_carea' id='block_1_50' title="bbox 203 3489 1806 3562">
    <p class='ocr_par' dir='ltr' id='par_1_50' title="bbox 203 3489 1806 3562">
     <span class='ocr_line' id='line_1_50' title="bbox 203 3489 1806 3562; baseline 0 -14"><span class='ocrx_word' id='word_1_375' title='bbox 203 3494 372 3548; x_wconf 85' lang='lat' dir='ltr'><strong>tium.</strong></span> <span class='ocrx_word' id='word_1_376' title='bbox 404 3493 469 3547; x_wconf 85' lang='lat' dir='ltr'><strong>Et</strong></span> <span class='ocrx_word' id='word_1_377' title='bbox 491 3494 594 3547; x_wconf 87' lang='lat' dir='ltr'><strong>hoc</strong></span> <span class='ocrx_word' id='word_1_378' title='bbox 622 3492 870 3562; x_wconf 82' lang='lat' dir='ltr'><strong>agebant,</strong></span> <span class='ocrx_word' id='word_1_379' title='bbox 904 3491 1029 3561; x_wconf 91' lang='lat' dir='ltr'><strong>quia</strong></span> <span class='ocrx_word' id='word_1_380' title='bbox 1060 3489 1312 3546; x_wconf 87' lang='lat' dir='ltr'><strong>volebant</strong></span> <span class='ocrx_word' id='word_1_381' title='bbox 1337 3492 1664 3547; x_wconf 90' lang='lat' dir='ltr'><strong>contendere</strong></span> <span class='ocrx_word' id='word_1_382' title='bbox 1683 3508 1806 3548; x_wconf 92' lang='lat' dir='ltr'><strong>cum</strong></span> 
     </span>
    </p>
   </div>
   <div class='ocr_carea' id='block_1_51' title="bbox 201 3583 1806 3654">
    <p class='ocr_par' dir='ltr' id='par_1_51' title="bbox 201 3583 1806 3654">
     <span class='ocr_line' id='line_1_51' title="bbox 201 3583 1806 3654; baseline -0.001 -12"><span class='ocrx_word' id='word_1_383' title='bbox 201 3584 326 3642; x_wconf 88' lang='lat' dir='ltr'><strong>illo.</strong></span> <span class='ocrx_word' id='word_1_384' title='bbox 384 3583 628 3639; x_wconf 90' lang='lat' dir='ltr'><strong>Secunda</strong></span> <span class='ocrx_word' id='word_1_385' title='bbox 676 3583 885 3654; x_wconf 87' lang='lat' dir='ltr'><strong>species</strong></span> <span class='ocrx_word' id='word_1_386' title='bbox 905 3591 1023 3638; x_wconf 91' lang='lat' dir='ltr'><strong>est:</strong></span> <span class='ocrx_word' id='word_1_387' title='bbox 1074 3583 1305 3650; x_wconf 79' lang='lat' dir='ltr'><strong>Quidam</strong></span> <span class='ocrx_word' id='word_1_388' title='bbox 1341 3593 1565 3653; x_wconf 91' lang='lat' dir='ltr'><strong>propter</strong></span> <span class='ocrx_word' id='word_1_389' title='bbox 1606 3585 1806 3640; x_wconf 87' lang='lat' dir='ltr'><strong>bonam</strong></span> 
     </span>
    </p>
   </div>
   <div class='ocr_carea' id='block_1_52' title="bbox 201 3675 1808 3749">
    <p class='ocr_par' dir='ltr' id='par_1_52' title="bbox 201 3675 1808 3749">
     <span class='ocr_line' id='line_1_52' title="bbox 201 3675 1808 3749; baseline 0 -16"><span class='ocrx_word' id='word_1_390' title='bbox 201 3678 578 3742; x_wconf 77' lang='lat' dir='ltr'><strong>voluntatem,</strong></span> <span class='ocrx_word' id='word_1_391' title='bbox 610 3677 663 3732; x_wconf 92' lang='lat' dir='ltr'><strong>id</strong></span> <span class='ocrx_word' id='word_1_392' title='bbox 692 3685 804 3740; x_wconf 85' lang='lat' dir='ltr'><strong>est,</strong></span> <span class='ocrx_word' id='word_1_393' title='bbox 853 3677 1048 3731; x_wconf 91' lang='lat' dir='ltr'><strong>bonam</strong></span> <span class='ocrx_word' id='word_1_394' title='bbox 1098 3675 1470 3739; x_wconf 90' lang='lat' dir='ltr'><strong>intentionem,</strong></span> <span class='ocrx_word' id='word_1_395' title='bbox 1528 3679 1808 3749; x_wconf 89' lang='lat' dir='ltr'><strong>cupientes</strong></span> 
     </span>
    </p>
   </div>
   <div class='ocr_carea' id='block_1_53' title="bbox 202 3765 1806 3838">
    <p class='ocr_par' dir='ltr' id='par_1_53' title="bbox 202 3765 1806 3838">
     <span class='ocr_line' id='line_1_53' title="bbox 202 3765 1806 3838; baseline 0 -14"><span class='ocrx_word' id='word_1_396' title='bbox 202 3767 428 3824; x_wconf 87' lang='lat' dir='ltr'><strong>salvare</strong></span> <span class='ocrx_word' id='word_1_397' title='bbox 456 3767 590 3823; x_wconf 88' lang='lat' dir='ltr'><strong>alios</strong></span> <span class='ocrx_word' id='word_1_398' title='bbox 613 3769 754 3821; x_wconf 89' lang='lat' dir='ltr'><strong>sicut</strong></span> <span class='ocrx_word' id='word_1_399' title='bbox 782 3773 837 3819; x_wconf 90' lang='lat' dir='ltr'><strong>et</strong></span> <span class='ocrx_word' id='word_1_400' title='bbox 868 3766 968 3835; x_wconf 91' lang='lat' dir='ltr'><strong>ipsi</strong></span> <span class='ocrx_word' id='word_1_401' title='bbox 1001 3765 1193 3820; x_wconf 88' lang='lat' dir='ltr'><strong>salvati</strong></span> <span class='ocrx_word' id='word_1_402' title='bbox 1223 3776 1397 3821; x_wconf 90' lang='lat' dir='ltr'><strong>erant.</strong></span> <span class='ocrx_word' id='word_1_403' title='bbox 1449 3767 1632 3822; x_wconf 86' lang='lat' dir='ltr'><strong>Tertia</strong></span> <span class='ocrx_word' id='word_1_404' title='bbox 1680 3785 1806 3838; x_wconf 90' lang='lat' dir='ltr'><strong>spe-</strong></span> 
     </span>
    </p>
   </div>
   <div class='ocr_carea' id='block_1_54' title="bbox 203 3856 1808 3929">
    <p class='ocr_par' dir='ltr' id='par_1_54' title="bbox 203 3856 1808 3929">
     <span class='ocr_line' id='line_1_54' title="bbox 203 3856 1808 3929; baseline -0.001 -14"><span class='ocrx_word' id='word_1_405' title='bbox 203 3859 328 3916; x_wconf 86' lang='lat' dir='ltr'><strong>cies</strong></span> <span class='ocrx_word' id='word_1_406' title='bbox 353 3866 476 3913; x_wconf 89' lang='lat' dir='ltr'><strong>est:</strong></span> <span class='ocrx_word' id='word_1_407' title='bbox 521 3856 750 3923; x_wconf 83' lang='lat' dir='ltr'><strong>Quidam</strong></span> <span class='ocrx_word' id='word_1_408' title='bbox 786 3871 851 3910; x_wconf 80' lang='lat' dir='ltr'><strong>ea:</strong></span> <span class='ocrx_word' id='word_1_409' title='bbox 885 3857 1158 3922; x_wconf 87' lang='lat' dir='ltr'><strong>charitate,</strong></span> <span class='ocrx_word' id='word_1_410' title='bbox 1193 3859 1451 3913; x_wconf 89' lang='lat' dir='ltr'><strong>subaudis</strong></span> <span class='ocrx_word' id='word_1_411' title='bbox 1498 3873 1605 3927; x_wconf 89' lang='lat' dir='ltr'><strong>qua</strong></span> <span class='ocrx_word' id='word_1_412' title='bbox 1626 3860 1808 3929; x_wconf 85' lang='lat' dir='ltr'><strong>dilige-</strong></span> 
     </span>
    </p>
   </div>
   <div class='ocr_carea' id='block_1_55' title="bbox 201 3947 1808 4018">
    <p class='ocr_par' dir='ltr' id='par_1_55' title="bbox 201 3947 1808 4018">
     <span class='ocr_line' id='line_1_55' title="bbox 201 3947 1808 4018; baseline -0.003 -9"><span class='ocrx_word' id='word_1_413' title='bbox 201 3954 348 4009; x_wconf 86' lang='lat' dir='ltr'><strong>bant</strong></span> <span class='ocrx_word' id='word_1_414' title='bbox 377 3951 568 4014; x_wconf 91' lang='lat' dir='ltr'><strong>Deum,</strong></span> <span class='ocrx_word' id='word_1_415' title='bbox 589 3948 882 4018; x_wconf 88' lang='lat' dir='ltr'><strong>cupiebant</strong></span> <span class='ocrx_word' id='word_1_416' title='bbox 927 3947 1061 4001; x_wconf 90' lang='lat' dir='ltr'><strong>alios</strong></span> <span class='ocrx_word' id='word_1_417' title='bbox 1089 3948 1298 4003; x_wconf 88' lang='lat' dir='ltr'><strong>salvare</strong></span> <span class='ocrx_word' id='word_1_418' title='bbox 1316 3989 1330 4013; x_wconf 90' lang='lat'><strong>,</strong></span> <span class='ocrx_word' id='word_1_419' title='bbox 1362 3958 1418 4003; x_wconf 91' lang='lat' dir='ltr'><strong>et</strong></span> <span class='ocrx_word' id='word_1_420' title='bbox 1445 3965 1511 4004; x_wconf 86' lang='lat' dir='ltr'><strong>ex</strong></span> <span class='ocrx_word' id='word_1_421' title='bbox 1539 3950 1808 4004; x_wconf 85' lang='lat' dir='ltr'><strong>charitate</strong></span> 
     </span>
    </p>
   </div>
   <div class='ocr_carea' id='block_1_56' title="bbox 213 4040 1807 4116">
    <p class='ocr_par' dir='ltr' id='par_1_56' title="bbox 213 4040 1807 4116">
     <span class='ocr_line' id='line_1_56' title="bbox 213 4040 1807 4116; baseline -0.003 -16"><span class='ocrx_word' id='word_1_422' title='bbox 213 4061 328 4116; x_wconf 91' lang='lat' dir='ltr'><strong>qua</strong></span> <span class='ocrx_word' id='word_1_423' title='bbox 356 4045 650 4114; x_wconf 85' lang='lat' dir='ltr'><strong>diligebant</strong></span> <span class='ocrx_word' id='word_1_424' title='bbox 674 4040 1011 4110; x_wconf 89' lang='lat' dir='ltr'><strong>Apostolum,</strong></span> <span class='ocrx_word' id='word_1_425' title='bbox 1033 4041 1276 4097; x_wconf 87' lang='lat' dir='ltr'><strong>volentes</strong></span> <span class='ocrx_word' id='word_1_426' title='bbox 1310 4042 1358 4096; x_wconf 91' lang='lat' dir='ltr'><strong>ei</strong></span> <span class='ocrx_word' id='word_1_427' title='bbox 1390 4043 1716 4112; x_wconf 91' lang='lat' dir='ltr'><strong>adjutorium</strong></span> <span class='ocrx_word' id='word_1_428' title='bbox 1751 4042 1807 4095; x_wconf 94' lang='lat' dir='ltr'><strong>in</strong></span> 
     </span>
    </p>
   </div>
   <div class='ocr_carea' id='block_1_57' title="bbox 202 4132 1807 4211">
    <p class='ocr_par' dir='ltr' id='par_1_57' title="bbox 202 4132 1807 4211">
     <span class='ocr_line' id='line_1_57' title="bbox 202 4132 1807 4211; baseline -0.004 -19"><span class='ocrx_word' id='word_1_429' title='bbox 202 4137 600 4211; x_wconf 71' lang='lat' dir='ltr'><strong>prtedieatione</strong></span> <span class='ocrx_word' id='word_1_430' title='bbox 633 4134 892 4202; x_wconf 81' lang='lat' dir='ltr'><strong>praebere.</strong></span> <span class='ocrx_word' id='word_1_431' title='bbox 932 4132 1134 4199; x_wconf 89' lang='lat' dir='ltr'><strong>Quarta</strong></span> <span class='ocrx_word' id='word_1_432' title='bbox 1166 4133 1378 4203; x_wconf 89' lang='lat' dir='ltr'><strong>species</strong></span> <span class='ocrx_word' id='word_1_433' title='bbox 1399 4144 1519 4190; x_wconf 89' lang='lat' dir='ltr'><strong>est:</strong></span> <span class='ocrx_word' id='word_1_434' title='bbox 1576 4133 1807 4200; x_wconf 86' lang='lat' dir='ltr'><strong>Quidam</strong></span> 
     </span>
    </p>
   </div>
   <div class='ocr_carea' id='block_1_58' title="bbox 208 4222 1806 4292">
    <p class='ocr_par' dir='ltr' id='par_1_58' title="bbox 208 4222 1806 4292">
     <span class='ocr_line' id='line_1_58' title="bbox 208 4222 1806 4292; baseline 0.001 -11"><span class='ocrx_word' id='word_1_435' title='bbox 208 4243 281 4281; x_wconf 84' lang='lat' dir='ltr'><strong>ea:</strong></span> <span class='ocrx_word' id='word_1_436' title='bbox 305 4224 655 4292; x_wconf 74' lang='lat' dir='ltr'><strong>contentione,</strong></span> <span class='ocrx_word' id='word_1_437' title='bbox 702 4239 803 4276; x_wconf 88' lang='lat' dir='ltr'><strong>non</strong></span> <span class='ocrx_word' id='word_1_438' title='bbox 857 4223 1075 4276; x_wconf 81' lang='lat' dir='ltr'><strong>sincere.</strong></span> <span class='ocrx_word' id='word_1_439' title='bbox 1110 4222 1333 4278; x_wconf 85' lang='lat' dir='ltr'><strong>Sincera</strong></span> <span class='ocrx_word' id='word_1_440' title='bbox 1385 4239 1474 4280; x_wconf 86' lang='lat' dir='ltr'><strong>res</strong></span> <span class='ocrx_word' id='word_1_441' title='bbox 1518 4233 1603 4280; x_wconf 89' lang='lat' dir='ltr'><strong>est</strong></span> <span class='ocrx_word' id='word_1_442' title='bbox 1633 4225 1806 4282; x_wconf 89' lang='lat' dir='ltr'><strong>solida</strong></span> 
     </span>
    </p>
   </div>
   <div class='ocr_carea' id='block_1_59' title="bbox 208 4317 1803 4387">
    <p class='ocr_par' dir='ltr' id='par_1_59' title="bbox 208 4317 1803 4387">
     <span class='ocr_line' id='line_1_59' title="bbox 208 4317 1803 4387; baseline 0 -11"><span class='ocrx_word' id='word_1_443' title='bbox 208 4328 272 4376; x_wconf 86' lang='lat' dir='ltr'><strong>et</strong></span> <span class='ocrx_word' id='word_1_444' title='bbox 303 4319 476 4373; x_wconf 87' lang='lat' dir='ltr'><strong>ﬁrma.</strong></span> <span class='ocrx_word' id='word_1_445' title='bbox 509 4317 576 4372; x_wconf 85' lang='lat' dir='ltr'><strong>Et</strong></span> <span class='ocrx_word' id='word_1_446' title='bbox 597 4325 757 4373; x_wconf 89' lang='lat' dir='ltr'><strong>erant</strong></span> <span class='ocrx_word' id='word_1_447' title='bbox 792 4317 1010 4386; x_wconf 87' lang='lat' dir='ltr'><strong>quidam</strong></span> <span class='ocrx_word' id='word_1_448' title='bbox 1038 4317 1128 4387; x_wconf 90' lang='lat' dir='ltr'><strong>qui</strong></span> <span class='ocrx_word' id='word_1_449' title='bbox 1158 4319 1524 4386; x_wconf 80' lang='lat' dir='ltr'><strong>praedicabant</strong></span> <span class='ocrx_word' id='word_1_450' title='bbox 1552 4335 1659 4375; x_wconf 92' lang='lat' dir='ltr'><strong>non</strong></span> <span class='ocrx_word' id='word_1_451' title='bbox 1689 4321 1803 4376; x_wconf 92' lang='lat' dir='ltr'><strong>sin-</strong></span> 
     </span>
    </p>
   </div>
   <div class='ocr_carea' id='block_1_60' title="bbox 206 4408 1808 4481">
    <p class='ocr_par' dir='ltr' id='par_1_60' title="bbox 206 4408 1808 4481">
     <span class='ocr_line' id='line_1_60' title="bbox 206 4408 1808 4481; baseline 0 -14"><span class='ocrx_word' id='word_1_452' title='bbox 206 4426 358 4474; x_wconf 88' lang='lat' dir='ltr'><strong>cere,</strong></span> <span class='ocrx_word' id='word_1_453' title='bbox 423 4409 475 4464; x_wconf 90' lang='lat' dir='ltr'><strong>id</strong></span> <span class='ocrx_word' id='word_1_454' title='bbox 520 4417 621 4474; x_wconf 89' lang='lat' dir='ltr'><strong>est,</strong></span> <span class='ocrx_word' id='word_1_455' title='bbox 679 4423 785 4462; x_wconf 93' lang='lat' dir='ltr'><strong>non</strong></span> <span class='ocrx_word' id='word_1_456' title='bbox 840 4421 976 4478; x_wconf 86' lang='lat' dir='ltr'><strong>pura</strong></span> <span class='ocrx_word' id='word_1_457' title='bbox 1027 4408 1378 4473; x_wconf 92' lang='lat' dir='ltr'><strong>conscientia,</strong></span> <span class='ocrx_word' id='word_1_458' title='bbox 1433 4409 1559 4479; x_wconf 90' lang='lat' dir='ltr'><strong>quia</strong></span> <span class='ocrx_word' id='word_1_459' title='bbox 1589 4420 1808 4481; x_wconf 89' lang='lat' dir='ltr'><strong>propter</strong></span> 
     </span>
    </p>
   </div>
   <div class='ocr_carea' id='block_1_61' title="bbox 135 4501 1807 4574">
    <p class='ocr_par' dir='ltr' id='par_1_61' title="bbox 135 4501 1807 4574">
     <span class='ocr_line' id='line_1_61' title="bbox 135 4501 1807 4574; baseline 0.001 -17"><span class='ocrx_word' id='word_1_460' title='bbox 135 4507 144 4514; x_wconf 76' lang='lat'><strong>‘</strong></span> <span class='ocrx_word' id='word_1_461' title='bbox 209 4501 499 4558; x_wconf 83' lang='lat' dir='ltr'><strong>commoda</strong></span> <span class='ocrx_word' id='word_1_462' title='bbox 525 4501 808 4571; x_wconf 67' lang='lat' dir='ltr'><strong>praesentis</strong></span> <span class='ocrx_word' id='word_1_463' title='bbox 837 4501 983 4564; x_wconf 65' lang='lat' dir='ltr'><strong>vitae,</strong></span> <span class='ocrx_word' id='word_1_464' title='bbox 1022 4509 1078 4553; x_wconf 90' lang='lat' dir='ltr'><strong>et</strong></span> <span class='ocrx_word' id='word_1_465' title='bbox 1101 4509 1322 4570; x_wconf 91' lang='lat' dir='ltr'><strong>propter</strong></span> <span class='ocrx_word' id='word_1_466' title='bbox 1349 4501 1497 4557; x_wconf 88' lang='lat' dir='ltr'><strong>lucra</strong></span> <span class='ocrx_word' id='word_1_467' title='bbox 1539 4512 1807 4574; x_wconf 88' lang='lat' dir='ltr'><strong>tempora-</strong></span> 
     </span>
    </p>
   </div>
   <div class='ocr_carea' id='block_1_62' title="bbox 207 4590 1804 4664">
    <p class='ocr_par' dir='ltr' id='par_1_62' title="bbox 207 4590 1804 4664">
     <span class='ocr_line' id='line_1_62' title="bbox 207 4590 1804 4664; baseline 0.001 -15"><span class='ocrx_word' id='word_1_468' title='bbox 207 4595 288 4649; x_wconf 87' lang='lat' dir='ltr'><strong>lia</strong></span> <span class='ocrx_word' id='word_1_469' title='bbox 311 4591 678 4664; x_wconf 77' lang='lat' dir='ltr'><strong>praedicationi</strong></span> <span class='ocrx_word' id='word_1_470' title='bbox 707 4590 1046 4657; x_wconf 88' lang='lat' dir='ltr'><strong>insistebant,</strong></span> <span class='ocrx_word' id='word_1_471' title='bbox 1075 4600 1132 4645; x_wconf 93' lang='lat' dir='ltr'><strong>ut</strong></span> <span class='ocrx_word' id='word_1_472' title='bbox 1160 4592 1232 4645; x_wconf 89' lang='lat' dir='ltr'><strong>ita</strong></span> <span class='ocrx_word' id='word_1_473' title='bbox 1261 4609 1291 4646; x_wconf 90' lang='lat' dir='ltr'><strong>a</strong></span> <span class='ocrx_word' id='word_1_474' title='bbox 1319 4594 1576 4664; x_wconf 87' lang='lat' dir='ltr'><strong>subjectis</strong></span> <span class='ocrx_word' id='word_1_475' title='bbox 1624 4598 1804 4652; x_wconf 85' lang='lat' dir='ltr'><strong>cibum</strong></span> 
     </span>
    </p>
   </div>
   <div class='ocr_carea' id='block_1_63' title="bbox 1921 2019 3515 2090">
    <p class='ocr_par' dir='ltr' id='par_1_63' title="bbox 1921 2019 3515 2090">
     <span class='ocr_line' id='line_1_63' title="bbox 1921 2019 3515 2090; baseline 0.003 -16"><span class='ocrx_word' id='word_1_476' title='bbox 1921 2019 2228 2075; x_wconf 90' lang='lat' dir='ltr'><strong>mercedem</strong></span> <span class='ocrx_word' id='word_1_477' title='bbox 2271 2027 2392 2074; x_wconf 89' lang='lat' dir='ltr'><strong>erat</strong></span> <span class='ocrx_word' id='word_1_478' title='bbox 2433 2028 2757 2090; x_wconf 87' lang='lat' dir='ltr'><strong>accepturus</strong></span> <span class='ocrx_word' id='word_1_479' title='bbox 2809 2030 3026 2076; x_wconf 61' lang='lat' dir='ltr'><strong>aeternae</strong></span> <span class='ocrx_word' id='word_1_480' title='bbox 3073 2021 3441 2077; x_wconf 88' lang='lat' dir='ltr'><strong>retributionis</strong></span> <span class='ocrx_word' id='word_1_481' title='bbox 3499 2039 3515 2078; x_wconf 88' lang='lat'><strong>:</strong></span> 
     </span>
    </p>
   </div>
   <div class='ocr_carea' id='block_1_64' title="bbox 1918 2110 3516 2182">
    <p class='ocr_par' dir='ltr' id='par_1_64' title="bbox 1918 2110 3516 2182">
     <span class='ocr_line' id='line_1_64' title="bbox 1918 2110 3516 2182; baseline 0.004 -18"><span class='ocrx_word' id='word_1_482' title='bbox 1918 2119 2144 2181; x_wconf 91' lang='lat' dir='ltr'><strong>propter</strong></span> <span class='ocrx_word' id='word_1_483' title='bbox 2169 2111 2270 2166; x_wconf 93' lang='lat' dir='ltr'><strong>hoc</strong></span> <span class='ocrx_word' id='word_1_484' title='bbox 2288 2111 2430 2182; x_wconf 91' lang='lat' dir='ltr'><strong>quod</strong></span> <span class='ocrx_word' id='word_1_485' title='bbox 2464 2111 2764 2166; x_wconf 88' lang='lat' dir='ltr'><strong>sustinebat</strong></span> <span class='ocrx_word' id='word_1_486' title='bbox 2805 2127 2903 2182; x_wconf 92' lang='lat' dir='ltr'><strong>pro</strong></span> <span class='ocrx_word' id='word_1_487' title='bbox 2939 2110 3180 2178; x_wconf 85' lang='lat' dir='ltr'><strong>Christo,</strong></span> <span class='ocrx_word' id='word_1_488' title='bbox 3211 2120 3266 2168; x_wconf 92' lang='lat' dir='ltr'><strong>et</strong></span> <span class='ocrx_word' id='word_1_489' title='bbox 3302 2113 3368 2169; x_wconf 92' lang='lat' dir='ltr'><strong>de</strong></span> <span class='ocrx_word' id='word_1_490' title='bbox 3411 2115 3516 2170; x_wconf 88' lang='lat' dir='ltr'><strong>hoc</strong></span> 
     </span>
    </p>
   </div>
   <div class='ocr_carea' id='block_1_65' title="bbox 1921 2201 3518 2275">
    <p class='ocr_par' dir='ltr' id='par_1_65' title="bbox 1921 2201 3518 2275">
     <span class='ocr_line' id='line_1_65' title="bbox 1921 2201 3518 2275; baseline 0.003 -20"><span class='ocrx_word' id='word_1_491' title='bbox 1921 2201 2086 2256; x_wconf 92' lang='lat' dir='ltr'><strong>etiam</strong></span> <span class='ocrx_word' id='word_1_492' title='bbox 2126 2202 2477 2272; x_wconf 80' lang='lat' dir='ltr'><strong>exspectabat</strong></span> <span class='ocrx_word' id='word_1_493' title='bbox 2507 2203 2810 2257; x_wconf 90' lang='lat' dir='ltr'><strong>mercedem</strong></span> <span class='ocrx_word' id='word_1_494' title='bbox 2831 2243 2846 2267; x_wconf 98' lang='lat'><strong>,</strong></span> <span class='ocrx_word' id='word_1_495' title='bbox 2873 2202 2999 2272; x_wconf 88' lang='lat' dir='ltr'><strong>quia</strong></span> <span class='ocrx_word' id='word_1_496' title='bbox 3029 2204 3142 2258; x_wconf 91' lang='lat' dir='ltr'><strong>suis</strong></span> <span class='ocrx_word' id='word_1_497' title='bbox 3171 2203 3368 2259; x_wconf 89' lang='lat' dir='ltr'><strong>invidis</strong></span> <span class='ocrx_word' id='word_1_498' title='bbox 3394 2220 3518 2275; x_wconf 83' lang='lat' dir='ltr'><strong>per-</strong></span> 
     </span>
    </p>
   </div>
   <div class='ocr_carea' id='block_1_66' title="bbox 1920 2294 3514 2366">
    <p class='ocr_par' dir='ltr' id='par_1_66' title="bbox 1920 2294 3514 2366">
     <span class='ocr_line' id='line_1_66' title="bbox 1920 2294 3514 2366; baseline 0.003 -18"><span class='ocrx_word' id='word_1_499' title='bbox 1920 2295 2259 2350; x_wconf 86' lang='lat' dir='ltr'><strong>secutoribus</strong></span> <span class='ocrx_word' id='word_1_500' title='bbox 2279 2296 2418 2350; x_wconf 90' lang='lat' dir='ltr'><strong>bona</strong></span> <span class='ocrx_word' id='word_1_501' title='bbox 2457 2296 2698 2366; x_wconf 75' lang='lat' dir='ltr'><strong>Optabat.</strong></span> <span class='ocrx_word' id='word_1_502' title='bbox 2754 2294 2893 2360; x_wconf 84' lang='lat' dir='ltr'><strong>Quia</strong></span> <span class='ocrx_word' id='word_1_503' title='bbox 2922 2297 2976 2348; x_wconf 90' lang='lat' dir='ltr'><strong>in</strong></span> <span class='ocrx_word' id='word_1_504' title='bbox 3014 2295 3158 2350; x_wconf 90' lang='lat' dir='ltr'><strong>nullo</strong></span> <span class='ocrx_word' id='word_1_505' title='bbox 3197 2296 3514 2366; x_wconf 82' lang='lat' dir='ltr'><strong>confundar,</strong></span> 
     </span>
    </p>
   </div>
   <div class='ocr_carea' id='block_1_67' title="bbox 1919 2384 3518 2460">
    <p class='ocr_par' dir='ltr' id='par_1_67' title="bbox 1919 2384 3518 2460">
     <span class='ocr_line' id='line_1_67' title="bbox 1919 2384 3518 2460; baseline 0.005 -21"><span class='ocrx_word' id='word_1_506' title='bbox 1919 2384 1974 2440; x_wconf 89' lang='lat' dir='ltr'><strong>id</strong></span> <span class='ocrx_word' id='word_1_507' title='bbox 1996 2394 2103 2452; x_wconf 88' lang='lat' dir='ltr'><strong>est,</strong></span> <span class='ocrx_word' id='word_1_508' title='bbox 2131 2385 2184 2440; x_wconf 90' lang='lat' dir='ltr'><strong>in</strong></span> <span class='ocrx_word' id='word_1_509' title='bbox 2217 2386 2366 2441; x_wconf 92' lang='lat' dir='ltr'><strong>nullo</strong></span> <span class='ocrx_word' id='word_1_510' title='bbox 2395 2387 2588 2441; x_wconf 89' lang='lat' dir='ltr'><strong>horum</strong></span> <span class='ocrx_word' id='word_1_511' title='bbox 2625 2402 2746 2458; x_wconf 65' lang='lat' dir='ltr'><strong>quae</strong></span> <span class='ocrx_word' id='word_1_512' title='bbox 2769 2387 2845 2442; x_wconf 92' lang='lat' dir='ltr'><strong>illi</strong></span> <span class='ocrx_word' id='word_1_513' title='bbox 2885 2396 3068 2458; x_wconf 86' lang='lat' dir='ltr'><strong>agunt,</strong></span> <span class='ocrx_word' id='word_1_514' title='bbox 3090 2397 3150 2443; x_wconf 91' lang='lat' dir='ltr'><strong>ut</strong></span> <span class='ocrx_word' id='word_1_515' title='bbox 3172 2388 3302 2444; x_wconf 89' lang='lat' dir='ltr'><strong>mihi</strong></span> <span class='ocrx_word' id='word_1_516' title='bbox 3333 2405 3518 2460; x_wconf 88' lang='lat' dir='ltr'><strong>perse-</strong></span> 
     </span>
    </p>
   </div>
   <div class='ocr_carea' id='block_1_68' title="bbox 1919 2477 3510 2549">
    <p class='ocr_par' dir='ltr' id='par_1_68' title="bbox 1919 2477 3510 2549">
     <span class='ocr_line' id='line_1_68' title="bbox 1919 2477 3510 2549; baseline 0.003 -17"><span class='ocrx_word' id='word_1_517' title='bbox 1919 2478 2190 2533; x_wconf 90' lang='lat' dir='ltr'><strong>cutionem</strong></span> <span class='ocrx_word' id='word_1_518' title='bbox 2241 2477 2502 2548; x_wconf 88' lang='lat' dir='ltr'><strong>majorem</strong></span> <span class='ocrx_word' id='word_1_519' title='bbox 2553 2478 2802 2546; x_wconf 87' lang='lat' dir='ltr'><strong>ingerant</strong></span> <span class='ocrx_word' id='word_1_520' title='bbox 2852 2495 2865 2532; x_wconf 94' lang='lat'>:</span> <span class='ocrx_word' id='word_1_521' title='bbox 2906 2479 2991 2534; x_wconf 91' lang='lat' dir='ltr'><strong>vel</strong></span> <span class='ocrx_word' id='word_1_522' title='bbox 3033 2494 3152 2549; x_wconf 69' lang='lat' dir='ltr'><strong>qutc</strong></span> <span class='ocrx_word' id='word_1_523' title='bbox 3189 2481 3510 2537; x_wconf 87' lang='lat' dir='ltr'><strong>sustinebo:</strong></span> 
     </span>
    </p>
   </div>
   <div class='ocr_carea' id='block_1_69' title="bbox 1912 2553 3514 2640">
    <p class='ocr_par' dir='ltr' id='par_1_69' title="bbox 1912 2553 3514 2640">
     <span class='ocr_line' id='line_1_69' title="bbox 1912 2553 3514 2640; baseline 0.006 -18"><span class='ocrx_word' id='word_1_524' title='bbox 1912 2569 2023 2640; x_wconf 87' lang='lat' dir='ltr'><strong>jam</strong></span> <span class='ocrx_word' id='word_1_525' title='bbox 2054 2570 2260 2639; x_wconf 91' lang='lat' dir='ltr'><strong>positus</strong></span> <span class='ocrx_word' id='word_1_526' title='bbox 2299 2570 2352 2624; x_wconf 90' lang='lat' dir='ltr'><strong>in</strong></span> <span class='ocrx_word' id='word_1_527' title='bbox 2402 2570 2633 2625; x_wconf 90' lang='lat' dir='ltr'><strong>vinculis</strong></span> <span class='ocrx_word' id='word_1_528' title='bbox 2661 2585 2768 2625; x_wconf 91' lang='lat' dir='ltr'><strong>non</strong></span> <span class='ocrx_word' id='word_1_529' title='bbox 2795 2553 3079 2627; x_wconf 66' lang='lat' dir='ltr'><strong>erubesco.</strong></span> <span class='ocrx_word' id='word_1_530' title='bbox 3127 2571 3234 2628; x_wconf 87' lang='lat' dir='ltr'><strong>Sed</strong></span> <span class='ocrx_word' id='word_1_531' title='bbox 3275 2574 3332 2628; x_wconf 88' lang='lat' dir='ltr'><strong>in</strong></span> <span class='ocrx_word' id='word_1_532' title='bbox 3369 2576 3514 2631; x_wconf 86' lang='lat' dir='ltr'><strong>omni</strong></span> 
     </span>
    </p>
   </div>
   <div class='ocr_carea' id='block_1_70' title="bbox 1921 2663 3514 2736">
    <p class='ocr_par' dir='ltr' id='par_1_70' title="bbox 1921 2663 3514 2736">
     <span class='ocr_line' id='line_1_70' title="bbox 1921 2663 3514 2736; baseline 0.003 -18"><span class='ocrx_word' id='word_1_533' title='bbox 1921 2665 2140 2734; x_wconf 78' lang='lat' dir='ltr'><strong>ﬁducia,</strong></span> <span class='ocrx_word' id='word_1_534' title='bbox 2168 2665 2322 2719; x_wconf 86' lang='lat' dir='ltr'><strong>idest</strong></span> <span class='ocrx_word' id='word_1_535' title='bbox 2348 2665 2400 2718; x_wconf 92' lang='lat' dir='ltr'><strong>in</strong></span> <span class='ocrx_word' id='word_1_536' title='bbox 2437 2664 2584 2720; x_wconf 83' lang='lat' dir='ltr'><strong>omni</strong></span> <span class='ocrx_word' id='word_1_537' title='bbox 2616 2663 2718 2718; x_wconf 89' lang='lat' dir='ltr'><strong>ﬁde</strong></span> <span class='ocrx_word' id='word_1_538' title='bbox 2736 2679 2875 2731; x_wconf 83' lang='lat' dir='ltr'><strong>mea,</strong></span> <span class='ocrx_word' id='word_1_539' title='bbox 2899 2665 3033 2720; x_wconf 87' lang='lat' dir='ltr'><strong>sicut</strong></span> <span class='ocrx_word' id='word_1_540' title='bbox 3065 2682 3284 2736; x_wconf 84' lang='lat' dir='ltr'><strong>semper,</strong></span> <span class='ocrx_word' id='word_1_541' title='bbox 3307 2675 3355 2720; x_wconf 90' lang='lat' dir='ltr'><strong>et</strong></span> <span class='ocrx_word' id='word_1_542' title='bbox 3376 2683 3514 2723; x_wconf 84' lang='lat' dir='ltr'><strong>nunc</strong></span> 
     </span>
    </p>
   </div>
   <div class='ocr_carea' id='block_1_71' title="bbox 1917 2753 3511 2826">
    <p class='ocr_par' dir='ltr' id='par_1_71' title="bbox 1917 2753 3511 2826">
     <span class='ocr_line' id='line_1_71' title="bbox 1917 2753 3511 2826; baseline 0.004 -19"><span class='ocrx_word' id='word_1_543' title='bbox 1917 2753 2342 2824; x_wconf 78' lang='lat' dir='ltr'><strong>magni/imbitur</strong></span> <span class='ocrx_word' id='word_1_544' title='bbox 2363 2753 2608 2808; x_wconf 85' lang='lat' dir='ltr'><strong>Christus</strong></span> <span class='ocrx_word' id='word_1_545' title='bbox 2627 2755 2681 2808; x_wconf 88' lang='lat' dir='ltr'><strong>in</strong></span> <span class='ocrx_word' id='word_1_546' title='bbox 2700 2771 2916 2826; x_wconf 88' lang='lat' dir='ltr'><strong>corpore</strong></span> <span class='ocrx_word' id='word_1_547' title='bbox 2939 2772 3077 2820; x_wconf 90' lang='lat' dir='ltr'><strong>meo,</strong></span> <span class='ocrx_word' id='word_1_548' title='bbox 3101 2756 3206 2811; x_wconf 85' lang='lat' dir='ltr'><strong>sive</strong></span> <span class='ocrx_word' id='word_1_549' title='bbox 3226 2757 3511 2826; x_wconf 86' lang='lat' dir='ltr'><strong>pervitam,</strong></span> 
     </span>
    </p>
   </div>
   <div class='ocr_carea' id='block_1_72' title="bbox 1916 2832 3513 2916">
    <p class='ocr_par' dir='ltr' id='par_1_72' title="bbox 1916 2832 3513 2916">
     <span class='ocr_line' id='line_1_72' title="bbox 1916 2832 3513 2916; baseline 0.005 -18"><span class='ocrx_word' id='word_1_550' title='bbox 1916 2846 2020 2900; x_wconf 85' lang='lat' dir='ltr'><strong>sive</strong></span> <span class='ocrx_word' id='word_1_551' title='bbox 2071 2863 2164 2916; x_wconf 89' lang='lat' dir='ltr'><strong>per</strong></span> <span class='ocrx_word' id='word_1_552' title='bbox 2218 2855 2459 2900; x_wconf 88' lang='lat' dir='ltr'><strong>mortem.</strong></span> <span class='ocrx_word' id='word_1_553' title='bbox 2522 2845 2581 2900; x_wconf 90' lang='lat' dir='ltr'><strong>Si</strong></span> <span class='ocrx_word' id='word_1_554' title='bbox 2632 2854 2902 2902; x_wconf 85' lang='lat' dir='ltr'><strong>tormenta</strong></span> <span class='ocrx_word' id='word_1_555' title='bbox 2955 2848 3286 2912; x_wconf 86' lang='lat' dir='ltr'><strong>sustinuero,</strong></span> <span class='ocrx_word' id='word_1_556' title='bbox 3319 2832 3513 2906; x_wconf 76' lang='lat' dir='ltr'><strong>omnes</strong></span> 
     </span>
    </p>
   </div>
   <div class='ocr_carea' id='block_1_73' title="bbox 1917 2935 3517 3010">
    <p class='ocr_par' dir='ltr' id='par_1_73' title="bbox 1917 2935 3517 3010">
     <span class='ocr_line' id='line_1_73' title="bbox 1917 2935 3517 3010; baseline 0.003 -21"><span class='ocrx_word' id='word_1_557' title='bbox 1917 2936 2009 3005; x_wconf 90' lang='lat' dir='ltr'><strong>qui</strong></span> <span class='ocrx_word' id='word_1_558' title='bbox 2052 2936 2344 2999; x_wconf 86' lang='lat' dir='ltr'><strong>audierint,</strong></span> <span class='ocrx_word' id='word_1_559' title='bbox 2373 2936 2582 3002; x_wconf 90' lang='lat' dir='ltr'><strong>dicent,</strong></span> <span class='ocrx_word' id='word_1_560' title='bbox 2613 2935 2836 3008; x_wconf 83' lang='lat' dir='ltr'><strong>Magnus</strong></span> <span class='ocrx_word' id='word_1_561' title='bbox 2857 2945 2944 2992; x_wconf 90' lang='lat' dir='ltr'><strong>est</strong></span> <span class='ocrx_word' id='word_1_562' title='bbox 2972 2937 3073 2992; x_wconf 89' lang='lat' dir='ltr'><strong>iste</strong></span> <span class='ocrx_word' id='word_1_563' title='bbox 3101 2939 3266 3004; x_wconf 90' lang='lat' dir='ltr'><strong>Deus,</strong></span> <span class='ocrx_word' id='word_1_564' title='bbox 3293 2954 3394 3010; x_wconf 92' lang='lat' dir='ltr'><strong>pro</strong></span> <span class='ocrx_word' id='word_1_565' title='bbox 3418 2954 3517 2994; x_wconf 88' lang='lat' dir='ltr'><strong>cu-</strong></span> 
     </span>
    </p>
   </div>
   <div class='ocr_carea' id='block_1_74' title="bbox 1909 3025 3080 3096">
    <p class='ocr_par' dir='ltr' id='par_1_74' title="bbox 1909 3025 3080 3096">
     <span class='ocr_line' id='line_1_74' title="bbox 1909 3025 3080 3096; baseline 0.004 -19"><span class='ocrx_word' id='word_1_566' title='bbox 1909 3025 1998 3096; x_wconf 90' lang='lat' dir='ltr'><strong>jus</strong></span> <span class='ocrx_word' id='word_1_567' title='bbox 2018 3026 2234 3081; x_wconf 91' lang='lat' dir='ltr'><strong>nomine</strong></span> <span class='ocrx_word' id='word_1_568' title='bbox 2257 3027 2399 3080; x_wconf 91' lang='lat' dir='ltr'><strong>servi</strong></span> <span class='ocrx_word' id='word_1_569' title='bbox 2429 3028 2548 3094; x_wconf 81' lang='lat' dir='ltr'><strong>ejus</strong></span> <span class='ocrx_word' id='word_1_570' title='bbox 2571 3042 2679 3081; x_wconf 92' lang='lat' dir='ltr'><strong>non</strong></span> <span class='ocrx_word' id='word_1_571' title='bbox 2709 3027 2900 3081; x_wconf 87' lang='lat' dir='ltr'><strong>timent</strong></span> <span class='ocrx_word' id='word_1_572' title='bbox 2921 3027 3080 3082; x_wconf 92' lang='lat' dir='ltr'><strong>mori.</strong></span> 
     </span>
    </p>
   </div>
   <div class='ocr_carea' id='block_1_75' title="bbox 1986 3116 3514 3187">
    <p class='ocr_par' dir='ltr' id='par_1_75' title="bbox 1986 3116 3514 3187">
     <span class='ocr_line' id='line_1_75' title="bbox 1986 3116 3514 3187; baseline 0 -16"><span class='ocrx_word' id='word_1_573' title='bbox 1986 3117 2122 3172; x_wconf 81' lang='lat' dir='ltr'><strong>Mihi</strong></span> <span class='ocrx_word' id='word_1_574' title='bbox 2151 3129 2330 3173; x_wconf 89' lang='lat' dir='ltr'><strong>autem</strong></span> <span class='ocrx_word' id='word_1_575' title='bbox 2352 3119 2518 3173; x_wconf 78' lang='lat' dir='ltr'><strong>vivere</strong></span> <span class='ocrx_word' id='word_1_576' title='bbox 2544 3116 2808 3184; x_wconf 88' lang='lat' dir='ltr'><strong>Christus,</strong></span> <span class='ocrx_word' id='word_1_577' title='bbox 2835 3117 2888 3172; x_wconf 93' lang='lat' dir='ltr'><strong>id</strong></span> <span class='ocrx_word' id='word_1_578' title='bbox 2910 3127 3012 3184; x_wconf 91' lang='lat' dir='ltr'><strong>est,</strong></span> <span class='ocrx_word' id='word_1_579' title='bbox 3043 3118 3088 3174; x_wconf 91' lang='lat' dir='ltr'><strong>si</strong></span> <span class='ocrx_word' id='word_1_580' title='bbox 3117 3120 3326 3187; x_wconf 85' lang='lat' dir='ltr'><strong>vixero,</strong></span> <span class='ocrx_word' id='word_1_581' title='bbox 3352 3120 3514 3177; x_wconf 83' lang='lat' dir='ltr'><strong>Chri.</strong></span> 
     </span>
    </p>
   </div>
   <div class='ocr_carea' id='block_1_76' title="bbox 1913 3210 3506 3281">
    <p class='ocr_par' dir='ltr' id='par_1_76' title="bbox 1913 3210 3506 3281">
     <span class='ocr_line' id='line_1_76' title="bbox 1913 3210 3506 3281; baseline 0.001 -15"><span class='ocrx_word' id='word_1_582' title='bbox 1913 3218 2030 3266; x_wconf 89' lang='lat' dir='ltr'><strong>stus</strong></span> <span class='ocrx_word' id='word_1_583' title='bbox 2053 3211 2186 3266; x_wconf 91' lang='lat' dir='ltr'><strong>mihi</strong></span> <span class='ocrx_word' id='word_1_584' title='bbox 2221 3211 2331 3266; x_wconf 88' lang='lat' dir='ltr'><strong>vita</strong></span> <span class='ocrx_word' id='word_1_585' title='bbox 2359 3219 2441 3266; x_wconf 91' lang='lat' dir='ltr'><strong>est</strong></span> <span class='ocrx_word' id='word_1_586' title='bbox 2465 3227 2480 3266; x_wconf 89' lang='lat'><strong>:</strong></span> <span class='ocrx_word' id='word_1_587' title='bbox 2515 3210 2598 3266; x_wconf 91' lang='lat' dir='ltr'><strong>vel</strong></span> <span class='ocrx_word' id='word_1_588' title='bbox 2622 3211 2668 3265; x_wconf 90' lang='lat' dir='ltr'><strong>si</strong></span> <span class='ocrx_word' id='word_1_589' title='bbox 2696 3211 2884 3266; x_wconf 80' lang='lat' dir='ltr'><strong>vixero</strong></span> <span class='ocrx_word' id='word_1_590' title='bbox 2903 3251 2918 3274; x_wconf 97' lang='lat'><strong>,</strong></span> <span class='ocrx_word' id='word_1_591' title='bbox 2941 3225 3040 3280; x_wconf 92' lang='lat' dir='ltr'><strong>per</strong></span> <span class='ocrx_word' id='word_1_592' title='bbox 3062 3211 3506 3281; x_wconf 66' lang='lat' dir='ltr'><strong>praedicationem</strong></span> 
     </span>
    </p>
   </div>
   <div class='ocr_carea' id='block_1_77' title="bbox 1837 3292 3508 3374">
    <p class='ocr_par' dir='ltr' id='par_1_77' title="bbox 1837 3292 3508 3374">
     <span class='ocr_line' id='line_1_77' title="bbox 1837 3292 3508 3374; baseline 0.004 -20"><span class='ocrx_word' id='word_1_593' title='bbox 1837 3292 1882 3354; x_wconf 91' lang='lat' dir='ltr'><strong>C</strong></span> <span class='ocrx_word' id='word_1_594' title='bbox 1913 3319 2092 3359; x_wconf 89' lang='lat' dir='ltr'><strong>meam</strong></span> <span class='ocrx_word' id='word_1_595' title='bbox 2150 3318 2347 3374; x_wconf 90' lang='lat' dir='ltr'><strong>corpus</strong></span> <span class='ocrx_word' id='word_1_596' title='bbox 2404 3301 2520 3372; x_wconf 91' lang='lat' dir='ltr'><strong>ejus</strong></span> <span class='ocrx_word' id='word_1_597' title='bbox 2573 3303 2800 3374; x_wconf 78' lang='lat' dir='ltr'><strong>augebo.</strong></span> <span class='ocrx_word' id='word_1_598' title='bbox 2858 3303 2930 3357; x_wconf 88' lang='lat' dir='ltr'><strong>Et</strong></span> <span class='ocrx_word' id='word_1_599' title='bbox 2986 3306 3123 3359; x_wconf 91' lang='lat' dir='ltr'><strong>mori</strong></span> <span class='ocrx_word' id='word_1_600' title='bbox 3178 3304 3402 3358; x_wconf 89' lang='lat' dir='ltr'><strong>lucrum.</strong></span> <span class='ocrx_word' id='word_1_601' title='bbox 3448 3303 3508 3360; x_wconf 87' lang='lat' dir='ltr'><strong>Si</strong></span> 
     </span>
    </p>
   </div>
   <div class='ocr_carea' id='block_1_78' title="bbox 1912 3393 3510 3464">
    <p class='ocr_par' dir='ltr' id='par_1_78' title="bbox 1912 3393 3510 3464">
     <span class='ocr_line' id='line_1_78' title="bbox 1912 3393 3510 3464; baseline -0.002 -13"><span class='ocrx_word' id='word_1_602' title='bbox 1912 3395 2012 3452; x_wconf 90' lang='lat' dir='ltr'><strong>sub</strong></span> <span class='ocrx_word' id='word_1_603' title='bbox 2069 3395 2247 3464; x_wconf 78' lang='lat' dir='ltr'><strong>pcenis</strong></span> <span class='ocrx_word' id='word_1_604' title='bbox 2298 3403 2545 3450; x_wconf 90' lang='lat' dir='ltr'><strong>mortuus</strong></span> <span class='ocrx_word' id='word_1_605' title='bbox 2588 3394 2773 3459; x_wconf 82' lang='lat' dir='ltr'><strong>luero,</strong></span> <span class='ocrx_word' id='word_1_606' title='bbox 2824 3394 3118 3449; x_wconf 84' lang='lat' dir='ltr'><strong>maximum</strong></span> <span class='ocrx_word' id='word_1_607' title='bbox 3169 3393 3376 3450; x_wconf 91' lang='lat' dir='ltr'><strong>lucrum</strong></span> <span class='ocrx_word' id='word_1_608' title='bbox 3424 3400 3510 3451; x_wconf 87' lang='lat' dir='ltr'><strong>est</strong></span> 
     </span>
    </p>
   </div>
   <div class='ocr_carea' id='block_1_79' title="bbox 1910 3486 3504 3558">
    <p class='ocr_par' dir='ltr' id='par_1_79' title="bbox 1910 3486 3504 3558">
     <span class='ocr_line' id='line_1_79' title="bbox 1910 3486 3504 3558; baseline 0.003 -17"><span class='ocrx_word' id='word_1_609' title='bbox 1910 3486 2065 3551; x_wconf 90' lang='lat' dir='ltr'><strong>mihi,</strong></span> <span class='ocrx_word' id='word_1_610' title='bbox 2099 3495 2152 3541; x_wconf 91' lang='lat' dir='ltr'><strong>et</strong></span> <span class='ocrx_word' id='word_1_611' title='bbox 2195 3487 2366 3557; x_wconf 89' lang='lat' dir='ltr'><strong>magis</strong></span> <span class='ocrx_word' id='word_1_612' title='bbox 2410 3501 2475 3541; x_wconf 92' lang='lat' dir='ltr'><strong>ac</strong></span> <span class='ocrx_word' id='word_1_613' title='bbox 2513 3487 2686 3558; x_wconf 82' lang='lat' dir='ltr'><strong>magis</strong></span> <span class='ocrx_word' id='word_1_614' title='bbox 2732 3486 3134 3557; x_wconf 79' lang='lat' dir='ltr'><strong>praedicabitur.</strong></span> <span class='ocrx_word' id='word_1_615' title='bbox 3165 3487 3263 3543; x_wconf 79' lang='lat' dir='ltr'><strong>Vel</strong></span> <span class='ocrx_word' id='word_1_616' title='bbox 3292 3487 3504 3545; x_wconf 90' lang='lat' dir='ltr'><strong>lucrum</strong></span> 
     </span>
    </p>
   </div>
   <div class='ocr_carea' id='block_1_80' title="bbox 1909 3577 3507 3649">
    <p class='ocr_par' dir='ltr' id='par_1_80' title="bbox 1909 3577 3507 3649">
     <span class='ocr_line' id='line_1_80' title="bbox 1909 3577 3507 3649; baseline 0.001 -16"><span class='ocrx_word' id='word_1_617' title='bbox 1909 3579 2152 3634; x_wconf 89' lang='lat' dir='ltr'><strong>estmihi</strong></span> <span class='ocrx_word' id='word_1_618' title='bbox 2202 3578 2364 3644; x_wconf 92' lang='lat' dir='ltr'><strong>mori,</strong></span> <span class='ocrx_word' id='word_1_619' title='bbox 2415 3577 2563 3649; x_wconf 89' lang='lat' dir='ltr'><strong>quia,</strong></span> <span class='ocrx_word' id='word_1_620' title='bbox 2613 3578 2657 3634; x_wconf 90' lang='lat' dir='ltr'><strong>si</strong></span> <span class='ocrx_word' id='word_1_621' title='bbox 2688 3586 2934 3634; x_wconf 91' lang='lat' dir='ltr'><strong>mortuus</strong></span> <span class='ocrx_word' id='word_1_622' title='bbox 2983 3577 3156 3643; x_wconf 84' lang='lat' dir='ltr'><strong>fuero,</strong></span> <span class='ocrx_word' id='word_1_623' title='bbox 3209 3580 3507 3635; x_wconf 89' lang='lat' dir='ltr'><strong>maximum</strong></span> 
     </span>
    </p>
   </div>
   <div class='ocr_carea' id='block_1_81' title="bbox 1907 3670 3370 3742">
    <p class='ocr_par' dir='ltr' id='par_1_81' title="bbox 1907 3670 3370 3742">
     <span class='ocr_line' id='line_1_81' title="bbox 1907 3670 3370 3742; baseline -0.001 -16"><span class='ocrx_word' id='word_1_624' title='bbox 1907 3671 2120 3726; x_wconf 89' lang='lat' dir='ltr'><strong>lucrum</strong></span> <span class='ocrx_word' id='word_1_625' title='bbox 2151 3678 2509 3742; x_wconf 90' lang='lat' dir='ltr'><strong>percepturus</strong></span> <span class='ocrx_word' id='word_1_626' title='bbox 2540 3686 2679 3736; x_wconf 92' lang='lat' dir='ltr'><strong>sum,</strong></span> <span class='ocrx_word' id='word_1_627' title='bbox 2705 3670 2758 3726; x_wconf 93' lang='lat' dir='ltr'><strong>id</strong></span> <span class='ocrx_word' id='word_1_628' title='bbox 2779 3678 2864 3726; x_wconf 89' lang='lat' dir='ltr'><strong>est</strong></span> <span class='ocrx_word' id='word_1_629' title='bbox 2891 3670 3056 3724; x_wconf 82' lang='lat' dir='ltr'><strong>vitam</strong></span> <span class='ocrx_word' id='word_1_630' title='bbox 3087 3678 3370 3725; x_wconf 71' lang='lat' dir='ltr'><strong>aeternam.</strong></span> 
     </span>
    </p>
   </div>
   <div class='ocr_carea' id='block_1_82' title="bbox 1993 3761 3505 3832">
    <p class='ocr_par' dir='ltr' id='par_1_82' title="bbox 1993 3761 3505 3832">
     <span class='ocr_line' id='line_1_82' title="bbox 1993 3761 3505 3832; baseline 0.002 -16"><span class='ocrx_word' id='word_1_631' title='bbox 1993 3761 2167 3817; x_wconf 81' lang='lat' dir='ltr'><strong>Vivere</strong></span> <span class='ocrx_word' id='word_1_632' title='bbox 2191 3763 2245 3816; x_wconf 89' lang='lat' dir='ltr'><strong>in</strong></span> <span class='ocrx_word' id='word_1_633' title='bbox 2268 3779 2428 3817; x_wconf 88' lang='lat' dir='ltr'><strong>carne</strong></span> <span class='ocrx_word' id='word_1_634' title='bbox 2451 3803 2464 3827; x_wconf 93' lang='lat'><strong>,</strong></span> <span class='ocrx_word' id='word_1_635' title='bbox 2501 3762 2584 3816; x_wconf 91' lang='lat' dir='ltr'><strong>hic</strong></span> <span class='ocrx_word' id='word_1_636' title='bbox 2633 3762 2762 3817; x_wconf 88' lang='lat' dir='ltr'><strong>mihi</strong></span> <span class='ocrx_word' id='word_1_637' title='bbox 2811 3762 3015 3832; x_wconf 86' lang='lat' dir='ltr'><strong>fructus</strong></span> <span class='ocrx_word' id='word_1_638' title='bbox 3053 3772 3127 3816; x_wconf 89' lang='lat' dir='ltr'><strong>est</strong></span> <span class='ocrx_word' id='word_1_639' title='bbox 3156 3764 3349 3832; x_wconf 86' lang='lat' dir='ltr'><strong>operis,</strong></span> <span class='ocrx_word' id='word_1_640' title='bbox 3379 3763 3505 3832; x_wconf 86' lang='lat' dir='ltr'><strong>quia</strong></span> 
     </span>
    </p>
   </div>
   <div class='ocr_carea' id='block_1_83' title="bbox 1910 3854 3506 3925">
    <p class='ocr_par' dir='ltr' id='par_1_83' title="bbox 1910 3854 3506 3925">
     <span class='ocr_line' id='line_1_83' title="bbox 1910 3854 3506 3925; baseline 0.001 -19"><span class='ocrx_word' id='word_1_641' title='bbox 1910 3870 2016 3925; x_wconf 89' lang='lat' dir='ltr'><strong>qu_o</strong></span> <span class='ocrx_word' id='word_1_642' title='bbox 2055 3855 2284 3924; x_wconf 90' lang='lat' dir='ltr'><strong>amplius</strong></span> <span class='ocrx_word' id='word_1_643' title='bbox 2327 3856 2549 3920; x_wconf 82' lang='lat' dir='ltr'><strong>vixero,</strong></span> <span class='ocrx_word' id='word_1_644' title='bbox 2578 3855 2882 3910; x_wconf 89' lang='lat' dir='ltr'><strong>mercedem</strong></span> <span class='ocrx_word' id='word_1_645' title='bbox 2925 3869 3103 3909; x_wconf 88' lang='lat' dir='ltr'><strong>meam</strong></span> <span class='ocrx_word' id='word_1_646' title='bbox 3153 3856 3380 3924; x_wconf 83' lang='lat' dir='ltr'><strong>augebo.</strong></span> <span class='ocrx_word' id='word_1_647' title='bbox 3436 3854 3506 3908; x_wconf 89' lang='lat' dir='ltr'><strong>Et</strong></span> 
     </span>
    </p>
   </div>
   <div class='ocr_carea' id='block_1_84' title="bbox 1908 3945 3504 4016">
    <p class='ocr_par' dir='ltr' id='par_1_84' title="bbox 1908 3945 3504 4016">
     <span class='ocr_line' id='line_1_84' title="bbox 1908 3945 3504 4016; baseline 0.002 -20"><span class='ocrx_word' id='word_1_648' title='bbox 1908 3945 2034 4014; x_wconf 88' lang='lat' dir='ltr'><strong>quid</strong></span> <span class='ocrx_word' id='word_1_649' title='bbox 2060 3945 2251 4014; x_wconf 90' lang='lat' dir='ltr'><strong>eligam</strong></span> <span class='ocrx_word' id='word_1_650' title='bbox 2293 3946 2499 4016; x_wconf 88' lang='lat' dir='ltr'><strong>ignoro,</strong></span> <span class='ocrx_word' id='word_1_651' title='bbox 2531 3945 2584 4000; x_wconf 89' lang='lat' dir='ltr'><strong>id</strong></span> <span class='ocrx_word' id='word_1_652' title='bbox 2629 3952 2734 4008; x_wconf 91' lang='lat' dir='ltr'><strong>est,</strong></span> <span class='ocrx_word' id='word_1_653' title='bbox 2757 3951 2940 3998; x_wconf 90' lang='lat' dir='ltr'><strong>utrum</strong></span> <span class='ocrx_word' id='word_1_654' title='bbox 2968 3951 3198 3998; x_wconf 90' lang='lat' dir='ltr'><strong>mortem</strong></span> <span class='ocrx_word' id='word_1_655' title='bbox 3229 3951 3504 4012; x_wconf 88' lang='lat' dir='ltr'><strong>appetam,</strong></span> 
     </span>
    </p>
   </div>
   <div class='ocr_carea' id='block_1_85' title="bbox 1910 4031 3505 4102">
    <p class='ocr_par' dir='ltr' id='par_1_85' title="bbox 1910 4031 3505 4102">
     <span class='ocr_line' id='line_1_85' title="bbox 1910 4031 3505 4102; baseline 0.002 -16"><span class='ocrx_word' id='word_1_656' title='bbox 1910 4049 1979 4088; x_wconf 90' lang='lat' dir='ltr'><strong>an</strong></span> <span class='ocrx_word' id='word_1_657' title='bbox 2008 4034 2187 4088; x_wconf 91' lang='lat' dir='ltr'><strong>adhuc</strong></span> <span class='ocrx_word' id='word_1_658' title='bbox 2233 4034 2287 4088; x_wconf 93' lang='lat' dir='ltr'><strong>in</strong></span> <span class='ocrx_word' id='word_1_659' title='bbox 2317 4050 2482 4089; x_wconf 91' lang='lat' dir='ltr'><strong>carne</strong></span> <span class='ocrx_word' id='word_1_660' title='bbox 2524 4048 2747 4088; x_wconf 90' lang='lat' dir='ltr'><strong>manere</strong></span> <span class='ocrx_word' id='word_1_661' title='bbox 2786 4040 2986 4102; x_wconf 86' lang='lat' dir='ltr'><strong>optem.</strong></span> <span class='ocrx_word' id='word_1_662' title='bbox 3045 4031 3140 4088; x_wconf 90' lang='lat' dir='ltr'><strong>Est</strong></span> <span class='ocrx_word' id='word_1_663' title='bbox 3191 4041 3370 4087; x_wconf 87' lang='lat' dir='ltr'><strong>autem</strong></span> <span class='ocrx_word' id='word_1_664' title='bbox 3424 4033 3505 4089; x_wconf 83' lang='lat' dir='ltr'><strong>sic</strong></span> 
     </span>
    </p>
   </div>
   <div class='ocr_carea' id='block_1_86' title="bbox 1910 4119 3503 4196">
    <p class='ocr_par' dir='ltr' id='par_1_86' title="bbox 1910 4119 3503 4196">
     <span class='ocr_line' id='line_1_86' title="bbox 1910 4119 3503 4196; baseline -0.002 -15"><span class='ocrx_word' id='word_1_665' title='bbox 1910 4124 2369 4196; x_wconf 87' lang='lat' dir='ltr'><strong>distinguendum.</strong></span> <span class='ocrx_word' id='word_1_666' title='bbox 2403 4125 2469 4178; x_wconf 90' lang='lat' dir='ltr'><strong>Et</strong></span> <span class='ocrx_word' id='word_1_667' title='bbox 2509 4124 2640 4192; x_wconf 92' lang='lat' dir='ltr'><strong>quid</strong></span> <span class='ocrx_word' id='word_1_668' title='bbox 2682 4122 2880 4193; x_wconf 86' lang='lat' dir='ltr'><strong>eligam</strong></span> <span class='ocrx_word' id='word_1_669' title='bbox 2909 4122 3120 4192; x_wconf 85' lang='lat' dir='ltr'><strong>ignoro,</strong></span> <span class='ocrx_word' id='word_1_670' title='bbox 3147 4138 3264 4174; x_wconf 84' lang='lat' dir='ltr'><strong>cum</strong></span> <span class='ocrx_word' id='word_1_671' title='bbox 3294 4119 3503 4178; x_wconf 88' lang='lat' dir='ltr'><strong>Christo</strong></span> 
     </span>
    </p>
   </div>
   <div class='ocr_carea' id='block_1_87' title="bbox 1909 4211 3502 4285">
    <p class='ocr_par' dir='ltr' id='par_1_87' title="bbox 1909 4211 3502 4285">
     <span class='ocr_line' id='line_1_87' title="bbox 1909 4211 3502 4285; baseline -0.002 -15"><span class='ocrx_word' id='word_1_672' title='bbox 1909 4231 2038 4278; x_wconf 87' lang='lat' dir='ltr'><strong>esse,</strong></span> <span class='ocrx_word' id='word_1_673' title='bbox 2089 4213 2255 4268; x_wconf 89' lang='lat' dir='ltr'><strong>multo</strong></span> <span class='ocrx_word' id='word_1_674' title='bbox 2295 4215 2463 4284; x_wconf 89' lang='lat' dir='ltr'><strong>magis</strong></span> <span class='ocrx_word' id='word_1_675' title='bbox 2511 4213 2716 4267; x_wconf 89' lang='lat' dir='ltr'><strong>melius.</strong></span> <span class='ocrx_word' id='word_1_676' title='bbox 2761 4213 2894 4268; x_wconf 89' lang='lat' dir='ltr'><strong>Cum</strong></span> <span class='ocrx_word' id='word_1_677' title='bbox 2943 4212 3081 4266; x_wconf 81' lang='lat' dir='ltr'><strong>dixit</strong></span> <span class='ocrx_word' id='word_1_678' title='bbox 3111 4211 3281 4267; x_wconf 91' lang='lat' dir='ltr'><strong>multo</strong></span> <span class='ocrx_word' id='word_1_679' title='bbox 3330 4213 3502 4285; x_wconf 86' lang='lat' dir='ltr'><strong>magis</strong></span> 
     </span>
    </p>
   </div>
   <div class='ocr_carea' id='block_1_88' title="bbox 1908 4303 3503 4371">
    <p class='ocr_par' dir='ltr' id='par_1_88' title="bbox 1908 4303 3503 4371">
     <span class='ocr_line' id='line_1_88' title="bbox 1908 4303 3503 4371; baseline -0.001 -9"><span class='ocrx_word' id='word_1_680' title='bbox 1908 4307 2101 4362; x_wconf 90' lang='lat' dir='ltr'><strong>melius</strong></span> <span class='ocrx_word' id='word_1_681' title='bbox 2140 4320 2258 4361; x_wconf 89' lang='lat' dir='ltr'><strong>esse</strong></span> <span class='ocrx_word' id='word_1_682' title='bbox 2303 4305 2515 4360; x_wconf 85' lang='lat' dir='ltr'><strong>dissolvi</strong></span> <span class='ocrx_word' id='word_1_683' title='bbox 2557 4316 2604 4360; x_wconf 88' lang='lat' dir='ltr'><strong>et</strong></span> <span class='ocrx_word' id='word_1_684' title='bbox 2655 4322 2774 4360; x_wconf 89' lang='lat' dir='ltr'><strong>cum</strong></span> <span class='ocrx_word' id='word_1_685' title='bbox 2821 4303 3028 4359; x_wconf 85' lang='lat' dir='ltr'><strong>Christo</strong></span> <span class='ocrx_word' id='word_1_686' title='bbox 3078 4321 3209 4371; x_wconf 87' lang='lat' dir='ltr'><strong>esse,</strong></span> <span class='ocrx_word' id='word_1_687' title='bbox 3238 4314 3292 4359; x_wconf 92' lang='lat' dir='ltr'><strong>et</strong></span> <span class='ocrx_word' id='word_1_688' title='bbox 3322 4305 3503 4360; x_wconf 90' lang='lat' dir='ltr'><strong>subdit</strong></span> 
     </span>
    </p>
   </div>
   <div class='ocr_carea' id='block_1_89' title="bbox 1909 4397 3501 4470">
    <p class='ocr_par' dir='ltr' id='par_1_89' title="bbox 1909 4397 3501 4470">
     <span class='ocr_line' id='line_1_89' title="bbox 1909 4397 3501 4470; baseline 0 -18"><span class='ocrx_word' id='word_1_689' title='bbox 1909 4415 2218 4470; x_wconf 86' lang='lat' dir='ltr'><strong>permanere</strong></span> <span class='ocrx_word' id='word_1_690' title='bbox 2237 4399 2292 4452; x_wconf 89' lang='lat' dir='ltr'><strong>in</strong></span> <span class='ocrx_word' id='word_1_691' title='bbox 2315 4415 2474 4452; x_wconf 88' lang='lat' dir='ltr'><strong>carne</strong></span> <span class='ocrx_word' id='word_1_692' title='bbox 2506 4398 2878 4461; x_wconf 87' lang='lat' dir='ltr'><strong>necessarium,</strong></span> <span class='ocrx_word' id='word_1_693' title='bbox 2908 4397 3143 4451; x_wconf 83' lang='lat' dir='ltr'><strong>ostendit</strong></span> <span class='ocrx_word' id='word_1_694' title='bbox 3172 4397 3301 4466; x_wconf 89' lang='lat' dir='ltr'><strong>quid</strong></span> <span class='ocrx_word' id='word_1_695' title='bbox 3328 4397 3501 4467; x_wconf 86' lang='lat' dir='ltr'><strong>magis</strong></span> 
     </span>
    </p>
   </div>
   <div class='ocr_carea' id='block_1_90' title="bbox 1908 4489 3499 4563">
    <p class='ocr_par' dir='ltr' id='par_1_90' title="bbox 1908 4489 3499 4563">
     <span class='ocr_line' id='line_1_90' title="bbox 1908 4489 3499 4563; baseline -0.001 -16"><span class='ocrx_word' id='word_1_696' title='bbox 1908 4492 2094 4563; x_wconf 85' lang='lat' dir='ltr'><strong>eligat,</strong></span> <span class='ocrx_word' id='word_1_697' title='bbox 2117 4499 2171 4546; x_wconf 89' lang='lat' dir='ltr'><strong>et</strong></span> <span class='ocrx_word' id='word_1_698' title='bbox 2193 4492 2390 4545; x_wconf 90' lang='lat' dir='ltr'><strong>bonum</strong></span> <span class='ocrx_word' id='word_1_699' title='bbox 2419 4491 2636 4561; x_wconf 90' lang='lat' dir='ltr'><strong>quidem</strong></span> <span class='ocrx_word' id='word_1_700' title='bbox 2663 4505 2786 4546; x_wconf 89' lang='lat' dir='ltr'><strong>esse</strong></span> <span class='ocrx_word' id='word_1_701' title='bbox 2802 4505 3023 4545; x_wconf 90' lang='lat' dir='ltr'><strong>manere</strong></span> <span class='ocrx_word' id='word_1_702' title='bbox 3048 4489 3156 4554; x_wconf 92' lang='lat' dir='ltr'><strong>hic,</strong></span> <span class='ocrx_word' id='word_1_703' title='bbox 3188 4489 3282 4544; x_wconf 91' lang='lat' dir='ltr'><strong>sed</strong></span> <span class='ocrx_word' id='word_1_704' title='bbox 3306 4490 3499 4546; x_wconf 88' lang='lat' dir='ltr'><strong>melius</strong></span> 
     </span>
    </p>
   </div>
   <div class='ocr_carea' id='block_1_91' title="bbox 1907 4578 2929 4651">
    <p class='ocr_par' dir='ltr' id='par_1_91' title="bbox 1907 4578 2929 4651">
     <span class='ocr_line' id='line_1_91' title="bbox 1907 4578 2929 4651; baseline -0.002 -15"><span class='ocrx_word' id='word_1_705' title='bbox 1907 4590 1964 4636; x_wconf 92' lang='lat' dir='ltr'><strong>et</strong></span> <span class='ocrx_word' id='word_1_706' title='bbox 1980 4581 2244 4651; x_wconf 91' lang='lat' dir='ltr'><strong>optimum</strong></span> <span class='ocrx_word' id='word_1_707' title='bbox 2275 4594 2494 4634; x_wconf 91' lang='lat' dir='ltr'><strong>manere</strong></span> <span class='ocrx_word' id='word_1_708' title='bbox 2530 4594 2657 4635; x_wconf 91' lang='lat' dir='ltr'><strong>cum</strong></span> <span class='ocrx_word' id='word_1_709' title='bbox 2693 4578 2929 4635; x_wconf 89' lang='lat' dir='ltr'><strong>Christo.</strong></span> 
     </span>
    </p>
   </div>
   <div class='ocr_carea' id='block_1_92' title="bbox 207 4654 3497 4761">
    <p class='ocr_par' dir='ltr' id='par_1_92' title="bbox 207 4654 3497 4761">
     <span class='ocr_line' id='line_1_92' title="bbox 207 4654 3497 4761; baseline 0.002 -19"><span class='ocrx_word' id='word_1_710' title='bbox 207 4694 271 4742; x_wconf 83' lang='lat' dir='ltr'><strong>et</strong></span> <span class='ocrx_word' id='word_1_711' title='bbox 295 4685 673 4740; x_wconf 89' lang='lat' dir='ltr'><strong>vestimentum</strong></span> <span class='ocrx_word' id='word_1_712' title='bbox 696 4685 1004 4754; x_wconf 87' lang='lat' dir='ltr'><strong>acciperent</strong></span> <span class='ocrx_word' id='word_1_713' title='bbox 1024 4725 1039 4751; x_wconf 92' lang='lat'><strong>,</strong></span> <span class='ocrx_word' id='word_1_714' title='bbox 1064 4685 1304 4742; x_wconf 88' lang='lat' dir='ltr'><strong>dicentes</strong></span> <span class='ocrx_word' id='word_1_715' title='bbox 1336 4705 1349 4740; x_wconf 89' lang='lat'><strong>:</strong></span> <span class='ocrx_word' id='word_1_716' title='bbox 1383 4687 1639 4744; x_wconf 87' lang='lat' dir='ltr'><strong>Dominus</strong></span> <span class='ocrx_word' id='word_1_717' title='bbox 1664 4692 1807 4745; x_wconf 87' lang='lat' dir='ltr'><strong>ordi-</strong></span> <span class='ocrx_word' id='word_1_718' title='bbox 1833 4654 1883 4714; x_wconf 68' lang='grc' dir='ltr'>Β</span> <span class='ocrx_word' id='word_1_719' title='bbox 1981 4691 2049 4746; x_wconf 89' lang='lat' dir='ltr'><strong>Et</strong></span> <span class='ocrx_word' id='word_1_720' title='bbox 2079 4693 2174 4747; x_wconf 92' lang='lat' dir='ltr'><strong>hoc</strong></span> <span class='ocrx_word' id='word_1_721' title='bbox 2195 4691 2460 4761; x_wconf 78' lang='lat' dir='ltr'><strong>confidens</strong></span> <span class='ocrx_word' id='word_1_722' title='bbox 2498 4692 2628 4756; x_wconf 91' lang='lat' dir='ltr'><strong>scio,</strong></span> <span class='ocrx_word' id='word_1_723' title='bbox 2656 4692 2780 4761; x_wconf 87' lang='lat' dir='ltr'><strong>quia</strong></span> <span class='ocrx_word' id='word_1_724' title='bbox 2805 4691 3046 4757; x_wconf 91' lang='lat' dir='ltr'><strong>manebo,</strong></span> <span class='ocrx_word' id='word_1_725' title='bbox 3072 4691 3124 4748; x_wconf 89' lang='lat' dir='ltr'><strong>id</strong></span> <span class='ocrx_word' id='word_1_726' title='bbox 3152 4700 3256 4759; x_wconf 90' lang='lat' dir='ltr'><strong>est,</strong></span> <span class='ocrx_word' id='word_1_727' title='bbox 3285 4692 3497 4748; x_wconf 89' lang='lat' dir='ltr'><strong>conﬁdo</strong></span> 
     </span>
    </p>
   </div>
   <div class='ocr_carea' id='block_1_93' title="bbox 209 4774 1806 4852">
    <p class='ocr_par' dir='ltr' id='par_1_93' title="bbox 209 4774 1806 4852">
     <span class='ocr_line' id='line_1_93' title="bbox 209 4774 1806 4852; baseline 0.004 -21"><span class='ocrx_word' id='word_1_728' title='bbox 209 4777 355 4832; x_wconf 81' lang='lat' dir='ltr'><strong>navit</strong></span> <span class='ocrx_word' id='word_1_729' title='bbox 381 4776 470 4847; x_wconf 86' lang='lat' dir='ltr'><strong>qui</strong></span> <span class='ocrx_word' id='word_1_730' title='bbox 492 4774 835 4846; x_wconf 89' lang='lat' dir='ltr'><strong>Evangelium</strong></span> <span class='ocrx_word' id='word_1_731' title='bbox 877 4779 1214 4842; x_wconf 88' lang='lat' dir='ltr'><strong>annuntiant,</strong></span> <span class='ocrx_word' id='word_1_732' title='bbox 1240 4779 1304 4833; x_wconf 91' lang='lat' dir='ltr'><strong>de</strong></span> <span class='ocrx_word' id='word_1_733' title='bbox 1333 4779 1616 4852; x_wconf 86' lang='lat' dir='ltr'><strong>Evangelia</strong></span> <span class='ocrx_word' id='word_1_734' title='bbox 1643 4784 1806 4838; x_wconf 87' lang='lat' dir='ltr'><strong>vivere</strong></span> 
     </span>
    </p>
   </div>
   <div class='ocr_carea' id='block_1_94' title="bbox 211 4867 1800 4940">
    <p class='ocr_par' dir='ltr' id='par_1_94' title="bbox 211 4867 1800 4940">
     <span class='ocr_line' id='line_1_94' title="bbox 211 4867 1800 4940; baseline 0.004 -18"><span class='ocrx_word' id='word_1_735' title='bbox 211 4868 271 4940; x_wconf 90' lang='grc' dir='ltr'><strong>(Ι</strong></span> <span class='ocrx_word' id='word_1_736' title='bbox 303 4867 424 4922; x_wconf 88' lang='lat' dir='ltr'><strong>Cor.</strong></span> <span class='ocrx_word' id='word_1_737' title='bbox 451 4868 624 4938; x_wconf 83' lang='lat' dir='ltr'><strong>Ix).Et</strong></span> <span class='ocrx_word' id='word_1_738' title='bbox 667 4876 890 4937; x_wconf 91' lang='lat' dir='ltr'><strong>propter</strong></span> <span class='ocrx_word' id='word_1_739' title='bbox 934 4869 1296 4924; x_wconf 90' lang='lat' dir='ltr'><strong>contentionis</strong></span> <span class='ocrx_word' id='word_1_740' title='bbox 1331 4873 1672 4927; x_wconf 87' lang='lat' dir='ltr'><strong>occasionem</strong></span> <span class='ocrx_word' id='word_1_741' title='bbox 1694 4889 1800 4930; x_wconf 90' lang='lat' dir='ltr'><strong>non</strong></span> 
     </span>
    </p>
   </div>
   <div class='ocr_carea' id='block_1_95' title="bbox 212 4958 1800 5028">
    <p class='ocr_par' dir='ltr' id='par_1_95' title="bbox 212 4958 1800 5028">
     <span class='ocr_line' id='line_1_95' title="bbox 212 4958 1800 5028; baseline 0.003 -12"><span class='ocrx_word' id='word_1_742' title='bbox 212 4961 466 5016; x_wconf 85' lang='lat' dir='ltr'><strong>cessabat</strong></span> <span class='ocrx_word' id='word_1_743' title='bbox 485 4958 773 5028; x_wconf 88' lang='lat' dir='ltr'><strong>Apostolus</strong></span> <span class='ocrx_word' id='word_1_744' title='bbox 787 4958 991 5028; x_wconf 89' lang='lat' dir='ltr'><strong>positus</strong></span> <span class='ocrx_word' id='word_1_745' title='bbox 1006 4959 1058 5012; x_wconf 92' lang='lat' dir='ltr'><strong>in</strong></span> <span class='ocrx_word' id='word_1_746' title='bbox 1073 4975 1311 5026; x_wconf 90' lang='lat' dir='ltr'><strong>carcere,</strong></span> <span class='ocrx_word' id='word_1_747' title='bbox 1331 4963 1424 5018; x_wconf 92' lang='lat' dir='ltr'><strong>sed</strong></span> <span class='ocrx_word' id='word_1_748' title='bbox 1444 4964 1608 5018; x_wconf 89' lang='lat' dir='ltr'><strong>etiam</strong></span> <span class='ocrx_word' id='word_1_749' title='bbox 1635 4966 1800 5020; x_wconf 91' lang='lat' dir='ltr'><strong>disci-</strong></span> 
     </span>
    </p>
   </div>
   <div class='ocr_carea' id='block_1_96' title="bbox 208 5050 1796 5124">
    <p class='ocr_par' dir='ltr' id='par_1_96' title="bbox 208 5050 1796 5124">
     <span class='ocr_line' id='line_1_96' title="bbox 208 5050 1796 5124; baseline 0.005 -20"><span class='ocrx_word' id='word_1_750' title='bbox 208 5050 370 5122; x_wconf 90' lang='lat' dir='ltr'><strong>pulos</strong></span> <span class='ocrx_word' id='word_1_751' title='bbox 416 5066 544 5105; x_wconf 91' lang='lat' dir='ltr'><strong>suos</strong></span> <span class='ocrx_word' id='word_1_752' title='bbox 595 5065 712 5119; x_wconf 84' lang='lat' dir='ltr'><strong>per</strong></span> <span class='ocrx_word' id='word_1_753' title='bbox 741 5058 911 5104; x_wconf 89' lang='lat' dir='ltr'><strong>totum</strong></span> <span class='ocrx_word' id='word_1_754' title='bbox 956 5051 1140 5105; x_wconf 90' lang='lat' dir='ltr'><strong>orbem</strong></span> <span class='ocrx_word' id='word_1_755' title='bbox 1181 5052 1428 5107; x_wconf 90' lang='lat' dir='ltr'><strong>mittebat</strong></span> <span class='ocrx_word' id='word_1_756' title='bbox 1479 5057 1796 5124; x_wconf 63' lang='lat' dir='ltr'><strong>praedicare.</strong></span> 
     </span>
    </p>
   </div>
   <div class='ocr_carea' id='block_1_97' title="bbox 211 5141 1805 5211">
    <p class='ocr_par' dir='ltr' id='par_1_97' title="bbox 211 5141 1805 5211">
     <span class='ocr_line' id='line_1_97' title="bbox 211 5141 1805 5211; baseline 0.003 -14"><span class='ocrx_word' id='word_1_757' title='bbox 211 5141 484 5197; x_wconf 77' lang='lat' dir='ltr'><strong>Volebaut</strong></span> <span class='ocrx_word' id='word_1_758' title='bbox 533 5141 752 5211; x_wconf 84' lang='lat' dir='ltr'><strong>quidam</strong></span> <span class='ocrx_word' id='word_1_759' title='bbox 783 5150 842 5195; x_wconf 90' lang='lat' dir='ltr'><strong>ut</strong></span> <span class='ocrx_word' id='word_1_760' title='bbox 867 5141 1224 5207; x_wconf 89' lang='lat' dir='ltr'><strong>occideretur,</strong></span> <span class='ocrx_word' id='word_1_761' title='bbox 1283 5153 1343 5197; x_wconf 90' lang='lat' dir='ltr'><strong>ut</strong></span> <span class='ocrx_word' id='word_1_762' title='bbox 1377 5146 1502 5199; x_wconf 91' lang='lat' dir='ltr'><strong>dum</strong></span> <span class='ocrx_word' id='word_1_763' title='bbox 1543 5147 1632 5200; x_wconf 92' lang='lat' dir='ltr'><strong>ille</strong></span> <span class='ocrx_word' id='word_1_764' title='bbox 1660 5148 1805 5202; x_wconf 88' lang='lat' dir='ltr'><strong>occi-</strong></span> 
     </span>
    </p>
   </div>
   <div class='ocr_carea' id='block_1_98' title="bbox 208 5231 1804 5304">
    <p class='ocr_par' dir='ltr' id='par_1_98' title="bbox 208 5231 1804 5304">
     <span class='ocr_line' id='line_1_98' title="bbox 208 5231 1804 5304; baseline 0.001 -13"><span class='ocrx_word' id='word_1_765' title='bbox 208 5249 310 5291; x_wconf 81' lang='lat' dir='ltr'><strong>sus</strong></span> <span class='ocrx_word' id='word_1_766' title='bbox 337 5240 505 5296; x_wconf 88' lang='lat' dir='ltr'><strong>esset,</strong></span> <span class='ocrx_word' id='word_1_767' title='bbox 544 5231 766 5287; x_wconf 90' lang='lat' dir='ltr'><strong>liberius</strong></span> <span class='ocrx_word' id='word_1_768' title='bbox 801 5240 1024 5303; x_wconf 87' lang='lat' dir='ltr'><strong>possent</strong></span> <span class='ocrx_word' id='word_1_769' title='bbox 1059 5233 1132 5287; x_wconf 93' lang='lat' dir='ltr'><strong>illi</strong></span> <span class='ocrx_word' id='word_1_770' title='bbox 1168 5235 1471 5304; x_wconf 90' lang='lat' dir='ltr'><strong>exspoliare</strong></span> <span class='ocrx_word' id='word_1_771' title='bbox 1497 5253 1623 5292; x_wconf 88' lang='lat' dir='ltr'><strong>suos</strong></span> <span class='ocrx_word' id='word_1_772' title='bbox 1650 5239 1804 5293; x_wconf 88' lang='lat' dir='ltr'><strong>audi-</strong></span> 
     </span>
    </p>
   </div>
   <div class='ocr_carea' id='block_1_99' title="bbox 213 5332 385 5380">
    <p class='ocr_par' dir='ltr' id='par_1_99' title="bbox 213 5332 385 5380">
     <span class='ocr_line' id='line_1_99' title="bbox 213 5332 385 5380; baseline -0.006 -1"><span class='ocrx_word' id='word_1_773' title='bbox 213 5332 385 5380; x_wconf 90' lang='lat' dir='ltr'><strong>tores.</strong></span> 
     </span>
    </p>
   </div>
   <div class='ocr_carea' id='block_1_100' title="bbox 289 5414 1800 5492">
    <p class='ocr_par' dir='ltr' id='par_1_100' title="bbox 289 5414 1800 5492">
     <span class='ocr_line' id='line_1_100' title="bbox 289 5414 1800 5492; baseline 0.004 -21"><span class='ocrx_word' id='word_1_774' title='bbox 289 5414 522 5472; x_wconf 88' lang='lat' dir='ltr'><strong>Scientes</strong></span> <span class='ocrx_word' id='word_1_775' title='bbox 566 5417 811 5487; x_wconf 88' lang='lat' dir='ltr'><strong>quoniam</strong></span> <span class='ocrx_word' id='word_1_776' title='bbox 849 5417 904 5472; x_wconf 90' lang='lat' dir='ltr'><strong>in</strong></span> <span class='ocrx_word' id='word_1_777' title='bbox 953 5418 1250 5489; x_wconf 78' lang='lat' dir='ltr'><strong>defensione</strong></span> <span class='ocrx_word' id='word_1_778' title='bbox 1290 5417 1562 5492; x_wconf 86' lang='lat' dir='ltr'><strong>Evangelii</strong></span> <span class='ocrx_word' id='word_1_779' title='bbox 1601 5424 1800 5491; x_wconf 87' lang='lat' dir='ltr'><strong>positus</strong></span> 
     </span>
    </p>
   </div>
   <div class='ocr_carea' id='block_1_101' title="bbox 213 5509 1801 5585">
    <p class='ocr_par' dir='ltr' id='par_1_101' title="bbox 213 5509 1801 5585">
     <span class='ocr_line' id='line_1_101' title="bbox 213 5509 1801 5585; baseline 0.004 -21"><span class='ocrx_word' id='word_1_780' title='bbox 213 5525 355 5576; x_wconf 90' lang='lat' dir='ltr'><strong>sum,</strong></span> <span class='ocrx_word' id='word_1_781' title='bbox 384 5509 437 5563; x_wconf 92' lang='lat' dir='ltr'><strong>id</strong></span> <span class='ocrx_word' id='word_1_782' title='bbox 483 5517 566 5564; x_wconf 89' lang='lat' dir='ltr'><strong>est</strong></span> <span class='ocrx_word' id='word_1_783' title='bbox 611 5509 665 5562; x_wconf 95' lang='lat' dir='ltr'><strong>in</strong></span> <span class='ocrx_word' id='word_1_784' title='bbox 700 5524 763 5564; x_wconf 90' lang='lat' dir='ltr'><strong>ea</strong></span> <span class='ocrx_word' id='word_1_785' title='bbox 801 5509 1112 5567; x_wconf 79' lang='lat' dir='ltr'><strong>defensione</strong></span> <span class='ocrx_word' id='word_1_786' title='bbox 1157 5526 1316 5581; x_wconf 89' lang='lat' dir='ltr'><strong>quam</strong></span> <span class='ocrx_word' id='word_1_787' title='bbox 1344 5514 1504 5583; x_wconf 84' lang='lat' dir='ltr'><strong>paulo</strong></span> <span class='ocrx_word' id='word_1_788' title='bbox 1554 5515 1801 5585; x_wconf 89' lang='lat' dir='ltr'><strong>superius</strong></span> 
     </span>
    </p>
   </div>
   <div class='ocr_carea' id='block_1_102' title="bbox 215 5600 1800 5676">
    <p class='ocr_par' dir='ltr' id='par_1_102' title="bbox 215 5600 1800 5676">
     <span class='ocr_line' id='line_1_102' title="bbox 215 5600 1800 5676; baseline 0.006 -20"><span class='ocrx_word' id='word_1_789' title='bbox 215 5600 472 5656; x_wconf 85' lang='lat' dir='ltr'><strong>diximus.</strong></span> <span class='ocrx_word' id='word_1_790' title='bbox 505 5601 629 5655; x_wconf 84' lang='lat' dir='ltr'><strong>Non</strong></span> <span class='ocrx_word' id='word_1_791' title='bbox 673 5601 903 5668; x_wconf 84' lang='lat' dir='ltr'><strong>sincere,</strong></span> <span class='ocrx_word' id='word_1_792' title='bbox 947 5602 1000 5657; x_wconf 91' lang='lat' dir='ltr'><strong>id</strong></span> <span class='ocrx_word' id='word_1_793' title='bbox 1036 5612 1119 5658; x_wconf 91' lang='lat' dir='ltr'><strong>est</strong></span> <span class='ocrx_word' id='word_1_794' title='bbox 1147 5619 1252 5658; x_wconf 90' lang='lat' dir='ltr'><strong>non</strong></span> <span class='ocrx_word' id='word_1_795' title='bbox 1303 5621 1434 5676; x_wconf 89' lang='lat' dir='ltr'><strong>pura</strong></span> <span class='ocrx_word' id='word_1_796' title='bbox 1480 5607 1800 5676; x_wconf 91' lang='lat' dir='ltr'><strong>intentione,</strong></span> 
     </span>
    </p>
   </div>
   <div class='ocr_carea' id='block_1_103' title="bbox 216 5694 1802 5771">
    <p class='ocr_par' dir='ltr' id='par_1_103' title="bbox 216 5694 1802 5771">
     <span class='ocr_line' id='line_1_103' title="bbox 216 5694 1802 5771; baseline 0.006 -24"><span class='ocrx_word' id='word_1_797' title='bbox 216 5694 573 5747; x_wconf 74' lang='lat' dir='ltr'><strong>existimantes</strong></span> <span class='ocrx_word' id='word_1_798' title='bbox 598 5711 651 5746; x_wconf 79' lang='lat' dir='ltr'><strong>se</strong></span> <span class='ocrx_word' id='word_1_799' title='bbox 673 5710 990 5763; x_wconf 83' lang='lat' dir='ltr'><strong>pressuram,</strong></span> <span class='ocrx_word' id='word_1_800' title='bbox 1017 5695 1067 5750; x_wconf 93' lang='lat' dir='ltr'><strong>id</strong></span> <span class='ocrx_word' id='word_1_801' title='bbox 1081 5702 1163 5750; x_wconf 93' lang='lat' dir='ltr'><strong>est</strong></span> <span class='ocrx_word' id='word_1_802' title='bbox 1186 5700 1615 5767; x_wconf 88' lang='lat' dir='ltr'><strong>persecutionem</strong></span> <span class='ocrx_word' id='word_1_803' title='bbox 1635 5703 1802 5771; x_wconf 90' lang='lat' dir='ltr'><strong>majo-</strong></span> 
     </span>
    </p>
   </div>
   <div class='ocr_carea' id='block_1_104' title="bbox 217 5784 1065 5850">
    <p class='ocr_par' dir='ltr' id='par_1_104' title="bbox 217 5784 1065 5850">
     <span class='ocr_line' id='line_1_104' title="bbox 217 5784 1065 5850; baseline 0.001 -11"><span class='ocrx_word' id='word_1_804' title='bbox 217 5797 358 5850; x_wconf 84' lang='lat' dir='ltr'><strong>rem,</strong></span> <span class='ocrx_word' id='word_1_805' title='bbox 389 5786 642 5839; x_wconf 86' lang='lat' dir='ltr'><strong>suscitare</strong></span> <span class='ocrx_word' id='word_1_806' title='bbox 667 5784 884 5839; x_wconf 87' lang='lat' dir='ltr'><strong>vinculis</strong></span> <span class='ocrx_word' id='word_1_807' title='bbox 918 5788 1065 5840; x_wconf 86' lang='lat' dir='ltr'><strong>meis.</strong></span> 
     </span>
    </p>
   </div>
   <div class='ocr_carea' id='block_1_105' title="bbox 297 5877 1801 5958">
    <p class='ocr_par' dir='ltr' id='par_1_105' title="bbox 297 5877 1801 5958">
     <span class='ocr_line' id='line_1_105' title="bbox 297 5877 1801 5958; baseline 0.005 -24"><span class='ocrx_word' id='word_1_808' title='bbox 297 5877 434 5947; x_wconf 85' lang='lat' dir='ltr'><strong>Quid</strong></span> <span class='ocrx_word' id='word_1_809' title='bbox 463 5880 630 5944; x_wconf 86' lang='lat' dir='ltr'><strong>enim,</strong></span> <span class='ocrx_word' id='word_1_810' title='bbox 664 5877 718 5935; x_wconf 91' lang='lat' dir='ltr'><strong>id</strong></span> <span class='ocrx_word' id='word_1_811' title='bbox 745 5887 828 5934; x_wconf 89' lang='lat' dir='ltr'><strong>est</strong></span> <span class='ocrx_word' id='word_1_812' title='bbox 855 5895 867 5933; x_wconf 89' lang='lat'>:</span> <span class='ocrx_word' id='word_1_813' title='bbox 905 5877 1082 5946; x_wconf 85' lang='lat' dir='ltr'><strong>Quare</strong></span> <span class='ocrx_word' id='word_1_814' title='bbox 1128 5881 1422 5940; x_wconf 85' lang='lat' dir='ltr'><strong>contristor</strong></span> <span class='ocrx_word' id='word_1_815' title='bbox 1447 5927 1460 5952; x_wconf 94' lang='lat'><strong>,</strong></span> <span class='ocrx_word' id='word_1_816' title='bbox 1493 5891 1586 5941; x_wconf 89' lang='lat' dir='ltr'><strong>aut</strong></span> <span class='ocrx_word' id='word_1_817' title='bbox 1631 5901 1801 5958; x_wconf 89' lang='lat' dir='ltr'><strong>quare</strong></span> 
     </span>
    </p>
   </div>
   <div class='ocr_carea' id='block_1_106' title="bbox 1907 4782 3492 4854">
    <p class='ocr_par' dir='ltr' id='par_1_106' title="bbox 1907 4782 3492 4854">
     <span class='ocr_line' id='line_1_106' title="bbox 1907 4782 3492 4854; baseline 0.001 -17"><span class='ocrx_word' id='word_1_818' title='bbox 1907 4791 1964 4838; x_wconf 90' lang='lat' dir='ltr'><strong>et</strong></span> <span class='ocrx_word' id='word_1_819' title='bbox 2002 4784 2198 4846; x_wconf 89' lang='lat' dir='ltr'><strong>credo,</strong></span> <span class='ocrx_word' id='word_1_820' title='bbox 2235 4784 2361 4852; x_wconf 88' lang='lat' dir='ltr'><strong>quia</strong></span> <span class='ocrx_word' id='word_1_821' title='bbox 2401 4783 2632 4836; x_wconf 89' lang='lat' dir='ltr'><strong>manebo</strong></span> <span class='ocrx_word' id='word_1_822' title='bbox 2659 4782 2897 4850; x_wconf 89' lang='lat' dir='ltr'><strong>quandiu</strong></span> <span class='ocrx_word' id='word_1_823' title='bbox 2949 4784 3180 4839; x_wconf 91' lang='lat' dir='ltr'><strong>Domino</strong></span> <span class='ocrx_word' id='word_1_824' title='bbox 3206 4783 3492 4854; x_wconf 89' lang='lat' dir='ltr'><strong>placuerit,</strong></span> 
     </span>
    </p>
   </div>
   <div class='ocr_carea' id='block_1_107' title="bbox 1907 4872 3494 4943">
    <p class='ocr_par' dir='ltr' id='par_1_107' title="bbox 1907 4872 3494 4943">
     <span class='ocr_line' id='line_1_107' title="bbox 1907 4872 3494 4943; baseline 0.002 -17"><span class='ocrx_word' id='word_1_825' title='bbox 1907 4881 1953 4926; x_wconf 89' lang='lat' dir='ltr'><strong>et</strong></span> <span class='ocrx_word' id='word_1_826' title='bbox 1977 4872 2306 4943; x_wconf 88' lang='lat' dir='ltr'><strong>permanebo,</strong></span> <span class='ocrx_word' id='word_1_827' title='bbox 2346 4872 2396 4925; x_wconf 90' lang='lat' dir='ltr'><strong>id</strong></span> <span class='ocrx_word' id='word_1_828' title='bbox 2440 4881 2542 4936; x_wconf 88' lang='lat' dir='ltr'><strong>est,</strong></span> <span class='ocrx_word' id='word_1_829' title='bbox 2586 4887 2756 4941; x_wconf 90' lang='lat' dir='ltr'><strong>usque</strong></span> <span class='ocrx_word' id='word_1_830' title='bbox 2778 4872 2844 4926; x_wconf 90' lang='lat' dir='ltr'><strong>ad</strong></span> <span class='ocrx_word' id='word_1_831' title='bbox 2869 4874 3254 4942; x_wconf 80' lang='lat' dir='ltr'><strong>perfectionem</strong></span> <span class='ocrx_word' id='word_1_832' title='bbox 3291 4884 3346 4929; x_wconf 91' lang='lat' dir='ltr'><strong>et</strong></span> <span class='ocrx_word' id='word_1_833' title='bbox 3371 4889 3494 4929; x_wconf 86' lang='lat' dir='ltr'><strong>cor-</strong></span> 
     </span>
    </p>
   </div>
   <div class='ocr_carea' id='block_1_108' title="bbox 1905 4963 3495 5022">
    <p class='ocr_par' dir='ltr' id='par_1_108' title="bbox 1905 4963 3495 5022">
     <span class='ocr_line' id='line_1_108' title="bbox 1905 4963 3495 5022; baseline -0.001 0"><span class='ocrx_word' id='word_1_834' title='bbox 1905 4967 2304 5022; x_wconf 87' lang='lat' dir='ltr'><strong>roborationem</strong></span> <span class='ocrx_word' id='word_1_835' title='bbox 2341 4963 2459 5019; x_wconf 89' lang='lat' dir='ltr'><strong>ﬁdei</strong></span> <span class='ocrx_word' id='word_1_836' title='bbox 2500 4972 2691 5019; x_wconf 67' lang='lat' dir='ltr'><strong>vestrae</strong></span> <span class='ocrx_word' id='word_1_837' title='bbox 2723 4967 2952 5021; x_wconf 90' lang='lat' dir='ltr'><strong>manebo</strong></span> <span class='ocrx_word' id='word_1_838' title='bbox 2981 4967 3216 5021; x_wconf 90' lang='lat' dir='ltr'><strong>omnibus</strong></span> <span class='ocrx_word' id='word_1_839' title='bbox 3257 4967 3396 5022; x_wconf 71' lang='lat' dir='ltr'><strong>vobis</strong></span> <span class='ocrx_word' id='word_1_840' title='bbox 3425 4966 3495 5020; x_wconf 90' lang='lat' dir='ltr'><strong>ad</strong></span> 
     </span>
    </p>
   </div>
   <div class='ocr_carea' id='block_1_109' title="bbox 1901 5057 3494 5128">
    <p class='ocr_par' dir='ltr' id='par_1_109' title="bbox 1901 5057 3494 5128">
     <span class='ocr_line' id='line_1_109' title="bbox 1901 5057 3494 5128; baseline 0 -17"><span class='ocrx_word' id='word_1_841' title='bbox 1901 5057 2189 5128; x_wconf 78' lang='lat' dir='ltr'><strong>profectum</strong></span> <span class='ocrx_word' id='word_1_842' title='bbox 2243 5066 2462 5110; x_wconf 89' lang='lat' dir='ltr'><strong>vestrum</strong></span> <span class='ocrx_word' id='word_1_843' title='bbox 2491 5098 2503 5122; x_wconf 95' lang='lat'><strong>,</strong></span> <span class='ocrx_word' id='word_1_844' title='bbox 2535 5058 2585 5112; x_wconf 92' lang='lat' dir='ltr'><strong>id</strong></span> <span class='ocrx_word' id='word_1_845' title='bbox 2613 5066 2696 5112; x_wconf 91' lang='lat' dir='ltr'><strong>est</strong></span> <span class='ocrx_word' id='word_1_846' title='bbox 2723 5059 2788 5112; x_wconf 91' lang='lat' dir='ltr'><strong>ad</strong></span> <span class='ocrx_word' id='word_1_847' title='bbox 2824 5058 3129 5121; x_wconf 89' lang='lat' dir='ltr'><strong>utilitatem,</strong></span> <span class='ocrx_word' id='word_1_848' title='bbox 3161 5067 3209 5111; x_wconf 87' lang='lat' dir='ltr'><strong>et</strong></span> <span class='ocrx_word' id='word_1_849' title='bbox 3242 5057 3494 5126; x_wconf 83' lang='lat' dir='ltr'><strong>gaudium</strong></span> 
     </span>
    </p>
   </div>
   <div class='ocr_carea' id='block_1_110' title="bbox 1908 5149 3491 5223">
    <p class='ocr_par' dir='ltr' id='par_1_110' title="bbox 1908 5149 3491 5223">
     <span class='ocr_line' id='line_1_110' title="bbox 1908 5149 3491 5223; baseline 0.002 -18"><span class='ocrx_word' id='word_1_850' title='bbox 1908 5151 2052 5221; x_wconf 77' lang='lat' dir='ltr'><strong>ﬁdei,</strong></span> <span class='ocrx_word' id='word_1_851' title='bbox 2083 5153 2132 5206; x_wconf 92' lang='lat' dir='ltr'><strong>id</strong></span> <span class='ocrx_word' id='word_1_852' title='bbox 2154 5161 2256 5215; x_wconf 88' lang='lat' dir='ltr'><strong>est,</strong></span> <span class='ocrx_word' id='word_1_853' title='bbox 2283 5160 2344 5206; x_wconf 90' lang='lat' dir='ltr'><strong>ut</strong></span> <span class='ocrx_word' id='word_1_854' title='bbox 2366 5166 2464 5222; x_wconf 87' lang='lat' dir='ltr'><strong>ego</strong></span> <span class='ocrx_word' id='word_1_855' title='bbox 2493 5160 2545 5206; x_wconf 91' lang='lat' dir='ltr'><strong>et</strong></span> <span class='ocrx_word' id='word_1_856' title='bbox 2573 5167 2670 5207; x_wconf 91' lang='lat' dir='ltr'><strong>vos</strong></span> <span class='ocrx_word' id='word_1_857' title='bbox 2695 5152 3024 5223; x_wconf 84' lang='lat' dir='ltr'><strong>gaudeamus</strong></span> <span class='ocrx_word' id='word_1_858' title='bbox 3047 5152 3113 5205; x_wconf 90' lang='lat' dir='ltr'><strong>de</strong></span> <span class='ocrx_word' id='word_1_859' title='bbox 3153 5159 3334 5206; x_wconf 87' lang='lat' dir='ltr'><strong>vestra</strong></span> <span class='ocrx_word' id='word_1_860' title='bbox 3365 5149 3491 5207; x_wconf 86' lang='lat' dir='ltr'><strong>ﬁde.</strong></span> 
     </span>
    </p>
   </div>
   <div class='ocr_carea' id='block_1_111' title="bbox 1910 5243 3489 5316">
    <p class='ocr_par' dir='ltr' id='par_1_111' title="bbox 1910 5243 3489 5316">
     <span class='ocr_line' id='line_1_111' title="bbox 1910 5243 3489 5316; baseline 0 -18"><span class='ocrx_word' id='word_1_861' title='bbox 1910 5243 1977 5298; x_wconf 88' lang='lat' dir='ltr'><strong>Ut</strong></span> <span class='ocrx_word' id='word_1_862' title='bbox 2027 5244 2309 5316; x_wconf 83' lang='lat' dir='ltr'><strong>gratulatio</strong></span> <span class='ocrx_word' id='word_1_863' title='bbox 2357 5255 2558 5311; x_wconf 86' lang='lat' dir='ltr'><strong>vestra,</strong></span> <span class='ocrx_word' id='word_1_864' title='bbox 2594 5244 2648 5300; x_wconf 91' lang='lat' dir='ltr'><strong>id</strong></span> <span class='ocrx_word' id='word_1_865' title='bbox 2673 5254 2788 5309; x_wconf 89' lang='lat' dir='ltr'><strong>est,</strong></span> <span class='ocrx_word' id='word_1_866' title='bbox 2818 5253 2875 5298; x_wconf 91' lang='lat' dir='ltr'><strong>ut</strong></span> <span class='ocrx_word' id='word_1_867' title='bbox 2918 5243 3169 5314; x_wconf 86' lang='lat' dir='ltr'><strong>gaudium</strong></span> <span class='ocrx_word' id='word_1_868' title='bbox 3213 5251 3489 5312; x_wconf 89' lang='lat' dir='ltr'><strong>vestrum,</strong></span> 
     </span>
    </p>
   </div>
   <div class='ocr_carea' id='block_1_112' title="bbox 1908 5336 3488 5408">
    <p class='ocr_par' dir='ltr' id='par_1_112' title="bbox 1908 5336 3488 5408">
     <span class='ocr_line' id='line_1_112' title="bbox 1908 5336 3488 5408; baseline -0.001 -17"><span class='ocrx_word' id='word_1_869' title='bbox 1908 5337 2132 5391; x_wconf 87' lang='lat' dir='ltr'><strong>abundet</strong></span> <span class='ocrx_word' id='word_1_870' title='bbox 2177 5337 2230 5391; x_wconf 89' lang='lat' dir='ltr'><strong>in</strong></span> <span class='ocrx_word' id='word_1_871' title='bbox 2261 5336 2467 5392; x_wconf 89' lang='lat' dir='ltr'><strong>Christo</strong></span> <span class='ocrx_word' id='word_1_872' title='bbox 2508 5339 2635 5393; x_wconf 84' lang='lat' dir='ltr'><strong>Jesu</strong></span> <span class='ocrx_word' id='word_1_873' title='bbox 2665 5339 2721 5392; x_wconf 89' lang='lat' dir='ltr'><strong>in</strong></span> <span class='ocrx_word' id='word_1_874' title='bbox 2759 5355 2841 5392; x_wconf 90' lang='lat' dir='ltr'><strong>me</strong></span> <span class='ocrx_word' id='word_1_875' title='bbox 2883 5354 2973 5408; x_wconf 90' lang='lat' dir='ltr'><strong>per</strong></span> <span class='ocrx_word' id='word_1_876' title='bbox 3001 5353 3172 5392; x_wconf 88' lang='lat' dir='ltr'><strong>meum</strong></span> <span class='ocrx_word' id='word_1_877' title='bbox 3208 5337 3488 5391; x_wconf 88' lang='lat' dir='ltr'><strong>adventum</strong></span> 
     </span>
    </p>
   </div>
   <div class='ocr_carea' id='block_1_113' title="bbox 1907 5430 3486 5503">
    <p class='ocr_par' dir='ltr' id='par_1_113' title="bbox 1907 5430 3486 5503">
     <span class='ocr_line' id='line_1_113' title="bbox 1907 5430 3486 5503; baseline 0 -19"><span class='ocrx_word' id='word_1_878' title='bbox 1907 5431 2097 5484; x_wconf 86' lang='lat' dir='ltr'><strong>iterum</strong></span> <span class='ocrx_word' id='word_1_879' title='bbox 2138 5431 2206 5483; x_wconf 89' lang='lat' dir='ltr'><strong>ad</strong></span> <span class='ocrx_word' id='word_1_880' title='bbox 2255 5449 2362 5485; x_wconf 87' lang='lat' dir='ltr'><strong>vos.</strong></span> <span class='ocrx_word' id='word_1_881' title='bbox 2395 5430 2664 5486; x_wconf 88' lang='lat' dir='ltr'><strong>Gratulari</strong></span> <span class='ocrx_word' id='word_1_882' title='bbox 2695 5442 2778 5487; x_wconf 91' lang='lat' dir='ltr'><strong>est</strong></span> <span class='ocrx_word' id='word_1_883' title='bbox 2807 5430 3146 5503; x_wconf 84' lang='lat' dir='ltr'><strong>congaudere</strong></span> <span class='ocrx_word' id='word_1_884' title='bbox 3185 5440 3240 5487; x_wconf 89' lang='lat' dir='ltr'><strong>et</strong></span> <span class='ocrx_word' id='word_1_885' title='bbox 3283 5431 3486 5502; x_wconf 86' lang='lat' dir='ltr'><strong>gratias</strong></span> 
     </span>
    </p>
   </div>
   <div class='ocr_carea' id='block_1_114' title="bbox 1907 5522 3487 5595">
    <p class='ocr_par' dir='ltr' id='par_1_114' title="bbox 1907 5522 3487 5595">
     <span class='ocr_line' id='line_1_114' title="bbox 1907 5522 3487 5595; baseline 0.001 -18"><span class='ocrx_word' id='word_1_886' title='bbox 1907 5523 2132 5588; x_wconf 76' lang='lat' dir='ltr'><strong>referre,</strong></span> <span class='ocrx_word' id='word_1_887' title='bbox 2185 5533 2240 5578; x_wconf 92' lang='lat' dir='ltr'><strong>et</strong></span> <span class='ocrx_word' id='word_1_888' title='bbox 2287 5533 2372 5580; x_wconf 92' lang='lat' dir='ltr'><strong>est</strong></span> <span class='ocrx_word' id='word_1_889' title='bbox 2413 5540 2604 5580; x_wconf 87' lang='lat' dir='ltr'><strong>sensus</strong></span> <span class='ocrx_word' id='word_1_890' title='bbox 2654 5543 2666 5578; x_wconf 92' lang='lat'>:</span> <span class='ocrx_word' id='word_1_891' title='bbox 2721 5524 2792 5580; x_wconf 88' lang='lat' dir='ltr'><strong>Ut</strong></span> <span class='ocrx_word' id='word_1_892' title='bbox 2820 5523 3181 5593; x_wconf 87' lang='lat' dir='ltr'><strong>vos,inquit.,</strong></span> <span class='ocrx_word' id='word_1_893' title='bbox 3208 5522 3487 5595; x_wconf 88' lang='lat' dir='ltr'><strong>gaudeatis</strong></span> 
     </span>
    </p>
   </div>
   <div class='ocr_carea' id='block_1_115' title="bbox 1903 5615 3485 5686">
    <p class='ocr_par' dir='ltr' id='par_1_115' title="bbox 1903 5615 3485 5686">
     <span class='ocr_line' id='line_1_115' title="bbox 1903 5615 3485 5686; baseline 0.002 -17"><span class='ocrx_word' id='word_1_894' title='bbox 1903 5615 1970 5670; x_wconf 92' lang='lat' dir='ltr'><strong>de</strong></span> <span class='ocrx_word' id='word_1_895' title='bbox 1999 5632 2119 5670; x_wconf 88' lang='lat' dir='ltr'><strong>meo</strong></span> <span class='ocrx_word' id='word_1_896' title='bbox 2149 5618 2380 5672; x_wconf 87' lang='lat' dir='ltr'><strong>adventu</strong></span> <span class='ocrx_word' id='word_1_897' title='bbox 2428 5627 2482 5671; x_wconf 84' lang='lat' dir='ltr'><strong>et</strong></span> <span class='ocrx_word' id='word_1_898' title='bbox 2523 5617 2726 5686; x_wconf 76' lang='lat' dir='ltr'><strong>gratias</strong></span> <span class='ocrx_word' id='word_1_899' title='bbox 2768 5615 3014 5672; x_wconf 75' lang='lat' dir='ltr'><strong>referatis</strong></span> <span class='ocrx_word' id='word_1_900' title='bbox 3045 5618 3184 5682; x_wconf 90' lang='lat' dir='ltr'><strong>Deo,</strong></span> <span class='ocrx_word' id='word_1_901' title='bbox 3211 5617 3301 5686; x_wconf 90' lang='lat' dir='ltr'><strong>qui</strong></span> <span class='ocrx_word' id='word_1_902' title='bbox 3330 5616 3485 5672; x_wconf 86' lang='lat' dir='ltr'><strong>vobis</strong></span> 
     </span>
    </p>
   </div>
   <div class='ocr_carea' id='block_1_116' title="bbox 1905 5705 3237 5763">
    <p class='ocr_par' dir='ltr' id='par_1_116' title="bbox 1905 5705 3237 5763">
     <span class='ocr_line' id='line_1_116' title="bbox 1905 5705 3237 5763; baseline 0 -3"><span class='ocrx_word' id='word_1_903' title='bbox 1905 5720 1989 5760; x_wconf 90' lang='lat' dir='ltr'><strong>me</strong></span> <span class='ocrx_word' id='word_1_904' title='bbox 2018 5705 2337 5761; x_wconf 91' lang='lat' dir='ltr'><strong>incolumem</strong></span> <span class='ocrx_word' id='word_1_905' title='bbox 2363 5708 2594 5762; x_wconf 87' lang='lat' dir='ltr'><strong>reddidit</strong></span> <span class='ocrx_word' id='word_1_906' title='bbox 2625 5708 2910 5762; x_wconf 89' lang='lat' dir='ltr'><strong>liberatum</strong></span> <span class='ocrx_word' id='word_1_907' title='bbox 2937 5723 2966 5762; x_wconf 88' lang='lat' dir='ltr'><strong>a</strong></span> <span class='ocrx_word' id='word_1_908' title='bbox 2996 5709 3237 5763; x_wconf 90' lang='lat' dir='ltr'><strong>vinculis.</strong></span> 
     </span>
    </p>
   </div>
   <div class='ocr_carea' id='block_1_117' title="bbox 1977 5797 3481 5871">
    <p class='ocr_par' dir='ltr' id='par_1_117' title="bbox 1977 5797 3481 5871">
     <span class='ocr_line' id='line_1_117' title="bbox 1977 5797 3481 5871; baseline -0.001 -20"><span class='ocrx_word' id='word_1_909' title='bbox 1977 5799 2235 5864; x_wconf 85' lang='lat' dir='ltr'><strong>Tantum,</strong></span> <span class='ocrx_word' id='word_1_910' title='bbox 2265 5800 2315 5854; x_wconf 91' lang='lat' dir='ltr'><strong>id</strong></span> <span class='ocrx_word' id='word_1_911' title='bbox 2356 5809 2439 5855; x_wconf 88' lang='lat' dir='ltr'><strong>est</strong></span> <span class='ocrx_word' id='word_1_912' title='bbox 2479 5801 2880 5866; x_wconf 87' lang='lat' dir='ltr'><strong>tantummodo,</strong></span> <span class='ocrx_word' id='word_1_913' title='bbox 2913 5801 3066 5871; x_wconf 87' lang='lat' dir='ltr'><strong>digne</strong></span> <span class='ocrx_word' id='word_1_914' title='bbox 3106 5801 3159 5853; x_wconf 90' lang='lat' dir='ltr'><strong>in</strong></span> <span class='ocrx_word' id='word_1_915' title='bbox 3199 5797 3481 5869; x_wconf 81' lang='lat' dir='ltr'><strong>Evangelia</strong></span> 
     </span>
    </p>
   </div>
   <div class='ocr_carea' id='block_1_118' title="bbox 1901 5885 3478 5968">
    <p class='ocr_par' dir='ltr' id='par_1_118' title="bbox 1901 5885 3478 5968">
     <span class='ocr_line' id='line_1_118' title="bbox 1901 5885 3478 5968; baseline 0.003 -24"><span class='ocrx_word' id='word_1_916' title='bbox 1901 5885 2098 5945; x_wconf 82' lang='lat' dir='ltr'><strong>Christi</strong></span> <span class='ocrx_word' id='word_1_917' title='bbox 2147 5892 2545 5957; x_wconf 86' lang='lat' dir='ltr'><strong>conversamini,</strong></span> <span class='ocrx_word' id='word_1_918' title='bbox 2575 5891 2625 5946; x_wconf 92' lang='lat' dir='ltr'><strong>id</strong></span> <span class='ocrx_word' id='word_1_919' title='bbox 2654 5901 2736 5948; x_wconf 88' lang='lat' dir='ltr'><strong>est</strong></span> <span class='ocrx_word' id='word_1_920' title='bbox 2764 5934 2778 5961; x_wconf 96' lang='lat'><strong>,</strong></span> <span class='ocrx_word' id='word_1_921' title='bbox 2811 5893 2974 5948; x_wconf 92' lang='lat' dir='ltr'><strong>vivite</strong></span> <span class='ocrx_word' id='word_1_922' title='bbox 3015 5901 3071 5950; x_wconf 90' lang='lat' dir='ltr'><strong>et</strong></span> <span class='ocrx_word' id='word_1_923' title='bbox 3115 5901 3478 5968; x_wconf 83' lang='lat' dir='ltr'><strong>perseverate.</strong></span> 
     </span>
    </p>
   </div>
  </div>
