3996 6486
455 457 563 520 ’159

917 451 1274 512 BAYMONIS
1309 445 1793 513 HA‘LBERSTAT.
1826 442 2040 505 EPISC.
2075 439 2226 503 θΡΡ.
2262 440 2446 498 PARS
2482 439 2526 499 Ι.
2561 469 2633 483 —-
2667 437 3025 497 COMMENT.
3066 437 3241 496 BIBL.

3620 390 3741 498 ’ἕω

454 575 627 648 Digne
660 571 715 628 in
745 569 1036 640 Evangelio
1061 566 1375 623 conversari
1413 573 1499 622 est
1544 563 1823 620 Christum
1849 578 2039 641 secun-
2066 570 2119 631 Α
2143 577 2389 632 quaerere
2412 602 2430 629 ,
2494 561 2592 618 sed
2660 559 2909 616 aliorum.
2966 557 3184 615 Utilitas
3232 555 3380 614 enim
3430 558 3746 616 multorum

455 669 585 725 dum
615 664 755 738 quod
793 661 1139 732 Evangelium
1166 661 1325 715 docet
1354 701 1368 725 ,
1397 659 1650 722 credere,
1686 659 1879 713 docere
1898 697 1912 723 ,
1954 672 2038 711 se—

454 761 692 817 cundum
715 756 832 827 ejus
850 763 1119 823 praecepta
1162 753 1344 809 vivere
1371 760 1426 807 et
1445 766 1564 821 quae
1607 749 1871 820 promittit
1914 763 2037 819 spe-
2088 778 2103 795 .

2140 653 2324 709 multis
2367 653 2628 724 prodest;
2678 653 2840 707 unius
2881 665 3042 715 vero,
3094 658 3302 705 tantum
3346 651 3441 706 uni
3484 654 3743 722 prodest.

2142 747 2244 803 Sed
2292 758 2340 802 et
2370 765 2432 802 ea
2462 765 2580 819 qua:
2616 746 2874 809 aliorum,
2914 746 2967 799 id
2998 754 3115 809 est,
3149 760 3273 815 quae
3315 744 3385 800 ad
3432 746 3749 803 multorum

456 866 601 914 rare,
626 857 679 902 et
706 863 774 902 ex
799 846 1072 907 mandatis
1095 843 1212 914 ejus
1242 845 1427 899 omnia
1464 844 1644 915 agere.
1700 840 1767 896 Ut
1792 842 1896 895 sive
1922 856 2042 895 cum
2141 839 2431 894 utilitatem
2464 838 2737 908 pertinent
2764 852 3009 907 quierere
3039 836 3317 894 debemus.

456 958 640 999 uenero
693 949 741 994 et
787 939 965 994 videro
1004 954 1114 1004 vos,
1155 937 1416 993 subaudis
1450 936 1711 1007 gaudeam
1761 934 1828 989 de
1864 941 2044 988 vestra

456 1033 580 1088 ﬁde.
634 1032 772 1097 Quia
819 1032 992 1095 statis,
1039 1028 1421 1099 perseveratis,
1459 1026 1614 1082 solidi
1661 1025 1817 1089 estis,
1857 1024 1914 1078 in
1940 1038 2043 1077 ano

456 1123 692 1188 Spiritu,
720 1122 777 1177 in
817 1136 924 1175 una
955 1119 1251 1175 voluntate.
1296 1118 1449 1174 Unde
1478 1117 1533 1172 in
1561 1115 1786 1173 Actibus
1833 1123 2047 1189 aposto-

432 1191 629 1269 .lJrum
660 1213 839 1268 Lucas
864 1212 998 1268 dicit
1022 1252 1037 1278 ,
1068 1210 1426 1267 Multitudinis
1453 1208 1773 1263 credentium
1807 1217 1917 1262 erat
1956 1222 2047 1261 cor

459 1323 624 1363 unum
650 1315 699 1360 et
729 1305 909 1359 anima
950 1320 1057 1357 una
1092 1302 1230 1374 (Act.
1265 1301 1373 1373 IV),
1419 1300 1472 1355 id
1498 1308 1584 1355 est
1621 1315 1728 1354 una
1777 1299 2046 1365 voluntas,

459 1414 567 1453 una
596 1398 751 1452 lides.
809 1395 1114 1460 Unanimes,
1148 1395 1202 1451 id
1227 1403 1311 1450 est
1354 1394 1543 1449 inuno
1581 1391 1796 1463 spiritu,
1823 1390 2050 1446 collabo-

463 1498 663 1555 rantes,
690 1487 745 1542 id
789 1494 893 1554 est,
920 1486 1081 1544 simul
1131 1486 1443 1541 laborantes
1488 1486 1548 1540 in
1592 1484 1699 1540 ﬁde
1749 1483 2047 1556 Evangelii,

460 1580 602 1635 bene
632 1579 884 1645 vivendo,
911 1586 1058 1633 recte
1083 1575 1356 1631 credendo
1385 1584 1441 1630 et
1464 1576 1729 1631 docendo.

534 1667 603 1722 Et
631 1670 687 1723 in
716 1668 860 1722 nullo
886 1667 1184 1722 terreamini
1204 1706 1220 1731 ,
1251 1664 1398 1721 facto
1423 1666 1508 1721 vel
1544 1665 1778 1737 negotio.
1818 1665 2050 1720 Terrea-

463 1760 595 1819 mini
626 1759 780 1826 dicit,
811 1759 866 1815 id
896 1765 981 1813 est
1021 1757 1265 1829 paveatis
1306 1756 1484 1810 minas
1526 1764 1579 1810 et
1621 1768 1837 1810 errores
1884 1752 2055 1809 hiare-

2214 932 2331 986 Hoc
2375 933 2513 987 enim
2540 933 2722 987 sentite
2749 932 2805 985 in
2839 931 3012 997 vobis,
3055 930 3159 985 hoc
3193 938 3307 996 est,
3346 928 3649 1001 intelligite
3692 940 3753 987 et

2144 1026 2316 1097 sapite
2363 1033 2419 1080 et
2468 1025 2734 1096 complete
2785 1025 2839 1079 in
2889 1023 3076 1088 vobis,
3131 1024 3275 1095 quod
3322 1023 3642 1096 intelligitis
3696 1025 3753 1080 ἥς

2144 1116 2364 1173 Christo
2403 1132 2523 1173 esse
2561 1116 2918 1187 completum,
2953 1116 3097 1188 quod
3134 1126 3184 1171 et
3220 1117 3278 1172 in
3304 1113 3520 1171 Christo
3570 1115 3756 1185 Iesu,

2144 1207 2201 1264 id
2226 1217 2309 1264 est
2329 1250 2343 1274 ,
2373 1209 2513 1264 sicut
2538 1207 2787 1264 Christus
2811 1224 2916 1264 non
2945 1208 3195 1279 quaesivit
3217 1223 3314 1264 sua
3334 1250 3351 1275 ,
3380 1209 3481 1264 sed
3504 1220 3751 1265 nostra:

2146 1303 2222 1358 ita
2258 1318 2357 1359 nos
2387 1319 2493 1358 non
2525 1304 2862 1359 solummodo
2891 1312 3076 1359 nostra
3117 1320 3445 1375 quaeramus,
3477 1306 3583 1362 sed
3613 1306 3755 1362 alio-

2147 1408 2288 1447 rum.
2325 1392 2429 1459 Qui
2458 1410 2574 1448 cum
2600 1395 2657 1447 in
2687 1393 2861 1462 forma
2894 1392 2991 1448 Dei
3028 1404 3191 1460 esset,
3228 1395 3284 1449 id
3318 1405 3435 1461 est,
3468 1395 3527 1450 in
3556 1411 3753 1467 aqua-

2148 1484 2301 1541 litate
2349 1494 2588 1557 pateram
2628 1485 2938 1541 Divinitatis
2965 1526 2979 1550 ,
3022 1487 3507 1543 consubstantialis
3540 1496 3607 1543 et
3657 1504 3753 1544 co-

2147 1578 2371 1648 aequalis
2391 1579 2443 1633 in
2463 1579 2713 1634 omnibus
2735 1578 2840 1646 illi,
2852 1595 2955 1633 non
2970 1580 3211 1649 rapinam
3228 1582 3526 1635 arbitratus
3546 1591 3629 1636 est
3642 1598 3754 1637 esse

2149 1689 2204 1727 se
2229 1671 2483 1743 aqualem
2535 1672 2663 1726 Deo.
2698 1671 2903 1742 Rapina
2931 1680 3018 1727 est
3057 1674 3275 1743 quando
3307 1674 3544 1743 quilibet
3586 1674 3754 1731 homo

2150 1764 2383 1819 alienam
2414 1779 2528 1819 rem
2570 1778 2667 1834 per
2706 1763 3020 1818 violentiam
3064 1764 3167 1819 sibi
3208 1773 3472 1835 usurpat,
3508 1780 3639 1835 qua:
3678 1765 3753 1820 illi

466 1851 717 1919 liCOrum.
743 1863 1114 1921 Pasanorum.
1142 1846 1405 1902 falsorum
1434 1845 1899 1910 ChriSlianm‘um.
1929 1844 2054 1915 (illia
2138 1869 2260 1909 non
2303 1853 2575 1925 competit.
2623 1854 2691 1908 Et
2732 1854 2992 1910 Dominus
3030 1853 3190 1910 Jesus
3230 1856 3483 1926 rapinam
3528 1871 3648 1911 non
3679 1855 3754 1912 fe-

464 1941 681 2001 aillictio
710 1957 814 2011 qua
847 1955 940 1996 vos
967 1937 1229 1993 tribulaut
1251 1977 1266 2003 ,
1290 1936 1361 1991 ad
1386 1937 1790 1993 damnationem
1811 1944 1897 1993 est
1923 1937 2049 2004 illis,
2080 1943 2129 2005 Β
2154 1958 2325 2015 cel-at,
2349 1949 2564 2020 quando
2586 1948 2721 2005 άίχίι
2741 1964 2800 2004 se
2821 1963 3009 2020 parem
3029 1963 3150 2004 esse
3175 1948 3286 2004 Deo
3304 1948 3461 2004 Patri
3484 1958 3545 2004 ei
3564 1964 3751 2019 aqua.

464 2040 521 2088 et
544 2032 695 2088 vobis
720 2031 788 2087 ad
826 2030 1052 2102 praemia
1107 2037 1326 2084 aeterna:
1367 2028 1840 2084 remunerationis.
1897 2027 2050 2096 Quae,

467 2124 727 2187 subaudis
779 2123 997 2179 alllictio
1043 2130 1101 2180 et
1156 2121 1431 2178 tribulatio
1476 2129 1679 2189 vestra,
1723 2120 1829 2176 illis
1859 2132 1933 2177 est
1987 2123 2055 2179 ad

468 2217 890 2274 damnationem.
914 2215 979 2270 Et
1000 2216 1098 2270 hoc
1125 2214 1232 2270 illis
1256 2231 1289 2268 a
1314 2213 1418 2268 Deo
1441 2212 1614 2269 ﬁetad
1628 2212 2050 2278 damnationem,

467 2320 524 2369 et
547 2311 700 2369 vobis
727 2311 795 2365 ad
821 2309 1070 2365 salutem.
1097 2306 1270 2362 Aliter
1295 2320 1310 2360 :
1334 2304 1471 2373 Hoc,
1495 2305 1698 2374 inquit,
1723 2322 1754 2358 a
1776 2305 1907 2371 Deo,
1932 2303 2057 2360 sub—

468 2407 624 2467 audis
654 2419 973 2461 concessum
1001 2411 1084 2458 est
1113 2401 1268 2457 vobis
1294 2441 1309 2467 ,
1341 2414 1399 2454 ut
1426 2415 1524 2470 pro
1569 2399 1686 2468 eius
1734 2400 1952 2455 nomine
1983 2409 2059 2455 ta-

454 2500 542 2555 .lia
565 2498 819 2570 patiendo
843 2510 1195 2569 perseverare
1216 2494 1456 2565 possitis,
1480 2504 1538 2548 ut
1556 2493 1788 2563 palmam
1810 2493 2058 2564 martyrii

469 2590 783 2655 oblineatis,
813 2588 958 2660 quod
978 2603 1087 2642 non
1125 2586 1374 2641 concedit
1414 2585 1516 2639 nisi
1546 2584 1879 2639 amatoribus
1919 2584 2053 2650 suis,

472 2697 609 2753 quos
636 2683 752 2752 ipse
796 2694 983 2734 amare
1011 2694 1069 2734 se
1094 2677 1244 2732 facit.
1277 2676 1383 2732 Sed
1426 2686 1480 2729 ut
1523 2676 1680 2729 etiam
1709 2691 1804 2744 pro
1831 2673 1924 2728 illo
1965 2691 2057 2742 pa.

472 2772 700 2837 tiamini,
724 2772 779 2827 id
802 2780 888 2826 est
912 2786 1010 2841 pro
1043 2769 1132 2825 illo
1169 2768 1425 2840 patiendo
1454 2766 1919 2836 perseverantiam
1963 2766 2059 2821 ha-

468 2867 649 2929 beatis
676 2874 731 2919 et
754 2873 943 2936 postea
980 2863 1215 2934 palmam
1258 2860 1568 2915 oblineatis.
1621 2858 1772 2913 Idem
1800 2868 2060 2915 certamen

466 2963 739 3027 habentes,
776 2961 833 3016 id
855 2969 940 3034 est
967 2973 1193 3031 agonem
1226 2967 1416 3012 contra
1464 2955 1751 3010 haereticos
1780 2994 1797 3018 ,
1822 2967 2059 3024 paganos

472 3055 745 3125 falsosque
791 3054 1147 3110 Christianos.
1198 3048 1258 3105 Si
1306 3047 1603 3105 necessitas
1647 3045 1846 3112 fuerit,
1899 3048 2061 3100 susti—

472 3146 650 3209 neatis
676 3143 859 3215 qualia
897 3141 1130 3199 sustinui
1163 3140 1305 3211 apud
1333 3154 1430 3195 vos
1453 3177 1471 3204 ,
1501 3138 1720 3209 quando
1747 3136 2062 3195 verberatus

468 3251 594 3305 sum
635 3253 737 3308 pro
763 3235 992 3297 muliere
1027 3233 1366 3306 pythonissa,
1407 3246 1441 3287 a
1466 3247 1570 3302 qua
1615 3231 1866 3302 spiritum
1907 3228 2061 3285 mali.

2150 2041 2261 2096 lem
2289 2041 2519 2096 dicendo
2536 2082 2552 2107 ,
2584 2038 2697 2111 Ego
2725 2049 2773 2095 et
2805 2039 2970 2094 Pater
2998 2056 3162 2095 unum
3190 2056 3373 2095 sumus
3410 2039 3631 2112 (Joan.
3654 2057 3691 2096 x
3712 2040 3751 2111 ).

2155 2131 2270 2187 Nisi
2302 2132 2357 2186 in
2397 2131 2624 2186 veritate
2671 2138 2818 2186 esset
2856 2129 3029 2185 Filius
3069 2130 3199 2196 Dei,
3246 2129 3475 2201 aqualis
3522 2130 3605 2186 illi
3650 2147 3756 2188 nol

2148 2230 2302 2279 esset
2352 2222 2407 2275 in
2456 2220 2727 2275 omnibus.
2790 2218 3104 2275 Praecursor
3155 2235 3288 2276 vero
3334 2219 3486 2276 illius
3533 2222 3757 2292 quando

2152 2312 2323 2377 dixit,
2357 2310 2483 2365 Non
2507 2326 2623 2365 sum
2648 2307 2889 2364 Christus
2934 2308 3138 2381 (Joan.
3166 2325 3187 2365 ι
3206 2310 3227 2383 )
3246 2351 3262 2377 ,
3312 2311 3699 2383 interrogatus
3724 2326 3755 2367 s

2156 2404 2352 2463 scribis
2384 2411 2440 2459 et
2462 2402 2749 2459 Pharisaais
2773 2410 2829 2458 et
2863 2401 3078 2473 populo,
3114 2404 3159 2458 si
3182 2403 3442 2470 dixisset,
3476 2404 3597 2476 Ego
3636 2421 3755 2461 sum

2156 2497 2406 2554 Christus
2422 2536 2439 2562 ,
2464 2496 2710 2566 rapinam
2734 2494 2973 2550 fecisset.
3007 2494 3197 2551 Simon
3224 2511 3355 2568 ergo
3386 2513 3588 2568 magus
3615 2498 3756 2569 rapi-

2158 2605 2282 2645 nam
2306 2588 2453 2647 facit,
2475 2589 2710 2658 quando.
2734 2603 2858 2643 cum
2880 2597 3025 2643 esset
3045 2587 3189 2645 ﬁlius
3208 2588 3429 2655 diaboli,
3450 2591 3598 2645 dixit
3615 2590 3755 2661 (Act.

2156 2679 2295 2754 Vill)
2322 2698 2334 2734 :
2374 2679 2487 2751 Ego
2526 2694 2646 2735 sum
2681 2678 2824 2734 illius
2859 2678 2979 2745 Dei,
3007 2694 3108 2751 ego
3140 2696 3259 2735 sum
3290 2681 3631 2752 paracletus,
3659 2697 3757 2751 ego

2157 2788 2278 2830 sum
2324 2774 2468 2830 ﬁlius
2503 2773 2620 2830 Dei.
2667 2772 2774 2830 Sed
2815 2773 3146 2843 semetipsum
3187 2774 3510 2841 exinaniuit,
3545 2775 3601 2830 id
3641 2783 3757 2840 est,

2158 2866 2493 2933 humiliavit,
2526 2874 2581 2922 et
2606 2867 2763 2936 quasi
2789 2865 3064 2921 contraxit
3088 2874 3145 2921 et
3189 2865 3505 2920 minoravit.
3550 2866 3754 2922 Exim-

2158 2959 2297 3015 nitio
2326 2968 2444 3022 est,
2477 2959 2698 3029 quando
2726 2973 2814 3014 res
2844 2972 3039 3029 magna
3065 2966 3121 3012 et
3150 2957 3757 3029 incomprehensibilis,

2159 3048 2217 3106 in
2247 3063 2415 3119 parva
2448 3047 2682 3103 formula
2710 3048 3211 3119 comprehenditur.
3236 3045 3402 3103 Verbi
3441 3050 3619 3120 gratia
3650 3068 3667 3103 :
3699 3049 3756 3105 Si

2159 3140 2386 3211 quilibet
2426 3138 2626 3195 artifex
2655 3138 2821 3194 totius
2861 3138 3051 3193 mundi
3091 3138 3436 3204 machinam,
3462 3149 3523 3194 et
3551 3154 3677 3210 qua
3702 3140 3757 3197 il

2162 3231 2364 3288 mundo
2391 3230 2681 3295 habentur,
2715 3230 2997 3295 homines,
3026 3229 3250 3296 bestias,
3280 3230 3559 3297 volucres,
3604 3246 3759 3288 mon-

466 3303 699 3403 gnitafis
744 3328 951 3391 exclusi
978 3366 995 3395 ,
1028 3303 1156 3398 qua:
1181 3340 1438 3398 magnum
1475 3332 1742 3395 quaestum
1770 3323 2061 3395 praistabat
2086 3303 2134 3369 α
2163 3332 2281 3391 tes,
2311 3324 2569 3389 arbores,
2600 3322 2881 3388 civitates,
2909 3320 3162 3390 ﬂumina,
3193 3322 3404 3393 pisces,
3438 3322 3493 3378 in
3540 3324 3755 3393 parvis-

470 3417 710 3485 dominis
733 3418 867 3475 suis.

1109 3558 1336 3618 CAPUT
1373 3558 1437 3614 ll.

547 3698 619 3753 Et
648 3713 786 3753 nunc
823 3692 1047 3751 audistis
1079 3694 1144 3750 de
1187 3709 1305 3761 me,
1356 3693 1614 3751 subaudis
1659 3709 1781 3765 qua
1821 3695 2064 3753 sustineo

478 3794 666 3853 Romae
692 3791 920 3863 positus.

553 3882 772 3955 Impletc
800 3882 1055 3955 gaudium
1088 3898 1260 3937 meum
1296 3891 1352 3937 ut
1386 3881 1524 3936 idem
1562 3882 1816 3952 sapiatis,
1853 3881 1910 3937 id
1946 3890 2059 3951 est,

450 3975 621 4045 quod
666 3974 903 4044 sapimus
953 3973 1010 4029 in
1055 3972 1192 4037 lide,
1230 3972 1285 4029 in
1331 3986 1530 4043 opere,
1570 3971 1625 4026 in
1663 3972 1938 4043 doctrina,
1979 3972 2060 4028 vel

475 4082 642 4125 uuam
671 4064 1003 4121 voluntatem
1032 4065 1279 4121 habeatis
1299 4104 1314 4130 ,
1345 4063 1585 4118 eamdem
1617 4064 1926 4117 cliaritatem
1966 4065 2064 4117 lia-

475 4158 648 4215 bentes
670 4198 686 4225 ,
715 4159 989 4213 unanimes
1010 4198 1025 4224 ,
1052 4158 1107 4212 id
1137 4165 1255 4221 est,
1286 4155 1450 4211 unius
1473 4155 1769 4211 voluntatis
1787 4196 1801 4221 ,
1834 4156 2064 4227 idipsum

476 4249 784 4311 sentientes,
816 4246 869 4302 id
898 4254 1017 4313 est,
1047 4246 1321 4315 sapientes
1349 4245 1493 4315 quod
1523 4259 1625 4299 nos
1658 4245 1899 4314 sapimus
1928 4262 1940 4298 :
1976 4244 2063 4299 vel

478 4337 622 4406 quod
660 4335 962 4405 iutelligitis
996 4335 1062 4389 de
1108 4333 1215 4390 ﬁde
1259 4345 1461 4389 sanctae
1500 4333 1816 4399 Trinitatis,
1850 4335 1942 4405 qui
1977 4350 2065 4389 sa-

477 4425 775 4496 pientiores
803 4425 965 4488 estis,
997 4423 1158 4479 facite
1193 4434 1251 4480 ut
1289 4410 1471 4480 vestro
1505 4425 1685 4481 studio
1713 4432 1769 4480 et
1804 4426 2063 4496 praedica-

483 4518 631 4574 tione
660 4516 839 4571 minus
865 4531 1092 4587 capaces
1123 4518 1357 4588 idipsuin
1388 4518 1623 4587 sapiant.

553 4604 706 4660 Nihil
733 4623 825 4677 per
849 4609 1247 4667 contentionem.
1278 4608 1508 4665 Omnem
1538 4610 1629 4665 hic
1658 4610 1907 4679 prohibet
1934 4626 2064 4667 con-

2163 3415 2302 3471 sima
2325 3412 2554 3470 formula
2580 3413 2647 3468 ad
2670 3412 3133 3482 comparationem
3154 3412 3551 3481 magnitudinis
3570 3413 3755 3470 mundi

2162 3506 2397 3569 voluerit
2430 3504 2893 3576 comprehendere
2933 3505 2989 3559 in
3028 3504 3240 3574 pictura
3283 3504 3368 3560 vel
3411 3519 3581 3573 cera,
3626 3506 3755 3562 illud

2161 3608 2247 3659 est
2270 3599 2588 3656 exinanilio.
2632 3596 2897 3653 Similiter
2928 3597 3164 3653 Verbum
3206 3596 3306 3653 Dei
3347 3596 3570 3665 Patris,
3613 3600 3757 3671 quod

2162 3693 2365 3762 ubique
2388 3702 2472 3748 est
2496 3704 2594 3762 per
2620 3689 3051 3747 invisibilitatem
3076 3691 3384 3748 Divinitatis
3410 3708 3527 3749 sum
3543 3735 3561 3760 ,
3588 3710 3755 3766 quan—

2161 3787 2233 3844 do
2275 3788 2330 3842 in
2373 3801 2539 3857 parva
2580 3784 2756 3839 forma
2796 3784 3032 3840 hominis
3072 3785 3323 3857 dignatus
3359 3795 3446 3842 est
3488 3802 3756 3859 apparere

2162 3878 2392 3937 visibilis
2409 3920 2425 3944 ,
2458 3878 2613 3948 quasi
2640 3876 2991 3947 semetipsum
3016 3877 3313 3933 exinanivit
3336 3887 3391 3934 et
3418 3879 3751 3949 humiliavit,

2164 3978 2328 4040 atque
2369 3969 2467 4039 (ut
2505 3968 2578 4023 ita
2619 3967 2837 4039 dicam)
2883 3966 3283 4038 quodammodo
3322 3971 3621 4026 contraxit.
3663 3972 3757 4027 Est

2163 4059 2311 4117 enim
2355 4072 2518 4128 supra
2563 4056 2785 4123 omnia,
2830 4066 2988 4113 extra
3026 4058 3247 4123 omnia,
3286 4058 3431 4112 intra
3456 4060 3679 4127 omnia,
3704 4071 3757 4116 et

2163 4148 2424 4220 quidquid
2464 4155 2579 4213 est,
2608 4148 2754 4203 intra
2799 4148 2977 4218 ipsum
3018 4158 3120 4204 est.
3160 4148 3322 4203 Verbi
3349 4151 3527 4220 gratia
3569 4153 3755 4207 :sicut

2163 4243 2356 4299 beatus
2411 4239 2744 4310 Augustinus
2803 4240 2976 4307 dicit,
3029 4240 3166 4296 dans
3219 4240 3638 4299 similitudinem
3689 4258 3751 4299 es

2166 4333 2409 4404 spongia,
2437 4340 2489 4386 et
2520 4332 2691 4398 mari,
2716 4346 3041 4402 comparans
3069 4332 3348 4404 spongiam
3375 4333 3584 4390 mundo
3609 4335 3750 4405 posi-

2166 4433 2276 4481 tam
2303 4426 2356 4481 in
2386 4426 2565 4481 medio
2590 4425 2779 4491 maris,
2809 4434 2864 4480 et
2889 4440 3212 4498 comparans
3242 4439 3395 4481 mare
3420 4426 3745 4481 Divinitati:

2168 4515 2358 4583 Sicut,
2390 4516 2597 4587 inquit,
2632 4516 2854 4587 spongia
2885 4516 3063 4586 posita
3093 4517 3145 4571 in
3178 4516 3357 4571 medio
3384 4517 3557 4572 maris
3583 4526 3641 4573 et
3666 4516 3751 4571 ﬂu-

2168 4607 2408 4673 minum,
2452 4605 2692 4677 undique
2738 4606 2901 4662 habet
2943 4621 3172 4677 aquam,
3213 4622 3412 4677 supra,
3446 4606 3627 4675 intra,
3656 4624 3755 4665 oa-

483 4670 778 4759 tentionem
795 4740 811 4764 ,
839 4710 895 4754 et
922 4699 1281 4756 voluntariam
1320 4710 1376 4756 et
1412 4670 1798 4760 necessariam.
1833 4704 2065 4761 Couten-
2088 4670 2145 4732 Β
2170 4699 2333 4769 dique
2355 4670 2412 4753 et
2434 4712 2532 4768 per
2558 4670 2768 4755 medias
2799 4670 3034 4754 latebras
3059 4670 3405 4769 penetratur,
3423 4699 3501 4754 ita
3524 4670 3775 4756 mundus

480 4790 605 4845 tiosi
642 4799 798 4844 erant
831 4792 970 4861 apud
1008 4790 1402 4862 Philippenses,
1438 4794 1527 4864 qui
1573 4796 1975 4850 contendebant
2001 4795 2067 4850 de
2170 4788 2578 4859 comparatione
2610 4787 2921 4847 Divinitatis
2947 4788 3105 4859 quasi
3138 4788 3273 4845 nihil
3303 4797 3419 4855 est,
3450 4798 3508 4846 et
3548 4792 3628 4846 ita
3655 4792 3753 4846 cir-

479 4881 872 4955 qurestionibus
901 4882 1069 4953 legis,
1102 4892 1157 4939 et
1183 4884 1251 4939 de
1278 4884 1647 4956 genealogiis:
1681 4887 1785 4942 hoc
1813 4886 1966 4953 ideo,
2008 4896 2070 4943 ut
2167 4879 2389 4934 cumdal
2429 4886 2485 4933 ει
2534 4886 2785 4949 ρθηειινθι
2834 4878 3100 4935 DiVinitas
3142 4882 3360 4948 omnia,
3411 4883 3559 4939 sicut
3610 4900 3753 4941 mare

479 4971 607 5031 dum
644 4970 779 5026 alios
812 4974 1171 5042 superabant,
1199 4976 1301 5044 ipsi
1329 4974 1549 5046 gloriosi
1576 4986 1920 5046 apparerent.
1952 4977 2067 5034 Ne-
2167 4972 2465 5040 spongiam.
2512 4968 2769 5025 Formam
2799 4971 2935 5026 serui
2974 4972 3234 5042 accipiens
3253 5012 3269 5037 ,
3299 4972 3353 5028 id
3381 4982 3503 5042 est,
3528 4975 3587 5030 in
3616 4974 3752 5031 veri-

477 5080 577 5135 que
600 5080 694 5135 per
718 5064 924 5119 inanem
954 5065 1211 5137 gloriam,
1242 5068 1295 5121 id
1327 5075 1409 5123 est
1436 5080 1661 5135 vanam,
1694 5068 1783 5122 sed
1808 5068 1864 5123 in
1893 5069 2065 5124 humi-

479 5157 627 5213 litate
650 5158 943 5228 superiores
967 5158 1066 5214 sibi
1093 5160 1311 5214 invicem
1336 5159 1671 5215 arbitrantes.
1700 5159 1902 5216 Omnes
1925 5161 2071 5216 enim

480 5247 741 5305 debemus
766 5248 924 5307 nobis
950 5250 1203 5305 meliores
1228 5257 1281 5305 et
1310 5251 1618 5323 superiores
1646 5251 1992 5307 existimare:
2018 5259 2076 5307 et

481 5336 529 5393 Si
562 5338 838 5397 videamus
873 5341 1108 5413 aliquem
1141 5341 1322 5414 aliquo
1351 5341 1489 5398 vitio
1515 5343 1885 5416 mancipatum
1915 5358 2067 5410 esse,

472 5439 539 5484 et
565 5438 744 5486 tamen
772 5431 953 5504 aliqua
980 5432 1175 5488 virtute
1205 5432 1428 5503 pollere,
1458 5441 1681 5504 propter
1707 5447 1872 5489 unam
1901 5433 2073 5487 virtu-

485 5528 593 5575 tem
621 5536 785 5592 quam
814 5522 1007 5589 habet,
1036 5524 1296 5581 debemus
1322 5524 1479 5587 nobis
1505 5524 1657 5579 illum
1683 5522 1939 5594 praeferre
1969 5537 1984 5577 :
2013 5532 2072 5579 et

484 5611 528 5668 si
559 5627 665 5671 non
696 5612 970 5672 videamus
996 5615 1053 5671 in
1082 5616 1176 5670 illo
1206 5614 1442 5687 aliquam
1471 5617 1748 5681 virtutem,
1770 5623 1947 5686 potest
1988 5624 2071 5677 ta-

482 5717 609 5758 men
639 5703 838 5762 habere
866 5705 1081 5776 aliquod
1109 5704 1309 5760 bonum
1339 5705 1483 5777 quod
1540 5720 1642 5760 nos
1669 5705 1851 5761 lateat.

557 5793 683 5850 Non
718 5814 835 5868 qua:
873 5814 969 5852 sua
1000 5806 1118 5851 sunt
1152 5796 1345 5869 singuli
1384 5796 1797 5852 considerantes.
1834 5795 1953 5854 Non
1982 5813 2070 5855 so-

483 5885 759 5943 lummodo
805 5905 901 5945 sua
949 5889 1228 5945 commoda
1253 5898 1309 5946 et
1361 5904 1513 5945 suam
1544 5888 1827 5946 utilitatem
1875 5891 2073 5948 debent

2167 5071 2277 5120 late
2319 5063 2593 5120 hominem
2622 5064 2941 5135 suscipiens.
2973 5063 3042 5119 In
3067 5065 3465 5123 similitudinem
3487 5068 3755 5125 Ιιοαὶιιιι

2173 5158 2366 5229 factus.
2397 5157 2499 5215 Hic
2535 5157 2832 5215 similitudo
2860 5162 2960 5230 pro
3002 5159 3120 5231 ipsa
3155 5159 3391 5215 veritate
3429 5164 3675 5233 ponitur,
3704 5161 3754 5218 id

2172 5260 2277 5317 eat,
2309 5265 2472 5307 verus
2502 5252 2663 5308 homo
2683 5251 2877 5317 factus,
2895 5252 3022 5321 quia
3064 5251 3284 5307 Verbum
3314 5271 3440 5310 caro
3460 5255 3752 5328 [adamat

2173 5339 2354 5410 (Ιοαη.
2372 5340 2413 5413 ι)
2428 5341 2480 5397 id
2506 5350 2609 5408 est,
2629 5342 2770 5397 Deus
2785 5343 2945 5398 homo
2959 5342 3134 5399 factus
3153 5352 3257 5399 est.
3283 5341 3350 5398 Et
3376 5346 3561 5401 habitu
3578 5348 3755 5403 insen-

2172 5440 2256 5488 tus
2278 5440 2338 5488 ut
2362 5433 2538 5488 homo.
2563 5432 2745 5490 Multis
2774 5434 2948 5490 modis
2976 5433 3217 5490 habitum
3245 5434 3501 5492 dicimus.
3532 5436 3633 5493 Est
3660 5454 3751 5492 su-

2174 5532 2282 5581 tem
2335 5524 2553 5586 habitus
2601 5525 2854 5589 accideris
2901 5524 3092 5591 uobis,
3131 5526 3226 5597 qui
3264 5535 3442 5582 mutat
3474 5527 3631 5584 illum
3670 5528 3753 5585 cui

2173 5614 2404 5689 accidit,
2456 5616 2551 5674 sed
2579 5631 2687 5673 non
2716 5625 2958 5675 mutatur
2986 5635 3001 5672 :
3038 5617 3185 5679 sicut
3215 5626 3301 5674 est
3336 5619 3603 5691 sapientia
3639 5636 3753 5693 qua

2173 5717 2346 5764 mutat
2375 5709 2649 5771 hominem
2679 5725 2839 5781 quem
2865 5709 2931 5767 de
2954 5709 3117 5766 stulto
3140 5710 3227 5767 vel
3253 5711 3453 5769 stolido
3478 5706 3609 5771 facit
3636 5729 3753 5771 esse

2175 5799 2468 5869 sapientem
2489 5840 2504 5866 ,
2550 5800 2643 5855 sed
2689 5800 2804 5871 ipsa
2850 5817 2955 5856 non
2995 5808 3258 5856 mutatur.
3289 5801 3387 5859 Est
3416 5802 3638 5861 habitus
3666 5821 3747 5861 se.

2175 5893 2352 5951 eundo
2382 5895 2539 5957 modo
2567 5895 2657 5968 qui
2689 5904 2865 5953 mutat
2901 5896 3173 5961 hominem
3210 5905 3265 5951 et
3308 5907 3570 5966 mutatur,
3611 5900 3744 5956 sicut
