3996 6490
239 402 338 461 741

852 401 1243 467 :EXPOSITIO
1279 401 1349 459 IN
1386 400 1538 469 EPP.
1583 399 1642 463 s,
1683 397 1913 469 PAULI.
1948 429 2021 440 —
2056 397 2125 459 lN
2162 378 2387 461 EPIST.
2424 398 2520 457 an
2556 395 2848 459 PHILIPP.

3406 398 3514 459 7η

239 530 323 578 est
348 518 534 589 cibus,
564 517 657 593 qui
684 519 750 577 de
774 519 1020 575 exilitate
1048 527 1208 590 atque
1231 519 1492 590 languore
1519 525 1692 572 mutat
1720 532 1819 572 nos
1844 519 1900 593 Α
1994 513 2201 586 Itaque,
2230 515 2528 570 charissimi
2560 515 2695 581 mei,
2726 514 2781 570 in
2812 512 2919 569 ﬁde
2947 519 3002 567 et
3031 511 3350 584 dilectione,
3377 516 3513 573 sicut

238 614 294 670 in
339 612 508 668 robur
553 618 610 667 et
654 611 1047 677 valetudinem,
1091 618 1145 667 et
1197 620 1378 666 tamen
1422 609 1537 681 ipse
1581 616 1821 663 mutatur

241 713 514 760 comestus
544 701 787 757 a-nobis.
823 700 919 758 Est
947 701 1164 757 habitus
1192 701 1353 757 tertio
1379 700 1538 756 modo
1556 741 1570 766 ,
1598 699 1690 772 qui
1722 713 1821 754 nec

238 802 412 853 mutat
439 809 541 851 nec
570 801 812 849 mutatur
839 793 1002 849 sicuti
1034 792 1266 851 annulus
1294 791 1503 862 positus
1534 790 1588 845 in
1620 789 1818 863 digito,

240 888 335 958 qui
356 887 550 942 modus
574 886 853 941 rarissime
879 886 1172 941 invenitur.
1219 883 1457 952 Quartus
1482 884 1674 939 modus
1703 889 1818 949 est,

239 992 360 1032 cum
385 992 447 1033 ea
469 1019 482 1043 ,
510 992 630 1048 quae
660 978 943 1043 accidunt,
975 993 1077 1032 nec
1105 986 1346 1044 mutant,
1388 992 1491 1031 nec
1517 983 1818 1042 mutantur,

239 1070 332 1126 sed
377 1077 560 1125 tamen
588 1069 747 1124 aliam
780 1071 1016 1142 speciem
1046 1078 1102 1125 et
1129 1068 1359 1124 formam
1387 1067 1680 1139 accipiunt,
1709 1069 1819 1123 sic-

237 1171 296 1216 ut
336 1162 504 1218 vestis
542 1177 663 1232 quae
706 1162 867 1217 aliam
908 1162 1145 1233 speciem
1174 1161 1337 1216 habet
1381 1160 1660 1233 complexa
1709 1159 1825 1215 sive

234 1231 587 1325 complicata,
640 1270 802 1325 quam
833 1231 1039 1310 induta.
1072 1252 1176 1322 Qui
1206 1255 1396 1311 modus
1421 1231 1673 1326 coiigruit
1697 1252 1825 1309 huic

235 1348 647 1420 comparationi.
680 1348 817 1404 Nam
846 1348 987 1404 sicut
1010 1348 1179 1404 vestis
1207 1363 1328 1403 cum
1372 1346 1613 1403 induitur
1642 1345 1824 1401 adhae-

237 1450 319 1497 ret
346 1440 564 1511 quidem
595 1440 842 1512 corpori,
870 1440 964 1495 sed
993 1456 1099 1495 non
1133 1447 1376 1494 mutatur
1403 1454 1431 1494 a
1464 1454 1561 1494 sua
1592 1446 1785 1494 natura
1804 1478 1821 1504 ,

234 1541 297 1587 ut
327 1546 543 1603 semper
586 1533 754 1587 vestis
799 1546 904 1585 non
946 1538 1297 1603 permaneat,
1339 1529 1468 1584 licet
1509 1528 1670 1584 aliam
1702 1543 1824 1598 spe-

233 1622 376 1677 ciem
407 1630 462 1677 et
490 1620 751 1691 majorem
784 1621 1045 1677 honorem
1074 1630 1316 1676 assumat
1345 1636 1508 1691 quam
1538 1628 1695 1676 antca
1727 1620 1825 1675 ha-

233 1712 474 1777 buisset,
521 1713 594 1767 ita
641 1711 880 1767 Verbum
922 1712 1020 1767 Dei
1064 1711 1243 1767 Patris
1288 1708 1612 1767 assumendo
1642 1708 1824 1766 homi-

233 1822 392 1873 nem,
436 1821 544 1863 non
591 1814 674 1861 est
717 1813 983 1860 mutatum
1030 1807 1084 1861 in
1129 1806 1430 1873 hominem,
1478 1820 1656 1877 neque
1708 1805 1825 1875 ipse

1919 624 2117 679 semper
2145 608 2409 676 obedistis,
2435 609 2691 665 subaudis
2718 607 2946 664 Domino
2976 618 3030 665 et
3051 610 3207 677 mihi,
3238 627 3343 666 non
3372 622 3426 666 ut
3454 612 3515 669 in

1918 702 2198 774 praesentia
2246 703 2349 755 mei
2384 711 2613 769 tantum,
2645 703 2698 758 id
2727 710 2810 757 est
2838 701 2978 757 sicut
3008 716 3222 774 semper
3259 702 3516 763 obedien-

1921 801 2004 851 tes
2034 792 2212 848 fuistis
2238 794 2291 848 in
2315 793 2610 866 praesentia
2652 808 2773 849 mea
2796 834 2810 860 ,
2838 809 2961 848 cum
3005 793 3146 863 apud
3174 808 3272 849 vos
3297 807 3475 851 essem
3496 832 3513 861 ,

1922 888 2012 943 sed
2042 888 2206 942 multo
2236 889 2404 960 magis
2436 887 2653 944 obedite
2684 905 2821 943 nunc
2851 888 3035 944 verbis
3071 888 3275 945 nostris
3321 890 3379 944 in
3423 888 3518 946 ab-

1920 983 2110 1041 sentia.
2154 981 2306 1037 Multi
2335 989 2464 1037 sunt
2489 980 2634 1036 enim
2663 980 2758 1051 qui
2787 981 2845 1036 in
2874 982 3164 1053 praesentia
3194 982 3515 1043 obedientes

1922 1083 2079 1141 sunt,
2131 1083 2186 1130 et
2236 1074 2292 1130 in
2320 1073 2570 1129 absentia
2609 1073 2983 1133 inobedientes
3028 1074 3336 1141 exsistunt,
3375 1076 3520 1132 sicut

1923 1166 2064 1223 servi
2092 1166 2185 1238 qui
2212 1166 2279 1221 ad
2305 1163 2525 1220 oculum
2553 1163 2818 1220 serviunt.
2847 1161 2981 1219 Cum
3007 1173 3148 1223 metu
3170 1204 3186 1230 ,
3215 1164 3512 1231 subaudis,

1924 1258 2138 1323 cordis,
2172 1267 2217 1313 et
2246 1267 2468 1311 tremore
2488 1296 2503 1321 ,
2532 1254 2791 1312 subaudis
2818 1255 3093 1325 corporis,
3126 1265 3349 1331 vestram
3376 1255 3522 1319 salu-

1923 1359 2026 1405 tem
2072 1348 2396 1421 operamini,
2445 1347 2502 1403 id
2539 1355 2658 1416 est,
2698 1347 2865 1405 vitam
2906 1334 3168 1409 aeternam
3208 1358 3518 1420 praeparate

1922 1443 2101 1509 vobis.

1994 1533 2140 1589 Deus
2164 1540 2238 1588 est
2262 1533 2399 1588 enim
2421 1533 2511 1605 qui
2542 1533 2599 1587 in
2637 1533 2780 1588 vobis
2824 1540 3090 1603 operatur.
3134 1531 3215 1589 Ne
3242 1532 3522 1601 videretur

1925 1632 2096 1688 Deum
2127 1647 2156 1686 a
2188 1640 2376 1689 nostra
2408 1632 2583 1688 salute
2609 1630 2927 1696 excludere,
2972 1638 3028 1687 et
3065 1631 3223 1701 quasi
3264 1630 3382 1686 sine
3424 1629 3521 1687 Dei

1928 1725 2133 1781 auxilio
2163 1725 2363 1782 salvari
2400 1725 2704 1798 possimus,
2735 1723 3055 1793 subiunxit:
3090 1724 3234 1783 Deus
3263 1733 3350 1780 est
3374 1724 3520 1779 enim

1927 1820 2020 1889 qui
2049 1818 2106 1875 in
2137 1818 2289 1875 vobis
2314 1825 2594 1890 cperatur,
2621 1824 2729 1872 etc.
2761 1815 2937 1873 Omne
2966 1830 3099 1888 ergo
3132 1815 3339 1871 bonum
3375 1813 3524 1888 quod

232 1897 397 1953 homo
426 1905 734 1968 assumptus
764 1904 849 1952 est
870 1913 899 1951 a
925 1896 1125 1967 Verbo,
1156 1907 1396 1953 mutatus
1426 1906 1512 1953 est
1538 1896 1593 1952 in
1623 1895 1821 1964 Verbo,

1938 1911 2217 1976 habemus,
2254 1918 2364 1966 tam
2391 1909 2533 1965 bona
2562 1909 2839 1972 voluntas,
2873 1908 3019 1979 quod
3058 1909 3200 1969 bona
3239 1907 3521 1978 Operatio,

232 1991 363 2047 licet
409 1989 573 2045 aliam
617 1989 849 2062 speciem
896 1990 1277 2059 assumpsisset
1318 1989 1373 2044 in
1412 1990 1516 2045 hoc
1554 1989 1680 2060 quia
1709 2004 1825 2043 ma-

231 2084 367 2157 ioris
402 2083 629 2140 honoris
666 2092 722 2140 et
750 2082 1030 2155 dignitatis
1059 2083 1267 2138 exstitit
1297 2098 1462 2154 quam
1494 2081 1690 2154 aliquis
1720 2082 1822 2137 ho-

231 2179 460 2243 minum,
495 2179 622 2249 quia
644 2178 907 2250 speciosus
936 2174 1039 2231 fuit
1059 2176 1232 2248 forma
1261 2193 1371 2246 pra:
1396 2175 1523 2248 ﬁliis
1553 2176 1825 2253 hominum

236 2272 426 2344 (Psal.
454 2288 579 2327 xuv
598 2272 639 2345 ).

305 2364 622 2420 Humiliavit
670 2364 1001 2436 semetipsum
1052 2362 1225 2434 factus
1267 2362 1510 2419 obediens
1552 2380 1715 2436 usque
1754 2364 1824 2429 ad

230 2467 471 2513 mortem.
502 2455 703 2513 Factus
731 2455 991 2511 obediens
1021 2454 1133 2511 Deo
1159 2454 1344 2524 Patri,
1379 2455 1534 2531 cujus
1576 2455 1826 2517 voluntas

228 2548 339 2606 fuit
383 2556 443 2603 ut
484 2549 776 2605 redimeret
815 2564 989 2620 genus
1029 2549 1363 2615 humanum,
1405 2558 1460 2604 et
1498 2565 1607 2605 non
1650 2548 1825 2605 solum

226 2642 414 2708 Patri,
450 2657 636 2696 verum
669 2642 831 2697 etiam
860 2649 915 2695 et
944 2641 1136 2709 matri,
1167 2649 1227 2696 ut
1258 2641 1311 2695 in
1339 2641 1630 2714 Evangelio
1661 2642 1826 2696 habe-

227 2743 344 2802 tur,
378 2736 503 2808 quia
535 2735 669 2789 venit
706 2731 977 2788 Nazareth
999 2776 1013 2799 ,
1047 2744 1092 2789 et
1123 2744 1235 2789 erat
1263 2734 1502 2789 subditus
1532 2734 1639 2788 illis
1672 2733 1822 2806 (Luc.

228 2828 339 2899 ιι).
375 2826 599 2882 Mortem
650 2837 824 2885 autem
865 2826 1054 2880 crucis.
1089 2825 1215 2880 Ideo
1245 2826 1633 2881 cruciﬁxerunt
1663 2841 1787 2880 eum
1808 2867 1824 2899 ,

225 2918 364 2989 quia
418 2918 671 2972 omnibus
729 2916 994 2971 mortibus
1042 2916 1236 2972 saevior
1280 2924 1364 2971 est
1417 2931 1564 2971 mors
1615 2916 1824 2983 crucis,

224 3018 459 3082 propter
485 3009 705 3082 longum
751 3009 1069 3064 cruciatum.
1120 3006 1180 3062 Si
1225 3008 1371 3063 enim
1423 3008 1601 3079 gladio
1651 3016 1829 3064 trans-

223 3101 620 3156 verberassent
664 3116 818 3166 eum,
869 3099 979 3154 cito
1027 3097 1294 3163 ﬁniretur,
1342 3097 1450 3164 vel,
1506 3097 1586 3153 sic
1624 3097 1829 3169 placuit

221 3192 320 3260 ei,
353 3200 415 3249 ut
445 3192 571 3263 quia
604 3207 702 3264 per
732 3192 937 3261 lignum
968 3191 1216 3263 peccavit
1245 3191 1442 3257 homo,
1487 3206 1584 3262 per
1620 3189 1827 3264 lignum

223 3289 617 3345 redimeretur.

310 3380 534 3452 Propter
559 3378 728 3451 quod,
759 3379 1017 3435 subaudis
1044 3386 1404 3444 tormentum,
1434 3376 1516 3433 vel
1542 3383 1831 3451 propterea

222 3472 365 3546 quia
404 3470 665 3527 obediens
707 3470 807 3525 fuit
844 3469 956 3525 Deo
994 3469 1176 3537 Patri,
1210 3469 1351 3524 Deus
1393 3468 1557 3524 Pater
1583 3468 1832 3524 exaltari:

222 3565 421 3629 illum,
464 3564 737 3619 hominem
779 3574 1115 3634 assumptum
1153 3580 1184 3618 a
1223 3563 1439 3633 Verbo,
1484 3562 1641 3618 tertia
1684 3563 1770 3617 die
1798 3577 1831 3625 a

222 3657 471 3715 mortuis
498 3655 843 3722 suscitando,
876 3664 933 3710 et
960 3655 1375 3728 quadragesimo
1418 3654 1507 3709 die
1550 3655 1618 3710 ad
1661 3652 1832 3710 ccelos

223 3751 603 3814 sublevando,
635 3749 719 3806 vel
756 3766 920 3821 supra
951 3750 1133 3805 omnia
1162 3749 1544 3805 constituendo
1564 3789 1581 3816 ,
1632 3758 1681 3803 et
1736 3749 1834 3802 do-

225 3844 384 3901 navit
411 3843 488 3897 illi
516 3859 734 3909 nomen,
762 3842 902 3913 quod
932 3851 1007 3895 est
1033 3858 1191 3911 super
1228 3857 1379 3896 omne
1418 3856 1625 3895 nomen.
1680 3839 1833 3907 Quod

226 3917 441 3995 n'omen
473 3936 620 3990 dedit
652 3933 774 3988 illi?
810 3930 877 3988 Ut
906 3932 1073 3987 Filius
1104 3930 1198 3985 Dei
1241 3941 1530 3986 vocaretur
1559 3941 1613 3986 et
1651 3939 1833 3999 esset,

226 4028 336 4101 qui
366 4025 539 4081 Filius
580 4022 817 4078 hominis
856 4030 994 4087 erat,
1038 4019 1332 4075 secundum
1359 4020 1504 4090 quod
1531 4021 1585 4075 in
1614 4020 1703 4074 die
1732 4021 1832 4076 ha~

224 4116 521 4193 ptismatis
572 4113 806 4168 innotuit
857 4121 1085 4183 paterna
1128 4127 1266 4179 vox,
1300 4113 1551 4184 inquiens
1579 4126 1593 4166 :
1627 4110 1730 4166 Hic
1757 4120 1833 4166 est

227 4210 422 4266 Filius
455 4225 601 4262 meus
626 4206 849 4260 dilectus
883 4206 1117 4279 (Matth.
1148 4206 1271 4279 ιιι
1307 4207 1569 4262 Similiter
1598 4208 1650 4262 in
1682 4223 1835 4263 mon-

231 4314 320 4360 te.
353 4300 455 4358 Vel
487 4302 647 4356 etiam
682 4315 878 4355 nomen
908 4298 1057 4373 dedit
1083 4298 1158 4353 illi
1203 4300 1347 4370 quod
1373 4308 1457 4355 est
1484 4315 1646 4370 super
1673 4315 1835 4359 omne

230 4410 443 4454 nomen
468 4434 483 4461 ,
525 4403 584 4448 ut
623 4390 780 4448 Jesus
820 4400 1129 4457 vocaretur,
1173 4390 1226 4445 id
1268 4398 1352 4446 est
1393 4390 1650 4446 salvator.
1682 4390 1834 4446 Licet

228 4491 392 4549 enim
437 4489 681 4560 legamus
735 4486 986 4542 homines
1028 4486 1083 4540 in
1125 4483 1360 4551 Genesi,
1401 4493 1456 4540 et
1509 4483 1730 4556 angelos
1776 4484 1834 4539 in

230 4587 387 4642 libro
438 4582 582 4639 beati
628 4582 762 4650 Job,
810 4580 949 4638 ﬁlios
992 4580 1089 4637 Dei
1127 4579 1421 4652 appellatos
1468 4592 1617 4645 esse,
1651 4586 1832 4634 tamen

230 4677 426 4736 nullus
457 4676 672 4731 illorum
703 4673 1002 4745 appellatus
1043 4683 1128 4728 est
1153 4672 1390 4728 salvator
1417 4689 1430 4725 :
1464 4685 1639 4740 neque
1665 4669 1838 4727 Filius

233 4770 343 4829 Dei
392 4768 630 4840 proprie,
664 4767 758 4822 sed
779 4767 1034 4833 abusive,
1066 4766 1193 4836 quia
1237 4780 1396 4820 nemo
1426 4763 1641 4818 illorum
1668 4763 1846 4834 potuit

232 4876 420 4936 genus
459 4861 759 4915 humanum
804 4857 1054 4923 salvare,
1085 4856 1190 4912 nisi
1224 4855 1313 4911 ille
1347 4854 1514 4910 solus;
1550 4852 1620 4909 Ut
1654 4855 1711 4910 in
1750 4872 1846 4911 no-

233 4958 390 5013 mine
415 4952 543 5008 Iesu
561 4993 575 5018 ,
605 4951 659 5006 id
687 4959 771 5007 est
802 4951 856 5006 in
882 4949 1224 5005 invocatione
1251 4948 1484 5004 nominis
1508 4945 1669 5017 Jesu,
1692 4964 1844 5004 omne

243 5066 386 5124 genu
406 5049 672 5119 flectatur,
692 5044 745 5101 id
769 5054 853 5101 est
871 5044 1052 5100 omnia
1074 5058 1271 5117 genera
1292 5044 1573 5103 hominum
1598 5042 1841 5113 subjecta

248 5148 380 5211 sunt
401 5137 451 5195 ei
469 5179 483 5205 ,
506 5136 819 5201 caelestium,
842 5137 896 5192 id
921 5143 1005 5192 est
1026 5134 1394 5207 angelicarum
1417 5136 1678 5190 virtutum
1696 5175 1713 5203 ,
1736 5145 1843 5191 ter-

222 5234 499 5296 erestrium
518 5273 533 5299 ,
564 5231 619 5287 id
655 5240 739 5286 est
767 5229 1049 5286 hominum
1078 5236 1132 5284 et
1163 5236 1535 5284 creaturarum
1556 5269 1571 5294 ,
1602 5237 1649 5283 et
1676 5226 1853 5298 infer-'

230 5340 465 5390 norum,
485 5321 540 5378 id
559 5330 642 5378 est
662 5319 967 5376 daemonum
993 5326 1049 5374 et
1074 5318 1379 5373 animarum
1402 5332 1522 5387 quae
1546 5316 1601 5372 in
1627 5317 1842 5374 inferno

237 5417 526 5476 habitant.
557 5413 731 5469 Aliter
758 5428 773 5467 :
803 5408 998 5469 Omnia
1030 5412 1273 5468 caelestia
1303 5418 1357 5469 et
1384 5411 1566 5467 omnia
1605 5412 1704 5466 sub
1736 5419 1843 5468 ter-

248 5512 365 5574 ris,
402 5526 522 5582 qua;
566 5509 619 5563 in
662 5506 875 5562 inferno
915 5519 1035 5562 esse
1073 5504 1347 5571 dicuntur,
1398 5503 1517 5575 ejus
1543 5502 1749 5575 judicio
1789 5512 1844 5561 et

244 5603 413 5665 nutui
446 5612 500 5658 et
530 5602 757 5674 imperio
785 5598 1047 5655 serviunt.
1074 5584 1145 5653 Et
1175 5598 1342 5653 omnis
1373 5597 1553 5669 lingua
1593 5596 1844 5668 conﬁtea-

243 5709 369 5763 tur,
418 5697 471 5751 id
521 5702 606 5752 est
645 5694 821 5751 omnis
863 5691 1027 5747 homo
1073 5690 1396 5747 conﬁteatur
1423 5690 1547 5762 quia
1586 5690 1840 5746 Dominus

242 5790 418 5847 Jesus
448 5790 503 5845 in
541 5788 711 5861 gloria
740 5795 816 5842 est
865 5785 962 5841 Dei
995 5782 1208 5854 Patris,
1250 5784 1305 5841 in
1340 5785 1651 5858 aequalitate
1688 5794 1843 5858 pote-

245 5884 425 5944 statis
453 5893 509 5940 et
536 5894 729 5940 natura
758 5880 1084 5939 Divinitatis.

1924 2017 2036 2059 non
2079 2010 2165 2058 est
2208 2017 2239 2056 a
2284 2001 2472 2066 nobis,
2520 2000 2616 2056 sed
2655 2014 2686 2054 a
2726 1998 2858 2054 Deo.
2894 1997 3002 2055 Sed
3030 1997 3262 2071 qutestio
3292 2006 3422 2053 est:
3463 1995 3522 2051 Si

1924 2094 2041 2164 ipse
2067 2093 2162 2149 dat
2189 2090 2522 2151 voluntatem
2557 2097 2614 2145 et
2637 2088 3056 2161 possibilitatem
3078 2128 3095 2154 ,
3122 2102 3231 2158 qua
3273 2086 3526 2143 mercede

1926 2187 2073 2259 digni
2115 2185 2346 2243 sumus?
2386 2183 2657 2240 Praevenit
2697 2197 2797 2239 nos
2837 2181 3107 2252 siquidem
3135 2179 3311 2251 gratia
3341 2178 3441 2234 Dei
3469 2184 3528 2237 et

1925 2278 2325 2344 misericordia,
2347 2286 2402 2332 et
2417 2291 2518 2335 nos
2541 2276 2800 2332 debemus
2815 2273 3039 2333 obedire
3060 2271 3328 2331 voluntati
3348 2271 3519 2338 illius,

1926 2381 1981 2429 et
2008 2373 2122 2443 ipse
2147 2371 2492 2443 postmodum
2521 2370 2614 2426 dat
2636 2368 3073 2442 possibilitatem.
3106 2368 3372 2425 Debemus
3396 2381 3527 2439 ergo

1926 2466 2497 2538 nos'obtemperando
2536 2463 2911 2520 obsecundare
2951 2462 3038 2530 ei,
3079 2469 3137 2519 et
3176 2461 3304 2517 dum
3339 2459 3526 2532 jungi-

1928 2574 2050 2619 tuus
2079 2557 2412 2612 voluntatem
2446 2562 2690 2610 nostram
2719 2562 2778 2608 et
2803 2552 3122 2622 obsequium
3160 2550 3430 2609 voluntati
3466 2558 3526 2609 et

1928 2645 2276 2718 possibilitati
2314 2643 2461 2699 illius
2480 2684 2495 2710 ,
2534 2642 2838 2697 laudandus
2870 2650 2955 2697 est
2984 2641 3075 2697 ille
3102 2640 3196 2712 qui
3226 2639 3526 2713 praevenit,

1930 2722 1985 2798 et
2010 2741 2100 2810 qui
2132 2738 2549 2811 possibilitatem
2579 2744 2803 2807 praestat
2832 2744 2996 2809 atque
3021 2732 3524 2806 perseverantiam,

1928 2842 1989 2887 ut
2040 2848 2138 2887 nos
2192 2830 2341 2902 digni
2394 2830 2566 2886 simus
2603 2829 2854 2885 mercede
2886 2837 3115 2885 aeterna.
3168 2826 3239 2880 Et
3272 2825 3430 2892 velle,
3470 2824 3528 2889 id

1929 2933 2049 2989 est,
2085 2925 2281 2978 bonam
2322 2921 2659 2977 voluntatem
2712 2922 2951 2988 habere,
3003 2930 3054 2975 et
3100 2920 3376 2991 perﬁcere,
3431 2935 3529 2990 pro

1932 3018 2065 3074 bona
2104 3015 2404 3082 voluntate,
2443 3013 2499 3071 id
2535 3023 2620 3071 est
2652 3022 2715 3070 ut
2748 3028 2965 3084 semper
3017 3013 3163 3083 quod
3198 3012 3400 3069 bonum
3441 3018 3530 3073 est

1932 3110 2181 3169 velimus.

2010 3200 2202 3257 Omnia
2251 3206 2427 3253 autem
2474 3196 2635 3268 facite
2681 3196 2795 3252 sine
2827 3192 3349 3259 murmurationibus,
3402 3193 3533 3249 subv

1860 3269 1907 3334 C
1939 3294 2094 3359 audis
2138 3292 2312 3358 bona,
2350 3306 2473 3362 qua:
2522 3289 2874 3362 Evangelium
2912 3286 3191 3358 praecipit,
3224 3286 3344 3343 sine
3380 3301 3532 3341 mur-

1933 3386 2366 3449 murationibns,
2420 3385 2473 3440 id
2520 3391 2626 3450 est,
2673 3399 2742 3438 ne
2774 3382 3013 3437 dicatis:
3054 3379 3252 3437 Gravia
3301 3379 3533 3445 nimium

1935 3486 2063 3537 sunt
2089 3493 2210 3548 qua:
2239 3478 2384 3533 Deus
2436 3476 2704 3546 praecipit.
2737 3473 2866 3531 Sine
2894 3472 3311 3528 hmitationibus
3329 3513 3344 3539 ,
3367 3471 3423 3529 id
3448 3479 3535 3535 est

1891 3602 1899 3613 ο
1935 3568 2365 3625 dubitationihus
2393 3585 2406 3621 :
2448 3566 2503 3622 id
2534 3575 2653 3632 est,
2684 3581 2753 3622 ne
2784 3563 3045 3627 dubitetis
3071 3560 3128 3621 in
3157 3562 3301 3629 ﬁde,
3333 3576 3435 3619 nec
3464 3560 3533 3629 de

1933 3663 2019 3727 his
2046 3679 2168 3737 qua:
2200 3661 2551 3732 Evangelium
2581 3658 2868 3732 promittit.

2005 3755 2076 3810 Ut
2105 3756 2219 3810 sitis
2251 3757 2362 3809 sine
2388 3754 2616 3825 querela.
2652 3752 2710 3806 ld
2735 3759 2820 3809 est
2845 3750 2963 3807 sine
2994 3746 3450 3820 reprehensione;
3482 3753 3533 3803 et

1935 3844 2198 3915 simplices
2233 3845 2366 3898 sicut
2401 3844 2499 3912 ﬁlii
2531 3842 2650 3896 Dei.
2693 3840 2845 3896 Sicut
2884 3842 3025 3895 Deus
3053 3839 3280 3909 simplex
3315 3845 3420 3903 est,
3459 3836 3535 3893 ita

1938 3938 2032 3992 ﬁlii
2061 3935 2177 4005 ejus
2203 3951 2337 4005 puro
2365 3944 2419 3989 ct
2445 3933 2675 4004 simplici
2700 3932 2868 3987 corde
2890 3931 3088 3986 debent
3110 3929 3382 3984 incedere.
3408 3925 3535 3983 Sine

1937 4026 2351 4098 reprehensione.
2383 4024 2440 4077 ιιι
2470 4033 2576 4088 est,
2609 4023 2726 4077 sine
2750 4020 2983 4105 crimine
3011 4020 3067 4075 in
3103 4017 3274 4072 medio
3306 4017 3534 4075 nationis

1932 4135 2109 4191 prava:
2140 4127 2187 4171 et
2217 4131 2492 4187 perversw,
2540 4115 2677 4168 inter
2712 4129 2840 4183 quos
2886 4109 3089 4164 lucetis.
3119 4108 3348 4176 Quando
3385 4106 3533 4176 Apo-

1937 4208 2110 4266 stolus
2140 4208 2241 4262 ista
2273 4205 2543 4260 scribebat
2583 4201 3048 4274 Philippensibus,
3089 4198 3320 4256 necdum
3357 4198 3536 4269 adhuc

1938 4301 2112 4357 renati
2158 4314 2348 4355 omnes
2385 4305 2541 4353 erant
2584 4312 2761 4366 neque
2800 4293 3007 4359 ﬁdeles,
3051 4292 3147 4348 sed
3189 4290 3345 4347 multi
3378 4296 3537 4346 erant

1936 4393 2180 4451 inﬁdeles
2217 4400 2272 4448 et
2311 4390 2556 4448 haeretici
2595 4390 2826 4460 falsique
2872 4384 3188 4444 Christiani.
3222 4383 3372 4439 Inter
3405 4400 3535 4456 quos

1936 4500 2127 4544 omnes
2152 4485 2356 4540 lucetis.
2385 4483 2619 4555 Optabat
2648 4481 2942 4552 Apostolus
2969 4480 3041 4534 ita
3072 4478 3194 4535 illos
3227 4477 3321 4549 qui
3349 4475 3536 4539 fideles

1940 4589 2098 4639 erant
2120 4580 2325 4649 vivere,
2357 4585 2419 4633 ut
2441 4576 2583 4631 sicut
2606 4574 2688 4630 sol
2717 4572 2869 4645 fugat
2898 4571 3172 4636 tenebras,
3200 4579 3253 4633 et
3278 4568 3401 4624 luna
3426 4581 3533 4624 ete-

1943 4683 2168 4743 teraque
2208 4671 2387 4728 sidera
2426 4668 2735 4724 illuminant
2777 4673 3020 4728 noctem,
3072 4662 3149 4718 ita
3193 4660 3268 4716 illi
3308 4658 3537 4716 lucendo

1940 4768 2065 4834 ﬁde,
2098 4780 2283 4837 opere,
2327 4772 2384 4820 et
2422 4762 2692 4827 doctrina,
2724 4758 2976 4815 tenebras
3003 4754 3207 4811 erroris
3226 4762 3284 4809 et
3311 4751 3537 4809 nebulas

1938 4858 2275 4916 inﬁdelitatis
2304 4871 2405 4913 suo
2432 4853 2681 4924 exemplo
2706 4863 2761 4908 et
2795 4850 3043 4908 doctrina
3071 4848 3137 4904 de
3167 4846 3420 4903 cordibus
3450 4844 3537 4899 in-

1941 4953 2181 5010 ﬁdelium
2215 4951 2487 5025 fugarent.
2521 4948 2671 5006 Sicut
2703 4945 3011 5001 luminaria.
3042 4941 3156 5009 Sol,
3179 4941 3307 4997 luna
3344 4947 3399 4995 et
3428 4953 3533 4995 cm.

1946 5053 2063 5100 tera
2090 5052 2255 5100 astra.
2302 5040 2369 5095 In
2398 5038 2615 5095 mundo.
2646 5036 2743 5093 Vel
2775 5037 2830 5090 in
2862 5035 2966 5090 hac
2991 5033 3126 5089 vita.

2030 5132 2251 5190 Verbum
2282 5132 2400 5188 vita:
2430 5130 2767 5185 continentes.
2808 5125 2867 5181 id
2899 5130 2986 5181 est
3012 5121 3172 5178 ﬁdem
3202 5126 3405 5174 rectam
3433 5133 3540 5190 qua

1946 5228 2084 5284 vivit
2102 5227 2310 5299 justus;
2335 5224 2444 5291 vel,
2469 5222 2614 5279 illius
2633 5219 2797 5279 Verbi
2820 5216 3161 5281 memoriam,
3185 5213 3251 5269 de
3267 5226 3376 5284 quo
3404 5211 3541 5281 dici—

1947 5332 2038 5380 tur
2062 5340 2076 5376 :
2108 5320 2177 5376 In
2204 5319 2464 5393 principio
2493 5324 2606 5372 erat
2644 5313 2871 5370 Verbum
2899 5308 3086 5384 (Joan.
3115 5308 3177 5379 ι).
3206 5306 3288 5369 Ad
3315 5304 3542 5378 gloriam

1948 5430 2119 5470 meam
2148 5413 2205 5467 in
2231 5410 2315 5466 die
2339 5407 2557 5463 Christi.
2587 5405 2722 5475 Quia
2744 5403 2900 5460 vobis
2924 5399 3207 5473 praemium
3231 5398 3359 5466 erit,
3396 5398 3441 5452 si
3467 5396 3543 5467 ita

1953 5504 2222 5572 vixeritis,
2265 5510 2322 5560 ct
2362 5499 2495 5558 mihi
2532 5497 2703 5571 gloria
2741 5496 2798 5552 in
2842 5495 2929 5551 die
2959 5490 3173 5564 judicii,
3197 5491 3288 5561 qui
3317 5489 3542 5545 verbum

1952 5601 2079 5655 vitm
2103 5597 2257 5654 vobis
2285 5592 2611 5651 ministravi.
2657 5588 2795 5656 Quia
2835 5604 2939 5643 non
2970 5587 3025 5640 in
3062 5600 3277 5640 vacuum
3309 5582 3539 5639 cucurri.

1955 5688 2226 5747 Subaudis
2259 5689 2324 5744 de
2366 5688 2486 5743 loco
2529 5684 2598 5740 ad
2643 5683 2819 5738 locum
2859 5677 3220 5752 praedicando.
3266 5676 3449 5748 Neque
3486 5674 3543 5730 in

1952 5798 2177 5839 vacuum
2202 5779 2436 5835 laboravi
2467 5790 2745 5850 corporea:
2780 5775 2977 5848 lingua:
3005 5771 3280 5831 instantia.
3331 5770 3400 5827 Et
3434 5771 3543 5829 hoc

1954 5877 2023 5934 ad
2053 5875 2277 5948 gloriam
2304 5889 2500 5937 meam.
