3996 6458
488 434 599 494 745

956 432 1317 495 HAYMONIS
1354 431 1838 493 HALBERSTAT.
1875 429 2091 490 EPISC.
2129 429 2283 489 OPP.
2314 426 2497 487 PARS
2533 430 2578 486 ἰ.
2619 458 2689 471 -
2727 426 3082 487 COMMENT.
3119 425 3291 484 BIBL.

3681 434 3795 493 7H

565 550 672 607 Sed
712 558 763 607 et
807 552 854 608 si
898 552 1160 606 immolor.
1203 551 1261 607 Id
1308 560 1392 608 est
1438 551 1737 606 interﬁcior
1778 564 1808 605 a
1846 548 2077 604 Nerone.
2105 546 2157 609 Δ
2183 542 2394 598 bitabat
2429 553 2613 599 utrum
2647 544 2997 600 decollandus
3023 552 3171 600 esset
3205 558 3234 597 a
3270 541 3522 608 Nerone,
3573 551 3682 598 aut
3723 543 3808 601 di-

493 645 634 703 Nero
680 647 792 716 ipse
829 645 932 700 fuit
969 646 1221 700 sacerdos
1263 645 1409 699 Petri
1452 653 1508 699 et
1556 643 1740 710 Pauli,
1793 642 1916 713 quia
1970 643 2086 712 ipse

495 739 754 795 mactavit
791 753 927 793 eos:
965 739 1225 793 mactavit
1264 738 1516 808 quidem,
1564 736 1660 791 sed
1704 753 1810 791 non
1857 735 2083 800 obtulit,

493 829 618 900 quia
649 828 749 898 ipsi
778 828 987 898 seipsos
1013 828 1344 883 obtulerunt.
1382 826 1556 898 Supra
1583 825 1921 894 sacriﬁcium.
1948 821 2089 876 Cau-

491 919 608 972 deo.
639 919 775 985 Quia
805 934 903 973 vos
925 918 1096 972 obtuli
1123 917 1452 973 sacriﬁcium
1480 919 1610 972 Deo.
1643 913 1711 968 Et
1743 930 1896 984 super
1936 914 2086 967 obse-

490 1009 671 1079 quium
693 1007 820 1077 fidei
846 1017 1048 1063 vestrm.
1079 1008 1147 1061 Et
1173 1023 1338 1079 supra
1364 1006 1568 1063 cultum
1589 1005 1712 1061 ﬁdei
1733 1013 1790 1061 et
1810 1003 2088 1074 religionis

490 1117 654 1172 quem
692 1116 791 1157 vos
830 1101 1010 1157 docui.
1040 1101 1239 1156 Beatus
1270 1101 1470 1155 Paulus
1497 1100 1589 1169 qui
1620 1098 1992 1169 Philippenses
2018 1097 2088 1152 ab

489 1194 814 1251 inﬁdelitate
840 1193 1112 1259 liberavit,
1140 1202 1197 1248 et
1225 1193 1278 1246 in
1305 1193 1626 1263 baptismate
1650 1206 1679 1244 a
1702 1190 1940 1261 peccatis
1962 1205 2088 1261 pur-

491 1287 670 1359 gando
697 1286 1083 1351 sanctiﬁcavit,
1113 1286 1229 1356 ipse
1249 1285 1439 1354 utique
1467 1283 1660 1339 obtulit
1681 1298 1775 1338 eos
1797 1290 1852 1337 et
1876 1281 2086 1336 sacriﬁ-

491 1381 636 1436 cium
679 1378 794 1448 ejus
841 1379 944 1450 ipsi
993 1377 1230 1432 l’uerunt.
1275 1376 1604 1446 Obsequium
1647 1375 1812 1430 etiam
1857 1373 2090 1445 appellat

496 1469 705 1526 cultum
736 1477 793 1524 et
818 1469 1159 1540 religionem,
1193 1475 1252 1522 ut
1282 1467 1408 1521 alibi
1438 1484 1450 1520 :
1493 1465 1824 1519 Rationabile
1848 1465 1913 1520 sit
1940 1465 2088 1518 obse-

491 1563 679 1633 quium
705 1569 933 1614 vestrum
968 1559 1149 1630 (Rom.
1180 1559 1314 1630 xu),
1344 1566 1400 1612 et
1427 1566 1511 1613 est
1533 1570 1769 1613 sensus:
1802 1557 1868 1612 Et
1898 1556 1942 1612 si
1974 1557 2090 1628 (in-

491 1652 648 1724 quit)
673 1651 976 1711 interﬁcior
999 1667 1029 1704 a
1059 1650 1292 1716 Nerone,
1325 1664 1434 1703 non
1463 1649 1639 1704 sentio
1666 1662 1874 1718 poenas,
1915 1661 2090 1716 neque

487 1746 813 1816 pertimesco
844 1751 1095 1809 mortem,
1125 1742 1472 1813 congaudens
1497 1739 1738 1794 omnibus
1765 1738 1926 1804 vobis,
1965 1752 2090 1808 pro-

486 1848 672 1908 pterea
701 1839 827 1909 quia
851 1853 950 1893 vos
988 1837 1319 1893 sacriﬁcium
1360 1835 1528 1891 obtuli
1571 1835 1711 1899 Deo,
1752 1842 1807 1888 et
1834 1837 1963 1904 quia
1990 1849 2088 1889 vos

486 1927 645 1986 docui
674 1930 990 2001 religionem
1021 1929 1166 1984 ﬁdei.

557 2019 800 2090 Idipsum
846 2030 1018 2074 autem
1057 2029 1104 2074 et
1149 2037 1237 2074 vos
1279 2018 1520 2090 gaudete.
1559 2017 1616 2072 ld
1651 2025 1763 2082 est,
1815 2017 1953 2072 sicut
1985 2030 2086 2086 ego

486 2113 694 2184 gaudeo
724 2114 791 2168 de
817 2120 999 2168 vestra
1029 2112 1133 2168 ﬁde
1150 2153 1165 2179 ,
1197 2112 1273 2167 ita
1297 2121 1352 2167 et
1377 2126 1475 2167 vos
1502 2111 1836 2183 congaudete
1871 2111 1936 2166 de
1964 2124 2086 2165 meo

484 2203 708 2275 praemio
739 2204 884 2274 quod
911 2211 1267 2275 percepturus
1295 2217 1416 2258 sum
1446 2217 1546 2272 pro
1571 2201 1748 2257 vobis.

561 2293 727 2364 Spero
757 2303 933 2349 autem
970 2295 1028 2349 in
1067 2294 1294 2348 Domino
1321 2294 1450 2348 Jesu
1477 2293 1684 2349 Christo
1723 2291 2082 2360 Timotheum,

484 2395 594 2444 etc.
628 2384 946 2443 Timotheus
980 2395 1100 2442 erat
1140 2385 1436 2457 discipulus
1470 2384 1746 2455 Apostoli,
1789 2384 1937 2439 omni
1977 2383 2086 2440 ﬁde

485 2489 650 2552 atque
679 2480 929 2536 doctrina
960 2487 1124 2549 atque
1163 2480 1421 2549 operibus
1459 2478 1617 2534 bonis
1660 2478 1989 2542 adornatus,
2028 2485 2087 2532 et

484 2587 585 2644 per
636 2574 742 2628 hoc
775 2571 1034 2643 Apostolo
1069 2571 1360 2626 admodum
1402 2573 1633 2638 charus,
1677 2569 1734 2625 in
1775 2577 1984 2624 tantum
2024 2577 2086 2624 ut

485 2665 760 2721 unanimis
786 2663 1009 2741 dicatur
1044 2679 1166 2720 esse
1203 2663 1308 2730 illi,
1336 2665 1389 2719 id
1413 2673 1528 2729 est,
1569 2664 1730 2719 unius
1766 2662 2081 2719 veluntatis.

487 2755 735 2812 Habebat
757 2764 944 2812 tamen
975 2764 1031 2812 et
1055 2755 1191 2812 alios
1219 2755 1409 2812 eodem
1449 2754 1644 2810 affectu
1685 2754 1988 2827 diligentes,
2025 2765 2085 2812 ut

489 2858 610 2906 erat
655 2848 830 2917 Titus,
860 2850 1055 2917 Lucas,
1083 2849 1332 2907 Clemens
1357 2857 1412 2905 et
1438 2849 1560 2916 alii;
1593 2849 1688 2905 sed
1710 2851 1923 2919 quando
1945 2851 2085 2907 hanc

487 2941 786 3013 Epistolam
819 2943 967 2997 misit
996 2942 1102 2998 illis
1122 2984 1136 3010 ,
1179 2958 1286 2997 non
1321 2942 1556 2997 habebat
1596 2957 1777 2997 secum
1809 2942 1874 2997 de
1901 2942 2084 3014 perfe-

487 3033 754 3090 ctioribus
782 3033 886 3089 nisi
919 3035 1082 3089 istum
1112 3052 1124 3087 :
1157 3049 1346 3090 omnes
1374 3035 1518 3090 enim
1558 3043 1714 3089 erant
1752 3050 1915 3090 causa
1946 3050 2087 3105 prae-

485 3125 776 3182 dicationis
824 3125 1054 3196 dispersi
1095 3139 1193 3196 per
1233 3125 1446 3181 diversa
1497 3125 1644 3190 loca,
1689 3125 1918 3196 ideoque
1956 3126 2086 3181 dicit

483 3218 758 3274 neminem
802 3218 1004 3273 habere
1048 3232 1108 3272 se
1147 3217 1201 3271 in
1232 3217 1487 3288 praesenti
1529 3227 1708 3272 tamen
1749 3218 2079 3272 unanimem.

2188 637 2484 692 mittendus
2533 638 2672 693 liber
2719 639 2786 693 de
2833 653 3077 704 carcere,
3131 639 3356 708 ideoque
3401 639 3545 694 dixit
3591 639 3806 696 :Cum

2189 742 2492 798 cognovero
2521 729 2649 798 quid
2682 729 2815 783 mihi
2843 731 3106 784 evenerit.
3154 729 3213 783 Si
3258 729 3325 785 de
3369 746 3600 787 carcere
3643 733 3805 798 inco-

2190 819 2350 874 lumis
2376 821 2580 887 exicro,
2615 822 2827 876 mittam
2854 836 2975 876 eum
3008 823 3076 876 ad
3105 838 3223 880 vos.

2261 908 2483 981 Con/ida
2518 922 2691 967 autem
2720 915 2776 967 in
2804 913 3030 968 Domino
3058 915 3306 984 quoniam
3341 925 3388 969 et
3417 917 3527 986 ipse
3565 917 3683 969 cito
3721 933 3810 970 re-

2190 1004 2333 1058 niam
2363 1005 2433 1059 ad
2459 1022 2566 1060 vos.
2600 1005 2893 1060 Sciendum
2923 1014 3108 1062 tamen
3138 1008 3266 1078 quia
3293 1009 3658 1078 postmodum
3691 1010 3810 1080 ipse

2190 1111 2298 1151 non
2324 1095 2474 1151 venit
2501 1097 2571 1152 ad
2596 1112 2709 1152 eos.

2263 1189 2636 1245 Necessarium
2668 1202 2839 1246 autent
2877 1193 3170 1248 existimavi
3213 1192 3654 1265 Epaphroditum
3687 1197 3810 1248 mit-

2189 1291 2296 1336 tere
2333 1281 2403 1334 ad
2444 1297 2552 1335 vos.
2591 1281 2728 1348 Quia
2770 1281 3114 1337 Timotheum
3157 1299 3264 1338 non
3307 1299 3529 1354 possum
3579 1285 3807 1341 mittere

2190 1386 2471 1442 quousque
2498 1387 2824 1443 cognoscam
2853 1389 2971 1442 qua:
2993 1374 3139 1428 circa
3163 1389 3249 1429 me
3272 1382 3418 1439 sunt,
3447 1384 3588 1444 puto
3617 1390 3807 1430 neces-

2189 1465 2392 1520 sarium
2421 1480 2542 1520 esse
2568 1465 2724 1520 vobis
2756 1466 2973 1520 mittere
3015 1466 3442 1536 Epaphroditum
3476 1487 3490 1521 :
3525 1468 3629 1538 qui
3669 1468 3806 1538 Epa-

2189 1558 2356 1628 phras
2378 1557 2680 1627 appellatur
2702 1556 2810 1611 alio
2835 1557 2976 1622 loco,
3005 1558 3145 1613 sicut
3165 1558 3392 1625 Lucius,
3419 1560 3636 1617 Lucas.
3665 1564 3803 1634 Apo-

2191 1647 2361 1701 stolus
2398 1647 2544 1701 enim
2581 1662 2690 1701 non
2732 1646 2960 1718 curabat
3000 1648 3065 1702 de
3111 1647 3447 1718 pr0prietate
3488 1651 3798 1706 nominum.

2191 1737 2616 1810 Cooperatorem,
2646 1739 2699 1794 id
2729 1747 2818 1794 est
2851 1738 3010 1794 simul
3048 1739 3386 1796 laborantem
3436 1740 3494 1794 in
3535 1743 3801 1810 praedica-

2191 1831 2360 1886 tione.
2393 1829 2464 1886 Et
2492 1831 2700 1886 socium
2743 1830 2860 1886 sive
2897 1830 3322 1896 commilitonem,
3371 1831 3426 1886 in
3475 1835 3688 1889 castris
3714 1833 3799 1889 Dei

2114 1921 2162 1981 B
2190 1937 2291 1992 pro
2318 1922 2442 1978 ﬁde.
2479 1921 2716 1976 Vestrum
2751 1931 2926 1976 autem
2951 1921 3282 1992 Apostolum,
3311 1922 3398 1976 vel
3421 1910 3520 1992 qui
3545 1924 3622 1979 ad
3646 1939 3740 1978 vos
3769 1941 3797 1977 a

2191 2030 2278 2070 me
2325 2014 2578 2078 mittitur,
2623 2015 2709 2070 vel
2751 2029 2911 2085 quem
2958 2028 3055 2070 vos
3107 2013 3173 2069 de
3213 2015 3413 2070 vestris
3463 2015 3717 2088 elegistis
3751 2017 3796 2071 in

2189 2108 2492 2178 apostolum
2524 2107 2787 2163 mittendo
2817 2107 2967 2162 illum
2997 2107 3063 2162 ad
3099 2121 3208 2161 me.
3250 2107 3319 2161 Et
3364 2109 3682 2162 ministrum
3722 2127 3798 2163 rte-

2189 2198 2447 2253 cessitatis
2477 2214 2638 2265 mete,
2681 2208 2738 2253 et
2776 2197 3029 2254 desiderii
3067 2197 3162 2266 qui
3203 2198 3334 2254 mihi
3371 2196 3495 2268 jam
3533 2201 3719 2270 posito
3750 2201 3793 2255 in

2189 2303 2411 2345 carcere
2455 2291 2733 2346 ministrat
2775 2305 2896 2361 quae.
2942 2291 3246 2345 necessaria
3280 2301 3428 2358 sunt,
3478 2303 3539 2348 et
3583 2293 3796 2364 insuper

2187 2381 2565 2452 praedicationi
2607 2382 2827 2437 insistit.
2870 2382 3189 2452 Apostolum
3221 2390 3403 2438 autem
3431 2383 3593 2440 illum
3627 2394 3792 2450 vocat,

2188 2474 2319 2543 quia
2361 2473 2430 2529 ab
2469 2473 2561 2528 illo
2603 2474 2805 2529 missus
2839 2481 2944 2528 est.
2995 2473 3184 2529 Omnis
3226 2474 3374 2530 enim
3416 2476 3518 2546 qui
3566 2478 3792 2531 mittitur

2186 2565 2478 2636 Apostolus
2508 2574 2755 2620 vocatur.

2260 2657 2548 2730 Propterea
2573 2659 2712 2730 quod
2733 2658 3021 2714 audieratis
3041 2657 3191 2714 illum
3214 2659 3546 2730 inﬁrmatam
3569 2677 3584 2714 :
3614 2678 3736 2715 nam
3753 2671 3795 2716 et

2186 2751 2490 2821 inﬁrmatus
2522 2762 2596 2805 est
2631 2768 2796 2823 usque
2818 2752 2888 2806 ad
2911 2761 3148 2819 mortem,
3171 2753 3260 2807 sed
3286 2754 3430 2808 Deus
3456 2755 3714 2809 misertus
3732 2770 3796 2812 est

2187 2846 2322 2916 ejus,
2350 2845 2609 2901 subaudis
2635 2847 2762 2916 quia
2787 2847 3061 2902 revocavit
3087 2859 3213 2903 eum
3236 2847 3303 2903 de
3327 2846 3584 2904 faucibus
3610 2851 3797 2905 mortis

2190 2937 2258 2992 ad
2285 2937 2472 2992 vitam.
2505 2937 2627 2992 Non
2664 2937 2835 2992 solum
2864 2938 3200 3008 autenrejus,
3233 2937 3496 2995 subaudis
3543 2940 3797 2996 misertus

2190 3035 2300 3094 est,
2326 3045 2503 3084 verum
2545 3030 2702 3083 etiam
2732 3030 2834 3084 mei
2875 3030 3132 3084 misertus
3158 3038 3261 3085 est.
3291 3030 3517 3098 Quare?
3552 3049 3621 3086 ne
3649 3034 3798 3086 tristi-

2189 3123 2318 3176 tiam
2376 3121 2569 3177 mortis
2609 3120 2726 3190 ejus
2787 3138 2945 3192 super
2988 3121 3258 3175 tristitiam
3302 3121 3651 3178 inﬁrmitatis
3695 3122 3797 3190 ejus

2197 3214 2464 3269 haberem.
2519 3213 2720 3269 Beatus
2766 3213 3054 3285 Apostolus
3105 3214 3320 3269 dolebat
3365 3215 3433 3269 de
3481 3217 3797 3272 inﬁrmitate

486 3307 585 3363 Vel
612 3315 828 3378 poterat
863 3321 984 3362 esse
1028 3315 1089 3361 ut
1131 3305 1448 3361 Timotheus
1483 3306 1602 3377 plus
1635 3306 1887 3363 omnibus
1925 3306 2092 3362 disci-
2119 3312 2165 3376 ς
2197 3304 2572 3377 Epaphroditi.
2610 3306 2717 3361 Sed
2743 3307 2788 3361 si
2818 3306 2907 3361 ille
2929 3306 2998 3360 ab
3020 3306 3123 3361 hac
3159 3307 3276 3362 luce
3301 3307 3618 3377 migrasset,
3649 3325 3796 3380 super

485 3401 630 3474 pulis
676 3401 793 3472 ejus
835 3399 1209 3469 Philippenses
1257 3400 1520 3470 diligeret.
1575 3399 1710 3454 Cito.
1765 3399 1823 3453 ld
1871 3407 1983 3464 est,
2034 3399 2090 3454 in

487 3491 759 3562 proximo.
790 3488 878 3543 Me
904 3490 1112 3543 mittere
1140 3488 1209 3542 ad
1237 3506 1326 3543 vos
1348 3528 1363 3554 ,
1406 3497 1463 3542 ut
1504 3497 1552 3542 et
1599 3505 1692 3559 ego
1739 3489 1870 3543 bono
1915 3489 2090 3544 animo

491 3587 612 3640 sim.
643 3583 701 3638 ld
725 3591 810 3639 est
841 3582 1131 3652 tranquillo
1153 3579 1222 3637 iet
1261 3597 1457 3637 securo
1485 3581 1667 3635 animo
1697 3581 1822 3636 sim.
1856 3579 2089 3651 Cognitis

489 3691 609 3748 quae
635 3675 776 3728 circa
802 3691 889 3728 vos
919 3683 1061 3728 sunt.
1097 3674 1152 3728 ld
1180 3684 1285 3739 est,
1315 3675 1442 3730 dum
1475 3689 1778 3745 cognovero
1799 3689 1899 3744 per
1940 3671 2091 3730 illum

497 3781 622 3837 quae
648 3767 792 3822 circa
818 3781 915 3822 vos
946 3775 1200 3838 aguntur,
1227 3776 1335 3822 tam
1365 3768 1418 3822 in
1451 3767 1556 3823 ﬁde
1582 3784 1745 3838 quam
1776 3769 1832 3823 in
1859 3783 2091 3824 conver-

493 3859 728 3914 satione.

565 3953 845 4010 Neminem
885 3957 1023 4010 enim
1062 3957 1248 4011 habeo.
1290 3953 1562 4011 Subaudis
1603 3956 1762 4013 modo
1797 3945 1937 4027 apu‘d
1980 3973 2088 4014 me.

495 4048 601 4116 Qui
626 4049 850 4113 sincera,
885 4049 938 4103 id
963 4056 1047 4102 est
1068 4064 1204 4118 pura
1228 4056 1284 4102 et
1315 4047 1494 4113 ﬁrma,
1523 4048 1798 4118 affectione
1826 4065 1920 4119 pro
1949 4050 2090 4104 vobis

488 4139 747 4195 sollicitus
787 4141 873 4195 sit.
920 4140 988 4194 Et
1025 4155 1090 4194 ea
1117 4139 1365 4196 voluntas
1404 4154 1525 4209 quae
1573 4149 1692 4195 erat
1733 4141 1788 4195 in
1829 4141 2092 4211 Apostolo

494 4248 627 4302 erga
653 4232 1049 4304 Philippenses,
1079 4241 1199 4287 erat
1231 4241 1283 4287 et
1313 4231 1368 4285 in
1397 4230 1706 4287 Timotheo.
1752 4232 1878 4288 ldeo
1914 4234 2046 4289 dicit
2073 4252 2087 4290 :

496 4323 774 4379 Neminem
805 4325 969 4378 habeo
997 4335 1103 4378 tam
1135 4325 1562 4394 unanimem,qui
1591 4326 1835 4380 eamdem
1855 4338 2091 4384 mentem

491 4423 648 4487 gerat
684 4430 812 4486 erga
839 4430 954 4482 vos,
985 4424 1039 4469 et
1066 4429 1167 4485 pro
1193 4415 1346 4470 vobis
1393 4416 1466 4470 ita
1511 4415 1775 4472 sollicitus
1811 4416 1901 4472 sit.
1945 4417 2092 4473 [deo-

492 4521 598 4577 que
631 4505 719 4560 ille
746 4506 1042 4562 mittendus
1068 4515 1174 4572 est,
1203 4506 1297 4576 qui
1328 4514 1380 4560 et
1416 4505 1549 4560 mihi
1581 4516 1664 4561 est
1691 4507 2045 4564 charissimus
2073 4528 2087 4566 :

492 4605 550 4653 et
573 4612 758 4652 curam
788 4597 856 4653 de
889 4598 1039 4654 vobis
1070 4598 1364 4652 maximam
1393 4597 1553 4668 gerit.
1590 4597 1783 4652 Omnes
1811 4599 1944 4653 enim
1973 4617 2092 4672 qua?

2195 3398 2474 3453 tristitiam
2504 3398 2839 3453 inﬁrmitatis
2882 3399 3108 3454 haberet
3135 3397 3411 3453 tristitiam
3439 3403 3646 3456 mortis
3673 3402 3794 3470 ejus.

2194 3490 2292 3546 Vel
2331 3491 2455 3561 quia
2496 3491 2611 3562 ipse
2641 3492 2694 3545 in
2726 3491 2957 3547 vinculis
2988 3491 3243 3546 astrictus
3267 3493 3583 3558 tenebatur,
3608 3495 3662 3550 si
3686 3512 3797 3551 con-

2192 3583 2405 3653 tigisset
2431 3582 2855 3653 Epaphroditum
2883 3583 3043 3646 mori,
3067 3583 3158 3652 qui
3183 3583 3234 3637 ei
3261 3586 3579 3640 necessaria
3604 3603 3794 3657 prow-

2194 3677 2370 3741 rabat,
2400 3692 2559 3748 super
2589 3676 2866 3732 tristitiam
2889 3676 3231 3732 vinculorum
3259 3677 3488 3733 haberet
3516 3680 3792 3735 tristitiam

2194 3769 2262 3823 de
2288 3775 2462 3822 morte
2492 3766 2653 3823 illius.

2267 3857 2336 3913 Ut
2386 3859 2492 3914 viso
2541 3876 2600 3914 eo
2645 3859 2835 3914 iterum
2887 3860 3182 3931 gaudeatis.
3240 3859 3510 3916 Gaudium
3562 3862 3796 3935 Apostoli

2194 3949 2444 4022 gaudium
2458 3958 2576 4005 erat
2587 3948 3009 4020 Philippensium
3021 3992 3035 4016 ,
3052 3952 3192 4006 sicut
3203 3951 3422 4006 tristitia
3436 3951 3483 4021 ej
3494 3968 3562 4007 us
3584 3955 3793 4008 tristitia

2195 4044 2406 4100 illorum
2433 4063 2444 4098 :
2473 4044 2726 4099 similiter
2751 4045 2968 4100 tristitia
2982 4045 3410 4117 Philippensium
3431 4047 3664 4103 tristitia
3695 4057 3797 4103 erat

2191 4136 2471 4206 Apostoli,
2498 4145 2553 4191 et
2591 4136 2779 4192 laetitia
2827 4136 3043 4193 illorum
3073 4137 3260 4194 laetitia
3305 4139 3490 4194 illius:
3517 4141 3666 4196 sicut
3699 4143 3797 4212 ipse

2195 4229 2408 4284 dixerat
2433 4244 2447 4283 :
2477 4225 2710 4283 Gaudete
2731 4246 2848 4283 cum
2888 4230 3255 4301 gaudentibus,
3302 4241 3349 4286 et
3375 4233 3495 4301 ﬂete
3530 4251 3655 4286 cum
3683 4236 3797 4305 ﬂen-

2194 4322 2332 4377 tibus
2363 4321 2542 4394 (Rom.
2590 4322 2715 4394 vn),
2765 4331 2811 4376 et
2838 4339 2932 4393 ego
2962 4324 3074 4377 sine
3122 4325 3337 4378 tristitia
3381 4325 3504 4388 sim,
3547 4327 3797 4382 subaudis

2195 4432 2318 4471 cum
2333 4430 2636 4487 cognovero
2652 4430 2747 4469 vos
2767 4414 3067 4470 laetiﬁcatos
3091 4414 3234 4470 illius
3252 4416 3547 4486 pnesentia
3569 4437 3583 4470 :
3607 4427 3668 4473 et
3690 4433 3797 4473 cum

2193 4526 2293 4581 per
2327 4510 2475 4564 illum
2514 4524 2787 4578 agnovero
2814 4524 2936 4578 quae
2966 4510 3110 4565 circa
3139 4525 3236 4565 vos
3264 4520 3516 4583 aguntur.

2269 4599 2508 4670 Excipite
2527 4601 2703 4670 itaque
2725 4598 2875 4653 illum
2899 4617 3017 4654 cum
3041 4600 3301 4672 gaudioin
3325 4602 3577 4669 Domino,
3595 4616 3644 4658 et
3666 4606 3799 4676 ejus.

490 4706 589 4744 sua
615 4699 758 4754 sunt,
790 4690 1048 4746 subaudis
1077 4690 1380 4756 commoda,
1404 4698 1670 4760 quaerunt,
1693 4706 1798 4744 non
1821 4708 1938 4760 quae
1963 4701 2083 4746 sunt
2109 4707 2163 4768 ι)
2193 4693 2335 4749 modi
2366 4707 2483 4744 cum
2512 4691 2708 4745 honore
2731 4690 2988 4756 habetote,
3019 4692 3072 4746 id
3096 4701 3200 4757 est,
3233 4707 3341 4747 non
3367 4693 3548 4748 solum
3593 4699 3687 4766 qui
3715 4713 3796 4752 ve-

487 4786 620 4842 Jesu
651 4783 864 4841 Christi.
917 4785 1075 4840 Modo
1114 4785 1350 4840 ostendit
1391 4800 1561 4855 quare
1596 4783 1687 4839 alii
1727 4785 1816 4854 qui
1847 4801 1969 4840 cum
1998 4786 2089 4843 illo

491 4886 668 4945 erant,
701 4894 808 4932 non
847 4886 1002 4932 erant
1039 4878 1089 4931 ei
1132 4877 1205 4932 ita
1251 4877 1523 4948 conjuncti
1556 4877 1694 4933 sicut
1719 4879 1841 4933 iste.
1888 4877 2091 4936 Omnes

492 4973 636 5028 enim
666 4987 763 5026 sua
791 4972 1074 5026 commoda
1112 4981 1362 5041 quaerunt
1398 4979 1492 5026 aut
1530 4973 1797 5042 quietem,
1844 4973 2091 5031 nolentes

495 5065 742 5122 tribulari
784 5081 882 5136 pro
932 5066 1162 5120 aliorum
1210 5065 1406 5130 salute,
1460 5066 1565 5121 nisi
1615 5075 1674 5121 ut
1717 5068 1786 5122 ab
1824 5067 1904 5124 eis
1941 5068 2092 5125 lucra

492 5158 813 5230 temporalia
835 5160 1121 5229 recipiant,
1147 5174 1256 5214 non
1279 5167 1535 5214 curantes
1557 5160 1625 5216 de
1649 5163 2090 5220 remuneratione

492 5258 719 5307 aeterna.

562 5344 1014 5416 Experimentum,
1059 5345 1110 5400 id
1147 5354 1230 5401 est
1259 5346 1704 5416 probamentum,
1749 5349 1864 5416 eius
1903 5365 2091 5420 cogno-

491 5442 638 5506 scite,
671 5443 794 5513 quia
832 5443 965 5497 sicut
1003 5444 1142 5513 patri
1177 5443 1320 5513 ﬁlius
1352 5460 1552 5498 mecum
1586 5445 1788 5500 servivit
1825 5445 1880 5498 in
1913 5443 2093 5499 Evan-

493 5536 647 5607 gelia.
676 5535 792 5591 Non
819 5535 971 5600 mihi,
997 5535 1190 5604 inquit,
1231 5535 1475 5600 servivit,
1508 5535 1601 5590 sed
1628 5551 1840 5592 mecum
1871 5537 2095 5593 servivit

493 5628 713 5684 Christo
743 5632 795 5683 in
828 5628 1103 5699 Evangelii
1136 5628 1541 5697 praulicatione.
1568 5626 1805 5682 Servivit
1831 5637 2011 5685 tamen
2037 5637 2092 5685 et

492 5719 654 5774 beato
678 5719 934 5788 Apostolo

563 5808 724 5863 Hunc
753 5827 872 5883 ergo
903 5827 1051 5881 spero
1083 5826 1162 5864 me
1191 5809 1397 5864 mitterer
1419 5808 1488 5861 ad
1517 5823 1627 5875 vos,
1664 5825 1786 5864 mox
1823 5819 1877 5864 ut
1907 5811 2088 5869 videro

489 5919 611 5974 qua:
640 5902 781 5957 circa
806 5920 887 5958 me
916 5912 1057 5958 sunt.
1088 5902 1305 5959 Positus
1333 5899 1624 5972 Apostolus
1651 5901 1703 5956 in
1726 5902 1958 5959 vinculis
1986 5904 2085 5959 du-

2192 4799 2305 4846 ster
2345 4788 2620 4858 apostolus
2659 4796 2743 4843 est
2783 4803 2906 4843 cum
2955 4788 3155 4859 gaudio
3202 4790 3471 4861 spirituali
3517 4795 3796 4864 suscipite,

2193 4883 2288 4938 sed
2313 4898 2502 4938 omnes
2531 4882 2623 4952 qui
2649 4882 2895 4937 eamdem
2929 4881 3090 4938 ﬁdem
3135 4883 3360 4949 habent,
3394 4894 3451 4940 et
3481 4885 3652 4943 bonis
3677 4905 3804 4960 ερε-¹

2194 4975 2344 5029 ribus
2371 4974 2648 5039 insistunt,
2674 4974 2815 5030 sicut
2845 4974 2951 5030 ille.
2982 4974 3244 5041 Quoniam
3261 4987 3476 5047 propter
3499 4996 3638 5049 opus
3662 4981 3800 5035 Chri.

2195 5069 2263 5121 sti
2290 5083 2452 5138 usque
2484 5067 2553 5120 ad
2602 5076 2822 5122 mortem
2867 5069 3105 5135 accessit,
3132 5070 3187 5126 id
3228 5079 3337 5136 est,
3366 5081 3600 5143 propter
3631 5074 3801 5144 chari-

2198 5168 2364 5216 tatem
2397 5168 2452 5214 et
2486 5160 2924 5233 prtedicationem
2955 5161 3232 5234 Evangelii
3269 5179 3443 5234 usque
3472 5165 3542 5218 ad
3577 5157 3807 5236 mortem.

2198 5254 2448 5320 accessit,
2496 5254 2755 5310 subaudis
2795 5255 3141 5326 praedicando
3187 5265 3244 5312 et
3273 5257 3408 5313 mihi
3437 5259 3799 5317 ministrando

2196 5356 2384 5402 contra
2403 5347 2551 5417 jussa
2574 5347 2904 5418 principum.
2942 5347 3176 5404 Tradens
3209 5350 3446 5405 animant
3474 5369 3658 5420 suam,
3685 5354 3802 5424 sub.

2196 5438 2352 5492 audis
2382 5438 2622 5508 periculo
2669 5439 2878 5506 mortis,
2923 5448 2978 5493 ut
3027 5441 3262 5511 impleret
3293 5443 3350 5497 id
3377 5445 3525 5515 quod
3552 5462 3638 5508 ex,
3667 5429 3800 5502 vobis

2195 5531 2373 5587 deerat
2422 5548 2549 5602 erga
2597 5549 2770 5586 meum
2815 5534 3136 5605 obsequium.
3189 5537 3570 5611 Philippenses

2193 5623 2451 5694 Apostolo
2527 5625 2750 5679 verbum
2828 5627 3229 5694 praedicationis
3301 5631 3644 5706 audierunt,

2193 5715 2334 5786 quod
2352 5716 2540 5772 salvati
2563 5725 2690 5772 sunt
2710 5718 2755 5772 si
2784 5715 3012 5774 facultas
3033 5720 3114 5776 eis
3136 5719 3502 5790 adt‘uisset,et
3519 5704 3808 5798 longitudo,

2191 5820 2350 5866 terra:
2379 5826 2486 5866 non
2512 5811 2835 5878 obstitisset,
2864 5814 2965 5884 ipsi
2998 5815 3298 5890 debuerant
3321 5817 3370 5880 ei
3397 5804 3595 5886 omnia;

2190 5904 2279 5960 dia
2323 5903 2637 5974 temporalia
2686 5907 3044 5976 praebereet
3082 5908 3428 5987 ministrare,
3450 5908 3613 5986 Quod
3669 5921 3796 5980 ergo
