3996 6448
194 436 305 499 ηδ

832 402 1200 500 erposrrto
1232 441 1299 498 m
1340 439 1490 498 app.
1534 438 1596 497 s.
1636 436 1865 498 vanu.
1904 471 1976 484 .-
2009 442 2078 500 IN
2112 443 2329 503 Episr.
2370 446 2462 502 an
2499 444 2786 505 PHILIPP.

3342 449 3451 510 746

186 552 271 608 illi
323 550 551 622 implere
592 550 972 621 nequiverunt,
1020 553 1167 609 solus
1209 552 1607 624 Epaphroditus
1655 552 1771 608 vice
1798 555 1846 615 Α
1872 568 2032 621 quens
2072 552 2360 610 Ecclesium
2404 556 2521 612 Dei.
2551 557 2685 624 Fui,
2738 558 2949 629 inquit,
2974 558 3164 617 doctor
3188 559 3453 635 legis,,et

185 644 406 701 illorum
432 649 620 697 contra
667 653 934 714 praecepta
981 645 1324 714 imperatoris
1358 645 1586 700 adhmsit
1613 643 1688 699 illi
1718 645 1774 699 in

182 746 430 808 carcere,
456 742 513 789 et
541 736 849 803 procuravit
872 735 950 790 illi
974 736 1179 791 victum
1203 745 1260 791 et
1283 736 1690 801 vestimentum,
1720 746 1777 793 et

180 826 412 896 insuper
436 826 616 881 socius
662 825 765 880 fuit
804 828 1223 897 praedicationis.
1254 828 1354 884 llic
1377 843 1507 899 ergo
1553 828 1776 884 tradidit

180 915 429 972 animam
459 930 610 970 suam
637 916 880 985 periculo
923 918 1132 982 mortis,
1182 918 1310 987 quia
1338 926 1529 973 contra
1568 933 1773 988 praece-

182 1014 345 1076 ptum
392 1005 729 1075 imperatoris
771 1007 1003 1061 accessit
1028 1007 1097 1062 ad
1138 1006 1311 1074 illum,
1337 1015 1399 1062 ut
1421 1007 1676 1071 diximus,
1700 1014 1773 1063 et

182 1096 247 1151 in
296 1096 398 1150 hoc
443 1094 585 1163 quod
611 1094 661 1150 ei
708 1095 1054 1159 ministravit,
1104 1096 1350 1166 implevit
1394 1098 1538 1167 quod
1574 1111 1646 1153 ex
1688 1098 1769 1155 eis

182 1186 396 1248 deerat,
425 1184 550 1253 quia
589 1186 732 1253 quod
761 1184 837 1239 illi
867 1185 1166 1242 debuerant
1190 1201 1375 1257 agere,
1403 1188 1517 1257 ipse
1547 1188 1671 1244 fecit
1699 1189 1771 1243 si-

184 1278 283 1329 cut
328 1272 616 1343 Apostolus
656 1273 912 1330 declarat.
943 1273 1013 1329 Ut
1054 1275 1306 1346 impleret
1347 1278 1488 1347 quod
1518 1292 1588 1334 ex
1614 1279 1768 1335 vobis

182 1360 397 1427 deerat,
422 1361 476 1416 id
503 1371 588 1417 est
613 1360 757 1430 quod
786 1376 881 1418 vos
903 1375 1007 1417 non
1048 1365 1310 1433 poteratis
1347 1364 1571 1435 implere
1597 1365 1767 1435 impe-

181 1449 366 1506 diente
387 1449 718 1521 lniigitudine
736 1460 1027 1517 terrarum,
1058 1451 1171 1522 ipse
1198 1468 1302 1523 pro
1331 1453 1481 1510 vobis
1500 1454 1761 1525 implevit.

798 1602 1025 1663 CAPUT
1057 1602 1142 1662 Ill.

253 1715 333 1771 De
359 1726 545 1771 cretero
567 1755 583 1777 .
614 1716 667 1770 id
693 1726 777 1771 est
805 1717 1077 1787 deinceps,
1109 1726 1165 1773 et
1186 1727 1384 1789 praeter
1407 1720 1495 1775 illa
1528 1736 1650 1793 quae
1671 1738 1761 1779 sn-

175 1809 366 1879 perius
394 1808 537 1862 dicta
573 1816 722 1874 sunt,
744 1809 934 1876 fratres
958 1809 1057 1863 mei
1086 1809 1141 1863 in
1168 1810 1273 1864 ﬁde
1301 1811 1520 1880 gaudete
1564 1812 1619 1867 in
1655 1812 1762 1867 Do-
1802 1879 1814 1889 .

1876 653 2096 714 propter
2120 646 2354 702 studium
2398 656 2454 703 et
2481 663 2718 705 amorem
2766 649 3081 723 Synagogaz,
3111 667 3274 722 quam
3303 653 3449 713 vole-

1873 737 2001 792 bam
2023 744 2277 804 statuere,
2315 742 2680 811 persequebar
2712 742 3007 799 Ecclesium
3052 743 3167 800 Dei.
3197 744 3453 804 IEmulus

1873 826 2091 893 dicitur,
2122 828 2336 885 invidus
2360 837 2416 885 et
2443 830 2702 898 imitator,
2733 842 2789 890 et
2827 836 3117 900 studiosus,
3145 840 3239 893 sed
3265 838 3319 893 io
3346 841 3448 898 hoc

1872 913 1992 971 loco
2036 932 2137 988 pro
2173 918 2415 974 studioso
2458 921 2698 988 ponitur.
2742 922 2942 979 Beatus
2985 939 3114 996 ergo
3157 927 3449 997 Apostolus

1870 1008 2143 1064 studiosus
2168 1011 2451 1064 mmulator
2473 1009 2575 1064 fuit
2613 1011 2666 1065 in
2697 1010 2834 1082 lege,
2874 1013 3058 1070 volens
3104 1014 3446 1089 Synagogam

1871 1104 2134 1163 statuere,
2184 1104 2239 1152 et
2282 1097 2577 1153 Ecclesium
2622 1099 2715 1155 Dei
2756 1102 3034 1159 destruere
3073 1108 3447 1176 persequendo

1868 1193 2102 1242 sanctos.
2130 1186 2429 1242 Secundum
2454 1188 2599 1243 illam
2625 1190 2882 1256 iustitiam
2901 1209 3019 1263 qua:
3042 1194 3095 1249 in
3117 1195 3225 1267 lege
3251 1206 3348 1252 est.
3383 1197 3447 1254 Si

1867 1275 2047 1345 aliqua
2060 1275 2271 1345 justitia
2291 1278 2450 1332 modo
2476 1278 2528 1333 in
2554 1278 2669 1348 lege
2690 1289 2795 1346 est,
2819 1292 3166 1350 conversatus,
3188 1287 3446 1346 subaudis

1864 1364 1976 1420 vixi
2002 1366 2119 1421 sine
2148 1367 2374 1424 crimine
2398 1378 2454 1425 et
2483 1371 2600 1427 sine
2626 1373 3065 1442 reprehensione,
3093 1384 3153 1431 ut
3185 1377 3317 1433 mihi
3361 1381 3444 1434 vi-

1865 1468 1983 1509 sum
2011 1462 2095 1511 est
2132 1464 2188 1512 et
2226 1458 2346 1514 aliis
2375 1476 2388 1512 :
2423 1450 2547 1528 quia
2581 1462 2932 1519 circumcisus
2960 1480 3078 1520 sum
3108 1476 3300 1522 octavo
3331 1469 3440 1533 die,

1858 1554 1917 1600 et
1931 1547 2342 1618 quadragesimo
2357 1550 2445 1605 die
2454 1564 2551 1621 per
2564 1567 2651 1607 me
2662 1552 2850 1624 legalia
2864 1571 3086 1612 munera
3099 1566 3225 1613 sunt
3236 1559 3413 1621 oblata
3423 1601 3439 1625 ,

1862 1644 1918 1691 et
1937 1635 2276 1705 festivitates,
2300 1649 2356 1695 et
2379 1641 2601 1697 sabbata
2624 1643 2924 1709 observavi,
2955 1654 3011 1700 et
3035 1656 3231 1703 caetera
3254 1650 3436 1705 omnia

1860 1741 1981 1796 quae
2003 1727 2089 1783 lex
2118 1730 2379 1801 praecipit.

1929 1816 2034 1874 Sed
2059 1837 2177 1891 qua:
2198 1823 2326 1876 mihi
2345 1822 2556 1892 fuerunt
2582 1824 2755 1893 lucra,
2785 1828 2886 1884 hoc
2907 1838 3010 1894 est,
3034 1846 3155 1900 qua:
3182 1831 3437 1901 putabam

177 1898 346 1962 mino,
369 1912 473 1950 non
500 1896 552 1951 in
581 1897 737 1952 rebus
762 1898 1141 1967 temporalibus
1164 1907 1221 1953 et
1242 1901 1472 1956 terrenis
1494 1909 1657 1971 atque
1675 1918 1761 1959 ca-
1788 1925 1835 1985 Β
1863 1908 2009 1977 quod
2058 1910 2192 1966 mihi
2241 1919 2564 1982 praistarent
2606 1929 2857 1986 magnum
2900 1896 3261 1988 qquum—et
3300 1937 3439 1990 prro-

172 1988 349 2043 ducis.
403 1988 599 2042 Eadem
640 1988 800 2055 vobis,
848 1989 900 2043 id
944 1997 1046 2053 est,
1073 2004 1281 2059 eaquae
1317 1991 1474 2046 docui
1501 2006 1757 2062 prmsens,

173 2081 302 2149 quia
350 2079 501 2134 vobis
543 2086 598 2133 et
636 2079 765 2133 mihi
809 2088 893 2135 est
933 2080 1334 2145 necessarium,
1360 2097 1442 2136 me
1478 2098 1593 2137 non
1621 2083 1760 2153 piget

168 2170 423 2237 scribere,
456 2169 549 2225 sed
576 2170 758 2227 videre
780 2185 853 2227 ne
877 2171 1029 2227 vobis
1067 2172 1280 2243 pigrum
1304 2171 1378 2228 sit
1400 2187 1466 2229 ea
1504 2173 1682 2245 legere
1707 2183 1764 2233 et

171 2260 423 2330 implere.

252 2347 433 2403 Videte
477 2364 652 2415 canes,
679 2348 733 2405 id
754 2357 842 2404 est
865 2357 1051 2406 cavete
1072 2357 1129 2406 et
1152 2350 1439 2408 declinate.
1466 2351 1641 2409 Canes
1666 2368 1762 2424 ap-

168 2438 321 2509 pelat
366 2438 617 2506 Judteos,
661 2448 716 2495 et
739 2439 906 2495 malos
958 2442 1224 2511 operarios
1267 2444 1483 2499 eosdem
1527 2445 1761 2516 appellat

169 2534 677 2601 circumcisionem,
724 2534 852 2606 quia
896 2536 1226 2592 consuetudo
1267 2536 1388 2607 ejus
1429 2545 1512 2592 est
1545 2537 1759 2596 Judzeos

168 2627 445 2698 appellare
488 2625 979 2692 circumcisionem,
1029 2634 1085 2682 et
1138 2626 1366 2699 gentiles
1410 2628 1755 2699 praeputium.

165 2718 300 2774 Ideo
343 2733 471 2790 ergo
495 2718 727 2789 appellat
758 2733 853 2774 eos
881 2734 1064 2786 canes,
1088 2720 1214 2792 quia
1240 2721 1380 2776 sicut
1417 2723 1568 2779 canis
1595 2722 1759 2779 latrat

163 2826 234 2865 ac
266 2810 457 2866 deinde
481 2809 711 2877 mordet,
743 2810 819 2866 ita
866 2810 941 2865 illi
987 2810 1252 2880 loquendo
1296 2812 1656 2880 oblatrahant,
1702 2823 1759 2872 et

163 2900 480 2961 seducendo
523 2915 713 2971 aspere
756 2901 1094 2956 mordebant.
1138 2898 1259 2955 Mali
1302 2902 1537 2972 operarii
1577 2912 1752 2971 erant,

162 2995 302 3068 quia
328 2995 467 3049 male
493 2994 793 3050 suadebant
818 2993 899 3049 eis
922 2993 1159 3064 operari,
1207 2993 1452 3049 dicentes
1476 3011 1489 3047 :
1520 2991 1643 3047 Non
1662 3009 1757 3064 po-

161 3085 317 3159 testis
368 3083 562 3138 salvari
608 3098 706 3154 per
747 3082 1092 3153 baptismum,
1143 3082 1243 3137 nisi
1284 3082 1750 3148 circumcidam‘ini,

162 3176 419 3235 sicutlex
444 3175 685 3248 praecipit
724 3175 861 3247 (Act.
893 3176 1003 3244 xv),
1037 3174 1163 3244 quia
1198 3174 1460 3244 scriptum
1487 3183 1571 3229 est
1595 3191 1609 3227 :
1635 3173 1753 3229 Ma-

1860 1999 2030 2055 mium
2054 1999 2170 2057 haec
2197 2002 2378 2056 omnia
2410 2003 2647 2059 intellexi
2675 2006 2808 2062 mihi
2837 2007 3018 2065 futura
3049 2011 3116 2065 ad
3144 2011 3434 2079 damnum,

1860 2089 1906 2144 si
1936 2105 2000 2146 ea
2027 2090 2318 2146 carnaliter
2339 2094 2682 2150 observarem
2707 2108 2916 2166 propter
2941 2098 3204 2154 Christum
3223 2140 3238 2165 ,
3255 2101 3308 2155 id
3329 2110 3436 2166 est,

1859 2188 2142 2249 postquam
2168 2180 2222 2236 in
2240 2180 2513 2238 Christum
2535 2184 2738 2241 credidi
2761 2186 2845 2243 vel
2866 2198 3087 2258 propter
3108 2191 3268 2247 ﬁdem
3294 2192 3437 2249 illius

1859 2283 2022 2338 quam
2053 2278 2233 2336 teneo,
2259 2272 2425 2328 credo
2452 2273 2633 2329 omnia
2666 2275 2754 2330 illa
2783 2277 2852 2332 ad
2873 2278 3128 2337 damnum
3146 2288 3202 2336 et
3221 2281 3437 2352 dispen-

1859 2361 2007 2417 dium
2028 2376 2148 2435 esse
2172 2362 2385 2419 illorum
2407 2404 2424 2431 ,
2453 2366 2545 2436 qui
2571 2382 2633 2423 ea
2668 2369 3092 2439 observaverint,
3123 2382 3178 2428 et
3217 2384 3438 2446 propter

1858 2451 1963 2509 hoc
1989 2449 2338 2526 Evangelium
2365 2455 2594 2523 Christi,
2634 2460 2928 2517 secundum
2952 2464 3106 2534 cujus
3129 2464 3432 2523 doctrinam

1857 2545 2113 2602 debemus
2131 2549 2334 2614 vivere,
2350 2550 2495 2619 quod
2515 2552 2882 2622 supereminet
2915 2564 3077 2626 atque
3104 2561 3436 2615 transcendit
3522 2586 3527 2593 ο

1857 2648 1953 2689 sua
1980 2636 2240 2706 dignitate
2262 2646 2321 2693 et
2346 2639 2577 2694 veritate
2619 2654 2835 2697 omnem
2878 2644 3202 2717 scripturam
3226 2646 3434 2704 divino-

1857 2738 1976 2779 rum
2003 2724 2364 2797 eloquiorum.

1938 2811 2303 2873 Verumtamen
2327 2818 2565 2872 existimo
2587 2821 2785 2889 omnia,
2802 2822 3059 2880 subaudis
3083 2824 3272 2896 legalia
3297 2842 3433 2898 pra:-

1855 2912 2028 2974 cepta,
2053 2904 2440 2974 detrimentum,
2467 2909 2519 2963 id
2544 2921 2630 2965 est
2654 2912 2931 2981 damnum,
2957 2931 3067 2971 esse
3086 2918 3198 2972 suis
3221 2919 3436 2975 audito-

1852 2993 2004 3050 ribus
2046 3006 2257 3067 propter
2292 2999 2596 3054 eminentem
2636 3003 2935 3071 scientiam,
2983 3006 3038 3061 id
3065 3016 3166 3062 .est
3210 3019 3430 3081 propter

1856 3089 2223 3161 Evang'elium,
2263 3101 2472 3161 propter
2506 3109 2685 3164 quem,
2723 3096 2775 3150 id
2802 3106 2884 3151 est
2913 3108 3130 3169 propter
3154 3099 3430 3161 Christum

1853 3177 1938 3234 vel
1966 3189 2187 3248 propter
2216 3179 2374 3237 ﬁdem
2399 3180 2546 3251 ejus,
2579 3185 2754 3238 omnia
2782 3192 2901 3254 quae
2932 3187 3017 3242 lex
3043 3190 3287 3260 praecipit
3310 3207 3430 3247 car-

159 3270 350 3326 sculus
378 3269 529 3339 cujus
556 3284 679 3324 caro
700 3268 1006 3321 circumcisa
1029 3283 1130 3322 non
1153 3266 1330 3336 fuerit,
1356 3266 1554 3336 peribit
1576 3267 1755 3323 animo
1783 3272 1829 3334 ο
1859 3267 2050 3323 naliter
2075 3269 2363 3325 observare
2382 3307 2398 3336 ,
2423 3272 2577 3342 quasi
2604 3273 2860 3330 damnum
2891 3276 3036 3343 duxi,
3066 3288 3122 3333 et
3143 3295 3242 3350 pro
3264 3281 3430 3338 nihilo

158 3360 315 3413 illius
342 3357 405 3413 de
420 3357 611 3430 populo
633 3373 749 3422 suo,
770 3357 897 3428 quia
935 3366 1144 3428 pactum
1173 3371 1345 3413 meum
1383 3356 1589 3411 irritum
1628 3355 1751 3426 fecit

159 3449 230 3525 (ε
238 3468 326 3504 en.
354 3453 510 3521 xm).

242 3541 360 3596 Nos
399 3542 537 3595 enim
572 3557 752 3597 sumus
791 3540 1135 3595 circumcisio.
1183 3538 1313 3607 Nos,
1337 3538 1392 3595 id
1436 3546 1521 3595 est
1563 3552 1753 3596 omnes

160 3642 321 3699 recte
364 3631 665 3695 credentes,
703 3646 889 3686 sumus
916 3629 1268 3701 spiritualiter
1295 3628 1619 3691 circumcisi,
1652 3629 1746 3698 qui

158 3724 359 3794 spiritu
390 3722 495 3778 Deo
520 3723 791 3789 servimus,
838 3722 891 3778 id
918 3730 1005 3778 est
1034 3720 1383 3791 spiritualiter
1404 3729 1460 3775 et
1491 3735 1598 3776 non
1629 3736 1753 3775 car-

161 3813 401 3871 naliter:
426 3812 509 3866 vel
539 3813 704 3867 etiam
738 3812 829 3882 qui
866 3821 1046 3865 mente
1074 3811 1184 3865 Deo
1210 3810 1498 3872 servimus,
1526 3810 1669 3867 sicut
1696 3809 1753 3864 in

159 3903 465 3975 Evangelio
492 3901 717 3956 habetur
740 3918 753 3955 :
780 3900 1011 3971 Spiritus
1047 3909 1122 3954 est
1147 3899 1312 3963 Deus,
1335 3908 1384 3953 et
1404 3914 1490 3952 eos
1509 3899 1598 3968 qui
1623 3898 1753 3952 ado-

161 4008 288 4051 rant
313 4012 455 4061 eum,
479 3994 532 4048 in
557 3993 767 4061 spiritu,
797 3993 850 4047 id
873 4000 957 4048 est
976 3991 1029 4045 in
1071 3998 1247 4045 mente
1264 4030 1278 4055 ,
1302 3998 1501 4061 oportet
1529 3988 1754 4045 adorare

162 4088 356 4163 (Juan.
383 4085 478 4156 Iv).
512 4083 576 4138 Et
600 4083 889 4154 gloriamur
910 4082 963 4136 in
984 4080 1189 4135 Christo
1207 4078 1357 4145 Iesu,
1389 4077 1445 4133 id
1466 4078 1617 4133 estin
1647 4077 1754 4134 ﬁde

161 4181 299 4237 Jesu
328 4177 544 4238 Christi,
575 4185 622 4231 et
646 4175 823 4230 nonin
850 4189 1006 4227 carne
1032 4172 1281 4243 ﬁduciam
1306 4171 1569 4236 habentes,
1596 4168 1648 4224 id
1671 4177 1756 4226 est

160 4268 377 4327 carnali
405 4265 833 4330 circumcisione,
860 4264 988 4334 quia
1018 4277 1117 4319 nos
1146 4263 1405 4318 habemus
1424 4275 1610 4315 omnes
1631 4275 1753 4316 sen-

162 4378 264 4420 sus
317 4360 561 4430 corporis
612 4357 985 4413 circumcisus.
1036 4356 1349 4424 Quanquam
1394 4369 1486 4424 ego
1533 4353 1750 4407 habeam

162 4449 540 4522 conﬁdentiam
560 4458 605 4503 et
627 4448 681 4502 in
702 4462 878 4511 carne,
906 4445 1074 4509 idest,
1095 4442 1295 4499 habere
1319 4457 1537 4512 possem
1556 4441 1609 4497 in
1624 4456 1748 4498 car-

164 4540 280 4597 nali
308 4536 738 4603 circumcisione,
767 4536 812 4591 si
837 4535 1015 4605 aliqua
1043 4533 1116 4589 ibi
1145 4540 1290 4588 esset
1323 4531 1537 4587 ﬁducia.

1853 3358 2086 3428 deputo,
2127 3370 2185 3413 ut
2224 3359 2485 3437 Christum
2522 3362 2654 3418 mihi
2696 3362 2895 3432 lucrer,
2935 3375 2992 3423 et
3026 3369 3335 3439 acquiram,
3379 3383 3429 3426 et

1851 3450 2087 3505 inveniar
2107 3452 2161 3507 in
2190 3451 2302 3519 illo,
2326 3453 2377 3509 id
2417 3463 2503 3510 est
2529 3455 2581 3511 in
2613 3455 2718 3512 ﬁde
2747 3456 2863 3526 ejus
2885 3459 3179 3530 perfectus,
3207 3480 3310 3518 non
3333 3465 3429 3519 Iut-

1852 3536 1975 3596 betts
1998 3558 2165 3597 meam
2181 3542 2446 3613 justitiam
2466 3562 2584 3616 qua:
2604 3562 2669 3600 ea:
2688 3546 2797 3618 lege
2816 3558 2912 3615 est,
2936 3551 3028 3605 ted
3050 3552 3195 3606 illam
3216 3570 3333 3625 qua:
3351 3565 3428 3610 est

1850 3646 1916 3686 ea:
1937 3630 2042 3699 [ide
2064 3629 2193 3686 Jesu
2219 3631 2431 3688 Christi.
2456 3632 2673 3691 Justitia
2700 3652 2819 3707 qua:
2848 3638 2902 3694 in
2937 3639 3055 3711 lege
3081 3630 3199 3697 erat
3222 3683 3238 3709 ,
3268 3641 3429 3713 justi-

1851 3721 1924 3775 tia
1961 3721 2194 3777 hominis
2218 3723 2517 3787 dicebatur,
2543 3726 2669 3795 quia
2697 3727 2946 3784 manibus
2973 3733 3316 3801 operabatur,
3352 3736 3431 3789 vi-

1852 3810 2046 3867 delicet
2068 3811 2122 3866 in
2143 3812 2553 3870 circumcisione
2571 3825 2625 3869 et
2644 3816 2916 3873 oblatione
2943 3834 3248 3878 munerum.
3266 3806 3429 3880 lsta‘m

1846 3900 2109 3970 justitiam
2155 3904 2440 3972 respuebat
2477 3904 2767 3973 Apostolus
2789 3948 2803 3970 ,
2839 3918 2894 3963 et
2922 3910 3136 3967 nolebat
3158 3929 3279 3968 eam
3306 3930 3426 3970 am—

1850 3990 1992 4059 plius
2011 3991 2229 4053 habere,
2254 3992 2345 4045 sed
2371 3993 2549 4061 potius
2569 3995 2909 4052 desiderabat
2937 3999 3162 4055 inveniri
3191 4003 3243 4056 in
3266 4002 3430 4070 justi-

1852 4080 1925 4134 tia
1954 4078 2075 4135 ﬁdei
2104 4086 2159 4134 et
2184 4079 2493 4151 Evangelii,
2526 4099 2645 4154 qua:
2674 4101 2780 4139 non
2810 4094 2894 4140 est
2924 4087 3156 4144 hominis
3185 4088 3389 4159 justitia
3411 4133 3427 4155 ,

1852 4168 1944 4226 sed
1966 4168 2081 4236 Dei,
2098 4169 2223 4241 quia
2240 4170 2554 4242 spiritaliter
2579 4173 2633 4227 in
2649 4175 2972 4244 baptismate
2989 4177 3050 4231 ﬁt
3075 4186 3131 4232 et
3153 4179 3205 4232 in
3227 4190 3426 4233 mente.

1923 4260 2055 4328 Quae
2083 4277 2147 4315 ea:
2185 4259 2293 4315 Deo
2322 4268 2397 4315 est
2413 4260 2656 4331 justitia,
2686 4265 2942 4320 subaudis
2970 4266 3111 4331 dico,
3142 4258 3196 4320 in
3224 4266 3327 4322 ﬁde
3361 4269 3429 4323 ad

1849 4338 2278 4423 cognoscendum
2312 4351 2483 4419 illum,
2509 4354 2632 4423 quia
2662 4370 2760 4426 per
2785 4355 2942 4410 ﬁdem
2969 4372 3088 4427 qua:
3115 4358 3271 4412 bonis
3296 4374 3426 4431 ope-

1848 4443 2000 4499 ribus
2035 4444 2360 4509 adornatur,
2403 4444 2746 4515 cognoscitur
2781 4443 2925 4499 Deus
2956 4459 2971 4499 :
3013 4444 3428 4501 Resurrectionis

1845 4535 2234 4609 ejus‘virtulem,
2257 4534 2512 4590 subaudis
2532 4535 2978 4608 cognoscendam.
2999 4535 3128 4603 Qum
3151 4546 3233 4591 est
3255 4538 3425 4592 virtus

241 4628 300 4686 Si
340 4629 454 4700 quis
482 4635 661 4681 autem
701 4625 858 4690 alius,
888 4623 1142 4693 subaudis
1164 4630 1406 4677 vestrum
1452 4619 1749 4692 gentilium,
1774 4614 1829 4675 D
1855 4625 2297 4683 resurrectionis?
2322 4625 2393 4682 Ut
2425 4627 2565 4682 sicut
2608 4625 2855 4682 Christus
2893 4637 3135 4683 mortuus
3164 4637 3218 4682 et
3249 4643 3429 4684 resur-

163 4718 372 4778 videtur
390 4718 651 4788 conﬁdere
671 4717 725 4771 in
747 4733 919 4779 carne,
946 4731 1038 4784 ego
1063 4714 1249 4785 magis.
1283 4712 1496 4767 Diceret
1519 4710 1744 4781 aliquis:

164 4813 283 4868 Non
309 4826 369 4867 es
403 4810 752 4867 circumcisus
795 4823 969 4877 neque
998 4807 1234 4878 injussus
1260 4804 1592 4869 circumcidi,
1627 4803 1750 4860 ideo

163 4904 295 4959 talia
328 4902 573 4973 praecipis
597 4901 620 4955 ?
648 4900 729 4955 Ad
757 4900 873 4954 hmo
910 4900 999 4953 ille
1024 4917 1037 4952 :
1060 4898 1177 4954 Non
1220 4897 1357 4960 ideo,
1392 4896 1587 4967 inquit,
1619 4895 1746 4951 talia

163 4994 442 5068 praecipio,
472 4994 522 5049 id
546 5002 646 5059 est,
675 4994 794 5049 ideo
821 4992 1072 5063 przecipio
1097 5006 1202 5046 non
1231 4990 1569 5056 circumcidi,
1591 4989 1747 5060 quasi

164 5101 267 5156 ego
291 5100 396 5140 non
441 5084 541 5139 sim
572 5084 947 5147 circumcisus,
991 5089 1046 5137 et
1071 5080 1273 5151 possim
1326 5080 1379 5134 in
1430 5079 1597 5149 gloria
1625 5094 1745 5135 mea

165 5164 441 5237 conlidere
485 5178 604 5249 plus
634 5192 795 5249 quam
839 5174 1035 5245 aliquis
1079 5181 1318 5228 vestrum
1365 5171 1664 5242 gentilium,
1698 5170 1745 5228 si

165 5284 313 5333 esset
334 5276 388 5331 in
419 5290 484 5331 ea
508 5275 683 5345 aliqua
712 5274 906 5329 ﬁducia
941 5280 996 5327 et
1014 5269 1246 5338 iustitia,
1279 5275 1561 5336 postquam
1591 5264 1745 5320 Chri-

166 5371 286 5421 stus
333 5365 521 5420 venit:
556 5363 650 5419 sed
683 5363 807 5433 quia
853 5377 958 5417 non
1000 5367 1085 5414 est
1122 5357 1193 5411 ibi
1245 5355 1424 5425 aliqua
1472 5355 1741 5427 gloriatio,

166 5455 295 5512 nolo
327 5464 386 5510 ut
413 5455 871 5511 circumcidamini
907 5470 937 5507 a
965 5450 1183 5507 ludatis.
1228 5447 1313 5504 Ex
1335 5464 1520 5518 genere
1549 5446 1741 5515 Israel,

166 5545 428 5603 subaudis
454 5552 610 5600 natus
635 5559 774 5611 sum,
814 5544 879 5597 de
923 5541 1063 5595 tribu
1092 5538 1390 5609 Benjamin,
1416 5535 1558 5608 quod
1586 5551 1746 5592 nemo

165 5636 412 5697 vestrum
435 5647 539 5697 est.
571 5638 825 5696 Hebraeus
849 5655 914 5693 ex
933 5636 1191 5701 Hebraais,
1214 5632 1471 5691 subaudis
1499 5641 1659 5688 natus
1679 5631 1747 5690 de

164 5722 313 5789 tribu
350 5731 628 5804 Beujamin
655 5750 670 5787 :
694 5730 975 5785 secundum
1022 5728 1183 5800 legem
1225 5726 1536 5799 pharistvus,
1567 5722 1622 5780 id
1664 5729 1747 5779 est

158 5823 360 5901 doctor
386 5825 519 5900 legis
544 5824 808 5892 Mosaicm,
833 5824 1114 5879 secundum
1153 5821 1540 5879 trtnttlationem
1566 5835 1745 5893 perse-

210 5926 215 5933 '
487 5917 759 5978 Ριτιιοι..
804 5913 1059 5977 CXVII.

1851 4717 2013 4783 rexit,
2044 4725 2098 4771 et
2124 4716 2237 4788 jam
2267 4730 2372 4771 non
2416 4715 2671 4779 moritur,
2702 4716 2776 4770 ita
2819 4725 2873 4771 et
2911 4730 3011 4772 nos
3052 4704 3345 4779 moriamur
3374 4721 3428 4772 in

1851 4805 2000 4861 fonte
2023 4805 2360 4877 baptismatis
2386 4813 2642 4876 peccato,
2668 4813 2720 4860 et
2756 4820 3102 4876 resurgamus
3132 4805 3198 4860 ad
3222 4792 3425 4871 vitam,

1851 4906 1906 4953 et
1942 4912 2153 4968 semper
2181 4897 2236 4950 in
2263 4896 2497 4952 novitate
2533 4895 2659 4950 vitae
2685 4895 3039 4951 ambulemus.
3074 4895 3141 4951 Et
3172 4897 3283 4951 haec
3308 4897 3424 4950 vir-

1852 4997 1939 5045 tus
1961 5004 2058 5059 per
2079 4987 2240 5045 ﬁdem
2264 4987 2620 5059 cognoscitur,
2646 4994 2700 5042 et
2726 5000 2822 5055 per
2850 4986 3007 5040 ﬁdem
3036 4983 3153 5053 ejus
3181 4986 3427 5054 perveni~

1853 5088 1943 5135 tur
1965 5079 2033 5133 ad
2055 5079 2366 5135 societatem
2392 5078 2701 5149 passionum
2731 5075 2952 5142 Christi,
2976 5076 3101 5146 quia
3135 5075 3237 5130 nisi
3268 5075 3425 5130 ﬁdem

1852 5173 2175 5228 haberemus
2200 5182 2540 5241 nequaquam
2567 5168 2871 5245 passionem
2919 5166 3036 5236 ejus
3068 5167 3421 5221 imitaremur.

1851 5261 2117 5316 Debemus
2144 5268 2324 5315 autem
2353 5259 2552 5314 imitari
2582 5258 2726 5313 illam
2753 5299 2767 5323 ,
2808 5258 3055 5329 ponendo
3086 5259 3298 5312 animas
3326 5272 3428 5311 no-

1850 5347 1994 5409 stras
2022 5367 2119 5422 pro
2149 5350 2257 5415 illo,
2277 5351 2321 5406 si
2344 5351 2640 5405 necessitas
2660 5348 2823 5404 fuerit
2843 5390 2857 5415 ,
2879 5348 2965 5404 vel
2987 5348 3147 5404 etiam
3172 5348 3226 5403 in
3249 5348 3429 5403 nobis-

1849 5445 1982 5518 ipsis
2030 5446 2288 5500 debemus
2325 5443 2652 5498 mortiﬁcarc
2688 5441 2817 5495 vitia
2865 5449 2922 5495 ct
2965 5449 3203 5510 peccata.
3248 5437 3429 5508 Conﬁ-

1846 5547 2066 5609 guratus
2093 5550 2212 5591 sum
2239 5533 2395 5589 morti
2434 5532 2549 5602 eius
2567 5571 2583 5597 ,
2626 5532 2681 5586 id
2708 5540 2791 5586 est
2816 5531 3057 5585 imitator
3080 5544 3200 5585 sum
3237 5528 3435 5587 mortis

1846 5629 1963 5700 ejus
1991 5634 2048 5683 et
2070 5625 2334 5698 passionis
2360 5624 2517 5679 illius.
2549 5620 2607 5676 Si
2635 5637 2738 5692 quo
2765 5620 2940 5685 modo,
2982 5621 3035 5676 id
3063 5627 3150 5675 est
3170 5619 3217 5675 si
3246 5618 3431 5692 aliquo

1848 5720 2008 5777 modo
2040 5733 2310 5773 occurram
2339 5716 2407 5770 ad
2444 5713 2892 5778 resurrectionem,
2925 5708 3181 5767 subaudis
3227 5710 3430 5775 electo~

1848 5820 1988 5868 rum.
2014 5810 2119 5868 lsta
2141 5808 2463 5865 resurrectio
2483 5821 2587 5862 non
2614 5806 2719 5861 erit
2742 5804 2980 5861 omnium
3008 5803 3424 5875 resurgentium,

3063 5894 3132 5955 2h
