3996 6454
526 460 623 517 751

523 668 578 722 tu
606 664 699 718 illo
731 681 744 716 :
785 666 909 732 quia
940 680 1063 717 eum
1097 665 1237 718 Deus
1279 674 1440 732 esset,
1480 683 1578 737 pro
1614 669 1765 722 vobis
1791 669 1950 722 homo
1976 667 2089 722 ﬁeri

521 756 773 826 dignatus
796 763 896 808 est.
944 755 1218 809 Custodiat
1265 758 1424 812 corda
1456 769 1625 813 vestra
1649 769 1696 813 et
1720 758 2092 829 intelligentiae

518 857 736 901 vestras.
766 846 872 900 Cor
893 852 948 898 et
984 846 1289 902 intellectus
1320 863 1420 917 pro
1454 864 1559 904 uno
1588 858 1672 903 est
1697 849 2088 919 accipiendum.

522 939 584 991 lu
606 936 823 993 Christo
863 937 1015 1003 Iesu,
1061 937 1114 992 id
1150 947 1234 994 est
1264 953 1363 1011 per
1395 939 1579 996 Jesum
1609 941 1904 1007 Christum,
1930 942 2014 997 vel
2028 942 2092 997 in

516 1028 620 1085 li-Je
654 1028 781 1085 Jcsu
800 1030 1026 1086 Christi.

532 1173 536 1177 .
588 1117 667 1173 De
685 1129 893 1184 uetera,
918 1122 1134 1190 fratres,
1156 1130 1354 1190 praeter
1382 1122 1471 1177 illa
1493 1124 1750 1192 superius
1772 1131 2088 1190 memorata,

513 1224 836 1281 quiscunque
863 1221 985 1265 sunt
1014 1227 1152 1277 vera,
1201 1227 1519 1283 quweunque
1542 1212 1753 1283 pudica,
1775 1229 2093 1283 qumcunque

507 1302 679 1370 justo,
708 1316 1029 1371 quacunque
1056 1312 1260 1365 sancta,
1288 1317 1608 1373 quweunque
1644 1302 1913 1368 amabilia,
1938 1302 1989 1358 id
2009 1312 2093 1359 est

517 1390 701 1451 omnia
726 1406 846 1459 quae
869 1391 923 1445 in
958 1392 1246 1462 Evangelia
1273 1392 1537 1447 habentur
1558 1393 1817 1463 cogitate,
1851 1402 1906 1449 et
1943 1394 2091 1464 cogi-

519 1480 682 1534 tando
730 1480 1175 1551 opere.-implete,
1223 1482 1348 1551 quia
1399 1480 1487 1535 illa
1536 1489 1662 1536 sunt
1702 1497 1849 1537 vera.
1898 1482 2092 1538 Omnia

508 1586 642 1629 avere
686 1583 814 1627 sunt
844 1574 1037 1643 pudica
1080 1581 1135 1628 et
1172 1582 1341 1636 casta,
1370 1573 1496 1641 quia
1527 1572 1595 1627 ab
1626 1574 1775 1627 omni
1813 1573 2093 1627 mendacio

514 1674 664 1729 sum,
695 1664 949 1719 inviolata
979 1674 1037 1719 et
1069 1664 1402 1733 incorrupta.
1434 1663 1529 1719 Illa
1568 1672 1686 1719 sunt
1712 1662 1856 1732 justa
1883 1672 1935 1718 et
1963 1680 2089 1719 san-

516 1767 624 1821 cta,
657 1774 777 1826 qua:
814 1759 1157 1814 sanctitatem
1196 1765 1251 1812 et
1268 1758 1545 1828 justitiam
1589 1758 1804 1813 docent.
1834 1758 2094 1823 Quincun-

512 1864 613 1914 que
638 1856 764 1901 sunt
792 1848 939 1901 bona:
966 1847 1143 1917 fatale,
1177 1848 1229 1903 id
1258 1856 1361 1912 est,
1393 1861 1513 1916 qua:
1539 1846 1734 1901 bonam
1768 1847 1967 1902 famam
1992 1861 2091 1901 nos

988 462 1341 519 HAYMOMS
1381 463 1857 519 HALBEliS'l‘AT.
1900 466 2111 518 EI’ISC.
2152 465 2305 519 OPP.
2348 466 2528 521 PARS
2566 467 2605 520 Ι.
2632 497 2703 507 —
2739 465 3089 524 COMMENT.
3132 467 3301 524 BIBL.

520 586 580 632 et
606 585 801 631 nostra:
845 575 1315 641 reconciliationis,
1338 586 1392 629 et
1415 586 1613 645 quanta
1655 578 1817 632 fuerit
1852 578 2091 632 charitas
2121 585 2165 639 Λ
2194 579 2465 634 sustinere

3669 467 3786 524 752

2514 595 2528 633 :
2570 581 2679 635 scio
2721 589 2771 636 et
2814 564 3105 645 abundare,
3138 582 3190 636 id
3229 590 3311 636 est
3349 582 3401 636 in
3436 583 3783 637 abundantia

2198 677 2505 740 temperans
2542 687 2685 738 esse,
2720 688 2789 729 ne
2833 688 3156 742 corrumpar
3196 672 3265 727 ab
3291 686 3376 727 ea.
3411 671 3481 726 In
3528 675 3783 726 omnibus

2190 760 2460 818 institutus
2484 778 2621 831 sum,
2645 774 2692 819 et
2722 765 2929 831 satiari,
2962 764 3017 820 id
3036 771 3120 819 est
3146 763 3441 830 abundare,
3475 775 3521 817 et
3552 765 3782 827 esurire,

2193 849 2247 905 id
2280 862 2363 906 est
2387 856 2666 922 penuriam
2694 856 2833 925 pati.
3404 899 3409 903 ς

2262 942 2454 997 Omnia
2498 962 2708 1014 possunt
2753 947 2809 999 in
2846 963 2906 1001 eo
2948 948 3041 1017 qui
3076 949 3158 1000 me
3195 946 3479 1015 canI'Ortat.
3506 943 3603 999 Ne
3628 940 3783 998 vide-

2194 1042 2343 1087 retur
2389 1034 2711 1105 sibimetipsi
2755 1035 2993 1090 tribuere
3046 1036 3152 1090 hoc
3200 1035 3358 1104 quasi
3411 1035 3530 1089 suis
3567 1020 3787 1089 viribus

2189 1124 2454 1193 potuisset
2490 1125 2543 1179 in
2561 1125 2801 1194 ,penuria
2843 1127 3057 1195 patiens
3080 1140 3219 1187 esse,
3244 1132 3317 1180 'ct
3344 1123 3399 1178 in
3440 1123 3783 1178 abundantia

2194 1223 2524 1284 temperans,
2568 1216 2646 1271 ait
2695 1234 2709 1271 :
2756 1214 2949 1272 Omnia
2980 1224 3161 1271 autem
3211 1215 3313 1270 ista
3362 1215 3416 1269 in
3442 1228 3524 1269 "eo
3551 1229 3781 1284 possum

2193 1304 2416 1374 implere
2467 1305 2559 1374 qui
2607 1321 2694 1360 me
2723 1304 3031 1371 'con‘lortat,
3076 1306 3140 1360 id
3177 1313 3262 1360 est
3302 1304 3357 1357 in
3386 1302 3632 1367 Christo,
3684 1302 3781 1371 qui

2158 1394 2324 1449 {mihi
2355 1392 2766 1463 possibilitatem
2797 1395 3005 1450 tribuit.

2274 1480 2639 1537 Verumtamen
2685 1482 2810 1537 bene
2853 1484 3072 1553 fecistis,
3102 1481 3574 1537 cemmuni'cantes
3603 1479 3780 1533 tribu-

2195 1574 2382 1627 lationi
2429 1588 2582 1637 meae,
2633 1574 2684 1628 id
2729 1582 2843 1631 est.
2890 1572 3139 1642 quamvis
3166 1586 3267 1642 ego
3293 1570 3456 1624 nullo
3482 1569 3775 1638 indigeam,

2195 1665 2330 1719 bene
2372 1663 2575 1718 fecistis
2620 1679 2735 1729 vos,
2780 1662 3060 1719 eharitatis
3091 1660 3326 1715 ollicium
3362 1661 3428 1713 in
3470 1674 3563 1712 me
3609 1659 3779 1712 adim-

2193 1756 2420 1826 plcntes,
2457 1755 2838 1826 compatiendo
2868 1754 3209 1825 passionibus
3232 1753 3390 1817 meis,
3420 1761 3481 1807 et
3510 1753 3779 1806 mittendo

2195 1847 2325 1900 mihi
2350 1862 2468 1915 qua:
2500 1856 2659 1901 erant
2684 1845 3011 1901 necessaria.

516 1941 721 1995 faciunt
748 1942 968 2006 habere,
1001 1942 1182 1996 omnia
1211 1942 1313 1995 ista
1342 1940 1574 2011 cogitate
1612 1950 1669 1995 et
1713 1940 1975 2010 perlicite.
2003 1939 2092 1994 Si-
2120 1930 2165 1987 Β
2264 1938 2422 1993 Scitis
2461 1949 2654 2002 autem,
2687 1946 2818 2003 etc.,
2845 1952 3034 2007 usque,
3078 1934 3342 2007 profectas
3374 1951 3497 1988 eam
3530 1952 3565 1988 a
3604 1934 3774 1988 Haec.

509 2046 616 2100 qua
642 2030 829 2095 virtus,
873 2031 1133 2087 subaudis
1162 2030 1308 2095 ﬁdei,
1335 2029 1690 2099 operationis,
1718 2030 1998 2093 doctrinae,
2035 2037 2090 2082 et
2191 2029 2368 2084 donia.
2399 2029 2707 2084 Macedonia
2754 2030 3028 2100 provincia
3076 2040 3160 2083 cst
3193 2026 3537 2089 Graecorum,
3574 2027 3719 2081 dicta
3747 2043 3775 2079 ε

513 2123 656 2176 unde
696 2124 902 2178 laudari
951 2121 1093 2179 Deus
1122 2131 1334 2195 potest,
1380 2122 1473 2178 illa
1512 2122 1624 2179 Deo
1659 2123 1946 2194 applicate,
1980 2138 2087 2178 non
2189 2119 2499 2187 Macedone,
2547 2130 2599 2176 ct
2652 2121 3035 2177 Thessalonica
3078 2120 3271 2174 civitas
3310 2127 3464 2172 est'a
3514 2117 3777 2171 Thessan

514 2215 713 2269 vestris
743 2216 972 2269 meritis.

506 2338 526 2357 τε
587 2305 720 2370 Qua-
744 2307 985 2371 audistis,
1022 2307 1281 2362 subaudis
1316 2306 1648 2376 per'litteras
1678 2314 1913 2371 nostras,
1943 2306 2029 2360 vel
2057 2322 2087 2360 a

518 2398 741 2467 meipso,
790 2407 837 2452 et
881 2399 1102 2464 vidistis,
1144 2399 1198 2454 in
1244 2414 1441 2469 opere,
1478 2400 1589 2453 [uec
1629 2398 1766 2469 agite
1799 2413 1818 2451 .'
1859 2408 1906 2452 et
1951 2398 2088 2452 Deus

513 2488 658 2557 pacis
684 2489 780 2540 erit
806 2488 1086 2551 vobiscum,
1115 2490 1216 2543 hoe
1238 2498 1341 2552 est,
1368 2488 1508 2543 Deus
1529 2488 1619 2558 qui
1644 2498 1728 2543 est
1750 2498 1902 2559 pater
1921 2488 2087 2558 pacis,

513 2580 564 2633 id
594 2588 695 2645 est,
728 2578 938 2633 Domini
960 2580 1128 2635 nostri
1150 2578 1280 2634 Jesu
1303 2579 1505 2635 Christi
1525 2580 1618 2650 qui
1647 2588 1730 2635 est
1748 2593 1850 2652 pax
1881 2589 2087 2645 nostra,

513 2673 604 2742 qui
628 2673 755 2727 fecit
782 2682 1012 2743 utraque
1037 2687 1223 2726 unum.

583 2760 803 2816 Gavisus
824 2778 940 2817 sum
964 2773 1135 2815 autem
1157 2760 1453 2815 in'Domino
1473 2762 1813 2825 vehementer,
1844 2762 2089 2832 quoniam

513 2852 725 2906 tandem
773 2851 1079 2923 aliquando,
1128 2860 1234 2905 etc.
1288 2850 1347 2905 ln
1387 2850 1651 2920 principio
1691 2850 2091 2920 pranlicationis

512 2943 778 3013 Apostuli,
827 2943 1042 3011 quando
1087 2941 1463 3013 Philippenses
1486 2941 1857 3006 crediderunt,
1911 2940 2089 2995 maxi-

516 3048 660 3086 mam
706 3033 1095 3087 humanitatem
1127 3034 1473 3101 praebuerunt
1512 3031 1581 3097 ei,
1630 3031 2004 3086 ministrantes
2038 3032 2088 3086 ei

513 3125 635 3179 lano
663 3126 846 3179 animo
869 3140 988 3193 quae
1026 3125 1335 3180 necessaria
1363 3131 1547 3190 erant;
1592 3123 1688 3178 sed
1730 3137 1854 3178 cum
1891 3123 2091 3193 coepis-

495 3204 636 3269 sent
660 3213 1089 3284 persecutionem
1109 3214 1232 3283 Δυιιιί
1259 3229 1290 3267 a
1314 3213 1426 3269 suis
1454 3212 1665 3268 civibus
1685 3211 2013 3277 inﬁdelibus,
2037 3219 2092 3265 et

2176 2227 2317 2283 rege
2368 2213 2532 2267 dicta.
2558 2212 2620 2266 lu
2663 2213 2770 2268 hoc
2814 2226 2945 2283 ergo
2984 2212 3125 2281 quod
3153 2212 3335 2266 laudat
3372 2210 3775 2278 Philippenses,

2189 2304 2281 2371 qui
2334 2302 2381 2356 ei
2424 2302 2730 2357 necessaria
2778 2302 3065 2367 miserunt,
3125 2299 3473 2370 vituperabat
3522 2298 3666 2353 alios
3692 2300 3778 2366 qui

2190 2395 2238 2449 ei
2267 2394 2466 2449 nullum
2493 2394 2813 2464 obsequium
2845 2394 3207 2464 praabuerunt.
3251 2390 3317 2444 In
3346 2393 3559 2444 ratione
3594 2390 3707 2444 dati
3730 2397 3774 2443 et

2190 2487 2403 2555 accepti.
2436 2484 2708 2554 Quidquid
2747 2485 3008 2555 accipitur
3034 2484 3120 2537 vel
3151 2484 3313 2537 datur
3356 2482 3506 2535 ratio
3533 2481 3661 2535 inde
3682 2496 3773 2550 po-

2190 2584 2297 2630 test
2330 2590 2471 2630 esse.
2519 2574 2678 2630 Ratio
2707 2576 2819 2630 dati
2854 2582 2938 2630 est
2979 2576 3105 2645 quia
3149 2574 3255 2629 Scit
3297 2573 3462 2627 dator
3489 2572 3642 2641 quod
3667 2575 3772 2633 dat,

2189 2677 2282 2723 aut
2316 2678 2575 2737 Quantum
2623 2668 2734 2734 dat,
2788 2677 2882 2722 aut
2925 2668 3015 2723 cui
3047 2669 3160 2731 dat,
3211 2675 3393 2720 utrum
3439 2680 3668 2727 aurum,
3696 2680 3773 2716 an

2188 2762 2570 2816 vestimentum
2623 2763 2733 2827 det,
2785 2761 2982 2815 libram
3032 2760 3173 2826 auri,
3204 2768 3296 2814 aut
3339 2774 3569 2829 equum.
3622 2757 3776 2811 Ratio

2190 2850 2399 2920 accepti
2440 2859 2547 2915 est,
2595 2851 2721 2920 quia
2762 2850 2864 2906 scit
2895 2850 2983 2907 ille
3017 2850 3107 2920 qui
3146 2849 3341 2920 accipit
3367 2848 3658 2903 metallum
3682 2850 3775 2902 ati-

2190 2939 2319 3008 quid
2357 2948 2449 2993 aut
2487 2940 2886 3005 vestimentum,
2937 2949 3197 3010 quantum
3242 2939 3460 3009 accipit,
3518 2949 3575 2993 et
3606 2955 3639 2991 a
3669 2955 3773 3008 quo

2180 3031 2382 3100 accipit
2411 3048 2426 3098 ;
2458 3041 2510 3086 ct
2533 3042 2616 3086 est
2637 3046 2828 3086 sensus
2852 3031 2971 3086 :-Ex
2994 3031 3243 3086 omnibus
3268 3032 3333 3085 de
3368 3031 3575 3101 quibus
3602 3039 3777 3100 potest

2191 3137 2311 3178 esse
2334 3124 2473 3178 ratio
2499 3123 2610 3177 dati
2640 3132 2695 3178 et
2719 3123 2945 3194 accepti,
2980 3139 3086 3177 non
3130 3122 3589 3176 ministraverunt
3619 3124 3773 3185 mihi,

2182 3220 2319 3288 ‘quia
2349 3219 2448 3287 ipsi
2476 3217 2608 3273 nihil
2636 3219 2921 3283 dederunt,
2957 3227 3011 3272 et
3036 3232 3137 3288 ego
3172 3215 3305 3270 nihil
3328 3217 3522 3285 accepi

514 3281 763 3357 tribulari
796 3318 827 3357 a
871 3281 1328 3372 persecutoribus,
1359 3309 1771 3357 cessaverunta
1811 3301 2088 3355 ministra-
2118 3281 2163 3344 C
2213 3281 2229 3288 ’
2267 3281 2391 3363 Non
2432 3325 2609 3380 (μασι-ο
2663 3308 2867 3373 datum,
2907 3281 3170 3363 Vsubau'dis
3215 3281 3598 3360 tantummodo
3628 3347 3645 3369 ,
3692 3310 3779 3359 sed

514 3396 660 3451 tione
685 3414 698 3448 :
722 3408 897 3465 neque
915 3395 1060 3449 enim
1082 3401 1333 3464 poterant
1362 3393 1417 3448 in
1439 3393 1702 3448 sedi-tione
1731 3408 1796 3447 ac
1833 3407 2087 3462 persecu-

513 3488 663 3542 tione
707 3486 890 3557 positi,
938 3484 1174 3540 cilicium
1213 3484 1498 3540 charitatis
1546 3485 1621 3539 ita
1660 3484 1904 3554 implere,
1953 3485 2093 3540 sicut

514 3585 757 3645 tempore
795 3575 965 3644 pacis.
1006 3574 1141 3629 Cum
1180 3587 1312 3629 vero
1350 3572 1558 3628 reddita
1591 3579 1736 3627 esset
1783 3572 1890 3627 illis
1937 3580 2089 3626 tran-

496 3666 757 3736 quillitas
807 3664 1037 3720 Domino
1084 3662 1433 3735 suﬂ‘ragante,
1482 3663 1688 3719 reversi
1725 3671 1853 3719 sunt
1886 3665 1951 3718 ad
1976 3662 2091 3733 pri-

514 3756 717 3812 stinam
767 3758 1230 3812 conversationem
1255 3796 1272 3822 ,
1330 3764 1743 3827 coeperuntque-
1781 3756 2091 3812 ministrare

515 3848 773 3918 Apostolo
832 3848 1060 3919 aliisque
1110 3847 1316 3904 sanctis
1369 3862 1490 3917 qua:
1550 3848 1865 3904 necessaria.
1910 3856 2087 3903 erant.

519 3943 858 4012 Quapropter
898 3941 1203 4013 congaudet
1252 3939 1542 4011 Apostolus
1589 3939 1802 3995 illorum
1841 3939 2088 4003 bonitati,

432 4101 437 4107 ‘
514 4037 573 4088 et
603 4030 735 4088 dicit
767 4048 781 4085 :
810 4030 1045 4087 Gavisus
1084 4045 1204 4086 sum
1252 4030 1436 4096 valde,
1472 4029 1728 4099 quoniam
1771 4030 2009 4093 tandem,
2038 4028 2091 4084 id

508 4137 599 4184 est
629 4127 697 4182 ad
723 4127 994 4191 ultimum,
1021 4135 1116 4181 aut
1140 4127 1229 4181 vix
1260 4125 1549 4197 aliquando
1578 4124 1904 4194 reﬂoruistis,
1938 4124 1991 4179 id
2008 4131 2093 4177 est

486 4220 701 4274 liorem
729 4219 1008 4284 virtutum,
1036 4217 1357 4288 protulistis,
1385 4216 1589 4272 reversi
1613 4215 1679 4268 ad
1691 4216 1939 4283 priorem
1969 4230 2091 4269 con-

513 4308 880 4363 versationem
929 4317 987 4363 et
1035 4307 1508 4365 consuetudinem.
1552 4304 1865 4369 Floruistis,
1919 4304 1972 4358 id
2004 4313 2125 4359 est

486 4422 487 4425 η
514 4399 705 4454 liorem
740 4398 894 4453 bona:
931 4398 1270 4468 operationis
1285 4395 1614 4466 protuiistis,
1644 4395 1705 4450 id
1730 4403 1814 4450 est
1841 4393 2090 4449 allectum

514 4489 820 4546 dilectionis
871 4505 998 4561 erga
1048 4505 1135 4546 me
1183 4489 1440 4545 exhibere
1463 4486 1733 4557 coepistis,
1783 4486 1926 4541 sicut
1965 4492 2092 4539 ante

2195 3399 2397 3469 requiro
2422 3397 2671 3466 fructum,
2708 3397 2760 3453 id
2802 3408 2885 3452 est
2912 3395 3344 3452 benevolentiam
3368 3406 3435 3451 Bt
3458 3396 3775 3467 benignita-

2184 3500 2299 3545 tem
2331 3489 2520 3555 animi,
2550 3488 2901 3542 abundantem
2928 3489 2983 3541 in
3003 3487 3239 3543 oratione
3270 3497 3465 3549 vestra,
3500 3487 3558 3541 id
3586 3498 3678 3541 est.
3710 3489 3775 3540 ad

2180 3579 2480 3634 utilitatem
2520 3587 2777 3633 vestram.
2809 3578 3035 3644 Quidam
3062 3577 3284 3633 codices
3307 3577 3517 3632 habent
3549 3598 3562 3630 :
3592 3577 3775 3631 Abun-

2192 3672 2410 3726 dantem
2459 3672 2511 3726 in
2532 3671 2784 3726 aratione
2812 3679 3010 3725 vestra.
3054 3668 3247 3726 Oratio
3290 3669 3565 3740 Apostoli,
3600 3673 3774 3724 oratio

2193 3762 2613 3832 Philippensium
2640 3770 2780 3826 erat,
2810 3761 2935 3830 quia
2956 3775 3062 3831 pro
3085 3760 3193 3816 illis
3218 3761 3441 3845 orabat;
3460 3761 3533 3815 Et
3560 3763 3777 3831 quando

2191 3853 2422 3922 quilibet
2444 3862 2565 3906 orat
2585 3867 2685 3922 pro
2714 3852 2914 3922 aliquo,
2946 3852 2991 3907 si
3026 3852 3138 3907 vita
3173 3851 3318 3908 illius
3349 3854 3557 3907 munda
3590 3853 3772 3913 fuerit.

2191 3960 2292 4013 pro
2314 3960 2421 4015 quo
2459 3952 2671 4010 oratur,
2699 3944 2943 4000 sublevat
2977 3945 3281 4000 orationem
3319 3938 3693 4014 deprecantis,
3723 3957 3777 3999 ut

2192 4050 2223 4089 a
2246 4034 2364 4090 Deo
2391 4035 2727 4100 exaudiatur,
2755 4035 2895 4089 sicut
2928 4045 3173 4091 econtra
3207 4035 3316 4089 vita
3347 4033 3490 4088 mala
3537 4035 3661 4103 ejus
3681 4051 3779 4105 pro

2192 4142 2300 4196 quo
2349 4137 2538 4182 oratur
2572 4128 2794 4197 impedit
2840 4128 3141 4183 omtionem
3175 4127 3320 4181 illius
3362 4128 3455 4197 qui
3502 4142 3610 4196 pro
3662 4130 3777 4199 ipso

2191 4228 2330 4276 orat.
2364 4218 2517 4275 Unde
2555 4220 2687 4275 dicit
2714 4220 2969 4275 Dominus
2995 4219 3242 4275 Jeremize
3274 4237 3287 4272 :
3324 4217 3451 4273 Noli
3501 4229 3665 4275 orare
3686 4239 3775 4289 pro

2189 4308 2381 4380 papula
2407 4310 2527 4375 hoc,
2573 4310 2697 4380 quia
2739 4326 2842 4364 non
2889 4311 3171 4363 exaudiam
3217 4320 3266 4363 te
3302 4308 3440 4380 (λετ.
3476 4310 3603 4380 vn).
3637 4311 3777 4381 Ergo

2189 4401 2333 4456 beati
2362 4402 2510 4461 Pauli
2542 4401 2717 4457 oratio
2737 4416 2898 4471 quam
2921 4416 3019 4472 pro
3049 4401 3152 4456 illis
3180 4400 3459 4466 fundebat,
3490 4402 3639 4456 bona
3670 4404 3773 4455 vita

2192 4490 2406 4545 illorum
2432 4481 2832 4546 sublevabatur’.
2858 4490 3013 4546 Unde
3038 4491 3169 4545 dicit
3198 4509 3212 4544 :
3243 4489 3355 4545 Non
3394 4493 3621 4561 requiro
3652 4502 3773 4546 tan-

516 4580 871 4636 exhibebatis.
906 4580 1159 4651 Occupati
1189 4589 1365 4633 autem
1391 4579 1573 4643 eratis,
1601 4577 1858 4633 subaudis
1888 4577 1941 4630 in
1970 4584 2090 4644 petr-
2118 4631 2166 4651 n
2192 4581 2470 4635 tummodo
2501 4580 2708 4644 datum,
2756 4581 2849 4635 sed
2891 4581 3108 4650 requiro
3136 4580 3569 4635 benevolentiam
3603 4592 3663 4636 et
3692 4583 3777 4636 be-

517 4674 793 4730 secutioue
845 4674 1065 4730 civium.
1106 4673 1341 4729 Excusat
1380 4685 1475 4727 eos
1511 4669 1693 4735 modo,
1741 4669 1924 4725 dicens
1956 4685 1968 4721 :
2000 4664 2085 4722 in.

515 4765 707 4837 dulgeo
731 4768 886 4824 vobis
913 4768 960 4823 si
989 4767 1059 4822 ad
1088 4777 1304 4836 tempus
1345 4764 1476 4820 illud
1508 4764 1789 4830 omisistis,
1830 4763 1956 4833 quia
1999 4763 2089 4818 de-

512 4859 648 4913 tenti
680 4861 847 4916 eratis
877 4860 931 4914 in
961 4860 1338 4929 persecutione
1364 4857 1731 4912 inimicorum.

522 4970 527 4979 ο
603 4948 728 5004 Non
770 4950 922 5020 quasi
963 4959 1172 5020 propter
1196 4948 1489 5018 penuriam,
1517 4947 1572 5002 id
1598 4953 1684 5002 est
1714 4944 2087 5015 indigentiam,

520 5040 627 5095 hoc
642 5041 760 5093 dico
776 5056 794 5105 ;
820 5056 912 5110 ego
924 5039 1233 5109 enim_didici
1259 5040 1313 5091 in
1325 5037 1512 5108 quibus
1524 5054 1640 5092 sum
1652 5076 1666 5102 ,
1680 5036 1935 5107 sufﬁciens
1958 5051 2089 5101 esse,

520 5131 579 5185 id
608 5139 715 5197 est,
750 5146 850 5202 ego
881 5132 995 5187 scio
1024 5132 1079 5185 in
1123 5131 1321 5202 quibus
1348 5144 1566 5199 possum
1592 5129 1969 5186 sullicientiam
2000 5129 2096 5183 ba-

515 5224 671 5289 bere,
697 5224 824 5294 quia
852 5223 966 5280 scio
994 5222 1348 5294 indigentiam
1369 5222 1637 5293 patienter
1663 5222 1829 5287 ferre,
1851 5229 1908 5277 et
1929 5218 2095 5275 abun.

476 5342 479 5347 -
519 5315 761 5371 dantiam
787 5331 910 5371 cum
941 5315 1298 5385 temperantia
1323 5314 1635 5385 disponere.
1660 5314 1814 5369 Multi
1849 5320 1981 5369 sunt
2001 5311 2093 5382 qui

516 5406 679 5474 positi
715 5407 768 5462 in
794 5416 1131 5479 paupertate,
1160 5407 1414 5463 nesciunt
1439 5420 1561 5462 eam
1602 5406 1877 5476 patienter
1908 5402 2053 5460 ferre
2077 5420 2090 5457 :

516 5505 575 5553 et
602 5506 729 5554 sunt
749 5499 1009 5570 multiqui
1027 5499 1188 5571 positi
1212 5500 1267 5555 in
1293 5498 1644 5563 abundantia,
1674 5497 1923 5553 nesciunt
1954 5502 2093 5550 tem-

518 5587 819 5654 perantiam
844 5587 1064 5654 habere,
1086 5588 1183 5644 sed
1204 5588 1499 5644 comedunt
1520 5595 1578 5643 et
1604 5586 1797 5641 bibunt
1816 5586 1957 5642 ultra
1980 5601 2096 5642 mo-

514 5677 672 5745 dum,
701 5688 758 5736 et
795 5690 1021 5737 utuntur
1045 5682 1131 5737 his
1151 5681 1351 5751 quibus
1370 5681 1654 5736 abundant
1686 5679 2044 5751 intemperata
2077 5696 2093 5735 :

518 5782 752 5841 quorum
785 5786 1013 5826 numero
1033 5780 1152 5826 erat
1172 5771 1466 5840 Apostolus
1487 5769 1717 5826 alienus.

515 5912 526 5922 _
586 5855 721 5923 ,Scio
743 5858 1106 5927 ethumiliari,
1152 5860 1206 5915 id
1218 5869 1309 5939 est
1335 5859 1450 5932 scio
1496 5859 1779 5931 penuriam
1828 5861 2098 5932 patienter

2116 4631 2167 4691 Ι)

2194 4672 2513 4743 trignitatem
2543 4672 2909 4728 abundantem
2938 4672 2992 4727 in
3016 4673 3260 4727 oratione
3295 4681 3498 4738 vestra,
3534 4674 3590 4728 id
3614 4684 3775 4728 estut

2196 4773 2375 4819 vestra
2384 4763 3112 4827 veluntatesublevctoratio,
3128 4778 3289 4832 quam
3303 4778 3403 4833 pro
3418 4764 3580 4818 vobis
3594 4763 3774 4817 imula.

2252 4852 2448 4908 Habeo
2482 4864 2657 4908 autem
2687 4855 2882 4919 omnia,
2916 4863 2965 4908 et
2990 4853 3218 4908 abundo.
3269 4852 3361 4908 llle
3387 4854 3578 4908 onitiia
3617 4854 3776 4907 habet

2194 4944 2289 5015 qui
2316 4944 2463 4999 nullo
2490 4944 2715 5014 indiget,
2737 4944 2829 5013 qui
2860 4955 3056 5013 praeter
3081 4960 3243 4999 neces
3272 4944 3385 4998 aria
3423 4943 3566 4998 nihil
3594 4944 3775 5013 requi-

2199 5039 2287 5092 rit.
2326 5035 2569 5105 llepletus
2607 5052 2741 5097 sum,
2789 5036 2982 5105 inquit,
3015 5036 3270 5091 subaudis
3297 5034 3446 5090 omni
3495 5035 3777 5089 abundan-

2196 5127 2293 5192 tia,
2330 5126 2556 5197 acceptis
2590 5130 2657 5180 ab
2701 5125 3081 5197 Epaphrodito,
3128 5125 3385 5180 subaudis
3437 5125 3773 5183 muneribus.

2194 5234 2333 5290 qute,
2360 5218 2618 5274 subaudis
2657 5226 2905 5282 munera,
2957 5219 3171 5272 misistis
3210 5218 3357 5272 mihi.
3404 5216 3672 5272 Miseram
3703 5217 3775 5271 ilﬁ

2194 5309 2570 5381 Philippenses
2603 5318 2697 5365 aut
2749 5324 2962 5375 aurum,
3015 5319 3109 5365 aut
3150 5320 3456 5382 argentum,
3495 5321 3596 5366 aut
3619 5298 3777 5366 reati-

2196 5412 2397 5466 menta,
2431 5416 2525 5471 per
2574 5401 3016 5471 Epaphroditum,
3073 5400 3129 5454 in
3172 5400 3370 5470 quibus
3413 5401 3506 5456 ille
3549 5401 3775 5456 multum

2195 5491 2406 5547 laetatus
2430 5500 2487 5545 et
2514 5489 2813 5561 gratulatus
2834 5496 2936 5554 est,
2962 5503 3070 5543 non
3095 5495 3204 5542 tam
3233 5503 3333 5559 pro
3355 5502 3453 5542 sua
3489 5504 3653 5559 quam
3678 5500 3777 5559 pro

2196 5582 2424 5638 aliorum
2451 5580 2793 5637 necessitate.
2826 5579 2894 5634 In
2921 5580 3133 5635 odorem
3154 5580 3447 5633 suauitatis.
3478 5580 3627 5636 Odor
3648 5592 3775 5633 suae

2196 5673 2377 5729 vitatis
2425 5681 2509 5728 est
2549 5670 2691 5743 apud
2738 5671 2932 5736 Deum,
2982 5671 3213 5726 intentio
3248 5671 3388 5725 bona
3430 5681 3489 5723 et
3531 5670 3777 5723 voluntas

2195 5766 2594 5838 promptissima
2639 5763 2938 5829 oll‘erentis,
2970 5763 3037 5818 de
3076 5777 3181 5832 qua
3217 5762 3450 5831 legimus
3475 5761 3527 5815 iu
3557 5758 3771 5819 Genesi.

2197 5862 2319 5929 quia
2392 5859 2648 5915 odoratus
2707 5866 2792 5912 est
2849 5856 3070 5912 odorem
3129 5853 3413 5917 suavitatis
3476 5851 3774 5915 Dominus.
