3996 6498
282 435 393 495 753

1071 436 1432 497 exeosmo
1469 439 1534 494 IN
1572 439 1723 496 EPP.
1768 441 1828 496 s.
1869 440 2094 497 PAULI.
2127 398 2202 482 ’-
2239 443 2305 498 lN
2345 444 2563 500 EPIST.
2601 445 2693 501 AD
2724 444 2880 505 COL.

3391 436 3501 505 754,
3590 442 3593 445 ’

281 545 677 618 quando'Noe
704 546 898 603 obtulit
943 548 1271 604 sacriﬁcium
1322 549 1451 615 Deo,
1481 567 1740 621 egressus.
1787 551 1853 606 de
1882 555 1929 614 Α
2028 552 2269 607 Salutate
2307 573 2509 610 omnem
2554 567 2815 623 sanctum,
2848 558 2898 613 id
2947 569 3029 615 est
3056 571 3271 614 omnem
3295 548 3507 615 sanetiti

281 650 434 694 arca.
471 636 586 694 Non
612 638 755 693 enim
787 647 871 695 est
894 639 1188 709 putandum
1215 640 1359 708 quod
1404 639 1661 696 Dominus
1684 640 1860 696 omni-

1958 647 2137 702 catum
2188 641 2240 694 in
2290 644 2628 713 baptismate,
2673 646 2757 700 vel
2784 646 2875 716 qui
2907 648 3025 702 sine
3049 646 3297 714 crimine,
3325 648 3517 704 et'sinr

278 735 476 798 potens
493 726 765 783 sacriﬁcio
795 728 1136 784 victimarum
1167 738 1222 785 et
1246 729 1398 789 fumo
1423 730 1669 785 carnium
1696 739 1859 800 atque
1956 734 2189 804 graviori
2219 745 2440 804 peccato
2482 735 2691 791 ﬂorent.
2738 739 2969 793 Matrinia
2997 748 3171 793 autent
3205 740 3296 809 qui
3318 734 3383 792 di:
3404 738 3518 795 Cie—

277 815 471 875 nidore
493 817 838 890 pinguedinis
866 819 1186 886 delectetur,
1218 822 1311 876 sed
1327 821 1623 877 intentione
1635 822 1775 877 bona
1801 829 1856 878 et

276 908 568 967 voluntate
606 912 1009 983 promptissima
1033 912 1331 970 offerentis.
1363 912 1422 969 Si
1452 915 1600 989 enim
1620 913 1772 968 fumo
1800 921 1856 969 et

278 1001 467 1058 nidore
509 1002 754 1061 carnium
798 1001 1160 1073 delectaretur
1181 1044 1198 1072 ,
1255 1020 1593 1076 nequaquam
1649 1006 1853 1062 diceret

273 1108 374 1165 per
419 1092 738 1163 prophetam
794 1110 809 1150 :
879 1092 1159 1151 Sacriﬁcia
1222 1105 1400 1157 vestra
1462 1096 1631 1153 odivit
1670 1097 1848 1153 anima

272 1198 416 1240 mea.

342 1272 488 1328 Deus
502 1285 675 1331 autem
695 1293 838 1331 meus
864 1277 1074 1347 impleat
1085 1294 1246 1334 omne
1268 1281 1583 1336 desiderium
1597 1290 1844 1337 vestrum.

270 1361 401 1417 Tale
445 1364 768 1421 desiderium
820 1368 1089 1424 habebant
1119 1370 1511 1442 Pbilippenses,
1539 1382 1600 1427 ut
1626 1374 1757 1429 socii
1790 1381 1847 1428 et

267 1458 683 1529 comparticipes
729 1472 1011 1517 merentur
1054 1462 1172 1517 fieri
1208 1463 1352 1523 beati
1380 1464 1641 1536 Apostoli,
1679 1474 1735 1521 et
1762 1476 1843 1523 est

264 1562 460 1604 sensus
491 1568 506 1604 :
536 1550 833 1618 Concedat,
862 1562 1189 1624 praestetque
1233 1555 1376 1612 Deus
1416 1573 1591 1621 meus,
1625 1565 1683 1611 ut
1703 1558 1846 1613 sicut

264 1638 562 1713 participes
587 1642 718 1696 estis
749 1643 1017 1712 passionis
1054 1661 1188 1702 mete
1220 1656 1276 1702 et
1301 1648 1598 1703 condoletis
1618 1648 1843 1704 tribula-

266 1728 507 1784 tionibus
536 1732 694 1798 meis,
733 1734 808 1788 ita
838 1735 957 1791 sitis
1002 1737 1291 1808 participes
1318 1740 1661 1809 praemiorum
1693 1756 1844 1798 meo-

263 1836 403 1885 rum,
435 1831 492 1876 et
518 1828 907 1897 congaudeatis
942 1829 1142 1886 laetitiae
1180 1846 1333 1887 mete.
1378 1830 1444 1886 Et
1469 1832 1704 1903 qualiter
1744 1834 1839 1889 fiet

1954 827 2089 879 saris
2111 826 2264 878 domo
2284 836 2425 879 sunt.
2452 826 2629 893 Quare
2664 829 2867 883 addidit
2900 849 2911 883 :
2938 829 3170 883 Maxime
3199 837 3381 887 autem
3407 831 3520 886 illos

1950 916 2043 987 qui
2095 915 2161 971 de
2207 915 2438 973 Caesaris
2471 918 2630 972 domo
2679 920 2839 974 sunt?
2885 930 2942 974 ut
2985 919 3103 978 illos
3150 920 3521 992 Philippenscs

1949 1018 2169 1064 acueret
2207 1018 2263 1064 et
2309 1009 2590 1079 instigaret
2632 1013 2699 1067 ad
2722 1000 2891 1068 ﬁdem
2922 1016 3262 1082 servandam,
3287 1024 3343 1071 et
3367 1004 3522 1071 bonis

1947 1096 2201 1174 operibus
2247 1096 2618 1163 laborandum,
2649 1101 2804 1169 quasi
2844 1101 3048 1158 diceret
3090 1120 3102 1157 :
3137 1103 3181 1167 Ο
3210 1103 3507 1174 Philippi-n-

1947 1199 2054 1251 ses,
2098 1172 2359 1242 attendite
2405 1205 2417 1240 :
2459 1188 2506 1243 si
2540 1188 2614 1243 illi
2644 1190 2736 1260 qni
2771 1192 3107 1261 apparitores
3132 1201 3260 1247 sunt
3288 1172 3517 1263 impera-

1946 1274 2100 1341 toris,
2133 1283 2189 1330 et
2215 1276 2265 1332 ei
2294 1291 2507 1349 semper
2539 1279 2794 1334 assistere
2816 1279 3015 1335 debent
3040 1280 3093 1334 in
3130 1281 3330 1351 palatio
3352 1282 3514 1346 illius,

1944 1367 2167 1423 veniunt
2193 1369 2259 1423 ad
2287 1367 2444 1425 ﬁdem
2466 1385 2567 1441 pro
2593 1371 2759 1427 nihilo
2780 1371 3094 1441 deputantes
3122 1373 3256 1426 iram
3281 1374 3515 1443 impera»

1944 1455 2100 1522 toris,
2121 1464 2177 1512 et
2205 1457 2429 1513 viriliter
2454 1460 2508 1514 in
2536 1458 2641 1515 ﬁde
2668 1468 2725 1514 et
2748 1460 2992 1516 doctrina
3016 1460 3286 1525 laborant,
3310 1473 3512 1532 quanto

1942 1547 2115 1619 magis
2158 1563 2256 1606 vos
2295 1551 2504 1607 debetis
2550 1550 2779 1609 ferventi
2821 1552 3001 1607 animo
3051 1552 3210 1608 ﬁdem
3267 1562 3511 1619 servare,

1938 1639 2097 1695 bonis
2145 1642 2399 1711 operibus
2445 1643 2717 1710 insistere,
2759 1644 2852 1714 qui
2901 1644 3057 1713 longe
3086 1644 3155 1699 ab
3191 1644 3311 1699 aula
3344 1645 3509 1715 regali

1940 1733 2133 1788 remoti
2187 1735 2337 1800 estis,
2393 1750 2567 1807 neque
2621 1735 3098 1806 terremini.jussu
3153 1736 3507 1806 malignorum

1938 1824 2262 1896 principum.
2310 1827 2444 1882 Nam
2489 1837 2741 1885 manente
2789 1828 3047 1898 Apostolo
3085 1827 3142 1882 in
3185 1842 3405 1884 carcere
3452 1828 3510 1884 in

260 1909 441 1965 istud?
477 1910 775 1969 Secundum
804 1919 1012 1974 divitias
1040 1937 1168 1975 sua:
1193 1922 1249 1975 in
1272 1921 1441 1993 gloria
1460 1932 1680 1979 aeterna.
1706 1923 1837 1991 Qua}
1866 1905 1914 1965 Β
1941 1915 2100 1970 domo
2127 1916 2484 1986 imperator“:
2515 1918 2667 1972 ωυίιί
2695 1932 2763 1973 ex
2783 1919 2943 1973 domo
2970 1916 3199 1972 οπδθτίε
3221 1918 3510 1973 veniebam

257 2009 389 2056 sunt
422 2002 526 2059 illae
569 2005 808 2062 divitiae?
835 2008 980 2076 Quas
1016 2011 1205 2067 oculus
1235 2028 1343 2067 non
1369 2013 1523 2078 vidit,
1549 2029 1648 2069 nec
1685 2015 1834 2070 auris

258 2093 486 2160 audivit,
530 2112 630 2153 nec
676 2099 733 2154 in
785 2114 881 2155 cor
928 2101 1165 2157 hominis
1202 2104 1579 2169 ascenderunt,
1626 2105 1677 2158 id
1724 2112 1829 2168 est,

251 2181 452 2251 gaudia
482 2192 683 2241 aeterna
717 2197 774 2244 et
810 2189 1032 2259 praemia
1057 2190 1174 2246 sine
1208 2189 1315 2246 ﬁne
1339 2205 1614 2247 mansura.
1640 2191 1708 2246 Et
1730 2192 1832 2249 hoc

256 2288 313 2327 ιιι
342 2272 558 2332 Christo
582 2277 732 2345 Iesu,
765 2280 875 2350 hoc.
895 2289 1003 2347 est,
1034 2296 1131 2352 per
1158 2281 1432 2338 Christum
1459 2282 1663 2338 Iesum.

327 2362 439 2418 Deo
466 2377 640 2421 autem
668 2378 715 2423 et
738 2370 893 2425 Patri
923 2382 1124 2436 nostro,
1147 2373 1200 2429 id
1226 2382 1311 2429 est
1348 2382 1550 2431 sach
1574 2375 1841 2445 Trinitati.

255 2468 377 2522 qua:
401 2470 542 2512 unus
569 2457 711 2517 Deus
736 2468 843 2526 est,
871 2472 1086 2517 maneat
1107 2463 1279 2519 honor
1306 2463 1360 2524 in
1386 2464 1579 2529 saecula
1605 2465 1828 2532 saeculo-

256 2560 401 2612 rum,
439 2547 495 2603 id
522 2558 607 2605 est
630 2567 727 2622 per
755 2553 936 2609 omnia
965 2552 1383 2623 futura_.‘s.'ecula.

1941 2005 2009 2059 ad
2037 2020 2159 2060 eum
2197 2025 2209 2060 :
2243 2016 2299 2062 et
2325 2008 2468 2063 docti
2498 2009 2567 2065 ab
2606 2008 2721 2074 illo,
2762 2006 3181 2079 baptizabantur
3218 2008 3271 2063 in
3300 2017 3510 2063 tantum

1939 2107 1997 2153 ut
2025 2099 2155 2169 (jam
2183 2104 2440 2175 diximus)
2471 2105 2690 2160 domum
2734 2105 3101 2176 persecutoris
3141 2103 3383 2160 facerent
3407 2103 3508 2159 Ec-

1935 2191 2157 2247 clesium
2186 2194 2576 2266 Redemptoris.
3248 2202 3257 2209 ‘

2017 2283 2197 2340 Cretia
2225 2286 2457 2351 Domini,
2479 2287 2531 2342 id
2556 2296 2642 2345 est
2665 2286 2797 2343 ﬁdes
2821 2278 2905 2343 vel
2934 2288 3098 2354 salus,
3129 2295 3184 2343 et
3212 2287 3508 2356 redemptio

1935 2387 2098 2446 atque
2162 2375 2410 2431 remissio
2464 2384 2808 2445 peccatorum
2870 2383 3087 2431 maneat
3149 2392 3266 2430 cum
3318 2377 3506 2447 spiritu

1934 2476 2120 2532 πτειν-ο,
2147 2465 2202 2521 id
2221 2474 2304 2522 est
2329 2466 2383 2521 in
2412 2467 2577 2522 corde
2596 2476 2777 2523 vestro
2802 2476 2859 2523 et
2875 2477 3092 2523 mente:
3124 2468 3248 2538 quia
3279 2468 3323 2523 si
3356 2482 3507 2522 man-

1934 2558 2067 2614 serit
2095 2558 2148 2610 in
2178 2564 2379 2622 mente,
2411 2558 2651 2613 manebit
2671 2566 2726 2612 ct
2755 2558 2809 2613 in
2837 2558 3018 2623 corde,
3049 2566 3153 2613 etc.
3475 2575 3481 2581 ν

996 2832 1118 2910 σιΝ
1197 2798 1779 2924 EPISTOLAM
1816 2857 1820 2861 <
1854 2832 1989 2908 AD
2063 2828 2782 2912 COLOSSENSES.

1648 2987 1789 2998 ἡ

775 3064 1001 3122 CAPUT
1029 3065 1319 3136 PRIMUM,

324 3193 629 3264 Mysterium
655 3193 794 3265 quod
821 3193 1177 3255 absconditum
1224 3194 1324 3263 fuit

245 3283 626 3350 narrationibus.
679 3283 988 3356 Mysterium
1031 3285 1416 3340 incarnationis
1458 3285 1826 3354 passionisque

244 3370 370 3429 Filii
400 3375 492 3429 Dei
524 3384 577 3431 et
621 3375 1000 3445 redemptionis
1041 3375 1252 3446 generis
1285 3375 1501 3430 humani
1545 3375 1826 3430 abscondi-

245 3475 361 3519 tum
391 3465 495 3519 fuit
545 3465 622 3534 ah
662 3465 814 3520 initio
844 3466 1025 3521 mundi
1078 3466 1410 3536 sapientibus
1434 3465 1594 3536 hujus
1621 3464 1822 3531 smculi,
1858 3532 1863 3537 η

242 3556 569 3625 patriarchis
589 3564 766 3611 autem
786 3566 840 3612 et
861 3556 1135 3628 prophetis
1165 3557 1391 3628 aliisque
1415 3556 1825 3643 quamplurimis
1860 3616 1863 3619 λ

240 3643 406 3718 iustis
433 3645 757 3714 patefactum
780 3653 884 3701 est.

321 3737 474 3803 Quod
515 3748 588 3794 est
634 3736 893 3805 Christus,
940 3740 1013 3793 in.
1039 3738 1183 3797 vobis
1202 3756 1316 3809 spes
1339 3739 1539 3810 glarite.
1579 3738 1826 3795 Christus

242 3836 332 3887 est
355 3843 477 3897 spes
504 3828 688 3899 gloriae
715 3829 1031 3894 electorum,
1081 3829 1208 3898 quia
1259 3829 1567 3899 quicunque
1595 3828 1825 3883 ﬁrmiter

244 3918 452 3989 ineunt
475 3918 721 3981 credunt,
749 3926 966 3986 sperant
1015 3933 1075 3973 se
1104 3928 1420 3987 accepturos
1464 3918 1631 3972 vitam
1669 3927 1825 3973 aster-

243 4026 395 4082 nam,
419 4018 473 4064 et
498 4009 722 4079 gloriam
749 4023 911 4078 quam
941 4010 1056 4079 ipse
1076 4010 1343 4077 promisit.

319 4099 668 4170 Carripientes
716 4114 921 4154 omnem
959 4099 1242 4153 hominem.
1276 4098 1505 4155 Omnem
1549 4098 1824 4155 hominem

244 4191 508 4244 debemus
552 4189 641 4244 hic
667 4189 963 4260 intelligere
989 4189 1229 4245 Judaeum
1255 4198 1311 4245 et
1342 4190 1618 4260 gentilem,
1641 4189 1825 4245 'domi-

246 4293 378 4331 num
390 4287 692 4346 etservum,
717 4279 881 4335 ditem
902 4288 958 4334 et
973 4295 1281 4350 pauperem,
1301 4296 1624 4350 omnemque
1636 4296 1821 4337 sexum

241 4378 301 4424 et
329 4370 713 4436 conditionem,
734 4371 929 4441 quibus
949 4378 1272 4441 praeceptum
1301 4379 1387 4428 est
1412 4371 1666 4442 apostolis
1687 4388 1824 4443 prte-

241 4459 444 4514 dicare.
465 4458 735 4531 Sedfquod
754 4460 922 4529 dicit:
944 4450 1293 4532 corripientes
1311 4476 1514 4517 omnem
1538 4463 1818 4528 hominem,

1798 2984 2117 3002 ἡ

1931 3081 2074 3129 nem,
2112 3063 2337 3121 alterum
2383 3066 2449 3120 ad
2500 3067 2804 3135 conﬂictum
2861 3067 3115 3145 hostium.
3147 3068 3378 3133 Laboro,
3425 3068 3508 3125 in-

1372 3210 1404 3248 a
1430 3194 1641 3250 meum
1666 3206 1713 3248 et
1736 3212 1824 3265 ge.
1853 3180 1897 3240 ρ
1928 3157 2064 3226 quit,
2086 3157 2153 3210 ad
2181 3158 2633 3227 prmdicationem,
2659 3158 2914 3216 certando
2940 3168 3125 3212 contra
3148 3158 3332 3212 hostes
3349 3158 3505 3211 Chri-

1929 3249 2015 3310 sti,
2040 3257 2095 3304 et
2130 3249 2232 3311 hoc
2252 3264 2355 3303 non
2381 3251 2516 3304 meis
2546 3250 2772 3315 viribus,
2811 3264 2983 3319 neque
3019 3267 3135 3304 mea
3162 3251 3375 3313 virtute,
3409 3250 3505 3322 sed

1928 3341 2221 3395 secundum
2244 3338 2386 3409 quod
2413 3340 2528 3409 ipse
2547 3340 2677 3394 mihi
2715 3354 2871 3409 opem
2904 3323 3113 3394 tribuii.

2547 3493 2773 3551 CAPUT
2810 3494 2855 3549 Il

2006 3631 2138 3688 Volo
2158 3635 2294 3689 enim
2323 3651 2410 3691 vos
2440 3634 2593 3699 scire,
2616 3649 2648 3688 ο
2674 3634 3038 3699 Colossenses,
3076 3634 3280 3704 qualem
3304 3636 3502 3689 soilioi—

1925 3724 2160 3778 tudinem
2211 3725 2428 3779 habeam
2477 3741 2573 3793 pro
2602 3725 2761 3779 vobis.
2817 3723 3132 3791 Sollicitudo
3158 3738 3239 3779 est
3267 3727 3501 3783 maxima

1926 3830 2077 3870 cura.
2104 3815 2301 3881 Beatus
2347 3830 2479 3884 ergo
2504 3815 2789 3884 Apostolus
2815 3814 3059 3870 eamdem
3090 3815 3501 3872 sollicitudinem

1924 3915 1976 3961 et
2007 3908 2240 3961 studium
2269 3908 2490 3976 gerebat
2531 3908 2596 3961 de
2641 3908 2748 3962 illis
2790 3909 2880 3978 qui
2937 3908 3267 3962 docebantur
3293 3908 3363 3962 ab
3388 3907 3502 3978 ejus

1926 4000 2223 4069 discipulis,
2263 4009 2318 4054 et
2347 4002 2413 4056 ad
2460 4016 2598 4071 quos
2625 4001 2740 4071 ipse
2784 4002 3030 4059 mittebat
3075 4003 3350 4070 epistolas,
3376 4003 3504 4058 licet

1926 4092 2043 4161 ipse
2063 4106 2158 4146 eos
2185 4107 2409 4161 corpore
2440 4107 2545 4146 non
2573 4092 2815 4157 vidisset,
2868 4102 3027 4161 quam
3074 4092 3394 4148 habebatex
3420 4094 3503 4146 his

1925 4196 2061 4251 quos
2089 4180 2306 4250 proprio
2340 4196 2436 4236 ore
2474 4181 2722 4236 docebat.
2755 4181 2879 4236 ideo
2922 4192 3101 4236 autem
3145 4181 3271 4235 talia
3314 4180 3503 4252 loque-

1924 4271 2084 4325 batur
2110 4270 2453 4331 blandiendo,
2502 4279 2562 4325 ut
2613 4272 2825 4326 illorum
2877 4272 3085 4327 animos
3131 4271 3413 4337 mulceret,
3451 4282 3505 4328 et

1926 4361 2218 4430 Epistulam
2249 4362 2366 4431 (ἠως
2405 4362 2725 4432 reciperent.
2762 4362 2826 4415 Et
2853 4380 2946 4431 pro
2975 4363 3055 4417 his
3081 4364 3173 4434 qui
3193 4372 3314 4416 sunt
3359 4362 3501 4417 Lao-

1923 4453 2095 4507 diciw.
2122 4452 2375 4507 Laodicia
2406 4463 2489 4508 est
2528 4455 2719 4508 civitas
2745 4455 2986 4509 ercim.
3021 4453 3294 4508 lnstructi.
3326 4454 3382 4508 Id
3418 4465 3503 4509 est

241 4550 478 4620 pertinet
507 4530 583 4604 ad
600 4526 842 4621 ingratos
859 4526 923 4612 ,et
958 4526 1257 4624 superbos;
1282 4559 1340 4607 et
1373 4551 1516 4621 quod
1540 4550 1687 4616 dicit,
1719 4526 1816 4604 do;
1850 4526 1901 4586 Ῑ)
1922 4543 2122 4598 ﬁrmati
2146 4550 2202 4597 et
2228 4544 2390 4600 docti.
2415 4543 2483 4598 In
2520 4545 2795 4599 charitate.
2824 4544 2881 4600 Id
2901 4553 2984 4599 est
3012 4546 3063 4599 in
3091 4543 3379 4624 dilectione
3406 4545 3501 4599 Dei

240 4649 435 4703 centes,
483 4640 718 4708 pertinet
763 4641 831 4696 ad
870 4640 1103 4701 humiles
1151 4648 1206 4696 et
1250 4638 1539 4714 subjectos.
1577 4639 1645 4693 In
1678 4642 1820 4695 omni

239 4731 516 4799 sapientia.
559 4730 616 4785 ld
655 4739 738 4787 est
784 4732 837 4786 in
878 4731 980 4789 title
1025 4743 1224 4787 Sancta:
1272 4730 1570 4797 Trinitatis,
1612 4732 1666 4785 in
1713 4747 1819 4800 qua

205 4825 209 4828 ’
238 4832 325 4879 est
353 4824 530 4878 omnis
555 4824 839 4894 sapientia.
869 4823 1163 4893 Perfectum
1189 4824 1242 4876 in
1285 4822 1491 4877 Christo
1517 4822 1665 4878 Iesu.
1704 4822 1817 4879 Hoc

206 4912 219 4921 ”
238 4922 328 4969 est
369 4914 424 4968 in
477 4914 580 4973 ﬁde
607 4914 733 4970 Jesu
780 4913 1019 4978 Christi,
1048 4913 1368 4968 secundum
1398 4914 1538 4983 quod
1582 4913 1637 4968 in
1681 4928 1820 4987 pras-

238 5003 384 5065 senti
420 5004 616 5083 satcnlo
639 5012 814 5074 petest
849 5003 1077 5074 quilibet
1125 5003 1332 5060 electus
1376 5002 1648 5074 perfectus
1673 5019 1813 5060 esse.

230 5086 296 5147 ἰιι
331 5095 584 5171 praesenti
614 5095 815 5151 etenim
863 5095 1059 5150 sacculo
1111 5109 1270 5149 nemo
1319 5102 1499 5166 potest
1542 5109 1662 5151 esse
1690 5110 1817 5166 per-

208 5184 416 5265 fectus
438 5185 506 5241 ad
533 5187 989 5256 comparationem
1032 5193 1246 5241 aeterna
1272 5184 1638 5254 perfectionis.
1664 5187 1817 5243 Unde

238 5269 383 5351 idem
412 5275 701 5345 Apostolus
728 5277 853 5333 alibi
883 5295 895 5331 :
928 5278 1202 5346 Quotquot
1226 5275 1685 5347 perfectisumus,
1714 5278 1817 5354 hoc

200 5356 478 5449 “sapimus
492 5360 744 5449 (Philipp.
768 5368 875 5437 ιιι),
896 5364 1021 5439 quia
1041 5370 1426 5425 subaudisnon
1449 5368 1817 5440 sumuspcrfe~

342 5459 505 5537 Quod
523 5446 666 5537 enim
690 5476 832 5516 nunc
851 5462 1093 5516 videmus
1113 5462 1169 5516 in
1193 5461 1476 5531 ainigmate
1498 5468 1552 5516 et
1572 5468 1816 5516 tenemus

198 5530 592 5631 itane
619 5544 1014 5623 possidebimus
1054 5553 1108 5608 in
1126 5552 1212 5619 re,
1236 5552 1490 5622 quoniam
1515 5551 1814 5607 videbimus

128 5637 135 5643 ’
202 5630 550 5716 ’ξυμῇιςέῐριιιί
576 5649 659 5695 est
684 5639 734 5714 (I
764 5634 925 5697 Joau.
957 5644 1087 5713 ttt).'

192 5702 496 5801 "fili/utque
524 5730 572 5784 et
600 5718 1111 5797 laboro,“cét'tando.
1167 5734 1280 5797 Duo
1321 5734 1450 5789 dicit
1490 5732 1729 5789 laborem
1758 5741 1811 5789 et

198 5796 533 5927 “aetnaea,
562 5825 629 5905 es
655 5810 1041 5891 qulbnsmium
1065 5816 1068 5820 “
1097 5823 1323 5879 refertur
1363 5826 1428 5880 ad
1476 5824 1809 5894 praedicatio-

1920 4640 1976 4689 et
1996 4634 2248 4703 proximi,
2278 4635 2333 4689 in
2362 4634 2678 4705 agnitionem
2703 4630 2934 4706 mysterii
2966 4634 3081 4702 Dei,
3119 4616 3177 4689 id
3206 4644 3291 4690 est
3329 4638 3383 4691 in
3410 4653 3502 4690 co-

1920 4725 2159 4796 gnitione
2186 4734 2388 4781 sanctae
2425 4726 2721 4790 Trinitatis,
2750 4735 2805 4780 et
2828 4726 2931 4781 ﬁde
2952 4727 3162 4782 Domini
3190 4727 3498 4791 salvatoris,
3586 4744 3599 4756 ·

1919 4816 2203 4873 credentes
2228 4831 2351 4871 eum
2397 4831 2495 4886 pro
2522 4815 2697 4871 salute
2722 4824 2906 4871 nostra
2930 4817 3142 4873 venisse
3168 4818 3220 4872 in
3257 4830 3496 4875 carnem.

1989 4907 2059 4963 In
2081 4925 2185 4979 quo
2207 4917 2327 4963 sunt
2363 4908 2792 4987 omnesthcsauri
2840 4909 3107 4977 sapientia:
3146 4919 3196 4964 et
3243 4910 3495 4969 scientia.

1920 4998 2194 5072 Sapientia
2223 4997 2454 5054 refertur
2483 4999 2549 5053 ad
2574 4999 2863 5052 humanam
2892 5014 3029 5065 rem,
3057 5001 3282 5055 scientia
3326 5002 3394 5055 ad
3420 4999 3499 5054 di—

1917 5092 2219 5146 vinam:et
2264 5089 2317 5145 in
2367 5088 2585 5144 Christo
2634 5087 2759 5143 Jesu
2808 5098 2892 5143 est
2929 5089 3210 5159 sapientia,
3263 5089 3499 5159 qualiter

1918 5181 2234 5252 temporalia
2259 5190 2315 5237 et
2340 5180 2573 5234 humana
2600 5179 2891 5251 dispenset,
2921 5188 2976 5235 et
3019 5181 3288 5249 quomodo
3312 5181 3495 5241 divina

1917 5272 2148 5328 ordinet.
2175 5272 2272 5328 Vel
2318 5272 2634 5340 sapientiam
2688 5272 2741 5325 in
2785 5270 3055 5335 humanis,
3103 5278 3154 5325 et
3206 5270 3262 5324 in
3297 5269 3498 5336 divinis

1915 5363 2197 5420 scientiam
2224 5361 2506 5416 abscondit
2542 5361 2665 5431 quia
2697 5376 2802 5415 non
2828 5361 3079 5417 omnibus
3121 5358 3497 5429 patentgrAutc

1917 5454 2128 5508 Domini
2162 5451 2471 5517 adventum,
2502 5467 2697 5510 nomen
2720 5451 2927 5506 Domini
2958 5451 3135 5508 Patris
3162 5450 3495 5532 incognitmn

1915 5546 2017 5601 fuit
2042 5547 2257 5602 cunctis
2300 5554 2449 5601 retro
2490 5546 2946 5617 generationibus,
2983 5563 3087 5603 non
3126 5546 3495 5611 illud‘rnomen

1914 5640 2056 5708 quod
2085 5639 2243 5703 Deus,
2275 5638 2367 5693 sed
2395 5638 2535 5706 quod
2563 5637 2725 5691 Pater
2746 5646 2993 5703 vocatur,
3023 5637 3165 5693 sicut
3188 5636 3496 5712 insomnis

1913 5734 2023 5788 ait:
2058 5732 2238 5797 Pater,
2269 5731 2599 5800 manifeslavi
2628 5747 2811 5785 nomen
2841 5741 2985 5784 tuum
3018 5730 3439 5801 (JOﬂllJXVliiuti;

1986 5821 2097 5875 Hoc
2122 5832 2291 5876 autem
2317 5822 2456 5883 diro,
2491 5820 2746 5876 subaudis
2775 5830 2829 5874 ut
2859 5821 2978 5875 sitis
2996 5821 3193 5879 ﬁrmati
3212 5818 3493 5901 inminui-

3176 5938 3201 5971 ιλ
3258 5934 3361 5971 γὶμθ-
