3996 6498
463 410 570 469 759

950 412 1303 470 HAYMONIS
1339 412 1814 473 HALBERSTAT.
1848 417 2074 475 ‘EPISC.
2114 418 2265 477 opp.
2304 418 2485 479 PARS
2522 423 2660 486 1.-
2689 401 3048 482 Couumr.
3088 428 3258 485 BIBL.

3644 430 3761 486 160

466 538 523 585 et
553 537 759 601 appetit
790 526 934 599 quod
962 541 1068 582 non
1099 525 1295 591 habet,
1323 525 1512 583 dicens
1549 546 1562 583 :
1607 527 1727 585 Noli
1770 529 2054 586 comedere
2079 535 2128 593 Α
2156 530 2356 600 aufert,
2377 544 2431 593 et
2460 534 2791 599 daemonibus
2815 537 3096 606 impendit,
3127 540 3201 594 ita
3225 548 3281 595 et
3309 538 3397 595 ille
3426 538 3604 597 servit
3634 541 3759 597 dia-

468 617 595 684 hoc,
624 618 749 688 quia
780 613 1116 670 immundum
1143 622 1257 680 est,
1296 615 1392 670 sed
1441 615 1486 671 si
1534 616 1789 673 haberem
1829 630 2047 673 carnem

470 708 787 771 arietinum,
821 702 967 759 illam
996 704 1361 771 comederem,
1391 705 1706 762 inﬁrmatur
1720 715 1777 769 et
1804 706 2053 775 debilita-

470 812 561 858 tur
602 801 696 873 qui
728 799 923 856 talibus
968 798 1111 856 escis
1146 806 1500 857 sustentatur.
1533 798 1664 874 Quae
1702 810 1827 854 sunt
1866 801 2050 866 etiam,

469 911 573 952 non
617 897 674 949 in
701 894 897 949 honore
921 891 1133 965 aliqua,
1164 889 1259 948 sed
1288 891 1359 946 ad
1397 877 1725 946 saturitatem
1763 892 1965 954 carnis,
2000 891 2054 947 id

469 995 552 1042 est
579 982 785 1041 nullum
811 981 1071 1053 majorem
1108 983 1373 1038 honorem
1413 986 1634 1052 praestat
1668 980 1811 1037 aries
1840 982 2053 1052 corpori

464 1096 629 1151 quam
663 1080 816 1150 lepus
852 1083 1167 1150 praestaret,
1205 1077 1249 1131 si
1281 1091 1406 1132 eum
1436 1073 1741 1133 comederet
1765 1058 2053 1146 (tantum,-

468 1171 627 1226 modo
655 1179 715 1225 ut
744 1167 1254 1239 venter‘repleatur.

1079 1322 1304 1380 CAPUT
1360 1321 1451 1390 ιιι,

543 1438 765 1494 Fratres
796 1438 841 1492 si
866 1435 1264 1491 consurrexistis
1311 1449 1430 1487 cum
1470 1431 1713 1499 Christo,
1761 1430 1816 1485 id
1861 1436 1947 1485 est
1985 1426 2054 1487 de

470 1540 647 1607 morte
690 1531 757 1586 ad
790 1529 954 1585 vitam
1000 1538 1241 1598 tempore
1280 1524 1642 1603 baptismatis,
1683 1539 1801 1595 qua:
1844 1534 2079 1576 sursum

470 1632 594 1679 sunt
619 1621 785 1693 sapite
810 1661 827 1688 ,
856 1620 910 1674 id
937 1626 1019 1675 est
1053 1617 1244 1691 gaudia
1281 1617 1472 1687 patria:
1508 1613 1764 1677 ccelestis.
1805 1610 2056 1667 Christus

471 1723 556 1772 est
583 1730 797 1771 sursum
827 1712 1079 1767 habitans
1109 1711 1161 1765 in
1183 1707 1516 1781 plenitudine
1537 1714 1778 1785 paternae
1805 1703 2056 1774 majesta-

471 1812 565 1877 tis,
594 1817 650 1867 et
674 1808 764 1864 ubi
794 1816 878 1863 est
903 1848 918 1873 ,
948 1806 1072 1864 illuc
1097 1808 1357 1863 debemus
1388 1804 1684 1860 anhelare:
1711 1811 1768 1860 et
1791 1816 1913 1873 quae
1935 1815 2056 1857 sur-

2152 623 2305 688 bolo,
2339 625 2429 694 qui
2475 626 2617 681 bona
2666 629 3050 698 omnipotentis
3090 629 3185 685 Dei
3226 631 3576 700 communia,
3628 648 3758 703 qua:

2152 715 2402 771 omnibus
2430 716 2738 773 hominibus
2765 721 3124 780 communiter
3149 721 3272 778 data
3311 733 3475 791 sunt,
3520 725 3580 780 in
3622 740 3755 796 pro-

2152 807 2299 887 prios
2326 817 2550 879 usurpat
2579 826 2727 866 usus.
2761 808 2930 869 Recte
2961 814 3127 869 etiam
3153 816 3383 871 avaritia
3422 816 3755 872 idololatria

2153 912 2515 971 comparatur,
2541 901 2666 973 quia
2692 902 2820 958 dum
2849 905 3083 961 metallis
3101 948 3116 973 ,
3154 908 3272 962 auri
3301 916 3355 963 et
3380 909 3594 979 argenti
3618 950 3637 975 ,
3687 908 3755 963 de

2152 991 2346 1062 quibus
2362 993 2652 1049 simulacra
2672 991 2828 1060 ﬁunt,
2841 996 3088 1052 homines
3110 998 3462 1055 immoderate
3477 999 3753 1064 serviunt,

2153 1099 2343 1140 aurum
2374 1099 2471 1154 pro
2510 1080 2623 1140 Deo
2650 1094 2984 1140 venerantur
3007 1085 3215 1158 (Exod.
3253 1086 3359 1159 xx)
3386 1105 3401 1143 :
3431 1089 3565 1159 quia
3606 1089 3756 1143 servi

2152 1181 2279 1231 sunt
2304 1173 2634 1231 divitiarum.
2666 1176 2763 1233 Vel
2793 1178 2954 1232 tertio
2991 1179 3154 1234 modo
3192 1179 3477 1235 avaritiam
3524 1178 3755 1235 idololrr

2152 1265 2270 1322 trite
2298 1265 2672 1335 comparavit,
2718 1274 2779 1320 ut
2812 1265 2944 1321 nihil
2990 1266 3272 1324 scelestius
3318 1267 3751 1324 demonstraret.

2151 1355 2325 1419 Radix
2369 1358 2514 1413 enim
2560 1357 2825 1415 malorum
2862 1368 2945 1415 est
2970 1359 3236 1427 avaritia,
3282 1359 3519 1433 ideoque
3565 1366 3757 1415 monet

2154 1450 2306 1522 illam
2329 1452 2474 1507 omni
2503 1451 2715 1507 ratione
2743 1452 3075 1522 fugiendam.
3439 1436 3443 1440 ’

2225 1537 2453 1610 Propter
2474 1558 2593 1613 qua:
2616 1541 2861 1598 facinora
2880 1585 2895 1608 ,
2932 1542 2984 1597 id
3008 1551 3093 1598 est
3122 1542 3373 1613 superius
3397 1540 3548 1597 dicta
3567 1581 3586 1606 ,
3617 1540 3761 1595 venit

2152 1631 2237 1685 ira
2262 1630 2359 1685 Dei
2385 1646 2547 1702 super
2576 1631 2717 1702 filios
2746 1633 2837 1703 qui
2866 1633 3142 1703 perierunt
3169 1632 3225 1686 in
3250 1630 3459 1686 diluvio
3489 1638 3547 1686 et
3577 1631 3633 1684 in
3653 1628 3756 1685 So-

2154 1719 2312 1776 doma
2327 1719 2555 1792 aliisque
2574 1721 2904 1788 civitatibus,
2927 1730 2982 1777 ct
2995 1738 3160 1795 super
3171 1722 3311 1778 ﬁlios
3336 1722 3758 1787 incredulitatis,

2156 1811 2210 1867 id
2242 1820 2325 1867 est
2352 1827 2515 1882 super
2542 1812 2631 1867 illa
2660 1825 2916 1868 sexcenta
2938 1814 3105 1876 millia
3133 1830 3255 1883 quae
3275 1815 3331 1869 in
3360 1814 3590 1869 deserto
3613 1828 3756 1868 mor-

470 1916 591 1955 sum
618 1910 745 1955 ευηι
769 1912 981 1968 sapere,
1008 1897 1060 1952 id
1087 1905 1171 1952 εει
1198 1896 1532 1967 Ρθτρθηάθνθ
1556 1904 1610 1951 et
1638 1894 1938 1966 ἱηῑθιιῖεθῐθ
1957 1932 1972 1959 υ
1999 1898 2056 1947 el
2084 1888 2133 1955 Β
2162 1908 2253 1957 tua
2279 1908 2420 1964 sunt,
2454 1900 2888 1960 incredulitatem
2910 1903 3092 1961 cordis
3118 1903 3408 1969 habentes,
3440 1903 3499 1957 in
3526 1902 3716 1973 quibus
3735 1944 3751 1968 ,

472 1992 529 2047 in
555 1990 639 2046 his
663 1989 905 2043 animum
931 2001 1156 2057 ponere,
1184 2003 1288 2042 non
1318 1987 1372 2041 in
1401 1986 1488 2042 his
1518 2002 1637 2057 qua:
1670 2000 1830 2056 supra
1859 1992 2055 2038 terram

470 2092 597 2140 sunt
621 2084 952 2140 transitoria.

544 2175 743 2238 Μαι·ιηὶ
775 2178 913 2241 enim
954 2174 1094 2229 estis.
1143 2171 1336 2227 Mortui
1379 2171 1510 2226 estis
1548 2176 1771 2241 peccato
1815 2174 2057 2237 tempore

469 2266 834 2338 baptismatis.
860 2266 998 2320 sicut
1027 2263 1185 2335 paulo
1208 2277 1368 2332 supra
1388 2261 1640 2324 diximus,
1663 2267 1710 2313 et
1739 2258 1842 2313 vita
1866 2265 2056 2323 vestra,

471 2358 526 2414 id
554 2366 640 2415 est
665 2357 964 2425 beatitudo,
992 2352 1297 2409 abscondita
1320 2361 1395 2406 est
1437 2367 1552 2404 cum
1596 2348 1804 2411 Christo
1843 2347 1899 2399 in
1924 2344 2055 2400 Deo.

474 2447 600 2504 Vita
625 2447 769 2505 enim
791 2455 972 2501 vestra
1001 2453 1052 2499 et
1079 2443 1355 2499 beatitudo
1374 2440 1621 2495 Christus
1649 2446 1751 2503 est,
1781 2436 1921 2491 sicut
1946 2434 2060 2513 ipse

477 2536 615 2594 dixit
639 2555 651 2590 :
671 2534 797 2600 Haec
825 2532 1041 2595 estvita
1070 2538 1268 2587 aeterna
1289 2571 1303 2595 ,
1327 2538 1383 2587 ut
1408 2535 1716 2597 cognoscant
1740 2535 1810 2588 te,
1835 2533 1882 2578 et
1909 2537 2060 2594 quem

474 2627 665 2681 misisti
684 2623 865 2680 Iesum
891 2619 1156 2677 Christum
1181 2619 1360 2691 (Joan.
1393 2617 1547 2687 xvn).
1576 2617 1703 2670 ideo
1726 2614 1815 2668 ubi
1842 2613 1932 2669 ille
1952 2621 2057 2679 est,

471 2714 550 2775 ibi
585 2726 669 2771 est
699 2715 809 2768 vita
837 2720 894 2768 et
937 2712 1213 2767 beatitudo
1253 2717 1433 2763 nostra
1476 2706 1790 2762 abscondita
1811 2747 1824 2771 ,
1857 2720 1965 2760 non
2002 2712 2063 2758 ut

476 2805 637 2861 nobis
663 2802 959 2874 denegetur
994 2801 1078 2855 vel
1116 2799 1438 2865 occultetur,
1470 2797 1563 2853 scd
1602 2806 1662 2851 ut
1702 2795 1882 2867 potius
1926 2809 2058 2851 con-

479 2892 734 2951 servetur
761 2889 914 2945 nobis
941 2889 1007 2943 ad
1038 2888 1282 2943 salutem.

549 2986 681 3042 Cum
726 2984 961 3051 Christus
1005 2981 1306 3053 apparuerit
1351 2981 1453 3035 vita
1484 2986 1684 3043 vestra,
1720 2977 1975 3034 subaudis
2006 2977 2060 3031 in

472 3079 675 3151 judicio
705 3076 971 3148 gloriosus
1003 3082 1057 3129 et
1094 3072 1323 3144 {algidus
1346 3112 1361 3138 ,
1394 3081 1517 3125 tunc
1549 3080 1597 3124 et
1626 3086 1713 3124 vos
1752 3068 2062 3140 apparebitis

477 3187 596 3226 cum
617 3171 727 3241 ipso
750 3170 805 3223 in
831 3167 1018 3240 gloria,
1048 3163 1265 3237 gloriosi
1290 3172 1347 3218 et
1374 3161 1597 3245 fulgidi,
1626 3161 1767 3217 sicut
1792 3162 1905 3231 ipse
1938 3174 2075 3230 pro:

477 3264 647 3329 misit.

500 3356 501 3359 “
548 3351 870 3421 Mortiﬁcate
903 3365 1024 3420 ergo
1055 3348 1286 3402 membra
1316 3354 1509 3425 vesgo,
1540 3344 1594 3403 id
1620 3352 1703 3403 est
1728 3342 1899 3399 malos
1931 3358 2062 3405 usus

478 3443 866 3500 membrorum.
888 3439 945 3494 In
969 3438 1206 3509 Epistola
1235 3437 1302 3491 ad
1327 3434 1636 3491 Corinthios
1664 3432 2079 3489 multitudinem-

476 3542 824 3608 peccatorum
839 3529 1072 3606 appellat
1090 3526 1407 3597 Apostolus,
1452 3539 1664 3595 corpus,
1693 3524 1877 3580 dicens
1906 3524 1981 3578 ita
2005 3526 2083 3578 at»

478 3610 781 3686 destruatur
808 3637 995 3691 corpus
1015 3618 1211 3690 peccati
1235 3617 1405 3689 (Rom.
1427 3616 1524 3689 vt).
1553 3614 1707 3671 Sicut
1724 3615 1869 3671 enim
1895 3614 2065 3671 multa

480 3720 722 3783 membra
736 3714 941 3783 faciunt
956 3728 1121 3767 unum
1133 3726 1346 3781 corpus,
1363 3711 1434 3765 ita
1451 3710 1614 3764 multa
1625 3717 1848 3779 peccata
1859 3706 2066 3766 faciunt

481 3824 647 3866 unum
678 3821 872 3881 corpus
898 3845 912 3872 ,
936 3804 989 3871 id
1013 3812 1096 3860 est
1118 3818 1286 3860 unum
1316 3812 1614 3867 summam;
1635 3810 1691 3857 et
1720 3808 1802 3857 est
1830 3815 2061 3863 sensus:

482 3884 802 3959 Mortificate
833 3896 1096 3961 membra,
1126 3894 1177 3950 id
1200 3903 1283 3952 est
1312 3893 1479 3948 malos
1507 3908 1639 3949 usus
1663 3892 2063 3960 membrorum,

481 3999 537 4046 et
556 3986 753 4049 malam
783 3986 1222 4048 consuetudinem
1244 3984 1500 4056 peccandi
1522 3999 1622 4055 per
1640 3979 1984 4051 eﬂlcientem,
2011 3984 2065 4041 id

479 4081 624 4160 quod
671 4079 924 4143 efﬁcitur,
955 4078 1265 4132 ostendens.
1291 4074 1474 4146 Neque
1502 4075 1748 4146 praecipit
1773 4084 1835 4130 ut
1870 4076 2085 4132 morti-t

479 4172 703 4229 licemus
732 4170 911 4247 gladio
938 4166 1203 4229 materiali
1233 4181 1428 4239 corpus
1457 4174 1701 4221 nostrum
1735 4179 1789 4222 et
1821 4169 2064 4232 membra

478 4275 699 4329 nostra,
728 4260 821 4316 sed
854 4267 1096 4333 peccata.
1126 4257 1277 4312 Tunc
1305 4257 1446 4321 enim
1476 4255 1867 4313 mortiﬁcamus
1891 4272 2064 4311 mem-

481 4357 579 4411 bra
603 4363 809 4415 nostra,
831 4367 954 4407 cum
985 4351 1291 4406 desistimus
1311 4362 1538 4419 peccare
1564 4367 1577 4403 :
1598 4354 1662 4405 et
1685 4357 1818 4420 quot
1843 4356 2063 4419 peccata

482 4447 539 4505 in
567 4442 722 4499 nobis
753 4440 1166 4504 mortificamus,
1191 4439 1342 4508 quasi
1374 4446 1451 4493 tot
1472 4439 1714 4494 membra
1743 4439 2060 4505 occidimus,

483 4550 601 4608 qute
617 4542 736 4587 sunt
759 4547 916 4602 super
933 4541 1146 4596 terram,
1171 4530 1222 4583 id
1244 4539 1325 4583 est
1348 4529 1584 4606 quandiu
1605 4530 1738 4585 estis
1766 4530 1819 4583 in
1842 4526 2058 4583 mundo.

483 4623 932 4681 Fornicationem.
964 4619 1258 4676 Fornicarii
1287 4627 1413 4674 sunt
1452 4634 1573 4674 cum
1601 4618 1794 4687 puellis
1834 4618 2019 4674 liberis
2042 4657 2058 4685 ,
2088 4608 2139 4666 υ

483 4729 578 4778 aut
598 4735 717 4777 cum
725 4720 993 4789 jumento,
1011 4725 1102 4771 aut
1116 4716 1315 4785 aliquid
1330 4715 1451 4769 tale.
1468 4714 1788 4769 Adulterare
1807 4724 1935 4769 vero
1953 4723 2057 4779 est,

484 4812 706 4879 alterius
737 4822 917 4867 torum
965 4809 1167 4865 violare
1191 4847 1205 4871 ,
1250 4808 1302 4869 id
1342 4814 1426 4861 est
1454 4818 1574 4861 eum
1605 4805 1826 4861 alterius
1854 4820 2054 4873 uxore,

482 4906 725 4974 autcum
754 4904 868 4960 Deo
898 4909 1127 4963 sacrata,
1159 4915 1278 4969 quae
1312 4899 1406 4957 Dei
1444 4912 1582 4952 uxor
1613 4906 1714 4954 est.
1750 4892 2057 4954 Libidinem.

482 4998 673 5054 Omnis
687 4993 1068 5051 incontinentia
1084 4989 1248 5045 libido
1259 4988 2060 5060 appellatur.Com:upiscentiam

484 5088 699 5151 malum.
734 5086 858 5142 Ideo
883 5085 1011 5139 dicit
1038 5080 1519 5151 concupiscentiam
1534 5079 1747 5145 malum,
1764 5082 1886 5151 quia
1904 5091 1987 5137 est
2006 5089 2079 5135 ct

486 5176 919 5248 concupiscentia
946 5174 1084 5228 bona
1110 5172 1176 5226 de
1192 5186 1305 5245 qua
1337 5169 1568 5225 dicitur:
1597 5168 1721 5236 Fili,
1742 5170 2063 5240 concupisce

486 5268 827 5339 sapientiam,
859 5280 1013 5321 serva
1053 5262 1360 5317 mandatum
1385 5277 1401 5327 ;
1430 5267 1514 5315 et:
1541 5258 1713 5330 Cupio
1736 5261 1977 5327 dissolvi,
2007 5268 2064 5317 et

485 5372 607 5414 esse
630 5358 755 5413 cum
779 5356 1017 5411 Christo.
1047 5351 1491 5420 Concupiscentia
1518 5351 1657 5406 mala
1680 5360 1783 5415 est,
1809 5361 2063 5421 appetere

488 5450 651 5505 mala.
668 5448 738 5503 Et
751 5447 1025 5503 avaritiam
1035 5460 1151 5516 quae
1177 5453 1249 5498 est
1261 5441 1660 5499 simulacrorum
1671 5443 1910 5498 seruitus.
1924 5443 2073 5510 Quo--

489 5540 650 5596 modo
670 5547 754 5594 est
774 5537 1188 5595 simulacrorum
1212 5534 1467 5599 servitus,
1493 5531 1756 5593 avaritia?
1779 5531 1920 5597 ideo,
1936 5534 2079 5603 quia

486 5634 630 5689 sicut
662 5630 753 5686 ille
774 5629 942 5685 servit
968 5626 1213 5691 diabolo,
1240 5625 1334 5697 qui
1359 5622 1744 5694 omnipotentis
1769 5623 1862 5679 Dei
1882 5624 2062 5679 cultu-

489 5739 607 5780 ram
631 5733 693 5779 ct
714 5721 1060 5793 religionem,
1097 5734 1215 5789 qua:
1258 5717 1331 5771 illi
1360 5717 1461 5772 soli
1484 5716 1764 5781 convenit,
1801 5725 1855 5773 et
1876 5717 2062 5789 singu-

487 5827 819 5887 larenmncu
851 5823 909 5871 ut
938 5814 1079 5870 Deus
1105 5819 1346 5878 vocetur,
1375 5820 1635 5882 quantum
1661 5810 1715 5867 in
1752 5826 1810 5867 se
1838 5821 1948 5879 est,
1986 5812 2057 5867 illi

664 6044 695 6077 ὁ

2158 1990 2415 2047 subaudis
2442 1992 2707 2063 peccatis,
2753 2003 2801 2050 et
2834 2010 2923 2049 vos
2963 1993 3271 2049 ambulastis
3309 1994 3610 2066 aliquando
3644 2011 3760 2048 nm

2158 2082 2411 2149 viveretis,
2440 2092 2668 2154 peccato
2697 2094 2823 2143 ante
2852 2083 3033 2148 ﬁdem,
3070 2094 3123 2140 et
3156 2087 3353 2142 essetis
3384 2087 3599 2141 mortui
3630 2085 3757 2153 Deo,

2159 2176 2255 2232 sed
2284 2192 2429 2232 nunc
2443 2174 2559 2246 jam
2586 2192 2694 2233 non
2723 2175 3013 2235 ambulatis
3046 2193 3059 2229 :

2233 2263 2392 2320 Nunc
2413 2275 2589 2320 autem
2613 2265 2852 2336 deponite
2878 2274 2925 2319 et
2951 2280 3039 2319 vos
3061 2264 3238 2320 omnia
3255 2305 3271 2329 ,
3296 2264 3569 2321 subaudis
3600 2280 3759 2335 supe-

2160 2353 2274 2409 rius
2307 2352 2474 2416 dicta,
2511 2352 2597 2408 vel
2643 2366 2705 2407 ea
2745 2367 2867 2425 quae
2908 2361 3211 2422 sequuntur
3240 2366 3257 2406 :
3286 2354 3428 2407 iram
3454 2395 3469 2419 ,
3503 2355 3639 2424 quia
3684 2354 3758 2407 ira

2159 2444 2304 2511 viri,
2335 2443 2603 2514 justitiam
2630 2444 2727 2505 Dei
2754 2459 2861 2500 non
2891 2452 3185 2513 operatur;
3215 2444 3679 2523 indignationem,
3710 2445 3759 2499 id

2160 2548 2245 2596 est
2270 2538 2438 2597 nolite
2467 2538 2735 2610 indignari
2766 2537 3089 2602 minoribus,
3114 2536 3161 2592 si
3187 2536 3666 2607 reprehendimini
3693 2534 3759 2590 ab

2162 2633 2287 2689 illis.
2319 2631 2603 2688 Matitiam.
2639 2631 2838 2687 Malitia
2877 2638 2962 2686 est
2996 2630 3139 2686 mala
3181 2630 3456 2687 voluntas.
3504 2628 3761 2701 Blasplte-

2160 2724 2345 2787 miam,
2379 2721 2435 2776 id
2454 2730 2537 2779 est
2559 2722 2889 2778 derisionem
2912 2720 2965 2775 in
2993 2720 3161 2775 Deum
3183 2729 3239 2776 et
3262 2721 3585 2792 proximum
3608 2738 3626 2786 ;
3649 2731 3759 2774 tur-

2159 2828 2274 2884 pem
2305 2829 2591 2868 sermonem
2611 2853 2626 2878 ,
2665 2812 2718 2867 id
2759 2819 2843 2868 est
2880 2811 3114 2866 otiosum
3138 2812 3367 2867 verbum
3396 2810 3490 2867 vel
3518 2810 3763 2881 ioculare

2162 2903 2226 2957 de
2256 2918 2345 2958 ore
2368 2912 2556 2966 vestro,
2580 2902 2833 2958 subaudis
2861 2901 3131 2972 deponite.

2237 2993 2417 3049 Nolite
2450 2993 2657 3048 mentiri
2686 2993 2902 3047 iuticem
2934 3006 2953 3045 :
2982 2991 3156 3048 Omne
3194 2991 3546 3047 mendacium
3578 3007 3613 3045 a
3642 2991 3757 3046 dia—

2163 3082 2287 3138 bolo
2305 3092 2390 3139 est
2416 3099 2430 3138 :
2455 3085 2579 3155 quia
2618 3083 2731 3153 ipse
2758 3084 2985 3138 mendax
3018 3090 3122 3147 est,
3148 3088 3203 3138 et
3233 3090 3393 3150 pater
3420 3081 3569 3150 ejus,
3610 3082 3756 3137 ideo-

2164 3188 2272 3244 que
2296 3175 2390 3230 tllii
2421 3174 2663 3230 veritatis
2689 3175 2971 3230 veritatem
3010 3175 3205 3230 debent
3232 3173 3380 3243 loqui
3416 3189 3551 3228 cum
3574 3174 3758 3245 proxi~

2088 3244 2133 3306 (ἶ
2166 3264 2292 3331 mis,
2331 3264 2676 3332 exspatiantes
2704 3281 2793 3331 vos
2819 3274 3040 3325 veterem
3061 3265 3340 3323 hominem.
3366 3244 3634 3329 Veterem
3661 3264 3757 3318 hoe

2162 3356 2364 3412 minem
2399 3354 2632 3426 appellat
2669 3356 2990 3412 hic-Veteris
3017 3355 3250 3410 hominis
3276 3355 3755 3410 conversationem

2163 3456 2219 3506 et
2245 3450 2430 3509 vitam.
2462 3433 2591 3516 Qua:
2612 3457 2697 3503 est
2722 3446 3065 3503 conversatio
3092 3446 3293 3507 veteris
3319 3447 3570 3502 hominis
3587 3448 3615 3500 2
3644 3447 3755 3508 inﬁ-

2166 3540 2378 3606 delitas,
2410 3539 2797 3608 inobedientia,
2840 3538 3278 3609 concupiscentia
3319 3538 3489 3603 mala,
3544 3539 3756 3608 rapina,

2166 3631 2512 3695 adulterium,
2542 3629 2916 3692 homicidium,
2956 3636 3012 3691 et
3047 3636 3240 3683 caetera
3263 3628 3414 3682 talia.
3454 3627 3757 3699 Quousque

2164 3720 2294 3792 ergo
2322 3727 2608 3780 renovetur
2641 3718 2695 3780 in
2740 3718 3064 3788 baptismate
3094 3718 3533 3788 regenerationis
3565 3735 3580 3772 :
3612 3734 3769 3773 sem;

2163 3829 2265 3889 per
2304 3814 2358 3872 in
2390 3818 2653 3868 vetustate
2695 3810 2818 3875 erit,
2870 3810 2995 3879 quia
3033 3809 3386 3879 origin'alibus
3424 3812 3678 3880 peccatis
3705 3822 3758 3865 et

2167 3899 2465 3959 aetualibUs
2501 3908 2715 3957 leuetur
2751 3901 3038 3956 obnoxius.
3072 3900 3185 3956 Sed
3211 3900 3372 3955 debet
3398 3901 3680 3971 baptizari
3704 3910 3756 3955 et

2165 3993 2388 4048 induere
2428 4006 2625 4047 novum
2654 3989 2948 4054 hominem,
2979 3989 3031 4043 id
3068 3998 3152 4045 est
3184 4005 3375 4044 novam
3405 4000 3676 4058 mentem,
3704 4000 3757 4047 et

2166 4097 2364 4138 novam
2389 4082 2513 4137 novi
2558 4081 2791 4137 hominis
2819 4081 3303 4134 conversationem.
3335 4080 3469 4147 Quae
3496 4089 3586 4136 est
3625 4096 3756 4137 eon-

2164 4173 2402 4229 versatio
2447 4172 2569 4227 novi
2613 4168 3425 4236 hominis?Virtutessectari,
3477 4178 3538 4226 et
3572 4172 3752 4226 omnia

2165 4267 2303 4320 bona
2330 4265 2383 4318 in
2414 4278 2473 4319 se
2509 4262 2729 4316 habere.
2762 4259 2827 4314 Et
2852 4273 2918 4314 ne
2945 4267 3258 4329 putaremus
3299 4261 3445 4330 quod
3475 4261 3753 4315 hominem

2164 4352 2487 4416 exteriorem
2518 4350 2836 4422 praeciperet
2882 4348 3136 4402 renovari
3183 4350 3253 4404 ad
3286 4349 3520 4419 alicujus
3555 4350 3636 4404 rei
3682 4350 3754 4404 si-

2165 4443 2546 4505 militudinem,
2567 4440 2882 4511 subiunxit:
2910 4440 3047 4495 Eum
3072 4441 3365 4505 hominem,
3390 4442 3593 4512 inquit,
3620 4457 3754 4511 pra-

2164 4535 2308 4605 cipio
2346 4532 2615 4596 renovari,
2645 4533 2734 4603 qui
2772 4542 3049 4589 renouatur
3087 4533 3141 4586 in
3167 4531 3488 4602 agnitionem
3530 4531 3627 4586 Dei
3667 4549 3751 4585 se-

2163 4624 2391 4679 cundum
2419 4622 2701 4699 imaginem
2735 4623 2849 4692 ejus
2874 4622 2963 4693 qui
2994 4621 3187 4676 creavit
3207 4637 3350 4687 eum,
3377 4621 3435 4676 id
3460 4630 3550 4677 cst
3579 4622 3753 4695 homi-

2164 4732 2288 4772 nem
2330 4714 2683 4770 interiorem:
2711 4712 2891 4767 anima
2916 4721 2972 4767 et
3000 4727 3153 4767 mens
3194 4727 3313 4781 quae
3354 4713 3425 4767 ad
3454 4712 3750 4783 imaginem

2164 4807 2262 4862 Dei
2306 4806 2449 4861 facta
2482 4814 2588 4869 est,
2629 4812 2839 4871 sancta,
2870 4801 3020 4872 justa
3065 4812 3120 4858 et
3165 4803 3505 4859 rationabilis
3553 4816 3611 4860 et
3651 4806 3754 4861 im-

2165 4899 2487 4969 mortalitas.
2533 4897 2705 4964 Homo
2758 4904 2938 4975 autem
2979 4895 3240 4959 exterior,
3294 4893 3345 4948 id
3391 4904 3479 4950 est
3527 4910 3750 4965 corpus,

2165 5007 2271 5046 non
2302 4999 2385 5046 est
2417 4991 2484 5045 ad
2515 4988 2803 5059 imaginem
2830 4987 2924 5042 Dei
2953 4986 3146 5053 factus,
3175 4984 3305 5055 quia
3350 4984 3494 5040 Deus
3520 4986 3752 5056 Spiritus

2163 5090 2269 5139 est.
2312 5084 2439 5137 Duae
2467 5092 2647 5135 autem
2687 5088 2813 5134 sunt
2858 5078 3254 5143 reuovationes,
3296 5092 3404 5131 una
3447 5068 3751 5132 momenta-

2164 5189 2288 5241 nea,
2316 5188 2438 5243 quae
2479 5172 2617 5229 litin
2644 5171 2985 5243 baptismate,
3024 5170 3194 5226 altera
3221 5185 3343 5241 quae
3383 5168 3446 5223 tit
3468 5170 3746 5238 quotidie,

2164 5265 2379 5336 quando
2419 5280 2520 5335 pro
2565 5263 2803 5318 studium
2831 5262 3043 5333 legendi
3097 5260 3410 5331 Scripturas
3447 5275 3644 5315 sacras
3681 5274 3747 5314 ea

2164 5358 2343 5413 studet
2369 5354 2667 5421 intelligere
2707 5351 2776 5407 de
2803 5353 2934 5418 Deo,
2972 5367 3093 5421 quae
3132 5359 3291 5407 antea
3323 5351 3635 5423 ignorabat,
3675 5364 3747 5402 ex

2163 5456 2271 5519 quo
2295 5447 2533 5517 quotidie
2560 5459 2715 5500 meus
2744 5451 3058 5498 renovatur.
3090 5441 3275 5509 Potest
3296 5440 3415 5497 ﬁeri
3436 5441 3609 5498 etiam
3630 5448 3749 5493 ter-

2165 5540 2238 5592 tia
2268 5536 2546 5597 renovatio
2577 5542 2711 5605 post.
2727 5534 2935 5602 lapsum
2961 5548 3057 5601 per
3085 5531 3485 5602 penitentiam,
3507 5530 3565 5584 in
3588 5529 3748 5599 agai-

2166 5631 2378 5690 tioncm,
2414 5627 2467 5683 id
2497 5634 2577 5680 cst
2612 5625 2679 5681 ad
2709 5624 3071 5693 cognitionem
3092 5663 3106 5689 ,
3137 5623 3422 5678 secundum
3462 5620 3745 5689 imaginem

2167 5720 2280 5790 ejus
2305 5718 2391 5789 qui
2429 5718 2619 5772 crearit
2658 5733 2797 5781 cum,
2845 5715 2971 5787 quia
2999 5714 3162 5769 homo
3190 5714 3261 5769 ad
3304 5712 3595 5783 imaginem
3644 5707 3745 5766 Dei

2169 5811 2459 5866 factusest.
2575 5822 2601 5829 ν·
2666 5836 2711 5845 -~
3190 5810 3225 5836 .·
3310 5831 3317 5834 .
3394 5802 3399 5809 κ
