3996 6448
199 395 296 460 78!

880 384 1260 444 'EXPOSITIO
1294 383 1363 440 IN
1400 381 1549 438 EPP.
1592 381 1651 436 S.
1692 376 1917 435 PAULI.
1956 375 2125 432 -ΙΝ
2160 347 2378 432 EDlST.
2419 375 2508 431 AD
2546 373 2696 430 σοι.

3348 367 3458 428 762

271 505 371 566 Ubi
400 520 505 564 non
551 512 628 560 est
671 499 877 574 gentilis
922 508 972 553 et
1018 497 1260 552 Judteus.
1309 492 1451 559 Ubi,
1497 492 1551 548 id
1590 498 1674 546 est
1719 490 1773 544 in
1803 489 1850 550 Α
1876 486 1933 540 in
1961 484 2103 539 omni
2123 484 2402 574 sapientia,
2445 483 2498 574 in
2524 483 2670 574 omni
2703 481 2948 536 doctrina
2983 479 3284 553 Evangelii,
3312 487 3370 535 et
3398 480 3453 538 in

203 609 380 662 meme
418 595 654 654 hominis
677 592 769 648 ubi
797 599 880 647 est
911 591 1092 660 imago
1121 588 1238 653 Dei,
1264 602 1372 642 non
1395 581 1774 656 praeiudicatur

203 694 339 765 apud
374 690 542 745 Doum
573 701 735 742 sexus
761 684 850 738 vel
875 682 1136 747 conditio,
1182 689 1276 734 aut
1299 693 1486 750 genus,
1534 683 1628 730 aut
1652 689 1775 765 prof

199 762 408 846 vincia,
445 777 498 833 id
537 784 622 832 est
672 773 819 833 nulla
867 772 1122 828 distantia
1173 777 1257 824 est
1307 765 1586 822 hominum
1633 762 1774 834 apud

201 874 389 937 Deum,
419 870 548 941 quia
596 869 652 924 in
692 867 872 922 anima
899 879 1008 920 non
1040 870 1124 918 est
1166 877 1363 925 sexus,
1397 860 1503 915 nisi
1537 866 1774 914 tantum-

200 963 360 1019 modo
385 961 498 1017 sola
534 959 679 1015 bona
707 954 1050 1013 conversatio
1076 967 1196 1008 cum
1231 951 1335 1006 ﬁde
1369 957 1519 1006 recta
1544 947 1776 1018 requiri-

201 1063 325 1118 tur;
358 1050 612 1105 barbaras
652 1055 700 1102 et
720 1045 937 1116 Scytha.
966 1043 1091 1099 Plus
1119 1050 1202 1098 est
1223 1041 1378 1096 nobis
1406 1039 1605 1116 Scytha
1647 1037 1776 1092 alie-

202 1158 301 1198 nus
326 1155 487 1212 quam
514 1139 800 1194 barbarus.
828 1135 1101 1190 Barbarus
1125 1132 1387 1203 siquidem
1423 1130 1577 1186 nobis
1599 1135 1776 1200 potest

201 1249 317 1292 esse
354 1231 578 1303 quilibet
611 1231 764 1302 cujus
797 1229 1034 1300 linguam
1071 1227 1382 1298 ignoramus
1407 1223 1638 1294 :Scytha
1681 1237 1776 1276 au-

202 1336 308 1384 tem
332 1324 530 1379 dicitur
554 1337 583 1376 a
615 1320 839 1392 Scythia
865 1317 1167 1388 provincia,
1213 1330 1332 1387 qua:
1359 1323 1443 1369 est
1478 1320 1682 1368 remota
1707 1311 1776 1366 ad

200 1413 640 1484 septentrionem,
678 1409 976 1480 fulgoribus
1003 1409 1204 1479 rigens,
1245 1405 1487 1460 moribus
1520 1402 1772 1468 barbara,

199 1507 287 1562 sed
315 1505 490 1559 omnia
515 1513 562 1560 et
583 1504 638 1558 in
665 1503 904 1558 amnibus
947 1499 1210 1556 Christus.
1239 1497 1364 1553 ldeo
1393 1513 1500 1551 non
1540 1503 1625 1550 est
1666 1494 1774 1548 ulla

198 1596 523 1661 diﬁcrentia,
549 1595 676 1664 quia
695 1593 899 1659 omnia,
918 1590 1172 1647 subaudis
1191 1603 1388 1662 genera
1410 1587 1685 1642 hominum
1709 1584 1772 1638 ﬁ-

199 1685 416 1750 delium,
461 1685 741 1743 Christum
770 1683 974 1739 habent
1006 1688 1188 1752 caput,
1211 1687 1269 1734 et
1302 1679 1359 1734 in
1388 1675 1638 1734 omnibus
1671 1673 1780 1729 illis

197 1783 276 1831 est
301 1774 569 1830 Christus.

1873 573 1979 629 ﬁde
2000 582 2205 628 sancta:
2242 573 2546 635 Trinitatis,
2577 573 2816 626 docentes
2841 582 2890 625 et
2925 579 3306 626 commonentes
3334 584 3452 626 vos-

1869 665 2139 735 metipsos.
2169 661 2278 718 Vos
2302 664 2394 732 qui
2424 663 2782 733 sapientiores
2821 661 2974 727 estis,
3018 661 3210 718 docete
3232 660 3367 718 alios
3395 670 3455 720 et

1871 762 2241 821 mmmonete,
2290 762 2454 822 atque
2508 753 2871 809 exhortamini
2920 769 3015 810 vos
3064 753 3330 819 invicem,
3389 753 3451 810 in

1871 850 2110 922 psalmis,
2136 848 2392 905 subaudis
2419 847 2712 913 Davidicis,
2740 857 2788 901 et
2819 848 3044 917 hymnis,
3073 845 3240 902 trium
3264 861 3455 916 puero-

1874 957 1994 997 rum
2023 949 2079 996 et
2101 948 2437 1004 sanctorum,
2457 939 2513 992 in
2534 939 2704 1008 gratia
2731 946 3022 1003 cantantes,
3051 937 3106 991 id
3131 943 3215 992 est
3242 950 3455 1008 semper

1873 1037 2082 1092 reddite
2118 1037 2228 1092 Deo
2257 1033 2479 1106 gratias,
2509 1032 2583 1086 ita
2629 1039 2689 1085 ut
2729 1031 2871 1100 quod
2902 1046 2996 1086 ore
3023 1029 3250 1097 canitis,
3289 1030 3455 1086 corde

1873 1125 2205 1196 intelligetis,
2245 1133 2301 1179 et
2329 1138 2484 1179 mens
2508 1120 2798 1178 concordet
2823 1120 2963 1176 voci.

1947 1215 2112 1271 Omne
2149 1214 2489 1285 quodcunque
2529 1212 2701 1282 facitis
2740 1211 2794 1264 in
2823 1209 3002 1275 verbo,
3045 1209 3098 1265 id
3139 1219 3221 1266 est
3267 1211 3320 1265 in
3363 1210 3457 1264 do—

1873 1306 2068 1370 ctrina,
2096 1313 2188 1358 aut
2212 1305 2266 1358 in
2293 1320 2476 1374 opere,
2508 1300 2766 1358 subaudis
2784 1300 2993 1368 aliquo,
3016 1301 3071 1354 in
3100 1301 3307 1354 nomine
3340 1300 3453 1353 Do-

1873 1397 2002 1450 mini
2034 1395 2198 1450 nostri
2225 1393 2354 1448 Jesu
2381 1391 2596 1456 Christi,
2631 1392 2684 1446 in
2715 1390 2966 1446 omnibus
2998 1403 3210 1458 semper
3254 1389 3415 1444 dicite
3441 1407 3454 1443 ι

1876 1482 2016 1541 Deus
2029 1487 2083 1540 in
2095 1484 2420 1554 adjutorium
2444 1499 2616 1537 meum
2631 1481 2838 1536 intende
2859 1480 3032 1553 (Psal.
3050 1489 3222 1550 LXIX),
3239 1489 3293 1535 et
3318 1495 3461 1534 sem-

1873 1589 1974 1647 per
1999 1589 2195 1629 nomen
2224 1573 2438 1629 Domini
2469 1573 2755 1637 invocate;
2790 1572 2989 1641 gratias
3023 1580 3229 1641 agentes
3264 1568 3370 1624 Deo
3411 1578 3460 1622 et

1881 1665 2031 1719 Patri
2053 1681 2145 1734 per
2172 1665 2364 1733 ipsum,
2395 1663 2449 1717 id
2475 1670 2558 1718 est
2582 1677 2678 1732 per
2703 1661 2977 1716 Christum
3009 1679 3021 1714 :
3055 1661 3182 1731 quia
3221 1660 3336 1730 ipse
3378 1667 3462 1714 est

1876 1756 2146 1813 mediator
2171 1763 2354 1810 noster
2389 1763 2444 1810 et
2478 1756 2531 1810 in
2569 1755 2672 1809 ﬁde
2707 1753 2823 1821 ejus
2861 1754 3152 1810 salvamur.

264 1863 454 1920 Sancti
483 1862 657 1917 dilecti
685 1877 850 1917 unum
879 1869 983 1917 est.
1037 1858 1249 1914 Viscera
1288 1855 1677 1918 misericordite,
1718 1853 1773 1908 id
1802 1835 1848 1894 Β
1945 1847 2220 1914 Mulieres,
2242 1846 2464 1902 subdita:
2491 1855 2652 1901 estote
2678 1847 2823 1911 viris,
2860 1846 2994 1900 sicut
3021 1852 3240 1914 Oportet,
3271 1843 3326 1897 in
3357 1841 3463 1896 Do-

193 1964 274 2010 est
300 1952 704 2008 misericordem
732 1951 1084 2007 voluntatem.
1124 1947 1344 2002 Viscera
1372 1945 1627 2000 dicuntur
1653 1943 1769 1998 ﬁlii.

112 2053 119 2060 '
195 2048 390 2105 Viscus
436 2046 600 2100 etiam
628 2042 897 2114 signiﬁcat
939 2039 1282 2111 singulariter
1316 2035 1774 2108 promptissimam

193 2149 246 2195 et
282 2139 484 2192 bonam
511 2135 874 2199 voluntatem;
912 2131 1300 2202 benignitatem,
1331 2129 1386 2183 id
1416 2137 1500 2182 est
1523 2140 1774 2196 magnam

193 2240 247 2295 et
272 2229 472 2283 bonam
503 2225 868 2290 voluntatem;
910 2221 1243 2285 modestiam,
1273 2219 1327 2274 id
1351 2226 1435 2274 est
1465 2223 1779 2272 mansuetu-

196 2322 412 2385 dinem;
440 2319 768 2390 patientiam,
795 2313 1054 2392 subaudis
1083 2314 1139 2370 in
1188 2311 1482 2368 tolerandis
1509 2309 1772 2366 adversis.

262 2409 643 2480 Supportantes
695 2408 933 2463 invicem.
995 2406 1328 2476 Supportare
1377 2418 1476 2458 nos
1533 2400 1778 2472 praacipit

197 2501 486 2572 Apostolus
533 2499 764 2554 invicem
813 2496 1109 2553 secundum
1157 2493 1326 2549 illud:
1357 2493 1507 2547 Alter
1554 2491 1779 2548 alterius

196 2609 366 2648 onera
404 2588 637 2663 portate.
692 2589 852 2647 Verbi
878 2591 1052 2662 gratia
1079 2606 1093 2642 :
1120 2589 1212 2645 ille
1247 2588 1339 2659 qui
1371 2587 1653 2643 continens
1673 2595 1774 2652 est,

196 2695 249 2739 et
273 2693 363 2738 est
389 2683 506 2738 sine
529 2695 696 2736 uxore
725 2691 780 2738 et
809 2682 934 2737 ﬁliis
960 2722 974 2746 ,
1009 2689 1064 2736 et
1087 2679 1326 2734 abundat
1353 2677 1557 2734 divitiis
1597 2677 1779 2733 bonis-

197 2789 308 2844 que
340 2772 746 2843 temporalibus,
778 2771 936 2827 debet
960 2771 1110 2826 illum
1137 2770 1227 2840 qui
1255 2769 1594 2824 incontinens
1621 2777 1704 2822 est
1727 2773 1782 2822 et

197 2865 366 2920 habet
393 2879 616 2919 uxorem
645 2873 702 2919 et
733 2862 896 2929 ﬁlios,
938 2869 1243 2919 sustentare
1271 2861 1318 2916 si
1345 2861 1638 2916 necessitas
1661 2858 1782 2927 fue-

200 2956 294 3010 rit.
327 2954 419 3008 Sic
450 2953 516 3010 de
541 2953 755 3009 caeteris
785 2953 1203 3008 necessitatibus
1227 2950 1628 3021 intelligendum
1655 2947 1780 3003 imi-

199 3047 371 3102 tando
408 3060 619 3112 cervos,
647 3045 739 3115 qui
766 3052 1110 3100 transeuntes
1132 3057 1229 3114 per
1249 3040 1464 3112 aliquod
1489 3039 1688 3096 fretum
1714 3040 1784 3095 ad

199 3137 462 3202 insulam,
500 3143 593 3190 aut
618 3135 760 3190 ultra
789 3133 1040 3200 fluvium,
1073 3141 1450 3188 sustentantur
1473 3139 1529 3186 et
1556 3145 1784 3201 suppor-

1874 1940 2036 1994 mino.
2053 1937 2264 2005 Mulier,
2292 1946 2513 2008 propter
2547 1937 2780 2006 culpam,
2821 1937 3034 1991 subdita
3052 1945 3137 1991 est
3163 1936 3299 1999 viro,
3328 1935 3461 1988 sicut

1875 2037 2095 2099 oportet,
2118 2029 2174 2082 in
2193 2027 2438 2093 Domino,
2463 2027 2602 2082 sicut
2616 2026 2857 2098 praecipit
2879 2027 3138 2080 Dominus
3154 2026 3206 2079 in
3228 2024 3419 2080 Genesi
3444 2037 3461 2078 :

1879 2117 1989 2173 Sub
2030 2119 2127 2172 viri
2166 2126 2419 2188 potestate
2450 2118 2573 2183 eris,
2603 2127 2650 2171 et
2685 2117 2793 2183 ipse
2819 2117 3176 2170 dominabitur
3207 2116 3284 2170 tui
3306 2115 3461 2187 (Cen.

1878 2207 1985 2276 ιιι).
2035 2206 2095 2262 In
2121 2207 2418 2277 primordio
2443 2207 2711 2277 siquidem
2735 2205 2858 2260 ﬁdei
2879 2194 3034 2262 erant
3059 2205 3237 2261 multa:
3272 2204 3466 2260 mulien

1879 2313 1990 2363 res,
2017 2287 2138 2366 quas
2166 2283 2224 2353 se
2254 2311 2417 2353 causa
2457 2297 2731 2367 religionis
2759 2296 3104 2353 abstinebant
3131 2311 3161 2350 a
3192 2295 3468 2351 consortio

1879 2387 2217 2453 maritorum,
2259 2401 2396 2456 quas
2426 2387 2586 2442 modo
2620 2386 2914 2456 alloquitur
2944 2386 3230 2457 Apostolus
3260 2386 3477 2456 specia--

1879 2473 2024 2541 liter,
2055 2489 2125 2530 ne
2146 2483 2430 2546 propterea
2464 2475 2591 2544 quia
2627 2491 2657 2529 a
2699 2476 2843 2531 coitu
2870 2477 3108 2530 virorum
3133 2490 3193 2530 se
3227 2475 3474 2550 abstines

1878 2566 2031 2632 bant,
2053 2567 2372 2623 resisterent
2392 2566 2547 2632 viris,
2570 2565 2914 2630 rebellarent,
2947 2566 3060 2620 sive
3083 2571 3465 2636 repugnarent.

1882 2657 2036 2714 Sicut
2080 2659 2226 2713 enim
2267 2668 2454 2714 sancta
2491 2657 2730 2714 Ecclesia
2772 2659 3011 2729 subjecta
3045 2667 3130 2713 est
3175 2673 3374 2727 sponso
3413 2667 3469 2714 et

1879 2749 1999 2805 viro
2026 2764 2124 2805 suo
2159 2747 2394 2814 Christo,
2425 2749 2500 2804 ita
2537 2750 2697 2805 debet
2728 2763 2848 2804 esse
2883 2763 3215 2818 unaquaeque
3251 2746 3482 2820 mulier.

1883 2838 2052 2893 Erant
2075 2841 2239 2895 etiam
2266 2839 2422 2894 multi
2456 2840 2581 2904 viri,
2624 2840 2716 2909 qui
2755 2839 3006 2894 similiter
3050 2838 3394 2894 abstinebant
3438 2851 3471 2892 a

1884 2931 2029 2986 coitu
2057 2927 2145 2986 vel
2172 2930 2266 3002 qui
2293 2946 2419 2986 cum
2451 2931 2573 2987 aliis
2602 2931 2916 2987 mulieribus
2942 2932 3181 2996 coibant,
3204 2939 3255 2986 et
3283 2930 3473 2985 verbe-

1884 3024 2080 3079 rabant
2107 3038 2304 3080 uxores
2325 3038 2473 3089 suas,
2515 3037 2583 3079 ne
2623 3023 2726 3078 illa:
2767 3023 3016 3079 similiter
3042 3038 3165 3078 cum
3193 3023 3474 3092 aliisuage-

1886 3121 2031 3179 rent,
2071 3127 2174 3169 nec
2215 3112 2418 3182 aliquid
2463 3113 2726 3169 auderent
2760 3129 3103 3170 murmurare
3139 3122 3328 3169 contra
3358 3128 3483 3182 eos,“

197 3236 392 3282 tantur
433 3226 500 3281 ad
535 3225 787 3291 invicem,
830 3232 1072 3281 mentum
1118 3238 1322 3294 ponens
1349 3236 1580 3292 sequens
1625 3236 1786 3291 super

1893 3220 2029 3277 quos
2059 3205 2308 3262 similiter
2333 3205 2642 3276 alloquitur.

199 3317 396 3382 clunes
440 3315 658 3386 prioris,
705 3323 761 3371 et
806 3315 1008 3370 lassato
1046 3313 1138 3384 qui
1172 3313 1324 3384 prior
1362 3313 1662 3377 incedebat,
1695 3312 1787 3368 dat

199 3407 386 3462 locum
407 3413 468 3459 ut
498 3411 754 3470 transeat,
781 3412 837 3460 et
863 3405 980 3475 ipse
1005 3411 1170 3476 ponat
1196 3404 1393 3458 iterum
1419 3411 1660 3458 mentum
1688 3417 1784 3458 su-

201 3512 305 3568 per
332 3495 516 3550 clunes
561 3495 768 3562 ultimi;
815 3504 863 3549 et
903 3494 1176 3559 donantes,
1225 3494 1278 3548 id
1307 3502 1391 3549 est
1425 3493 1784 3564 indulgentes,

199 3591 244 3658 si
269 3588 392 3659 quis
418 3586 664 3642 adversus
685 3585 909 3657 aliquem
930 3586 1079 3640 habet
1098 3585 1404 3658 quwrelam,
1425 3584 1479 3639 id
1506 3593 1786 3641 estveram

203 3677 602 3736 causationem.
653 3675 814 3731 Verbi
861 3674 1332 3746 gratia:Abstulit
1405 3675 1538 3730 mihi
1593 3675 1790 3744 aliquis

205 3784 410 3838 equum
435 3782 635 3834 meum,
665 3766 791 3822 dum
814 3767 1141 3822 recordabar
1164 3767 1305 3836 quod
1327 3767 1586 3821 Dominus
1608 3766 1748 3821 dixit
1773 3783 1786 3820 :

207 3859 269 3927 Si
304 3859 426 3928 quis
462 3857 745 3913 abstulerit
787 3871 908 3926 qua}
944 3865 1037 3911 tua
1066 3865 1210 3921 sunt,
1245 3871 1311 3910 ne
1341 3867 1586 3926 repetas,
1623 3857 1792 3912 debeo

207 3944 270 4004 ei
290 3948 591 4012 dimittere,
625 3947 704 4002 sic
725 3947 792 4001 de
821 3947 970 4001 omni
1001 3962 1064 4002 re
1086 3953 1142 4000 et
1168 3947 1482 4001 commisso.
1510 3946 1658 4000 Sicut
1683 3945 1793 3999 Do-

209 4039 389 4094 minus
430 4036 642 4092 donavit
671 4035 835 4101 vobis,
875 4037 951 4088 ita
993 4043 1041 4089 et
1078 4050 1186 4088 vos.
1221 4034 1372 4089 Sicut
1409 4034 1657 4091 Christus
1701 4034 1794 4104 qui

207 4143 340 4196 cum
373 4142 482 4181 non
510 4127 736 4181 haberet
773 4125 916 4195 quod
957 4125 1008 4179 ei
1033 4123 1415 4190 dimitteretur,
1458 4124 1663 4179 dimisit
1702 4138 1798 4179 no-

206 4211 306 4274 bis
347 4219 527 4272 omnia
553 4225 775 4286 peccata
805 4217 859 4270 in
887 4215 1230 4287 baptismate,
1263 4215 1339 4270 ita
1382 4224 1437 4271 et
1479 4231 1580 4271 nos
1609 4215 1794 4270 dimit-

212 4318 400 4363 tamus
438 4308 682 4380 proximo
708 4307 759 4361 in
788 4321 886 4362 nos
911 4306 1179 4377 peccanti,
1224 4307 1316 4377 qui
1354 4307 1615 4362 habemus
1655 4307 1798 4377 quod

211 4400 376 4459 nobis
407 4400 711 4455 dimittatur
736 4408 791 4453 et
814 4414 842 4452 a
876 4398 987 4454 Deo
1020 4406 1076 4452 et
1100 4413 1128 4452 a
1158 4397 1426 4468 proximo.

1970 3300 2106 3367 Viri,
2133 3299 2332 3371 diligite
2368 3317 2558 3356 uxores
2588 3310 2804 3367 vestras,
2829 3310 2875 3355 et
2897 3299 3054 3355 nolite
3079 3301 3250 3355 amari
3274 3316 3384 3356 esse
3401 3301 3473 3355 ad

1885 3390 2030 3457 illas,
2060 3391 2114 3447 id
2139 3399 2224 3446 est
2245 3391 2290 3447 si
2322 3391 2600 3447 sustinetis
2633 3390 2701 3446 ad
2731 3400 2940 3459 tempus
2969 3405 3000 3445 a
3025 3390 3170 3447 coitu
3195 3406 3358 3446 causa
3384 3405 3473 3446 re-

1887 3481 2101 3555 ligionis
2133 3482 2216 3537 vel
2251 3483 2377 3553 quia
2410 3498 2532 3538 eum
2555 3483 2674 3538 aliis
2697 3484 3019 3548 concubitis,
3045 3483 3210 3539 nolite
3229 3499 3322 3542 eas
3350 3499 3478 3554 pro-

1886 3588 2072 3650 pterea
2124 3580 2193 3632 ad
2247 3578 2666 3632 amaritudinem
2718 3592 3034 3648 provocare.
3095 3577 3201 3633 Sed
3247 3579 3478 3647 quaestio

1889 3672 1980 3726 hic
2006 3670 2202 3734 oritur,
2227 3685 2397 3740 quare
2421 3668 2710 3739 Apostolus
2738 3684 2964 3724 uxorem
2991 3669 3314 3738 diligendam
3341 3684 3480 3740 prte-

1890 3763 2032 3818 dieet
2052 3780 2065 3816 :
2083 3778 2204 3816 cum
2221 3761 2478 3816 Dominus
2498 3761 2674 3816 dicat:
2693 3761 2838 3828 Qui..
2851 3802 2864 3815 .
2885 3778 2988 3815 non
3000 3763 3178 3816 odit...
3193 3779 3477 3818 uxorem...

1891 3867 1993 3904 non
2021 3861 2183 3921 potest
2211 3869 2355 3907 meus
2380 3868 2491 3906 esse
2521 3852 2851 3918 discipulus?
2877 3853 2892 3912 (
2901 3853 3027 3906 Luc.
3060 3853 3195 3924 XIV.)
3218 3855 3347 3921 Qua:
3368 3855 3477 3910 hoc

1891 3943 2054 3996 modo
2073 3943 2318 4008 solvitur,
2336 3951 2667 4012 utquantum
2687 3945 2840 3997 nobis
2851 3953 3006 4012 pater
3025 3952 3076 3998 et
3097 3955 3293 4009 mater,
3310 3946 3478 4004 frater

1895 4045 2055 4107 atque
2105 4052 2244 4091 uxor
2287 4053 2386 4108 per
2431 4023 2808 4106 c0gnationem
2847 4037 3027 4090 carnis
3067 4036 3296 4104 proximi
3334 4047 3480 4102 sunt,

1896 4126 2180 4197 diligamus
2224 4141 2335 4192 eos,
2388 4135 2442 4181 et
2478 4127 2529 4181 in
2561 4134 2820 4196 quantum
2869 4126 3025 4181 nobis
3052 4127 3390 4182 adversarios
3427 4128 3481 4182 in

1895 4218 1984 4273 via
2022 4217 2118 4272 Dei
2159 4219 2536 4289 cognoscimus
2575 4233 2714 4283 esse,
2749 4218 2981 4274 odiendo
3025 4218 3225 4274 malum
3268 4235 3480 4286 eorum,

1897 4317 1952 4366 et
1997 4307 2250 4379 fugiendo
2297 4310 2620 4367 nesciamus.

1968 4399 2139 4468 Filii,
2178 4402 2377 4456 obedite
2412 4403 2712 4473 parentibus
2746 4444 2760 4468 ,
2805 4403 2856 4457 id
2895 4411 2978 4458 est
3009 4403 3152 4472 patri
3188 4411 3243 4457 et
3281 4409 3440 4458 matri
3463 4443 3480 4470 ,

294 4491 467 4558 Super
495 4490 669 4543 omnia
693 4499 865 4542 autem
887 4489 998 4542 haec
1019 4488 1265 4557 superius
1295 4489 1458 4555 dicta,
1488 4489 1796 4544 charitatem
1824 4557 1871 4568 _‘
1900 4511 1993 4568 per
2037 4496 2245 4560 omnia,
2299 4495 2557 4550 subaudis
2599 4511 2720 4564 qua:
2758 4496 2867 4551 Deo
2914 4495 3144 4565 placent.
3195 4493 3251 4551 Si
3302 4504 3484 4552 autem

212 4581 422 4645 habete,
477 4581 616 4651 quod
669 4593 742 4634 est
786 4579 1052 4634 vinculum
1107 4579 1458 4650 perfectionis.
1515 4579 1798 4635 Vinculum
1824 4557 2258 4655 Dprzeceperint
2301 4585 2454 4641 vobis
2497 4586 2870 4650 homicidium,
2921 4585 3122 4640 furtum
3150 4625 3166 4651 ,
3208 4585 3486 4655 rapinam,

215 4672 365 4728 enim
391 4671 737 4740 perfectionis
756 4681 839 4725 est
877 4670 1134 4735 Charitas,
1167 4670 1291 4739 quia
1323 4686 1419 4739 per
1445 4670 1589 4725 illam
1619 4672 1801 4726 omnia

217 4763 365 4817 bona
408 4761 646 4832 ligantur
679 4777 744 4816 ne
779 4769 1040 4832 pereant:
1070 4762 1148 4816 sic
1191 4761 1352 4816 homo
1382 4777 1480 4830 pro
1513 4761 1802 4818 dilectione

219 4851 321 4908 Dei
367 4861 423 4906 et
461 4850 694 4921 proximi
735 4851 914 4904 omnia
961 4851 1108 4920 agit:
1139 4851 1279 4905 unde
1317 4851 1518 4908 dicitur
1560 4851 1800 4919 dilectio,

219 4945 352 5018 quia
382 4945 514 5001 duos
550 4943 797 5000 homines
825 4943 973 5014 ligat,
1012 4943 1096 4997 vel
1140 4944 1416 4998 hominem
1443 4953 1498 4999 ει
1521 4944 1720 5011 Deum;
1746 4947 1801 4999 in

217 5051 354 5106 qua,
395 5034 650 5089 subaudis
685 5049 819 5104 pace
861 5033 943 5087 vel
967 5033 1255 5098 charitate,
1281 5035 1445 5087 vocati
1468 5035 1590 5088 estis
1613 5035 1671 5088 in
1699 5052 1804 5090 uno

223 5141 472 5196 corpore,
507 5133 568 5179 ut
588 5141 754 5179 unum
779 5140 976 5195 corpus
1004 5122 1204 5178 Christi
1237 5124 1372 5187 sitis,
1399 5137 1444 5178 et
1466 5127 1601 5194 grati
1626 5123 1805 5192 estote,

225 5216 283 5273 id
307 5224 392 5272 est
421 5216 644 5289 gratiosi
673 5224 844 5272 estote
864 5224 920 5270 et
947 5216 1154 5284 accepti
1179 5223 1287 5268 tam
1315 5216 1424 5270 Deo
1444 5231 1606 5285 quam
1636 5217 1810 5274 homi-

227 5305 414 5362 nibus.

304 5395 372 5450 Et
396 5397 604 5452 verbum
631 5395 848 5460 Christi,
893 5396 945 5450 id
973 5405 1055 5451 est
1081 5397 1391 5467 evangelica
1415 5396 1684 5465 doctrina,
1714 5401 1812 5455 Ita-

228 5490 356 5545 bitet
378 5492 432 5544 in
468 5491 627 5555 vobis,
680 5491 734 5546 id
761 5501 845 5545 est
883 5491 938 5544 in
973 5491 1156 5555 corde,
1183 5507 1298 5556 ore,
1327 5501 1380 5546 et
1406 5506 1568 5562 opere
1605 5502 1807 5559 vestro,

229 5591 281 5633 et
308 5596 414 5650 pax
439 5580 634 5636 Christi
656 5580 896 5645 exsultet,
924 5581 995 5633 ita
1018 5582 1183 5636 etiam
1206 5598 1325 5648 vos,
1354 5584 1404 5636 in
1427 5593 1682 5652 quantum
1714 5585 1810 5639 hu-

233 5685 396 5738 mana
427 5672 688 5742 fragilitas
729 5681 906 5741 potest
932 5688 1180 5739 servare,
1214 5675 1331 5728 sine
1362 5676 1567 5745 peccati
1604 5677 1810 5732 macula

233 5774 542 5836 manentes,
595 5776 653 5822 ut
678 5767 922 5822 habeatis
965 5767 1021 5821 in
1050 5767 1199 5823 vobis
1241 5768 1501 5839 Spiritum
1541 5779 1806 5840 sanctum,

1902 4685 1996 4730 aut
2029 4675 2228 4745 aliquid
2265 4676 2368 4730 tale
2402 4686 2732 4746 perpetrare,
2767 4677 2931 4732 nolite
2959 4677 3180 4758 obedire
3207 4676 3332 4732 illis.
3362 4677 3482 4733 Hoc

1903 4770 2040 4822 enim
2075 4767 2325 4838 placitum
2363 4777 2437 4822 est
2475 4770 2530 4822 in
2574 4769 2824 4835 Domino,
2851 4761 3192 4825 subaudis'ut
3223 4770 3489 4826 obediatis

1901 4862 2000 4916 eis.
2049 4861 2260 4926 Patres,
2305 4863 2469 4918 nolite
2510 4863 2578 4917 ad
2628 4863 2960 4918 iracundiam
3008 4877 3304 4932 provocare
3350 4862 3493 4918 ﬁlios

1901 4959 2133 5016 vestros,
2182 4960 2242 5005 ut
2279 4968 2384 5005 non
2423 4952 2616 5020 pusillo
2657 4954 2839 5007 animo
2876 4954 3041 5018 ﬁant,
3080 4954 3132 5007 id
3171 4963 3256 5010 est
3292 4961 3352 5006 ut
3380 4968 3489 5008 non

1907 5043 2211 5111 eanpcrati
2253 5057 2282 5097 a
2332 5043 2485 5098 vobis
2530 5044 2663 5098 ﬁant
2701 5045 2968 5108 iracundi,
3015 5045 3065 5098 id
3109 5055 3194 5100 est
3235 5044 3380 5100 leves
3421 5045 3490 5101 ad

1909 5133 2271 5200 irascendum,
2322 5135 2415 5189 sed
2455 5145 2638 5191 vestro
2687 5136 2936 5207 exemplo
2980 5136 3192 5192 discant
3232 5150 3353 5192 esse
3389 5150 3488 5206 pa-

1912 5227 2127 5281 tientes.

1983 5314 2150 5382 Servi,
2195 5317 2396 5370 obedite
2432 5316 2659 5372 dominis
2699 5334 2790 5388 per
2841 5318 3038 5381 omnia,
3077 5317 3333 5372 subaudis
3370 5329 3494 5386 qua

1901 5406 2023 5463 ‘Deo
2062 5423 2168 5462 non
2213 5407 2521 5476 displicent.
2575 5407 2729 5464 Servi
2770 5423 2878 5462 non
2913 5415 3037 5462 sunt
3076 5421 3174 5476 per
3219 5416 3492 5474 naturam,

1912 5498 2005 5552 sed
2037 5513 2132 5568 per
2167 5497 2377 5568 culpam
2399 5509 2454 5556 et
2475 5507 2694 5572 propter
2717 5508 3019 5572 peccatum,
3049 5499 3188 5554 sicut
3209 5497 3487 5564 Chanaan,

1914 5589 2055 5645 ﬁlius
2076 5590 2264 5645 Cham.
2308 5590 2539 5662 Propter
2559 5600 2835 5662 peccatum
2856 5592 3002 5646 enim
3022 5591 3168 5646 venit
3187 5589 3491 5659 captivitas.

1912 5689 1966 5734 et
1997 5697 2091 5751 per
2114 5683 2478 5751 captivitatem
2502 5684 2752 5739 servitus.
2801 5684 2952 5740 Unde
2984 5684 3059 5738 illi
3090 5681 3178 5752 qui
3207 5679 3492 5735 servaban—

1917 5781 2002 5827 tur
2028 5773 2095 5828 ab
2122 5773 2389 5839 hostibus,
2426 5791 2454 5827 a
2491 5775 2754 5831 servando
2777 5776 2904 5831 dicti
2925 5783 3054 5831 sunt
3085 5771 3245 5836 servi,
3269 5779 3321 5824 ct
3347 5785 3470 5824 man
