3996 6456
523 372 628 427 767

988 372 1339 429 HAYMONIS
1373 358 1849 429 liALBERSTAT.
1889 361 2101 429 EPISC.
2144 370 2295 431 ore.
2331 371 2509 429 rans
2546 373 2585 433 l.
2618 405 2687 416 —
2719 372 3075 435 comem.
3112 371 3281 428 BlBL.

3678 368 3793 427 668

598 484 780 558 Neque
822 489 875 540 in
917 488 1185 541 occasione
1227 488 1463 543 avaritia:
1508 487 1945 557 prmdicavimus,
1999 491 2093 541 aut
2116 485 2168 546 Α
2193 497 2354 548 vano,
2369 500 2634 540 remanere
2658 486 3207 551 Athenis,etmisimus
3230 487 3297 540 ad
3321 474 3405 540 vos
3421 485 3787 561 Timotheum.

522 585 745 647 propter
774 575 1115 644 cupiditatem
1142 575 1563 645 pnedicaremus
1596 576 1769 632 vobis.

598 660 866 732 Tanquam
895 664 940 715 si
972 663 1149 717 nutrix
1178 663 1346 733 foveat
1368 664 1506 732 ﬁlios
1532 681 1674 731 suos,
1701 663 1958 741 subaudis
1984 678 2089 725 non

521 746 750 816 alienos,
778 751 849 804 ita
875 745 1150 821 diligimus
1176 767 1292 808 vos.
1319 752 1505 808 Solent
1525 752 1777 809 mulieres
1802 752 2091 808 luxuriosa:

521 840 713 898 divites
736 851 792 896 et
819 842 1211 899 incontinentes
1238 845 1578 900 committere
1622 844 1759 899 ﬁlios
1806 858 1933 899 suos
1968 842 2090 900 aliis

518 931 835 987 mulieribus
863 931 930 986 ad
968 933 1335 1000 nutriendum,
1378 949 1498 1004 qua:
1547 934 1673 991 licet
1714 935 1962 1005 pabulum
2009 936 2092 994 eis

517 1021 846 1087 ministrent,
874 1033 1053 1079 tamen
1080 1039 1189 1079 non
1230 1039 1296 1081 eo
1340 1023 1534 1081 aﬁ'ectn
1581 1025 1808 1094 diligunt
1860 1025 1981 1082 illos
2029 1033 2090 1085 ut
2194 1076 2197 1077 ν

516 1112 790 1182 pr0prios,
815 1114 907 1168 sed
937 1124 995 1167 ut
1044 1114 1351 1170 mercedem
1403 1114 1752 1186 temporalem
1798 1115 2085 1185 accipiant.

516 1200 726 1256 Psendo
741 1217 869 1272 ergo
898 1203 1125 1274 apostoli
1148 1219 1254 1259 non
1284 1205 1479 1262 aﬁ‘ectn
1513 1216 1760 1261 materno
1796 1205 2090 1276 diligebant

516 1305 633 1355 eos,
665 1291 759 1347 sed
788 1300 847 1345 ut
873 1291 1021 1348 lucra
1052 1295 1360 1363 temporalia
1390 1296 1457 1350 ab
1485 1295 1564 1351 eis
1590 1296 1917 1365 acciperent.
1940 1295 2082 1365 Apo-

516 1380 686 1435 stolus
712 1390 895 1436 autem
944 1381 1141 1439 Paulus
1190 1385 1428 1454 sociique
1474 1385 1590 1455 ejus
1631 1400 1738 1441 non
1798 1394 1859 1439 nt
1906 1385 2088 1439 nutrix

517 1469 693 1524 aliena
727 1471 1020 1541 diligebant
1045 1473 1186 1539 illos,
1216 1474 1310 1528 sed
1340 1482 1399 1528 ut
1442 1483 1619 1530 mater
1656 1474 1877 1529 unicum
1920 1472 2087 1527 ﬁlium

518 1558 664 1613 fovet
694 1559 888 1615 atl‘ectu
923 1571 1191 1630 materno,
1220 1563 1294 1618 ita
1330 1561 1445 1634 ipse
1486 1564 1744 1635 diligebat
1793 1579 1917 1631 eos,
1960 1564 2087 1635 quia

517 1650 632 1722 ipse
658 1652 865 1724 primus
892 1654 1077 1724 genuit
1105 1669 1198 1710 eos
1220 1655 1275 1709 in
1296 1655 1402 1711 ﬁde
1426 1656 1649 1711 Christi.

588 1742 843 1797 Memores
863 1745 1004 1810 estis,
1030 1745 1242 1814 fratres,
1264 1746 1457 1801 laboris
1480 1749 1642 1803 nostri
1665 1758 1713 1802 et
1740 1748 2083 1820 fatigationis.

516 1830 817 1886 Laborabat
841 1833 1128 1903 Apostolus
1158 1835 1210 1890 in
1244 1836 1627 1906 pmdicaﬁone
1667 1845 1723 1892 et
1764 1852 1927 1907 opere
1966 1853 2087 1891 ma-

515 1939 679 1977 nuum
705 1938 771 1978 eo
800 1925 958 1981 modo
978 1941 1087 1996 quo
1109 1942 1251 1997 saepe
1272 1926 1527 1983 diximus.
1550 1927 1618 1982 Et
1636 1942 1803 1997 quare
1823 1926 2088 1982 laboravit

512 2011 663 2082 ipse?
691 2012 760 2068 Ut
788 2029 894 2068 non
920 2024 1063 2070 esset
1086 2017 1312 2073 otiosus.
1338 2015 1526 2073 Omnis
1552 2019 1758 2074 otiosus
1784 2018 1837 2073 in
1869 2017 2084 2074 deside-

511 2103 610 2159 riis
633 2112 716 2161 est
745 2123 760 2161 :
793 2112 936 2161 etut
971 2106 1086 2176 ipse
1128 2123 1296 2178 prava
1347 2108 1612 2165 desideria
1663 2108 1838 2165 vitare
1880 2117 2089 2180 posset,

512 2198 698 2256 labore
726 2217 984 2257 manuum
1011 2203 1317 2260 insistebat.

583 2288 717 2344 Cum
775 2293 1098 2364 accepissetis
1134 2295 1343 2351 verbum
1388 2295 1601 2351 auditus
1654 2295 1775 2363 Dei,
1814 2296 2085 2367 accepistis

512 2375 670 2446 illud,
699 2396 801 2433 non
827 2390 883 2435 ut
921 2382 1129 2441 verbum
1149 2384 1438 2439 hominum.
1461 2383 1698 2440 Verbum
1741 2386 2085 2455 prmdicatio-

510 2466 597 2521 nis
620 2468 761 2537 quod
790 2470 1080 2541 Apostolus
1116 2473 1465 2544 praedicabat,
1493 2488 1522 2529 a
1552 2476 1665 2531 Deo
1705 2475 1969 2545 audierat.
2016 2476 2086 2543 Et

508 2558 590 2616 sic
614 2574 975 2633 perceperunt
995 2564 1126 2620 illud
1142 2565 1677 2635 Thessalonicenses,
1702 2570 1859 2639 quasi
1880 2571 1947 2627 ab
1968 2571 2085 2641 ipso

513 2651 731 2709 Christo
758 2656 1009 2711 audirent
1034 2673 1134 2728 per
1157 2660 1527 2729 praesentiam.

581 2741 722 2807 Quia
744 2743 922 2798 eadem
943 2747 1082 2815 passi
1110 2748 1232 2802 estis
1259 2765 1293 2801 a
1311 2748 1688 2803 contribuiibus
1707 2750 1888 2806 uestris
1900 2767 2016 2821 quae
2035 2760 2086 2808 et

510 2831 613 2902 ipsi
634 2848 666 2885 a
688 2832 911 2888 Iudaeis.
943 2835 1285 2895 Contribules
1309 2840 1559 2896 dicuntur
1586 2842 1681 2912 qui
1708 2858 1776 2896 ex
1808 2858 1913 2899 una
1938 2844 2082 2901 tribu

509 2930 653 2977 sunt.
681 2921 971 2980 Crescente
999 2925 1163 2997 igitur
1184 2927 1289 2983 ﬁde
1313 2929 1524 2985 Domini
1565 2929 1620 2985 in
1665 2929 1871 2996 Iudaea,
1897 2945 2081 3003 perse~

508 3015 782 3070 cntionem
810 3018 1150 3074 sustinebant
1190 3022 1474 3078 credentes
1504 3023 1572 3078 ab
1610 3023 1925 3090 incredulis,
1966 3024 2080 3079 Rn-

508 3102 707 3160 benita:
727 3121 758 3162 a
781 3106 1087 3175 Rubenitis,
1115 3107 1357 3167 Gadditaa
1385 3127 1417 3166 a
1443 3110 1706 3175 Gadditis,
1736 3114 1986 3170 similiter
2011 3129 2080 3173 ex

506 3196 758 3253 omnibus
787 3198 1033 3256 tribubus
1064 3218 1078 3255 :
1116 3201 1192 3257 ita
1220 3209 1275 3256 et
1298 3201 1810 3260 Thessalonicenses
1856 3204 2080 3260 creden-

508 3295 592 3343 tes
626 3303 657 3342 a
686 3304 792 3344 non
825 3291 1167 3348 credentibus
1191 3293 1305 3349 suis
1329 3294 1742 3362 contribulibus,
1767 3295 1821 3353 id
1842 3304 1928 3351 est
1965 3297 2079 3353 suis

505 3383 716 3440 civibus
743 3393 800 3440 et
836 3386 1029 3442 vicinis
1060 3390 1545 3459 persequebantur.

577 3472 646 3529 Ut
665 3475 938 3545 impleant,
964 3479 1220 3534 subaudis
1241 3480 1342 3549 ipsi
1370 3478 1560 3544 Iudaei,
1589 3490 1799 3549 peccata
1830 3497 1948 3535 sua.
1973 3480 2081 3535 Exi

501 3566 647 3637 pleto
674 3573 918 3636 tempore
933 3568 1331 3640 quadragesimi
1355 3568 1501 3632 anni,
1528 3569 1671 3638 quod
1696 3568 1956 3626 Dominus
1987 3571 2079 3626 de»

504 3651 586 3707 dit
606 3649 807 3709 Iudaeis
853 3654 921 3708 ad
966 3655 1358 3724 paenitentiam,
1409 3664 1531 3725 post
1573 3656 1879 3726 passionem
1923 3673 2078 3714 suam

501 3741 611 3797 illis
635 3742 945 3801 nolentibus
969 3745 1193 3801 credere
1238 3746 1503 3818 completa
1550 3756 1677 3804 sunt
1719 3759 1943 3820 peccata
1986 3767 2079 3809 eo-

500 3846 644 3896 rum,
661 3831 727 3889 de
751 3848 858 3904 qua
880 3834 1236 3905 completione
1259 3837 1396 3893 dixit
1417 3839 1496 3894 eis
1517 3837 1777 3895 Dominus
1811 3858 1825 3894 :
1856 3840 2078 3912 lmplete

497 3939 807 3981 mensuram
833 3935 1047 3996 patrum
1075 3936 1417 3984 vestrorum:
1454 3932 1670 4000 quando
1708 3939 1891 3989 autem
1934 3933 2076 4005 Apo-

497 4015 669 4072 stolus
715 4017 816 4072 ista
868 4017 1207 4089 loquebatur,
1258 4020 1433 4077 adhuc
1479 4022 1658 4078 stabat
1682 4020 1982 4079 Jerusalem
2022 4033 2078 4083 et

502 4106 800 4178 templum:
826 4107 1053 4178 ideoque
1091 4111 1320 4165 necdum
1347 4118 1507 4167 erant
1549 4111 1814 4183 completa
1852 4122 2074 4184 peccata

497 4212 685 4257 eorum
713 4213 832 4268 quae
853 4198 1119 4270 completa
1160 4209 1288 4256 sunt
1329 4202 1742 4260 advenientibus
1788 4202 2070 4260 Romanis.

497 4285 651 4342 Unde
702 4288 846 4342 enim
888 4289 1130 4358 sequitur
1157 4308 1170 4343 :
1203 4290 1437 4346 Pervenit
1468 4294 1604 4348 enim
1644 4294 1726 4349 ira
1760 4294 1879 4362 Dei,
1908 4297 1961 4352 id
1990 4305 2075 4353 est

498 4379 731 4433 vindicta
761 4380 856 4435 Dei
878 4396 1032 4451 super
1052 4382 1169 4436 illos
1190 4400 1350 4454 usque
1369 4386 1423 4439 in
1441 4385 1622 4454 ﬁnem.
1648 4386 1952 4444 Vindictam
1975 4391 2070 4454 Dei

497 4469 737 4539 appellat
783 4472 1070 4527 adventum
1119 4474 1483 4531 Romanorum
1528 4492 1543 4533 :
1599 4480 1818 4549 quando
1872 4482 2067 4551 perditi

495 4569 622 4616 sunt
646 4560 807 4627 fame,
833 4563 1158 4631 pestilentia,
1190 4564 1388 4635 gladio,
1415 4567 1747 4636 captivitate.
1786 4568 1916 4637 Quae
1953 4572 2069 4626 vin-

495 4653 639 4708 dicta
683 4655 924 4710 manebit
965 4671 1127 4725 super
1174 4655 1294 4711 illos
1331 4672 1503 4726 usque
1547 4659 1603 4713 in
1649 4659 1812 4714 ﬁnem
1855 4661 2057 4729 saeculi,

493 4748 621 4817 quia
651 4763 865 4819 semper
891 4760 1052 4804 erunt
1078 4750 1301 4819 captivi.
1332 4751 1427 4806 Vel
1453 4752 1498 4807 si
1514 4752 1831 4818 dixerimus,
1862 4770 2063 4824 praeve»

492 4840 575 4893 nit
602 4839 715 4893 sive
734 4841 1008 4895 antevenit
1036 4840 1154 4895 illos
1180 4841 1263 4895 ira
1300 4841 1417 4907 Dei,
1441 4843 1581 4897 sicut
1603 4843 1822 4913 quidam
1849 4845 2067 4901 codices

491 4928 712 4995 habent,
730 4930 833 4985 erit
855 4945 1045 4985 sensus
1071 4947 1084 4982 :
1110 4929 1377 4984 Prtevenit
1401 4946 1493 4986 eos
1512 4932 1745 4988 vindicta
1769 4934 1861 4988 Dei
1886 4935 1939 4989 in
1962 4936 2066 4992 hoc

490 5023 845 5094 satculo,quae
869 5004 1210 5092 permanebit
1230 5037 1400 5092 usque
1430 5023 1483 5078 in
1506 5024 1689 5080 ﬁnem.
1712 5025 1843 5092 Quae
1865 5026 2067 5083 idcirco

491 5090 689 5169 dicitur
709 5090 1008 5185 praevenire
1028 5090 1329 5183 illos,qnia-
1344 5113 1638 5171 vindictam
1672 5090 1837 5171 futuri
1853 5110 2065 5188 indicii,

492 5202 548 5258 in
571 5220 675 5274 qua
702 5203 1030 5273 geternaliter
1050 5204 1452 5275 damnabuntur
1475 5207 1738 5276 praevenit
1764 5207 1872 5264 ista
1924 5217 2063 5264 tem-

490 5295 711 5365 poralis,

500 5436 505 5453 ,
561 5384 792 5442 Desolati
816 5405 849 5444 a
872 5387 1011 5455 vobis
1036 5401 1155 5452 ore,
1180 5388 1235 5443 id
1280 5394 1688 5459 est,.sermone,
1713 5386 2066 5461 collocutione

492 5473 1019 5550 familiari,.aspectu,
1046 5480 1100 5539 id
1130 5486 1215 5535 est
1241 5478 1530 5548 prresentia
1552 5477 1821 5551 corporis,
1844 5478 1937 5534 sed
1962 5494 2065 5535 non

490 5565 665 5635 corde,
698 5569 750 5629 id
774 5579 858 5626 est
884 5568 1079 5625 all‘ectu
1096 5570 1423 5626 dilectionis.
1580 5560 1587 5563 ’

504 5700 509 5728 :
772 5730 779 5733 λ
912 5710 915 5717 .
964 5712 969 5721 .
1102 5660 1331 5717 CAPUT
1370 5659 1456 5714 Ill.

528 5798 533 5803 .
560 5746 946 5829 Placuitnobis
977 5751 1133 5834 satis,
1158 5752 1566 5833 SDiiQUtliS'mihi
1588 5761 1644 5825 pt
1670 5754 1809 5835 Sila;
1840 5753 1920 5809 \‘el
1960 5754 2060 5810 Sil-

2264 574 2374 643 Ipsi
2398 564 2533 629 enim
2556 577 2699 630 scitis
2737 576 2875 648 quod
2914 579 2969 630 in
2993 576 3091 630 hoc
3120 577 3273 647 positi
3319 594 3526 642 sumus,
3577 576 3785 631 subau-

2193 663 2276 718 dis
2309 680 2338 717 a
2380 665 2511 730 Deo,
2542 673 2602 719 ut
2637 666 3042 736 persecutiones
3089 674 3145 722 et
3201 664 3574 720 tribolationes
3620 666 3784 721 istius

2193 753 2371 807 saeculi
2403 754 2672 823 patienter
2697 752 3333 824 snﬁ'eramus,,quateuus
3358 770 3458 825 per
3482 754 3591 811 ista
3646 764 3789 812 tear

2191 845 2397 915 poralia
2423 846 2802 918 perveniamus
2828 847 2900 901 ad
2918 846 3116 917 gaudia
3149 854 3372 915 aeterna.

2798 997 3026 1057 CAPUT
3065 998 3155 1060 IV.

2262 1096 2527 1180 Rogamus
2556 1125 2642 1164 vos
2662 1118 2712 1164 et
2733 1109 3064 1165 obsecramus
3087 1112 3143 1166 in
3163 1111 3389 1167 Domino
3426 1112 3583 1169 Iesu.
3622 1113 3791 1170 Post-

2189 1210 2350 1267 quam
2383 1196 2623 1259 laudavit
2653 1198 2941 1269 Apostolus
2968 1198 3480 1259 Thessalonicenses
3512 1205 3585 1260 de
3604 1221 3789 1276 perse-

2189 1286 2433 1341 verantia
2471 1286 2620 1353 ﬁdei,
2658 1303 2820 1358 quam
2852 1297 3297 1361 tenuerunt,,non
3326 1295 3659 1367 recipientes
3683 1296 3788 1350 [al-

2189 1387 2279 1428 sos
2307 1376 2598 1444 apostolos,
2629 1379 2910 1447 cmpiteos
2938 1379 3232 1451 exhortari,
3263 1392 3324 1439 ut
3350 1399 3573 1456 semper
3597 1386 3653 1440 in
3678 1401 3789 1440 me-

2188 1462 2293 1518 lius
2318 1466 2661 1535 proﬁcerent,
2712 1469 2978 1541 bonisque
3020 1473 3274 1540 operibus
3326 1473 3490 1530 ﬁdem
3548 1492 3787 1531 exorna-

2187 1563 2328 1621 rent,
2354 1557 2601 1627 inquiens
2634 1578 2647 1613 :
2677 1560 2951 1635 Rogamus
2977 1570 3032 1618 et
3056 1564 3428 1622 obsecramus.
3481 1566 3639 1623 Hanc
3682 1571 3783 1623 ba-

2186 1644 2279 1701 bet
2305 1647 2593 1717 Apostolus
2615 1651 3081 1719 consuetudinem,
3134 1664 3195 1709 ut
3236 1656 3403 1711 verba
3452 1673 3555 1712 sua
3609 1658 3784 1727 dupli-

2185 1742 2275 1791 cet
2297 1751 2361 1791 ac
2391 1736 2624 1807 triplicet
2651 1754 2816 1793 unum
2844 1755 3059 1813 sensgm
3084 1743 3360 1811 habentia,
3389 1747 3538 1801 sicut
3585 1747 3642 1801 in
3681 1749 3784 1804 hoc

2114 1824 2167 1883 B
2189 1823 2327 1879 loco.
2351 1824 2501 1891 Quod
2526 1827 2670 1882 enim
2696 1836 2783 1895 est
2808 1843 2999 1900 rogare
3028 1831 3081 1885 in
3106 1834 3208 1889 hoc
3255 1834 3393 1900 loco,
3443 1837 3555 1892 hoc
3598 1847 3685 1892 est
3727 1848 3783 1893 et

2188 1914 2474 1971 obsecrare
2504 1931 2519 1969 :
2548 1926 2603 1972 et
2636 1921 2776 1987 quod
2805 1920 2942 1976 dixit
2968 1921 3023 1975 in
3046 1923 3272 1979 Domino
3294 1924 3445 1992 Iesu,
3478 1929 3595 1983 tale
3614 1940 3779 1984 estne

2188 2007 2234 2063 si
2262 2007 2486 2074 diceret,
2516 2026 2613 2081 per
2639 2011 2922 2083 Dominum
2953 2013 3158 2081 Iesum.
3188 2017 3318 2087 Tale
3342 2020 3477 2088 quid
3505 2022 3778 2077 invenitur

2188 2096 2244 2152 in
2274 2100 2501 2169 epistola
2533 2101 2599 2156 ad
2633 2102 2928 2174 Hebmos:
2959 2105 3188 2163 Locutus
3211 2118 3286 2162 est
3335 2110 3488 2163 nobis
3535 2112 3598 2164 in
3644 2110 3781 2167 Filio

2188 2188 2375 2261 (Hebr.
2407 2191 2473 2265 ι),
2506 2193 2561 2249 id
2595 2203 2679 2250 est
2706 2210 2804 2267 per
2830 2196 3045 2252 Filium.
3078 2197 3146 2252 Ut
3174 2202 3630 2271 quemadntodum
3645 2223 3779 2260 acce-

2187 2280 2334 2351 pistis
2356 2299 2389 2336 a
2431 2284 2596 2349 nobis,
2630 2285 2899 2349 audiendo
2927 2296 2983 2341 et
3024 2288 3368 2361 intelligendo
3401 2305 3435 2345 a
3468 2308 3561 2348 me
3600 2303 3661 2349 et
3688 2293 3783 2349 Sil-

2189 2386 2326 2427 vano
2347 2374 2605 2443 quomodo
2633 2386 2865 2447 oporteat
2896 2395 2983 2433 vos
3011 2380 3312 2447 ambulare,
3344 2382 3397 2437 id
3443 2392 3533 2438 est
3578 2385 3779 2449 vivere,

2186 2469 2242 2518 et
2263 2478 2481 2520 cursum
2518 2465 2678 2537 huius
2702 2467 2829 2522 vita:
2853 2468 2915 2540 in
2949 2469 3108 2524 bonis
3154 2473 3410 2541 operibus
3456 2476 3780 2544 perducere,

2184 2564 2233 2610 et
2271 2555 2473 2626 placere
2525 2555 2652 2625 Deo,
2706 2560 2867 2615 ﬁdem
2911 2576 3073 2632 quam
3125 2562 3338 2620 habetis
3389 2565 3559 2620 bonis

2186 2650 2518 2716 exornando,
2545 2653 2680 2723 sicut
2722 2662 2770 2707 et
2811 2655 3117 2720 ambulatis,
3165 2656 3348 2712 vivitis
3396 2668 3457 2721 et
3491 2674 3781 2715 conversa

2186 2741 2318 2795 mini
2356 2743 2535 2807 modo,
2572 2753 2629 2803 ut
2682 2746 2957 2801 abundetis
3006 2749 3192 2819 magis,
3223 2749 3433 2820 scilicet
3482 2753 3668 2823 magis
3719 2769 3781 2806 ac

2186 2833 2359 2903 magis
2412 2834 2672 2889 crescatis
2717 2836 2771 2889 in
2803 2835 2910 2894 ﬁde
2938 2846 2995 2892 et
3020 2838 3179 2894 bonis
3197 2839 3480 2910 operibus.
3504 2841 3603 2897 llle
3639 2843 3778 2896 enim

2184 2922 2361 2993 placet
2393 2924 2521 2990 Deo,
2553 2926 2643 2995 qui
2664 2925 2837 2994 ﬁdem
2887 2936 3092 2984 rectam
3138 2946 3299 3001 quam
3326 2930 3501 2987 habet
3555 2946 3777 2987 exsecu-

2186 3014 2332 3071 tione
2366 3007 2623 3071 virtntum
2671 3016 2916 3074 decorat.
2964 3019 3040 3091 Et.
3074 3020 3164 3076 ille
3210 3022 3347 3078 bene
3396 3025 3653 3079 abundat
3689 3027 3775 3095 qui

2184 3114 2464 3161 crescente
2484 3115 2641 3162 aetate
2662 3108 2788 3163 ﬁdei
2810 3108 2864 3164 in
2895 3112 3175 3179 se,.studet
3205 3113 3698 3184 etiamabnndare
3722 3117 3772 3170 in

2108 3168 2154 3233 (ἶ
2184 3194 2386 3250 sanctis
2411 3197 2685 3267 operibus,
2713 3206 2769 3253 et
2796 3198 2850 3253 in
2882 3174 3062 3261 studio
3100 3202 3383 3261 virtutum.

2254 3288 2412 3344 Scitis
2450 3291 2589 3344 enim
2612 3307 2728 3361 qua:
2753 3303 3012 3362 prmeepta
3035 3282 3448 3359 dederim_.vobis
3464 3313 3569 3365 per
3586 3297 3767 3352 Domi-

2182 3395 2306 3435 num
2331 3378 2535 3447 Iesum,
2559 3382 2613 3436 id
2636 3391 2721 3437 est
2753 3382 2806 3437 in
2836 3385 3065 3443 Domino
3091 3386 3218 3442 Iesu
3240 3402 3340 3457 per
3370 3401 3463 3459 me
3499 3390 3770 3460 loquente.

2180 3467 2311 3535 Quae
2338 3469 2558 3525 fuerunt
2586 3471 2674 3529 illa
2694 3483 2973 3544 praecepta
3002 3491 3121 3545 qua!
3150 3477 3298 3532 dedit
3334 3479 3461 3534 eis?
3494 3479 3773 3553 Praecepta

2178 3558 2302 3615 ﬁdei
2336 3560 2548 3616 fuerunt
2573 3571 2631 3617 et
2656 3567 3085 3622 conversationis
3109 3568 3453 3634 Christianae,
3498 3573 3558 3628 in
3584 3574 3773 3644 quibus

2179 3651 2498 3707 exhortatus
2534 3661 2625 3707 est
2652 3667 2747 3710 eos
2775 3657 2983 3711 servire
3026 3656 3135 3713 Deo
3162 3661 3288 3716 vivo
3326 3669 3569 3729 et_vero,
3601 3674 3661 3718 et
3683 3681 3772 3720 ex-

2177 3748 2427 3808 spectare
2453 3740 2650 3795 Filium
2675 3743 2791 3813 ejus
2813 3744 2880 3799 de
2900 3746 3055 3803 caelis
3077 3747 3148 3803 ad
3170 3748 3461 3823 judicium,
3486 3769 3661 3822 quem
3688 3771 3771 3809 su-

2177 3832 2393 3887 scitavit
2421 3833 2562 3890 Dens
2590 3834 2769 3891 Pater.
2805 3834 2990 3893 Iesum
3030 3840 3153 3896 dico
3191 3842 3291 3910 qui
3307 3844 3517 3913 eripuit
3548 3862 3655 3901 nos
3680 3863 3771 3917 per

2175 3924 2481 3994 passionem
2507 3941 2659 3985 suam
2687 3933 2874 3999 etaper
2899 3931 3134 4003 gratiam
3181 3948 3334 4001 suam
3380 3937 3452 3991 ab
3506 3938 3590 3993 ira
3630 3955 3764 3996 ven-

2178 4025 2317 4071 tura.

2246 4105 2376 4161 Htrc
2402 4118 2478 4164 est
2509 4110 2645 4165 enim
2658 4110 2894 4167 voluntas
2908 4111 3007 4168 Dei
3017 4113 3362 4183 sanctificatio
3388 4125 3588 4184 vestra,
3606 4119 3665 4174 id
3692 4130 3769 4176 est

2174 4195 2289 4251 haec
2311 4205 2395 4251 est
2409 4196 2657 4253 voluntas
2682 4200 2778 4256 Dei
2805 4209 2863 4255 ut
2886 4200 3232 4258 sanctilicetis
3247 4217 3343 4259 vos
3360 4219 3428 4260 eo
3445 4207 3637 4273 modo:
3664 4225 3768 4279 quo

2172 4289 2454 4357 sequentia
2486 4290 2856 4356 manifestam,
2894 4292 3145 4349 videlicet
3173 4302 3232 4348 ut
3265 4294 3581 4352 abstineatis
3607 4316 3701 4353 eos
3733 4318 3763 4353 ο

2170 4378 2537 4449 fornicatione.
2587 4381 2897 4438 Fornicatio
2938 4384 3042 4438 isto
3084 4384 3203 4440 loco
3253 4384 3548 4455 tripliciter
3588 4397 3765 4458 potest

2170 4467 2415 4541 intelligi.
2491 4469 2770 4525 Fornicari
2834 4478 2918 4531 est
2985 4485 3082 4541 per
3155 4470 3445 4553 culturam~
3494 4474 3762 4533 idolorum

2172 4573 2202 4613 a
2234 4559 2343 4615 Deo
2369 4561 2646 4626 recedere,
2677 4570 2731 4615 et
2765 4561 2909 4615 idola
2956 4577 3056 4632 pro
3112 4562 3225 4618 Deo
3274 4577 3408 4619 vero
3455 4564 3671 4642 colere;
3692 4556 3783 4625 De

2171 4666 2277 4724 qua
2346 4651 2704 4709 fornicatione
2757 4653 2890 4709 dicit
2941 4653 3233 4711 Psalmista
3288 4671 3304 4709 :
3378 4652 3586 4713 Perdes
3654 4667 3763 4705 uss-

2171 4760 2260 4798 nes
2312 4744 2404 4813 qui
2450 4744 2784 4814 fornicamur
2829 4745 2920 4798 abs
2968 4754 3017 4799 te
3044 4743 3218 4816 (Psal.
3249 4746 3444 4817 uitii).
3472 4746 3549 4801 Et
3578 4747 3713 4802 illud
3744 4761 3760 4799 :

2170 4833 2488 4890 Fornicatns
2534 4844 2617 4889 cst
2673 4834 2835 4890 Israel
2882 4852 3004 4891 cum
3049 4836 3322 4907 gentibus,
3366 4837 3421 4891 id
3479 4846 3573 4892 est
3619 4838 3760 4892 idola

2174 4924 2364 4979 coluit.
2406 4925 2472 4979 Et
2499 4932 2582 4979 est
2627 4923 2734 4979 alio
2780 4926 2939 4981 modo
2993 4924 3280 4982 fornicatio
3327 4925 3553 4995 quando
3602 4926 3761 4981 hoino

2175 5010 2413 5073 amorem
2444 5025 2779 5072 terrenarum
2812 5032 3015 5082 rerum,
3055 5015 3283 5072 ﬁliorum
3329 5017 3609 5081 videlicet,
3637 5035 3759 5087 pos-

2172 5105 2857 5177 sessionum,divitiarnm,
2900 5107 3163 5177 praeponit
3196 5107 3370 5161 amori
3413 5109 3756 5178 omnipoten-

2173 5198 2242 5253 tis
2281 5196 2397 5260 Dei,
2431 5204 2486 5250 et
2517 5195 2721 5251 recedit
2750 5210 2781 5250 a
2815 5196 2926 5251 Deo
2954 5211 3050 5268 per
3092 5195 3240 5261 talia,
3286 5196 3382 5269 qui
3430 5197 3517 5250 vir
3563 5198 3756 5253 anima!

2169 5295 2271 5342 est.
2318 5285 2503 5341 Tertio
2548 5293 2634 5340 est
2679 5284 2961 5341 l'ornicatio
2995 5286 3317 5356 corporalis,
3352 5301 3461 5355 qua
3500 5288 3626 5356 quis
3650 5289 3760 5342 coit

2169 5392 2294 5434 cum
2331 5373 2732 5444 meretricibus,
2779 5373 2864 5431 vel
2909 5390 3232 5447 quocunque
3283 5377 3447 5432 modo
3477 5374 3757 5469 libidinem

2170 5484 2324 5527 suam
2358 5469 2557 5541 explet.

2240 5561 2308 5617 Ut
2325 5563 2454 5617 sciat
2468 5563 2819 5633 unusquisque
2847 5571 3066 5617 vestrum
3081 5578 3234 5616 suum
3257 5566 3368 5628 va’s,
3389 5563 3441 5618 id
3455 5572 3538 5619 est
3555 5558 3753 5631 corpus

2170 5670 2324 5710 suum
2337 5662 2393 5709 et
2404 5659 2600 5723 corpus
2615 5654 2800 5709 uxoris
2816 5668 2946 5716 sum,
2962 5640 3227 5722 possidere
3241 5654 3294 5707 in
3308 5644 3749 5739 sanctiﬁcatione,

2171 5739 2385 5802 idestin
2415 5746 2687 5812 castitate,
2733 5756 2779 5799 et
2826 5745 3037 5799 Itonorc.
3088 5744 3235 5843 Tunc
3261 5744 3497 5837 honorat
3523 5744 3737 5857 quisqlu:
