3996 6450
188 427 289 484 169

809 420 1168 479 EXPOSITIO
1204 418 1269 475 IN
1308 417 1455 474 EPP.
1497 416 1555 473 S.
1599 413 1821 470 PAULI.
1859 444 1928 454 —
1957 413 2027 469 XN
2065 412 2282 470 EPIST.
2320 412 2345 466 l
2381 410 2472 467 AD
2510 408 2759 469 THESS.

3328 407 3434 466 770

188 554 382 611 corpus
397 545 856 607 suum,eteorpus
874 537 1059 592 uxoris
1081 550 1212 600 sum,
1230 532 1443 604 quando
1460 532 1696 586 abstinet
1721 544 1754 583 a
1784 529 1832 591 Α
1856 535 1910 582 et
1935 527 2286 598 impudicitia,
2334 536 2389 583 et
2441 542 2763 598 quocunque
2792 526 2951 582 modo
2984 524 3177 609 aliquis
3228 532 3431 581 semet-

180 634 324 690 eoitu
352 652 365 686 :
389 632 515 702 quia
540 646 737 701 corpus
759 640 968 686 castum
999 629 1287 694 servando,
1320 626 1436 696 ejus
1464 625 1638 681 oratio
1666 638 1753 678 ca-

180 722 316 778 stior
341 731 399 777 et
442 720 715 790 acceptior
738 728 821 774 est
845 720 974 774 Deo.
1001 721 1124 774 Non
1144 719 1200 772 in
1219 716 1458 788 passione
1485 712 1751 768 desiderii.

184 811 369 867 Passio
392 808 645 865 desiderii
672 816 756 863 est
778 808 992 877 quando
1019 807 1181 863 homo
1201 806 1350 860 velut
1377 817 1548 873 equus
1565 809 1619 855 et
1644 818 1757 856 mu-

181 899 282 964 lus,
310 898 403 969 qui
432 904 558 952 sunt
576 895 693 952 sine
714 895 1009 961 intellectu,
1033 909 1272 965 praeceps
1298 892 1469 946 fertur
1490 891 1555 944 ad
1579 889 1757 945 libidi-

180 1004 325 1054 nem,
368 1002 469 1042 nec
518 985 699 1042 frenat
742 986 990 1040 ardorem
1033 984 1292 1049 libidinis,
1330 990 1576 1053 respectu
1600 989 1657 1037 et
1685 981 1754 1035 ti-

180 1092 330 1134 more
375 1075 766 1147 omnipotentis
812 1075 926 1130 Dei.
973 1074 1118 1129 Sicut
1148 1082 1326 1143 gentes
1363 1089 1482 1143 qua:
1514 1072 1756 1143 iqnorant

180 1167 371 1223 Deum.
420 1165 623 1222 Gentes
675 1182 793 1236 qua:
848 1166 1099 1236 ignorant
1149 1166 1320 1220 Deum
1385 1162 1758 1219 fornicatrices

182 1266 320 1318 sunt,
356 1264 411 1311 et
457 1256 682 1310 nimium
714 1255 921 1310 libidini
952 1254 1166 1321 deditae,
1198 1264 1384 1325 utpote
1410 1268 1518 1309 non
1556 1252 1758 1307 haben-

184 1359 263 1404 tes
309 1347 674 1419 cognitionem
720 1345 836 1411 Dei,
885 1345 1024 1400 sicut
1051 1352 1177 1400 sunt
1200 1344 1393 1408 Mauri,
1424 1341 1674 1406 Vandali,
1704 1349 1760 1397 et

182 1439 414 1496 maxime
467 1436 776 1501 Sarraceni,
834 1436 1102 1491 intantum
1168 1444 1228 1488 ut
1284 1433 1502 1504 plurimi
1549 1431 1760 1487 illorum

182 1530 461 1601 sexaginta
488 1538 542 1583 et
568 1542 633 1582 eo
660 1525 893 1596 amplius
917 1540 1115 1581 uxores
1143 1526 1400 1587 habeant,
1433 1532 1489 1578 et
1528 1530 1614 1578 est
1638 1536 1762 1576 sen-

182 1610 274 1675 Sus
300 1637 313 1672 :
343 1618 539 1675 Cavete
572 1628 628 1673 et
653 1618 939 1674 observate
978 1632 1047 1672 ne
1075 1617 1301 1671 nimium
1327 1624 1381 1669 et
1408 1613 1762 1669 immoderate

183 1709 391 1764 libidini
437 1709 759 1773 servientes,
799 1706 1106 1762 efIiciamini
1136 1707 1341 1762 similes
1368 1706 1638 1777 gentibus,
1667 1704 1759 1776 qui

184 1798 351 1857 Deum
381 1799 645 1857 castitatis
667 1780 1262 1868 amatorem‘ignorant,
1291 1806 1345 1852 et
1370 1813 1491 1854 eum
1510 1797 1588 1851 eis
1610 1797 1760 1851 dam-

1857 620 2034 690 ipsum
2066 619 2290 690 polluat.
2343 619 2716 674 Sanctificatio
2744 627 2941 701 autem‘
2980 618 3082 672 ista
3112 624 3323 673 constat
3374 616 3428 672 in

1840 708 2210 771 .orationibus,
2245 708 2298 761 in
2321 706 2558 774 jejuniis,
2599 708 2653 762 in
2686 706 3035 777 elemosynis,
3070 706 3124 760 in
3158 704 3435 776 hospitali—

1855 807 1985 862 tate,
2012 799 2065 853 in
2093 798 2714 867 cbaritate,e:eterisque
2741 798 3051 853 virtutibus.
3068 798 3265 852 Beatus
3283 796 3429 868 Apo-

1855 890 2028 947 stolus
2053 904 2205 945 more
2232 896 2543 945 sanctorum
2577 887 2798 942 Patrum
2829 889 3043 943 volebat
3092 888 3436 943 sanctificare

1856 976 2410 1040 Thessalonicenscs,
2441 976 2581 1031 sicut
2618 975 2843 1047 legimus
2869 979 3011 1047 quod
3042 976 3251 1049 Moyses
3274 976 3437 1048 legis-

1856 1069 2031 1133 lator,
2068 1068 2293 1123 daturus
2330 1067 2527 1138 legem,
2566 1066 2920 1122 sanetifieavit
2947 1069 3201 1139 populum
3222 1109 3236 1133 ,
3271 1068 3323 1123 id
3352 1075 3438 1124 est

1858 1160 2069 1216 monuit
2095 1168 2153 1213 ut
2176 1168 2359 1214 sancte
2393 1158 2639 1213 viventes
2664 1165 2718 1212 et
2745 1159 2930 1212 mundi
2961 1168 3262 1224 manentes,
3288 1158 3435 1229 digni

1855 1259 2040 1307 essent
2070 1250 2257 1306 audire
2284 1264 2471 1304 vocem
2499 1248 2746 1314 Domini,
2778 1257 2833 1302 et
2851 1249 3128 1319 percipere
3156 1248 3272 1317 ejus
3296 1265 3435 1318 prae-

1857 1350 2037 1412 cepta,
2066 1341 2247 1396 dicens
2275 1354 2291 1393 :
2321 1338 2768 1405 Sanctificamini,
2799 1338 2975 1392 lavate
2998 1338 3318 1394 vestimenta
3350 1355 3439 1392 ve-

1858 1440 2007 1497 stra,
2053 1430 2317 1484 abstinete
2366 1427 2435 1483 ab
2477 1426 2736 1483 uxoribus
2774 1426 2985 1482 vestris.
3033 1425 3091 1482 Si
3128 1442 3259 1498 ergo
3301 1426 3441 1479 Deus

1861 1520 1980 1575 illos
2012 1518 2225 1573 vocavit
2252 1517 2306 1572 in
2336 1514 2847 1581 sanctificationem,
2893 1524 3093 1585 quanto
3130 1515 3303 1586 magis
3343 1530 3441 1567 nos

1858 1626 1999 1683 quos
2030 1609 2259 1666 redemit
2298 1609 2561 1682 sanguine
2585 1623 2703 1673 suo,
2749 1614 2805 1663 et
2845 1607 3123 1663 mundavit
3149 1622 3247 1677 per
3268 1604 3442 1674 bapti-

1860 1705 1961 1762 smi
1993 1705 2253 1778 gratiam,
2299 1703 2352 1757 in
2383 1699 2867 1756 sanctificationem
2893 1700 3133 1765 vocavit,
3175 1708 3443 1769 quatenus

1863 1797 2023 1869 digne
2055 1795 2327 1869 possimus
2364 1792 2625 1849 accedere
2663 1792 2731 1847 ad
2767 1800 3166 1847 sacramentum
3196 1791 3442 1862 corporis

185 1892 407 1956 nelllilli.
435 1900 488 1946 el
515 1890 681 1944 ιιιιιὶιο
706 1888 956 1959 amplius.
1007 1888 1132 1959 quia
1172 1903 1359 1942 servus
1408 1886 1499 1955 qui
1543 1886 1748 1940 SCilVG
1789 1875 1833 1935 Β
1859 1880 3443 1960 etsanguinisejus?SimiliterbealusJobmittebatpersiu-

184 1983 444 2039 luntatem
475 1983 685 2037 Domini
714 1982 819 2047 sui,
849 1990 903 2035 et
922 1996 1028 2035 non
1060 1978 1187 2035 facit
1230 1978 1502 2050 vapulabit
1529 1977 1715 2033 multis
1744 1997 1757 2033 :

183 2084 234 2131 et
288 2075 479 2130 melius
518 2082 602 2128 est
631 2073 771 2127 viam
798 2071 1047 2127 veritatis
1080 2086 1187 2125 non
1215 2084 1566 2140 cognoscere,
1600 2085 1762 2140 quam

177 2179 368 2242 postea
406 2176 705 2224 retrorsum
741 2165 911 2221 abire.

253 2259 325 2315 Et
350 2276 412 2313 ne
451 2258 568 2330 quis
611 2256 1057 2327 supergrediatur,
1101 2269 1262 2326 neque
1302 2253 1668 2309 circumveniat
1708 2255 1765 2309 in

188 2355 389 2425 negotio
454 2353 673 2422 fratrem
719 2367 893 2404 suum.
946 2349 1146 2406 Beatus
1182 2348 1470 2422 Apostolus
1528 2348 1768 2417 sociique

190 2443 300 2521 ejus
336 2442 707 2514 praedicabant
733 2449 898 2510 atque
924 2440 1225 2497 suadebant
1255 2440 1368 2496 suis
1409 2437 1763 2500 auditoribus,

189 2534 375 2591 diebus
412 2533 567 2591 festis
587 2542 643 2588 et
662 2532 850 2587 diebus
885 2532 1210 2604 jejuniorum
1241 2531 1515 2587 abstinere
1540 2544 1604 2585 ex
1638 2544 1768 2585 con-

181 2640 350 2680 sensu
378 2624 445 2680 ab
474 2622 624 2678 omni
647 2621 812 2688 coitu,
842 2622 983 2691 quod
1024 2631 1078 2676 et
1125 2621 1280 2676 multi
1324 2618 1598 2675 faciebant
1637 2617 1771 2673 obe-

191 2716 400 2772 dientes
416 2713 706 2786 prmceptis
743 2721 800 2768 et
828 2711 1213 2767 monitionibus
1237 2710 1372 2780 ejus.
1403 2711 1471 2766 Et
1502 2724 1572 2764 ne
1609 2696 1771 2765 forsi-

181 2807 280 2866 ‘tan
335 2810 530 2881 aliquis
578 2816 701 2880 post
738 2807 986 2865 deVotam
1041 2805 1430 2860 c0nlittentiam
1480 2803 1772 2874 instigante

192 2900 409 2975 diabolo
438 2890 827 2971 provocaretur
871 2896 939 2951 ad
989 2896 1188 2950 coitum
1220 2890 1326 2950 illis
1356 2895 1542 2950 diebus
1574 2894 1771 2963 quibus

192 2993 464 3050 habebant
482 2990 756 3053 devotum,
790 2988 866 3042 ait
886 2986 1174 3058 Apostolus
1192 2996 1208 3040 ':
1227 2985 1291 3039 Et
1305 3000 1371 3040 ne
1389 2983 1512 3053 quis
1532 2992 1772 3041 vestrum

173 3083 656 3159 osupcrgrediatur,
708 3094 881 3148 neque
906 3076 1292 3133 circumveniat
1323 3076 1380 3129 in
1405 3075 1620 3144 neg0tio
1669 3073 1775 3128 isto

185 3174 391 3237 coitus,
424 3162 477 3226 id
502 3179 587 3226 est
615 3183 684 3224 ne
727 3168 908 3239 aliquo
959 3165 1416 3222 circumventione
1463 3162 1771 3218 violentiam

196 3262 397 3317 inferat
418 3259 616 3330 aliquis
649 3259 766 3329 pari
797 3272 915 3322 suo,
942 3255 1145 3311 volenti
1172 3263 1355 3310 votum
1381 3268 1620 3316 servare,
1649 3266 1771 3322 pro-

190 3353 438 3409 vocando
479 3366 601 3406 eum
629 3351 696 3405 ad
730 3350 951 3415 coitum,
982 3347 1076 3403 sed
1101 3362 1170 3403 ex
1199 3361 1466 3401 consensu
1516 3344 1584 3399 ab
1622 3345 1770 3399 omni

196 3447 345 3502 coitu
366 3444 687 3510 abstineant,
719 3443 861 3499 sicut
907 3443 1256 3504 devovcrunt,
1303 3439 1427 3510 quia
1458 3437 1650 3492 melius
1689 3446 1774 3492 est

197 3554 313 3595 non
345 3551 558 3602 vovere,
604 3548 764 3607 quam
803 3544 986 3590 votum
1028 3549 1133 3589 non
1185 3532 1426 3604 implere.
1456 3530 1590 3587 Cum
1626 3530 1773 3585 enim

199 3632 351 3690 omni
381 3638 618 3701 tempore
634 3630 807 3685 oratio
829 3628 1024 3683 munda
1050 3626 1263 3696 placeat
1283 3626 1412 3690 Deo,
1442 3632 1568 3677 tunc
1587 3629 1670 3676 est
1692 3636 1773 3675 acv-

201 3722 410 3795 ceptior
453 3732 510 3774 et
554 3719 838 3792 gratiosior
889 3717 1028 3786 apud
1091 3716 1258 3769 Deum
1313 3713 1528 3783 quando
1574 3710 1773 3766 mundo

201 3816 382 3874 corde
417 3823 472 3872 et
499 3825 723 3879 corpore
762 3808 1021 3872 funditur,
1053 3806 1240 3861 diebus
1288 3804 1501 3859 scilicet
1545 3801 1773 3871 jejunio-

195 3914 349 3961 ‘t'um.
383 3900 533 3959 Unde
559 3899 815 3961 Dominus
834 3898 909 3952 ait
930 3911 1025 3965 per
1050 3896 1364 3965 prophetam
1399 3909 1413 3945 :
1457 3891 1777 3961 Egrediatur

202 4013 426 4069 sponsus
484 3994 549 4048 de
601 3989 758 4045 cubili
801 4005 919 4053 suo,
974 3998 1023 4041 et
1069 4002 1259 4056 sponsa
1310 3983 1374 4036 de
1424 3980 1656 4034 thalamo
1684 3996 1778 4033 suo

206 4087 369 4155 (Joel.
403 4085 487 4156 ιι),
511 4097 763 4153 sponsum
791 4088 845 4137 et
872 4093 1123 4150 sponsam
1153 4077 1206 4131 in
1237 4076 1341 4131 hoc
1381 4074 1499 4129 loco
1525 4070 1779 4143 coniuga-

210 4187 295 4229 tos
326 4174 582 4228 debemus
605 4170 921 4242 intelligere.
957 4168 1097 4224 Dicit
1123 4165 1266 4222 enim
1290 4164 1482 4220 beatus
1518 4161 1781 4233 Hierony-

210 4277 357 4327 mus,
397 4261 521 4330 quia
567 4259 767 4314 frustra
799 4258 1091 4315 assumitur
1132 4254 1450 4327 poenitentia
1486 4253 1539 4308 in
1574 4267 1700 4307 voce
1727 4258 1782 4306 et

211 4352 422 4420 habitu,
459 4351 563 4407 nisi
589 4350 750 4405 etiam
777 4349 1113 4405 abstineatur
1145 4362 1177 4401 a
1224 4345 1578 4402 delectatione
1603 4343 1783 4398 carnis

208 4454 265 4501 et
298 4446 492 4501 coitus.
520 4443 703 4498 Potest
725 4454 787 4497 et
820 4442 886 4496 de
913 4440 1059 4495 omni
1086 4437 1299 4510 negotio
1336 4444 1391 4492 et
1433 4433 1782 4489 mercimonio

210 4536 460 4607 intelligi,
485 4542 543 4589 ut
588 4547 747 4588 nemo
772 4531 962 4587 debeat
990 4527 1235 4584 fraudem
1258 4526 1436 4581 facere
1458 4523 1632 4589 fratri,
1683 4539 1779 4579 ne-
1811 4561 1862 4622 Ι)

209 4644 318 4700 que
338 4625 730 4684 circumvenire
752 4623 921 4677 illum.
957 4620 1217 4687 Quoniam
1244 4617 1428 4672 vindex
1440 4626 1512 4671 est
1534 4614 1786 4668 Dominus

210 4724 279 4776 de
306 4721 386 4773 Itis
415 4718 670 4773 omnibus.
698 4715 812 4769 Non
839 4712 1009 4768 solum
1033 4713 1097 4767 de
1120 4708 1477 4765 fornicatione
1496 4715 1551 4762 et
1570 4704 1786 4776 publica

212 4811 564 4883 turpitudine,
592 4808 684 4863 sed
709 4806 871 4862 etiam
896 4804 963 4860 de
996 4801 1425 4875 transgressione
1460 4797 1637 4854 omnis
1660 4794 1788 4851 boni

212 4899 498 4972 propositi,
529 4897 678 4953 verbi
700 4896 895 4968 gratia,
924 4895 1066 4951 sicut
1087 4894 1153 4949 de
1181 4891 1289 4948 illis
1324 4889 1417 4960 qui
1446 4889 1653 4944 faciunt
1694 4903 1788 4943 vo-

216 5003 354 5057 tum,
385 5001 447 5047 ut
470 5006 535 5047 ex
570 5003 832 5045 consensu
855 4985 1160 5040 abstineant
1185 4999 1215 5038 a
1252 4982 1399 5037 coitu
1430 4988 1673 5051 tempore
1706 4978 1789 5047 je-

210 5082 347 5155 junii
377 5090 432 5137 et
457 5078 796 5151 postmodum
819 5091 926 5130 non
953 5072 1245 5144 adimplent
1267 5069 1609 5141 promissum.
1640 5066 1789 5122 Sicut

212 5150 555 5243 prwdiximus
577 5168 737 5233 vobis,
782 5163 1037 5222 subaudis
1076 5170 1386 5234 praesentes,
1432 5166 1480 5213 et
1529 5150 1791 5227 testiﬁcati

214 5280 422 5329 sumus,
448 5263 521 5317 ita
546 5261 650 5316 erit
677 5258 932 5313 Dominus
962 5256 1156 5310 vindex
1181 5255 1247 5309 de
1273 5252 1540 5309 omnibus.

293 5352 419 5407 Non
444 5352 581 5406 enim
608 5348 805 5404 vocavit
829 5363 922 5401 nos
963 5345 1125 5408 Deus,
1147 5344 1214 5398 ad
1236 5342 1393 5397 ﬁdem
1420 5354 1573 5395 suam
1599 5344 1652 5392 et
1674 5336 1793 5415 graf

218 5444 377 5507 tiam,
405 5451 460 5497 et
484 5442 551 5497 ad
576 5440 806 5513 patriam
836 5436 1135 5519 emlestem,
1200 5433 1253 5487 in
1285 5429 1692 5495 immunditiam,
1731 5428 1793 5491 ut

220 5533 579 5592 immunditize
624 5530 945 5594 serviamus,
981 5525 1072 5583 sed
1110 5527 1164 5579 in
1215 5520 1701 5590 sanctiﬁcationem,
1732 5523 1794 5572 ut

221 5637 411 5686 sancte
445 5628 712 5689 vivamus,
757 5622 931 5679 sancti
978 5622 1168 5686 simus,
1214 5617 1487 5673 imitantes
1526 5628 1651 5670 eum
1700 5608 1795 5682 qui

220 5718 360 5795 dixit
390 5734 405 5775 :
471 5716 653 5772 Sancti
679 5722 862 5777 estote,
888 5712 1011 5783 quia
1033 5728 1125 5781 ego
1153 5718 1365 5764 sanctus
1382 5723 1496 5761 sum
1527 5704 1668 5777 (Lev.
1690 5700 1793 5773 ιι).

224 5807 584 5866 lmmunditia:
606 5806 821 5862 nomine
851 5802 1164 5873 intelligitur
1201 5798 1377 5856 omnis
1405 5794 1793 5854 incontinentia

1860 1980 2013 2048 gulos
2056 1979 2170 2033 dies
2200 1977 2267 2030 ad
2299 1975 2434 2028 filios
2472 1988 2632 2039 suos,
2671 1972 2763 2043 qui
2804 1971 3030 2048 forsita_n
3078 1970 3261 2024 uxoris
3290 1977 3444 2025 extra

1863 2038 2082 2124 domum
2109 2066 2226 2139 ejus
2249 2062 2595 2129 habitabant,
2618 2038 3096 2117 ret-sanctiﬁea'bat
3133 2075 3248 2125 eos,
3281 2060 3332 2113 id
3363 2066 3447 2114 est

1865 2159 2121 2213 mouebat
2139 2173 2233 2213 eos
2259 2166 2445 2211 sancte
2471 2154 2674 2218 vivere,
2706 2162 2970 2223 quatenus
2995 2151 3208 2207 illorum
3240 2150 3453 2225 sacrifi-_

1863 2250 1946 2305 cia
1974 2258 2029 2305 et
2051 2257 2171 2302 vota
2203 2255 2427 2316 accepta
2460 2254 2662 2300 essent.
2703 2243 2922 2298 Samuel
2965 2258 3180 2314 quoque
3208 2254 3329 2296 eum
3353 2256 3446 2295 ve-

1866 2340 2035 2395 nisset
2065 2353 2269 2411 ungere
2300 2338 2471 2393 David
2498 2337 2552 2391 in
2586 2350 2828 2407 regnum,
2856 2335 3072 2390 vocavit
3094 2334 3195 2389 lsai
3223 2342 3279 2388 et
3307 2333 3447 2387 filios

1865 2430 1981 2501 ejus
2002 2431 2068 2486 ad
2097 2430 2426 2485 sacrificium
2452 2437 2508 2484 et
2533 2425 2893 2483 sanetiflcavit
2912 2442 3026 2492 eos,
3049 2426 3103 2480 id
3130 2435 3213 2480 est
3239 2424 3447 2480 monuit

1869 2533 1928 2577 ut
1959 2523 2091 2578 tales
2118 2538 2174 2577 se
2196 2526 2587 2591 prarpararent,
2628 2526 2891 2588 quatenus
2922 2516 3070 2587 digiti
3092 2527 3275 2571 essent
3299 2522 3450 2568 tanto

1869 2614 2097 2673 honore,
2128 2626 2359 2683 quorum
2406 2609 2576 2665 frater
2620 2625 2650 2663 a
2696 2607 2809 2663 Deo
2848 2608 2901 2661 in
2929 2622 3152 2677 regnum
3190 2615 3309 2659 erat
3334 2604 3446 2660 ele—

1868 2712 2009 2760 ctus.
2081 2702 2173 2758 Sic
2235 2701 2474 2773 quotidie
2534 2715 2634 2756 nos
2693 2699 3039 2755 sanetifieant
3112 2697 3337 2767 apostoli
3396 2705 3451 2749 et

1871 2794 2044 2852 sancti
2073 2797 2322 2849 doctores
2363 2793 2475 2848 suis
2504 2791 2664 2847 dictis
2688 2789 3029 2846 admonendo
3056 2797 3115 2842 ut
3150 2795 3337 2843 sancte
3363 2786 3448 2839 vi-

1874 2900 2083 2949 vamus,
2114 2891 2384 2953 quatenus
2427 2880 2572 2950 digni
2610 2880 2779 2934 simus
2815 2895 2921 2933 non
2961 2878 3133 2933 solum
3157 2875 3451 2932 Christiani

1873 2976 2086 3040 vocari,
2117 2973 2214 3029 sed
2243 2983 2297 3028 et
2325 2973 2419 3027 filii
2460 2972 2576 3037 Dei,
2619 2980 2675 3026 et
2718 2979 2777 3025 ut
2806 2971 2946 3026 Deus
2991 2970 3332 3040 omnipotens
3367 2968 3450 3023 di-

1876 3074 2068 3139 gnetur
2102 3064 2155 3118 in
2182 3063 2336 3118 nobis
2360 3062 2626 3118 habitare.

1949 3154 2132 3225 Itaque
2147 3154 2237 3224 qui
2260 3151 2401 3217 liceo,
2428 3150 2684 3206 subaudis
2705 3149 2872 3204 verba
2889 3189 2902 3213 ,
2927 3149 3158 3219 spernit,
3195 3148 3448 3219 despicit,

1875 3253 1930 3301 et
1957 3243 2286 3308 contemnit,
2317 3258 2421 3295 non
2449 3241 2710 3295 hominem
2754 3239 2986 3310 spernit,
3019 3240 3071 3293 id
3110 3248 3194 3294 est
3221 3255 3325 3293 non
3362 3253 3451 3292 me

1873 3335 2117 3405 despicit,
2148 3333 2238 3388 sed
2263 3331 2453 3396 Deum,
2480 3331 2635 3402 cujus
2669 3332 2834 3386 verba
2862 3330 3051 3394 recito,
3082 3338 3140 3384 et
3162 3330 3251 3399 qui
3281 3328 3454 3399 loqui-

1873 3430 1960 3481 tur
1987 3440 2083 3494 per
2106 3439 2167 3479 os
2196 3438 2396 3478 meum.
3449 3414 3453 3421 ’

1946 3513 2208 3567 Nolumus
2236 3513 2480 3582 ignorare
2496 3526 2584 3565 vos
2610 3509 2675 3580 de
2696 3508 3092 3576 dormientibus,
3115 3518 3170 3562 ut
3203 3524 3304 3562 non
3331 3523 3455 3561 con-

1873 3604 2172 3670 tristemini,
2200 3605 2334 3657 sicut
2354 3611 2403 3656 et
2433 3603 2606 3657 cwteri
2626 3604 2717 3673 qui
2740 3618 2880 3673 spem
2902 3618 3007 3655 non
3033 3602 3242 3656 habent.
3275 3598 3456 3655 Pbilo—
3526 3654 3539 3667 ,

1875 3694 2027 3764 sophi
2059 3703 2113 3748 et
2136 3694 2362 3765 gentiles
2391 3692 2633 3748 infideles
2663 3707 2768 3747 non
2800 3693 3082 3748 credentes
3104 3689 3456 3746 resurrectio-

1874 3800 1999 3840 nem
2022 3819 2039 3851 ,
2072 3784 2269 3840 multos
2299 3799 2365 3840 ex
2391 3785 2492 3839 hoc
2513 3784 2873 3853 decipiebant,
2921 3792 3181 3854 negantes
3206 3796 3454 3837 resurre-

1877 3877 2139 3939 ctionem,
2165 3884 2221 3929 et
2247 3872 2520 3929 faciebant
2547 3856 2857 3927 contristari
2887 3882 2942 3926 et
2974 3873 3154 3926 dolere
3182 3872 3249 3926 de
3279 3879 3456 3925 morte

1878 3964 2323 4034 propinquorum.
2373 3963 2442 4017 Et
2488 3977 2593 4017 non
2636 3962 2810 4017 solum
2854 3961 3123 4026 infideles,
3168 3960 3260 4015 sed
3290 3964 3455 4014 etiam

1880 4054 2037 4109 multi
2062 4054 2301 4108 fidelium
2328 4054 2470 4123 apud
2500 4052 2820 4107 Macedones
2857 4058 2911 4106 et
2948 4044 3463 4105 Thessalonicenses

1882 4142 2348 4201 contristabantur
2379 4144 2447 4199 de
2475 4150 2652 4197 morte
2682 4149 2967 4210 parentum
2989 4183 3004 4204 ,
3034 4155 3140 4194 non
3177 4138 3458 4194 credentes

1882 4252 1977 4293 eos
2020 4244 2441 4293 resurrecturos.
2486 4233 2686 4304 Pagani
2723 4248 2851 4304 ergo
2892 4241 2947 4287 et
2977 4229 3221 4286 infideles
3267 4229 3460 4293 merito

1883 4331 2342 4388 contristabantur
2374 4329 2442 4384 de
2475 4336 2648 4383 morte
2677 4341 2917 4392 suorum,
2948 4325 3071 4396 quia
3098 4338 3196 4396 per
3229 4334 3459 4379 mortem

1886 4420 2237 4493 temporalem
2265 4418 2655 4490 perveniebant
2685 4416 2752 4471 ad
2779 4425 3056 4471 mternam.
3090 4414 3162 4469 At
3187 4428 3312 4468 vero
3343 4420 3461 4469 ere;

1887 4514 2075 4569 dentes
2096 4520 2150 4567 et
2178 4510 2449 4574 infideles,
2483 4509 2677 4564 merito
2704 4506 3166 4564 contristabantur
3184 4520 3346 4575 super
3378 4514 3463 4558 rc-’

1888 4618 2042 4661 cessu
2107 4602 2389 4667 fidelium,
2457 4600 2583 4669 quia
2649 4614 2749 4670 per
2809 4606 3040 4655 mortem
3108 4596 3458 4668 temporalem
3512 4590 3517 4591 ⁷

1887 4695 2273 4767 perveniebant
2303 4693 2369 4748 ad
2398 4692 2564 4746 vitam
2594 4699 2872 4745 aeternam.
2909 4689 3246 4760 Quapropter
3274 4687 3461 4743 volens

1888 4801 1981 4841 eos
2010 4784 2299 4854 Apostolus
2326 4783 2627 4839 certiticare
2653 4780 2721 4836 de
2748 4779 3163 4844 resurrectione,
3190 4785 3245 4832 et
3267 4780 3467 4833 conso:

1890 4876 1990 4931 lari
2045 4890 2207 4945 super
2257 4882 2428 4928 morte
2486 4871 2943 4941 propinquarent,
3002 4868 3114 4923 ait:
3178 4865 3312 4923 Nolo
3364 4880 3467 4937 vos,

1890 4969 2198 5040 ignorantes
2234 4965 2458 5019 reddere
2502 4963 2568 5017 de
2612 4960 3034 5026 dormientibus,
3065 4956 3191 5029 quia
3222 4962 3463 5013 reSurre-

1891 5060 2029 5117 cturi
2053 5067 2199 5123 sunt,
2229 5065 2287 5111 ut
2314 5071 2417 5111 non
2443 5050 2837 5109 contristemini
2861 5065 3024 5123 super
3049 5056 3224 5104 morte
3250 5060 3458 5112 eorum,

1891 5151 2033 5210 sicut
2063 5147 2309 5204 infideles
2338 5146 2430 5216 qui
2458 5134 2565 5200 non
2596 5144 2799 5199 habent
2820 5155 2970 5210 spem
2999 5136 3335 5209 resurgendi.
3440 5126 3447 5153 Γ

1964 5244 2026 5300 Si
2050 5242 2186 5298 enim
2215 5239 2477 5294 credimus
2497 5235 2636 5307 quod
2663 5234 2818 5289 Jesus
2836 5241 3074 5285 mortuus
3102 5237 3177 5282 est
3214 5237 3261 5282 et
3285 5224 3465 5280 resttr?

1892 5335 2046 5400 rexit,
2074 5333 2148 5386 ita
2169 5339 2215 5385 et
2238 5329 2378 5383 Deus
2398 5326 2560 5382 Pater
2584 5340 2669 5379 eos
2706 5322 2794 5393 qui
2814 5320 3136 5393 dormierunt
3148 5332 3240 5387 per
3254 5313 3462 5378 Jes‘ui’n,

1892 5427 2113 5482 adducet
2135 5438 2254 5478 cum
2274 5437 2354 5475 eo.
2384 5418 2575 5473 Miram
2599 5430 2715 5471 rem
2744 5415 2821 5469 ait
2840 5403 3153 5484 ApoStolus.
3188 5402 3463 5487 Christum
3550 5400 3569 5411 “

1893 5518 1987 5590 qui
2000 5517 2114 5588 jam
2144 5515 2297 5579 vivit,
2332 5520 2389 5568 et
2416 5523 2702 5580 resurgens
2729 5522 2759 5561 a
2783 5504 3013 5590 mortuis
3028 5502 3139 5572 jam
3162 5516 3266 5590 non
3294 5490 3466 5555 mort:

1895 5584 2017 5676 t-ur,
2038 5607 2169 5663 dicit
2207 5605 2370 5660 fuisse
2395 5594 2685 5664 mortuum,
2712 5603 2767 5653 et
2795 5586 2996 5652 electos
3022 5584 3261 5648 inortuds’
3283 5586 3465 5660 appel-

1896 5702 1973 5756 lat
1998 5680 2349 5756 dormientes.
2380 5695 2656 5750 Christnm
2674 5703 2804 5761 ergo
2830 5686 3063 5759 appellat
3089 5692 3386 5769 mortuum,
3404 5689 3464 5734 ut

1899 5794 2024 5849 dum
2063 5789 2312 5846 audimus
2331 5796 2385 5843 et
2412 5786 2610 5841 scimus
2627 5782 2782 5838 illum
2818 5782 2983 5837 litisse
3004 5780 3273 5834 nidrtuu‘tn
3295 5780 3351 5829 et
3376 5786 3465 5830 re-
