3996 6454
503 428 612 490 775

991 425 1346 484 llAYMONlS
1386 421 1861 478 HALBEBSTAT.
1901 421 2115 479 EPISC.
2156 419 2306 480 OPP.
2342 418 2523 477 PARS
2556 420 2597 476 Ι.
2642 445 2713 458 -
2747 416 3102 476 COMMENT.
3142 416 3312 475 BIBL.

3680 412 3803 477 176

503 534 685 599 lentes
709 541 780 598 ab
804 541 884 597 eis
909 537 1135 609 corripi,
1165 536 1260 593 sed
1289 547 1441 590 suam
1471 531 1802 589 voluntatem
1832 531 2077 602 implere.
2106 540 2152 595 Α
2184 532 2315 586 nihil
2340 532 2552 602 potestis
2577 532 2752 603 facere
2782 530 2966 604 (Joan.
2992 531 3104 601 xv).
3154 531 3281 588 Hzec
3305 541 3411 600 cst,
3436 530 3660 606 inquit,
3688 545 3799 593 vo-

419 612 435 620 -
503 632 747 706 Quorum
793 630 1193 687 animositatem
1242 627 1441 683 debent
1492 625 1704 697 prtelati
1753 625 1824 681 ad
1872 632 2086 695 tempus

506 726 798 789 sustinere,
838 732 894 778 ct
927 723 1127 778 iterum
1159 730 1402 792 tempore
1433 726 1736 789 opportuno
1765 726 1822 775 et
1846 731 2086 788 congruo

507 830 634 877 cum
661 813 886 870 consilio
911 821 967 869 et
994 811 1197 866 auxilio
1221 810 1534 867 emendare.

588 902 788 968 Videte,
815 901 868 957 id
907 909 993 957 est
1017 908 1225 964 cavete,
1256 914 1320 952 ne
1351 897 1467 968 quis
1492 904 1733 952 vestrum
1761 894 1959 950 malum
1988 911 2084 966 pro

506 993 649 1052 malo
668 992 829 1047 alicui
854 990 1059 1044 reddat.
1093 988 1209 1043 [ioc
1232 987 1345 1042 vult
1366 986 1651 1042 ostendere
1668 984 1958 1055 Apostolus
1980 985 2084 1040 isto

505 1085 562 1140 in
587 1084 728 1148 loco,
751 1088 810 1135 ut
833 1095 941 1135 non
966 1078 1140 1133 solum
1162 1076 1361 1131 malum
1384 1091 1484 1146 pro
1502 1076 1642 1131 bono
1664 1089 1772 1129 non
1790 1074 2083 1130 debeamus

508 1177 754 1240 reddere,
792 1174 886 1229 sed
926 1186 1029 1226 nec
1064 1170 1266 1225 malum
1297 1184 1395 1241 pro
1425 1169 1585 1225 malo.
1639 1170 1882 1236 Quatuor
1908 1169 2083 1225 modis

506 1269 772 1331 redditur,
797 1273 890 1320 aut
911 1264 1112 1319 bonum
1140 1277 1236 1331 pro
1260 1261 1422 1325 bono,
1446 1269 1536 1315 aut
1561 1261 1764 1315 malum
1790 1277 1888 1332 pro
1917 1261 2079 1316 malo.

506 1360 714 1415 Bonum
757 1375 855 1430 pro
900 1360 1043 1414 malo
1071 1358 1332 1422 redditur,
1364 1357 1508 1412 sicut
1536 1356 1870 1425 Redemptor
1896 1364 2083 1411 noster

507 1450 663 1504 nobis
694 1450 787 1521 qui
823 1451 1022 1505 mortui
1067 1457 1122 1504 et
1161 1448 1353 1518 perditi
1383 1462 1623 1514 eramus,
1667 1456 1829 1518 atque
1862 1457 2084 1518 propter

503 1547 724 1608 peccata
756 1555 787 1594 a
817 1541 927 1595 Deo
956 1539 1115 1594 alieni
1134 1577 1150 1605 ,
1182 1538 1414 1607 ‘quando
1452 1554 1549 1608 per
1573 1538 1882 1608 passionem
1927 1551 2079 1593 suam

506 1638 562 1685 et
586 1630 837 1699 baptismi
870 1629 1096 1701 gratiam
1128 1644 1228 1684 nos
1254 1629 1501 1684 redemit.
1549 1629 1757 1683 Bonum
1791 1643 1890 1699 pro
1916 1629 2078 1697 bono,

504 1723 647 1778 sicut
682 1724 737 1778 in
769 1723 853 1778 die
885 1722 1075 1794 iudicii
1117 1722 1268 1777 dabit
1297 1720 1507 1785 electis,
1547 1719 1734 1776 dicens
1771 1721 1850 1775 eis
1880 1739 1892 1774 :
1943 1720 2079 1788 Quia

504 1817 696 1870 esurivi
725 1826 773 1870 et
800 1814 1015 1870 dedistis
1043 1815 1172 1870 mihi
1202 1814 1543 1879 manducare,
1581 1814 1828 1884 percipite
1864 1830 2079 1883 regnum

2188 622 2367 678 luntas
2389 623 2508 688 Dei,
2530 632 2590 678 ut
2610 622 2813 678 malum
2837 638 2936 694 pro
2962 623 3105 678 malo
3127 640 3232 679 non
3254 625 3533 682 reddatis:
3560 626 3796 683 bonum

2187 726 2399 783 semper
2425 714 2731 781 sectemini,
2763 714 2882 769 sine
2907 713 3306 771 intermissione
3331 717 3523 783 oretis,
3551 726 3621 773 ut
3648 732 3799 788 gau-

2185 801 2360 856 deatis
2402 801 2458 856 in
2499 802 2750 870 Domino,
2797 811 2854 859 et
2897 802 2955 858 in
2998 802 3250 859 omnibus
3287 805 3334 859 ei
3376 806 3593 877 gratias
3633 807 3795 863 reie-

2186 892 2338 947 ratis.

2254 983 2510 1055 Spiritum
2546 986 2708 1042 nolite
2734 989 3085 1060 exstinguere.
3136 989 3388 1046 Dicamus
3423 991 3533 1047 hoc
3563 1007 3793 1049 secun-

2184 1073 2311 1129 dum
2330 1074 2604 1131 Ambrosii
2625 1090 2885 1133 sensum:
2916 1075 3180 1147 Spiritum
3207 1078 3371 1135 nolite
3393 1079 3793 1152 exstinguere,

2184 1164 2238 1220 id
2265 1173 2350 1220 est
2386 1165 2436 1221 si
2475 1166 2711 1237 aliquem
2741 1168 2811 1222 ad
2837 1168 3028 1224 horam
3068 1168 3306 1239 Spiritus
3337 1182 3559 1228 sanctus
3582 1172 3791 1242 reple-

2182 1255 2324 1311 verit
2350 1271 2447 1312 sua
2478 1257 2673 1324 gratia,
2707 1266 2765 1313 ut
2791 1259 2963 1328 possit
2999 1259 3346 1330 interpretari
3374 1261 3591 1317 divinas
3628 1262 3793 1318 Scri-

2180 1357 2387 1419 pturas,
2418 1358 2475 1405 et
2502 1351 2685 1406 divina
2713 1351 2974 1423 mysteria
3006 1351 3185 1422 loqui,
3227 1352 3392 1408 nolite
3418 1369 3552 1409 eum
3580 1354 3792 1423 prohi-

2181 1440 2311 1496 bere
2330 1440 2460 1512 quin
2480 1440 2733 1512 loquatur
2751 1450 2808 1497 et
2829 1441 3055 1498 doceat:
3082 1441 3208 1512 quia
3234 1442 3375 1497 Deus
3396 1443 3491 1513 qui
3514 1459 3579 1498 os
3601 1444 3789 1499 asina:

2181 1531 2423 1601 aperuit,
2465 1547 2585 1602 qua:
2615 1533 2730 1588 seni
2758 1546 2865 1587 non
2905 1533 3083 1602 aperit
3125 1532 3331 1587 revelat
3372 1549 3517 1604 saepe
3560 1534 3786 1604 iuniori

2181 1621 2327 1692 quod
2376 1622 2572 1679 melius
2623 1630 2726 1679 est.
2787 1621 2960 1678 Aliter
3008 1622 3308 1678 secundum
3350 1623 3782 1694 Augustinum:

2183 1709 2419 1781 Spiritus
2443 1719 2664 1768 sanctus
2691 1710 2784 1781 qui
2810 1711 2973 1766 unius
2996 1711 3313 1766 substantia:
3339 1721 3426 1767 est
3450 1727 3580 1766 cum
3614 1712 3783 1767 Patre

2182 1810 2238 1859 et
2261 1802 2397 1858 Filio
2422 1803 2477 1859 in
2504 1819 2602 1858 sua
2630 1812 2847 1869 natura,
2879 1818 2986 1858 non
3016 1811 3194 1873 potest
3220 1804 3519 1876 exstingui,
3551 1806 3653 1860 sed
3682 1822 3782 1875 per

502 1908 641 1962 vobis
670 1917 912 1978 paratum
942 1905 1159 1978 (Matth.
1188 1904 1338 1978 xxv).
1393 1882 1591 1959 Malum
1626 1882 1730 1975 pro
1763 1882 2075 1958 honored-
2106 1882 2153 1942 Β
2181 1894 2371 1948 vitium
2407 1902 2653 1950 nostrum
2682 1894 3079 1966 exstinguimus
3118 1894 3265 1948 illum
3303 1896 3354 1947 in
3395 1895 3597 1959 nobis,
3646 1896 3775 1949 dum

503 1997 672 2062 ditur,
722 1997 863 2052 sicut
904 1992 1070 2055 Iudas
1117 2003 1172 2051 et
1217 1994 1387 2050 Judaei
1432 1995 1660 2050 Domino
1704 1994 2073 2049 reddiderunt.

507 2085 661 2142 Unde
702 2087 818 2157 ipse
854 2087 995 2142 dixit
1031 2088 1111 2143 eis
1146 2102 1245 2158 per
1270 2087 1588 2143 Zachariam
1618 2087 1974 2158 prophetam:
2015 2085 2078 2142 Si

503 2174 695 2231 bonum
730 2186 804 2232 est
843 2179 898 2232 in
936 2177 1099 2232 oculis
1125 2180 1329 2243 vestris,
1360 2176 1543 2247 a/I’erte
1571 2176 1858 2232 mercedem
1887 2193 2072 2243 meam,

504 2278 561 2325 et
604 2277 688 2325 est
731 2285 964 2325 sensus:
1012 2269 1261 2325 inﬁmos
1304 2279 1515 2325 vestros
1561 2269 1789 2335 curavi,
1837 2268 2077 2338 leprosos

504 2361 790 2426 mandavi,
827 2370 1070 2417 mortuos
1100 2361 1388 2425 suscitavi,
1428 2360 1733 2415 esurientes
1759 2359 1914 2430 pavi,
1954 2358 2079 2414 date

502 2449 636 2506 mihi
682 2466 750 2506 ex
795 2452 899 2507 hcc
926 2453 1227 2507 mercedem
1246 2491 1260 2517 ,
1310 2451 1357 2506 si
1386 2451 1605 2521 dignum
1636 2459 1691 2504 et
1720 2450 1920 2505 bonum
1950 2455 2073 2504 est:

501 2549 550 2595 et
596 2540 951 2610 appenderunt
998 2542 1282 2596 mercedem
1329 2558 1499 2595 meam
1545 2541 1761 2611 triginta
1808 2548 2079 2611 argenteos

501 2629 689 2703 (Zach.
708 2633 807 2704 ιι).
845 2632 1039 2687 Malum
1064 2648 1160 2703 pro
1180 2633 1320 2687 malo
1345 2631 1530 2686 reddet
1550 2632 1812 2686 Dominus
1835 2630 2078 2701 reprobis

503 2720 559 2774 in
584 2721 670 2777 die
688 2720 900 2790 iudicii,
924 2721 1110 2776 dicens
1134 2721 1214 2776 eis
1239 2740 1250 2775 :
1278 2720 1413 2789 Quia
1441 2721 1632 2775 esurivi
1657 2731 1705 2774 et
1734 2737 1837 2775 non
1861 2720 2077 2774 dedistis

502 2811 631 2865 mihi
662 2812 1000 2877 manducare,
1033 2811 1100 2865 ite
1128 2812 1180 2865 in
1209 2812 1378 2881 ignem
1406 2820 1654 2865 internum
1682 2806 1895 2880 (Matth.
1925 2809 2073 2881 xxv).

503 2900 840 2970 Quapropter
882 2916 989 2954 non
1035 2901 1294 2955 debemus
1333 2900 1623 2955 vindictam
1671 2909 1925 2971 expetere
1951 2941 1965 2965 ,
2018 2906 2079 2954 ut

501 2991 788 3045 reddamus
817 2990 1015 3044 malum
1046 3006 1145 3061 pro
1173 2992 1337 3058 malo,
1364 2993 1488 3062 quia
1521 3005 1626 3046 non
1656 3008 1943 3062 possumus
1974 2993 2076 3047 hoc

502 3078 787 3150 tranquilla
815 3088 994 3136 mente
1023 3092 1181 3151 agere
1201 3121 1217 3145 ,
1266 3081 1361 3136 sed
1402 3082 1659 3137 debemus
1690 3081 1765 3136 illi
1797 3096 2076 3137 reservare

498 3170 591 3241 qui
636 3185 848 3241 semper
889 3171 1030 3227 idem
1071 3180 1126 3227 et
1163 3171 1386 3242 aequalis
1422 3182 1641 3228 manet:
1690 3181 1745 3228 et
1777 3173 1868 3243 qui
1901 3173 2070 3228 dixit:

2182 1984 2330 2039 illum
2352 1999 2382 2038 a
2403 1985 2559 2040 nobis
2578 1984 2916 2041 excludimus
2934 1986 3228 2056 peccando.
3263 1983 3504 2053 Spiritus
3526 1994 3774 2049 sanctus,

2181 2075 2391 2146 inquit,
2427 2075 2724 2146 disciplina:
2751 2074 2970 2147 eﬂ‘ugiet
2997 2075 3201 2137 ﬁctum.
3258 2076 3395 2131 Dum
3422 2083 3564 2145 ergo
3598 2077 3773 2129 tradi-

2181 2183 2303 2224 mus
2329 2182 2525 2237 corpus
2546 2175 2798 2223 nostrum
2827 2166 3068 2232 libidini,
3112 2175 3169 2220 et
3208 2165 3598 2237 coniungimus
3640 2166 3775 2221 illud

2179 2254 2479 2321 meretrici,
2507 2255 2652 2324 quod
2680 2263 2920 2326 tempore
2949 2254 3204 2324 baptismi
3234 2263 3291 2310 et
3316 2271 3523 2310 manus
3550 2255 3777 2325 imposi.

2180 2347 2344 2402 tionis
2371 2345 2573 2402 factum
2601 2354 2688 2402 est
2712 2346 2972 2416 templum
3000 2347 3176 2403 sancti
3207 2345 3478 2419 Spiritus,
3521 2348 3772 2405 excludi.

2178 2455 2301 2495 mus
2331 2438 2481 2494 illum
2511 2453 2543 2494 a
2570 2438 2746 2503 nobis,
2788 2445 2843 2493 et
2883 2438 3152 2510 fugamus,
3184 2447 3240 2493 et
3267 2446 3543 2509 quantum
3589 2448 3679 2493 est
3716 2438 3772 2495 in

2178 2530 2359 2597 nobis,
2387 2538 2452 2586 ut
2472 2528 2809 2601 Augustinus
2834 2531 2983 2596 dicit,
3012 2531 3375 2589 exstinctores
3403 2547 3604 2588 sumus
3628 2531 3768 2603 eius.

2181 2622 2288 2678 Sed
2311 2637 2381 2676 ne
2404 2622 2508 2678 hoc
2528 2635 2774 2694 agamus,
2797 2621 2873 2676 ait
2894 2618 3201 2692 Apostolus,
3225 2622 3491 2693 Spiritum
3517 2634 3769 2678 sanctum

2178 2714 2270 2784 qui
2312 2714 2367 2769 in
2401 2713 2555 2768 vobis
2594 2713 2762 2784 carpit
2807 2713 3055 2769 habitare
3102 2721 3343 2783 tempore
3391 2714 3768 2784 baptismatis.

2178 2805 2345 2861 nolite
2387 2804 2575 2875 fugare
2618 2818 2650 2858 a
2689 2804 2846 2859 vobis
2889 2818 3062 2874 neque
3102 2803 3464 2874 exstinguatis
3508 2803 3664 2858 illum
3711 2802 3766 2857 in

2178 2896 2333 2952 vobis
2359 2896 2634 2967 peccando
2660 2903 2716 2950 et
2744 2896 3004 2951 tradendo
3031 2910 3229 2965 corpus
3253 2904 3500 2950 vestrum
3532 2894 3766 2951 diversis

2180 2987 2605 3058 turpitudinibus
2628 2988 2772 3057 quod
2800 2985 3059 3056 templum
3084 2986 3202 3055 eius
3228 2986 3387 3041 debet
3412 3001 3560 3041 esse.

2251 3076 2563 3151 PrOphetias
2592 3079 2751 3135 nolite
2778 3095 3049 3151 spernere,
3082 3079 3137 3134 id
3162 3086 3275 3143 est,
3312 3080 3358 3134 si
3387 3073 3598 3149 aliquis
3622 3078 3767 3133 valet

2178 3170 2473 3242 explanare
2496 3171 2639 3226 dicta
2664 3170 3071 3240 prophetarum,
3098 3169 3241 3224 sicut
3270 3168 3640 3241 Hieronymus
3662 3185 3767 3223 ccc.

504 3238 638 3313 Mihi
662 3238 940 3316 vindictam
965 3238 1245 3316 reservate
1265 3273 1311 3316 et
1337 3279 1430 3332 ego
1456 3264 1737 3318 retribuam
1760 3238 1930 3335 (liam.
1952 3265 2072 3335 xtl),
2103 3238 2147 3301 (ἶ
2179 3238 2393 3334 torique
2421 3238 2680 3320 doctores“
2705 3238 2779 3317 ad
2808 3255 3225 3319 aediﬁcationem
3263 3238 3580 3315 auditorum
3621 3260 3763 3330 loqui

501 3349 606 3404 illis
629 3350 908 3421 supplicia,
930 3352 1082 3407 vobis
1109 3360 1288 3407 autem
1310 3353 1550 3422 prmmia.
1586 3354 1779 3409 Malum
1807 3355 2075 3425 siquidem

500 3442 1022 3508 pro'malo'reddere
1057 3458 1160 3496 non
1193 3451 1275 3497 est
1306 3444 1505 3498 bonum
1531 3485 1546 3509 ,
1584 3445 1780 3499 malum
1813 3459 1942 3501 vero
1979 3461 2078 3517 pro

501 3529 674 3596 bono,
712 3531 869 3586 valde
910 3531 1245 3601 nimiumque
1283 3532 1482 3587 malum
1520 3543 1622 3589 est.
1674 3532 1891 3606 Semper
1933 3537 2073 3607 quod

502 3621 693 3676 bonum
730 3634 805 3677 est
840 3622 1132 3687 sectamini,
1164 3622 1215 3678 id
1243 3631 1326 3679 est
1356 3624 1638 3679 imitamini
1668 3637 1724 3680 et
1752 3627 1995 3696 perlicite
2021 3629 2075 3684 in

502 3711 738 3777 invicem,
769 3713 883 3768 siv‘e
911 3712 1261 3777 alterutrum,
1299 3723 1346 3768 et
1374 3714 1428 3769 in
1457 3731 1652 3781 omnes,
1686 3716 1790 3772 hoc
1815 3728 1899 3772 est
1918 3758 1932 3782 ,
1966 3734 2073 3773 non

503 3806 675 3862 solum
703 3807 755 3862 in
782 3808 1081 3871 credentes.
1108 3804 1199 3863 sed
1226 3809 1387 3864 etiam
1416 3808 1469 3864 in
1495 3826 1600 3865 non
1624 3812 1924 3879 credentes,
1949 3813 2076 3883 quia

500 3898 698 3956 fratres
721 3916 907 3956 sumus
930 3915 1119 3956 omnes
1144 3902 1436 3957 secundum
1461 3917 1703 3958 carnem.

572 3992 788 4064 Semper
812 3993 1049 4063 gaudete.
1082 3989 1197 4047 Non
1228 3993 1279 4048 in
1310 3993 1508 4049 divitiis
1541 3994 1758 4051 caducis
1785 4002 1841 4049 et
1868 4003 2075 4063 tempo-

500 4081 705 4137 ralibus
732 4082 1052 4147 honoribus,
1083 4083 1176 4137 sed
1217 4083 1270 4137 in
1309 4083 1533 4139 Domino
1558 4085 1806 4154 gaudete,
1838 4093 1893 4139 et
1920 4085 2075 4140 bonis

497 4162 751 4244 operibus
773 4176 874 4227 :‘et
898 4172 1025 4242 quia
1048 4160 1143 4228 lilii
1176 4174 1269 4229 Dei
1295 4175 1447 4230 estis.

571 4264 695 4320 Sine
715 4265 1097 4320 intermissione
1118 4277 1281 4321 orate.
1313 4267 1444 4334 Quis
1464 4268 1740 4323 hominum
1762 4267 2073 4323 mortalium

500 4362 677 4424 potest
712 4370 925 4425 semper
959 4356 1187 4411 orationi
1230 4357 1519 4413 insistere?
1568 4359 1675 4414 Aut
1720 4375 1851 4431 ergo
1900 4368 2073 4416 totum

504 4457 713 4515 tempus
750 4460 848 4515 pro
882 4456 1033 4515 parte
1078 4447 1255 4516 posuit
1282 4448 1591 4518 Apostolus,
1640 4458 1701 4504 ut
1736 4449 1885 4505 dicat
1923 4450 2073 4504 illum

502 4553 714 4608 semper
738 4555 917 4605 orare,
948 4542 1039 4611 qui
1064 4542 1354 4598 canonicas
1384 4545 1547 4599 horas
1570 4546 1844 4610 observat,
1878 4558 2072 4602 secun-

499 4628 628 4685 dum
665 4646 869 4687 morem
913 4640 967 4686 et
990 4633 1435 4689 consuetudinem
1462 4638 1773 4690 sanctorum
1802 4632 2026 4690 Patrum
2052 4653 2067 4690 :

501 4731 595 4775 aut
619 4722 781 4777 etiam
809 4723 977 4788 illum,
1007 4723 1099 4793 qui
1127 4738 1342 4795 semper
1369 4726 1435 4780 de
1463 4727 1573 4781 Deo
1602 4726 1837 4795 cogitat,
1877 4733 1933 4783 et
1960 4727 2072 4784 Deo

499 4811 713 4881 placere
738 4814 1026 4869 desiderat.
1066 4812 1311 4879 Quandiu
1340 4816 1485 4871 enim
1512 4817 1633 4886 quis
1664 4817 1804 4873 bene
1831 4818 2069 4889 cogitat,

500 4907 557 4955 et
576 4901 774 4956 bonum
796 4902 1084 4967 desiderat,
1106 4918 1319 4973 semper
1338 4914 1476 4960 orat.
1504 4905 1638 4961 Nam
1661 4906 1920 4978 quidquid
1943 4906 2071 4963 boni

492 4986 675 5057 justus
694 4990 826 5059 agit,
840 4991 907 5045 ad
925 4993 1226 5049 orationem
1245 5000 1327 5047 est
1349 4994 1708 5063 referendum,
1722 5005 1776 5052 et
1797 5012 2071 5069 nunquam

499 5082 711 5140 desinet
733 5100 912 5151 orare,
942 5087 1041 5142 nisi
1069 5087 1291 5143 desierit
1309 5085 1488 5155 iustus
1510 5101 1651 5141 esse.

573 5172 641 5227 In
668 5176 905 5230 omnibus
933 5178 1132 5248 gratias
1161 5178 1317 5248 agite,
1358 5177 1411 5232 id
1439 5184 1524 5231 est
1553 5177 1606 5231 in
1636 5176 1762 5244 ﬁde,
1794 5193 1909 5247 spe,
1942 5179 2075 5234 cha-

503 5261 685 5329 ritate,
709 5265 1029 5335 caeterisque
1057 5264 1213 5321 bonis
1240 5265 1513 5336 operibus,
1539 5274 1595 5321 et
1620 5267 1672 5322 in
1702 5267 1995 5337 prosperis,
2021 5274 2079 5322 et

504 5352 561 5408 in
587 5354 829 5411 adversis
855 5371 1066 5427 semper
1093 5358 1292 5428 gratias
1317 5367 1373 5412 et
1396 5357 1582 5413 laudes
1614 5358 1756 5427 agite
1788 5359 1919 5423 Deo,
1947 5356 2073 5427 quia

504 5462 681 5519 neque
704 5464 957 5521 prospera
986 5450 1091 5506 nisi
1118 5467 1183 5507 eo
1209 5456 1472 5516 donante,
1506 5466 1682 5521 neque
1710 5451 1932 5508 adversa
1964 5450 2069 5505 nisi

505 5553 570 5593 eo
594 5541 937 5610 permittente
960 5543 1228 5598 evenient.
1276 5542 1403 5597 Haec
1431 5544 1566 5597 enim
1596 5554 1671 5597 est
1700 5540 1943 5596 voluntas
1971 5540 2070 5596 Dei

505 5626 563 5683 in
587 5631 822 5687 omnibus
851 5634 905 5686 in
932 5631 1137 5688 Christo
1170 5632 1319 5702 Iesu,
1357 5635 1406 5689 id
1434 5642 1517 5690 est
1561 5647 1656 5702 per
1681 5632 1954 5687 Christum
1981 5630 2070 5687 Je-

506 5730 646 5784 sum,
677 5734 706 5773 a
732 5735 839 5790 quo
864 5722 1042 5777 omnia
1072 5721 1211 5777 bona
1239 5725 1394 5779 nobis
1420 5724 1704 5786 donantur,
1739 5732 1794 5777 et
1820 5723 1935 5778 sine
1961 5739 2069 5794 quo

508 5807 642 5864 nihil
669 5810 795 5867 boni
826 5820 985 5883 agere
1009 5812 1278 5881 valemus,
1317 5815 1460 5871 sicut
1488 5816 1600 5883 ipse
1629 5815 1765 5870 dixit
1791 5832 1804 5869 :
1836 5812 1960 5870 Sine
1987 5832 2068 5870 me

2175 3364 2232 3413 et
2258 3355 2593 3427 prtedicare:
2627 3354 2797 3410 nolite
2826 3353 2975 3409 illum
3004 3353 3300 3424 despicere,
3324 3350 3494 3408 nolite
3522 3364 3765 3410 contem-

2174 3461 2329 3513 nere,
2357 3446 2450 3501 sed
2478 3444 2754 3501 humiliter
2779 3440 3042 3500 attendite
3065 3459 3185 3514 qua:
3213 3444 3387 3499 docet.

2248 3535 2439 3590 Omnia
2469 3544 2646 3605 autem
2673 3535 2922 3623 probate;
2952 3534 3091 3604 quod
3121 3534 3311 3587 bonum
3335 3544 3411 3588 est
3442 3543 3636 3595 tenete.
3663 3534 3761 3589 hoc

2172 3636 2277 3693 est,
2299 3627 2563 3683 attendite
2584 3626 2763 3680 omnia
2787 3638 2907 3695 quae
2932 3624 3021 3679 ille
3041 3624 3295 3694 loquitur.
3317 3623 3562 3680 Probate
3584 3634 3761 3680 utrum

2175 3720 2318 3775 dicta
2349 3718 2493 3774 illius
2521 3727 2577 3773 et
2602 3717 2766 3772 verba
2795 3716 3121 3772 conveniunt
3150 3715 3310 3771 dictis
3338 3715 3659 3786 Evangelii,
3683 3716 3761 3770 di-

2174 3811 2278 3866 ctis
2311 3810 2728 3881 prophetarum,
2775 3818 2831 3863 et
2875 3807 3035 3863 dictis
3079 3806 3473 3876 apostolorum.
3530 3807 3688 3875 Quod
3715 3805 3759 3863 si

2172 3899 2533 3969 probaveritis
2564 3914 2671 3953 non
2703 3899 3011 3967 discrepare
3048 3912 3079 3951 a
3117 3912 3278 3953 sensu
3308 3906 3634 3952 sanctorum
3669 3914 3760 3967 pr

2175 4000 2316 4043 trum
2346 3989 2512 4044 verba
2542 3987 2705 4052 illius,
2739 3986 2884 4056 quod
2913 3986 3111 4039 bunum
3141 3994 3227 4039 est
3264 3993 3444 4041 tenete
3471 3986 3672 4049 corde,
3706 3997 3757 4040 et

2172 4093 2335 4155 Opere
2360 4080 2627 4150 perlicite.

2243 4171 2320 4225 Ab
2347 4171 2487 4225 omni
2528 4169 2699 4241 specie
2734 4167 2873 4222 mala
2907 4167 3158 4221 abstinete
3180 4181 3287 4230 t'os,
3315 4164 3368 4220 id
3398 4175 3488 4222 est
3513 4168 3587 4223 ab
3615 4167 3757 4223 omni

2172 4275 2233 4316 re
2264 4259 2442 4325 mala,
2472 4268 2529 4314 et
2574 4257 2901 4330 cogitatione
2946 4271 3142 4327 prava,
3191 4264 3248 4311 ct
3291 4267 3459 4325 opere
3501 4273 3756 4327 perverso

2171 4349 2438 4406 abstinete
2464 4364 2582 4404 vos.

2243 4440 2364 4511 Ipse
2391 4450 2563 4494 autem
2595 4437 2731 4492 Deus
2760 4437 2929 4507 pacis,
2961 4435 3012 4490 id
3040 4444 3125 4501 est
3144 4434 3406 4491 Dominus
3447 4436 3630 4497 Jesus,
3669 4438 3752 4507 qui

2172 4549 2359 4606 pacem
2405 4533 2625 4604 reliquit
2669 4531 2948 4602 discipulis
2978 4530 3113 4596 suis,
3140 4540 3196 4585 et
3226 4532 3279 4585 in
3323 4531 3585 4586 omnibus
3611 4531 3755 4585 nobis

2176 4624 2623 4701 dicens:Pacem
2670 4623 2903 4695 relinquo
2950 4623 3092 4677 vobis
3135 4622 3317 4693 (Joan.
3365 4622 3515 4693 Juv),
3559 4632 3620 4677 et
3668 4622 3752 4692 qui

2175 4718 2341 4773 etiam
2367 4731 2466 4772 nos
2491 4716 2796 4787 paciﬁcavit
2826 4725 2881 4772 et
2909 4716 3279 4771 reconciliavit
3313 4715 3423 4791 Deo
3475 4715 3630 4770 Patri
3668 4729 3755 4786 per

2174 4806 2481 4878 passionem
2508 4820 2681 4869 suam.
2709 4806 2822 4877 ipse
2840 4806 3123 4876 sanctiﬁcat
3150 4822 3238 4859 vos
3259 4821 3354 4876 per
3371 4805 3578 4869 omnia,
3606 4806 3661 4860 id
3679 4813 3755 4859 est

2176 4904 2391 4952 sanctos
2443 4895 2607 4950 faciat
2651 4895 2705 4950 in
2743 4896 2995 4950 omnibus
3038 4910 3158 4964 qua:
3200 4895 3456 4964 cogitatis
3499 4904 3557 4950 et
3600 4908 3755 4965 opere

2175 4984 2463 5055 perlicitis;
2491 4994 2547 5038 ut
2572 4985 2771 5055 integer
2786 4986 3002 5056 spiritus
3032 4994 3197 5039 vester
3220 4994 3266 5039 et
3297 4985 3479 5040 anima
3502 4997 3553 5039 et
3573 5000 3753 5055 corpus

2178 5078 2292 5133 sine
2311 5077 2522 5148 querela
2564 5078 2619 5132 in
2664 5077 2887 5132 adventu
2935 5077 3147 5133 Domini
3193 5079 3359 5132 nostri
3378 5078 3512 5133 Iesu
3562 5078 3755 5133 Christi

2176 5178 2425 5223 servetur.
2449 5166 2600 5236 Quod
2623 5168 2755 5223 dicit
2777 5176 2837 5224 ιιι
2849 5169 3053 5238 integer
3067 5169 3290 5239 spiritus
3303 5179 3490 5225 vester
3509 5179 3564 5224 et
3576 5171 3749 5224 anima

2175 5270 2232 5316 et
2259 5275 2455 5331 corpus
2498 5267 2763 5324 servetur,
2797 5261 3080 5332 dupliciter
3116 5277 3404 5339 possumus
3435 5262 3749 5333 intelligere.

2177 5351 2350 5407 Homo
2376 5360 2591 5408 constat
2625 5366 2691 5407 ex
2737 5367 2965 5421 corpore
3002 5363 3058 5407 et
3095 5352 3276 5427 anima
3322 5359 3379 5406 et
3423 5352 3644 5422 spiritu,
3672 5360 3748 5405 ta-

2175 5457 2300 5498 men
2337 5442 2395 5501 in
2421 5457 2490 5498 eo
2518 5455 2626 5498 non
2655 5452 2782 5498 sunt
2810 5450 2921 5497 tres
2944 5442 3283 5507 substantias,
3324 5441 3467 5497 sicut
3497 5440 3749 5515 Didymus

2176 5533 2475 5600 contendit,
2504 5549 2606 5590 nec
2623 5542 2709 5590 est
2733 5535 2927 5590 tertius
2953 5533 3007 5588 in
3036 5534 3335 5589 substantia
3375 5532 3613 5590 hominis
3639 5530 3747 5603 δρία

2172 5625 2334 5690 ritus,
2365 5625 2461 5680 sed
2497 5624 2720 5696 spiritus
2749 5625 2864 5696 ipse
2895 5632 2980 5679 est
3005 5623 3187 5678 anima
3210 5663 3227 5688 ,
3270 5621 3412 5679 unde
3452 5620 3655 5677 dicitur
3694 5618 3745 5674 in

2172 5716 2462 5788 Evangelio
2479 5734 2493 5770 :
2513 5715 2772 5770 Inclinato
2787 5716 2953 5785 capite
2970 5714 3138 5768 emisit
3156 5714 3395 5785 spiritum
3411 5710 3590 5785 (lacn.
3610 5707 3744 5782 In),

2173 5819 2228 5867 et
2248 5812 2452 5867 idcirco
2476 5808 2777 5880 appellatur
2798 5806 2978 5863 anima
3003 5805 3249 5877 spiritus,
3281 5819 3347 5862 co
3368 5804 3510 5875 quod
3534 5801 3741 5875 spirita-
