3996 6492
220 431 324 492 777

884 430 1245 490 exposmo
1277 430 1345 488 IN
1384 432 1531 489 EPP.
1574 432 1633 489 s.
1672 400 1895 487 mm.
1919 428 2077 485 -ιδ
2118 429 2332 487 EPIST.
2364 431 2408 487 ιι
2446 432 2539 487 AD
2573 430 2814 489 TllESS.

3372 434 3478 491 τῖε

218 549 286 611 lis
325 557 533 605 natura:
564 556 677 611 est,
722 547 808 602 vel
837 546 979 616 quod
1015 546 1181 616 spiret
1222 546 1276 600 in
1320 546 1537 600 homine
1567 563 1580 598 :
1612 544 1793 600 anima
1822 551 1870 607 Α
1901 543 2034 598 tium
2080 551 2136 597 et
2182 543 2591 600 tlazmoniacum.
2621 544 2719 601 Sic
2749 544 2805 600 iu
2837 542 2943 598 isto
2969 543 3089 601 loco
3110 554 3285 615 potest
3322 546 3481 603 intel-

215 657 348 698 xero
383 641 525 696 dicta
548 649 631 696 est
655 655 721 695 eo
755 639 899 710 quod
927 640 995 693 ad
1024 639 1405 695 viviﬁcandum
1434 640 1639 696 auimet
1672 655 1795 695 cor-

219 738 423 804 pus,~et
460 730 528 785 ad
568 729 857 785 videndum
888 729 1099 799 corpori
1148 729 1273 783 data
1301 729 1402 794 sit.
1430 728 1507 783 lta
1528 729 1690 784 etiam
1719 744 1801 784 ra-

221 822 654 889 tionabilitasget
692 821 1011 878 excellentia
1050 821 1255 876 anima:
1284 836 1388 895 qua
1434 822 1701 891 sapimus,
1746 827 1801 875 et

221 916 582 973 discernimur
596 916 665 971 ab
679 914 800 969 aliis
824 913 1108 976 creaturis,
1127 912 1349 982 spiritus
1367 912 1625 983 appellari
1642 911 1801 979 solet,

216 1006 692 1063 sicutostenditur
716 1005 838 1060 ibi:
870 1003 1169 1059 Benedicite
1189 1004 1406 1074 spiritus
1432 1012 1480 1057 et
1509 1003 1699 1057 anima:
1716 1002 1804 1072 ju-

221 1108 420 1153 starum
450 1097 680 1151 Domino
718 1095 894 1168 (Dan.
929 1093 1056 1167 ιιι),
1103 1102 1281 1148 tamen
1321 1093 1448 1164 quia
1491 1092 1714 1163 spiritus
1749 1099 1815 1153 et,

221 1192 402 1251 anima
445 1207 611 1247 unum
657 1198 817 1254 sunt,
846 1187 969 1244 inde
1000 1197 1225 1259 apparet
1249 1171 1375 1259 quia
1405 1203 1632 1258 corpore
1660 1187 1806 1242 incc-

223 1282 401 1337 dimus
442 1281 624 1336 anima
656 1280 921 1346 vivimus,
960 1280 1154 1349 spiritu
1205 1278 1553 1349 intelligimus
1584 1287 1639 1334 et
1663 1278 1807 1349 sapi-

223 1391 363 1431 mus.
395 1374 471 1429 De
491 1390 598 1444 quo
620 1367 810 1444 spiritu
843 1374 956 1428 sive
986 1372 1410 1428 rationabilitate
1436 1372 1663 1437 animze,
1687 1385 1806 1441 qua:

219 1467 620 1530 rationabilitas
660 1467 827 1522 etiam
866 1480 1021 1520 mens
1071 1464 1393 1535 appellatur,
1437 1463 1674 1534 loquitur
1719 1463 1807 1518 hic

218 1558 515 1629 Apostolus
559 1574 685 1615 cum
731 1558 808 1612 ait
849 1574 862 1611 :
898 1557 971 1615 Ut
1008 1557 1217 1627 integer
1258 1557 1481 1626 spiritus
1528 1563 1706 1611 vester
1752 1562 1810 1610 et

223 1653 438 1716 anima,
467 1663 572 1708 etc.
618 1650 750 1707 Orat
781 1666 908 1723 ergo
933 1650 1223 1720 Apostolus
1262 1647 1321 1704 ut
1363 1648 1605 1718 spiritus,
1637 1648 1687 1702 id
1720 1656 1810 1703 est

223 1743 622 1799 rationabilitas
641 1751 849 1809 nostra,
865 1742 1090 1814 integra,
1113 1752 1167 1796 et
1189 1734 1522 1810 incorrupta,
1541 1750 1702 1810 atque
1723 1738 1808 1794 iu-

220 1835 427 1891 .riolata
474 1844 790 1908 permaneat
833 1853 847 1889 :
897 1847 953 1891 ct
998 1837 1177 1890 anima
1223 1843 1519 1904 et-corpus
1561 1833 1810 1889 similiter

1899 632 1991 704 ligi
2010 648 2109 704 pro
2128 633 2300 702 gratia
2320 643 2559 704 sua'quze
2578 634 2733 690 nobis
2751 633 2908 689 datur
2928 642 3169 704 tempore
3190 636 3480 705 baptisma-

1899 727 1988 793 tis,
2018 742 2126 798 qua
2156 727 2481 783 mundamur
2506 727 2575 781 ab
2600 726 2851 782 omnibus
2878 727 3301 796 inquinamentis
3322 728 3480 801 vitio-

1899 832 2038 883 rum,
2065 832 2228 888 quam
2252 824 2373 872 orat
2395 815 2685 888 Apostolus
2712 826 2772 872 ut
2795 819 3004 889 integra
3022 859 3038 885 ,
3067 828 3124 874 et
3146 819 3476 891 incorrupta,
3528 816 3539 823 “

1900 917 2061 979 atque
2084 909 2429 965 inunaculata
2450 920 2667 966 maneat
2689 910 2743 965 in
2769 911 2947 978 nobis,
2971 926 3040 967 ne
3062 920 3250 968 nostro
3272 913 3404 969 vitio
3425 921 3483 972 et

1902 988 2242 1057 inmunditia
2257 1010 2655 1073 corrumpatur,
2678 1010 2773 1059 aut
2793 1004 3088 1072 minuatur,
3109 1005 3194 1077 vel
3213 1004 3430 1078 fugatur
3449 1021 3480 1061 a
3501 1057 3507 1063 .

1902 1094 2077 1149 nobis.
2110 1094 2166 1149 Si
2196 1096 2341 1151 enim
2384 1097 2524 1154 mala
2571 1097 2682 1152 vita
2727 1107 2821 1152 aut
2856 1098 3111 1168 cogitatio
3136 1100 3346 1172 incidit,
3376 1114 3481 1155 non

1902 1199 1987 1244 est
2026 1187 2138 1257 jam
2182 1190 2390 1262 integra
2438 1192 2551 1263 ipsa
2593 1192 2789 1261 gratia,
2818 1191 2945 1262 quia
2980 1192 3183 1248 deserit
3210 1193 3486 1249 hominem

1903 1281 2196 1337 obnoxium
2220 1284 2484 1352 peccatis;
2514 1298 2638 1338 nam
2662 1285 2787 1339 dum
2812 1272 2880 1338 ea
2910 1283 3020 1355 agit
3046 1283 3209 1338 homo
3226 1299 3344 1354 quae
3371 1284 3488 1340 odit

1908 1370 2143 1444 Spiritus
2186 1382 2428 1438 sanctus,
2462 1374 2666 1429 recedit
2707 1375 2776 1429 ab
2802 1388 2868 1429 eo
2902 1373 3018 1444 ejus
3046 1374 3222 1445 gratia
3255 1389 3322 1429 ex
3351 1384 3485 1442 toto,

1907 1473 2002 1518 aut
2035 1465 2303 1519 minuitur
2339 1465 2413 1520 illi
2465 1465 2557 1535 qui
2604 1473 2814 1535 peccat.
2862 1465 3037 1532 Deus,
3088 1466 3293 1535 inquit,
3338 1466 3491 1537 pacis

1906 1553 2211 1610 sanctiﬁcet
2233 1570 2332 1610 vos
2359 1568 2456 1625 per
2484 1542 2686 1621 omnia,
2721 1555 2773 1611 id
2800 1563 2885 1611 est
2908 1562 3081 1611 totum
3108 1552 3401 1621 hominem,
3430 1564 3491 1611 ut

1908 1646 2083 1717 gratia
2111 1644 2347 1717 Spiritus
2371 1647 2567 1713 sancti,
2590 1661 2751 1717 quam
2776 1647 3096 1718 percepistis
3125 1656 3365 1717 tempore
3393 1649 3487 1702 ha-

1909 1746 2202 1816 ptismatis,
2229 1761 2336 1801 non
2370 1746 2590 1803 recedat
2622 1761 2653 1801 a
2684 1747 2855 1815 vobis,
2885 1748 2981 1803 sed
3024 1747 3235 1820 integra
3276 1756 3501 1821 maneat,

1908 1836 2096 1902 vobis,
2120 1844 2178 1892 et
2217 1837 2396 1892 anima
2422 1836 2736 1908 incorrupta
2764 1838 2857 1905 sit,
2891 1853 3195 1909 corpusque
3225 1839 3489 1895 immacu-

226 1936 536 1998 incorrupta
556 1936 615 1984 et
642 1927 984 1983 immaculata
1014 1935 1367 1998 permaneant
1391 1939 1560 1996 usque
1589 1926 1643 1981 in
1665 1926 1807 1982 diem
1836 1927 1883 1988 B
1910 1928 2098 1994 latum,
2121 1937 2176 1983 et
2204 1934 2347 1984 totus
2372 1928 2531 1984 homo
2569 1930 2857 1986 mundatus
2882 1930 3090 2001 integer
3109 1938 3357 1986 servetur
3375 1931 3494 1989 sine

226 2021 421 2077 mortis
444 2029 662 2087 nostrae,
694 2020 778 2077 vel
808 2022 862 2076 in
883 2021 1025 2076 diem
1052 2018 1265 2088 judicii,
1296 2020 1436 2075 sicut
1463 2020 1530 2075 ab
1557 2019 1809 2075 omnibus

224 2112 478 2168 sordibus
522 2120 869 2183 peccatorum
915 2112 1158 2168 mandati
1201 2128 1385 2167 sumus
1426 2120 1668 2183 tempore
1714 2111 1809 2167 ba-

221 2203 525 2273 ptismatis;
557 2203 683 2273 quia
710 2218 842 2274 ergo
868 2211 1046 2273 potest
1072 2217 1270 2272 corpus
1298 2202 1721 2266 mundumesse,
1755 2208 1811 2257 et

200 2278 410 2353 ‘unima
426 2314 493 2353 ac
515 2297 737 2368 spiritus
761 2297 1031 2368 inquinari
1065 2313 1162 2367 per
1185 2296 1384 2351 malum
1421 2295 1714 2367 cogitatum
1754 2302 1809 2350 et

231 2391 591 2458 desiderium,
632 2391 751 2445 ideo
801 2391 931 2445 dicit
961 2398 1149 2445 totum
1189 2390 1240 2444 in
1294 2390 1511 2446 homine
1550 2389 1809 2444 mundum

1913 2017 2153 2090 querela.
2187 2016 2302 2073 Non
2337 2019 2466 2073 dicit
2506 2018 2622 2075 sine
2649 2028 2893 2090 peccato,
2926 2020 3053 2090 quia
3082 2035 3189 2075 non
3218 2029 3300 2076 est
3328 2021 3492 2078 homo

1913 2111 2007 2181 qui
2033 2109 2197 2165 faciat
2221 2109 2419 2165 bonum
2451 2118 2505 2166 et
2531 2125 2637 2165 non
2660 2119 2864 2181 peccet,
2902 2120 2957 2166 et
2978 2111 3035 2166 in
3064 2110 3240 2166 multis
3268 2112 3493 2183 aliendi-

1912 2214 2028 2255 πως
2055 2214 2230 2256 omnes
2259 2199 2400 2272 (Jac.
2428 2203 2536 2273 ιιι).
2568 2200 2630 2257 Si
2657 2202 2800 2256 enim
2827 2201 3134 2269 dixerimus,
3157 2204 3281 2273 quia
3309 2221 3494 2276 pecca—

1912 2301 2022 2347 tum
2044 2309 2149 2347 non
2167 2284 2435 2359 habemus,
2461 2295 2648 2348 veritas
2672 2294 2728 2348 in
2761 2293 2907 2349 nobis
2933 2310 3037 2348 non
3066 2304 3143 2349 est
3169 2293 3220 2366 (1
3243 2294 3403 2350 Joan.
3429 2295 3493 2365 ι).

1985 2381 2188 2438 Fidelis
2239 2393 2347 2451 est,
2378 2383 2431 2439 id
2473 2391 2556 2439 est
2579 2394 2754 2440 verax
2788 2386 2845 2439 in
2868 2386 3320 2457 promissionibus
3360 2387 3494 2451 suis,

228 2499 349 2539 esse
375 2483 593 2539 debere.
624 2483 801 2538 Aliter
834 2502 847 2537 ;
882 2483 1117 2553 Spiritus
1155 2491 1379 2539 sanctus
1422 2497 1565 2553 saepe
1585 2482 1812 2553 ponitur
1915 2476 2003 2549 qui
2029 2477 2225 2532 vocavit
2250 2492 2336 2532 vos
2362 2476 2430 2531 ad
2459 2476 2619 2532 fidem
2647 2485 2703 2533 et
2728 2476 2961 2549 gratiam
3000 2493 3188 2544 suam;
3223 2479 3313 2549 qui
3342 2474 3499 2533 etiam

221 2591 330 2646 pro
371 2576 547 2645 gratia
589 2586 645 2632 et
683 2577 842 2632 donis
880 2577 1012 2641 suis,
1041 2577 1181 2631 sicut
1208 2576 1262 2631 in
1292 2572 1517 2647 epistola
1538 2576 1713 2646 prima
1744 2574 1811 2630 ad
1917 2568 2091 2638 faciet,
2108 2567 2365 2624 subaudis
2385 2568 2438 2623 id
2463 2569 2607 2639 quod
2628 2568 2896 2639 promisit.
2921 2568 3159 2625 Fidelem
3181 2570 3311 2627 dicit
3331 2570 3499 2626 Deum

232 2667 580 2724 Corinthios:
621 2668 873 2739 Spiritus,
915 2669 1118 2739 inquit,
1140 2668 1515 2739 prophetarum
1554 2667 1816 2739 prophetis
1919 2656 1975 2712 in
2016 2657 2468 2728 PmmiSSionibus
2497 2659 2644 2726 8033.
2675 2666 2735 2713 ιιι
2774 2659 2952 2715 δεουῐὶ
2992 2661 3059 2715 de
3086 2661 3311 2732 praemio
3338 2658 3501 2716 recte

232 2759 495 2829 subjectus
523 2770 598 2815 est
631 2760 683 2833 (I
716 2758 839 2814 Cor.
870 2760 1014 2823 31v),
1056 2760 1108 2815 id
1136 2768 1220 2815 est
1247 2760 1386 2815 dona
1420 2758 1653 2830 Spiritus
1696 2775 1820 2814 san-

222 2850 338 2915 cti,
382 2849 508 2921 quia
552 2866 659 2929 non
690 2859 908 2922 cogunt
935 2850 1207 2906 hominem
1238 2850 1388 2919 loqui
1427 2850 1567 2905 sicut
1588 2850 1822 2920 arrepti-

1923 2757 2335 2806 conversentur.

246 2976 2024 3008 ww

728 3118 834 3201 IN
908 3116 1499 3200 EPISTOLAM
1575 3114 1656 3194 II
1731 3115 1864 3192 AD
1937 3113 2991 3196 THESSALONIGENSES.

775 3336 1286 3426 ARGUMEN'l'UM.

313 3456 821 3515 Thessalonicenses
867 3456 1197 3528 accipientes
1238 3454 1477 3527 priorem
1523 3452 1825 3526 epistolam,

235 3564 369 3606 cum
394 3546 1021 3619 pervenissentlegendo
1046 3546 1113 3601 ad
1138 3545 1286 3601 illum
1326 3540 1510 3627 locum
1540 3546 1631 3601 ubi
1661 3542 1830 3615 loqui-

236 3650 336 3696 tur
368 3636 657 3709 Apostolus
703 3648 770 3691 ex
825 3649 1056 3707 persona
1106 3631 1404 3692 electorum
1432 3676 1448 3703 ,
1500 3635 1591 3706 qui
1639 3635 1692 3689 in
1743 3635 1832 3690 die

228 3729 432 3803 judicii
481 3727 786 3783 inveniendi
836 3734 963 3782 sunt
1004 3726 1136 3793 vivi,
1178 3726 1465 3795 inquiens:
1505 3725 1703 3779 Deinde
1738 3740 1831 3778 nos

232 3823 336 3894 qui
358 3822 597 3885 vivimus,
623 3819 712 3889 qui
735 3817 1097 3888 relinquimur,
1126 3817 1282 3870 simul
1308 3817 1575 3888 rttpiemur
1592 3825 1708 3870 cum
1724 3815 1833 3869 illis

237 3912 455 3967 obuiam
479 3909 683 3965 Christo
706 3910 766 3962 in
796 3924 921 3962 aera
948 3906 1000 3979 (I
1026 3906 1205 3961 Thess.
1228 3906 1326 3977 tv),
1354 3906 1657 3961 conturbati
1686 3913 1833 3969 sunt,

238 4005 589 4073 nimiumque
632 4000 948 4072 perterriti,
975 4005 1231 4069 putantes
1277 3997 1590 4068 Apostoium
1615 3997 1690 4050 ita
1717 4000 1839 4051 esse

241 4097 535 4157 locutum,
590 4090 746 4161 quasi
792 4082 891 4145 suo
942 4074 1183 4158 tempore
1218 4096 1274 4143 et
1320 4088 1531 4142 illorum
1575 4096 1839 4143 venturus

242 4192 401 4240 esset
448 4172 707 4236 Dominus
743 4179 810 4234 ad
851 4177 1151 4250 judicium,
1194 4188 1249 4234 et
1294 4178 1556 4233 timebant
1584 4178 1662 4233 illi
1698 4178 1838 4233 mitti

247 4289 380 4331 cum
411 4272 624 4329 diabolo
655 4273 708 4326 in
750 4285 1025 4327 carcerem
1052 4269 1240 4325 aeterni
1275 4269 1543 4341 supplicii,
1574 4286 1640 4327 eo
1674 4271 1839 4342 quod,

251 4368 413 4424 tarde
446 4368 725 4423 venientes
768 4366 835 4421 ad
880 4364 1079 4430 fidem,
1109 4344 1411 4434 imperfecii
1459 4372 1659 4420 essent.
1700 4363 1842 4431 Qua-

242 4468 479 4533 propter
490 4456 800 4528 Apostolus,
811 4453 1153 4524 ut‘comperit
1170 4452 1291 4509 illos
1310 4462 1473 4524 super
1487 4455 1590 4510 hoc
1613 4453 1766 4509 trista
1775 4454 1841 4520 r‘i,

251 4552 481 4622 scripsit
505 4550 585 4605 eis
610 4551 768 4605 istam
798 4547 1084 4620 epistolam
1110 4547 1427 4613 secundam,
1461 4547 1514 4603 in
1544 4564 1649 4619 qua
1681 4547 1845 4620 signi-

256 4632 446 4698 tieavit
470 4640 550 4696 eis
586 4640 823 4695 nondum
856 4638 1139 4693 imminere
1188 4635 1331 4692 diem
1355 4637 1542 4709 judicii
1573 4654 1672 4693 suo
1704 4647 1843 4692 tem-

1845 3349 1889 3411 ς
1991 3334 2291 3391 Glorientur
2308 3335 2362 3387 in
2381 3334 2802 3389 tribulationibus
2826 3351 2957 3406 quas
2970 3337 3235 3394 sustinetis
3258 3339 3313 3395 in
3335 3355 3512 3396 exem-

1929 3422 2073 3495 plum
2119 3423 2255 3494 justi
2315 3423 2509 3494 ﬁtdlcii
2557 3424 2676 3479 Dei.
2724 3422 2877 3480 Sicut
2920 3441 2987 3481 ex
3031 3427 3210 3485 verbis
3259 3429 3513 3502 Prosperi

1930 3513 2267 3583 aliorumque
2298 3513 2579 3568 doctorum
2616 3512 2872 3585 colligere
2899 3525 3209 3586 possumus,
3236 3519 3372 3576 nihil
3399 3519 3513 3591 agi-

1933 3611 2019 3657 tur
2062 3602 2115 3657 in
2169 3603 2271 3658 hoc
2317 3605 2541 3670 mundo,
2570 3603 2674 3659 nisi
2708 3613 2809 3660 ‘a’ut
2845 3598 2960 3663 Deo
2987 3606 3238 3677 faciente,
3265 3622 3360 3668 aut
3396 3612 3515 3684 ipso

1930 3694 2296 3764 permittente.
2342 3693 2530 3750 Sancti
2574 3710 2705 3766 ergo
2743 3706 3011 3771 martyres
3056 3700 3258 3773 aliique
3305 3702 3515 3770 ﬁdeles.

1935 3785 2042 3838 Deo
2069 3785 2435 3853 permittente,
2463 3785 2630 3841 multa
2654 3788 2892 3857 pericula
2938 3798 2993 3845 et
3035 3792 3261 3848 adversa
3312 3794 3367 3850 in
3410 3795 3517 3852 hoc

1935 3875 2134 3928 mundo
2162 3875 2227 3928 ad
2275 3874 2580 3945 exemplum
2621 3875 2750 3945 justi
2788 3879 2976 3949 judicii
3010 3880 3107 3935 Dei
3143 3885 3517 3952 patiebantur,

1935 3965 2189 4034 quoniam
2217 3967 2268 4021 in
2293 3967 2423 4037 ipsis
2470 3971 2854 4026 ostendebatur
2879 3973 3003 4042 quia
3030 3974 3077 4029 si
3104 3975 3181 4029 illi
3210 3977 3303 4046 qui
3332 3978 3517 4035 dilecti

1934 4064 2048 4117 Deo
2076 4071 2235 4117 erant
2271 4065 2397 4118 talia
2424 4065 2786 4135 patiebantur,
2822 4065 2992 4123 multo
3030 4068 3288 4140 ampliora
3312 4080 3367 4127 et
3389 4087 3515 4142 gra-

1938 4154 2090 4209 viora
2120 4156 2331 4225 reprobi
2356 4165 2415 4212 'et
2441 4157 2645 4214 inimici
2683 4158 2826 4215 illius
2854 4159 2909 4215 in
2943 4159 3027 4217 die
3049 4162 3181 4233 justi
3204 4162 3394 4232 judicii
3425 4166 3520 4222 Dei

1940 4246 2252 4318 suscipient.
2278 4246 2490 4303 Justum
2524 4249 2616 4305 Dei
2651 4250 2914 4319 judicium
2946 4253 3100 4318 dicit,
3132 4254 3258 4325 quia
3286 4264 3413 4314 tunc
3433 4256 3522 4329 ju—
3620 4292 3626 4296 -

1943 4339 2143 4396 dicabit
2173 4342 2312 4397 Deus
2348 4344 2533 4399 orbem
2557 4350 2717 4400 terra:
2745 4346 2797 4399 in
2828 4346 3106 4415 aequitate.

2014 4432 2071 4488 Si
2111 4444 2284 4490 tamen
2312 4434 2519 4507 justum
2552 4447 2628 4491 est
2667 4437 2806 4508 apud
2845 4438 3013 4492 Deum
3042 4440 3324 4496 retribuere
3368 4443 3523 4498 malis

1943 4524 2108 4590 mala,
2136 4535 2191 4580 ct
2220 4526 2374 4582 benis
2396 4524 2559 4582 bona.
2590 4523 2651 4580 Si
2681 4538 2853 4582 tamen
2877 4528 3188 4598 conjunctio
3208 4530 3442 4587 causalis
3468 4531 3522 4586 in

1946 4614 2049 4669 hoc
2077 4614 2195 4671 loco
2242 4631 2345 4671 non
2368 4624 2474 4686 pro
2501 4614 2836 4671 dubitatione
2861 4617 3099 4686 ponitur,
3130 4619 3224 4673 sed
3252 4625 3352 4689 pro
3389 4619 3527 4675 allir-

248 4751 394 4810 pore
414 4776 429 4800 ,
457 4742 513 4789 et
552 4733 787 4789 ostendit
812 4732 892 4787 eis
913 4731 1057 4801 quod
1084 4738 1243 4786 antea
1274 4704 1656 4787 destruendum
1697 4737 1843 4785 esset
1869 4713 1918 4771 ι)
1947 4705 2202 4810 malim":
2232 4705 2393 4810 quasi
2414 4705 2672 4810 (ξξθθτθιξ-
2692 4704 2954 4810 ρυρίξίθῐη
2973 4708 3181 4810 Ῑ¹¹ἦξ¹¹η¹
3211 4718 3293 4810 {Si
3320 4709 3527 4810 Deoj‘a

259 4842 492 4894 regnum
538 4826 946 4886 Romanorum,
1004 4831 1183 4878 tamen
1224 4823 1436 4880 occulte
1483 4831 1540 4878 et
1590 4824 1840 4878 obscure.

260 4917 451 4988 Neque
494 4917 639 4971 enim
679 4915 910 4970 audebat
944 4923 1131 4985 aperte
1164 4915 1401 4970 scribere
1450 4915 1517 4970 de
1554 4915 1846 4971 abolitione

253 5008 418 5079 regni
459 5006 723 5073 Romani,
752 5021 821 5062 ne
858 5004 997 5061 forte
1027 5005 1082 5059 in
1109 5005 1388 5061 credentes
1415 5006 1844 5076 persecutionem

264 5103 553 5158 excitaret.
601 5100 895 5156 Denuntiat
921 5099 1086 5154 etiam
1125 5098 1416 5153 adventum
1445 5098 1763 5156 Antichristi
1794 5108 1850 5155 et

262 5193 707 5250 interfectionem
735 5190 873 5262 ejus.

792 5322 1016 5380 CAPUT
1058 5321 1349 5381 PRIMUM.

346 5435 553 5491 Paulus
594 5445 643 5491 et
686 5434 959 5492 Silvanus.
1008 5436 1153 5491 ldetn
1197 5445 1283 5493 est
1330 5436 1578 5501 initium,
1607 5435 1856 5509 idemque

270 5536 469 5588 sensus
493 5545 653 5602 quem
681 5530 736 5584 in
762 5528 929 5599 priori
954 5529 1318 5598 exposuimus.

350 5620 701 5686 Supercrescit
741 5618 870 5687 ﬁdes
917 5628 1104 5673 vestra.
1150 5619 1310 5674 Fides
1356 5628 1647 5690 augmento
1700 5629 1853 5692 eget;

278 5715 423 5770 unde
462 5711 690 5783 apostoli
729 5711 913 5766 dicunt
948 5710 1174 5765 Domino
1195 5730 1213 5765 ~:
1246 5711 1461 5784 Adauge
1511 5712 1658 5768 nobis
1700 5712 1857 5781 ﬁdem

274 5803 436 5876 (Luc.
469 5802 622 5876 xvu).
660 5801 727 5857 Et
751 5799 967 5870 quidam
991 5799 1128 5855 alius
1154 5820 1165 5855 :
1193 5801 1381 5870 Credo,
1403 5802 1640 5873 Domi-ne,
1665 5805 1859 5876 adjuva

275 5892 653 5951 inﬁdelitatem
678 5908 845 5946 meam
876 5890 1065 5961 (Marc.
1094 5892 1192 5961 ιχ).

726 5985 996 6045 Ρηιιοι..
1042 5984 1292 6049 CXVII.

1940 4810 2130 4868 agere.
2165 4796 2233 4850 In
2261 4795 2589 4862 reuelatione,
2624 4798 2674 4852 id
2712 4807 2799 4853 est
2833 4800 2884 4852 in
2921 4799 3384 4865 manifestatione,
3415 4799 3532 4855 Do—

1950 4891 2081 4945 mini
2112 4890 2240 4945 Jesu
2262 4891 2326 4944 de
2350 4890 2475 4951 ctzlo
2501 4892 2768 4947 venientis
2797 4893 2863 4947 ad
2887 4893 3149 4962 judicium
3171 4935 3185 4959 ,
3220 4912 3334 4948 cum
3371 4911 3530 4964 ange-

1951 4979 2016 5034 lis
2040 4980 2241 5034 virtutis
2269 4979 2404 5049 ejus,
2437 4980 2574 5034 sicut
2599 4982 2714 5052 ipse
2750 4982 2886 5036 dixit
2923 4999 2935 5034 :
2964 4983 3093 5035 Cum
3126 4984 3313 5037 venerit
3350 4976 3527 5037 Filius

1953 5075 2200 5140 hominis,
2230 5085 2276 5129 et
2311 5086 2484 5129 amnes
2518 5075 2689 5146 angeli
2719 5093 2837 5129 eum
2870 5092 2930 5130 ea
2967 5075 3177 5147 (Matth.
3208 5075 3359 5145 xxv),
3386 5084 3441 5130 et
3475 5075 3529 5131 in

1955 5162 2286 5220 revelationc
2330 5163 2537 5218 Domini
2582 5164 2708 5219 Jesu
2748 5165 2923 5219 dantis
2952 5166 3230 5220 uindictam
3262 5165 3529 5236 reprobis,

1954 5253 2013 5308 in
2055 5254 2269 5323 ﬂamma
2295 5253 2430 5324 ignis
2462 5254 2542 5307 his
2589 5255 2677 5326 qni
2717 5270 2819 5308 non
2856 5264 3102 5309 noverunt
3133 5253 3332 5320 Deum,
3359 5255 3411 5311 id
3448 5266 3534 5311 est

1959 5345 2215 5417 paganis,
2265 5355 2315 5398 et
2355 5346 2442 5416 qui
2487 5362 2588 5399 non
2619 5344 2863 5399 obediunt
2913 5342 3236 5422 Evangelia,
3264 5346 3535 5401 harrcticis

1962 5439 2231 5506 videlicet,
2262 5449 2317 5495 et
2345 5438 2496 5494 falsis
2536 5439 2879 5508 Christianis,
2925 5447 3086 5509 atque
3131 5437 3346 5494 Judmis.
3390 5437 3536 5494 Bene

1962 5530 2016 5585 in
2047 5528 2262 5584 ﬂamma
2290 5530 2427 5601 ignis
2466 5530 2599 5586 dicit
2634 5531 2885 5584 daturum
2918 5530 3202 5585 Dominum
3243 5530 3533 5585 vindictam

1963 5620 2224 5691 reprobis,
2253 5620 2379 5690 quia
2424 5620 2560 5691 ignis
2588 5621 2853 5689 praecedet
2876 5636 3022 5686 eum,
3050 5627 3263 5673 tantum
3305 5619 3537 5690 spatium

1966 5712 2109 5766 aeris
2136 5726 2431 5781 occupans,
2464 5719 2725 5780 quantum
2755 5711 3036 5781 occupavit
3057 5724 3194 5779 aqua
3224 5709 3279 5763 in
3304 5709 3537 5775 diluvio,

1967 5802 2059 5872 qui
2089 5801 2300 5858 ardebit
2339 5811 2536 5857 terram
2561 5811 2618 5857 et
2640 5803 3053 5858 crassitudinem
3078 5801 3246 5867 aeris,
3270 5809 3328 5858 et
3351 5816 3542 5873 purga-

1967 5896 2045 5952 bit
2075 5896 2308 5963 electos;
2346 5896 2559 5968 reprobi
2591 5904 2772 5952 autem
2797 5895 3076 5952 audientes
3103 5909 3135 5949 a
3166 5895 3391 5951 Domino
3422 5910 3436 5951 :
3466 5890 3542 5947 ιω

3071 5988 3150 6051 25
