3996 6458
489 440 591 497 779

954 429 1309 488 HAYMONIS
1344 423 1824 486 HALBERSTAT.
1872 418 2087 477 EPISC.
2127 420 2277 476 OPP.
2320 418 2498 476 PARS
2534 418 2576 474 1.
2613 447 2685 460 -
2720 402 3079 475 COMMENT.
3115 414 3291 470 BIBL.

3656 411 3775 473 780

490 554 545 607 in
581 550 752 622 ignem
788 548 1037 602 talentum
1077 540 1293 612 (Matth.
1325 538 1474 609 xxv),
1507 536 1845 593 involventur
1869 532 1939 588 ab
1964 532 2070 587 isto
2096 532 2144 593 Α
2173 530 2302 586 deos
2323 530 2595 602 gentium:
2619 526 2906 583 Herculem
2922 523 3775 597 videlicet,Apollinem,Jovem,

492 643 648 713 igne,
686 646 742 696 et
767 636 1054 692 trahentur
1084 630 1151 686 ad
1180 630 1439 701 supplicia
1468 627 1686 683 inferni.

575 732 681 800 Qui
727 726 941 798 reprobi
989 723 1185 778 dabunt
1234 736 1413 789 poenas
1457 729 1681 774 (eternas
1732 718 1791 772 in
1837 717 2072 772 interitu.

494 825 707 881 Dabunt
729 832 919 892 poenas
943 816 1085 881 aliis,
1103 815 1195 871 sed
1220 815 1323 870 sibi
1347 813 1550 868 dabunt
1574 820 1629 867 et
1652 809 1886 866 inierent
1909 826 1923 862 :
1947 809 2077 879 quia

493 913 636 969 mala
661 909 907 967 fecerunt
933 923 1033 978 pro
1054 907 1251 977 quibus
1278 904 1405 959 talia
1436 902 1718 973 recipient.
1742 902 1883 956 Dare
1911 900 2077 956 etiam

480 1001 786 1075 aliquando
812 1000 1033 1072 ponitur
1061 1013 1162 1072 pro
1189 996 1487 1062 sustinere,
1518 994 1659 1051 sicut
1680 994 1737 1049 in
1758 992 2012 1064 Virgilio:

681 1147 741 1199 Et
765 1160 850 1212 pro
874 1157 1121 1211 purpureo
1141 1153 1308 1207 pinnas
1329 1140 1411 1191 dat
1435 1124 1596 1203 Scylla
1619 1138 1817 1202 capillo,

494 1254 551 1310 id
577 1262 662 1311 est
696 1251 930 1309 sustinet
954 1261 1167 1320 poenas,
1192 1246 1263 1301 ita
1293 1254 1349 1302 et
1375 1244 1430 1300 hi
1455 1244 1659 1299 dabunt
1685 1254 1895 1314 poenas,
1926 1239 1978 1294 id
1998 1246 2080 1295 est

496 1342 865 1403 sustinebunt.

571 1435 702 1492 Cum
724 1434 918 1490 uenerit
940 1430 1226 1505 gloriﬁcari
1249 1431 1302 1484 in
1331 1429 1526 1484 sanctis
1557 1426 1694 1498 ejus,
1717 1424 1769 1479 id
1795 1433 1877 1479 est
1905 1422 2083 1479 clarus

501 1539 766 1600 apparere
790 1524 872 1579 eis
897 1531 951 1578 et
982 1522 1231 1585 blandus,
1263 1518 1506 1589 reprobis
1536 1525 1715 1571 autem
1747 1513 2004 1569 terribilis
2028 1520 2084 1568 et

500 1634 694 1677 savus.
730 1616 867 1684 Quia
895 1615 1149 1670 creditum
1179 1623 1254 1668 est
1286 1612 1640 1667 testimonium
1671 1619 1902 1663 nostrum
1928 1623 2086 1678 super

498 1718 621 1776 bos,
653 1709 708 1765 id
737 1717 825 1764 est
852 1706 979 1777 quia
1024 1711 1300 1775 receptum
1332 1710 1387 1758 et
1427 1701 1691 1757 credinim
1722 1707 1806 1753 est
1845 1697 2085 1768 Evange-

498 1785 636 1858 linm
656 1812 717 1857 et
741 1797 1056 1872 praedicatio
1089 1806 1273 1851 nostra
1299 1794 1352 1848 in
1388 1793 1546 1849 nobis
1576 1802 1629 1848 et
1652 1807 1682 1846 a
1706 1791 1883 1855 vobis,
1914 1790 1968 1843 in
2002 1788 2086 1842 die

2175 624 2267 694 qui
2314 623 2451 677 falso
2493 621 2748 677 dicuntur
2772 620 2867 683 dii,
2906 629 2963 674 et
3003 635 3169 690 supra
3211 632 3402 673 omnes
3427 617 3645 673 electos
3680 617 3778 691 qui

2175 713 2539 784 nuncupative
2586 720 2853 767 vocantur
2883 710 2979 775 dii,
3028 720 3087 763 ut
3137 709 3371 780 Moyses,
3397 708 3493 778 qui
3523 708 3774 765 dicitur:

2179 801 2316 859 Ecce
2333 804 2578 860 constitui
2623 813 2672 857 te
2715 803 2870 857 deum
2898 801 3199 857 Pharaonis
3225 797 3422 872 (Exod.
3460 799 3603 872 vn);
3639 808 3700 857 et
3723 801 3778 857 to

2178 896 2296 969 lege
2325 913 2339 951 :
2373 896 2489 951 Diis
2520 913 2584 951 ne
2611 895 2860 950 detrahas
2894 893 3093 967 (Exod.
3126 891 3289 963 xm),
3320 893 3375 948 id
3402 902 3487 949 est
3514 894 3782 949 sacerdo-

2178 989 2359 1055 tibus;
2399 996 2455 1044 et
2484 1005 2498 1042 :
2529 988 2640 1059 Ego
2687 987 2801 1042 dixi
2828 1001 2848 1041 :
2869 978 2959 1041 Dii
3001 986 3124 1040 estis
3165 983 3341 1055 (Psal.
3366 986 3583 1055 unt).
3610 983 3786 1055 Igitur

2179 1096 2341 1152 super
2369 1097 2557 1137 omnes
2587 1082 2720 1137 istos
2754 1080 2976 1136 extollet
3001 1095 3061 1136 se
3087 1079 3485 1143 Antichristus,
3510 1085 3570 1133 et
3606 1075 3782 1143 majo-

2179 1188 2295 1229 rem
2325 1189 2385 1229 se
2411 1174 2556 1228 dicet
2576 1173 2829 1227 omnibus
2849 1173 2989 1235 istis,
3014 1180 3068 1227 et
3093 1186 3202 1225 non
3233 1169 3409 1225 solum
3432 1183 3611 1238 super
3642 1166 3782 1229 illos,

2181 1269 2275 1322 sed
2302 1266 2464 1320 etiam
2492 1266 2659 1337 (quod
2684 1266 2860 1336 majus
2882 1266 2986 1333 est)
3010 1280 3172 1335 supra
3194 1279 3356 1320 omne
3376 1261 3524 1332 quod
3552 1260 3780 1326 colitur,

2183 1359 2235 1415 id
2266 1368 2349 1415 est
2391 1374 2557 1430 supra
2602 1367 2845 1415 sanctam
2893 1357 3248 1423 Trinitatem,
3275 1372 3398 1428 quae
3429 1354 3784 1412 solummodo

2182 1449 2408 1505 colenda
2455 1459 2512 1504 et
2560 1449 2836 1505 adoranda
2877 1457 2961 1504 est
3002 1448 3072 1503 ab
3112 1448 3261 1504 omni
3305 1457 3585 1504 creatura.
3620 1446 3703 1502 Ita
3728 1461 3782 1502 se

2183 1539 2407 1594 extollet
2437 1548 2496 1593 ut
2540 1539 2594 1593 in
2624 1538 2822 1609 templo
2852 1538 2945 1594 Dei
2973 1543 3177 1602 sedeat,
3214 1540 3515 1594 ostendens
3551 1553 3619 1593 se
3667 1549 3786 1592 tan-

2184 1645 2345 1701 quam
2384 1630 2455 1686 sit
2485 1631 2638 1685 deus.
2680 1629 2794 1685 Hoc
2839 1630 3127 1701 dupliciter
3156 1637 3338 1700 potest
3368 1628 3604 1698 intelligi
3634 1646 3649 1682 :
3678 1625 3780 1681 Na-

2182 1731 2367 1777 scetur
2395 1722 2763 1778 Antichristus
2791 1722 2845 1776 in
2877 1721 3151 1795 Babylone
3182 1722 3248 1776 de
3278 1721 3423 1776 tribu
3454 1720 3606 1786 Dan,
3630 1718 3779 1788 juxta

2187 1811 2524 1883 quod-Iacob
2565 1813 2697 1867 dicit
2727 1829 2741 1868 :
2777 1809 2902 1866 Fiat
2941 1812 3062 1866 Dan
3096 1810 3308 1865 coluber
3327 1811 3382 1864 in
3411 1811 3526 1875 via,
3557 1820 3781 1864 cerastes

502 1892 618 1957 illo,
651 1891 822 1946 idest
850 1896 1074 1959 propter
1120 1886 1269 1943 illum
1300 1884 1465 1949 diem,
1492 1894 1553 1940 ut
1580 1883 1926 1956 Evangelinm
1953 1897 2078 1953 per-

2196 1905 2238 1960 r'n
2252 1906 2436 1960 semita
2461 1903 2614 1975 (Gen.
2640 1904 2810 1975 χιιι).
2831 1904 3039 1959 Etcum
3063 1904 3276 1958 venerit
3305 1902 3744 1974 Hierosolymam
3761 1944 3777 1967 ,

502 1984 689 2040 hibeat
713 1980 868 2038 vais
900 1980 1270 2041 testimonium
1300 1977 1638 2055 credulitatis
1680 1976 1734 2031 in
1760 1976 1847 2031 die
1888 1975 1999 2040 illo,
2029 1982 2084 2030 et

504 2074 779 2145 recipiatis
801 2071 1106 2129 mercedem
1134 2067 1417 2125 atternam.
1450 2064 1517 2121 In
1550 2084 1683 2139 quo,
1713 2066 1968 2123 subaudis
1992 2080 2085 2120 ne-

504 2167 674 2239 gotio,
702 2180 950 2232 oramus,
990 2162 1072 2219 vel
1113 2162 1181 2218 ad
1227 2162 1332 2218 hoc
1380 2176 1599 2217 oramus
1635 2176 1836 2231 semper
1859 2176 1955 2230 pro
1994 2176 2083 2213 uo-

504 2260 585 2314 bis
598 2300 613 2325 ,
648 2264 755 2315 etc.

1121 2346 1346 2423 CAPUT
1403 2345 1466 2402 ιι.

580 2465 847 2535 Rogamus
878 2478 989 2528 vos,
1016 2460 1227 2530 fratres,
1259 2475 1351 2530 per
1376 2458 1650 2512 adventum
1679 2454 1893 2510 Domini
1922 2452 2087 2507 nostri

508 2557 637 2612 Jesu
669 2553 866 2611 Christi
895 2562 943 2609 et
984 2562 1176 2607 nostra:
1204 2549 1617 2621 congregationis
1638 2549 1694 2602 in
1722 2548 1909 2617 ipsum.
1947 2546 2089 2599 Duos

513 2647 726 2703 Domini
769 2645 1036 2701 adventus
1078 2643 1338 2713 legimus,
1370 2641 1600 2711 primum
1646 2640 1700 2694 in
1748 2637 2088 2702 humilitate,

510 2737 808 2794 secundum
846 2737 902 2791 in
928 2734 1201 2806 potentia,
1241 2731 1457 2803 quando
1504 2730 1686 2784 veniet
1713 2729 1779 2784 ad
1802 2727 2087 2797 judicium,

509 2832 579 2888 de
611 2846 718 2901 quo
759 2830 851 2885 hic
896 2824 1037 2885 ratio
1075 2827 1271 2899 agitur.
1305 2824 1786 2896 Congregationem
1819 2837 1971 2878 snam
2002 2837 2091 2892 ap-

507 2922 675 2995 pellat
726 2918 1130 2976 multitudinem
1180 2915 1510 2980 electorum,
1563 2914 1648 2970 vel
1689 2929 1809 2984 qua:
1857 2928 1979 2968 cum
2026 2926 2094 2969 eo

508 3016 714 3081 veniet,
748 3013 833 3069 vel
861 3026 981 3084 quae
1023 3011 1074 3067 ei
1121 3009 1359 3065 obviabit
1405 3009 1473 3064 ad
1510 3007 1793 3079 judicium.
1822 3006 1878 3060 In
1918 3006 2093 3076 ipsum

508 3106 644 3163 dicit
662 3104 817 3176 quasi
847 3104 901 3160 in
932 3104 1068 3176 ipso,
1098 3100 1223 3173 quia
1245 3100 1299 3156 in
1321 3098 1540 3157 Christo
1559 3108 1685 3155 sunt
1703 3113 1895 3153 omnes
1914 3096 2091 3163 electi,

507 3174 708 3269 utpote
726 3193 967 3252 membra
984 3174 1322 3248 adhaerentes
1342 3190 1437 3244 illi.
1457 3189 1728 3260 Rogamus
1743 3203 1857 3255 vos,
1876 3188 2093 3253 fratres,

505 3302 604 3360 per
628 3287 918 3342 adventum
949 3284 1163 3340 Domini
1190 3282 1341 3347 Jesn,
1376 3282 1440 3336 ad
1476 3281 1762 3352 judicium,
1794 3288 1849 3335 et
1871 3295 1969 3351 per
1996 3279 2091 3334 ad-

508 3390 733 3438 ventum
787 3387 989 3436 nostra:
1041 3374 1474 3447 congregationis
1521 3375 1579 3428 in
1629 3373 1804 3443 ipsum
1831 3412 1846 3437 ,
1901 3372 1955 3426 id
2007 3380 2092 3427 est

505 3474 750 3529 omnium
786 3478 1099 3527 sanctorum
1127 3468 1219 3539 qui
1263 3468 1316 3522 in
1355 3468 1472 3537 ipso
1515 3466 1854 3531 consistunt,
1896 3477 1951 3519 ut
1987 3481 2092 3520 non

507 3565 608 3619 cito
654 3560 983 3624 moveamini,
1031 3548 1087 3617 id
1131 3568 1216 3614 est
1250 3566 1308 3613 ut
1348 3573 1456 3613 non
1501 3558 1609 3613 cito
1654 3557 2091 3623 conturbemini,

510 3670 675 3725 neque
723 3650 1054 3716 terreamini,
1100 3651 1254 3722 quasi
1301 3651 1453 3704 instet
1504 3649 1615 3705 dies
1653 3649 1898 3715 Domini,
1934 3660 2094 3721 neque

508 3763 605 3818 per
631 3744 904 3816 spiritum,
933 3742 988 3799 id
1018 3750 1102 3798 est
1128 3742 1174 3798 si
1201 3741 1399 3813 aliquis
1433 3754 1491 3797 se
1532 3740 1732 3796 dixerit
1759 3741 2094 3796 admonitum

512 3853 545 3894 a
577 3836 785 3909 Spiritu
831 3844 1020 3892 sancto
1072 3834 1215 3906 quod
1240 3833 1356 3889 dies
1376 3831 1569 3901 judicii
1592 3831 1900 3896 immineat,
1930 3831 2095 3887 nolite

508 3928 587 3986 illi
611 3929 860 3995 credere,
886 3941 1061 3999 neque
1091 3923 1403 3982 terreamini
1426 3921 1543 3993 ejus
1579 3922 1782 3987 verbis,
1816 3939 1976 3994 neque
2003 3930 2095 3993 per

506 4035 819 4085 sermonem,
842 4017 897 4072 id
918 4025 1002 4073 est
1020 4031 1119 4088 per
1150 4022 1456 4071 tractatum.
1478 4013 1535 4069 Si
1559 4013 1756 4083 aliquis
1779 4012 2097 4083 explanator

506 4120 563 4168 et
592 4117 849 4167 tractator
874 4108 1283 4181 prophetiarum
1311 4107 1460 4161 vobis
1490 4104 1726 4161 dixerit:
1757 4103 1956 4175 Collegi
1978 4119 2099 4158 sen-

507 4221 629 4261 sum
649 4203 928 4275 prophetae
942 4200 1125 4267 isaiae,
1147 4198 1476 4262 et-Danielis,
1495 4198 1831 4267 aliorumque
1858 4197 2093 4267 prophe-

507 4305 707 4359 tarum,
737 4302 793 4350 et
813 4294 1085 4365 praevideo
1115 4293 1258 4349 diem
1277 4291 1481 4364 judicii
1518 4291 1831 4356 imminere,
1855 4298 1910 4345 et
1934 4289 2095 4344 Chri-

509 4397 651 4443 stum
673 4388 861 4443 venire
890 4389 959 4442 ad
973 4384 1260 4456 judicium,
1295 4385 1463 4440 nolite
1494 4384 1615 4441 ideo
1640 4383 1854 4439 terreri.
1912 4382 2096 4452 Neque

507 4493 602 4546 per
647 4474 921 4547 epistolam
965 4476 1217 4546 tangitam
1254 4492 1352 4547 per
1371 4491 1479 4529 nos
1520 4475 1759 4529 missam.
1804 4472 1863 4529 Si
1899 4473 2095 4544 aliquis

508 4566 991 4638 pseudoapostolus
1017 4567 1122 4623 hoc
1147 4565 1388 4633 tinxerit,
1413 4565 1578 4621 nolite
1610 4566 1660 4622 ei
1687 4566 1933 4621 credere.

584 4658 851 4727 "Quoniam
894 4660 995 4714 nisi
1032 4659 1225 4715 venerit
1255 4660 1500 4715 discessio
1523 4659 1785 4730 primum,
1827 4666 1886 4713 ut
1927 4657 2096 4714 disce-

510 4750 642 4805 dant
665 4751 846 4807 omnia
869 4760 1033 4822 regna
1061 4764 1091 4805 a
1119 4765 1288 4821 regno
1328 4758 1383 4806 et
1422 4750 1652 4821 imperio
1682 4748 2046 4805 Romanorum
2075 4765 2093 4805 :

508 4852 557 4896 et
596 4840 877 4907 revelatus,
910 4840 1024 4897 sive
1060 4840 1462 4908 manifestatus,
1495 4841 1652 4911 fuerit
1681 4841 1834 4896 homo
1874 4842 2092 4910 peccati.

508 4931 879 4989 Antichristus
907 4930 1198 4997 videlicet,
1243 4930 1336 5002 qui
1376 4931 1502 4988 licet
1544 4932 1707 4987 homo
1737 4933 1825 4995 sit,
1868 4930 1986 4986 fons
2017 4940 2094 4985 ta-

509 5035 637 5076 men
665 5021 772 5077 erit
807 5021 1052 5077 omnium
1092 5029 1462 5093 peccatorum.
1496 5020 1566 5075 Et
1593 5019 1737 5091 [ilius
1762 5021 2091 5092 perditionis,

509 5112 566 5167 id
605 5120 690 5168 est
722 5112 864 5169 lilius
891 5110 1114 5180 diaboli,
1144 5127 1253 5168 non
1289 5127 1388 5183 per
1419 5122 1690 5179 naturam,
1715 5113 1808 5169 sed
1838 5129 1934 5184 per
1971 5114 2093 5169 imi-

508 5204 792 5261 tationem.
819 5205 923 5275 Qui
951 5204 1073 5263 ideo
1086 5206 1390 5277 appellatur
1403 5208 1657 5278 perditio,
1671 5209 1795 5279 quia
1820 5225 1917 5278 per
1941 5208 2090 5264 illum

508 5293 659 5351 venit
695 5296 947 5366 perditio,
974 5305 1030 5352 et
1056 5297 1170 5367 ipse
1196 5297 1431 5369 perdidit
1451 5298 1744 5353 humanum
1775 5313 1964 5367 genus.

583 5386 689 5453 Qui
711 5389 1039 5458 adversatur,
1071 5391 1126 5447 id
1155 5399 1238 5447 est
1266 5392 1574 5448 contrarius
1610 5400 1694 5447 est
1724 5391 1942 5448 Christo
1975 5407 2093 5447 om-

508 5477 775 5552 nibusque
817 5483 1078 5541 membris
1107 5485 1253 5558 ejus,
1299 5496 1349 5541 et
1389 5485 1678 5551 extollitur,
1710 5486 1825 5541 sive
1863 5486 2094 5558 erigitur

509 5571 567 5628 in
602 5574 916 5644 superbiam
944 5593 1108 5648 supra
1158 5594 1309 5634 omne
1347 5579 1487 5650 quod
1536 5578 1734 5632 dicitur
1770 5576 1913 5631 Deus
1945 5617 1961 5644 ,
2001 5587 2093 5632 aut

503 5664 651 5733 quod
684 5665 903 5732 colitur;
933 5682 1041 5723 non
1071 5678 1157 5724 est
1185 5684 1373 5725 verum
1400 5670 1543 5740 quod
1580 5669 1654 5724 ait
1680 5686 1693 5723 :
1723 5667 1875 5735 Quod
1901 5670 2097 5724 dicitur

513 5752 674 5822 Deus,
707 5767 796 5812 aut
817 5761 957 5830 quod
997 5761 1207 5817 colitur.
1238 5762 1476 5818 Extollet
1505 5779 1562 5819 se
1594 5762 1965 5818 Antichristus
2001 5779 2093 5818 sn-

510 5859 611 5917 pra
647 5861 806 5905 omne
852 5853 995 5921 quod
1048 5855 1243 5910 dicitur
1273 5856 1444 5925 deus,
1490 5856 1542 5912 id
1591 5866 1673 5914 est
1719 5870 1879 5927 supra
1909 5872 2099 5914 omnes

2187 1994 2537 2051 circumcidet
2551 2009 2631 2059 se,
2649 1995 2832 2049 dicens
2843 1993 3042 2049 Judaris
3060 2012 3074 2048 :
3092 1993 3204 2064 Ego
3220 2009 3340 2049 sum
3356 1992 3623 2048 Christus
3636 1994 3783 2048 vobis

2188 2088 2488 2160 promissus
2513 2104 2527 2153 ;
2559 2096 2687 2142 tunc
2714 2085 2987 2142 continent
3023 2087 3090 2140 ad
3117 2103 3239 2141 eum
3277 2101 3472 2141 omnes
3500 2086 3708 2150 Judaei,
3731 2095 3781 2141 et

2187 2180 2594 2237 reaedilicahunt
2638 2178 2925 2250 templum,
2971 2179 3114 2248 quod
3138 2186 3224 2234 est
3249 2179 3596 2233 destructum
3620 2194 3653 2231 a
3685 2177 3783 2232 llo-

2187 2273 2384 2339 manis,
2412 2272 2729 2341 sedcbitque
2760 2271 2853 2332 ibi,
2884 2271 3071 2325 dicens
3100 2285 3158 2325 se
3192 2285 3314 2325 esse
3341 2269 3661 2325 Christum.
3696 2268 3781 2325 Vel

2186 2366 2347 2420 etiam
2396 2365 2452 2417 in
2493 2363 2683 2432 templo
2729 2362 2865 2429 Dei,
2914 2362 2967 2417 id
3017 2371 3102 2418 est
3145 2362 3199 2417 in
3246 2362 3496 2418 Ecclesia
3554 2360 3781 2422 sedebit,
3884 2347 3892 2355 ⁷

2188 2460 2481 2516 ostendens
2514 2474 2572 2514 se
2600 2468 2855 2528 tanquam
2884 2457 2956 2512 sit
2984 2456 3147 2511 Deus.
3181 2455 3318 2510 Nam
3348 2456 3497 2511 sicut
3540 2456 3598 2510 in
3637 2453 3782 2509 Chri-

2191 2561 2274 2608 sto
2300 2551 2477 2607 omnis
2509 2551 2786 2621 plenitudo
2817 2549 3119 2605 divinitatis
3162 2548 3452 2620 requievit,
3482 2549 3563 2602 ita
3604 2548 3663 2601 in
3702 2545 3783 2601 ills

2191 2645 2413 2702 homine
2442 2645 2532 2715 qui
2559 2642 2930 2698 Antichristus
2954 2640 3275 2711 appellatur,
3293 2656 3357 2696 eo
3384 2640 3536 2711 quod
3564 2640 3641 2695 sit
3662 2654 3782 2694 cou-

2192 2739 2394 2793 trarins
2434 2733 2685 2799 Christo,
2737 2732 3019 2803 plenitudo
3065 2731 3282 2786 malitiae
3331 2739 3389 2785 et
3444 2730 3636 2785 omnis
3689 2728 3784 2782 ini.

2193 2828 2418 2899 quitatis
2468 2824 2765 2891 habitabit,
2802 2824 2931 2896 quia
2979 2824 3032 2878 in
3074 2824 3189 2894 ipso
3213 2823 3319 2878 erit
3344 2831 3517 2893 caput
3543 2822 3783 2876 omnium

2192 2920 2459 2976 malorum
2503 2918 2783 2983 diabolus,
2829 2917 2922 2988 qui
2962 2923 3049 2971 est
3087 2929 3180 2969 rex
3220 2929 3383 2985 super
3421 2927 3622 2969 omnes
3652 2911 3784 2966 ﬁlios

2195 3013 2481 3086 superbiat.
2509 3010 2607 3067 llis
2638 3010 2818 3066 verbis
2860 3008 3251 3064 demonstravit
3286 3006 3586 3078 Apostolus
3615 3006 3781 3061 Thes-

2196 3101 2649 3166 salonicensibus,
2696 3116 2804 3167 non
2843 3100 2993 3170 prius
3041 3106 3331 3154 venturum
3384 3098 3685 3152 Dominum
3720 3095 3781 3153 ad

2193 3195 2477 3267 judicium,
2503 3193 2596 3264 qui
2619 3192 2769 3264 regni
2799 3189 3019 3247 humani
3047 3188 3276 3245 defectio
3296 3187 3477 3253 ﬁeret,
3506 3189 3654 3257 quod
3677 3187 3783 3256 jam

2199 3304 2296 3344 nos
2317 3286 2596 3357 impletum
2621 3285 2887 3348 videmus,
2919 3291 2975 3337 et
3009 3280 3406 3337 Antichristum
3439 3294 3710 3350 apparere
3730 3278 3781 3333 in

2194 3384 2394 3440 mundo
2424 3383 2515 3454 qui
2544 3381 2832 3437 interﬁciet
2857 3379 3059 3436 Christi
3088 3384 3377 3449 martyres.

2269 3473 2392 3529 Non
2414 3473 2644 3527 retinetis
2675 3469 2815 3542 quod
2836 3486 2953 3523 cum
2976 3468 3147 3524 adhuc
3167 3476 3330 3521 essem
3354 3463 3502 3536 apud
3531 3481 3643 3528 eos,
3676 3464 3778 3517 hcc

2194 3569 2430 3624 dicebant
2478 3567 2657 3622 vobis?
2681 3567 2747 3623 de
2791 3566 3023 3621 adventu
3050 3560 3372 3618 Antichristi
3410 3569 3468 3616 et
3489 3559 3563 3616 de
3594 3559 3680 3615 die
3694 3556 3779 3628 ju-

2195 3662 2342 3718 dicii.
3378 3729 3383 3734 .

2266 3752 2336 3809 Et
2384 3764 2520 3809 nunc
2565 3752 2691 3826 quid
2734 3734 2963 3807 detineat
2980 3734 3159 3813 "scitis,
3183 3759 3243 3805 ut
3265 3746 3543 3804 reveletur
3594 3747 3648 3802 in
3693 3759 3779 3801 suo

2186 3840 2461 3916 tempore.
2498 3846 2638 3901 Dicit
2669 3863 2682 3900 :
2714 3844 2879 3899 Scitis
2908 3843 3039 3913 quid
3067 3836 3309 3898 detineat
3333 3849 3387 3896 et
3419 3857 3530 3896 non
3559 3840 3777 3895 demou-

2197 3945 2337 3992 strat
2372 3935 2523 4006 quid.
2549 3935 2699 4003 Quod
2730 3934 2863 3989 nihil
2887 3933 3079 3988 melius
3106 3933 3180 3988 ibi
3203 3932 3528 4003 intelligitur
3553 3930 3779 3986 voluisse

2197 4028 2506 4100 signiﬁcare
2548 4042 2709 4096 quam
2742 4024 3167 4080 destructionem
3216 4023 3366 4094 regni
3394 4021 3777 4077 “Romanorum

2196 4120 2264 4175 de
2288 4134 2392 4189 qua
2414 4120 2644 4173 obscure
2672 4117 2759 4172 hic
2795 4117 3008 4172 locutus
3033 4126 3138 4181 est,
3173 4130 3241 4171 ne
3270 4114 3411 4169 forte
3451 4114 3653 4185 aliquis
3682 4112 3778 4166 Ro-

2198 4226 2482 4266 manorum
2513 4210 2715 4281 legeret
2741 4210 2881 4265 hanc
2904 4207 3206 4280 epistolam,
3233 4217 3288 4263 et
3304 4207 3578 4262 excitaret
3599 4215 3776 4261 contra

2200 4319 2258 4360 se
2287 4302 2530 4372 aliosque
2572 4301 2912 4358 Christianos
2943 4300 3373 4371 persecutionem
3401 4298 3655 4365 illorum,
3693 4298 3775 4368 qui

2198 4411 2258 4454 se
2285 4398 2547 4467 putabant
2583 4405 2797 4466 semper
2839 4402 3159 4466 regnaturos
3180 4394 3236 4448 in
3266 4401 3379 4449 toto
3412 4393 3641 4448 mundo.
3678 4391 3778 4446 Vos

2201 4493 2379 4559 scitis,
2411 4491 2607 4562 inquit,
2649 4486 2776 4563 quid
2809 4491 3040 4546 detineat
3070 4488 3218 4544 illum
3253 4487 3692 4552 Antichristum,
3731 4493 3780 4539 et

2121 4605 2174 4665 Β
2202 4584 2332 4655 quid
2358 4591 2600 4637 moretur
2636 4582 2816 4644 illum,
2862 4580 2992 4651 quia
3041 4579 3272 4635 necdum
3318 4577 3661 4633 destructum
3704 4584 3780 4630 est

2205 4690 2429 4745 regnum
2468 4673 2861 4740 Romanorum,
2889 4687 2988 4728 nec
3020 4676 3366 4727 recesserunt
3385 4682 3582 4725 omnes
3604 4676 3781 4739 gentes

2202 4766 2272 4820 ah
2309 4764 2445 4819 illis.
2488 4763 2557 4818 Ut
2600 4763 2873 4837 reveletur,
2901 4762 3017 4819 sive
3056 4759 3435 4817 manifestetur
3477 4759 3599 4831 ipse
3639 4757 3782 4814 Auti-

2202 4854 2455 4920 cbristns,
2484 4854 2539 4908 in
2564 4871 2660 4910 suo
2686 4864 2932 4924 tempore,
2961 4854 3014 4908 id
3041 4861 3379 4924 estcongruo
3405 4861 3655 4922 tempore
3681 4859 3731 4906 et
3752 4865 3781 4903 a

2202 4946 2314 5001 Deo
2342 4943 2624 5015 disposito,
2656 4951 2941 5015 postquam
2970 4943 3152 4999 omnia
3183 4957 3352 5014 regna
3382 4941 3784 4998 discesserint:

2201 5039 2446 5095 Romano
2476 5040 2722 5111 imperio.

2273 5132 2415 5186 Nam
2430 5134 2734 5204 mysterium
2749 5131 3041 5202 iniquitatis
3054 5131 3171 5200 jam
3185 5137 3456 5202 operatur.
3472 5127 3785 5201 Mysterious

2201 5222 2407 5286 Crmce,
2435 5222 2629 5277 Latino
2659 5221 2922 5277 vocabulo
2952 5221 3150 5277 dicitur
3184 5220 3389 5291 aliquid
3433 5218 3708 5274 occultum
3735 5224 3785 5271 et

2199 5324 2488 5370 secretum.
2516 5312 2831 5384 Mysterium
2865 5327 2994 5384 ergo
3022 5311 3327 5382 iniquitatis
3358 5309 3601 5380 appellat
3628 5310 3786 5364 inter-

2198 5403 2489 5462 fectionem
2523 5414 2834 5462 sanctorum
2882 5413 3182 5478 martyrum
3225 5411 3283 5459 et
3328 5403 3786 5474 persecutionem,

2198 5512 2363 5567 quam
2415 5496 2683 5551 inferebat
2740 5496 2884 5553 Nero
2939 5506 2995 5552 et
3042 5496 3319 5569 principes
3371 5495 3493 5565 ejus
3546 5494 3788 5550 ﬁdelibus

2201 5587 2421 5642 Christi.
2449 5587 2579 5656 Quae
2623 5587 2747 5644 ideo
2792 5588 3096 5661 appellatur
3122 5588 3465 5661 mysterium,
3497 5587 3627 5658 quia
3653 5581 3788 5655 quod

2203 5680 2451 5736 diabolus
2496 5693 2757 5751 operatus
2794 5691 2878 5738 est
2918 5680 3203 5737 manifeste
3223 5697 3323 5752 per
3350 5679 3747 5735 Antichristum
3768 5712 3785 5733 ο

2206 5769 2580 5825 interﬁciendo
2627 5781 2845 5827 sanctos
2900 5784 3168 5844 martyres
3222 5771 3397 5827 Eliam
3453 5781 3512 5825 et
3563 5766 3785 5823 Enoch.

2209 5858 2449 5929 aliosque
2497 5862 2786 5931 plurimos,
2838 5863 2939 5919 hoc
2988 5873 3245 5933 operatur
3283 5864 3398 5934 jam
3435 5860 3651 5918 occulte
3695 5868 3785 5927 per
