3996 6448
252 477 351 535 781

893 472 1252 531 EXPOSlTlO
1290 471 1354 527 IN
1396 472 1542 527 EPP.
1584 471 1642 526 S.
1684 471 1812 526 PAIJ

1951 501 2021 510 —
2061 471 2125 526 IN
2164 472 2381 528 EPIST.
2424 473 2462 526 ll
2499 474 2588 526 AD
2621 471 2864 529 THESS.

3405 474 3519 532 782

249 593 494 649 membra
513 606 635 655 sua,
664 591 932 645 Neronem
955 605 1018 644 ac
1047 588 1317 659 principes
1336 585 1470 654 ejus,
1503 585 1830 640 interficiens
1857 595 1908 654 Α
1937 585 2024 654 qui
2058 585 2306 639 nesciunt
2333 586 2462 655 quid
2510 595 2688 657 agant.
2733 587 2800 640 In
2844 583 2986 641 onmi
3019 585 3230 654 virtute,
3275 589 3436 661 signis
3464 598 3518 646 et

247 701 346 758 per
375 684 807 755 illos-principes,
833 691 1102 752 martyres
1133 679 1421 751 apostolos.
1453 677 1599 734 Istud
1627 685 1828 748 myste-

245 777 390 832 rium
437 775 740 845 iniquitatis
771 782 1007 842 coeptum
1048 783 1132 828 est
1158 787 1189 826 a
1220 769 1462 835 Nerone,
1495 768 1586 839 qui
1617 766 1828 822 occulte

247 871 543 939 instigante
570 876 723 938 patre
749 881 848 921 suo
875 864 1108 929 diabolo,
1133 864 1250 919 zelo
1275 863 1536 918 idolorum
1561 859 1829 915 interfecit

244 970 465 1015 sanctos
488 968 777 1028 martyres,
807 965 863 1011 et
887 956 1131 1026 pervenit
1152 970 1322 1024 usque
1347 954 1414 1008 ad
1441 953 1828 1008 Diocletianum

243 1059 301 1104 et
317 1049 588 1105 lulianum
611 1057 933 1118 apostalam,
957 1047 1047 1115 qui
1074 1045 1334 1116 plurimos
1355 1053 1660 1099 sanctorum
1678 1058 1826 1114 pere-

243 1149 479 1196 merunt.
505 1139 659 1195 Sicut
688 1154 818 1209 ergo
855 1137 1107 1192 Christus
1127 1175 1141 1199 ,
1170 1135 1260 1204 qui
1289 1143 1372 1188 est
1398 1142 1557 1202 caput
1585 1133 1826 1186 omnium

235 1229 575 1295 electorum,
616 1230 774 1300 longe
821 1239 946 1282 ante
981 1243 1138 1283 suum
1175 1227 1494 1291 adventum,
1535 1225 1743 1280 occulte
1768 1234 1828 1280 et

235 1335 341 1390 per
361 1322 676 1392 mysterium
704 1319 1078 1390 praefiguratus
1103 1326 1204 1382 est,
1233 1319 1374 1371 sicut
1395 1317 1448 1371 in
1474 1325 1644 1370 morte
1669 1317 1824 1381 Abel,

235 1418 295 1462 et
330 1410 697 1464 immolatione
735 1409 908 1474 Isaac,
944 1417 1000 1462 et
1033 1409 1086 1462 in
1117 1407 1285 1462 David
1317 1422 1461 1478 rege,
1495 1408 1584 1477 qui
1607 1407 1824 1462 Goliam

237 1501 530 1566 interfecit,
543 1502 633 1571 qui
649 1501 920 1555 diabolum
944 1500 1308 1570 significabat,
1331 1515 1487 1568 quem
1505 1499 1752 1554 Christus
1769 1499 1822 1552 in

233 1606 335 1646 sua
377 1604 551 1647 morte
575 1601 631 1647 et
667 1592 916 1662 passione
940 1589 1248 1655 debellavit,
1281 1591 1352 1644 ita
1378 1589 1621 1644 diabolus
1649 1590 1739 1659 qui
1767 1591 1823 1656 in

231 1684 576 1739 Anticltristo
617 1685 760 1748 erit,
807 1684 862 1738 in
910 1684 1168 1737 membris
1216 1683 1362 1747 suis,
1392 1683 1581 1747 malis,
1613 1682 1823 1737 scilicet

230 1779 473 1848 regibus,
515 1778 889 1848 przefiguratus
913 1786 996 1832 est
1020 1775 1230 1831 occulte
1276 1785 1332 1828 et
1359 1790 1456 1845 per
1481 1775 1816 1846 mysterium.

232 1869 464 1923 Tantum
483 1880 537 1924 ut
566 1871 657 1941 qui
677 1880 809 1924 tenet
834 1887 992 1934 nunc,
1018 1879 1208 1932 teneat,
1233 1868 1394 1921 donec
1421 1868 1484 1922 de
1513 1869 1681 1921 medio
1700 1867 1813 1936 ﬁat.

1929 675 2182 745 prodigiis
2216 676 2573 744 mendacibus,
2602 677 2862 734 subaudis
2902 677 3012 734 erit
3055 678 3317 737 adventus
3354 680 3516 738 Anti-

1929 767 2138 823 christi.
2185 767 2345 840 Signa
2391 777 2447 824 et
2494 771 2734 842 prodigia
2771 786 2870 842 pro
2914 787 3022 829 uno
3056 771 3414 844 accipiuntur.
3453 772 3515 830 In

1931 859 2099 932 signis
2124 875 2250 933 ergo
2272 869 2326 915 et
2353 862 2615 932 prodigiis
2643 862 2994 918 mendacibus
3022 863 3356 934 operabitur,
3385 863 3516 935 quia

1929 952 2133 1007 videbit
2156 961 2397 1008 mortuos
2427 953 2708 1018 suscitare,
2733 959 2790 1007 et
2812 952 2916 1006 alia
2944 955 3112 1007 multa
3136 953 3289 1025 signa
3311 951 3510 1020 facere,

1929 1045 2025 1097 sed
2073 1044 2349 1098 mendacia
2389 1054 2552 1099 erunt
2586 1053 2642 1099 et
2682 1059 2712 1098 a
2751 1044 2979 1098 veritate
3025 1044 3217 1111 aliena,
3250 1045 3375 1116 quia
3415 1060 3515 1115 per

1928 1135 2190 1204 magicam
2220 1144 2388 1190 artem
2434 1145 2489 1190 et
2517 1136 2858 1206 phantasiam
2895 1135 3110 1191 deludet
3141 1137 3403 1202 homines,
3439 1137 3514 1192 si-

1925 1233 2020 1278 cut
2059 1234 2115 1279 et
2148 1224 2333 1280 Simon
2361 1242 2547 1297 magus
2573 1226 2768 1281 delusit
2810 1226 2956 1280 illum
2989 1228 3104 1296 qui,
3149 1236 3344 1295 putans
3386 1242 3511 1282 eum

1926 1315 2194 1380 occidere,
2229 1317 2451 1372 arietem
2493 1313 2774 1372 décollavit
2827 1333 2927 1387 pro
2969 1332 3053 1371 eo.
3101 1318 3197 1372 Vel
3240 1319 3403 1372 etiam
3452 1318 3509 1373 in

1926 1404 2092 1474 signis
2137 1414 2193 1460 et
2227 1408 2488 1477 prodigiis
2533 1407 2878 1470 mendacibus
2924 1409 3027 1461 erit
3073 1408 3336 1463 adventus
3369 1408 3506 1480 ejus,

1924 1497 2048 1566 quia
2079 1513 2174 1566 per
2200 1499 2351 1566 signa
2391 1507 2444 1552 et
2490 1499 2731 1568 prodigia
2759 1497 2893 1554 falsa
2936 1515 3055 1568 qum
3086 1500 3354 1555 videbitur
3381 1514 3510 1570 ope-

1921 1590 2054 1653 rari,
2105 1591 2282 1644 tradet
2322 1591 2566 1646 homines
2610 1592 2678 1646 ad
2727 1573 3061 1646 mendacium
3108 1592 3411 1659 colendum,
3453 1592 3506 1649 id

1921 1691 2005 1735 est
2048 1683 2114 1736 ad
2148 1684 2515 1752 semetipsum,
2557 1684 2647 1752 qui
2686 1693 2770 1738 ρει
2799 1685 3027 1739 mendax
3073 1697 3128 1739 et
3172 1694 3328 1755 pater
3366 1685 3502 1756 ejus.

1922 1772 1991 1826 Et
2027 1774 2168 1827 omni
2213 1775 2512 1828 seductione
2560 1775 2671 1828 sive
2709 1775 3021 1845 deceptione
3063 1777 3352 1846 iniquitatis
3400 1776 3506 1832 erit

1917 1865 2001 1919 bis
2023 1867 2111 1937 qui
2141 1877 2376 1936 pereunt,
2410 1867 2460 1920 id
2498 1876 2583 1920 cst
2623 1865 2823 1922 Iudaeis
2867 1877 2921 1922 et
2966 1867 3210 1936 paganis,
3251 1883 3317 1924 eo
3362 1870 3504 1937 quod

227 1959 285 2014 id
313 1961 518 2016 esthoc
543 1960 884 2016 solummodo
904 1968 1094 2023 restat,
1121 1967 1177 2012 ut
1200 1957 1359 2020 Nero,
1386 1959 1474 2027 qui
1501 1971 1642 2010 nunc
1671 1963 1818 2010 tenet
1847 1952 1892 2011 B
1922 1955 2243 2010 charitatem
2271 1957 2516 2013 veritatis
2554 1973 2657 2012 non
2698 1968 3016 2028 receperunt
3036 1970 3094 2013 ut
3127 1959 3259 2015 salvi
3291 1959 3500 2025 fierent,

227 2053 520 2122 imperium
557 2062 700 2107 totus
726 2052 898 2116 orbis,
934 2051 1116 2105 tandiu
1152 2059 1332 2105 teneat
1365 2047 1515 2114 illud,
1544 2049 1714 2104 donec
1751 2051 1818 2106 de

225 2144 413 2198 medio
430 2144 613 2198 mundi
641 2144 856 2198 tollatur
873 2152 1119 2213 potestas
1135 2141 1518 2196 Romanorum.
1534 2139 1589 2194 ln
1608 2140 1818 2196 Nerone

225 2235 651 2304 cmuprehendit
670 2249 865 2289 omnes
896 2234 1253 2302 imperatores
1282 2231 1555 2285 Romanos
1579 2231 1668 2300 qui
1696 2241 1819 2300 post

225 2325 385 2380 illum
433 2327 644 2397 imperii
687 2334 900 2396 sceptra
937 2331 1246 2378 tenuerunt.
1269 2321 1401 2376 Ideo
1429 2322 1558 2376 dicit
1591 2338 1604 2373 :
1641 2321 1816 2376 Donec

222 2415 294 2468 de
323 2416 492 2469 medio
541 2415 794 2479 tollatur,
836 2414 962 2484 quia
1005 2411 1241 2480 undique
1283 2427 1348 2466 ex
1391 2411 1643 2466 omnibus
1681 2425 1815 2481 gen-

209 2505 379 2560 tibus
411 2504 752 2560 conﬂuebant
779 2504 1039 2566 Romam,
1063 2512 1120 2558 et
1143 2500 1297 2573 quasi
1327 2501 1382 2556 in
1416 2501 1593 2566 medio
1629 2502 1816 2556 mundi

220 2607 344 2652 erat
374 2638 389 2662 ,
447 2598 652 2652 habens
703 2597 757 2650 in
813 2595 1043 2650 circuitu
1087 2608 1186 2649 suo
1232 2607 1423 2647 omnes
1471 2601 1690 2662 gentes;
1730 2591 1816 2648 vel

215 2692 492 2762 quidquid
531 2692 673 2746 intra
703 2689 918 2745 initium
958 2697 1015 2743 et
1051 2687 1187 2742 ﬁnes
1209 2687 1542 2753 continetur,
1575 2687 1813 2742 medium

211 2793 410 2855 potest
438 2785 566 2838 dici.

301 2874 368 2927 Et
403 2883 558 2928 nunc.
610 2869 878 2928 Subaudis
918 2888 1044 2928 cum
1090 2870 1268 2926 ablata
1311 2871 1475 2926 fuerit
1511 2878 1754 2940 potestas
1781 2885 1814 2924 a

207 2953 474 3017 Romano
518 2963 780 3032 imperio,
829 2961 1160 3026 revelabitur,
1211 2961 1324 3016 sive
1375 2956 1814 3014 manifestabitur

215 3052 316 3106 ille
342 3053 573 3122 iniquus,
602 3051 990 3116 Antichristus,
1025 3066 1174 3121 quem
1206 3049 1455 3103 Dominus
1479 3051 1632 3104 Iesus
1655 3051 1815 3103 inter-

213 3145 364 3212 ﬁciet
390 3145 577 3214 spiritu
615 3146 721 3198 oris
751 3143 857 3208 sui,
879 3143 992 3197 sive
1020 3141 1276 3196 Dominus
1299 3139 1456 3194 Jesus
1482 3139 1816 3194 interfecerit

215 3235 376 3292 illum
410 3233 926 3304 potentiajussionis
957 3247 1086 3296 sum,
1117 3231 1230 3285 sive
1259 3229 1488 3284 Michael
1518 3229 1810 3284 interfece-

1921 2049 1976 2104 id
2015 2059 2098 2105 est
2138 2050 2384 2120 spiritum
2419 2049 2618 2106 Christi
2664 2051 2753 2120 qui
2786 2051 2958 2106 dixit:
2993 2051 3105 2122 Ego
3149 2069 3264 2106 sum
3313 2054 3503 2106 veritas

1913 2144 2100 2216 (Joan.
2135 2145 2267 2214 va),
2303 2157 2401 2214 per
2429 2157 2588 2212 quem
2619 2143 2883 2212 Spiritum
2925 2152 3169 2198 sanctum
3202 2141 3505 2197 infunditur

1918 2237 2133 2292 dilectio
2162 2237 2254 2291 Dei
2282 2244 2336 2290 et
2362 2235 2594 2305 proximi
2625 2235 2677 2290 in
2702 2236 2956 2291 cordibus
2979 2235 3203 2290 nostris.
3227 2234 3353 2290 ldeo
3376 2234 3503 2305 quia

1914 2344 2092 2399 neque
2120 2329 2392 2383 Christum
2433 2341 2605 2397 neque
2651 2326 2912 2397 Spiritum
2937 2335 3185 2381 sanctum
3215 2327 3504 2382 voluerunt

1916 2421 2179 2489 recipere,
2207 2420 2373 2473 mittet
2406 2418 2509 2473 illis
2543 2419 2679 2472 Deus
2711 2419 3064 2489 operationem
3093 2417 3308 2484 erroris,
3337 2417 3390 2471 id
3417 2427 3503 2472 est

1915 2511 2193 2580 permittet
2240 2512 2305 2564 ad
2360 2525 2452 2565 eos
2498 2511 2682 2564 venire
2727 2509 3116 2564 Antichristum
3159 2517 3500 2580 operatorem

1918 2603 2201 2656 mendacii.
2244 2601 2372 2656 Plus
2417 2611 2500 2657 est
2530 2602 2672 2671 quod
2716 2601 2851 2655 dixit
2895 2601 3284 2670 operationem,
3337 2617 3500 2670 quam

1914 2701 2279 2762 operatorem,
2315 2690 2441 2761 quia
2476 2691 2644 2761 ipsam
2687 2705 2802 2744 rem
2851 2689 3028 2744 mittet
3076 2690 3175 2752 eis,
3221 2689 3276 2744 id
3308 2690 3504 2760 est°ipo

1916 2798 2034 2836 sum
2067 2782 2409 2836 mendacium
2439 2790 2492 2835 et
2517 2789 2726 2850 patrem
2753 2780 2931 2834 omnis
2959 2779 3177 2835 malitia:
3205 2789 3262 2835 et
3296 2780 3500 2850 iniqui-

1918 2873 2062 2928 tatis.
2098 2869 2165 2926 Ut
2221 2873 2433 2926 credant
2465 2871 2759 2936 mendacio,
2792 2871 2845 2925 id
2883 2879 2966 2925 est
3000 2871 3234 2934 diabolo,
3265 2881 3322 2925 ut
3353 2871 3502 2941 judi-

1916 2975 2116 3030 centur,
2163 2963 2276 3019 sive
2323 2964 2666 3027 damnentur,
2711 2979 2885 3017 omnes
2913 2963 3002 3033 qui
3031 2980 3132 3016 non
3165 2963 3500 3018 crediderunt

1915 3057 2138 3121 veritati,
2167 3055 2405 3120 Christo,
2431 3056 2520 3109 sed
2557 3065 2924 3109 consenserunt
2955 3057 3240 3125 iniquitati,
3263 3055 3498 3122 diabolo,

1915 3148 2056 3217 quod
2077 3147 2301 3216 elegerit
2329 3161 2427 3200 nos
2457 3145 2728 3214 apostolos
2751 3145 3016 3214 primitias
3043 3147 3094 3199 in
3126 3145 3352 3200 salutem
3382 3161 3500 3202 om-

1916 3240 2062 3293 nium
2087 3239 2346 3309 gentium.
2379 3237 2618 3308 Apostoli
2664 3237 2914 3307 primitiaz
2956 3237 3190 3304 fuerunt,
3219 3239 3342 3308 quia
3383 3238 3496 3310 pri—

213 3326 292 3378 Γὶι
319 3339 463 3388 eum.
497 3325 691 3379 Vil‘lUle
722 3322 932 3378 DOlllilli
970 3322 1095 3377 ’65"
1123 3320 1418 3384 οεείάθιυΐν
1461 3335 1567 3374 ηοη
1611 3320 1807 3373 Virtute
1832 3308 1879 3369 lC
1912 3330 1984 3386 mi
2012 3308 2377 3385 crediderunt.
2413 3328 2472 3382 In
2494 3330 2885 3398 acquisitionem
2910 3329 3091 3399 gloriw
3113 3329 3324 3383 Domini
3343 3308 3495 3397 Iesu,

214 3419 521 3474 Michaelis.
556 3417 847 3473 Occidetur
871 3429 1052 3470 autem
1082 3414 1245 3484 (sicut
1271 3413 1522 3468 doctores
1562 3413 1804 3486 tradunt)

214 3513 274 3568 in
307 3521 486 3566 monte
513 3511 705 3567 Oliveti
729 3511 780 3574 iu
802 3508 1076 3579 Babylone
1104 3516 1158 3561 et
1183 3506 1318 3561 solio
1344 3521 1462 3570 suo,
1490 3505 1580 3560 illo
1605 3507 1656 3560 in
1685 3505 1807 3560 loco

213 3613 415 3658 contra
445 3618 604 3672 quem
635 3601 894 3656 Dominus
929 3599 1172 3654 ascendit
1206 3599 1260 3652 in
1283 3597 1467 3652 caelos.
1503 3596 1655 3663 Quod
1681 3612 1806 3652 vero

214 3696 357 3750 dicit
386 3695 677 3765 Apostolus
708 3711 723 3748 :
755 3692 906 3747 Tunc
938 3690 1266 3746 revelabitur
1293 3690 1382 3744 ille
1415 3690 1632 3758 iniquus
1657 3698 1804 3759 post-

215 3803 387 3860 quam
421 3787 584 3840 fuerit
613 3787 947 3840 destructum
969 3782 1274 3836 Romanum
1325 3781 1610 3849 imperium
1639 3820 1654 3845 ,
1697 3794 1806 3833 non

213 3892 307 3937 est
334 3881 404 3935 ita
434 3878 859 3950 intelligendum,
889 3875 1032 3944 quod
1057 3876 1237 3929 statim
1269 3874 1468 3928 dixerit
1497 3874 1646 3927 illum
1678 3889 1807 3927 ven-

210 3983 428 4034 turum,
467 3971 560 4026 sed
589 3971 822 4038 primum
873 3967 1002 4021 illud
1052 3967 1460 4031 destruendum,
1509 3983 1573 4020 ac
1614 3965 1806 4020 deinde

216 4064 614 4119 Autichristum
643 4069 951 4122 venturum,
1001 4067 1238 4128 tempore
1287 4072 1317 4111 a
1357 4057 1481 4128 .Deo
1524 4056 1803 4126 disposito.

219 4156 292 4208 Et
327 4152 699 4215 illustrations,
734 4151 846 4204 sive
877 4149 1126 4204 claritate
1157 4148 1408 4202 adventus
1449 4147 1533 4202 sui
1574 4146 1806 4201 destruet

211 4245 486 4300 Dominus
520 4242 678 4299 Jesus
707 4260 848 4308 eum,
875 4243 937 4298 id
965 4251 1049 4297 est
1079 4241 1494 4296 Autichristum.

295 4337 460 4407 Cujus
489 4345 562 4389 est
594 4334 843 4388 adventus
865 4333 1154 4388 secundum
1179 4333 1536 4402 operationem
1571 4330 1804 4386 Satanae.

211 4429 338 4485 {loc
357 4429 423 4482 ad
455 4428 626 4497 ipsam
655 4427 797 4481 diem
817 4424 1006 4493 judicii
1035 4424 1292 4494 pertinet,
1320 4424 1535 4494 quando
1565 4424 1806 4480 destrue-

218 4531 312 4576 tur
351 4519 466 4588 ipse
517 4517 880 4574 Antichristus
927 4531 1051 4571 cum
1097 4514 1347 4569 omnibus
1377 4514 1636 4569 membris
1673 4515 1804 4568 suis.

213 4612 456 4669 Audient
501 4611 645 4665 enim
687 4624 718 4662 a
749 4607 974 4662 Domino
1017 4625 1029 4660 :
1073 4605 1159 4660 ite
1197 4606 1250 4660 in
1302 4606 1478 4676 ignem
1521 4614 1803 4660 mtcruum.

215 4702 524 4758 Notandum
551 4701 674 4770 quia
705 4717 811 4755 non
856 4700 1036 4755 statim
1065 4699 1246 4752 veniet
1273 4697 1535 4753 Dominus
1569 4699 1634 4752 ad
1657 4697 1803 4766 judi-

210 4796 386 4858 cium,
420 4795 510 4849 ubi
540 4793 702 4848 fuerit
729 4791 1098 4846 Antichristus
1139 4789 1454 4846 interfectus
1480 4831 1496 4856 ,
1523 4792 1615 4846 sed
1647 4791 1808 4861 (sicut

212 4905 286 4946 ex
333 4889 471 4944 libro
515 4886 750 4942 Danielis
797 4884 1166 4955 intelligimus)
1217 4893 1340 4954 post
1383 4893 1613 4939 mortem
1663 4883 1806 4938 illius

213 4980 586 5038 concedentur
607 4977 794 5033 electis
815 4977 881 5030 ad
905 4975 1276 5044 paenitentiam
1306 4975 1424 5030 dies
1449 4977 1805 5047 quadraginta

211 5072 474 5143 quinque.
517 5067 1060 5137 Quantulumcunque
1091 5081 1219 5120 vero
1267 5068 1502 5136 spatium
1549 5068 1807 5136 temporis

211 5165 291 5221 sit
335 5177 614 5233 usquequo
657 5162 918 5216 Dominus
965 5159 1184 5224 veniet,
1249 5161 1466 5229 penitus
1509 5160 1806 5232 ignoratur.

211 5254 479 5324 Quodque
506 5254 635 5308 dicit
662 5272 674 5307 :
702 5253 868 5322 Cujus
906 5251 1170 5306 adventus
1204 5260 1324 5305 erat
1357 5253 1650 5306 secundum
1682 5267 1810 5322 ope-

212 5347 483 5402 rationem
523 5344 757 5405 Satauze,
813 5343 1219 5413 intelligendum
1262 5353 1347 5397 est
1385 5343 1514 5412 quia
1549 5345 1808 5414 quidquid

209 5436 548 5508 operabitur,
584 5433 797 5488 diabolo
828 5434 1118 5504 instigante
1153 5442 1208 5487 et
1233 5443 1583 5503 cooperante,
1613 5434 1806 5504 imple-

207 5530 315 5592 bit,
345 5527 438 5597 qui
466 5542 533 5582 ex
561 5534 674 5580 toto
705 5524 852 5578 illum
882 5525 1202 5595 possidebit,
1234 5534 1413 5581 tamen
1452 5542 1557 5582 non
1594 5529 1808 5582 amittet

209 5635 456 5682 sensum,
491 5630 550 5673 ut
580 5619 891 5689 ignoranter
916 5619 1059 5673 dicat
1087 5635 1145 5674 se
1172 5620 1384 5674 nescire
1414 5619 1606 5684 Deum,
1631 5634 1807 5689 neque

210 5716 500 5771 vexabitur
529 5732 557 5768 a
597 5711 830 5776 diabolo,
877 5712 1016 5766 sicut
1067 5713 1368 5782 phrenetici
1408 5730 1420 5766 :
1453 5713 1616 5782 quia',
1645 5713 1690 5768 si
1732 5713 1806 5767 ita

207 5817 380 5872 esset,
411 5822 752 5878 nequaquam
795 5812 1077 5876 peccatum
1128 5805 1354 5860 haberet
1387 5806 1645 5876 quidquid
1675 5821 1802 5874 age-

213 5908 340 5962 ret;
375 5899 516 5954 sicut
541 5897 617 5953 illi
645 5912 754 5954 non
789 5896 994 5953 habent
1018 5896 1108 5967 qui
1148 5897 1457 5966 phronesim
1505 5895 1800 5966 patiuntur,

1909 3421 1961 3476 id
1989 3429 2071 3475 est
2098 3430 2156 3474 ut
2187 3436 2284 3475 vos
2313 3421 2562 3491 acquisiti
2590 3421 2656 3473 ad
2681 3420 2838 3474 fidem
2871 3433 3053 3474 nostra
3089 3422 3495 3490 prazdicatione,

1909 3521 2257 3584 augmentum
2287 3510 2498 3566 faciatis
2541 3510 2754 3580 corpori
2801 3507 3032 3574 Christi,
3066 3519 3120 3565 et
3162 3511 3496 3582 glorificetur

1909 3622 2008 3677 per
2039 3621 2135 3660 vos
2173 3614 2334 3674 atque
2375 3604 2622 3658 laudetur
2663 3603 2818 3673 juxta
2868 3603 3036 3658 illud:
3079 3601 3299 3658 Videant
3342 3623 3499 3676 opera

1907 3707 2075 3752 vestra
2107 3697 2264 3764 bona,
2293 3707 2338 3751 et
2367 3696 2655 3767 gloriﬁcent
2681 3691 2895 3749 Patrem
2917 3705 3140 3750 vestrum
3167 3696 3255 3768 qui
3279 3697 3332 3750 in
3358 3695 3499 3752 salis

1909 3801 1982 3843 est
2009 3789 2222 3860 (Matth.
2256 3789 2331 3858 v).

1980 3881 2121 3933 Deus
2161 3878 2324 3934 Pater
2369 3881 2457 3950 qui
2499 3881 2764 3933 intantum
2812 3877 2990 3932 dilexit
3035 3895 3146 3942 nos,
3190 3890 3247 3933 ut
3295 3879 3492 3934 Filium

1909 3985 2066 4025 suum
2107 3985 2205 4039 pro
2243 3969 2399 4023 nobis
2433 3969 2602 4029 daret,
2631 3977 2678 4022 et
2727 3968 2869 4026 dedit
2913 3968 3321 4022 consolationem
3354 3982 3497 4024 αἰεν-

1909 4081 2030 4117 uam
2053 4061 2419 4134 promittendo
2440 4060 2594 4115 nobis
2617 4073 2840 4130 regnum
2862 4057 3142 4121 ccelorum,
3175 4069 3222 4112 et
3248 4077 3388 4128 spem
3412 4060 3498 4112 bo-

1911 4170 2057 4219 nam,
2093 4151 2552 4222 exspectationem
2584 4149 2886 4203 futurorum
2929 4147 3216 4212 bonorum,
3243 4149 3296 4200 in
3327 4151 3496 4218 gratia

1909 4263 2026 4311 sua,
2056 4259 2160 4298 non
2190 4244 2241 4298 iu
2273 4243 2467 4298 merito
2498 4249 2700 4308 nostro,
2731 4239 3054 4307 exltortetur,
3102 4240 3154 4297 id
3194 4248 3282 4298 est
3305 4241 3496 4296 doceat

1910 4335 2072 4392 corda
2115 4344 2320 4390 nostra.

2522 4467 2747 4527 CAPUT
2803 4467 2886 4523 ΙΙΙ.

1982 4606 2061 4661 De
2083 4615 2269 4662 cretero
2297 4615 2442 4659 orate
2467 4621 2560 4673 pro
2593 4603 2760 4666 nobis,
2790 4611 2845 4654 ut
2875 4617 3043 4654 sermo
3077 4601 3174 4654 Det
3200 4609 3402 4667 currat,
3431 4601 3498 4656 ab

1905 4705 2007 4754 'ore
2041 4707 2228 4754 nostro
2273 4697 2340 4752 ad
2380 4710 2538 4750 aures
2563 4702 2794 4758 vestras,
2841 4701 2895 4747 et
2937 4692 3004 4746 ab
3031 4693 3254 4747 auribus
3279 4691 3344 4747 ad
3378 4707 3495 4756 cor,

1912 4795 2097 4863 sicque
2122 4801 2366 4846 vertatur
2388 4791 2442 4844 in
2465 4787 2854 4858 operationem.
2885 4784 2952 4840 Ut
2989 4785 3269 4839 liberemur
3305 4785 3370 4838 ab
3402 4785 3497 4837 im-

1912 4887 2171 4954 portunis,
2203 4883 2295 4954 qui
2321 4897 2427 4938 non
2459 4889 2605 4936 stant
2636 4881 2688 4934 in
2719 4888 2875 4949 portu
2897 4878 3112 4947 quietis.

1983 4974 2239 5028 Dominus
2265 4981 2439 5024 autem
2463 4969 2652 5040 dirigat
2681 4967 2839 5021 corda
2867 4977 3058 5026 vestra.
3079 4967 3130 5020 id
3149 4974 3263 5020 est:
3295 4965 3340 5020 si
3367 4965 3495 5036 quid

1916 5064 2248 5122 fortitudinis
2276 5062 2328 5116 in
2365 5061 2516 5115 vobis
2563 5059 2812 5124 habetur,
2851 5066 3064 5128 augeat,
3101 5066 3155 5111 et
3200 5055 3364 5111 faciat
3400 5071 3498 5112 vos

1914 5176 2010 5231 per
2037 5155 2414 5214 rectitudinem
2445 5155 2565 5208 vitae
2612 5151 2912 5230 ambulare,
2957 5161 3013 5206 et
3057 5159 3232 5204 rectos
3277 5164 3498 5221 gressus
3552 5170 3556 5173 ·

1913 5253 2076 5323 ﬁgere
2115 5250 2164 5305 in
2195 5249 2335 5303 bono
2358 5261 2540 5316 opere.
2573 5244 2638 5298 In
2669 5245 2923 5297 charitale
2952 5241 3046 5295 Dei
3068 5249 3122 5294 et
3151 5239 3408 5310 proximi,
3448 5251 3494 5293 et

1910 5343 2161 5415 patientia
2191 5339 2406 5403 Christi,
2438 5348 2495 5391 ut
2525 5336 2793 5408 patientes
2820 5334 2939 5390 sitis
2969 5333 3110 5388 inter
3132 5333 3356 5387 adversa
3389 5331 3494 5387 hu-

1903 5434 1995 5504 .jus
2032 5433 2232 5498 sreculi,
2281 5432 2422 5487 sicut
2463 5429 2710 5485 Christus
2737 5426 2954 5497 pertulit
2996 5425 3265 5494 patienter
3292 5437 3494 5492 oppro-

1911 5526 2046 5590 bria,
2080 5524 2378 5588 irrisiones,
2423 5519 2650 5591 ﬂagella,
2675 5533 2928 5573 crucem:
2967 5515 3049 5570 vel
3079 5515 3238 5585 (sicut
3272 5513 3490 5582 quidam

1908 5617 2122 5673 codices
2165 5615 2383 5685 habent)
2417 5615 2469 5668 in
2507 5611 2912 5682 exspectatione
2951 5607 3175 5673 Christi,
3205 5613 3264 5660 ut
3302 5618 3492 5676 exspo-

1909 5709 2065 5763 ctetis
2102 5707 2302 5764 Christi
2327 5708 2618 5761 adventum
2645 5704 2711 5757 ad
2737 5694 3016 5772 judicium.

1981 5801 2156 5858 Gratis
2186 5817 2371 5873 panem
2396 5817 2497 5855 non
2526 5795 2975 5858 manducavimus,
3026 5793 3077 5847 id
3113 5799 3195 5849 est
3242 5793 3360 5848 sine
3404 5788 3489 5847 ιι·-

1907 5897 2057 5953 bore.
