  <div class='ocr_page' id='page_1' title='image "/cluster/home/n/w/nwhite01/storage/ocr_20150623/117/hvd.32044015466899/397.png"; bbox 0 0 3996 6490; ppageno 0'>
   <div class='ocr_carea' id='block_1_1' title="bbox 580 474 686 534">
    <p class='ocr_par' dir='ltr' id='par_1_1' title="bbox 580 474 686 534">
     <span class='ocr_line' id='line_1_1' title="bbox 580 474 686 534; baseline 0.038 -4"><span class='ocrx_word' id='word_1_1' title='bbox 580 474 686 534; x_wconf 80' lang='grc'><strong>783</strong></span> 
     </span>
    </p>
   </div>
   <div class='ocr_carea' id='block_1_2' title="bbox 1061 456 3757 548">
    <p class='ocr_par' dir='ltr' id='par_1_2' title="bbox 1061 456 3757 548">
     <span class='ocr_line' id='line_1_2' title="bbox 1061 456 3757 548; baseline 0.002 -17"><span class='ocrx_word' id='word_1_2' title='bbox 1061 475 1415 534; x_wconf 77' lang='lat' dir='ltr'><strong>HAYMONIS</strong></span> <span class='ocrx_word' id='word_1_3' title='bbox 1454 475 1934 532; x_wconf 77' lang='lat' dir='ltr'><strong>HALBERSTAT.</strong></span> <span class='ocrx_word' id='word_1_4' title='bbox 1977 456 2192 532; x_wconf 78' lang='lat' dir='ltr'><strong>EPISC.</strong></span> <span class='ocrx_word' id='word_1_5' title='bbox 2234 474 2386 531; x_wconf 84' lang='lat' dir='ltr'><strong>OPP.</strong></span> <span class='ocrx_word' id='word_1_6' title='bbox 2429 475 2606 532; x_wconf 77' lang='lat' dir='ltr'><strong>PARS</strong></span> <span class='ocrx_word' id='word_1_7' title='bbox 2645 476 2687 532; x_wconf 79' lang='grc' dir='ltr'><strong>Ι.</strong></span> <span class='ocrx_word' id='word_1_8' title='bbox 2731 507 2801 518; x_wconf 87' lang='grc'><strong>--</strong></span> <span class='ocrx_word' id='word_1_9' title='bbox 2837 476 3195 534; x_wconf 79' lang='lat' dir='ltr'><strong>COMMENT.</strong></span> <span class='ocrx_word' id='word_1_10' title='bbox 3232 467 3393 537; x_wconf 76' lang='lat' dir='ltr'><strong>BlBL.</strong></span> <span class='ocrx_word' id='word_1_11' title='bbox 3686 490 3757 548; x_wconf 67' lang='grc' dir='ltr'><strong>ἵει</strong></span> 
     </span>
    </p>
   </div>
   <div class='ocr_carea' id='block_1_3' title="bbox 651 572 3759 669">
    <p class='ocr_par' dir='ltr' id='par_1_3' title="bbox 651 572 3759 669">
     <span class='ocr_line' id='line_1_3' title="bbox 651 572 3759 669; baseline 0.005 -22"><span class='ocrx_word' id='word_1_12' title='bbox 651 583 715 648; x_wconf 87' lang='lat' dir='ltr'><strong>Si</strong></span> <span class='ocrx_word' id='word_1_13' title='bbox 738 593 856 664; x_wconf 87' lang='lat' dir='ltr'><strong>quis</strong></span> <span class='ocrx_word' id='word_1_14' title='bbox 891 610 993 648; x_wconf 88' lang='lat' dir='ltr'><strong>non</strong></span> <span class='ocrx_word' id='word_1_15' title='bbox 1022 594 1192 648; x_wconf 83' lang='lat' dir='ltr'><strong>obedit</strong></span> <span class='ocrx_word' id='word_1_16' title='bbox 1223 595 1394 662; x_wconf 86' lang='lat' dir='ltr'><strong>verba,</strong></span> <span class='ocrx_word' id='word_1_17' title='bbox 1439 598 1697 653; x_wconf 84' lang='lat' dir='ltr'><strong>subaudis</strong></span> <span class='ocrx_word' id='word_1_18' title='bbox 1727 606 1913 653; x_wconf 90' lang='lat' dir='ltr'><strong>nostro</strong></span> <span class='ocrx_word' id='word_1_19' title='bbox 1941 606 2034 652; x_wconf 88' lang='lat' dir='ltr'><strong>aut</strong></span> <span class='ocrx_word' id='word_1_20' title='bbox 2076 611 2166 651; x_wconf 83' lang='lat' dir='ltr'><strong>ve-</strong></span> <span class='ocrx_word' id='word_1_21' title='bbox 2197 601 2242 660; x_wconf 84' lang='grc' dir='ltr'>Α</span> <span class='ocrx_word' id='word_1_22' title='bbox 2271 598 2412 650; x_wconf 86' lang='lat' dir='ltr'><strong>omni</strong></span> <span class='ocrx_word' id='word_1_23' title='bbox 2437 597 2677 666; x_wconf 83' lang='lat' dir='ltr'><strong>epistola.</strong></span> <span class='ocrx_word' id='word_1_24' title='bbox 2710 598 2765 651; x_wconf 89' lang='lat' dir='ltr'><strong>in</strong></span> <span class='ocrx_word' id='word_1_25' title='bbox 2798 597 2903 652; x_wconf 83' lang='lat' dir='ltr'><strong>fine</strong></span> <span class='ocrx_word' id='word_1_26' title='bbox 2929 599 3172 653; x_wconf 89' lang='lat' dir='ltr'><strong>omnium</strong></span> <span class='ocrx_word' id='word_1_27' title='bbox 3209 572 3526 669; x_wconf 83' lang='lat' dir='ltr'><strong>epistularum</strong></span> <span class='ocrx_word' id='word_1_28' title='bbox 3554 603 3759 668; x_wconf 81' lang='lat' dir='ltr'><strong>Hebraicis</strong></span> 
     </span>
    </p>
   </div>
   <div class='ocr_carea' id='block_1_4' title="bbox 578 679 2175 760">
    <p class='ocr_par' dir='ltr' id='par_1_4' title="bbox 578 679 2175 760">
     <span class='ocr_line' id='line_1_4' title="bbox 578 679 2175 760; baseline 0.001 -20"><span class='ocrx_word' id='word_1_29' title='bbox 578 679 713 752; x_wconf 63' lang='lat' dir='ltr'><strong>atro,</strong></span> <span class='ocrx_word' id='word_1_30' title='bbox 739 694 800 740; x_wconf 88' lang='lat' dir='ltr'><strong>ut</strong></span> <span class='ocrx_word' id='word_1_31' title='bbox 826 700 933 741; x_wconf 91' lang='lat' dir='ltr'><strong>non</strong></span> <span class='ocrx_word' id='word_1_32' title='bbox 959 685 1030 740; x_wconf 91' lang='lat' dir='ltr'><strong>sit</strong></span> <span class='ocrx_word' id='word_1_33' title='bbox 1055 685 1282 753; x_wconf 91' lang='lat' dir='ltr'><strong>otiosus,</strong></span> <span class='ocrx_word' id='word_1_34' title='bbox 1313 704 1404 758; x_wconf 89' lang='lat' dir='ltr'><strong>per</strong></span> <span class='ocrx_word' id='word_1_35' title='bbox 1441 689 1740 760; x_wconf 75' lang='lat' dir='ltr'><strong>epistolam,</strong></span> <span class='ocrx_word' id='word_1_36' title='bbox 1787 688 2048 744; x_wconf 85' lang='lat' dir='ltr'><strong>subaudis</strong></span> <span class='ocrx_word' id='word_1_37' title='bbox 2080 702 2175 742; x_wconf 89' lang='lat' dir='ltr'><strong>ve-</strong></span> 
     </span>
    </p>
   </div>
   <div class='ocr_carea' id='block_1_5' title="bbox 577 777 2171 852">
    <p class='ocr_par' dir='ltr' id='par_1_5' title="bbox 577 777 2171 852">
     <span class='ocr_line' id='line_1_5' title="bbox 577 777 2171 852; baseline 0.002 -22"><span class='ocrx_word' id='word_1_38' title='bbox 577 786 772 842; x_wconf 81' lang='lat' dir='ltr'><strong>stram,</strong></span> <span class='ocrx_word' id='word_1_39' title='bbox 812 777 950 832; x_wconf 86' lang='lat' dir='ltr'><strong>hunc</strong></span> <span class='ocrx_word' id='word_1_40' title='bbox 987 787 1163 835; x_wconf 78' lang='lat' dir='ltr'><strong>notate</strong></span> <span class='ocrx_word' id='word_1_41' title='bbox 1205 780 1380 846; x_wconf 92' lang='lat' dir='ltr'><strong>nobis,</strong></span> <span class='ocrx_word' id='word_1_42' title='bbox 1423 790 1478 836; x_wconf 91' lang='lat' dir='ltr'><strong>et</strong></span> <span class='ocrx_word' id='word_1_43' title='bbox 1517 797 1617 837; x_wconf 88' lang='lat' dir='ltr'><strong>nos</strong></span> <span class='ocrx_word' id='word_1_44' title='bbox 1646 796 1838 852; x_wconf 90' lang='lat' dir='ltr'><strong>aspere</strong></span> <span class='ocrx_word' id='word_1_45' title='bbox 1866 779 2171 851; x_wconf 85' lang='lat' dir='ltr'><strong>increpabi-</strong></span> 
     </span>
    </p>
   </div>
   <div class='ocr_carea' id='block_1_6' title="bbox 575 867 901 946">
    <p class='ocr_par' dir='ltr' id='par_1_6' title="bbox 575 867 901 946">
     <span class='ocr_line' id='line_1_6' title="bbox 575 867 901 946; baseline 0.009 -26"><span class='ocrx_word' id='word_1_46' title='bbox 575 868 697 946; x_wconf 77' lang='lat' dir='ltr'><strong>rhus</strong></span> <span class='ocrx_word' id='word_1_47' title='bbox 729 867 901 923; x_wconf 88' lang='lat' dir='ltr'><strong>illum.</strong></span> 
     </span>
    </p>
   </div>
   <div class='ocr_carea' id='block_1_7' title="bbox 635 946 2166 1037">
    <p class='ocr_par' dir='ltr' id='par_1_7' title="bbox 635 946 2166 1037">
     <span class='ocr_line' id='line_1_7' title="bbox 635 946 2166 1037; baseline 0.003 -23"><span class='ocrx_word' id='word_1_48' title='bbox 635 946 910 1016; x_wconf 47' lang='lat' dir='ltr'><strong>‘Salutatio</strong></span> <span class='ocrx_word' id='word_1_49' title='bbox 950 979 1064 1018; x_wconf 85' lang='lat' dir='ltr'><strong>mea</strong></span> <span class='ocrx_word' id='word_1_50' title='bbox 1096 981 1256 1019; x_wconf 85' lang='lat' dir='ltr'><strong>manu</strong></span> <span class='ocrx_word' id='word_1_51' title='bbox 1308 962 1492 1031; x_wconf 85' lang='lat' dir='ltr'><strong>Pauli,</strong></span> <span class='ocrx_word' id='word_1_52' title='bbox 1544 967 1684 1037; x_wconf 83' lang='lat' dir='ltr'><strong>quod</strong></span> <span class='ocrx_word' id='word_1_53' title='bbox 1728 976 1804 1021; x_wconf 86' lang='lat' dir='ltr'><strong>est</strong></span> <span class='ocrx_word' id='word_1_54' title='bbox 1856 967 2063 1035; x_wconf 79' lang='lat' dir='ltr'><strong>signum</strong></span> <span class='ocrx_word' id='word_1_55' title='bbox 2110 965 2166 1018; x_wconf 88' lang='lat' dir='ltr'><strong>in</strong></span> 
     </span>
    </p>
   </div>
   <div class='ocr_carea' id='block_1_8' title="bbox 2278 686 3758 761">
    <p class='ocr_par' dir='ltr' id='par_1_8' title="bbox 2278 686 3758 761">
     <span class='ocr_line' id='line_1_8' title="bbox 2278 686 3758 761; baseline 0.009 -21"><span class='ocrx_word' id='word_1_56' title='bbox 2278 686 2476 743; x_wconf 74' lang='lat' dir='ltr'><strong>litteris</strong></span> <span class='ocrx_word' id='word_1_57' title='bbox 2503 698 2558 741; x_wconf 88' lang='lat' dir='ltr'><strong>et</strong></span> <span class='ocrx_word' id='word_1_58' title='bbox 2579 687 2768 743; x_wconf 64' lang='lat' dir='ltr'><strong>Grieco</strong></span> <span class='ocrx_word' id='word_1_59' title='bbox 2791 704 3042 744; x_wconf 89' lang='lat' dir='ltr'><strong>sermone</strong></span> <span class='ocrx_word' id='word_1_60' title='bbox 3062 704 3258 745; x_wconf 88' lang='lat' dir='ltr'><strong>nomen</strong></span> <span class='ocrx_word' id='word_1_61' title='bbox 3295 706 3435 746; x_wconf 85' lang='lat' dir='ltr'><strong>suum</strong></span> <span class='ocrx_word' id='word_1_62' title='bbox 3461 696 3696 761; x_wconf 84' lang='lat' dir='ltr'><strong>scribebat,</strong></span> <span class='ocrx_word' id='word_1_63' title='bbox 3715 718 3758 755; x_wconf 80' lang='lat' dir='ltr'><strong>ne</strong></span> 
     </span>
    </p>
   </div>
   <div class='ocr_carea' id='block_1_9' title="bbox 2276 779 3757 860">
    <p class='ocr_par' dir='ltr' id='par_1_9' title="bbox 2276 779 3757 860">
     <span class='ocr_line' id='line_1_9' title="bbox 2276 779 3757 860; baseline 0.009 -27"><span class='ocrx_word' id='word_1_64' title='bbox 2276 779 2406 834; x_wconf 92' lang='lat' dir='ltr'><strong>illud</strong></span> <span class='ocrx_word' id='word_1_65' title='bbox 2438 781 2580 852; x_wconf 89' lang='lat' dir='ltr'><strong>quod</strong></span> <span class='ocrx_word' id='word_1_66' title='bbox 2620 782 2867 852; x_wconf 76' lang='lat' dir='ltr'><strong>sequitur</strong></span> <span class='ocrx_word' id='word_1_67' title='bbox 2885 783 2953 837; x_wconf 92' lang='lat' dir='ltr'><strong>ab</strong></span> <span class='ocrx_word' id='word_1_68' title='bbox 2979 782 3162 852; x_wconf 87' lang='lat' dir='ltr'><strong>aliquo</strong></span> <span class='ocrx_word' id='word_1_69' title='bbox 3179 786 3676 856; x_wconf 83' lang='lat' dir='ltr'><strong>pseudoapostulorum</strong></span> <span class='ocrx_word' id='word_1_70' title='bbox 3695 810 3757 860; x_wconf 85' lang='lat' dir='ltr'><strong>po-</strong></span> 
     </span>
    </p>
   </div>
   <div class='ocr_carea' id='block_1_10' title="bbox 2275 871 3759 942">
    <p class='ocr_par' dir='ltr' id='par_1_10' title="bbox 2275 871 3759 942">
     <span class='ocr_line' id='line_1_10' title="bbox 2275 871 3759 942; baseline 0.007 -18"><span class='ocrx_word' id='word_1_71' title='bbox 2275 872 2464 927; x_wconf 89' lang='lat' dir='ltr'><strong>tuisset</strong></span> <span class='ocrx_word' id='word_1_72' title='bbox 2495 873 2789 942; x_wconf 48' lang='lat' dir='ltr'><strong>corrumpi».</strong></span> <span class='ocrx_word' id='word_1_73' title='bbox 2840 871 2928 926; x_wconf 84' lang='lat' dir='ltr'><strong>Ita</strong></span> <span class='ocrx_word' id='word_1_74' title='bbox 2973 874 3165 928; x_wconf 84' lang='lat' dir='ltr'><strong>scribo.</strong></span> <span class='ocrx_word' id='word_1_75' title='bbox 3201 873 3461 941; x_wconf 82' lang='lat' dir='ltr'><strong>Quomodo</strong></span> <span class='ocrx_word' id='word_1_76' title='bbox 3484 898 3495 931; x_wconf 88' lang='lat'><strong>:</strong></span> <span class='ocrx_word' id='word_1_77' title='bbox 3518 877 3665 934; x_wconf 84' lang='lat' dir='ltr'><strong>Gratia</strong></span> <span class='ocrx_word' id='word_1_78' title='bbox 3688 882 3759 936; x_wconf 81' lang='lat' dir='ltr'><strong>Do-</strong></span> 
     </span>
    </p>
   </div>
   <div class='ocr_carea' id='block_1_11' title="bbox 2273 957 3582 1024">
    <p class='ocr_par' dir='ltr' id='par_1_11' title="bbox 2273 957 3582 1024">
     <span class='ocr_line' id='line_1_11' title="bbox 2273 957 3582 1024; baseline 0.005 -8"><span class='ocrx_word' id='word_1_79' title='bbox 2273 963 2400 1016; x_wconf 88' lang='lat' dir='ltr'><strong>mini</strong></span> <span class='ocrx_word' id='word_1_80' title='bbox 2428 963 2591 1017; x_wconf 79' lang='lat' dir='ltr'><strong>nostri</strong></span> <span class='ocrx_word' id='word_1_81' title='bbox 2616 963 2744 1017; x_wconf 84' lang='lat' dir='ltr'><strong>Jesu</strong></span> <span class='ocrx_word' id='word_1_82' title='bbox 2773 957 2970 1016; x_wconf 77' lang='lat' dir='ltr'><strong>Christi</strong></span> <span class='ocrx_word' id='word_1_83' title='bbox 2992 980 3111 1016; x_wconf 78' lang='lat' dir='ltr'><strong>cum</strong></span> <span class='ocrx_word' id='word_1_84' title='bbox 3144 967 3395 1021; x_wconf 77' lang='lat' dir='ltr'><strong>omnibus.</strong></span> <span class='ocrx_word' id='word_1_85' title='bbox 3416 966 3582 1024; x_wconf 80' lang='lat' dir='ltr'><strong>Amen.</strong></span> 
     </span>
    </p>
   </div>
   <div class='ocr_carea' id='block_1_12' title="bbox 611 1105 3284 1136">
    <p class='ocr_par' dir='ltr' id='par_1_12' title="bbox 633 1105 1184 1135">
     <span class='ocr_line' id='line_1_12' title="bbox 633 1105 1184 1135; baseline -0.004 -17"><span class='ocrx_word' id='word_1_86' title='bbox 633 1105 1184 1135; x_wconf 59' lang='lat'><strong>,,.,,.</strong></span> 
     </span>
    </p>
   </div>
   <div class='ocr_carea' id='block_1_13' title="bbox 1320 1241 3154 1328">
    <p class='ocr_par' dir='ltr' id='par_1_13' title="bbox 1320 1241 3154 1328">
     <span class='ocr_line' id='line_1_13' title="bbox 1320 1241 3154 1328; baseline -0.003 -2"><span class='ocrx_word' id='word_1_87' title='bbox 1320 1243 1432 1328; x_wconf 79' lang='grc' dir='ltr'>ΙΝ</span> <span class='ocrx_word' id='word_1_88' title='bbox 1510 1243 2095 1326; x_wconf 84' lang='lat' dir='ltr'><strong>EPISTOLAM</strong></span> <span class='ocrx_word' id='word_1_89' title='bbox 2159 1245 2190 1323; x_wconf 90' lang='grc' dir='ltr'><strong>Ι</strong></span> <span class='ocrx_word' id='word_1_90' title='bbox 2253 1245 2385 1322; x_wconf 87' lang='lat' dir='ltr'><strong>AD</strong></span> <span class='ocrx_word' id='word_1_91' title='bbox 2460 1241 3154 1323; x_wconf 85' lang='lat' dir='ltr'><strong>TlMOTHEUM.‘</strong></span> 
     </span>
    </p>
   </div>
   <div class='ocr_carea' id='block_1_14' title="bbox 2027 1405 2402 1422">
    <p class='ocr_par' dir='ltr' id='par_1_14' title="bbox 2027 1405 2402 1422">
     <span class='ocr_line' id='line_1_14' title="bbox 2027 1405 2402 1422; baseline -0.003 -1"><span class='ocrx_word' id='word_1_92' title='bbox 2027 1405 2402 1422; x_wconf 45' lang='grc' dir='ltr'><strong>*αι-ω-</strong></span> 
     </span>
    </p>
   </div>
   <div class='ocr_carea' id='block_1_15' title="bbox 1107 1487 1621 1558">
    <p class='ocr_par' dir='ltr' id='par_1_15' title="bbox 1107 1487 1621 1558">
     <span class='ocr_line' id='line_1_15' title="bbox 1107 1487 1621 1558; baseline -0.002 -2"><span class='ocrx_word' id='word_1_93' title='bbox 1107 1487 1621 1558; x_wconf 75' lang='lat' dir='ltr'><strong>ARGUMENTUM.</strong></span> 
     </span>
    </p>
   </div>
   <div class='ocr_carea' id='block_1_16' title="bbox 638 1600 2158 1683">
    <p class='ocr_par' dir='ltr' id='par_1_16' title="bbox 638 1600 2158 1683">
     <span class='ocr_line' id='line_1_16' title="bbox 638 1600 2158 1683; baseline -0.007 -9"><span class='ocrx_word' id='word_1_94' title='bbox 638 1602 955 1674; x_wconf 70' lang='lat' dir='ltr'><strong>Timotheus</strong></span> <span class='ocrx_word' id='word_1_95' title='bbox 987 1600 1132 1672; x_wconf 78' lang='lat' dir='ltr'><strong>illius</strong></span> <span class='ocrx_word' id='word_1_96' title='bbox 1164 1615 1266 1672; x_wconf 84' lang='lat' dir='ltr'><strong>fuit</strong></span> <span class='ocrx_word' id='word_1_97' title='bbox 1315 1612 1556 1671; x_wconf 86' lang='lat' dir='ltr'><strong>mulieris</strong></span> <span class='ocrx_word' id='word_1_98' title='bbox 1585 1614 1792 1679; x_wconf 70' lang='lat' dir='ltr'><strong>viduze,</strong></span> <span class='ocrx_word' id='word_1_99' title='bbox 1831 1619 1985 1683; x_wconf 83' lang='lat' dir='ltr'><strong>patre</strong></span> <span class='ocrx_word' id='word_1_100' title='bbox 2036 1626 2158 1682; x_wconf 91' lang='lat' dir='ltr'><strong>gen-</strong></span> 
     </span>
    </p>
   </div>
   <div class='ocr_carea' id='block_1_17' title="bbox 571 1704 2156 1780">
    <p class='ocr_par' dir='ltr' id='par_1_17' title="bbox 571 1704 2156 1780">
     <span class='ocr_line' id='line_1_17' title="bbox 571 1704 2156 1780; baseline -0.006 -14"><span class='ocrx_word' id='word_1_101' title='bbox 571 1712 650 1766; x_wconf 90' lang='lat' dir='ltr'><strong>tili</strong></span> <span class='ocrx_word' id='word_1_102' title='bbox 674 1710 862 1767; x_wconf 83' lang='lat' dir='ltr'><strong>Graeco</strong></span> <span class='ocrx_word' id='word_1_103' title='bbox 892 1717 1229 1780; x_wconf 87' lang='lat' dir='ltr'><strong>procreatus.</strong></span> <span class='ocrx_word' id='word_1_104' title='bbox 1279 1708 1409 1778; x_wconf 84' lang='lat' dir='ltr'><strong>Quae</strong></span> <span class='ocrx_word' id='word_1_105' title='bbox 1436 1717 1632 1774; x_wconf 81' lang='lat' dir='ltr'><strong>mater,</strong></span> <span class='ocrx_word' id='word_1_106' title='bbox 1659 1707 1788 1762; x_wconf 91' lang='lat' dir='ltr'><strong>dum</strong></span> <span class='ocrx_word' id='word_1_107' title='bbox 1838 1705 2000 1761; x_wconf 93' lang='lat' dir='ltr'><strong>vellet</strong></span> <span class='ocrx_word' id='word_1_108' title='bbox 2048 1704 2156 1758; x_wconf 92' lang='lat' dir='ltr'><strong>cir-</strong></span> 
     </span>
    </p>
   </div>
   <div class='ocr_carea' id='block_1_18' title="bbox 569 1799 2160 1872">
    <p class='ocr_par' dir='ltr' id='par_1_18' title="bbox 569 1799 2160 1872">
     <span class='ocr_line' id='line_1_18' title="bbox 569 1799 2160 1872; baseline -0.003 -17"><span class='ocrx_word' id='word_1_109' title='bbox 569 1801 880 1856; x_wconf 88' lang='lat' dir='ltr'><strong>cumcidere</strong></span> <span class='ocrx_word' id='word_1_110' title='bbox 919 1800 1212 1856; x_wconf 89' lang='lat' dir='ltr'><strong>secundum</strong></span> <span class='ocrx_word' id='word_1_111' title='bbox 1240 1810 1572 1872; x_wconf 65' lang='lat' dir='ltr'><strong>praeceptum</strong></span> <span class='ocrx_word' id='word_1_112' title='bbox 1620 1799 1782 1868; x_wconf 77' lang='lat' dir='ltr'><strong>legis,</strong></span> <span class='ocrx_word' id='word_1_113' title='bbox 1830 1807 1986 1868; x_wconf 88' lang='lat' dir='ltr'><strong>pater</strong></span> <span class='ocrx_word' id='word_1_114' title='bbox 2030 1812 2160 1867; x_wconf 86' lang='lat' dir='ltr'><strong>pro-</strong></span> 
     </span>
    </p>
   </div>
   <div class='ocr_carea' id='block_1_19' title="bbox 567 1889 2184 1961">
    <p class='ocr_par' dir='ltr' id='par_1_19' title="bbox 567 1889 2184 1961">
     <span class='ocr_line' id='line_1_19' title="bbox 567 1889 2184 1961; baseline -0.003 -15"><span class='ocrx_word' id='word_1_115' title='bbox 567 1891 776 1957; x_wconf 85' lang='lat' dir='ltr'><strong>bibuit,</strong></span> <span class='ocrx_word' id='word_1_116' title='bbox 800 1892 891 1961; x_wconf 88' lang='lat' dir='ltr'><strong>qui</strong></span> <span class='ocrx_word' id='word_1_117' title='bbox 917 1899 1034 1947; x_wconf 85' lang='lat' dir='ltr'><strong>erat</strong></span> <span class='ocrx_word' id='word_1_118' title='bbox 1058 1892 1501 1957; x_wconf 91' lang='lat' dir='ltr'><strong>incircumcisus,</strong></span> <span class='ocrx_word' id='word_1_119' title='bbox 1530 1900 1590 1945; x_wconf 88' lang='lat' dir='ltr'><strong>ut</strong></span> <span class='ocrx_word' id='word_1_120' title='bbox 1612 1899 1737 1961; x_wconf 89' lang='lat' dir='ltr'><strong>pote</strong></span> <span class='ocrx_word' id='word_1_121' title='bbox 1768 1890 2004 1961; x_wconf 84' lang='lat' dir='ltr'><strong>gentilis.</strong></span> <span class='ocrx_word' id='word_1_122' title='bbox 2031 1889 2184 1942; x_wconf 88' lang='lat' dir='ltr'><strong>Tra-&#39;</strong></span> 
     </span>
    </p>
   </div>
   <div class='ocr_carea' id='block_1_20' title="bbox 565 1979 2159 2048">
    <p class='ocr_par' dir='ltr' id='par_1_20' title="bbox 565 1979 2159 2048">
     <span class='ocr_line' id='line_1_20' title="bbox 565 1979 2159 2048; baseline -0.001 -12"><span class='ocrx_word' id='word_1_123' title='bbox 565 1981 709 2036; x_wconf 93' lang='lat' dir='ltr'><strong>ditus</strong></span> <span class='ocrx_word' id='word_1_124' title='bbox 732 1990 908 2036; x_wconf 88' lang='lat' dir='ltr'><strong>autem</strong></span> <span class='ocrx_word' id='word_1_125' title='bbox 937 1981 1135 2038; x_wconf 88' lang='lat' dir='ltr'><strong>litteris</strong></span> <span class='ocrx_word' id='word_1_126' title='bbox 1163 2023 1179 2048; x_wconf 98' lang='lat'><strong>,</strong></span> <span class='ocrx_word' id='word_1_127' title='bbox 1217 1982 1463 2038; x_wconf 89' lang='lat' dir='ltr'><strong>eruditus</strong></span> <span class='ocrx_word' id='word_1_128' title='bbox 1491 1991 1576 2038; x_wconf 88' lang='lat' dir='ltr'><strong>est</strong></span> <span class='ocrx_word' id='word_1_129' title='bbox 1625 1993 1734 2036; x_wconf 90' lang='lat' dir='ltr'><strong>tam</strong></span> <span class='ocrx_word' id='word_1_130' title='bbox 1766 1982 1964 2036; x_wconf 81' lang='lat' dir='ltr'><strong>divinis</strong></span> <span class='ocrx_word' id='word_1_131' title='bbox 2013 1979 2159 2036; x_wconf 90' lang='lat' dir='ltr'><strong>Scri-</strong></span> 
     </span>
    </p>
   </div>
   <div class='ocr_carea' id='block_1_21' title="bbox 562 2072 2158 2144">
    <p class='ocr_par' dir='ltr' id='par_1_21' title="bbox 562 2072 2158 2144">
     <span class='ocr_line' id='line_1_21' title="bbox 562 2072 2158 2144; baseline 0 -18"><span class='ocrx_word' id='word_1_132' title='bbox 562 2073 739 2144; x_wconf 87' lang='lat' dir='ltr'><strong>pturis</strong></span> <span class='ocrx_word' id='word_1_133' title='bbox 769 2088 931 2143; x_wconf 89' lang='lat' dir='ltr'><strong>quam</strong></span> <span class='ocrx_word' id='word_1_134' title='bbox 982 2073 1298 2129; x_wconf 88' lang='lat' dir='ltr'><strong>liberalibus</strong></span> <span class='ocrx_word' id='word_1_135' title='bbox 1339 2073 1546 2129; x_wconf 88' lang='lat' dir='ltr'><strong>artibus</strong></span> <span class='ocrx_word' id='word_1_136' title='bbox 1575 2089 1589 2128; x_wconf 89' lang='lat'><strong>:</strong></span> <span class='ocrx_word' id='word_1_137' title='bbox 1619 2073 1961 2141; x_wconf 89' lang='lat' dir='ltr'><strong>sociatusque</strong></span> <span class='ocrx_word' id='word_1_138' title='bbox 2002 2072 2158 2126; x_wconf 89' lang='lat' dir='ltr'><strong>beato</strong></span> 
     </span>
    </p>
   </div>
   <div class='ocr_carea' id='block_1_22' title="bbox 562 2162 2154 2234">
    <p class='ocr_par' dir='ltr' id='par_1_22' title="bbox 562 2162 2154 2234">
     <span class='ocr_line' id='line_1_22' title="bbox 562 2162 2154 2234; baseline 0 -18"><span class='ocrx_word' id='word_1_139' title='bbox 562 2162 748 2228; x_wconf 85' lang='lat' dir='ltr'><strong>Paulo,</strong></span> <span class='ocrx_word' id='word_1_140' title='bbox 779 2163 954 2219; x_wconf 88' lang='lat' dir='ltr'><strong>factus</strong></span> <span class='ocrx_word' id='word_1_141' title='bbox 984 2172 1069 2219; x_wconf 87' lang='lat' dir='ltr'><strong>est</strong></span> <span class='ocrx_word' id='word_1_142' title='bbox 1091 2165 1142 2219; x_wconf 90' lang='lat' dir='ltr'><strong>ei</strong></span> <span class='ocrx_word' id='word_1_143' title='bbox 1175 2180 1357 2219; x_wconf 85' lang='lat' dir='ltr'><strong>comes</strong></span> <span class='ocrx_word' id='word_1_144' title='bbox 1399 2165 1454 2218; x_wconf 92' lang='lat' dir='ltr'><strong>in</strong></span> <span class='ocrx_word' id='word_1_145' title='bbox 1481 2163 1866 2234; x_wconf 66' lang='lat' dir='ltr'><strong>praedicatione</strong></span> <span class='ocrx_word' id='word_1_146' title='bbox 1894 2177 1908 2215; x_wconf 89' lang='lat'><strong>:</strong></span> <span class='ocrx_word' id='word_1_147' title='bbox 1941 2177 2008 2217; x_wconf 89' lang='lat' dir='ltr'><strong>ac</strong></span> <span class='ocrx_word' id='word_1_148' title='bbox 2056 2177 2154 2232; x_wconf 87' lang='lat' dir='ltr'><strong>po-</strong></span> 
     </span>
    </p>
   </div>
   <div class='ocr_carea' id='block_1_23' title="bbox 562 2251 2156 2337">
    <p class='ocr_par' dir='ltr' id='par_1_23' title="bbox 562 2251 2156 2337">
     <span class='ocr_line' id='line_1_23' title="bbox 562 2251 2156 2337; baseline -0.002 -27"><span class='ocrx_word' id='word_1_149' title='bbox 562 2265 680 2337; x_wconf 69' lang='lat' dir='ltr'><strong>stea</strong></span> <span class='ocrx_word' id='word_1_150' title='bbox 707 2255 776 2310; x_wconf 87' lang='lat' dir='ltr'><strong>ab</strong></span> <span class='ocrx_word' id='word_1_151' title='bbox 811 2255 899 2310; x_wconf 91' lang='lat' dir='ltr'><strong>illo</strong></span> <span class='ocrx_word' id='word_1_152' title='bbox 925 2255 1207 2311; x_wconf 90' lang='lat' dir='ltr'><strong>ordinatus</strong></span> <span class='ocrx_word' id='word_1_153' title='bbox 1245 2264 1302 2310; x_wconf 89' lang='lat' dir='ltr'><strong>et</strong></span> <span class='ocrx_word' id='word_1_154' title='bbox 1346 2255 1672 2310; x_wconf 89' lang='lat' dir='ltr'><strong>constitutus</strong></span> <span class='ocrx_word' id='word_1_155' title='bbox 1721 2255 2024 2325; x_wconf 89' lang='lat' dir='ltr'><strong>episcopus.</strong></span> <span class='ocrx_word' id='word_1_156' title='bbox 2057 2251 2156 2308; x_wconf 90' lang='lat' dir='ltr'><strong>Cui</strong></span> 
     </span>
    </p>
   </div>
   <div class='ocr_carea' id='block_1_24' title="bbox 561 2343 2156 2419">
    <p class='ocr_par' dir='ltr' id='par_1_24' title="bbox 561 2343 2156 2419">
     <span class='ocr_line' id='line_1_24' title="bbox 561 2343 2156 2419; baseline -0.003 -15"><span class='ocrx_word' id='word_1_157' title='bbox 561 2346 852 2418; x_wconf 84' lang='lat' dir='ltr'><strong>Apostolus</strong></span> <span class='ocrx_word' id='word_1_158' title='bbox 875 2346 1075 2402; x_wconf 82' lang='lat' dir='ltr'><strong>direxit</strong></span> <span class='ocrx_word' id='word_1_159' title='bbox 1114 2348 1252 2402; x_wconf 89' lang='lat' dir='ltr'><strong>hanc</strong></span> <span class='ocrx_word' id='word_1_160' title='bbox 1272 2347 1554 2419; x_wconf 85' lang='lat' dir='ltr'><strong>epistolam</strong></span> <span class='ocrx_word' id='word_1_161' title='bbox 1580 2385 1596 2412; x_wconf 92' lang='lat'><strong>,</strong></span> <span class='ocrx_word' id='word_1_162' title='bbox 1629 2346 1901 2400; x_wconf 86' lang='lat' dir='ltr'><strong>instruens</strong></span> <span class='ocrx_word' id='word_1_163' title='bbox 1929 2360 2052 2400; x_wconf 93' lang='lat' dir='ltr'><strong>eum</strong></span> <span class='ocrx_word' id='word_1_164' title='bbox 2087 2343 2156 2399; x_wconf 92' lang='lat' dir='ltr'><strong>de</strong></span> 
     </span>
    </p>
   </div>
   <div class='ocr_carea' id='block_1_25' title="bbox 561 2436 2156 2510">
    <p class='ocr_par' dir='ltr' id='par_1_25' title="bbox 561 2436 2156 2510">
     <span class='ocr_line' id='line_1_25' title="bbox 561 2436 2156 2510; baseline -0.003 -16"><span class='ocrx_word' id='word_1_165' title='bbox 561 2440 902 2495; x_wconf 85' lang='lat' dir='ltr'><strong>ordinatione</strong></span> <span class='ocrx_word' id='word_1_166' title='bbox 924 2439 1284 2510; x_wconf 89' lang='lat' dir='ltr'><strong>episc0patus,</strong></span> <span class='ocrx_word' id='word_1_167' title='bbox 1309 2439 1564 2504; x_wconf 90' lang='lat' dir='ltr'><strong>diaconii,</strong></span> <span class='ocrx_word' id='word_1_168' title='bbox 1593 2438 1878 2507; x_wconf 85' lang='lat' dir='ltr'><strong>omnisque</strong></span> <span class='ocrx_word' id='word_1_169' title='bbox 1898 2436 2156 2493; x_wconf 85' lang='lat' dir='ltr'><strong>ecclesia-</strong></span> 
     </span>
    </p>
   </div>
   <div class='ocr_carea' id='block_1_26' title="bbox 560 2529 2154 2606">
    <p class='ocr_par' dir='ltr' id='par_1_26' title="bbox 560 2529 2154 2606">
     <span class='ocr_line' id='line_1_26' title="bbox 560 2529 2154 2606; baseline -0.004 -17"><span class='ocrx_word' id='word_1_170' title='bbox 560 2535 711 2590; x_wconf 76' lang='lat' dir='ltr'><strong>sticae</strong></span> <span class='ocrx_word' id='word_1_171' title='bbox 739 2534 1036 2606; x_wconf 81' lang='lat' dir='ltr'><strong>disciplinae</strong></span> <span class='ocrx_word' id='word_1_172' title='bbox 1061 2542 1116 2590; x_wconf 89' lang='lat' dir='ltr'><strong>et</strong></span> <span class='ocrx_word' id='word_1_173' title='bbox 1157 2531 1366 2588; x_wconf 86' lang='lat' dir='ltr'><strong>ordinis</strong></span> <span class='ocrx_word' id='word_1_174' title='bbox 1392 2549 1404 2584; x_wconf 85' lang='lat'><strong>:</strong></span> <span class='ocrx_word' id='word_1_175' title='bbox 1434 2539 1490 2586; x_wconf 91' lang='lat' dir='ltr'><strong>et</strong></span> <span class='ocrx_word' id='word_1_176' title='bbox 1513 2530 1784 2601; x_wconf 88' lang='lat' dir='ltr'><strong>quomodo</strong></span> <span class='ocrx_word' id='word_1_177' title='bbox 1809 2529 2030 2585; x_wconf 88' lang='lat' dir='ltr'><strong>deberet</strong></span> <span class='ocrx_word' id='word_1_178' title='bbox 2059 2529 2154 2583; x_wconf 91' lang='lat' dir='ltr'><strong>do-</strong></span> 
     </span>
    </p>
   </div>
   <div class='ocr_carea' id='block_1_27' title="bbox 561 2627 990 2700">
    <p class='ocr_par' dir='ltr' id='par_1_27' title="bbox 561 2627 990 2700">
     <span class='ocr_line' id='line_1_27' title="bbox 561 2627 990 2700; baseline -0.012 -15"><span class='ocrx_word' id='word_1_179' title='bbox 561 2643 687 2685; x_wconf 87' lang='lat' dir='ltr'><strong>cere</strong></span> <span class='ocrx_word' id='word_1_180' title='bbox 712 2627 990 2700; x_wconf 86' lang='lat' dir='ltr'><strong>populum.</strong></span> 
     </span>
    </p>
   </div>
   <div class='ocr_carea' id='block_1_28' title="bbox 1076 2759 1640 2817">
    <p class='ocr_par' dir='ltr' id='par_1_28' title="bbox 1076 2759 1640 2817">
     <span class='ocr_line' id='line_1_28' title="bbox 1076 2759 1640 2817; baseline -0.007 0"><span class='ocrx_word' id='word_1_181' title='bbox 1076 2760 1315 2817; x_wconf 73' lang='lat' dir='ltr'><strong>CAPUT</strong></span> <span class='ocrx_word' id='word_1_182' title='bbox 1351 2759 1640 2816; x_wconf 83' lang='lat' dir='ltr'><strong>PRIMUM.</strong></span> 
     </span>
    </p>
   </div>
   <div class='ocr_carea' id='block_1_29' title="bbox 634 2857 2153 2945">
    <p class='ocr_par' dir='ltr' id='par_1_29' title="bbox 634 2857 2153 2945">
     <span class='ocr_line' id='line_1_29' title="bbox 634 2857 2153 2945; baseline -0.006 -14"><span class='ocrx_word' id='word_1_183' title='bbox 634 2857 840 2931; x_wconf 44' lang='lat' dir='ltr'><strong>ﬂauius</strong></span> <span class='ocrx_word' id='word_1_184' title='bbox 867 2872 1143 2945; x_wconf 75' lang='lat' dir='ltr'><strong>Apostolus</strong></span> <span class='ocrx_word' id='word_1_185' title='bbox 1167 2870 1362 2927; x_wconf 88' lang='lat' dir='ltr'><strong>Christi</strong></span> <span class='ocrx_word' id='word_1_186' title='bbox 1396 2871 1526 2926; x_wconf 85' lang='lat' dir='ltr'><strong>Jesu</strong></span> <span class='ocrx_word' id='word_1_187' title='bbox 1549 2870 1833 2926; x_wconf 83' lang='lat' dir='ltr'><strong>secundum</strong></span> <span class='ocrx_word' id='word_1_188' title='bbox 1878 2869 2153 2940; x_wconf 86' lang='lat' dir='ltr'><strong>imperium</strong></span> 
     </span>
    </p>
   </div>
   <div class='ocr_carea' id='block_1_30' title="bbox 561 2951 2152 3034">
    <p class='ocr_par' dir='ltr' id='par_1_30' title="bbox 561 2951 2152 3034">
     <span class='ocr_line' id='line_1_30' title="bbox 561 2951 2152 3034; baseline -0.004 -11"><span class='ocrx_word' id='word_1_189' title='bbox 561 2951 686 3034; x_wconf 75' lang='lat' dir='ltr'><strong>Dei,</strong></span> <span class='ocrx_word' id='word_1_190' title='bbox 719 2969 773 3023; x_wconf 87' lang='lat' dir='ltr'><strong>id</strong></span> <span class='ocrx_word' id='word_1_191' title='bbox 826 2977 911 3023; x_wconf 88' lang='lat' dir='ltr'><strong>est</strong></span> <span class='ocrx_word' id='word_1_192' title='bbox 951 2965 1245 3023; x_wconf 85' lang='lat' dir='ltr'><strong>secundum</strong></span> <span class='ocrx_word' id='word_1_193' title='bbox 1271 2964 1567 3034; x_wconf 82' lang='lat' dir='ltr'><strong>juSsionem</strong></span> <span class='ocrx_word' id='word_1_194' title='bbox 1598 2972 1652 3019; x_wconf 91' lang='lat' dir='ltr'><strong>et</strong></span> <span class='ocrx_word' id='word_1_195' title='bbox 1677 2964 2006 3018; x_wconf 82' lang='lat' dir='ltr'><strong>voluntatem</strong></span> <span class='ocrx_word' id='word_1_196' title='bbox 2057 2963 2152 3017; x_wconf 82' lang='lat' dir='ltr'><strong>Dei</strong></span> 
     </span>
    </p>
   </div>
   <div class='ocr_carea' id='block_1_31' title="bbox 560 3053 2155 3123">
    <p class='ocr_par' dir='ltr' id='par_1_31' title="bbox 560 3053 2155 3123">
     <span class='ocr_line' id='line_1_31' title="bbox 560 3053 2155 3123; baseline -0.006 -7"><span class='ocrx_word' id='word_1_197' title='bbox 560 3061 740 3116; x_wconf 85' lang='lat' dir='ltr'><strong>Patris</strong></span> <span class='ocrx_word' id='word_1_198' title='bbox 762 3058 1052 3116; x_wconf 83' lang='lat' dir='ltr'><strong>Saluatoris</strong></span> <span class='ocrx_word' id='word_1_199' title='bbox 1079 3059 1245 3112; x_wconf 78' lang='lat' dir='ltr'><strong>nostri</strong></span> <span class='ocrx_word' id='word_1_200' title='bbox 1273 3065 1328 3112; x_wconf 91' lang='lat' dir='ltr'><strong>et</strong></span> <span class='ocrx_word' id='word_1_201' title='bbox 1356 3057 1651 3112; x_wconf 85' lang='lat' dir='ltr'><strong>secundum</strong></span> <span class='ocrx_word' id='word_1_202' title='bbox 1670 3054 1968 3123; x_wconf 70' lang='lat' dir='ltr'><strong>iussionem</strong></span> <span class='ocrx_word' id='word_1_203' title='bbox 2000 3053 2155 3108; x_wconf 87' lang='lat' dir='ltr'><strong>Chri-</strong></span> 
     </span>
    </p>
   </div>
   <div class='ocr_carea' id='block_1_32' title="bbox 557 3145 2148 3223">
    <p class='ocr_par' dir='ltr' id='par_1_32' title="bbox 557 3145 2148 3223">
     <span class='ocr_line' id='line_1_32' title="bbox 557 3145 2148 3223; baseline -0.006 -15"><span class='ocrx_word' id='word_1_204' title='bbox 557 3153 626 3208; x_wconf 79' lang='lat' dir='ltr'><strong>sti</strong></span> <span class='ocrx_word' id='word_1_205' title='bbox 645 3152 772 3208; x_wconf 86' lang='lat' dir='ltr'><strong>Jesa</strong></span> <span class='ocrx_word' id='word_1_206' title='bbox 798 3149 905 3223; x_wconf 84' lang='lat' dir='ltr'><strong>spei</strong></span> <span class='ocrx_word' id='word_1_207' title='bbox 937 3150 1148 3216; x_wconf 59' lang='lat'><strong>&quot;081513,</strong></span> <span class='ocrx_word' id='word_1_208' title='bbox 1179 3149 1408 3205; x_wconf 90' lang='lat' dir='ltr'><strong>salutem</strong></span> <span class='ocrx_word' id='word_1_209' title='bbox 1431 3147 1597 3203; x_wconf 85' lang='lat' dir='ltr'><strong>refert</strong></span> <span class='ocrx_word' id='word_1_210' title='bbox 1620 3147 1688 3201; x_wconf 89' lang='lat' dir='ltr'><strong>ad</strong></span> <span class='ocrx_word' id='word_1_211' title='bbox 1719 3148 1884 3202; x_wconf 91' lang='lat' dir='ltr'><strong>Deum</strong></span> <span class='ocrx_word' id='word_1_212' title='bbox 1909 3145 2148 3211; x_wconf 85' lang='lat' dir='ltr'><strong>Patrem,</strong></span> 
     </span>
    </p>
   </div>
   <div class='ocr_carea' id='block_1_33' title="bbox 560 3236 2152 3314">
    <p class='ocr_par' dir='ltr' id='par_1_33' title="bbox 560 3236 2152 3314">
     <span class='ocr_line' id='line_1_33' title="bbox 560 3236 2152 3314; baseline -0.005 -15"><span class='ocrx_word' id='word_1_213' title='bbox 560 3254 616 3299; x_wconf 90' lang='lat' dir='ltr'><strong>et</strong></span> <span class='ocrx_word' id='word_1_214' title='bbox 647 3259 798 3314; x_wconf 89' lang='lat' dir='ltr'><strong>spem</strong></span> <span class='ocrx_word' id='word_1_215' title='bbox 827 3251 1068 3297; x_wconf 82' lang='lat' dir='ltr'><strong>nostram</strong></span> <span class='ocrx_word' id='word_1_216' title='bbox 1092 3241 1162 3296; x_wconf 83' lang='lat' dir='ltr'><strong>ad</strong></span> <span class='ocrx_word' id='word_1_217' title='bbox 1195 3239 1472 3294; x_wconf 87' lang='lat' dir='ltr'><strong>Christum</strong></span> <span class='ocrx_word' id='word_1_218' title='bbox 1499 3253 1512 3292; x_wconf 89' lang='lat'><strong>:</strong></span> <span class='ocrx_word' id='word_1_219' title='bbox 1552 3238 1676 3308; x_wconf 88' lang='lat' dir='ltr'><strong>quia</strong></span> <span class='ocrx_word' id='word_1_220' title='bbox 1709 3238 1850 3292; x_wconf 85' lang='lat' dir='ltr'><strong>Deus</strong></span> <span class='ocrx_word' id='word_1_221' title='bbox 1877 3237 2039 3292; x_wconf 87' lang='lat' dir='ltr'><strong>Pater</strong></span> <span class='ocrx_word' id='word_1_222' title='bbox 2059 3236 2152 3291; x_wconf 87' lang='lat' dir='ltr'><strong>de-</strong></span> 
     </span>
    </p>
   </div>
   <div class='ocr_carea' id='block_1_34' title="bbox 557 3327 2156 3406">
    <p class='ocr_par' dir='ltr' id='par_1_34' title="bbox 557 3327 2156 3406">
     <span class='ocr_line' id='line_1_34' title="bbox 557 3327 2156 3406; baseline -0.004 -16"><span class='ocrx_word' id='word_1_223' title='bbox 557 3336 804 3390; x_wconf 87' lang='lat' dir='ltr'><strong>ditnobis</strong></span> <span class='ocrx_word' id='word_1_224' title='bbox 822 3334 1052 3389; x_wconf 88' lang='lat' dir='ltr'><strong>salutem</strong></span> <span class='ocrx_word' id='word_1_225' title='bbox 1073 3347 1172 3405; x_wconf 91' lang='lat' dir='ltr'><strong>per</strong></span> <span class='ocrx_word' id='word_1_226' title='bbox 1197 3327 1394 3385; x_wconf 84' lang='lat' dir='ltr'><strong>Filium</strong></span> <span class='ocrx_word' id='word_1_227' title='bbox 1421 3341 1575 3385; x_wconf 74' lang='lat' dir='ltr'><strong>saum</strong></span> <span class='ocrx_word' id='word_1_228' title='bbox 1603 3342 1765 3400; x_wconf 86' lang='lat' dir='ltr'><strong>quem</strong></span> <span class='ocrx_word' id='word_1_229' title='bbox 1793 3331 2042 3406; x_wconf 83' lang='lat' dir='ltr'><strong>dignatus</strong></span> <span class='ocrx_word' id='word_1_230' title='bbox 2071 3339 2156 3385; x_wconf 90' lang='lat' dir='ltr'><strong>est</strong></span> 
     </span>
    </p>
   </div>
   <div class='ocr_carea' id='block_1_35' title="bbox 559 3421 2156 3494">
    <p class='ocr_par' dir='ltr' id='par_1_35' title="bbox 559 3421 2156 3494">
     <span class='ocr_line' id='line_1_35' title="bbox 559 3421 2156 3494; baseline -0.004 -12"><span class='ocrx_word' id='word_1_231' title='bbox 559 3427 782 3483; x_wconf 88' lang='lat' dir='ltr'><strong>mittere</strong></span> <span class='ocrx_word' id='word_1_232' title='bbox 824 3426 1003 3490; x_wconf 91' lang='lat' dir='ltr'><strong>nobis,</strong></span> <span class='ocrx_word' id='word_1_233' title='bbox 1027 3434 1082 3480; x_wconf 90' lang='lat' dir='ltr'><strong>et</strong></span> <span class='ocrx_word' id='word_1_234' title='bbox 1111 3439 1209 3494; x_wconf 90' lang='lat' dir='ltr'><strong>per</strong></span> <span class='ocrx_word' id='word_1_235' title='bbox 1239 3422 1499 3493; x_wconf 83' lang='lat' dir='ltr'><strong>Spiritum</strong></span> <span class='ocrx_word' id='word_1_236' title='bbox 1525 3431 1791 3489; x_wconf 89' lang='lat' dir='ltr'><strong>sanctum,</strong></span> <span class='ocrx_word' id='word_1_237' title='bbox 1817 3425 1977 3491; x_wconf 78' lang='lat' dir='ltr'><strong>quem</strong></span> <span class='ocrx_word' id='word_1_238' title='bbox 2001 3421 2156 3476; x_wconf 84' lang='lat' dir='ltr'><strong>nobis</strong></span> 
     </span>
    </p>
   </div>
   <div class='ocr_carea' id='block_1_36' title="bbox 560 3514 2156 3586">
    <p class='ocr_par' dir='ltr' id='par_1_36' title="bbox 560 3514 2156 3586">
     <span class='ocr_line' id='line_1_36' title="bbox 560 3514 2156 3586; baseline -0.004 -13"><span class='ocrx_word' id='word_1_239' title='bbox 560 3519 751 3575; x_wconf 89' lang='lat' dir='ltr'><strong>tribuit</strong></span> <span class='ocrx_word' id='word_1_240' title='bbox 796 3527 1038 3586; x_wconf 87' lang='lat' dir='ltr'><strong>tempore</strong></span> <span class='ocrx_word' id='word_1_241' title='bbox 1095 3514 1474 3585; x_wconf 88' lang='lat' dir='ltr'><strong>baptismatis,</strong></span> <span class='ocrx_word' id='word_1_242' title='bbox 1515 3522 1570 3568; x_wconf 89' lang='lat' dir='ltr'><strong>et</strong></span> <span class='ocrx_word' id='word_1_243' title='bbox 1608 3522 1851 3583; x_wconf 75' lang='lat' dir='ltr'><strong>tempere</strong></span> <span class='ocrx_word' id='word_1_244' title='bbox 1899 3529 2156 3567; x_wconf 89' lang='lat' dir='ltr'><strong>manuum</strong></span> 
     </span>
    </p>
   </div>
   <div class='ocr_carea' id='block_1_37' title="bbox 557 3603 2150 3680">
    <p class='ocr_par' dir='ltr' id='par_1_37' title="bbox 557 3603 2150 3680">
     <span class='ocr_line' id='line_1_37' title="bbox 557 3603 2150 3680; baseline -0.004 -15"><span class='ocrx_word' id='word_1_245' title='bbox 557 3608 947 3680; x_wconf 89' lang='lat' dir='ltr'><strong>impositionis.</strong></span> <span class='ocrx_word' id='word_1_246' title='bbox 994 3606 1098 3662; x_wconf 84' lang='lat' dir='ltr'><strong>Per</strong></span> <span class='ocrx_word' id='word_1_247' title='bbox 1145 3604 1426 3661; x_wconf 86' lang='lat' dir='ltr'><strong>Christum</strong></span> <span class='ocrx_word' id='word_1_248' title='bbox 1469 3612 1649 3660; x_wconf 89' lang='lat' dir='ltr'><strong>autem</strong></span> <span class='ocrx_word' id='word_1_249' title='bbox 1681 3603 1941 3660; x_wconf 82' lang='lat' dir='ltr'><strong>habemus</strong></span> <span class='ocrx_word' id='word_1_250' title='bbox 1982 3613 2150 3674; x_wconf 84' lang='lat' dir='ltr'><strong>spem,</strong></span> 
     </span>
    </p>
   </div>
   <div class='ocr_carea' id='block_1_38' title="bbox 561 3698 2154 3772">
    <p class='ocr_par' dir='ltr' id='par_1_38' title="bbox 561 3698 2154 3772">
     <span class='ocr_line' id='line_1_38' title="bbox 561 3698 2154 3772; baseline -0.005 -13"><span class='ocrx_word' id='word_1_251' title='bbox 561 3704 620 3759; x_wconf 89' lang='lat' dir='ltr'><strong>id</strong></span> <span class='ocrx_word' id='word_1_252' title='bbox 668 3711 753 3759; x_wconf 92' lang='lat' dir='ltr'><strong>est</strong></span> <span class='ocrx_word' id='word_1_253' title='bbox 792 3701 1253 3772; x_wconf 85' lang='lat' dir='ltr'><strong>exspectationem</strong></span> <span class='ocrx_word' id='word_1_254' title='bbox 1303 3698 1607 3753; x_wconf 89' lang='lat' dir='ltr'><strong>futurorum</strong></span> <span class='ocrx_word' id='word_1_255' title='bbox 1674 3699 1973 3764; x_wconf 82' lang='lat' dir='ltr'><strong>bonorum;</strong></span> <span class='ocrx_word' id='word_1_256' title='bbox 2029 3698 2154 3767; x_wconf 88' lang='lat' dir='ltr'><strong>quia</strong></span> 
     </span>
    </p>
   </div>
   <div class='ocr_carea' id='block_1_39' title="bbox 557 3789 2152 3854">
    <p class='ocr_par' dir='ltr' id='par_1_39' title="bbox 557 3789 2152 3854">
     <span class='ocr_line' id='line_1_39' title="bbox 557 3789 2152 3854; baseline -0.004 -3"><span class='ocrx_word' id='word_1_257' title='bbox 557 3795 700 3851; x_wconf 89' lang='lat' dir='ltr'><strong>sicut</strong></span> <span class='ocrx_word' id='word_1_258' title='bbox 736 3793 828 3849; x_wconf 90' lang='lat' dir='ltr'><strong>ille</strong></span> <span class='ocrx_word' id='word_1_259' title='bbox 858 3792 1160 3848; x_wconf 83' lang='lat' dir='ltr'><strong>resurrexit</strong></span> <span class='ocrx_word' id='word_1_260' title='bbox 1198 3808 1228 3845; x_wconf 89' lang='lat' dir='ltr'><strong>a</strong></span> <span class='ocrx_word' id='word_1_261' title='bbox 1261 3791 1488 3846; x_wconf 86' lang='lat' dir='ltr'><strong>mortuis</strong></span> <span class='ocrx_word' id='word_1_262' title='bbox 1517 3799 1571 3846; x_wconf 91' lang='lat' dir='ltr'><strong>et</strong></span> <span class='ocrx_word' id='word_1_263' title='bbox 1599 3791 1841 3846; x_wconf 88' lang='lat' dir='ltr'><strong>ascendit</strong></span> <span class='ocrx_word' id='word_1_264' title='bbox 1875 3791 1941 3844; x_wconf 92' lang='lat' dir='ltr'><strong>ad</strong></span> <span class='ocrx_word' id='word_1_265' title='bbox 1967 3789 2152 3854; x_wconf 79' lang='lat' dir='ltr'><strong>caelos,</strong></span> 
     </span>
    </p>
   </div>
   <div class='ocr_carea' id='block_1_40' title="bbox 555 3881 2153 3959">
    <p class='ocr_par' dir='ltr' id='par_1_40' title="bbox 555 3881 2153 3959">
     <span class='ocr_line' id='line_1_40' title="bbox 555 3881 2153 3959; baseline -0.006 -13"><span class='ocrx_word' id='word_1_266' title='bbox 555 3891 632 3946; x_wconf 85' lang='lat' dir='ltr'><strong>ita</strong></span> <span class='ocrx_word' id='word_1_267' title='bbox 665 3905 764 3945; x_wconf 93' lang='lat' dir='ltr'><strong>nos</strong></span> <span class='ocrx_word' id='word_1_268' title='bbox 790 3902 1074 3959; x_wconf 85' lang='lat' dir='ltr'><strong>speramus</strong></span> <span class='ocrx_word' id='word_1_269' title='bbox 1119 3885 1572 3941; x_wconf 86' lang='lat' dir='ltr'><strong>resurrectionem</strong></span> <span class='ocrx_word' id='word_1_270' title='bbox 1621 3883 1776 3938; x_wconf 86' lang='lat' dir='ltr'><strong>vobis</strong></span> <span class='ocrx_word' id='word_1_271' title='bbox 1817 3881 2153 3952; x_wconf 82' lang='lat' dir='ltr'><strong>profuturam</strong></span> 
     </span>
    </p>
   </div>
   <div class='ocr_carea' id='block_1_41' title="bbox 553 3975 2155 4054">
    <p class='ocr_par' dir='ltr' id='par_1_41' title="bbox 553 3975 2155 4054">
     <span class='ocr_line' id='line_1_41' title="bbox 553 3975 2155 4054; baseline -0.004 -18"><span class='ocrx_word' id='word_1_272' title='bbox 553 3999 653 4054; x_wconf 80' lang='lat' dir='ltr'><strong>per</strong></span> <span class='ocrx_word' id='word_1_273' title='bbox 677 3982 876 4052; x_wconf 90' lang='lat' dir='ltr'><strong>ipsum,</strong></span> <span class='ocrx_word' id='word_1_274' title='bbox 907 3987 964 4034; x_wconf 89' lang='lat' dir='ltr'><strong>et</strong></span> <span class='ocrx_word' id='word_1_275' title='bbox 987 3979 1054 4034; x_wconf 89' lang='lat' dir='ltr'><strong>ad</strong></span> <span class='ocrx_word' id='word_1_276' title='bbox 1083 3977 1308 4049; x_wconf 75' lang='lat' dir='ltr'><strong>gloriam</strong></span> <span class='ocrx_word' id='word_1_277' title='bbox 1337 3985 1553 4032; x_wconf 85' lang='lat' dir='ltr'><strong>aeternae</strong></span> <span class='ocrx_word' id='word_1_278' title='bbox 1578 3975 1928 4031; x_wconf 89' lang='lat' dir='ltr'><strong>beatitudinis</strong></span> <span class='ocrx_word' id='word_1_279' title='bbox 1967 3979 2155 4031; x_wconf 87' lang='lat' dir='ltr'><strong>ascen-</strong></span> 
     </span>
    </p>
   </div>
   <div class='ocr_carea' id='block_1_42' title="bbox 553 4068 2149 4140">
    <p class='ocr_par' dir='ltr' id='par_1_42' title="bbox 553 4068 2149 4140">
     <span class='ocr_line' id='line_1_42' title="bbox 553 4068 2149 4140; baseline -0.009 -5"><span class='ocrx_word' id='word_1_280' title='bbox 553 4092 729 4135; x_wconf 86' lang='lat' dir='ltr'><strong>suros.</strong></span> <span class='ocrx_word' id='word_1_281' title='bbox 779 4075 1049 4130; x_wconf 84' lang='lat' dir='ltr'><strong>Timotheo</strong></span> <span class='ocrx_word' id='word_1_282' title='bbox 1071 4073 1258 4127; x_wconf 84' lang='lat' dir='ltr'><strong>dilecto</strong></span> <span class='ocrx_word' id='word_1_283' title='bbox 1292 4071 1402 4140; x_wconf 81' lang='lat' dir='ltr'><strong>ﬁlia</strong></span> <span class='ocrx_word' id='word_1_284' title='bbox 1447 4070 1500 4124; x_wconf 91' lang='lat' dir='ltr'><strong>in</strong></span> <span class='ocrx_word' id='word_1_285' title='bbox 1539 4069 1762 4140; x_wconf 80' lang='lat' dir='ltr'><strong>Spiritu,</strong></span> <span class='ocrx_word' id='word_1_286' title='bbox 1794 4069 1848 4123; x_wconf 90' lang='lat' dir='ltr'><strong>in</strong></span> <span class='ocrx_word' id='word_1_287' title='bbox 1885 4068 2149 4134; x_wconf 89' lang='lat' dir='ltr'><strong>doctrina,</strong></span> 
     </span>
    </p>
   </div>
   <div class='ocr_carea' id='block_1_43' title="bbox 551 4161 2152 4240">
    <p class='ocr_par' dir='ltr' id='par_1_43' title="bbox 551 4161 2152 4240">
     <span class='ocr_line' id='line_1_43' title="bbox 551 4161 2152 4240; baseline -0.004 -17"><span class='ocrx_word' id='word_1_288' title='bbox 551 4171 611 4226; x_wconf 86' lang='lat' dir='ltr'><strong>in</strong></span> <span class='ocrx_word' id='word_1_289' title='bbox 649 4170 787 4240; x_wconf 84' lang='lat' dir='ltr'><strong>ﬁde,</strong></span> <span class='ocrx_word' id='word_1_290' title='bbox 816 4185 923 4223; x_wconf 87' lang='lat' dir='ltr'><strong>non</strong></span> <span class='ocrx_word' id='word_1_291' title='bbox 960 4181 1145 4223; x_wconf 89' lang='lat' dir='ltr'><strong>carne.</strong></span> <span class='ocrx_word' id='word_1_292' title='bbox 1189 4161 1396 4229; x_wconf 84' lang='lat' dir='ltr'><strong>Gratia,</strong></span> <span class='ocrx_word' id='word_1_293' title='bbox 1441 4179 1546 4233; x_wconf 86' lang='lat' dir='ltr'><strong>qua</strong></span> <span class='ocrx_word' id='word_1_294' title='bbox 1592 4162 1758 4234; x_wconf 78' lang='lat' dir='ltr'><strong>gratis</strong></span> <span class='ocrx_word' id='word_1_295' title='bbox 1805 4161 2152 4216; x_wconf 89' lang='lat' dir='ltr'><strong>dimittuntur</strong></span> 
     </span>
    </p>
   </div>
   <div class='ocr_carea' id='block_1_44' title="bbox 554 4252 2152 4330">
    <p class='ocr_par' dir='ltr' id='par_1_44' title="bbox 554 4252 2152 4330">
     <span class='ocr_line' id='line_1_44' title="bbox 554 4252 2152 4330; baseline -0.006 -14"><span class='ocrx_word' id='word_1_296' title='bbox 554 4269 811 4330; x_wconf 87' lang='lat' dir='ltr'><strong>peccata,</strong></span> <span class='ocrx_word' id='word_1_297' title='bbox 852 4268 905 4313; x_wconf 87' lang='lat' dir='ltr'><strong>et</strong></span> <span class='ocrx_word' id='word_1_298' title='bbox 943 4257 1306 4312; x_wconf 80' lang='lat' dir='ltr'><strong>misericordia</strong></span> <span class='ocrx_word' id='word_1_299' title='bbox 1336 4265 1382 4310; x_wconf 87' lang='lat' dir='ltr'><strong>et</strong></span> <span class='ocrx_word' id='word_1_300' title='bbox 1430 4270 1535 4324; x_wconf 73' lang='lat' dir='ltr'><strong>pax</strong></span> <span class='ocrx_word' id='word_1_301' title='bbox 1557 4294 1572 4320; x_wconf 93' lang='lat'><strong>,</strong></span> <span class='ocrx_word' id='word_1_302' title='bbox 1606 4270 1708 4326; x_wconf 89' lang='lat' dir='ltr'><strong>qua</strong></span> <span class='ocrx_word' id='word_1_303' title='bbox 1736 4252 2152 4308; x_wconf 89' lang='lat' dir='ltr'><strong>rcconciliamur</strong></span> 
     </span>
    </p>
   </div>
   <div class='ocr_carea' id='block_1_45' title="bbox 554 4343 2151 4414">
    <p class='ocr_par' dir='ltr' id='par_1_45' title="bbox 554 4343 2151 4414">
     <span class='ocr_line' id='line_1_45' title="bbox 554 4343 2151 4414; baseline -0.006 -7"><span class='ocrx_word' id='word_1_304' title='bbox 554 4352 670 4407; x_wconf 87' lang='lat' dir='ltr'><strong>Deo</strong></span> <span class='ocrx_word' id='word_1_305' title='bbox 721 4352 889 4406; x_wconf 88' lang='lat' dir='ltr'><strong>Patri.</strong></span> <span class='ocrx_word' id='word_1_306' title='bbox 952 4349 1384 4405; x_wconf 83' lang='lat' dir='ltr'><strong>Misericordiam</strong></span> <span class='ocrx_word' id='word_1_307' title='bbox 1432 4346 1663 4400; x_wconf 89' lang='lat' dir='ltr'><strong>mediam</strong></span> <span class='ocrx_word' id='word_1_308' title='bbox 1713 4343 2058 4414; x_wconf 88' lang='lat' dir='ltr'><strong>interposuit,</strong></span> <span class='ocrx_word' id='word_1_309' title='bbox 2090 4353 2151 4398; x_wconf 86' lang='lat' dir='ltr'><strong>ut</strong></span> 
     </span>
    </p>
   </div>
   <div class='ocr_carea' id='block_1_46' title="bbox 557 4435 2147 4514">
    <p class='ocr_par' dir='ltr' id='par_1_46' title="bbox 557 4435 2147 4514">
     <span class='ocr_line' id='line_1_46' title="bbox 557 4435 2147 4514; baseline -0.008 -14"><span class='ocrx_word' id='word_1_310' title='bbox 557 4445 867 4500; x_wconf 71' lang='lat' dir='ltr'><strong>ostenderet</strong></span> <span class='ocrx_word' id='word_1_311' title='bbox 913 4444 1040 4514; x_wconf 89' lang='lat' dir='ltr'><strong>quia</strong></span> <span class='ocrx_word' id='word_1_312' title='bbox 1084 4443 1281 4512; x_wconf 82' lang='lat' dir='ltr'><strong>gratia,</strong></span> <span class='ocrx_word' id='word_1_313' title='bbox 1331 4449 1386 4496; x_wconf 90' lang='lat' dir='ltr'><strong>et</strong></span> <span class='ocrx_word' id='word_1_314' title='bbox 1420 4455 1523 4510; x_wconf 82' lang='lat' dir='ltr'><strong>pax</strong></span> <span class='ocrx_word' id='word_1_315' title='bbox 1577 4454 1674 4509; x_wconf 89' lang='lat' dir='ltr'><strong>per</strong></span> <span class='ocrx_word' id='word_1_316' title='bbox 1718 4435 2147 4493; x_wconf 86' lang='lat' dir='ltr'><strong>misericordiam</strong></span> 
     </span>
    </p>
   </div>
   <div class='ocr_carea' id='block_1_47' title="bbox 555 4527 2036 4601">
    <p class='ocr_par' dir='ltr' id='par_1_47' title="bbox 555 4527 2036 4601">
     <span class='ocr_line' id='line_1_47' title="bbox 555 4527 2036 4601; baseline -0.005 -11"><span class='ocrx_word' id='word_1_317' title='bbox 555 4527 653 4590; x_wconf 69' lang='lat' dir='ltr'><strong>Dei</strong></span> <span class='ocrx_word' id='word_1_318' title='bbox 685 4535 839 4590; x_wconf 89' lang='lat' dir='ltr'><strong>nobis</strong></span> <span class='ocrx_word' id='word_1_319' title='bbox 868 4534 1146 4590; x_wconf 78' lang='lat' dir='ltr'><strong>confertur</strong></span> <span class='ocrx_word' id='word_1_320' title='bbox 1179 4551 1191 4586; x_wconf 95' lang='lat'>:</span> <span class='ocrx_word' id='word_1_321' title='bbox 1222 4549 1329 4587; x_wconf 92' lang='lat' dir='ltr'><strong>non</strong></span> <span class='ocrx_word' id='word_1_322' title='bbox 1360 4547 1466 4601; x_wconf 81' lang='lat' dir='ltr'><strong>per</strong></span> <span class='ocrx_word' id='word_1_323' title='bbox 1492 4531 1744 4584; x_wconf 87' lang='lat' dir='ltr'><strong>meritum</strong></span> <span class='ocrx_word' id='word_1_324' title='bbox 1772 4536 2036 4584; x_wconf 90' lang='lat' dir='ltr'><strong>nostrum.</strong></span> 
     </span>
    </p>
   </div>
   <div class='ocr_carea' id='block_1_48' title="bbox 629 4620 2225 4704">
    <p class='ocr_par' dir='ltr' id='par_1_48' title="bbox 629 4620 2225 4704">
     <span class='ocr_line' id='line_1_48' title="bbox 629 4620 2225 4704; baseline -0.004 -23"><span class='ocrx_word' id='word_1_325' title='bbox 629 4626 778 4681; x_wconf 83' lang='lat' dir='ltr'><strong>Sicut</strong></span> <span class='ocrx_word' id='word_1_326' title='bbox 803 4627 977 4696; x_wconf 83' lang='lat' dir='ltr'><strong>rogavi</strong></span> <span class='ocrx_word' id='word_1_327' title='bbox 1000 4635 1047 4679; x_wconf 88' lang='lat' dir='ltr'><strong>te</strong></span> <span class='ocrx_word' id='word_1_328' title='bbox 1072 4635 1127 4679; x_wconf 87' lang='lat' dir='ltr'><strong>ut</strong></span> <span class='ocrx_word' id='word_1_329' title='bbox 1175 4641 1465 4678; x_wconf 82' lang='lat' dir='ltr'><strong>remaneres</strong></span> <span class='ocrx_word' id='word_1_330' title='bbox 1498 4621 1690 4693; x_wconf 80' lang='lat' dir='ltr'><strong>Ephesi</strong></span> <span class='ocrx_word' id='word_1_331' title='bbox 1716 4663 1730 4686; x_wconf 94' lang='lat'><strong>,</strong></span> <span class='ocrx_word' id='word_1_332' title='bbox 1761 4636 1880 4691; x_wconf 72' lang='lat' dir='ltr'><strong>qua:</strong></span> <span class='ocrx_word' id='word_1_333' title='bbox 1904 4629 1988 4676; x_wconf 86' lang='lat' dir='ltr'><strong>est</strong></span> <span class='ocrx_word' id='word_1_334' title='bbox 2012 4620 2146 4675; x_wconf 88' lang='lat' dir='ltr'><strong>civi-</strong></span> <span class='ocrx_word' id='word_1_335' title='bbox 2171 4645 2225 4704; x_wconf 82' lang='lat' dir='ltr'><strong>D</strong></span> 
     </span>
    </p>
   </div>
   <div class='ocr_carea' id='block_1_49' title="bbox 558 4712 2140 4787">
    <p class='ocr_par' dir='ltr' id='par_1_49' title="bbox 558 4712 2140 4787">
     <span class='ocr_line' id='line_1_49' title="bbox 558 4712 2140 4787; baseline -0.003 -15"><span class='ocrx_word' id='word_1_336' title='bbox 558 4725 642 4772; x_wconf 82' lang='lat' dir='ltr'><strong>tas</strong></span> <span class='ocrx_word' id='word_1_337' title='bbox 679 4717 991 4787; x_wconf 86' lang='lat' dir='ltr'><strong>metropolis</strong></span> <span class='ocrx_word' id='word_1_338' title='bbox 1020 4717 1184 4782; x_wconf 67' lang='lat' dir='ltr'><strong>Asiie,</strong></span> <span class='ocrx_word' id='word_1_339' title='bbox 1217 4733 1334 4771; x_wconf 81' lang='lat' dir='ltr'><strong>cum</strong></span> <span class='ocrx_word' id='word_1_340' title='bbox 1365 4717 1490 4770; x_wconf 83' lang='lat' dir='ltr'><strong>irent</strong></span> <span class='ocrx_word' id='word_1_341' title='bbox 1518 4715 1571 4768; x_wconf 87' lang='lat' dir='ltr'><strong>in</strong></span> <span class='ocrx_word' id='word_1_342' title='bbox 1598 4712 1985 4777; x_wconf 82' lang='lat' dir='ltr'><strong>Macedoniam,</strong></span> <span class='ocrx_word' id='word_1_343' title='bbox 2013 4728 2140 4783; x_wconf 85' lang='lat' dir='ltr'><strong>pro-</strong></span> 
     </span>
    </p>
   </div>
   <div class='ocr_carea' id='block_1_50' title="bbox 554 4795 2142 4876">
    <p class='ocr_par' dir='ltr' id='par_1_50' title="bbox 554 4795 2142 4876">
     <span class='ocr_line' id='line_1_50' title="bbox 554 4795 2142 4876; baseline -0.002 -14"><span class='ocrx_word' id='word_1_344' title='bbox 554 4795 786 4865; x_wconf 76' lang='lat' dir='ltr'><strong>vinciam</strong></span> <span class='ocrx_word' id='word_1_345' title='bbox 817 4808 1128 4864; x_wconf 76' lang='lat' dir='ltr'><strong>Gt‘tecorum</strong></span> <span class='ocrx_word' id='word_1_346' title='bbox 1151 4850 1164 4872; x_wconf 94' lang='lat'><strong>,</strong></span> <span class='ocrx_word' id='word_1_347' title='bbox 1211 4819 1266 4863; x_wconf 87' lang='lat' dir='ltr'><strong>nt</strong></span> <span class='ocrx_word' id='word_1_348' title='bbox 1305 4807 1640 4863; x_wconf 84' lang='lat' dir='ltr'><strong>denuntiares</strong></span> <span class='ocrx_word' id='word_1_349' title='bbox 1689 4805 2058 4876; x_wconf 83' lang='lat' dir='ltr'><strong>quisbusdam,</strong></span> <span class='ocrx_word' id='word_1_350' title='bbox 2090 4805 2142 4861; x_wconf 89' lang='lat' dir='ltr'><strong>id</strong></span> 
     </span>
    </p>
   </div>
   <div class='ocr_carea' id='block_1_51' title="bbox 553 4897 2140 4970">
    <p class='ocr_par' dir='ltr' id='par_1_51' title="bbox 553 4897 2140 4970">
     <span class='ocr_line' id='line_1_51' title="bbox 553 4897 2140 4970; baseline -0.001 -15"><span class='ocrx_word' id='word_1_351' title='bbox 553 4910 638 4956; x_wconf 88' lang='lat' dir='ltr'><strong>est</strong></span> <span class='ocrx_word' id='word_1_352' title='bbox 665 4899 867 4955; x_wconf 81' lang='lat' dir='ltr'><strong>Judaeis</strong></span> <span class='ocrx_word' id='word_1_353' title='bbox 887 4899 1323 4970; x_wconf 82' lang='lat' dir='ltr'><strong>judaizantibus,</strong></span> <span class='ocrx_word' id='word_1_354' title='bbox 1351 4908 1405 4953; x_wconf 91' lang='lat' dir='ltr'><strong>et</strong></span> <span class='ocrx_word' id='word_1_355' title='bbox 1449 4914 1556 4954; x_wconf 88' lang='lat' dir='ltr'><strong>non</strong></span> <span class='ocrx_word' id='word_1_356' title='bbox 1593 4902 1741 4953; x_wconf 86' lang='lat' dir='ltr'><strong>recte</strong></span> <span class='ocrx_word' id='word_1_357' title='bbox 1778 4897 2140 4965; x_wconf 87' lang='lat' dir='ltr'><strong>credentibus,</strong></span> 
     </span>
    </p>
   </div>
   <div class='ocr_carea' id='block_1_52' title="bbox 556 4976 2138 5061">
    <p class='ocr_par' dir='ltr' id='par_1_52' title="bbox 556 4976 2138 5061">
     <span class='ocr_line' id='line_1_52' title="bbox 556 4976 2138 5061; baseline 0.001 -16"><span class='ocrx_word' id='word_1_358' title='bbox 556 5008 620 5046; x_wconf 89' lang='lat' dir='ltr'><strong>ne</strong></span> <span class='ocrx_word' id='word_1_359' title='bbox 663 4976 818 5044; x_wconf 77' lang='lat' dir='ltr'><strong>aliter</strong></span> <span class='ocrx_word' id='word_1_360' title='bbox 869 4991 1136 5055; x_wconf 85' lang='lat' dir='ltr'><strong>docerent,</strong></span> <span class='ocrx_word' id='word_1_361' title='bbox 1169 4992 1448 5057; x_wconf 78' lang='lat' dir='ltr'><strong>subaudis,</strong></span> <span class='ocrx_word' id='word_1_362' title='bbox 1497 4992 1660 5061; x_wconf 74' lang='lat' dir='ltr'><strong>quam</strong></span> <span class='ocrx_word' id='word_1_363' title='bbox 1719 4999 1816 5047; x_wconf 88' lang='lat' dir='ltr'><strong>nos</strong></span> <span class='ocrx_word' id='word_1_364' title='bbox 1865 4990 2138 5057; x_wconf 88' lang='lat' dir='ltr'><strong>docemus,</strong></span> 
     </span>
    </p>
   </div>
   <div class='ocr_carea' id='block_1_53' title="bbox 556 5070 2139 5153">
    <p class='ocr_par' dir='ltr' id='par_1_53' title="bbox 556 5070 2139 5153">
     <span class='ocr_line' id='line_1_53' title="bbox 556 5070 2139 5153; baseline 0 -16"><span class='ocrx_word' id='word_1_365' title='bbox 556 5099 720 5153; x_wconf 86' lang='lat' dir='ltr'><strong>neque</strong></span> <span class='ocrx_word' id='word_1_366' title='bbox 739 5070 1062 5137; x_wconf 85' lang='lat' dir='ltr'><strong>intenderent</strong></span> <span class='ocrx_word' id='word_1_367' title='bbox 1099 5082 1295 5152; x_wconf 73' lang='lat' dir='ltr'><strong>fabulis</strong></span> <span class='ocrx_word' id='word_1_368' title='bbox 1330 5093 1380 5137; x_wconf 91' lang='lat' dir='ltr'><strong>et</strong></span> <span class='ocrx_word' id='word_1_369' title='bbox 1413 5081 1729 5153; x_wconf 83' lang='lat' dir='ltr'><strong>genealogiis</strong></span> <span class='ocrx_word' id='word_1_370' title='bbox 1773 5083 2139 5147; x_wconf 81' lang='lat' dir='ltr'><strong>interminatis,</strong></span> 
     </span>
    </p>
   </div>
   <div class='ocr_carea' id='block_1_54' title="bbox 557 5163 2142 5244">
    <p class='ocr_par' dir='ltr' id='par_1_54' title="bbox 557 5163 2142 5244">
     <span class='ocr_line' id='line_1_54' title="bbox 557 5163 2142 5244; baseline 0.001 -19"><span class='ocrx_word' id='word_1_371' title='bbox 557 5175 611 5228; x_wconf 88' lang='lat' dir='ltr'><strong>id</strong></span> <span class='ocrx_word' id='word_1_372' title='bbox 641 5182 725 5230; x_wconf 90' lang='lat' dir='ltr'><strong>est</strong></span> <span class='ocrx_word' id='word_1_373' title='bbox 746 5163 1186 5244; x_wconf 86' lang='lat' dir='ltr'><strong>generationibus</strong></span> <span class='ocrx_word' id='word_1_374' title='bbox 1237 5190 1356 5244; x_wconf 84' lang='lat' dir='ltr'><strong>quae</strong></span> <span class='ocrx_word' id='word_1_375' title='bbox 1397 5177 1686 5232; x_wconf 90' lang='lat' dir='ltr'><strong>terminum</strong></span> <span class='ocrx_word' id='word_1_376' title='bbox 1741 5193 1849 5233; x_wconf 92' lang='lat' dir='ltr'><strong>non</strong></span> <span class='ocrx_word' id='word_1_377' title='bbox 1897 5175 2142 5231; x_wconf 82' lang='lat' dir='ltr'><strong>habent:</strong></span> 
     </span>
    </p>
   </div>
   <div class='ocr_carea' id='block_1_55' title="bbox 559 5259 2145 5338">
    <p class='ocr_par' dir='ltr' id='par_1_55' title="bbox 559 5259 2145 5338">
     <span class='ocr_line' id='line_1_55' title="bbox 559 5259 2145 5338; baseline 0 -21"><span class='ocrx_word' id='word_1_378' title='bbox 559 5280 678 5332; x_wconf 60' lang='lat' dir='ltr'><strong>quae</strong></span> <span class='ocrx_word' id='word_1_379' title='bbox 701 5262 900 5319; x_wconf 64' lang='lat' dir='ltr'><strong>fabulae</strong></span> <span class='ocrx_word' id='word_1_380' title='bbox 926 5272 979 5318; x_wconf 89' lang='lat' dir='ltr'><strong>et</strong></span> <span class='ocrx_word' id='word_1_381' title='bbox 999 5259 1342 5334; x_wconf 69' lang='lat' dir='ltr'><strong>genealogire,</strong></span> <span class='ocrx_word' id='word_1_382' title='bbox 1376 5267 1687 5335; x_wconf 62' lang='lat' dir='ltr'><strong>questiones</strong></span> <span class='ocrx_word' id='word_1_383' title='bbox 1702 5275 1958 5338; x_wconf 69' lang='lat' dir='ltr'><strong>pra&#39;stans</strong></span> <span class='ocrx_word' id='word_1_384' title='bbox 1978 5264 2145 5333; x_wconf 86' lang='lat' dir='ltr'><strong>magis</strong></span> 
     </span>
    </p>
   </div>
   <div class='ocr_carea' id='block_1_56' title="bbox 555 5353 2148 5426">
    <p class='ocr_par' dir='ltr' id='par_1_56' title="bbox 555 5353 2148 5426">
     <span class='ocr_line' id='line_1_56' title="bbox 555 5353 2148 5426; baseline 0.001 -18"><span class='ocrx_word' id='word_1_385' title='bbox 555 5370 714 5423; x_wconf 86' lang='lat' dir='ltr'><strong>quant</strong></span> <span class='ocrx_word' id='word_1_386' title='bbox 740 5353 1146 5422; x_wconf 74' lang='lat' dir='ltr'><strong>wdiﬁcationem</strong></span> <span class='ocrx_word' id='word_1_387' title='bbox 1187 5354 1307 5417; x_wconf 87' lang='lat' dir='ltr'><strong>Dei,</strong></span> <span class='ocrx_word' id='word_1_388' title='bbox 1338 5373 1456 5426; x_wconf 64' lang='lat' dir='ltr'><strong>quae</strong></span> <span class='ocrx_word' id='word_1_389' title='bbox 1475 5365 1549 5412; x_wconf 85' lang='lat' dir='ltr'><strong>est</strong></span> <span class='ocrx_word' id='word_1_390' title='bbox 1572 5357 1625 5412; x_wconf 88' lang='lat' dir='ltr'><strong>in</strong></span> <span class='ocrx_word' id='word_1_391' title='bbox 1654 5358 1778 5425; x_wconf 76' lang='lat' dir='ltr'><strong>ﬁde.</strong></span> <span class='ocrx_word' id='word_1_392' title='bbox 1843 5356 1919 5410; x_wconf 88' lang='lat' dir='ltr'><strong>De</strong></span> <span class='ocrx_word' id='word_1_393' title='bbox 1947 5354 2148 5410; x_wconf 68' lang='lat' dir='ltr'><strong>Judmis</strong></span> 
     </span>
    </p>
   </div>
   <div class='ocr_carea' id='block_1_57' title="bbox 559 5442 2148 5518">
    <p class='ocr_par' dir='ltr' id='par_1_57' title="bbox 559 5442 2148 5518">
     <span class='ocr_line' id='line_1_57' title="bbox 559 5442 2148 5518; baseline 0.003 -23"><span class='ocrx_word' id='word_1_394' title='bbox 559 5442 961 5518; x_wconf 44' lang='lat' dir='ltr'><strong>loquiturhqui</strong></span> <span class='ocrx_word' id='word_1_395' title='bbox 1013 5453 1211 5514; x_wconf 65' lang='lat' dir='ltr'><strong>praeter</strong></span> <span class='ocrx_word' id='word_1_396' title='bbox 1245 5445 1673 5502; x_wconf 85' lang='lat' dir='ltr'><strong>Pentateuclium</strong></span> <span class='ocrx_word' id='word_1_397' title='bbox 1724 5455 1778 5501; x_wconf 91' lang='lat' dir='ltr'><strong>et</strong></span> <span class='ocrx_word' id='word_1_398' title='bbox 1833 5445 2148 5516; x_wconf 83' lang='lat' dir='ltr'><strong>prophetas,</strong></span> 
     </span>
    </p>
   </div>
   <div class='ocr_carea' id='block_1_58' title="bbox 518 5519 2148 5605">
    <p class='ocr_par' dir='ltr' id='par_1_58' title="bbox 518 5519 2148 5605">
     <span class='ocr_line' id='line_1_58' title="bbox 518 5519 2148 5605; baseline 0.002 -19"><span class='ocrx_word' id='word_1_399' title='bbox 518 5519 524 5527; x_wconf 72' lang='grc'><strong>’</strong></span> <span class='ocrx_word' id='word_1_400' title='bbox 565 5532 807 5603; x_wconf 89' lang='lat' dir='ltr'><strong>aliasque</strong></span> <span class='ocrx_word' id='word_1_401' title='bbox 854 5534 1179 5603; x_wconf 86' lang='lat' dir='ltr'><strong>scripturas,</strong></span> <span class='ocrx_word' id='word_1_402' title='bbox 1226 5535 1429 5590; x_wconf 90' lang='lat' dir='ltr'><strong>habent</strong></span> <span class='ocrx_word' id='word_1_403' title='bbox 1480 5536 1743 5605; x_wconf 76' lang='lat' dir='ltr'><strong>quanam</strong></span> <span class='ocrx_word' id='word_1_404' title='bbox 1805 5535 2148 5601; x_wconf 86' lang='lat' dir='ltr'><strong>traditiones,</strong></span> 
     </span>
    </p>
   </div>
   <div class='ocr_carea' id='block_1_59' title="bbox 560 5624 2146 5694">
    <p class='ocr_par' dir='ltr' id='par_1_59' title="bbox 560 5624 2146 5694">
     <span class='ocr_line' id='line_1_59' title="bbox 560 5624 2146 5694; baseline 0.003 -17"><span class='ocrx_word' id='word_1_405' title='bbox 560 5639 668 5678; x_wconf 91' lang='lat' dir='ltr'><strong>non</strong></span> <span class='ocrx_word' id='word_1_406' title='bbox 716 5624 969 5694; x_wconf 89' lang='lat' dir='ltr'><strong>scriptas,</strong></span> <span class='ocrx_word' id='word_1_407' title='bbox 1001 5625 1094 5680; x_wconf 91' lang='lat' dir='ltr'><strong>sed</strong></span> <span class='ocrx_word' id='word_1_408' title='bbox 1124 5627 1400 5682; x_wconf 75' lang='lat' dir='ltr'><strong>memoria:</strong></span> <span class='ocrx_word' id='word_1_409' title='bbox 1430 5627 1836 5682; x_wconf 87' lang='lat' dir='ltr'><strong>commendatas</strong></span> <span class='ocrx_word' id='word_1_410' title='bbox 1879 5642 1944 5681; x_wconf 77' lang='lat' dir='ltr'><strong>ex</strong></span> <span class='ocrx_word' id='word_1_411' title='bbox 1977 5628 2146 5682; x_wconf 88' lang='lat' dir='ltr'><strong>tradi-</strong></span> 
     </span>
    </p>
   </div>
   <div class='ocr_carea' id='block_1_60' title="bbox 561 5717 2143 5790">
    <p class='ocr_par' dir='ltr' id='par_1_60' title="bbox 561 5717 2143 5790">
     <span class='ocr_line' id='line_1_60' title="bbox 561 5717 2143 5790; baseline 0.001 -20"><span class='ocrx_word' id='word_1_412' title='bbox 561 5717 706 5771; x_wconf 85' lang='lat' dir='ltr'><strong>tione</strong></span> <span class='ocrx_word' id='word_1_413' title='bbox 735 5727 973 5786; x_wconf 90' lang='lat' dir='ltr'><strong>patrum,</strong></span> <span class='ocrx_word' id='word_1_414' title='bbox 1005 5733 1139 5787; x_wconf 90' lang='lat' dir='ltr'><strong>quas</strong></span> <span class='ocrx_word' id='word_1_415' title='bbox 1173 5719 1461 5790; x_wconf 87' lang='lat' dir='ltr'><strong>Apostolus</strong></span> <span class='ocrx_word' id='word_1_416' title='bbox 1488 5718 1726 5784; x_wconf 88' lang='lat' dir='ltr'><strong>fabulas,</strong></span> <span class='ocrx_word' id='word_1_417' title='bbox 1769 5719 1821 5773; x_wconf 93' lang='lat' dir='ltr'><strong>id</strong></span> <span class='ocrx_word' id='word_1_418' title='bbox 1850 5728 1931 5774; x_wconf 89' lang='lat' dir='ltr'><strong>est</strong></span> <span class='ocrx_word' id='word_1_419' title='bbox 1970 5719 2143 5773; x_wconf 84' lang='lat' dir='ltr'><strong>fictio-</strong></span> 
     </span>
    </p>
   </div>
   <div class='ocr_carea' id='block_1_61' title="bbox 561 5810 2145 5883">
    <p class='ocr_par' dir='ltr' id='par_1_61' title="bbox 561 5810 2145 5883">
     <span class='ocr_line' id='line_1_61' title="bbox 561 5810 2145 5883; baseline 0.001 -19"><span class='ocrx_word' id='word_1_420' title='bbox 561 5823 662 5864; x_wconf 90' lang='lat' dir='ltr'><strong>nes</strong></span> <span class='ocrx_word' id='word_1_421' title='bbox 696 5817 751 5863; x_wconf 84' lang='lat' dir='ltr'><strong>et</strong></span> <span class='ocrx_word' id='word_1_422' title='bbox 802 5810 1155 5880; x_wconf 84' lang='lat' dir='ltr'><strong>cogitationes</strong></span> <span class='ocrx_word' id='word_1_423' title='bbox 1185 5811 1436 5882; x_wconf 87' lang='lat' dir='ltr'><strong>appellat,</strong></span> <span class='ocrx_word' id='word_1_424' title='bbox 1469 5819 1588 5883; x_wconf 76' lang='lat' dir='ltr'><strong>quae</strong></span> <span class='ocrx_word' id='word_1_425' title='bbox 1612 5812 1813 5866; x_wconf 85' lang='lat' dir='ltr'><strong>nullam</strong></span> <span class='ocrx_word' id='word_1_426' title='bbox 1856 5812 2145 5866; x_wconf 88' lang='lat' dir='ltr'><strong>utilitatem</strong></span> 
     </span>
    </p>
   </div>
   <div class='ocr_carea' id='block_1_62' title="bbox 563 5901 2146 5978">
    <p class='ocr_par' dir='ltr' id='par_1_62' title="bbox 563 5901 2146 5978">
     <span class='ocr_line' id='line_1_62' title="bbox 563 5901 2146 5978; baseline 0.001 -20"><span class='ocrx_word' id='word_1_427' title='bbox 563 5901 782 5978; x_wconf 60' lang='lat' dir='ltr'><strong>habent</strong></span> <span class='ocrx_word' id='word_1_428' title='bbox 813 5904 868 5959; x_wconf 91' lang='lat' dir='ltr'><strong>in</strong></span> <span class='ocrx_word' id='word_1_429' title='bbox 912 5919 1008 5973; x_wconf 88' lang='lat' dir='ltr'><strong>se,</strong></span> <span class='ocrx_word' id='word_1_430' title='bbox 1046 5904 1149 5961; x_wconf 88' lang='lat' dir='ltr'><strong>nisi</strong></span> <span class='ocrx_word' id='word_1_431' title='bbox 1201 5905 1570 5963; x_wconf 88' lang='lat' dir='ltr'><strong>contentiones</strong></span> <span class='ocrx_word' id='word_1_432' title='bbox 1609 5914 1871 5978; x_wconf 80' lang='lat' dir='ltr'><strong>generant</strong></span> <span class='ocrx_word' id='word_1_433' title='bbox 1913 5915 1967 5962; x_wconf 89' lang='lat' dir='ltr'><strong>et</strong></span> <span class='ocrx_word' id='word_1_434' title='bbox 1999 5921 2146 5975; x_wconf 68' lang='lat' dir='ltr'><strong>(pne-</strong></span> 
     </span>
    </p>
   </div>
   <div class='ocr_carea' id='block_1_63' title="bbox 2267 1493 3755 1567">
    <p class='ocr_par' dir='ltr' id='par_1_63' title="bbox 2267 1493 3755 1567">
     <span class='ocr_line' id='line_1_63' title="bbox 2267 1493 3755 1567; baseline 0.007 -17"><span class='ocrx_word' id='word_1_435' title='bbox 2267 1493 2490 1551; x_wconf 88' lang='lat' dir='ltr'><strong>stiones.</strong></span> <span class='ocrx_word' id='word_1_436' title='bbox 2522 1494 2601 1549; x_wconf 77' lang='lat' dir='ltr'><strong>Ex</strong></span> <span class='ocrx_word' id='word_1_437' title='bbox 2630 1495 2826 1566; x_wconf 87' lang='lat' dir='ltr'><strong>quibus</strong></span> <span class='ocrx_word' id='word_1_438' title='bbox 2849 1511 3020 1566; x_wconf 91' lang='lat' dir='ltr'><strong>pauca</strong></span> <span class='ocrx_word' id='word_1_439' title='bbox 3051 1497 3117 1552; x_wconf 90' lang='lat' dir='ltr'><strong>de</strong></span> <span class='ocrx_word' id='word_1_440' title='bbox 3145 1496 3384 1567; x_wconf 88' lang='lat' dir='ltr'><strong>pluribus</strong></span> <span class='ocrx_word' id='word_1_441' title='bbox 3407 1499 3643 1559; x_wconf 87' lang='lat' dir='ltr'><strong>dicamus:</strong></span> <span class='ocrx_word' id='word_1_442' title='bbox 3666 1506 3755 1560; x_wconf 76' lang='lat' dir='ltr'><strong>Tra-</strong></span> 
     </span>
    </p>
   </div>
   <div class='ocr_carea' id='block_1_64' title="bbox 2267 1587 3754 1652">
    <p class='ocr_par' dir='ltr' id='par_1_64' title="bbox 2267 1587 3754 1652">
     <span class='ocr_line' id='line_1_64' title="bbox 2267 1587 3754 1652; baseline 0.007 -10"><span class='ocrx_word' id='word_1_443' title='bbox 2267 1588 2399 1643; x_wconf 86' lang='lat' dir='ltr'><strong>ditio</strong></span> <span class='ocrx_word' id='word_1_444' title='bbox 2429 1587 2644 1642; x_wconf 91' lang='lat' dir='ltr'><strong>illorum</strong></span> <span class='ocrx_word' id='word_1_445' title='bbox 2678 1595 2762 1642; x_wconf 88' lang='lat' dir='ltr'><strong>est</strong></span> <span class='ocrx_word' id='word_1_446' title='bbox 2803 1587 2859 1642; x_wconf 94' lang='lat' dir='ltr'><strong>in</strong></span> <span class='ocrx_word' id='word_1_447' title='bbox 2901 1589 3127 1644; x_wconf 71' lang='lat' dir='ltr'><strong>exordio</strong></span> <span class='ocrx_word' id='word_1_448' title='bbox 3155 1590 3287 1645; x_wconf 87' lang='lat' dir='ltr'><strong>duas</strong></span> <span class='ocrx_word' id='word_1_449' title='bbox 3329 1592 3560 1649; x_wconf 88' lang='lat' dir='ltr'><strong>mulieres</strong></span> <span class='ocrx_word' id='word_1_450' title='bbox 3583 1611 3670 1651; x_wconf 87' lang='lat' dir='ltr'><strong>esse</strong></span> <span class='ocrx_word' id='word_1_451' title='bbox 3701 1597 3754 1652; x_wconf 83' lang='lat' dir='ltr'><strong>la-</strong></span> 
     </span>
    </p>
   </div>
   <div class='ocr_carea' id='block_1_65' title="bbox 2267 1678 3752 1752">
    <p class='ocr_par' dir='ltr' id='par_1_65' title="bbox 2267 1678 3752 1752">
     <span class='ocr_line' id='line_1_65' title="bbox 2267 1678 3752 1752; baseline 0.007 -20"><span class='ocrx_word' id='word_1_452' title='bbox 2267 1687 2413 1744; x_wconf 84' lang='lat' dir='ltr'><strong>etas,</strong></span> <span class='ocrx_word' id='word_1_453' title='bbox 2443 1678 2652 1744; x_wconf 84' lang='lat' dir='ltr'><strong>Evam,</strong></span> <span class='ocrx_word' id='word_1_454' title='bbox 2683 1687 2742 1734; x_wconf 92' lang='lat' dir='ltr'><strong>et</strong></span> <span class='ocrx_word' id='word_1_455' title='bbox 2783 1680 3007 1735; x_wconf 88' lang='lat' dir='ltr'><strong>alteram</strong></span> <span class='ocrx_word' id='word_1_456' title='bbox 3027 1721 3042 1748; x_wconf 96' lang='lat'><strong>,</strong></span> <span class='ocrx_word' id='word_1_457' title='bbox 3072 1696 3141 1736; x_wconf 77' lang='lat' dir='ltr'><strong>ex</strong></span> <span class='ocrx_word' id='word_1_458' title='bbox 3188 1683 3384 1752; x_wconf 87' lang='lat' dir='ltr'><strong>quibus</strong></span> <span class='ocrx_word' id='word_1_459' title='bbox 3427 1685 3586 1741; x_wconf 86' lang='lat' dir='ltr'><strong>dicunt</strong></span> <span class='ocrx_word' id='word_1_460' title='bbox 3622 1690 3752 1743; x_wconf 74' lang='lat' dir='ltr'><strong>multat</strong></span> 
     </span>
    </p>
   </div>
   <div class='ocr_carea' id='block_1_66' title="bbox 2270 1769 3748 1845">
    <p class='ocr_par' dir='ltr' id='par_1_66' title="bbox 2270 1769 3748 1845">
     <span class='ocr_line' id='line_1_66' title="bbox 2270 1769 3748 1845; baseline 0.006 -24"><span class='ocrx_word' id='word_1_461' title='bbox 2270 1769 2407 1823; x_wconf 77' lang='lat' dir='ltr'><strong>ﬁlios</strong></span> <span class='ocrx_word' id='word_1_462' title='bbox 2459 1782 2578 1824; x_wconf 86' lang='lat' dir='ltr'><strong>esse</strong></span> <span class='ocrx_word' id='word_1_463' title='bbox 2631 1778 2810 1835; x_wconf 88' lang='lat' dir='ltr'><strong>natos,</strong></span> <span class='ocrx_word' id='word_1_464' title='bbox 2867 1770 3009 1839; x_wconf 85' lang='lat' dir='ltr'><strong>quod</strong></span> <span class='ocrx_word' id='word_1_465' title='bbox 3060 1786 3330 1841; x_wconf 83' lang='lat' dir='ltr'><strong>nusquam</strong></span> <span class='ocrx_word' id='word_1_466' title='bbox 3372 1787 3516 1828; x_wconf 86' lang='lat' dir='ltr'><strong>sacra</strong></span> <span class='ocrx_word' id='word_1_467' title='bbox 3556 1773 3748 1845; x_wconf 78' lang='lat' dir='ltr'><strong>Scriptura</strong></span> 
     </span>
    </p>
   </div>
   <div class='ocr_carea' id='block_1_67' title="bbox 2272 1861 3748 1931">
    <p class='ocr_par' dir='ltr' id='par_1_67' title="bbox 2272 1861 3748 1931">
     <span class='ocr_line' id='line_1_67' title="bbox 2272 1861 3748 1931; baseline 0.003 -15"><span class='ocrx_word' id='word_1_468' title='bbox 2272 1870 2474 1916; x_wconf 88' lang='lat' dir='ltr'><strong>narrat.</strong></span> <span class='ocrx_word' id='word_1_469' title='bbox 2507 1861 2664 1916; x_wconf 87' lang='lat' dir='ltr'><strong>Tales</strong></span> <span class='ocrx_word' id='word_1_470' title='bbox 2690 1861 2852 1915; x_wconf 87' lang='lat' dir='ltr'><strong>etiam</strong></span> <span class='ocrx_word' id='word_1_471' title='bbox 2880 1869 3036 1916; x_wconf 84' lang='lat' dir='ltr'><strong>erant</strong></span> <span class='ocrx_word' id='word_1_472' title='bbox 3059 1861 3156 1928; x_wconf 91' lang='lat' dir='ltr'><strong>illi,</strong></span> <span class='ocrx_word' id='word_1_473' title='bbox 3189 1862 3256 1917; x_wconf 88' lang='lat' dir='ltr'><strong>de</strong></span> <span class='ocrx_word' id='word_1_474' title='bbox 3289 1864 3476 1931; x_wconf 87' lang='lat' dir='ltr'><strong>quibus</strong></span> <span class='ocrx_word' id='word_1_475' title='bbox 3501 1866 3607 1920; x_wconf 86' lang='lat' dir='ltr'><strong>dicit</strong></span> <span class='ocrx_word' id='word_1_476' title='bbox 3635 1866 3748 1920; x_wconf 79' lang='lat' dir='ltr'><strong>Domi-</strong></span> 
     </span>
    </p>
   </div>
   <div class='ocr_carea' id='block_1_68' title="bbox 2266 1952 3747 2026">
    <p class='ocr_par' dir='ltr' id='par_1_68' title="bbox 2266 1952 3747 2026">
     <span class='ocr_line' id='line_1_68' title="bbox 2266 1952 3747 2026; baseline -0.002 -16"><span class='ocrx_word' id='word_1_477' title='bbox 2266 1972 2368 2010; x_wconf 87' lang='lat' dir='ltr'><strong>nus</strong></span> <span class='ocrx_word' id='word_1_478' title='bbox 2401 1954 2613 2026; x_wconf 78' lang='lat' dir='ltr'><strong>(Matth.</strong></span> <span class='ocrx_word' id='word_1_479' title='bbox 2651 1969 2749 2019; x_wconf 82' lang='lat' dir='ltr'><strong>xv;</strong></span> <span class='ocrx_word' id='word_1_480' title='bbox 2784 1953 2954 2008; x_wconf 82' lang='lat' dir='ltr'><strong>Marc.</strong></span> <span class='ocrx_word' id='word_1_481' title='bbox 2996 1953 3135 2023; x_wconf 83' lang='lat' dir='ltr'><strong>vu)-:</strong></span> <span class='ocrx_word' id='word_1_482' title='bbox 3171 1952 3264 2008; x_wconf 74' lang='lat' dir='ltr'><strong>Vae</strong></span> <span class='ocrx_word' id='word_1_483' title='bbox 3293 1955 3470 2019; x_wconf 83' lang='lat' dir='ltr'><strong>vobis,</strong></span> <span class='ocrx_word' id='word_1_484' title='bbox 3493 1955 3689 2009; x_wconf 77' lang='lat' dir='ltr'><strong>Pharisai</strong></span> <span class='ocrx_word' id='word_1_485' title='bbox 3714 1967 3747 2010; x_wconf 82' lang='lat' dir='ltr'><strong>et</strong></span> 
     </span>
    </p>
   </div>
   <div class='ocr_carea' id='block_1_69' title="bbox 2261 2045 3750 2116">
    <p class='ocr_par' dir='ltr' id='par_1_69' title="bbox 2261 2045 3750 2116">
     <span class='ocr_line' id='line_1_69' title="bbox 2261 2045 3750 2116; baseline -0.001 -15"><span class='ocrx_word' id='word_1_486' title='bbox 2261 2047 2486 2112; x_wconf 70' lang='lat' dir='ltr'><strong>scribae,</strong></span> <span class='ocrx_word' id='word_1_487' title='bbox 2533 2046 2626 2116; x_wconf 83' lang='lat' dir='ltr'><strong>qui</strong></span> <span class='ocrx_word' id='word_1_488' title='bbox 2667 2045 2966 2116; x_wconf 87' lang='lat' dir='ltr'><strong>supponitis</strong></span> <span class='ocrx_word' id='word_1_489' title='bbox 2998 2045 3320 2100; x_wconf 86' lang='lat' dir='ltr'><strong>traditiones</strong></span> <span class='ocrx_word' id='word_1_490' title='bbox 3360 2056 3548 2102; x_wconf 86' lang='lat' dir='ltr'><strong>vestras</strong></span> <span class='ocrx_word' id='word_1_491' title='bbox 3569 2048 3750 2101; x_wconf 82' lang='lat' dir='ltr'><strong>mandatis</strong></span> 
     </span>
    </p>
   </div>
   <div class='ocr_carea' id='block_1_70' title="bbox 2260 2138 3746 2210">
    <p class='ocr_par' dir='ltr' id='par_1_70' title="bbox 2260 2138 3746 2210">
     <span class='ocr_line' id='line_1_70' title="bbox 2260 2138 3746 2210; baseline -0.003 -14"><span class='ocrx_word' id='word_1_492' title='bbox 2260 2141 2376 2208; x_wconf 90' lang='lat' dir='ltr'><strong>Dei,</strong></span> <span class='ocrx_word' id='word_1_493' title='bbox 2409 2142 2654 2197; x_wconf 89' lang='lat' dir='ltr'><strong>dicentes</strong></span> <span class='ocrx_word' id='word_1_494' title='bbox 2681 2141 2823 2210; x_wconf 86' lang='lat' dir='ltr'><strong>patri</strong></span> <span class='ocrx_word' id='word_1_495' title='bbox 2853 2139 3067 2195; x_wconf 86' lang='lat' dir='ltr'><strong>Corban</strong></span> <span class='ocrx_word' id='word_1_496' title='bbox 3087 2179 3103 2204; x_wconf 95' lang='lat'><strong>,</strong></span> <span class='ocrx_word' id='word_1_497' title='bbox 3133 2138 3186 2193; x_wconf 89' lang='lat' dir='ltr'><strong>id</strong></span> <span class='ocrx_word' id='word_1_498' title='bbox 3217 2148 3303 2195; x_wconf 91' lang='lat' dir='ltr'><strong>est</strong></span> <span class='ocrx_word' id='word_1_499' title='bbox 3331 2140 3513 2194; x_wconf 90' lang='lat' dir='ltr'><strong>donum</strong></span> <span class='ocrx_word' id='word_1_500' title='bbox 3540 2141 3605 2194; x_wconf 86' lang='lat' dir='ltr'><strong>vel</strong></span> <span class='ocrx_word' id='word_1_501' title='bbox 3622 2155 3746 2193; x_wconf 81' lang='lat' dir='ltr'><strong>munus</strong></span> 
     </span>
    </p>
   </div>
   <div class='ocr_carea' id='block_1_71' title="bbox 2258 2231 3749 2302">
    <p class='ocr_par' dir='ltr' id='par_1_71' title="bbox 2258 2231 3749 2302">
     <span class='ocr_line' id='line_1_71' title="bbox 2258 2231 3749 2302; baseline 0.001 -16"><span class='ocrx_word' id='word_1_502' title='bbox 2258 2234 2616 2302; x_wconf 87' lang='lat' dir='ltr'><strong>quodcunque</strong></span> <span class='ocrx_word' id='word_1_503' title='bbox 2652 2249 2720 2287; x_wconf 75' lang='lat' dir='ltr'><strong>ex</strong></span> <span class='ocrx_word' id='word_1_504' title='bbox 2769 2249 2854 2286; x_wconf 88' lang='lat' dir='ltr'><strong>me</strong></span> <span class='ocrx_word' id='word_1_505' title='bbox 2887 2231 2982 2287; x_wconf 88' lang='lat' dir='ltr'><strong>tibi</strong></span> <span class='ocrx_word' id='word_1_506' title='bbox 3028 2231 3306 2301; x_wconf 88' lang='lat' dir='ltr'><strong>proderit,</strong></span> <span class='ocrx_word' id='word_1_507' title='bbox 3353 2241 3406 2288; x_wconf 90' lang='lat' dir='ltr'><strong>et</strong></span> <span class='ocrx_word' id='word_1_508' title='bbox 3449 2233 3591 2288; x_wconf 86' lang='lat' dir='ltr'><strong>multa</strong></span> <span class='ocrx_word' id='word_1_509' title='bbox 3627 2235 3686 2286; x_wconf 86' lang='lat' dir='ltr'><strong>his</strong></span> <span class='ocrx_word' id='word_1_510' title='bbox 3711 2235 3749 2288; x_wconf 84' lang='lat' dir='ltr'><strong>si.</strong></span> 
     </span>
    </p>
   </div>
   <div class='ocr_carea' id='block_1_72' title="bbox 2258 2321 3749 2394">
    <p class='ocr_par' dir='ltr' id='par_1_72' title="bbox 2258 2321 3749 2394">
     <span class='ocr_line' id='line_1_72' title="bbox 2258 2321 3749 2394; baseline 0.001 -15"><span class='ocrx_word' id='word_1_511' title='bbox 2258 2324 2429 2379; x_wconf 88' lang='lat' dir='ltr'><strong>milia.</strong></span> <span class='ocrx_word' id='word_1_512' title='bbox 2467 2324 2738 2379; x_wconf 86' lang='lat' dir='ltr'><strong>Similiter</strong></span> <span class='ocrx_word' id='word_1_513' title='bbox 2763 2324 2828 2378; x_wconf 91' lang='lat' dir='ltr'><strong>de</strong></span> <span class='ocrx_word' id='word_1_514' title='bbox 2849 2321 3182 2394; x_wconf 86' lang='lat' dir='ltr'><strong>genealogiis</strong></span> <span class='ocrx_word' id='word_1_515' title='bbox 3207 2323 3559 2392; x_wconf 84' lang='lat' dir='ltr'><strong>proponebant</strong></span> <span class='ocrx_word' id='word_1_516' title='bbox 3581 2323 3749 2391; x_wconf 71' lang='lat' dir='ltr'><strong>quasue:</strong></span> 
     </span>
    </p>
   </div>
   <div class='ocr_carea' id='block_1_73' title="bbox 2256 2411 3749 2484">
    <p class='ocr_par' dir='ltr' id='par_1_73' title="bbox 2256 2411 3749 2484">
     <span class='ocr_line' id='line_1_73' title="bbox 2256 2411 3749 2484; baseline -0.002 -15"><span class='ocrx_word' id='word_1_517' title='bbox 2256 2429 2380 2469; x_wconf 90' lang='lat' dir='ltr'><strong>nem</strong></span> <span class='ocrx_word' id='word_1_518' title='bbox 2405 2455 2418 2480; x_wconf 95' lang='lat'><strong>,</strong></span> <span class='ocrx_word' id='word_1_519' title='bbox 2451 2425 2583 2484; x_wconf 91' lang='lat' dir='ltr'><strong>quot</strong></span> <span class='ocrx_word' id='word_1_520' title='bbox 2613 2414 2770 2468; x_wconf 89' lang='lat' dir='ltr'><strong>annis</strong></span> <span class='ocrx_word' id='word_1_521' title='bbox 2822 2413 3020 2468; x_wconf 78' lang='lat' dir='ltr'><strong>vixerit</strong></span> <span class='ocrx_word' id='word_1_522' title='bbox 3067 2413 3420 2469; x_wconf 78' lang='lat' dir='ltr'><strong>Mathusalem</strong></span> <span class='ocrx_word' id='word_1_523' title='bbox 3440 2411 3655 2478; x_wconf 46' lang='lat' dir='ltr'><strong>,‘Hebcr,</strong></span> <span class='ocrx_word' id='word_1_524' title='bbox 3681 2412 3749 2466; x_wconf 75' lang='lat' dir='ltr'><strong>Noe</strong></span> 
     </span>
    </p>
   </div>
   <div class='ocr_carea' id='block_1_74' title="bbox 2255 2503 3746 2576">
    <p class='ocr_par' dir='ltr' id='par_1_74' title="bbox 2255 2503 3746 2576">
     <span class='ocr_line' id='line_1_74' title="bbox 2255 2503 3746 2576; baseline -0.004 -14"><span class='ocrx_word' id='word_1_525' title='bbox 2255 2511 2791 2576; x_wconf 4' lang='lat' dir='ltr'><strong>caeteriquegpatres;</strong></span> <span class='ocrx_word' id='word_1_526' title='bbox 2824 2514 2881 2560; x_wconf 88' lang='lat' dir='ltr'><strong>et</strong></span> <span class='ocrx_word' id='word_1_527' title='bbox 2913 2505 3042 2574; x_wconf 90' lang='lat' dir='ltr'><strong>quid</strong></span> <span class='ocrx_word' id='word_1_528' title='bbox 3084 2503 3339 2571; x_wconf 78' lang='lat' dir='ltr'><strong>iecerint,</strong></span> <span class='ocrx_word' id='word_1_529' title='bbox 3367 2516 3423 2561; x_wconf 82' lang='lat' dir='ltr'><strong>et</strong></span> <span class='ocrx_word' id='word_1_530' title='bbox 3451 2507 3666 2575; x_wconf 75' lang='lat' dir='ltr'><strong>quomodo</strong></span> <span class='ocrx_word' id='word_1_531' title='bbox 3697 2504 3746 2557; x_wconf 76' lang='lat' dir='ltr'><strong>vel</strong></span> 
     </span>
    </p>
   </div>
   <div class='ocr_carea' id='block_1_75' title="bbox 2255 2595 3748 2668">
    <p class='ocr_par' dir='ltr' id='par_1_75' title="bbox 2255 2595 3748 2668">
     <span class='ocr_line' id='line_1_75' title="bbox 2255 2595 3748 2668; baseline -0.003 -17"><span class='ocrx_word' id='word_1_532' title='bbox 2255 2598 2476 2668; x_wconf 90' lang='lat' dir='ltr'><strong>quando</strong></span> <span class='ocrx_word' id='word_1_533' title='bbox 2505 2614 2518 2650; x_wconf 91' lang='lat'>:</span> <span class='ocrx_word' id='word_1_534' title='bbox 2548 2598 2690 2652; x_wconf 90' lang='lat' dir='ltr'><strong>unde</strong></span> <span class='ocrx_word' id='word_1_535' title='bbox 2741 2605 3054 2666; x_wconf 82' lang='lat' dir='ltr'><strong>proponunt</strong></span> <span class='ocrx_word' id='word_1_536' title='bbox 3079 2596 3454 2665; x_wconf 63' lang='lat' dir='ltr'><strong>quaestionem,</strong></span> <span class='ocrx_word' id='word_1_537' title='bbox 3498 2597 3538 2651; x_wconf 91' lang='lat' dir='ltr'><strong>si</strong></span> <span class='ocrx_word' id='word_1_538' title='bbox 3578 2595 3748 2651; x_wconf 64' lang='lat' dir='ltr'><strong>Salomon</strong></span> 
     </span>
    </p>
   </div>
   <div class='ocr_carea' id='block_1_76' title="bbox 2259 2687 3746 2757">
    <p class='ocr_par' dir='ltr' id='par_1_76' title="bbox 2259 2687 3746 2757">
     <span class='ocr_line' id='line_1_76' title="bbox 2259 2687 3746 2757; baseline -0.005 -12"><span class='ocrx_word' id='word_1_539' title='bbox 2259 2689 2584 2745; x_wconf 90' lang='lat' dir='ltr'><strong>duodecimo</strong></span> <span class='ocrx_word' id='word_1_540' title='bbox 2615 2702 2760 2742; x_wconf 90' lang='lat' dir='ltr'><strong>anno</strong></span> <span class='ocrx_word' id='word_1_541' title='bbox 2784 2687 2963 2743; x_wconf 63' lang='lat' dir='ltr'><strong>artatis</strong></span> <span class='ocrx_word' id='word_1_542' title='bbox 2998 2702 3108 2742; x_wconf 72' lang='lat' dir='ltr'><strong>sua:</strong></span> <span class='ocrx_word' id='word_1_543' title='bbox 3131 2696 3332 2742; x_wconf 90' lang='lat' dir='ltr'><strong>unctus</strong></span> <span class='ocrx_word' id='word_1_544' title='bbox 3353 2696 3435 2743; x_wconf 89' lang='lat' dir='ltr'><strong>est</strong></span> <span class='ocrx_word' id='word_1_545' title='bbox 3460 2688 3508 2742; x_wconf 89' lang='lat' dir='ltr'><strong>in</strong></span> <span class='ocrx_word' id='word_1_546' title='bbox 3550 2694 3746 2757; x_wconf 76' lang='lat' dir='ltr'><strong>regciu,et</strong></span> 
     </span>
    </p>
   </div>
   <div class='ocr_carea' id='block_1_77' title="bbox 2255 2776 3748 2854">
    <p class='ocr_par' dir='ltr' id='par_1_77' title="bbox 2255 2776 3748 2854">
     <span class='ocr_line' id='line_1_77' title="bbox 2255 2776 3748 2854; baseline -0.005 -16"><span class='ocrx_word' id='word_1_547' title='bbox 2255 2782 2614 2854; x_wconf 86' lang='lat' dir='ltr'><strong>quadraginta</strong></span> <span class='ocrx_word' id='word_1_548' title='bbox 2644 2781 2802 2836; x_wconf 91' lang='lat' dir='ltr'><strong>annis</strong></span> <span class='ocrx_word' id='word_1_549' title='bbox 2831 2779 3095 2851; x_wconf 83' lang='lat' dir='ltr'><strong>regnavit,</strong></span> <span class='ocrx_word' id='word_1_550' title='bbox 3135 2787 3191 2834; x_wconf 88' lang='lat' dir='ltr'><strong>et</strong></span> <span class='ocrx_word' id='word_1_551' title='bbox 3231 2778 3490 2846; x_wconf 82' lang='lat' dir='ltr'><strong>Rohoatu,</strong></span> <span class='ocrx_word' id='word_1_552' title='bbox 3530 2779 3641 2834; x_wconf 82' lang='lat' dir='ltr'><strong>ﬁlius</strong></span> <span class='ocrx_word' id='word_1_553' title='bbox 3660 2776 3748 2846; x_wconf 75' lang='lat' dir='ltr'><strong>ejus,</strong></span> 
     </span>
    </p>
   </div>
   <div class='ocr_carea' id='block_1_78' title="bbox 2256 2861 3745 2950">
    <p class='ocr_par' dir='ltr' id='par_1_78' title="bbox 2256 2861 3745 2950">
     <span class='ocr_line' id='line_1_78' title="bbox 2256 2861 3745 2950; baseline -0.005 -20"><span class='ocrx_word' id='word_1_554' title='bbox 2256 2875 2678 2946; x_wconf 86' lang='lat' dir='ltr'><strong>quadragesimo</strong></span> <span class='ocrx_word' id='word_1_555' title='bbox 2702 2871 2954 2929; x_wconf 86' lang='lat' dir='ltr'><strong>similiter</strong></span> <span class='ocrx_word' id='word_1_556' title='bbox 2985 2888 3130 2929; x_wconf 89' lang='lat' dir='ltr'><strong>anno</strong></span> <span class='ocrx_word' id='word_1_557' title='bbox 3153 2875 3338 2931; x_wconf 65' lang='lat' dir='ltr'><strong>aetatis</strong></span> <span class='ocrx_word' id='word_1_558' title='bbox 3359 2891 3464 2930; x_wconf 82' lang='lat' dir='ltr'><strong>suae</strong></span> <span class='ocrx_word' id='word_1_559' title='bbox 3485 2874 3670 2950; x_wconf 82' lang='lat' dir='ltr'><strong>suscepit</strong></span> <span class='ocrx_word' id='word_1_560' title='bbox 3693 2861 3745 2924; x_wconf 58' lang='lat' dir='ltr'><strong>rei</strong></span> 
     </span>
    </p>
   </div>
   <div class='ocr_carea' id='block_1_79' title="bbox 2230 2963 3746 3038">
    <p class='ocr_par' dir='ltr' id='par_1_79' title="bbox 2230 2963 3746 3038">
     <span class='ocr_line' id='line_1_79' title="bbox 2230 2963 3746 3038; baseline -0.004 -17"><span class='ocrx_word' id='word_1_561' title='bbox 2230 2983 2439 3038; x_wconf 78' lang='lat' dir='ltr'><strong>gnum,</strong></span> <span class='ocrx_word' id='word_1_562' title='bbox 2485 2966 2757 3037; x_wconf 91' lang='lat' dir='ltr'><strong>quomodo</strong></span> <span class='ocrx_word' id='word_1_563' title='bbox 2797 2963 3054 3022; x_wconf 89' lang='lat' dir='ltr'><strong>Salomon</strong></span> <span class='ocrx_word' id='word_1_564' title='bbox 3105 2966 3373 3021; x_wconf 88' lang='lat' dir='ltr'><strong>duodenis</strong></span> <span class='ocrx_word' id='word_1_565' title='bbox 3410 2967 3610 3037; x_wconf 79' lang='lat' dir='ltr'><strong>potuerit</strong></span> <span class='ocrx_word' id='word_1_566' title='bbox 3639 2963 3746 3018; x_wconf 78' lang='lat' dir='ltr'><strong>ﬁlium</strong></span> 
     </span>
    </p>
   </div>
   <div class='ocr_carea' id='block_1_80' title="bbox 2253 3054 3744 3130">
    <p class='ocr_par' dir='ltr' id='par_1_80' title="bbox 2253 3054 3744 3130">
     <span class='ocr_line' id='line_1_80' title="bbox 2253 3054 3744 3130; baseline -0.005 -17"><span class='ocrx_word' id='word_1_567' title='bbox 2253 3059 2577 3128; x_wconf 84' lang='lat' dir='ltr'><strong>procreare?</strong></span> <span class='ocrx_word' id='word_1_568' title='bbox 2625 3056 2754 3125; x_wconf 66' lang='lat' dir='ltr'><strong>Quae</strong></span> <span class='ocrx_word' id='word_1_569' title='bbox 2799 3057 3123 3113; x_wconf 87' lang='lat' dir='ltr'><strong>traditiones</strong></span> <span class='ocrx_word' id='word_1_570' title='bbox 3168 3066 3225 3114; x_wconf 88' lang='lat' dir='ltr'><strong>et</strong></span> <span class='ocrx_word' id='word_1_571' title='bbox 3272 3058 3574 3130; x_wconf 72' lang='lat' dir='ltr'><strong>genealogis:</strong></span> <span class='ocrx_word' id='word_1_572' title='bbox 3614 3054 3744 3108; x_wconf 74' lang='lat' dir='ltr'><strong>nullan</strong></span> 
     </span>
    </p>
   </div>
   <div class='ocr_carea' id='block_1_81' title="bbox 2253 3148 3746 3222">
    <p class='ocr_par' dir='ltr' id='par_1_81' title="bbox 2253 3148 3746 3222">
     <span class='ocr_line' id='line_1_81' title="bbox 2253 3148 3746 3222; baseline -0.003 -18"><span class='ocrx_word' id='word_1_573' title='bbox 2253 3150 2665 3206; x_wconf 61' lang='lat' dir='ltr'><strong>mdiﬁcationem</strong></span> <span class='ocrx_word' id='word_1_574' title='bbox 2712 3149 2809 3205; x_wconf 91' lang='lat' dir='ltr'><strong>Dei</strong></span> <span class='ocrx_word' id='word_1_575' title='bbox 2859 3159 3140 3221; x_wconf 68' lang='lat' dir='ltr'><strong>praestant,</strong></span> <span class='ocrx_word' id='word_1_576' title='bbox 3168 3167 3294 3222; x_wconf 70' lang='lat' dir='ltr'><strong>qua:</strong></span> <span class='ocrx_word' id='word_1_577' title='bbox 3323 3161 3405 3207; x_wconf 88' lang='lat' dir='ltr'><strong>est</strong></span> <span class='ocrx_word' id='word_1_578' title='bbox 3445 3153 3493 3206; x_wconf 92' lang='lat' dir='ltr'><strong>in</strong></span> <span class='ocrx_word' id='word_1_579' title='bbox 3520 3148 3674 3215; x_wconf 79' lang='lat' dir='ltr'><strong>ﬁde,id</strong></span> <span class='ocrx_word' id='word_1_580' title='bbox 3697 3155 3746 3200; x_wconf 79' lang='lat' dir='ltr'><strong>est</strong></span> 
     </span>
    </p>
   </div>
   <div class='ocr_carea' id='block_1_82' title="bbox 2183 3242 3742 3345">
    <p class='ocr_par' dir='ltr' id='par_1_82' title="bbox 2183 3242 3742 3345">
     <span class='ocr_line' id='line_1_82' title="bbox 2183 3242 3742 3345; baseline -0.032 1"><span class='ocrx_word' id='word_1_581' title='bbox 2183 3282 2227 3345; x_wconf 89' lang='lat' dir='ltr'><strong>C</strong></span> <span class='ocrx_word' id='word_1_582' title='bbox 2260 3260 2379 3314; x_wconf 50' lang='lat' dir='ltr'><strong>qum</strong></span> <span class='ocrx_word' id='word_1_583' title='bbox 2428 3245 2495 3300; x_wconf 78' lang='grc' dir='ltr'>³ί¹</span> <span class='ocrx_word' id='word_1_584' title='bbox 2549 3244 2708 3299; x_wconf 66' lang='lat' dir='ltr'><strong>ﬁdem</strong></span> <span class='ocrx_word' id='word_1_585' title='bbox 2770 3243 2865 3298; x_wconf 77' lang='lat' dir='ltr'><strong>Dei</strong></span> <span class='ocrx_word' id='word_1_586' title='bbox 2912 3244 3168 3315; x_wconf 76' lang='lat' dir='ltr'><strong>pel‘linet.</strong></span> <span class='ocrx_word' id='word_1_587' title='bbox 3242 3245 3537 3300; x_wconf 71' lang='lat' dir='ltr'><strong>Aidiﬁeatio</strong></span> <span class='ocrx_word' id='word_1_588' title='bbox 3579 3242 3648 3296; x_wconf 86' lang='lat' dir='ltr'><strong>Dei</strong></span> <span class='ocrx_word' id='word_1_589' title='bbox 3681 3248 3742 3297; x_wconf 80' lang='lat' dir='ltr'><strong>est.</strong></span> 
     </span>
    </p>
   </div>
   <div class='ocr_carea' id='block_1_83' title="bbox 2259 3331 3746 3407">
    <p class='ocr_par' dir='ltr' id='par_1_83' title="bbox 2259 3331 3746 3407">
     <span class='ocr_line' id='line_1_83' title="bbox 2259 3331 3746 3407; baseline -0.005 -17"><span class='ocrx_word' id='word_1_590' title='bbox 2259 3337 2474 3407; x_wconf 86' lang='lat' dir='ltr'><strong>quando</strong></span> <span class='ocrx_word' id='word_1_591' title='bbox 2523 3336 2643 3406; x_wconf 88' lang='lat' dir='ltr'><strong>quis</strong></span> <span class='ocrx_word' id='word_1_592' title='bbox 2681 3350 2747 3390; x_wconf 88' lang='lat' dir='ltr'><strong>ea</strong></span> <span class='ocrx_word' id='word_1_593' title='bbox 2789 3335 3027 3405; x_wconf 90' lang='lat' dir='ltr'><strong>loquitur</strong></span> <span class='ocrx_word' id='word_1_594' title='bbox 3065 3352 3184 3406; x_wconf 67' lang='lat' dir='ltr'><strong>qua:</strong></span> <span class='ocrx_word' id='word_1_595' title='bbox 3231 3338 3434 3407; x_wconf 87' lang='lat' dir='ltr'><strong>aliquid</strong></span> <span class='ocrx_word' id='word_1_596' title='bbox 3462 3334 3659 3391; x_wconf 87' lang='lat' dir='ltr'><strong>utilitatis</strong></span> <span class='ocrx_word' id='word_1_597' title='bbox 3688 3331 3746 3385; x_wconf 80' lang='lat' dir='ltr'><strong>ln-</strong></span> 
     </span>
    </p>
   </div>
   <div class='ocr_carea' id='block_1_84' title="bbox 2255 3423 3745 3500">
    <p class='ocr_par' dir='ltr' id='par_1_84' title="bbox 2255 3423 3745 3500">
     <span class='ocr_line' id='line_1_84' title="bbox 2255 3423 3745 3500; baseline -0.006 -17"><span class='ocrx_word' id='word_1_598' title='bbox 2255 3429 2406 3494; x_wconf 78' lang='lat' dir='ltr'><strong>hent,</strong></span> <span class='ocrx_word' id='word_1_599' title='bbox 2437 3443 2536 3499; x_wconf 90' lang='lat' dir='ltr'><strong>per</strong></span> <span class='ocrx_word' id='word_1_600' title='bbox 2563 3442 2684 3500; x_wconf 71' lang='lat' dir='ltr'><strong>qtae</strong></span> <span class='ocrx_word' id='word_1_601' title='bbox 2705 3436 2975 3498; x_wconf 68' lang='lat' dir='ltr'><strong>prteparat</strong></span> <span class='ocrx_word' id='word_1_602' title='bbox 2995 3437 3050 3484; x_wconf 87' lang='lat' dir='ltr'><strong>et</strong></span> <span class='ocrx_word' id='word_1_603' title='bbox 3083 3428 3321 3484; x_wconf 71' lang='lat' dir='ltr'><strong>mdilicat</strong></span> <span class='ocrx_word' id='word_1_604' title='bbox 3357 3431 3461 3484; x_wconf 88' lang='lat' dir='ltr'><strong>Deo</strong></span> <span class='ocrx_word' id='word_1_605' title='bbox 3488 3427 3684 3497; x_wconf 82' lang='lat' dir='ltr'><strong>templum</strong></span> <span class='ocrx_word' id='word_1_606' title='bbox 3711 3423 3745 3474; x_wconf 83' lang='lat' dir='ltr'><strong>in</strong></span> 
     </span>
    </p>
   </div>
   <div class='ocr_carea' id='block_1_85' title="bbox 2257 3518 3745 3590">
    <p class='ocr_par' dir='ltr' id='par_1_85' title="bbox 2257 3518 3745 3590">
     <span class='ocr_line' id='line_1_85' title="bbox 2257 3518 3745 3590; baseline -0.003 -16"><span class='ocrx_word' id='word_1_607' title='bbox 2257 3520 2511 3574; x_wconf 91' lang='lat' dir='ltr'><strong>cordibus</strong></span> <span class='ocrx_word' id='word_1_608' title='bbox 2537 3519 2880 3582; x_wconf 84' lang='lat' dir='ltr'><strong>auditorum;</strong></span> <span class='ocrx_word' id='word_1_609' title='bbox 2931 3519 3025 3574; x_wconf 89' lang='lat' dir='ltr'><strong>sed</strong></span> <span class='ocrx_word' id='word_1_610' title='bbox 3081 3518 3340 3590; x_wconf 85' lang='lat' dir='ltr'><strong>ﬁgmenta</strong></span> <span class='ocrx_word' id='word_1_611' title='bbox 3385 3519 3645 3573; x_wconf 69' lang='lat' dir='ltr'><strong>Judaaorum</strong></span> <span class='ocrx_word' id='word_1_612' title='bbox 3673 3525 3745 3582; x_wconf 66' lang='lat' dir='ltr'><strong>qm:</strong></span> 
     </span>
    </p>
   </div>
   <div class='ocr_carea' id='block_1_86' title="bbox 2257 3607 3744 3669">
    <p class='ocr_par' dir='ltr' id='par_1_86' title="bbox 2257 3607 3744 3669">
     <span class='ocr_line' id='line_1_86' title="bbox 2257 3607 3744 3669; baseline -0.005 -2"><span class='ocrx_word' id='word_1_613' title='bbox 2257 3613 2574 3668; x_wconf 88' lang='lat' dir='ltr'><strong>memoriter</strong></span> <span class='ocrx_word' id='word_1_614' title='bbox 2596 3613 2831 3668; x_wconf 89' lang='lat' dir='ltr'><strong>recitant</strong></span> <span class='ocrx_word' id='word_1_615' title='bbox 2851 3612 3054 3668; x_wconf 84' lang='lat' dir='ltr'><strong>nullius</strong></span> <span class='ocrx_word' id='word_1_616' title='bbox 3082 3613 3336 3669; x_wconf 87' lang='lat' dir='ltr'><strong>utilitatis</strong></span> <span class='ocrx_word' id='word_1_617' title='bbox 3364 3621 3500 3669; x_wconf 89' lang='lat' dir='ltr'><strong>sunt.</strong></span> <span class='ocrx_word' id='word_1_618' title='bbox 3530 3611 3640 3666; x_wconf 87' lang='lat' dir='ltr'><strong>Dicit</strong></span> <span class='ocrx_word' id='word_1_619' title='bbox 3656 3607 3744 3662; x_wconf 88' lang='lat' dir='ltr'><strong>enim</strong></span> 
     </span>
    </p>
   </div>
   <div class='ocr_carea' id='block_1_87' title="bbox 2256 3703 3744 3777">
    <p class='ocr_par' dir='ltr' id='par_1_87' title="bbox 2256 3703 3744 3777">
     <span class='ocr_line' id='line_1_87' title="bbox 2256 3703 3744 3777; baseline -0.005 -15"><span class='ocrx_word' id='word_1_620' title='bbox 2256 3706 2447 3762; x_wconf 85' lang='lat' dir='ltr'><strong>beatus</strong></span> <span class='ocrx_word' id='word_1_621' title='bbox 2482 3704 2842 3777; x_wconf 81' lang='lat' dir='ltr'><strong>Hieronymus</strong></span> <span class='ocrx_word' id='word_1_622' title='bbox 2871 3719 2885 3759; x_wconf 89' lang='lat'><strong>:</strong></span> <span class='ocrx_word' id='word_1_623' title='bbox 2915 3704 3053 3772; x_wconf 84' lang='lat' dir='ltr'><strong>Quid</strong></span> <span class='ocrx_word' id='word_1_624' title='bbox 3079 3705 3209 3760; x_wconf 89' lang='lat' dir='ltr'><strong>mihi</strong></span> <span class='ocrx_word' id='word_1_625' title='bbox 3268 3706 3482 3775; x_wconf 91' lang='lat' dir='ltr'><strong>prodest</strong></span> <span class='ocrx_word' id='word_1_626' title='bbox 3520 3704 3632 3758; x_wconf 87' lang='lat' dir='ltr'><strong>scire</strong></span> <span class='ocrx_word' id='word_1_627' title='bbox 3665 3703 3744 3767; x_wconf 67' lang='lat' dir='ltr'><strong>quo!</strong></span> 
     </span>
    </p>
   </div>
   <div class='ocr_carea' id='block_1_88' title="bbox 2255 3788 3744 3866">
    <p class='ocr_par' dir='ltr' id='par_1_88' title="bbox 2255 3788 3744 3866">
     <span class='ocr_line' id='line_1_88' title="bbox 2255 3788 3744 3866; baseline -0.006 -16"><span class='ocrx_word' id='word_1_628' title='bbox 2255 3797 2411 3850; x_wconf 91' lang='lat' dir='ltr'><strong>annis</strong></span> <span class='ocrx_word' id='word_1_629' title='bbox 2439 3797 2637 3852; x_wconf 79' lang='lat' dir='ltr'><strong>vixerit</strong></span> <span class='ocrx_word' id='word_1_630' title='bbox 2661 3795 3036 3862; x_wconf 87' lang='lat' dir='ltr'><strong>Mathusalem,</strong></span> <span class='ocrx_word' id='word_1_631' title='bbox 3068 3795 3198 3862; x_wconf 87' lang='lat' dir='ltr'><strong>Noe,</strong></span> <span class='ocrx_word' id='word_1_632' title='bbox 3230 3795 3381 3863; x_wconf 87' lang='lat' dir='ltr'><strong>Sem,</strong></span> <span class='ocrx_word' id='word_1_633' title='bbox 3406 3797 3581 3866; x_wconf 89' lang='lat' dir='ltr'><strong>aliique</strong></span> <span class='ocrx_word' id='word_1_634' title='bbox 3603 3788 3744 3862; x_wconf 79' lang='lat' dir='ltr'><strong>patres!</strong></span> 
     </span>
    </p>
   </div>
   <div class='ocr_carea' id='block_1_89' title="bbox 2253 3885 3742 3957">
    <p class='ocr_par' dir='ltr' id='par_1_89' title="bbox 2253 3885 3742 3957">
     <span class='ocr_line' id='line_1_89' title="bbox 2253 3885 3742 3957; baseline -0.001 -15"><span class='ocrx_word' id='word_1_635' title='bbox 2253 3887 2410 3942; x_wconf 88' lang='lat' dir='ltr'><strong>nihil.</strong></span> <span class='ocrx_word' id='word_1_636' title='bbox 2445 3885 2536 3942; x_wconf 91' lang='lat' dir='ltr'><strong>Sic</strong></span> <span class='ocrx_word' id='word_1_637' title='bbox 2576 3887 2982 3957; x_wconf 74' lang='lat' dir='ltr'><strong>intelligendum</strong></span> <span class='ocrx_word' id='word_1_638' title='bbox 3018 3897 3105 3943; x_wconf 88' lang='lat' dir='ltr'><strong>est</strong></span> <span class='ocrx_word' id='word_1_639' title='bbox 3134 3890 3200 3944; x_wconf 90' lang='lat' dir='ltr'><strong>de</strong></span> <span class='ocrx_word' id='word_1_640' title='bbox 3245 3890 3542 3945; x_wconf 82' lang='lat' dir='ltr'><strong>ﬁctionibus</strong></span> <span class='ocrx_word' id='word_1_641' title='bbox 3585 3885 3742 3940; x_wconf 69' lang='lat' dir='ltr'><strong>illorum.</strong></span> 
     </span>
    </p>
   </div>
   <div class='ocr_carea' id='block_1_90' title="bbox 2254 3975 3745 4049">
    <p class='ocr_par' dir='ltr' id='par_1_90' title="bbox 2254 3975 3745 4049">
     <span class='ocr_line' id='line_1_90' title="bbox 2254 3975 3745 4049; baseline -0.005 -17"><span class='ocrx_word' id='word_1_642' title='bbox 2254 3993 2284 4032; x_wconf 92' lang='lat' dir='ltr'><strong>a</strong></span> <span class='ocrx_word' id='word_1_643' title='bbox 2325 3977 2523 4047; x_wconf 90' lang='lat' dir='ltr'><strong>quibus</strong></span> <span class='ocrx_word' id='word_1_644' title='bbox 2563 3978 2858 4046; x_wconf 78' lang='lat' dir='ltr'><strong>Apostolus</strong></span> <span class='ocrx_word' id='word_1_645' title='bbox 2879 3977 3140 4048; x_wconf 64' lang='lat' dir='ltr'><strong>praecipit</strong></span> <span class='ocrx_word' id='word_1_646' title='bbox 3167 3979 3253 4034; x_wconf 85' lang='lat' dir='ltr'><strong>eis</strong></span> <span class='ocrx_word' id='word_1_647' title='bbox 3278 3995 3380 4049; x_wconf 88' lang='lat' dir='ltr'><strong>per</strong></span> <span class='ocrx_word' id='word_1_648' title='bbox 3407 3975 3684 4034; x_wconf 84' lang='lat' dir='ltr'><strong>Timotheum</strong></span> <span class='ocrx_word' id='word_1_649' title='bbox 3713 3976 3745 4020; x_wconf 80' lang='grc' dir='ltr'><strong>ιιι</strong></span> 
     </span>
    </p>
   </div>
   <div class='ocr_carea' id='block_1_91' title="bbox 2253 4070 2537 4124">
    <p class='ocr_par' dir='ltr' id='par_1_91' title="bbox 2253 4070 2537 4124">
     <span class='ocr_line' id='line_1_91' title="bbox 2253 4070 2537 4124; baseline -0.007 0"><span class='ocrx_word' id='word_1_650' title='bbox 2253 4070 2537 4124; x_wconf 88' lang='lat' dir='ltr'><strong>desistant.</strong></span> 
     </span>
    </p>
   </div>
   <div class='ocr_carea' id='block_1_92' title="bbox 2322 4149 3746 4230">
    <p class='ocr_par' dir='ltr' id='par_1_92' title="bbox 2322 4149 3746 4230">
     <span class='ocr_line' id='line_1_92' title="bbox 2322 4149 3746 4230; baseline -0.006 -18"><span class='ocrx_word' id='word_1_651' title='bbox 2322 4157 2478 4214; x_wconf 81' lang='lat' dir='ltr'><strong>Finis</strong></span> <span class='ocrx_word' id='word_1_652' title='bbox 2509 4159 2645 4214; x_wconf 89' lang='lat' dir='ltr'><strong>enim</strong></span> <span class='ocrx_word' id='word_1_653' title='bbox 2677 4161 2921 4230; x_wconf 65' lang='lat' dir='ltr'><strong>praecepti</strong></span> <span class='ocrx_word' id='word_1_654' title='bbox 2949 4169 3023 4216; x_wconf 73' lang='lat' dir='ltr'><strong>est</strong></span> <span class='ocrx_word' id='word_1_655' title='bbox 3071 4162 3323 4217; x_wconf 80' lang='lat' dir='ltr'><strong>charitas.</strong></span> <span class='ocrx_word' id='word_1_656' title='bbox 3376 4161 3517 4218; x_wconf 89' lang='lat' dir='ltr'><strong>Finis</strong></span> <span class='ocrx_word' id='word_1_657' title='bbox 3538 4167 3607 4214; x_wconf 91' lang='lat' dir='ltr'><strong>cst</strong></span> <span class='ocrx_word' id='word_1_658' title='bbox 3629 4149 3746 4208; x_wconf 83' lang='lat' dir='ltr'><strong>termi-</strong></span> 
     </span>
    </p>
   </div>
   <div class='ocr_carea' id='block_1_93' title="bbox 2252 4249 3745 4325">
    <p class='ocr_par' dir='ltr' id='par_1_93' title="bbox 2252 4249 3745 4325">
     <span class='ocr_line' id='line_1_93' title="bbox 2252 4249 3745 4325; baseline -0.006 -18"><span class='ocrx_word' id='word_1_659' title='bbox 2252 4269 2376 4319; x_wconf 88' lang='lat' dir='ltr'><strong>nus,</strong></span> <span class='ocrx_word' id='word_1_660' title='bbox 2403 4253 2528 4308; x_wconf 86' lang='lat' dir='ltr'><strong>tinis</strong></span> <span class='ocrx_word' id='word_1_661' title='bbox 2569 4262 2656 4308; x_wconf 89' lang='lat' dir='ltr'><strong>est</strong></span> <span class='ocrx_word' id='word_1_662' title='bbox 2700 4255 3041 4325; x_wconf 88' lang='lat' dir='ltr'><strong>consumptio</strong></span> <span class='ocrx_word' id='word_1_663' title='bbox 3083 4270 3188 4324; x_wconf 86' lang='lat' dir='ltr'><strong>qua</strong></span> <span class='ocrx_word' id='word_1_664' title='bbox 3218 4257 3545 4310; x_wconf 90' lang='lat' dir='ltr'><strong>consumitur</strong></span> <span class='ocrx_word' id='word_1_665' title='bbox 3568 4249 3745 4307; x_wconf 71' lang='lat' dir='ltr'><strong>cibus,nl</strong></span> 
     </span>
    </p>
   </div>
   <div class='ocr_carea' id='block_1_94' title="bbox 2251 4339 3747 4416">
    <p class='ocr_par' dir='ltr' id='par_1_94' title="bbox 2251 4339 3747 4416">
     <span class='ocr_line' id='line_1_94' title="bbox 2251 4339 3747 4416; baseline -0.006 -15"><span class='ocrx_word' id='word_1_666' title='bbox 2251 4346 2393 4401; x_wconf 90' lang='lat' dir='ltr'><strong>ultra</strong></span> <span class='ocrx_word' id='word_1_667' title='bbox 2422 4345 2530 4400; x_wconf 84' lang='lat' dir='ltr'><strong>non</strong></span> <span class='ocrx_word' id='word_1_668' title='bbox 2574 4347 2645 4402; x_wconf 87' lang='lat' dir='ltr'><strong>sit</strong></span> <span class='ocrx_word' id='word_1_669' title='bbox 2682 4347 2825 4416; x_wconf 91' lang='lat' dir='ltr'><strong>quod</strong></span> <span class='ocrx_word' id='word_1_670' title='bbox 2867 4356 3023 4401; x_wconf 87' lang='lat' dir='ltr'><strong>erat:</strong></span> <span class='ocrx_word' id='word_1_671' title='bbox 3055 4347 3199 4402; x_wconf 91' lang='lat' dir='ltr'><strong>unde</strong></span> <span class='ocrx_word' id='word_1_672' title='bbox 3228 4349 3496 4404; x_wconf 87' lang='lat' dir='ltr'><strong>dicimus:</strong></span> <span class='ocrx_word' id='word_1_673' title='bbox 3522 4339 3747 4399; x_wconf 65' lang='lat' dir='ltr'><strong>Finitusesl</strong></span> 
     </span>
    </p>
   </div>
   <div class='ocr_carea' id='block_1_95' title="bbox 2251 4437 3744 4511">
    <p class='ocr_par' dir='ltr' id='par_1_95' title="bbox 2251 4437 3744 4511">
     <span class='ocr_line' id='line_1_95' title="bbox 2251 4437 3744 4511; baseline -0.007 -17"><span class='ocrx_word' id='word_1_674' title='bbox 2251 4439 2422 4494; x_wconf 89' lang='lat' dir='ltr'><strong>cibus.</strong></span> <span class='ocrx_word' id='word_1_675' title='bbox 2452 4437 2603 4492; x_wconf 86' lang='lat' dir='ltr'><strong>Finis</strong></span> <span class='ocrx_word' id='word_1_676' title='bbox 2633 4440 2798 4493; x_wconf 86' lang='lat' dir='ltr'><strong>etiam</strong></span> <span class='ocrx_word' id='word_1_677' title='bbox 2829 4449 2914 4494; x_wconf 90' lang='lat' dir='ltr'><strong>est</strong></span> <span class='ocrx_word' id='word_1_678' title='bbox 2950 4441 3261 4510; x_wconf 89' lang='lat' dir='ltr'><strong>completio,</strong></span> <span class='ocrx_word' id='word_1_679' title='bbox 3290 4439 3558 4511; x_wconf 88' lang='lat' dir='ltr'><strong>perfectio,</strong></span> <span class='ocrx_word' id='word_1_680' title='bbox 3576 4440 3744 4488; x_wconf 86' lang='lat' dir='ltr'><strong>consum-</strong></span> 
     </span>
    </p>
   </div>
   <div class='ocr_carea' id='block_1_96' title="bbox 2249 4525 3743 4600">
    <p class='ocr_par' dir='ltr' id='par_1_96' title="bbox 2249 4525 3743 4600">
     <span class='ocr_line' id='line_1_96' title="bbox 2249 4525 3743 4600; baseline -0.006 -16"><span class='ocrx_word' id='word_1_681' title='bbox 2249 4530 2461 4594; x_wconf 87' lang='lat' dir='ltr'><strong>matio,</strong></span> <span class='ocrx_word' id='word_1_682' title='bbox 2513 4545 2622 4600; x_wconf 87' lang='lat' dir='ltr'><strong>qua</strong></span> <span class='ocrx_word' id='word_1_683' title='bbox 2686 4540 3095 4585; x_wconf 86' lang='lat' dir='ltr'><strong>consummatur</strong></span> <span class='ocrx_word' id='word_1_684' title='bbox 3147 4531 3253 4586; x_wconf 90' lang='lat' dir='ltr'><strong>tela</strong></span> <span class='ocrx_word' id='word_1_685' title='bbox 3297 4550 3310 4585; x_wconf 90' lang='lat'>:</span> <span class='ocrx_word' id='word_1_686' title='bbox 3351 4531 3488 4585; x_wconf 91' lang='lat' dir='ltr'><strong>unde</strong></span> <span class='ocrx_word' id='word_1_687' title='bbox 3541 4525 3743 4581; x_wconf 66' lang='lat' dir='ltr'><strong>dicimus:</strong></span> 
     </span>
    </p>
   </div>
   <div class='ocr_carea' id='block_1_97' title="bbox 2251 4621 3746 4691">
    <p class='ocr_par' dir='ltr' id='par_1_97' title="bbox 2251 4621 3746 4691">
     <span class='ocr_line' id='line_1_97' title="bbox 2251 4621 3746 4691; baseline -0.005 -16"><span class='ocrx_word' id='word_1_688' title='bbox 2251 4621 2427 4675; x_wconf 85' lang='lat' dir='ltr'><strong>Finita</strong></span> <span class='ocrx_word' id='word_1_689' title='bbox 2457 4631 2541 4676; x_wconf 92' lang='lat' dir='ltr'><strong>est</strong></span> <span class='ocrx_word' id='word_1_690' title='bbox 2568 4621 2693 4686; x_wconf 86' lang='lat' dir='ltr'><strong>tela,</strong></span> <span class='ocrx_word' id='word_1_691' title='bbox 2734 4622 2784 4676; x_wconf 90' lang='lat' dir='ltr'><strong>id</strong></span> <span class='ocrx_word' id='word_1_692' title='bbox 2813 4630 2919 4682; x_wconf 83' lang='lat' dir='ltr'><strong>est,</strong></span> <span class='ocrx_word' id='word_1_693' title='bbox 2956 4622 3187 4677; x_wconf 81' lang='lat' dir='ltr'><strong>texendo</strong></span> <span class='ocrx_word' id='word_1_694' title='bbox 3215 4623 3455 4691; x_wconf 76' lang='lat' dir='ltr'><strong>perfecta</strong></span> <span class='ocrx_word' id='word_1_695' title='bbox 3497 4627 3570 4673; x_wconf 85' lang='lat' dir='ltr'><strong>est</strong></span> <span class='ocrx_word' id='word_1_696' title='bbox 3601 4624 3642 4669; x_wconf 86' lang='lat' dir='ltr'><strong>et</strong></span> <span class='ocrx_word' id='word_1_697' title='bbox 3668 4622 3746 4662; x_wconf 75' lang='grc' dir='ltr'><strong>ωη·</strong></span> 
     </span>
    </p>
   </div>
   <div class='ocr_carea' id='block_1_98' title="bbox 2250 4711 3745 4783">
    <p class='ocr_par' dir='ltr' id='par_1_98' title="bbox 2250 4711 3745 4783">
     <span class='ocr_line' id='line_1_98' title="bbox 2250 4711 3745 4783; baseline -0.008 -16"><span class='ocrx_word' id='word_1_698' title='bbox 2250 4721 2538 4768; x_wconf 89' lang='lat' dir='ltr'><strong>summata.</strong></span> <span class='ocrx_word' id='word_1_699' title='bbox 2570 4712 2661 4767; x_wconf 90' lang='lat' dir='ltr'><strong>Sic</strong></span> <span class='ocrx_word' id='word_1_700' title='bbox 2690 4713 2812 4767; x_wconf 90' lang='lat' dir='ltr'><strong>linis</strong></span> <span class='ocrx_word' id='word_1_701' title='bbox 2836 4713 3110 4783; x_wconf 71' lang='lat' dir='ltr'><strong>praecepti,</strong></span> <span class='ocrx_word' id='word_1_702' title='bbox 3154 4714 3269 4769; x_wconf 86' lang='lat' dir='ltr'><strong>sive</strong></span> <span class='ocrx_word' id='word_1_703' title='bbox 3310 4711 3745 4783; x_wconf 69' lang='lat' dir='ltr'><strong>praeceptorumpef-</strong></span> 
     </span>
    </p>
   </div>
   <div class='ocr_carea' id='block_1_99' title="bbox 2211 4786 3746 4872">
    <p class='ocr_par' dir='ltr' id='par_1_99' title="bbox 2211 4786 3746 4872">
     <span class='ocr_line' id='line_1_99' title="bbox 2211 4786 3746 4872; baseline -0.006 -16"><span class='ocrx_word' id='word_1_704' title='bbox 2211 4786 2222 4802; x_wconf 81' lang='grc'><strong>’</strong></span> <span class='ocrx_word' id='word_1_705' title='bbox 2250 4802 2413 4857; x_wconf 89' lang='lat' dir='ltr'><strong>feetio</strong></span> <span class='ocrx_word' id='word_1_706' title='bbox 2439 4811 2492 4857; x_wconf 90' lang='lat' dir='ltr'><strong>et</strong></span> <span class='ocrx_word' id='word_1_707' title='bbox 2514 4801 2802 4872; x_wconf 89' lang='lat' dir='ltr'><strong>complelio</strong></span> <span class='ocrx_word' id='word_1_708' title='bbox 2833 4812 2913 4857; x_wconf 87' lang='lat' dir='ltr'><strong>est</strong></span> <span class='ocrx_word' id='word_1_709' title='bbox 2947 4803 3205 4856; x_wconf 76' lang='lat' dir='ltr'><strong>Charitas.</strong></span> <span class='ocrx_word' id='word_1_710' title='bbox 3234 4802 3426 4858; x_wconf 85' lang='lat' dir='ltr'><strong>Totam</strong></span> <span class='ocrx_word' id='word_1_711' title='bbox 3455 4799 3581 4855; x_wconf 88' lang='lat' dir='ltr'><strong>enim</strong></span> <span class='ocrx_word' id='word_1_712' title='bbox 3611 4786 3746 4858; x_wconf 60' lang='lat' dir='ltr'><strong>magar</strong></span> 
     </span>
    </p>
   </div>
   <div class='ocr_carea' id='block_1_100' title="bbox 2253 4891 3746 4963">
    <p class='ocr_par' dir='ltr' id='par_1_100' title="bbox 2253 4891 3746 4963">
     <span class='ocr_line' id='line_1_100' title="bbox 2253 4891 3746 4963; baseline -0.005 -14"><span class='ocrx_word' id='word_1_713' title='bbox 2253 4895 2492 4949; x_wconf 88' lang='lat' dir='ltr'><strong>tudinem</strong></span> <span class='ocrx_word' id='word_1_714' title='bbox 2539 4901 2594 4948; x_wconf 89' lang='lat' dir='ltr'><strong>et</strong></span> <span class='ocrx_word' id='word_1_715' title='bbox 2647 4895 2984 4950; x_wconf 89' lang='lat' dir='ltr'><strong>latitudinem</strong></span> <span class='ocrx_word' id='word_1_716' title='bbox 3027 4895 3334 4950; x_wconf 66' lang='lat' dir='ltr'><strong>divinorum</strong></span> <span class='ocrx_word' id='word_1_717' title='bbox 3384 4891 3746 4963; x_wconf 58' lang='lat' dir='ltr'><strong>eloquiorumse&#39;</strong></span> 
     </span>
    </p>
   </div>
   <div class='ocr_carea' id='block_1_101' title="bbox 2251 4969 3748 5060">
    <p class='ocr_par' dir='ltr' id='par_1_101' title="bbox 2251 4969 3748 5060">
     <span class='ocr_line' id='line_1_101' title="bbox 2251 4969 3748 5060; baseline -0.014 -18"><span class='ocrx_word' id='word_1_718' title='bbox 2251 5004 2380 5042; x_wconf 89' lang='lat' dir='ltr'><strong>cura</strong></span> <span class='ocrx_word' id='word_1_719' title='bbox 2409 4989 2649 5059; x_wconf 87' lang='lat' dir='ltr'><strong>possidet</strong></span> <span class='ocrx_word' id='word_1_720' title='bbox 2677 4989 2935 5054; x_wconf 79' lang='lat' dir='ltr'><strong>Charitas,</strong></span> <span class='ocrx_word' id='word_1_721' title='bbox 2962 5003 3067 5059; x_wconf 84' lang='lat' dir='ltr'><strong>qua</strong></span> <span class='ocrx_word' id='word_1_722' title='bbox 3088 4986 3538 5060; x_wconf 79' lang='lat' dir='ltr'><strong>diligimus-Deum</strong></span> <span class='ocrx_word' id='word_1_723' title='bbox 3565 4987 3606 5036; x_wconf 87' lang='lat' dir='ltr'><strong>et</strong></span> <span class='ocrx_word' id='word_1_724' title='bbox 3624 4969 3748 5046; x_wconf 77' lang='lat' dir='ltr'><strong>proxi-</strong></span> 
     </span>
    </p>
   </div>
   <div class='ocr_carea' id='block_1_102' title="bbox 2253 5059 3749 5150">
    <p class='ocr_par' dir='ltr' id='par_1_102' title="bbox 2253 5059 3749 5150">
     <span class='ocr_line' id='line_1_102' title="bbox 2253 5059 3749 5150; baseline -0.003 -18"><span class='ocrx_word' id='word_1_725' title='bbox 2253 5095 2422 5133; x_wconf 91' lang='lat' dir='ltr'><strong>mum.</strong></span> <span class='ocrx_word' id='word_1_726' title='bbox 2464 5078 2652 5133; x_wconf 86' lang='lat' dir='ltr'><strong>Omnis</strong></span> <span class='ocrx_word' id='word_1_727' title='bbox 2705 5079 2869 5150; x_wconf 80' lang='lat' dir='ltr'><strong>igitur</strong></span> <span class='ocrx_word' id='word_1_728' title='bbox 2926 5059 3201 5149; x_wconf 11' lang='lat' dir='ltr'><strong>praecepti,</strong></span> <span class='ocrx_word' id='word_1_729' title='bbox 3229 5078 3353 5132; x_wconf 85' lang='lat' dir='ltr'><strong>linis</strong></span> <span class='ocrx_word' id='word_1_730' title='bbox 3394 5078 3502 5133; x_wconf 84' lang='lat' dir='ltr'><strong>sive</strong></span> <span class='ocrx_word' id='word_1_731' title='bbox 3547 5059 3749 5136; x_wconf 60' lang='grc' dir='ltr'><strong>εοηιριεῑὶθ</strong></span> 
     </span>
    </p>
   </div>
   <div class='ocr_carea' id='block_1_103' title="bbox 2253 5164 3749 5237">
    <p class='ocr_par' dir='ltr' id='par_1_103' title="bbox 2253 5164 3749 5237">
     <span class='ocr_line' id='line_1_103' title="bbox 2253 5164 3749 5237; baseline -0.005 -11"><span class='ocrx_word' id='word_1_732' title='bbox 2253 5171 2494 5226; x_wconf 79' lang='lat' dir='ltr'><strong>Charitas</strong></span> <span class='ocrx_word' id='word_1_733' title='bbox 2545 5179 2668 5237; x_wconf 89' lang='lat' dir='ltr'><strong>est,</strong></span> <span class='ocrx_word' id='word_1_734' title='bbox 2699 5172 2750 5226; x_wconf 83' lang='lat' dir='ltr'><strong>id</strong></span> <span class='ocrx_word' id='word_1_735' title='bbox 2799 5181 2881 5225; x_wconf 90' lang='lat' dir='ltr'><strong>est</strong></span> <span class='ocrx_word' id='word_1_736' title='bbox 2920 5172 2986 5225; x_wconf 89' lang='lat' dir='ltr'><strong>ad</strong></span> <span class='ocrx_word' id='word_1_737' title='bbox 3029 5173 3349 5227; x_wconf 87' lang='lat' dir='ltr'><strong>eharitatem</strong></span> <span class='ocrx_word' id='word_1_738' title='bbox 3396 5168 3605 5225; x_wconf 81' lang='lat' dir='ltr'><strong>refertur</strong></span> <span class='ocrx_word' id='word_1_739' title='bbox 3645 5164 3749 5213; x_wconf 72' lang='lat' dir='ltr'><strong>omne</strong></span> 
     </span>
    </p>
   </div>
   <div class='ocr_carea' id='block_1_104' title="bbox 2236 5256 3746 5334">
    <p class='ocr_par' dir='ltr' id='par_1_104' title="bbox 2236 5256 3746 5334">
     <span class='ocr_line' id='line_1_104' title="bbox 2236 5256 3746 5334; baseline -0.017 -15"><span class='ocrx_word' id='word_1_740' title='bbox 2236 5269 2603 5331; x_wconf 66' lang='lat' dir='ltr'><strong>‘przeceptnm,</strong></span> <span class='ocrx_word' id='word_1_741' title='bbox 2662 5262 2788 5332; x_wconf 89' lang='lat' dir='ltr'><strong>quia</strong></span> <span class='ocrx_word' id='word_1_742' title='bbox 2825 5263 2916 5330; x_wconf 90' lang='lat' dir='ltr'><strong>qui</strong></span> <span class='ocrx_word' id='word_1_743' title='bbox 2967 5262 3131 5317; x_wconf 86' lang='lat' dir='ltr'><strong>Deum</strong></span> <span class='ocrx_word' id='word_1_744' title='bbox 3177 5263 3382 5334; x_wconf 86' lang='lat' dir='ltr'><strong>diligit,</strong></span> <span class='ocrx_word' id='word_1_745' title='bbox 3430 5273 3529 5315; x_wconf 88' lang='lat' dir='ltr'><strong>non</strong></span> <span class='ocrx_word' id='word_1_746' title='bbox 3569 5256 3746 5326; x_wconf 81' lang='lat' dir='ltr'><strong>peccat:</strong></span> 
     </span>
    </p>
   </div>
   <div class='ocr_carea' id='block_1_105' title="bbox 2257 5339 3746 5425">
    <p class='ocr_par' dir='ltr' id='par_1_105' title="bbox 2257 5339 3746 5425">
     <span class='ocr_line' id='line_1_105' title="bbox 2257 5339 3746 5425; baseline -0.013 -17"><span class='ocrx_word' id='word_1_747' title='bbox 2257 5363 2311 5408; x_wconf 91' lang='lat' dir='ltr'><strong>ct</strong></span> <span class='ocrx_word' id='word_1_748' title='bbox 2337 5355 2428 5423; x_wconf 92' lang='lat' dir='ltr'><strong>qui</strong></span> <span class='ocrx_word' id='word_1_749' title='bbox 2463 5354 2765 5423; x_wconf 78' lang='lat' dir='ltr'><strong>proximum</strong></span> <span class='ocrx_word' id='word_1_750' title='bbox 2813 5364 2960 5408; x_wconf 87' lang='lat' dir='ltr'><strong>amat</strong></span> <span class='ocrx_word' id='word_1_751' title='bbox 2993 5362 3049 5408; x_wconf 89' lang='lat' dir='ltr'><strong>ut</strong></span> <span class='ocrx_word' id='word_1_752' title='bbox 3092 5355 3330 5425; x_wconf 90' lang='lat' dir='ltr'><strong>seipsum</strong></span> <span class='ocrx_word' id='word_1_753' title='bbox 3357 5396 3370 5421; x_wconf 95' lang='lat'><strong>,</strong></span> <span class='ocrx_word' id='word_1_754' title='bbox 3397 5370 3499 5409; x_wconf 91' lang='lat' dir='ltr'><strong>non</strong></span> <span class='ocrx_word' id='word_1_755' title='bbox 3525 5339 3746 5425; x_wconf 84' lang='lat' dir='ltr'><strong>delinquit:</strong></span> 
     </span>
    </p>
   </div>
   <div class='ocr_carea' id='block_1_106' title="bbox 2258 5424 3750 5517">
    <p class='ocr_par' dir='ltr' id='par_1_106' title="bbox 2258 5424 3750 5517">
     <span class='ocr_line' id='line_1_106' title="bbox 2258 5424 3750 5517; baseline -0.007 -18"><span class='ocrx_word' id='word_1_756' title='bbox 2258 5446 2381 5516; x_wconf 91' lang='lat' dir='ltr'><strong>quia</strong></span> <span class='ocrx_word' id='word_1_757' title='bbox 2415 5461 2520 5500; x_wconf 89' lang='lat' dir='ltr'><strong>non</strong></span> <span class='ocrx_word' id='word_1_758' title='bbox 2549 5445 2819 5500; x_wconf 88' lang='lat' dir='ltr'><strong>adulterat</strong></span> <span class='ocrx_word' id='word_1_759' title='bbox 2855 5460 3079 5500; x_wconf 81' lang='lat' dir='ltr'><strong>uxorem</strong></span> <span class='ocrx_word' id='word_1_760' title='bbox 3110 5424 3225 5516; x_wconf 87' lang='lat' dir='ltr'><strong>ejus</strong></span> <span class='ocrx_word' id='word_1_761' title='bbox 3245 5489 3258 5513; x_wconf 96' lang='lat'><strong>,</strong></span> <span class='ocrx_word' id='word_1_762' title='bbox 3286 5446 3533 5517; x_wconf 89' lang='lat' dir='ltr'><strong>quoniam</strong></span> <span class='ocrx_word' id='word_1_763' title='bbox 3570 5452 3652 5493; x_wconf 91' lang='lat' dir='ltr'><strong>non</strong></span> 
     </span>
    </p>
   </div>
   <div class='ocr_carea' id='block_1_107' title="bbox 2258 5516 3750 5607">
    <p class='ocr_par' dir='ltr' id='par_1_107' title="bbox 2258 5516 3750 5607">
     <span class='ocr_line' id='line_1_107' title="bbox 2258 5516 3750 5607; baseline -0.009 -14"><span class='ocrx_word' id='word_1_764' title='bbox 2258 5553 2410 5594; x_wconf 88' lang='lat' dir='ltr'><strong>suam</strong></span> <span class='ocrx_word' id='word_1_765' title='bbox 2451 5537 2744 5593; x_wconf 86' lang='lat' dir='ltr'><strong>adulterari</strong></span> <span class='ocrx_word' id='word_1_766' title='bbox 2770 5555 2785 5604; x_wconf 89' lang='lat'><strong>;</strong></span> <span class='ocrx_word' id='word_1_767' title='bbox 2813 5554 2919 5593; x_wconf 91' lang='lat' dir='ltr'><strong>non</strong></span> <span class='ocrx_word' id='word_1_768' title='bbox 2968 5539 3166 5594; x_wconf 88' lang='lat' dir='ltr'><strong>occidit</strong></span> <span class='ocrx_word' id='word_1_769' title='bbox 3205 5516 3368 5594; x_wconf 89' lang='lat' dir='ltr'><strong>alium</strong></span> <span class='ocrx_word' id='word_1_770' title='bbox 3396 5579 3410 5604; x_wconf 96' lang='lat'><strong>,</strong></span> <span class='ocrx_word' id='word_1_771' title='bbox 3435 5536 3550 5607; x_wconf 88' lang='lat' dir='ltr'><strong>quia</strong></span> <span class='ocrx_word' id='word_1_772' title='bbox 3575 5541 3658 5584; x_wconf 89' lang='lat' dir='ltr'><strong>non</strong></span> <span class='ocrx_word' id='word_1_773' title='bbox 3677 5516 3750 5572; x_wconf 67' lang='lat' dir='ltr'><strong>tu&quot;</strong></span> 
     </span>
    </p>
   </div>
   <div class='ocr_carea' id='block_1_108' title="bbox 2251 5609 3747 5701">
    <p class='ocr_par' dir='ltr' id='par_1_108' title="bbox 2251 5609 3747 5701">
     <span class='ocr_line' id='line_1_108' title="bbox 2251 5609 3747 5701; baseline -0.001 -20"><span class='ocrx_word' id='word_1_774' title='bbox 2251 5629 2424 5684; x_wconf 83' lang='lat' dir='ltr'><strong>occidi</strong></span> <span class='ocrx_word' id='word_1_775' title='bbox 2458 5643 2471 5682; x_wconf 88' lang='lat'><strong>:</strong></span> <span class='ocrx_word' id='word_1_776' title='bbox 2501 5630 2579 5684; x_wconf 93' lang='lat' dir='ltr'><strong>sic</strong></span> <span class='ocrx_word' id='word_1_777' title='bbox 2607 5629 2674 5683; x_wconf 88' lang='lat' dir='ltr'><strong>de</strong></span> <span class='ocrx_word' id='word_1_778' title='bbox 2720 5630 2934 5684; x_wconf 62' lang='lat' dir='ltr'><strong>caeteris</strong></span> <span class='ocrx_word' id='word_1_779' title='bbox 2967 5629 3393 5701; x_wconf 78' lang='lat' dir='ltr'><strong>iintelligendum</strong></span> <span class='ocrx_word' id='word_1_780' title='bbox 3421 5638 3498 5683; x_wconf 89' lang='lat' dir='ltr'><strong>est</strong></span> <span class='ocrx_word' id='word_1_781' title='bbox 3522 5609 3747 5694; x_wconf 61' lang='grc' dir='ltr'><strong>ραῡοφιίέο</strong></span> 
     </span>
    </p>
   </div>
   <div class='ocr_carea' id='block_1_109' title="bbox 2252 5705 3748 5792">
    <p class='ocr_par' dir='ltr' id='par_1_109' title="bbox 2252 5705 3748 5792">
     <span class='ocr_line' id='line_1_109' title="bbox 2252 5705 3748 5792; baseline -0.015 -17"><span class='ocrx_word' id='word_1_782' title='bbox 2252 5719 2317 5773; x_wconf 84' lang='lat' dir='ltr'><strong>Et</strong></span> <span class='ocrx_word' id='word_1_783' title='bbox 2342 5721 2456 5790; x_wconf 86' lang='lat' dir='ltr'><strong>ipsa</strong></span> <span class='ocrx_word' id='word_1_784' title='bbox 2473 5721 2712 5776; x_wconf 88' lang='lat' dir='ltr'><strong>charitas</strong></span> <span class='ocrx_word' id='word_1_785' title='bbox 2732 5729 2796 5776; x_wconf 85' lang='lat' dir='ltr'><strong>de</strong></span> <span class='ocrx_word' id='word_1_786' title='bbox 2818 5722 2973 5776; x_wconf 86' lang='lat' dir='ltr'><strong>corde</strong></span> <span class='ocrx_word' id='word_1_787' title='bbox 2991 5738 3123 5792; x_wconf 88' lang='lat' dir='ltr'><strong>puro</strong></span> <span class='ocrx_word' id='word_1_788' title='bbox 3148 5715 3305 5777; x_wconf 82' lang='lat' dir='ltr'><strong>debet</strong></span> <span class='ocrx_word' id='word_1_789' title='bbox 3326 5736 3444 5776; x_wconf 84' lang='lat' dir='ltr'><strong>esse</strong></span> <span class='ocrx_word' id='word_1_790' title='bbox 3466 5732 3561 5773; x_wconf 90' lang='lat' dir='ltr'><strong>non</strong></span> <span class='ocrx_word' id='word_1_791' title='bbox 3581 5711 3634 5766; x_wconf 80' lang='lat' dir='ltr'><strong>de</strong></span> <span class='ocrx_word' id='word_1_792' title='bbox 3651 5705 3748 5758; x_wconf 84' lang='lat' dir='ltr'><strong>ﬁcto,</strong></span> 
     </span>
    </p>
   </div>
   <div class='ocr_carea' id='block_1_110' title="bbox 2249 5799 3750 5882">
    <p class='ocr_par' dir='ltr' id='par_1_110' title="bbox 2249 5799 3750 5882">
     <span class='ocr_line' id='line_1_110' title="bbox 2249 5799 3750 5882; baseline -0.007 -17"><span class='ocrx_word' id='word_1_793' title='bbox 2249 5821 2296 5865; x_wconf 88' lang='lat' dir='ltr'><strong>et</strong></span> <span class='ocrx_word' id='word_1_794' title='bbox 2319 5813 2637 5866; x_wconf 85' lang='lat' dir='ltr'><strong>conscientia</strong></span> <span class='ocrx_word' id='word_1_795' title='bbox 2658 5812 2792 5865; x_wconf 85' lang='lat' dir='ltr'><strong>bona</strong></span> <span class='ocrx_word' id='word_1_796' title='bbox 2816 5823 2862 5866; x_wconf 86' lang='lat' dir='ltr'><strong>et</strong></span> <span class='ocrx_word' id='word_1_797' title='bbox 2888 5813 2993 5882; x_wconf 82' lang='lat' dir='ltr'><strong>ﬁde</strong></span> <span class='ocrx_word' id='word_1_798' title='bbox 3020 5829 3122 5867; x_wconf 91' lang='lat' dir='ltr'><strong>non</strong></span> <span class='ocrx_word' id='word_1_799' title='bbox 3151 5799 3294 5882; x_wconf 76' lang='lat' dir='ltr'><strong>ﬁcta.</strong></span> <span class='ocrx_word' id='word_1_800' title='bbox 3326 5804 3633 5868; x_wconf 87' lang='lat' dir='ltr'><strong>Conscientia</strong></span> 
     </span>
    </p>
   </div>
   <div class='ocr_carea' id='block_1_111' title="bbox 2251 5881 3748 5976">
    <p class='ocr_par' dir='ltr' id='par_1_111' title="bbox 2251 5881 3748 5976">
     <span class='ocr_line' id='line_1_111' title="bbox 2251 5881 3748 5976; baseline -0.003 -19"><span class='ocrx_word' id='word_1_801' title='bbox 2251 5901 2468 5972; x_wconf 85' lang='lat' dir='ltr'><strong>ponitu&#39;r</strong></span> <span class='ocrx_word' id='word_1_802' title='bbox 2484 5918 2585 5976; x_wconf 87' lang='lat' dir='ltr'><strong>pro</strong></span> <span class='ocrx_word' id='word_1_803' title='bbox 2608 5918 2720 5974; x_wconf 87' lang='lat' dir='ltr'><strong>spe,</strong></span> <span class='ocrx_word' id='word_1_804' title='bbox 2745 5881 2893 5961; x_wconf 88' lang='lat' dir='ltr'><strong>sicut</strong></span> <span class='ocrx_word' id='word_1_805' title='bbox 2916 5905 2970 5959; x_wconf 92' lang='lat' dir='ltr'><strong>in</strong></span> <span class='ocrx_word' id='word_1_806' title='bbox 3004 5905 3106 5960; x_wconf 89' lang='lat' dir='ltr'><strong>hoc</strong></span> <span class='ocrx_word' id='word_1_807' title='bbox 3128 5903 3266 5962; x_wconf 89' lang='lat' dir='ltr'><strong>loco.</strong></span> <span class='ocrx_word' id='word_1_808' title='bbox 3315 5901 3553 5960; x_wconf 88' lang='lat' dir='ltr'><strong>Charitas</strong></span> <span class='ocrx_word' id='word_1_809' title='bbox 3571 5904 3674 5963; x_wconf 71' lang='lat' dir='ltr'><strong>ergo</strong></span> <span class='ocrx_word' id='word_1_810' title='bbox 3706 5881 3748 5934; x_wconf 65' lang='grc' dir='ltr'><strong>δε</strong></span> 
     </span>
    </p>
   </div>
   <div class='ocr_carea' id='block_1_112' title="bbox 3867 5149 3874 6381">
    <p class='ocr_par' dir='ltr' id='par_1_112' title="bbox 3869 5859 3871 6381">
     <span class='ocr_line' id='line_1_112' title="bbox 3870 5859 3871 5890; baseline 0 0"><span class='ocrx_word' id='word_1_811' title='bbox 3870 5859 3871 5890; x_wconf 70' lang='lat' dir='ltr'><strong>t</strong></span> 
     </span>
     <span class='ocr_line' id='line_1_113' title="bbox 3870 6023 3871 6070; baseline 0 0"><span class='ocrx_word' id='word_1_812' title='bbox 3870 6023 3871 6070; x_wconf 42' lang='grc' dir='ltr'>ἡ</span> 
     </span>
     <span class='ocr_line' id='line_1_114' title="bbox 3870 6133 3871 6210; baseline 0 0"><span class='ocrx_word' id='word_1_813' title='bbox 3870 6133 3871 6210; x_wconf 63' lang='lat' dir='ltr'><strong>i</strong></span> 
     </span>
     <span class='ocr_line' id='line_1_115' title="bbox 3869 6333 3871 6381; baseline 0 0"><span class='ocrx_word' id='word_1_814' title='bbox 3869 6333 3871 6381; x_wconf 61' lang='grc' dir='ltr'><em>Α</em></span> 
     </span>
    </p>
   </div>
  </div>
