3996 6444
225 421 335 482 785

913 418 1301 478 -ΕΧΡΟΒΠῚΟ
1333 418 1402 474 ιΝ
1439 418 1587 474 EPP.
1630 418 1690 473 S.
1729 418 1838 473 ΡΜ

1942 455 1956 471 .
1982 446 2053 456 --
2090 415 2156 470 IN
2195 416 2414 472 EPIST.
2452 416 2474 471 l
2512 416 2605 472 AD
2644 416 2784 474 TIM.

3404 414 3513 471 786

225 550 327 607 spe
352 531 494 589 bona
516 530 682 587 debet
706 530 1024 601 procedere,
1061 528 1189 600 quia
1221 527 1344 584 ideo
1379 528 1538 587 debet
1570 527 1738 582 Deum
1757 534 1819 582 et
1844 530 1894 589 Α
1919 523 2128 593 utique,
2150 523 2275 593 quia
2307 525 2413 580 nisi
2446 536 2591 581 esset
2616 526 2857 595 divinus,
2881 541 3221 597 nequaquam
3243 526 3510 598 potuisset

225 625 538 699 proximum
583 624 839 696 diligere,
886 632 948 679 ut
1000 632 1205 680 aeterna
1254 621 1478 693 praemis
1532 634 1593 675 se
1637 628 1820 690 speret

228 716 426 775 exinde
452 720 819 787 recepturum.
849 715 927 770 De
949 714 1057 770 ﬁde
1077 716 1244 769 etiam
1268 728 1373 769 non
1404 712 1526 767 ﬁcta
1546 751 1562 777 ,
1589 719 1650 765 ut
1677 709 1823 780 quod

228 807 407 864 credit
431 805 779 877 etintelligit,
811 821 977 878 opere
1025 805 1290 877 perﬁciat.
1339 802 1472 858 Nam
1514 802 1648 857 ﬁdes
1698 801 1823 856 ﬁcta

230 897 315 954 est
347 913 469 969 quae
497 897 789 952 conﬁtetur
814 911 933 962 ore,
975 897 1071 953 sed
1103 910 1210 951 non
1257 902 1471 950 tenetur
1511 892 1697 958 corde,
1727 906 1826 947 ne-

231 1003 340 1060 que
369 996 663 1044 exornatur
685 988 961 1058 operibus,
981 1002 1146 1057 quam
1170 984 1324 1040 multi
1353 984 1570 1045 habent,
1603 982 1673 1037 de
1709 981 1827 1053 qui-

232 1080 335 1136 bus
357 1080 556 1135 dieitur
584 1097 598 1134 :
633 1078 978 1135 Conﬁtentur
1007 1093 1066 1133 se
1101 1092 1263 1132 nosse
1307 1076 1497 1141 Deum,
1543 1074 1699 1129 factis
1723 1089 1824 1127 au..-

231 1178 346 1223 tem
374 1177 593 1240 negant.
619 1163 780 1224 Fides
807 1183 938 1223 vero
962 1183 1089 1223 vera
1116 1176 1202 1223 est
1244 1181 1367 1237 quae
1398 1173 1612 1221 tenetur
1640 1163 1823 1231 corde,

232 1258 524 1330 proﬁtetur
545 1273 665 1324 ore,
686 1258 981 1328 perﬁcetur
1001 1272 1186 1328 opere.

305 1352 352 1404 Α
395 1351 581 1423 quibus
609 1351 868 1406 subaudis
892 1350 1202 1414 virtutibus,
1237 1350 1291 1405 id
1330 1357 1416 1405 est
1466 1364 1493 1403 a
1538 1346 1830 1412 charitate,

233 1459 336 1515 spe
362 1444 522 1505 bona,
562 1449 617 1496 ct
646 1440 755 1496 ﬁde
794 1456 905 1497 non
950 1440 1108 1506 ﬁcta,
1142 1440 1446 1494 aberrantes
1484 1438 1699 1511 quidam
1746 1435 1834 1492 Ju-

232 1535 479 1589 tlrcorum
530 1532 767 1587 conuersi
816 1541 938 1586 sunt
990 1532 1049 1586 in
1106 1531 1502 1602 vaniloquium,
1552 1531 1833 1601 loquentes

232 1640 306 1680 ea
336 1639 460 1696 qua:
508 1636 646 1677 vana
691 1628 837 1690 sunt,
868 1621 1178 1692 nullamque
1222 1622 1512 1686 utilitatem
1537 1622 1593 1678 in
1644 1635 1704 1678 se
1744 1621 1836 1675 ha-

229 1717 440 1773 hentia.

323 1806 562 1863 Volentes
601 1824 714 1863 esse
743 1808 872 1880 legis
915 1808 1173 1875 doctores,
1220 1824 1326 1863 non
1374 1808 1719 1879 intelligentes
1768 1820 1833 1862 ea

1922 624 2237 686 peccatores
2260 615 2439 673 salvos
2468 616 2669 674 facere.
2697 617 2804 674 Sed
2833 620 3131 674 humanum
3177 606 3327 674 illum
3372 616 3509 673 dixit

1921 708 2031 767 alio
2059 707 2241 772 modo,
2263 709 2389 779 quia
2420 709 2657 766 Verbum
2686 727 2816 767 caro
2840 712 3042 767 factum
3067 720 3183 777 est,
3209 719 3266 768 et
3293 712 3507 768 habita-

1922 803 2003 858 vit
2029 802 2084 857 in
2113 801 2299 867 nobis;
2330 801 2415 857 vel
2457 801 2633 858 ﬁdelis
2675 819 2856 859 sermo
2889 812 3008 870 est,
3039 803 3091 858 id
3120 813 3206 859 est
3245 817 3409 859 verus
3455 813 3513 857 et

1925 894 2121 966 dignus
2148 902 2251 957 est,
2285 902 2345 948 ut
2373 895 2444 949 ab
2476 896 2734 950 omnibus
2770 906 3026 966 acceptus
3064 895 3351 962 habeatur,
3387 894 3512 965 quia

1924 985 2176 1042 Christus
2198 983 2356 1041 Jesus
2384 986 2533 1040 venit
2567 996 2887 1055 peccatores
2920 986 3098 1045 salvos
3121 986 3302 1043 facere
3332 1005 3344 1039 :
3373 986 3515 1041 sicut

1927 1083 2043 1154 ipse
2071 1082 2209 1137 dixit
2244 1097 2258 1135 :
2294 1080 2420 1135 Non
2470 1082 2586 1135 veni
2628 1091 2811 1135 uocare
2852 1082 3037 1145 iustos,
3079 1081 3171 1135 sed
3221 1087 3514 1148 peccatores

1926 1168 2155 1242 (Matth.
2184 1168 2269 1241 ut)
2289 1209 2304 1233 ,
2331 1169 2399 1224 ad
2420 1169 2895 1240 pmnitenliam,et
2918 1169 3067 1225 venit
3091 1168 3261 1224 Filius
3281 1167 3516 1223 hominis

1928 1261 2318 1331 salvarequod
2365 1260 2625 1331 perierat.
2675 1259 2784 1315 Sed
2823 1261 3175 1331 quaerendum
3221 1268 3308 1314 est
3347 1271 3517 1329 quare

1930 1355 2078 1411 dicat
2101 1352 2389 1425 Apostolus
2424 1370 2439 1407 :
2471 1353 2712 1420 Quorum
2734 1352 2941 1422 primus
2962 1366 3063 1424 ego
3092 1367 3233 1407 sum.
3265 1350 3517 1421 Nunquid

1933 1455 2061 1501 ante
2090 1460 2216 1500 eum
2243 1461 2351 1500 non
2378 1443 2481 1499 fuit
2505 1452 2756 1514 peccator
2775 1442 2948 1498 Cain?
2974 1441 3225 1512 Nunquid
3247 1450 3374 1496 ante
3393 1455 3518 1495 eum

1934 1551 2042 1593 non
2070 1534 2287 1611 fuerunt
2317 1538 2636 1606 peccatores
2664 1534 2957 1590 Sodomitze
2978 1542 3033 1589 et
3051 1532 3242 1597 Judaei,
3282 1531 3373 1604 qni
3398 1546 3520 1587 cru-

1934 1626 2227 1684 ciﬁxerunt
2255 1627 2580 1683 Dominum?
2628 1625 2725 1682 Vel
2782 1625 3026 1695 nunquid
3080 1624 3230 1680 illum
3285 1623 3519 1694 primum

1935 1720 2087 1776 venit
2110 1734 2310 1776 vocare
2336 1726 2393 1774 et
2422 1718 2670 1774 salvare?
2692 1716 2943 1787 Nunquid
2972 1725 3101 1771 ante
3124 1731 3248 1771 eum
3287 1728 3396 1769 non
3439 1721 3524 1769 est

1934 1822 2162 1872 vocatus
2199 1821 2256 1870 et
2276 1812 2518 1869 salvatus
2544 1812 2762 1877 Petrus,
2789 1811 2987 1883 aliique
3038 1809 3287 1879 apostoli,
3339 1806 3523 1863 multi-

227 1902 380 1957 sicut
399 1899 745 1970 intelligenda
777 1908 924 1966 sunt,
952 1917 1118 1971 neque
1156 1918 1281 1971 quas
1308 1901 1616 1973 loquuntur,
1662 1914 1824 1970 neque
1855 1907 1901 1966 Β
1928 1922 2036 1980 que
2060 1906 2384 1964 credentes?
2434 1905 2575 1963 sum
2626 1904 2833 1975 utique.
2858 1902 3164 1959 Notandum
3197 1901 3326 1972 quia
3374 1900 3520 1956 sicut

229 1989 306 2043 de
333 1988 519 2059 quibus
559 1986 839 2059 aﬂirmant.
866 1987 1039 2044 Judaei
1089 1988 1133 2044 si
1180 1991 1398 2059 quando
1456 1991 1522 2045 de
1569 2005 1736 2060 prava
1783 2000 1841 2046 et

230 2078 379 2134 falsa
408 2079 664 2149 opinione
686 2094 805 2146 sua,
827 2089 883 2135 et
907 2078 973 2135 de
1000 2079 1198 2136 fabulis
1223 2088 1279 2134 et
1307 2080 1692 2137 traditionibus
1724 2083 1839 2141 suis

233 2174 400 2228 vanis
432 2173 755 2241 reprehendi
781 2183 838 2227 et
873 2173 1120 2228 convinci
1149 2174 1435 2244 coeperint,
1455 2172 1525 2228 ad
1553 2173 1840 2230 defendcn'

224 2279 369 2337 dum
401 2264 456 2319 id
488 2265 637 2333 quod
685 2264 975 2320 laevissima
1021 2265 1331 2320 temeritate
1375 2274 1432 2320 et
1473 2266 1798 2337 cogitatione
1822 2308 1838 2332 ,

229 2373 453 2413 necnon
496 2366 552 2413 et
606 2358 950 2429 apertissima
995 2357 1274 2424 falsitate,
1318 2359 1573 2415 dixerunt
1618 2359 1839 2415 eosdem

233 2444 415 2502 libros
449 2462 599 2512 suos,
629 2446 770 2503 unde
794 2448 845 2502 id
872 2448 1104 2518 probant
1135 2448 1383 2518 proferre
1408 2458 1679 2505 conantur
1707 2468 1721 2504 :
1754 2448 1840 2505 vel

228 2538 405 2595 ctiam
438 2539 773 2606 memoriter,
799 2555 920 2610 quae
940 2540 1011 2595 ad
1050 2541 1420 2595 testimonium
1467 2540 1650 2596 valere
1694 2542 1840 2596 arbi-

229 2638 478 2696 trantur,
504 2630 670 2685 multa
700 2630 861 2686 verba
892 2631 1018 2686 inde
1045 2631 1401 2702 pronuntiant
1423 2672 1437 2697 ,
1488 2646 1595 2685 non
1640 2631 1837 2686 intelli-

226 2733 433 2794 gentes
460 2725 603 2780 sicut
640 2725 987 2797 intelligenda
1040 2733 1186 2792 sunt,
1217 2740 1394 2797 neque
1438 2741 1559 2797 qua:
1608 2727 1837 2797 loquun-

228 2826 355 2881 tur,
412 2830 589 2886 neque
631 2816 938 2872 testimonia
985 2832 1104 2888 quae
1149 2818 1468 2889 proferunt,
1529 2820 1594 2875 de
1640 2821 1838 2891 quibus

229 2905 432 2963 volunt
451 2904 723 2963 aﬂirmare
744 2922 899 2963 suam
928 2907 1245 2975 falsitatem,
1259 2917 1519 2979 ponentes
1540 2910 1836 2982 incongrua

228 2996 533 3066 exempla,

317 3089 526 3145 Scimus
547 3100 723 3145 autem
757 3092 882 3163 quia
910 3091 1045 3147 bona
1069 3092 1153 3148 lex
1172 3101 1267 3159 est,
1298 3092 1343 3145 si
1377 3093 1493 3163 quis
1519 3109 1581 3147 ea
1610 3092 1837 3164 legitime

228 3190 444 3237 utatur.
474 3180 567 3238 llle
598 3183 770 3237 utitur
797 3182 1038 3254 legitime
1065 3183 1181 3256 lege
1227 3185 1322 3254 qui
1371 3183 1622 3255 intelligit
1664 3201 1836 3255 quare

1943 2002 2141 2058 dicitur
2183 2000 2392 2072 primus
2419 2000 2472 2055 in
2501 1998 2645 2056 bono
2676 1998 2820 2055 inter
2847 1996 3003 2063 alios,
3034 1996 3112 2051 ita
3140 1994 3305 2050 etiam
3333 2000 3387 2049 et
3415 1992 3525 2062 pri-

1941 2108 2064 2150 mus
2111 2093 2255 2148 inter
2300 2091 2435 2148 alios
2477 2091 2534 2147 in
2560 2091 2743 2147 malo:
2775 2098 2831 2146 et
2864 2089 3085 2161 ponitur
3109 2085 3397 2158 aliquando
3423 2099 3523 2156 pro

1941 2185 2131 2240 ordine
2155 2183 2241 2241 vel
2270 2184 2548 2255 dignitate.
2573 2182 2680 2239 Sed
2707 2183 2761 2237 in
2783 2182 2886 2237 hoc
2910 2181 3029 2235 loco
3050 2177 3336 2249 Apostolus
3358 2190 3522 2231 causa

1941 2275 2266 2331 humilitatis
2295 2275 2529 2346 primum
2552 2288 2612 2329 se
2639 2274 2794 2337 dixit,
2826 2272 2978 2343 quasi
3001 2268 3238 2342 peiorem
3264 2267 3402 2333 aliis,
3430 2275 3526 2321 aut

1942 2368 2235 2437 pessimum
2262 2368 2523 2422 omnium.
2555 2366 2646 2422 Sic
2691 2366 2837 2421 enim
2889 2364 3035 2420 soliti
3085 2377 3273 2418 sumus
3320 2361 3522 2421 dicere,

1940 2460 2094 2515 verbi
2129 2460 2343 2529 gratia:
2370 2458 2590 2513 Transit
2620 2473 2711 2513 rex
2738 2465 2831 2512 aut
2853 2455 3109 2527 qnmlibet
3151 2461 3391 2525 potestas
3427 2465 3525 2521 per

1939 2552 2229 2621 quemdam
2265 2551 2462 2616 locum,
2490 2560 2547 2606 et
2604 2550 2807 2604 invenit
2860 2549 3072 2603 turbam
3122 2547 3415 2608 latronum,
3469 2551 3528 2596 et
3622 2560 3627 2564 η

1941 2644 2073 2699 dicit
2104 2660 2118 2698 :
2151 2642 2283 2711 Quis
2310 2650 2394 2698 est
2420 2643 2629 2712 primus
2669 2641 2722 2695 in
2765 2641 2939 2705 vobis,
2963 2639 3221 2716 pdducite
3267 2636 3438 2700 illum,
3473 2636 3523 2689 id

1936 2743 2022 2791 est
2070 2736 2193 2806 quis
2230 2743 2315 2790 est
2358 2733 2570 2803 primus
2616 2733 2685 2788 ad
2728 2732 2952 2797 malum,
2994 2729 3317 2793 adducatur,
3369 2725 3524 2794 mujus

1936 2827 2263 2883 auctoritate
2287 2826 2379 2880 alii
2405 2823 2751 2883 latrocinium
2774 2829 3054 2878 exercent.
3086 2819 3178 2874 Sic
3205 2819 3368 2874 etiam
3397 2816 3524 2871 dum

1937 2917 2145 2973 invenit
2183 2916 2379 2986 aliquis
2420 2915 2658 2971 artiﬁces
2691 2914 3023 2978 laborantes,
3054 2911 3191 2966 dicit
3220 2929 3233 2965 :
3264 2910 3397 2977 Quis
3438 2919 3524 2964 est

1936 3006 2025 3062 hic
2052 3006 2297 3076 primus?
2348 3004 2466 3060 Non
2518 3004 2818 3073 interrogat
2866 3002 2989 3071 quis
3031 3000 3180 3070 prior
3226 3000 3299 3053 sit
3341 3005 3521 3061 aetate,

1937 3098 2032 3152 sed
2059 3098 2182 3167 quis
2203 3082 2355 3167 prior
2378 3095 2449 3150 sit
2473 3104 2623 3160 arte;
2660 3094 2803 3149 sicut
2837 3092 2927 3146 ille
2955 3093 3110 3162 prior
3150 3097 3235 3145 est
3280 3089 3334 3144 in
3381 3095 3519 3150 arte.

1938 3189 2014 3245 ira
2051 3189 2192 3244 latro
2215 3188 2429 3260 primus
2455 3195 2538 3244 est
2566 3187 2621 3242 in
2649 3185 2956 3256 iniquitate.
2983 3184 3051 3238 Et
3075 3184 3267 3240 beatus
3294 3181 3524 3251 Aposto~

231 3276 318 3330 sit
367 3274 509 3341 data,
561 3274 811 3331 videlicet
860 3276 928 3331 ad
977 3276 1334 3348 reparandum
1373 3284 1429 3332 et
1467 3277 1829 3333 roborandam
1860 3273 1904 3337 C
1936 3281 2020 3337 lus
2040 3282 2146 3338 hoc
2166 3282 2327 3337 modo
2352 3281 2421 3336 de
2446 3295 2506 3336 se
2534 3279 2668 3335 dicit
2691 3293 2857 3335 causa
2888 3276 3249 3333 humilitatis:
3281 3274 3520 3344 Quorum

233 3365 548 3422 naturalem
578 3366 751 3438 legem
772 3408 787 3433 ,
830 3383 996 3438 quam
1024 3383 1196 3440 genus
1231 3368 1528 3424 humanum
1551 3369 1664 3440 jam
1701 3385 1833 3426 con-

232 3456 514 3515 culcatam
539 3458 798 3525 habebat,
815 3467 872 3512 et
899 3459 990 3529 qui
1020 3459 1268 3528 intelligit
1295 3460 1531 3530 quandiu
1557 3459 1837 3516 observari

233 3551 456 3618 debuit,
490 3551 545 3606 in
574 3549 745 3622 ﬁgura
769 3551 978 3607 scilicet
1003 3566 1174 3623 usque
1205 3551 1272 3606 ad
1293 3552 1494 3608 Christi
1521 3551 1835 3618 adventum,

234 3651 305 3701 et
328 3643 419 3713 qui
455 3658 519 3700 ea
544 3658 664 3714 qua:
693 3646 747 3700 in
776 3644 892 3715 lege
924 3644 1314 3715 praecipiuntur
1343 3642 1638 3699 carnaliter
1679 3651 1735 3697 et
1781 3642 1836 3697 in

238 3735 422 3805 ﬁgura
448 3743 571 3805 post
600 3733 811 3790 Domini
859 3733 1147 3789 adventum
1189 3733 1508 3804 spiritaliter
1552 3732 1832 3804 intelligit:

241 3833 308 3881 et
330 3822 442 3895 jam
472 3838 580 3879 non
611 3824 663 3878 in
693 3823 884 3895 ﬁgura,
913 3824 1008 3879 sed
1036 3824 1092 3877 in
1120 3824 1351 3879 veritate
1386 3822 1662 3893 adimplet,
1695 3822 1839 3877 vide-

242 3914 381 3971 licet
406 3923 467 3969 ut
489 3914 845 3969 circumcidat
874 3928 955 3979 se,
990 3914 1043 3967 id
1088 3922 1172 3969 est
1222 3911 1485 3982 exspoliet
1521 3927 1619 3981 per
1663 3912 1840 3981 baptie

246 4022 429 4064 smum
461 4014 517 4062 et
540 4019 639 4076 per
665 4004 1047 4075 paenitentiam
1078 4005 1147 4061 ab
1187 4005 1440 4060 omnibus
1488 4004 1757 4074 peccatis,
1784 4011 1840 4059 et

249 4099 499 4156 celebret
522 4096 806 4152 sabbatum
857 4095 1195 4166 spiritaliter,
1225 4094 1555 4164 quiescendo
1596 4109 1629 4149 a
1671 4107 1840 4164 pravo

249 4202 439 4261 apere,
465 4196 522 4243 et
546 4186 815 4259 praecepta
845 4186 1072 4242 moralia
1107 4194 1307 4243 teneat.
1338 4185 1440 4254 Qui
1463 4184 1645 4241 taliter
1672 4184 1842 4242 utitur

256 4282 398 4353 lege,
420 4278 561 4336 bona
587 4289 674 4336 est
697 4279 771 4334 illi
803 4280 910 4335 lex.

327 4373 512 4429 Sciens
534 4373 632 4427 hoc
664 4373 789 4444 quia
815 4373 963 4444 justo
994 4389 1095 4428 non
1119 4383 1193 4429 est
1216 4372 1300 4428 lea:
1316 4374 1509 4445 posita,
1536 4374 1589 4430 id
1622 4383 1707 4430 est
1749 4374 1839 4445 ju-

252 4467 490 4525 stiﬁcato
524 4483 621 4538 per
646 4467 807 4524 ﬁdem
835 4477 892 4524 et
919 4468 1155 4541 gratiam
1181 4469 1545 4540 baptismatis,
1567 4480 1623 4525 et
1664 4470 1839 4542 legem

253 4558 457 4615 volenti
487 4559 715 4630 implere
749 4575 855 4614 non
885 4568 970 4614 est
999 4560 1085 4614 lex
1133 4561 1339 4629 posita,
1389 4559 1442 4615 id
1471 4569 1556 4616 est
1588 4560 1841 4632 imposita

1935 3373 2145 3445 primus
2166 3386 2265 3444 ego
2288 3386 2430 3436 sum,
2459 3369 2513 3425 id
2536 3379 2621 3426 est
2647 3369 2715 3424 de
2738 3368 2951 3423 illorum
2986 3373 3358 3437 peccatorum,
3388 3379 3526 3435 quos

1936 3463 2086 3518 venit
2108 3461 2354 3517 Christus
2381 3459 2611 3524 salvare,
2637 3473 2739 3535 ego
2784 3472 2903 3512 sum
2940 3457 3225 3528 pessimus.
3265 3454 3345 3511 Ile
3378 3453 3524 3510 enim

1937 3568 2066 3610 vera
2094 3552 2322 3627 multum
2345 3559 2462 3607 erat
2497 3551 2761 3615 imbutus,
2793 3549 3103 3631 iniquitate,
3135 3548 3227 3619 qui
3247 3546 3526 3618 Christum

1934 3645 2049 3717 jam
2089 3644 2145 3699 in
2199 3643 2339 3699 cmlo
2390 3643 2667 3700 sedentem
2706 3630 3136 3713 persequebatur
3168 3630 3228 3701 in
3274 3647 3418 3711 terra
3471 3638 3530 3713 in

1940 3726 2199 3803 membris
2224 3735 2357 3811 suis.

2014 3825 2121 3882 Sed
2160 3826 2277 3880 ideo
2306 3826 2719 3881 misericordiam
2745 3826 3059 3901 consecutus”
3083 3840 3200 3879 sum
3224 3863 3238 3887 ,
3276 3832 3329 3877 ut
3364 3822 3419 3875 in
3448 3837 3531 3886 me

1940 3919 2166 3993 primum
2209 3919 2496 3973 ostenderet
2528 3918 2766 3974 Christus
2800 3916 2958 3972 Jesus
2989 3932 3193 3971 omnem
3232 3913 3529 3985 potentiam

1943 4007 2150 4079 I'Vulg.,
2176 4007 2513 4082 patientiam]
2542 4009 2610 4062 ad
2636 4009 3080 4079 informationem,
3114 4008 3228 4062 sive
3249 4007 3315 4061 ad
3342 4019 3532 4077 exem-

1944 4088 2090 4173 plum
2121 4117 2298 4156 eorum
2322 4102 2411 4170 qui
2440 4100 2689 4155 credituri
2716 4112 2836 4155 sunt
2871 4100 2950 4154 illi
2979 4102 3034 4165 in
3071 4101 3231 4163 vitam
3258 4107 3529 4169 cateruam.

1944 4192 2125 4260 Quare
2144 4192 2215 4247 sit
2233 4189 2659 4247 misericordiam
2681 4200 3027 4264 consecutus,
3052 4190 3273 4261 exponit
3296 4205 3489 4246 causas
3516 4209 3527 4245 :

1945 4283 2214 4349 Christus,
2240 4284 2435 4355 inquit,
2450 4284 2675 4357 daturus
2694 4285 2907 4359 veniam
2929 4285 3207 4357 conversis
3229 4285 3297 4339 ad
3321 4298 3381 4340 se
3402 4298 3533 4354 pec-.o

1947 4376 2243 4444 catoribus,
2259 4377 2499 4449 extendit
2516 4378 2836 4446 charitatem
2850 4393 3005 4433 suam
3018 4393 3189 4449 usque
3203 4378 3269 4433 ad
3286 4378 3537 4435 inimicos

1947 4486 2093 4536 suos,
2114 4485 2201 4527 me
2214 4472 2448 4543 primum
2463 4471 2625 4543 elegit
2638 4472 2899 4534 acriorem
2916 4472 3213 4537 inimicum,
3230 4487 3389 4551 quem
3412 4487 3536 4537 cum

1948 4572 2186 4630 sanaret,
2220 4579 2289 4620 ne
2323 4580 2410 4620 me
2430 4565 2482 4619 in
2505 4565 2714 4621 caeteris
2742 4565 3091 4635 desperaret,
3131 4564 3243 4636 egit
3274 4563 3537 4636 Dominus

253 4661 316 4707 ut
340 4667 505 4724 supra
537 4652 683 4707 illum
712 4653 800 4707 sit.
833 4651 893 4707 In
924 4652 1071 4707 illam
1103 4653 1248 4708 enim
1278 4661 1363 4710 est
1388 4653 1601 4724 potius,
1633 4663 1690 4710 et
1718 4670 1841 4710 cum
1870 4642 1922 4701 Ι)
1949 4670 2100 4711 more
2125 4655 2441 4728 peritissimi
2469 4654 2662 4710 medici
2694 4656 2788 4728 qui
2816 4656 3040 4726 veniens,
3064 4656 3132 4711 ad
3163 4655 3315 4727 illum
3355 4654 3537 4712 locum

256 4747 371 4816 ipsa
400 4761 564 4816 quam
589 4745 689 4801 sub
718 4745 830 4811 illa,
858 4746 985 4815 quia
1024 4746 1232 4802 amicus
1277 4745 1408 4818 legis
1451 4753 1555 4802 est.
1602 4744 1751 4803 Unde
1797 4746 1845 4802 si

254 4852 449 4894 omnes
470 4838 603 4908 justi
632 4846 833 4904 essent,
863 4853 1206 4908 nequaquam
1233 4848 1379 4895 esset
1421 4839 1510 4896 lex
1547 4840 1695 4895 data.
1740 4839 1844 4897 Sed

247 4929 414 4999 justis
438 4938 484 4982 et
506 4930 867 4998 peccatoribus
897 4928 1024 4984 data
1061 4938 1147 4986 est
1174 4930 1290 4996 lex,
1325 4940 1384 4986 ut
1406 4931 1480 4987 illi
1504 4931 1621 5002 ejus
1650 4933 1845 4991 timore

257 5019 512 5075 desinant
536 5034 794 5090 peccare;
819 5021 1113 5093 plagiariis,
1138 5022 1393 5078 subaudis
1414 5025 1587 5094 posita
1611 5034 1695 5081 est
1717 5026 1798 5081 lex
1829 5046 1843 5083 :

256 5108 508 5179 plagiarii
557 5118 684 5166 sunt
732 5112 1080 5179 seductores,
1126 5114 1219 5184 qui
1269 5114 1516 5187 homines
1546 5117 1853 5191 seduceudo

259 5199 515 5256 furantur
540 5206 596 5257 et
618 5204 874 5259 vendunt.

336 5293 539 5350 Fidelis
593 5312 764 5352 sermo
806 5308 851 5353 et
901 5300 1043 5354 onmi
1099 5300 1397 5371 acceptione
1452 5301 1673 5371 dignus,
1730 5303 1855 5373 quia

263 5386 506 5445 Christus
534 5388 688 5445 Jesus
729 5392 861 5445 venit
886 5402 1182 5462 peccatores
1204 5393 1377 5448 salvos
1406 5391 1602 5463 facere,
1632 5410 1854 5465 quorum

264 5482 467 5553 primus
490 5500 582 5555 ego
608 5500 744 5538 sum.
771 5485 827 5539 lu
863 5484 1051 5542 Graeco
1078 5485 1308 5541 habetur
1347 5485 1617 5540 humanus
1654 5499 1853 5551 sermo,

269 5572 325 5627 id
352 5579 436 5629 est
456 5573 749 5644 iucundus,
780 5585 968 5643 gratus
995 5584 1051 5631 et
1082 5585 1357 5647 acceptus.
1401 5576 1541 5645 Quid
1588 5576 1732 5632 enim
1775 5576 1858 5647 ju-

267 5664 524 5729 cundius,
548 5664 677 5735 quid
708 5665 918 5735 gratius
950 5667 1036 5722 vel
1067 5672 1345 5739 acceptius
1374 5709 1389 5736 ,
1446 5684 1608 5739 quam
1668 5667 1857 5723 audire

268 5754 400 5825 quia
424 5753 677 5812 Christus
705 5753 866 5811 Jesus
896 5758 1045 5813 venit
1073 5767 1393 5828 peccatores
1421 5759 1603 5815 salvos
1642 5758 1858 5813 facere?

228 5922 233 5927 _
273 5844 337 5905 Si
365 5864 495 5922 ergo
520 5856 603 5906 cst
633 5848 920 5919 humanus,
949 5852 1190 5924 nunquid
1233 5860 1316 5909 est
1352 5861 1409 5908 et
1452 5853 1703 5925 divinus?
1762 5852 1857 5907 Est

1950 4751 2043 4808 ubi
2072 4758 2231 4807 antea
2262 4750 2476 4820 ignotus
2503 4757 2654 4814 erat,
2678 4758 2732 4803 et
2769 4748 2861 4803 ubi
2901 4747 3116 4819 plurimi
3151 4747 3356 4818 inﬁrmi
3389 4757 3538 4827 sunt,

1951 4858 2327 4915 quemcunque
2362 4842 2595 4913 graviori
2634 4841 2951 4896 inﬁrmitate
2992 4841 3363 4913 laborantem,
3395 4846 3444 4894 et
3486 4838 3541 4894 in

1951 4934 2328 5004 desperatione
2353 4932 2586 5004 positum
2618 4932 2849 4998 invenit,
2878 4931 3025 4986 illum
3057 4929 3287 5003 assumit
3306 4929 3542 5000 primum

1956 5031 2023 5086 ad
2043 5029 2364 5089 curandum,
2384 5036 2443 5081 ut
2474 5027 2528 5081 in
2560 5025 2649 5082 illo
2683 5026 2936 5098 ostendat
2962 5024 3217 5097 peritiam
3247 5038 3360 5078 sum
3384 5020 3540 5084 artis,

1954 5130 2011 5177 et
2064 5127 2123 5175 ut
2158 5117 2248 5174 alii
2296 5116 2495 5172 inﬁrmi
2529 5117 2777 5171 videntes
2814 5116 2960 5171 illum
2994 5121 3243 5170 sanatum
3282 5111 3375 5184 qui
3414 5126 3540 5181 gra-

1954 5210 2094 5279 viori
2142 5208 2329 5263 morbo
2365 5208 2713 5278 gravabatur,
2763 5224 2869 5262 non
2906 5207 3198 5277 desperent
3250 5204 3317 5259 de
3349 5202 3543 5265 salute,

1956 5301 2050 5366 sed
2077 5280 2448 5371 unusquisque
2463 5296 2554 5353 illo
2579 5297 2769 5354 inloco
2790 5298 2936 5352 dicat
2957 5296 3208 5367 proximo
3232 5309 3331 5350 suo
3355 5311 3368 5347 :
3396 5293 3545 5347 Vade

1959 5393 2026 5449 ad
2052 5393 2200 5448 illum
2226 5391 2516 5453 medicum,
2544 5405 2770 5445 securus
2790 5398 2930 5455 esto,
2968 5382 3184 5444 Sanabit
3216 5396 3302 5452 te;
3329 5386 3409 5442 sic
3438 5383 3544 5439 Do-

1961 5484 2140 5538 minus
2185 5482 2344 5539 Jesus
2393 5482 2642 5537 Christus
2690 5494 2852 5535 verus
2894 5478 3153 5541 medicus,
3202 5476 3444 5534 ostendit
3492 5478 3547 5545 in

1958 5575 2117 5631 beato
2151 5573 2318 5629 Paulo
2357 5574 2586 5643 gratiam
2625 5586 2736 5626 sua:
2770 5569 3086 5634 medicinae,
3119 5569 3170 5624 id
3214 5578 3297 5625 est
3338 5569 3550 5624 miseri-

1959 5669 2198 5724 cordiam
2230 5683 2340 5723 sua:
2369 5665 2615 5736 pietatis,
2646 5662 2889 5718 sanando
2924 5662 3074 5718 illum
3108 5677 3138 5717 a
3170 5661 3432 5731 languore
3468 5661 3552 5715 in-

1958 5759 2234 5816 ﬁdelitatis
2275 5768 2332 5814 ct
2360 5757 2549 5812 morbo
2592 5754 2885 5819 vitiorum,
2937 5761 2997 5809 ut
3034 5754 3089 5809 in
3123 5752 3212 5807 illo
3240 5750 3553 5807 ostenderet

1959 5852 2086 5923 quia
2132 5851 2176 5907 si
2228 5849 2371 5905 illius
2423 5847 2678 5903 misertus
2731 5851 2854 5914 est,
2911 5843 3003 5918 qui
3051 5841 3168 5914 ejus
3221 5842 3321 5917 luit
3366 5852 3555 5923 perac:
