3996 6454
466 390 569 451 787

953 392 1307 449 HAYMONIS
1345 391 1824 449 HALBERSTAT.
1864 393 2079 450 EPISC.
2123 393 2275 451 OPP.
2314 394 2494 452 PARS
2533 396 2573 450 Ι.
2601 427 2672 438 -
2699 396 3054 455 COMMENT.
3095 400 3265 464 BlBL.

3622 404 3737 465 788

464 512 626 562 cutor
674 505 731 562 in
784 478 986 562 sanctis
1039 507 1400 577 martyribus,
1428 492 1626 578 utique
1677 514 1735 564 et
1780 507 1903 564 aliis
1943 508 2046 564 mi-
2073 510 2120 570 Α
2150 508 2309 564 ﬁdem
2343 510 2831 582 naufragaverunt,
2876 512 2930 568 id
2967 524 3055 570 est
3083 514 3225 569 nudi
3249 524 3304 570 et
3332 515 3494 571 alieni
3529 532 3561 572 a
3586 518 3748 574 veri-

466 597 704 655 serebitu
712 613 755 651 r.

534 705 663 779 Regi
693 715 866 760 autem
909 706 1220 762 sa'culorunt
1268 709 1590 775 immortali,
1626 712 1904 778 invisibili,
1949 714 2051 767 soli

462 798 576 853 Deo
620 800 787 853 honor
824 808 872 853 et
914 799 1081 868 gloria
1118 800 1173 855 in
1204 802 1401 857 stecula
1438 802 1775 858 steculorum.
1820 804 2050 872 Quidam

463 904 646 959 regem
680 888 1002 945 saeculorum
1039 891 1093 946 in
1134 892 1238 948 hoc
1264 893 1385 948 loco
1411 880 1723 965 intelliguni
1747 896 1916 951 Deum
1950 896 2053 952 Pa-

464 990 628 1046 trem,
657 996 757 1051 pro
780 996 847 1038 eo
874 984 1021 1053 quod
1046 984 1123 1038 ait
1157 984 1452 1055 Apostolus
1502 985 1782 1051 invisibili,
1809 987 2052 1043 dicentes

460 1074 516 1128 in
538 1073 649 1129 Deo
672 1074 822 1129 illum
838 1076 1164 1145 appellatum
1187 1092 1313 1133 esse
1331 1078 1399 1132 ab
1422 1077 1678 1149 Apostolo
1701 1079 2046 1144 invisibilem,

459 1159 604 1230 quod
626 1161 744 1232 ejus
771 1178 1003 1235 persona
1028 1167 1081 1220 in
1107 1164 1287 1222 Veteri
1319 1166 1665 1224 Testamento
1688 1185 1789 1240 per
1812 1169 2051 1240 aliquam

460 1248 765 1319 subiectam
818 1264 1126 1311 creaturam
1174 1265 1229 1312 et
1268 1257 1675 1315 similitudinem
1726 1275 1833 1316 non
1887 1259 2053 1316 fuerit

459 1350 678 1398 ostensa
698 1384 714 1409 ,
745 1345 837 1401 sed
862 1344 1024 1412 Filii,
1057 1348 1195 1404 sicut
1223 1357 1443 1405 ostensa
1465 1358 1548 1405 est
1581 1350 1765 1416 lsaite,
1791 1352 1883 1423 qui
1919 1353 2054 1408 vidit

460 1429 617 1488 illum
671 1434 727 1490 in
773 1435 961 1493 habitu
1001 1439 1281 1510 regnantis
1328 1441 1554 1508 sedere,
1611 1450 1665 1497 et
1695 1442 1902 1499 Danieli
1957 1445 2051 1514 qui

461 1522 602 1579 dixit
625 1524 789 1597 (Dan.
820 1529 962 1600 vn):
1004 1531 1347 1602 Aspiciebam
1379 1534 1433 1587 in
1472 1535 1588 1589 visu
1630 1536 1825 1601 noctis,
1843 1546 1898 1591 et
1924 1550 2052 1591 ecce

459 1616 632 1674 Filius
657 1620 895 1679 hominis
927 1625 1107 1691 venit,
1136 1634 1189 1680 et
1222 1625 1347 1680 data
1373 1634 1458 1681 est
1499 1626 1549 1680 ei
1596 1634 1857 1696 potestas.
1905 1627 2061 1694 Quos

459 1708 655 1767 beatus
678 1712 1011 1785 Augustinus
1044 1719 1414 1789 reprehendit,
1446 1718 1720 1774 aﬁlrmans
1744 1735 1924 1791 regem
1953 1736 2057 1775 sai-

2155 608 2264 656 tate
2299 601 2419 657 ﬁdei
2449 615 2827 659 remanserunt
2849 605 2932 659 vel
2960 606 3126 661 etiam
3148 607 3443 676 perierunt.

2225 690 2311 744 Ea:
2331 691 2533 762 quibus,
2562 693 2616 748 id
2636 702 2805 749 estex
2839 694 2925 750 bis
2949 695 3042 765 qui
3071 710 3101 749 a
3135 696 3367 751 veritate
3399 697 3525 753 ﬁdei
3557 712 3748 754 reces-

2153 791 2374 849 serunt,
2395 794 2471 838 est
2503 784 2825 855 Hymenteus
2849 795 2899 840 et
2913 786 3237 851 Alexander,
3260 804 3391 858 quos
3416 789 3625 843 tradidi
3649 787 3749 844 Sa-

2152 884 2292 929 tanae
2329 884 2384 928 at
2411 875 2616 930 discant
2643 893 2748 931 non
2769 875 3151 947 blasphemare.
3177 877 3486 933 Alexander
3517 879 3755 947 quidem

2152 963 2255 1019 fuit
2292 963 2442 1020 faber
2479 966 2724 1032 aerarius,
2768 968 2995 1024 veniens
3037 969 3105 1023 ad
3152 969 3313 1023 ﬁdem
3355 968 3599 1035 Christi,
3651 971 3750 1026 sed

2152 1061 2337 1124 postea
2364 1067 2614 1109 reversus
2639 1062 2723 1110 est
2748 1054 2816 1110 ad
2844 1055 3175 1126 apostasiam
3207 1071 3358 1111 suam
3375 1097 3391 1121 ,
3420 1056 3513 1125 qui
3552 1065 3751 1125 postea

2153 1153 2270 1198 erat
2290 1145 2430 1215 apud
2451 1145 2692 1201 Athenas
2720 1144 2926 1203 faciens
2947 1149 3092 1204 cedes
3114 1150 3317 1215 Dianae,
3348 1151 3572 1219 quando
3596 1165 3753 1205 coma

2153 1240 2321 1295 movit
2354 1248 2519 1295 totam
2543 1242 2818 1298 civitatem
2852 1252 3042 1298 contra
3068 1243 3409 1315 Apostolum.
3439 1245 3601 1301 Unde
3632 1247 3753 1317 ipse

2152 1330 2285 1386 dicit
2308 1331 2362 1386 in
2385 1332 2612 1401 epistola
2643 1346 2740 1389 sua
2768 1334 2835 1388 ad
2859 1334 3204 1390 Timotheum
3235 1353 3249 1389 :
3280 1334 3592 1390 Alexander
3615 1354 3750 1390 trra-

2152 1420 2262 1475 rius
2309 1420 2477 1476 multa
2520 1422 2660 1477 mala
2710 1424 2840 1478 mihi
2884 1426 3106 1493 ostendit
3141 1424 3229 1497 (II
3268 1424 3407 1487 Tim,
3448 1426 3552 1496 tv).
3594 1425 3751 1486 Μωιί

2151 1527 2282 1584 ergo
2306 1512 2526 1569 fuerunt
2550 1515 2641 1585 qui
2672 1532 2702 1570 a
2731 1517 2837 1571 ﬁde
2878 1526 3253 1582 recesserunt,
3300 1533 3366 1573 ex
3411 1518 3619 1587 quibus
3648 1518 3745 1573 fuit

2154 1603 2339 1659 Simon
2365 1620 2573 1676 magus,
2612 1615 2667 1661 et
2706 1606 3046 1677 Hymenaeus,
3080 1609 3597 1679 atqueAlexander,
3614 1626 3749 1679 quos

2152 1694 2289 1749 duos
2321 1696 2541 1750 tradidit
2568 1695 2857 1766 Apostolus
2883 1698 3098 1754 diabolo
3126 1700 3193 1753 ad
3217 1700 3533 1755 vexandum
3564 1708 3624 1754 et
3660 1716 3746 1770 pu-

459 1802 705 1858 culorum
734 1806 1056 1863 invisibilem
1090 1820 1336 1865 sanctam
1369 1810 1689 1867 Trinitatem
1723 1790 2047 1883 appellatam
2078 1878 2111 1883 _
2153 1790 2406 1845 "iendm"
2430 1832 2446 1855 ν
2476 1806 2584 1860 quo
2607 1793 2871 1850 sudem"
2892 1802 2947 1848 θί
2973 1794 3264 1865 inﬁgam"
3288 1809 3318 1847 ³
3350 1794 3461 1850 “de
3495 1810 3743 1851 “cess”

460 1906 603 1959 esse,
637 1893 855 1952 Patrem
887 1899 1161 1965 videlicet,
1189 1910 1245 1956 et
1281 1901 1501 1969 Filium,
1530 1918 1594 1957 ac
1611 1878 1872 1971 Spiritum
1912 1919 2042 1959 san-

2152 1892 2295 1947 runt,
2330 1892 2386 1938 et
2411 1900 2609 1941 nomen
2633 1887 3027 1956 omnipotentis
3050 1887 3144 1943 Dei
3176 1888 3660 1957 blasphemabant,
3681 1903 3748 1945 ne

459 1994 639 2052 dum,
682 2002 802 2057 qua
848 1990 1063 2047 "imas
1100 2008 1461 2062 personarum
1505 1996 1771 2051 "unale
1817 1996 2048 2053 Demus
2151 1974 2241 2029 alii
2274 1976 2538 2031 auderent
2576 1976 2827 2031 similiter
2849 1976 3047 2033 facere.
3088 1977 3226 2035 Nam
3258 1987 3423 2034 tanta:
3453 1979 3748 2049 potestatis

460 2075 608 2142 facit,
627 2094 748 2149 quae
760 2089 844 2136 est
865 2098 1005 2139 unus
1025 2082 1193 2149 Deus,
1213 2092 1267 2139 et
1281 2084 1423 2140 sicut
1445 2093 1529 2140 est
1552 2084 1714 2143 Pater
1737 2087 2044 2153 invisibilis,

458 2170 535 2224 ita
566 2170 735 2228 Filius
775 2173 1096 2241 invisibilis,
1123 2185 1178 2231 et
1216 2175 1453 2246 Spiritus
1473 2187 1695 2233 sanctus
1734 2178 2045 2245 invisibilis,

458 2261 588 2332 quia
609 2261 752 2319 Deus
773 2264 996 2334 spiritus
1020 2274 1123 2321 est.
1152 2266 1231 2321 llli
1262 2282 1393 2338 ergo
1418 2267 1510 2337 qui
1539 2268 1726 2323 dicunt
1757 2283 2046 2339 personam

459 2356 643 2412 Patris
674 2373 780 2413 non
807 2372 929 2414 esse
956 2369 1228 2415 ostensam
1259 2359 1312 2414 in
1339 2358 1520 2417 Veteri
1551 2358 1898 2417 Testamento
1916 2402 1930 2429 ,
1959 2372 2046 2416 at-

459 2452 686 2507 tendant
713 2452 844 2524 quid
874 2452 1021 2508 dicat
1048 2453 1234 2509 Daniel
1272 2472 1286 2508 :
1328 2452 1704 2524 Aspiciebam,
1749 2455 1956 2526 inquit,
1991 2465 2047 2511 et

458 2555 587 2597 ecce
607 2542 879 2614 Antiquus
899 2544 1107 2599 dierum
1149 2546 1291 2601 sedit
1326 2545 1537 2619 (Ibid.).
1578 2546 1919 2619 Quapropter
1950 2565 2044 2604 rex

458 2633 785 2690 steculorum
814 2643 1003 2711 sancta,
1035 2635 1276 2691 Trinitas
1304 2645 1409 2702 est,
1437 2652 1557 2706 qua:
1580 2645 1664 2693 est
1694 2653 1832 2693 unus
1867 2646 1924 2694 et
1956 2654 2046 2694 ve-

460 2741 556 2781 rus
582 2726 754 2793 Deus,
796 2726 1154 2796 immortalis,
1193 2728 1544 2784 immutabilis
1586 2737 1639 2784 et
1681 2729 1964 2787 invisibilis
1991 2730 2046 2785 in

458 2830 558 2872 sua
598 2818 918 2873 substantia.
973 2818 1139 2874 Pater
1176 2821 1359 2892 igitur,
1393 2829 1449 2876 et
1480 2821 1680 2888 Filius,
1707 2831 1763 2877 et
1811 2822 2049 2893 Spiritus

459 2919 701 2977 sanctus,
732 2927 872 2966 unus
900 2911 1043 2968 Deus
1067 2929 1161 2969 rex
1186 2925 1269 2969 est
1296 2915 1616 2971 szeeulorum
1640 2914 2044 2986 praeteritorum

460 3010 518 3057 et
541 3001 877 3069 futurorum;
924 3004 1087 3059 homo
1116 3020 1244 3060 vero
1273 3014 1580 3077 assumptus
1607 3023 1635 3060 a
1672 3006 1850 3062 Verbo
1886 3021 1949 3061 ex
1980 3022 2046 3061 eo

461 3103 705 3165 tempore
743 3109 839 3150 I’BX
871 3105 957 3151 ρει
975 3095 1281 3152 futurorum
1317 3114 1383 3153 CX
1413 3113 1521 3170 quo
1547 3106 1857 3170 assumptus
1898 3106 1986 3154 εει
2012 3113 2045 3153 ει

2149 2078 2267 2121 erat
2288 2067 2602 2138 Apostolus,
2636 2077 2951 2140 tantamque
2973 2071 3203 2141 gratiam
3228 2070 3490 2136 habebat,
3516 2080 3583 2126 ut
3604 2086 3752 2127 τοδε-ι

2149 2158 2341 2215 dentes
2371 2175 2411 2216 a
2429 2160 2535 2221 ﬁde
2563 2163 2680 2219 solo
2705 2162 2871 2219 verbo
2898 2163 3139 2220 traderet
3165 2162 3403 2221 diabolo.

2782 2315 3011 2374 CAPUT
3048 2317 3112 2373 ll.

2221 2427 2448 2482 Obsecro
2498 2429 2659 2499 igitur
2696 2428 2866 2500 primo
2902 2430 3138 2485 omnium
3179 2429 3297 2497 fieri
3328 2428 3757 2497 obsecrationes,

2147 2520 2411 2573 orationes
2428 2561 2443 2585 ,
2472 2519 2854 2591 postulationes
2873 2561 2888 2586 ,
2912 2520 3208 2591 gratiarum
3230 2523 3488 2584 actiones,
3516 2539 3621 2591 pro
3644 2540 3749 2576 om.

2148 2609 2299 2663 nibus
2326 2610 2648 2676 hominibus,
2674 2627 2768 2679 pro
2799 2611 3023 2681 regibus,
3049 2620 3097 2665 et
3120 2611 3361 2667 munibus
3385 2613 3479 2683 qui
3506 2612 3565 2669 in
3593 2614 3749 2667 sutili.

2147 2701 2327 2757 mitate
2347 2702 2616 2756 constituti
2642 2710 2785 2756 sunt.
2819 2701 3017 2758 Beatus
3042 2702 3337 2773 Apostolus
3356 2704 3611 2774 dirigens
3640 2706 3749 2760 hac

2145 2792 2310 2846 verba
2342 2790 2646 2857 Timotheo,
2672 2792 2724 2845 in
2750 2791 2839 2847 illo
2868 2793 3090 2847 tradidit
3116 2792 3371 2848 omnibus
3396 2794 3755 2864 episcopisct

2144 2883 2514 2955 presbyteris,
2557 2885 2816 2956 omnique
2870 2884 3129 2947 Ecclesia:
3185 2884 3419 2941 formam
3474 2888 3750 2955 quomodo

2147 2974 2405 3031 deberent
2429 2976 2716 3031 missarum
2742 2977 3003 3033 solemnia
3027 2978 3414 3044 celebrare,et
3441 2994 3548 3050 pro
3574 2982 3748 3035 omni-

2144 3069 2250 3126 bus
2274 3070 2583 3126 bominihus
2608 3086 2803 3136 orare;
2841 3086 3004 3141 quam
3047 3070 3279 3131 formam
3312 3070 3401 3127 vel
3434 3074 3746 3143 exemplum

463 3161 671 3253 Verbo;
710 3201 838 3241 nam
877 3188 1277 3256 prieteritorum
1310 3187 1629 3246 smeulorum
1666 3204 1772 3245 non
1813 3189 1914 3244 fuit
1948 3205 2041 3247 rex

2152 3161 2325 3220 omnis
2380 3161 2620 3218 Ecclesia
2669 3163 2831 3218 modo
2880 3164 3098 3220 retinet.
3140 3163 3275 3218 Nam
3331 3165 3759 3223 obsecrationes.

460 3277 551 3334 ille
570 3278 732 3334 homo
768 3280 894 3350 quia
926 3290 1183 3337 uouerat.
1210 3280 1321 3337 Soli
1350 3281 1481 3348 Deo,
1510 3282 1564 3337 id
1586 3291 1670 3338 est
1693 3292 1896 3339 sancta!
1923 3282 2053 3339 Tria

461 3371 619 3426 uitali
647 3373 849 3435 honor,
882 3372 1033 3437 laus,
1051 3372 1332 3441 jubilatio,
1374 3380 1431 3428 et
1455 3372 1623 3443 gloria
1659 3373 1711 3428 in
1734 3373 1917 3429 omnia
1947 3389 2047 3431 sa)-
2102 3420 2105 3423 η

460 3461 583 3517 cula
611 3462 929 3535 saeculorum
954 3463 1043 3517 sit.

537 3591 655 3647 Hoc
694 3604 1008 3666 prmeeptum
1030 3636 1046 3660 ,
1077 3598 1328 3665 superius
1356 3597 1591 3665 dictum,
1634 3600 1761 3670 quia
1800 3599 2049 3660 Christus

458 3683 620 3740 'Jesus
649 3686 795 3740 venit
825 3696 1140 3755 peccatores
1166 3689 1343 3745 salvos
1380 3689 1593 3756 facere,
1629 3692 1714 3746 vel
1744 3693 1907 3749 etiam
1944 3695 2047 3752 hoc

466 3787 797 3847 pmceptum
822 3781 1124 3836 commendo
1151 3782 1243 3836 tibi
1265 3782 1411 3853 quod
1434 3783 1677 3841 dicturus
1698 3800 1843 3853 sum,
1862 3788 1944 3857 ﬁli
1966 3788 2050 3843 Ti-

466 3869 698 3936 motheo,
723 3872 1017 3927 secundum
1041 3875 1409 3944 praecedentes
1441 3876 1495 3931 in
1525 3884 1577 3932 te
1609 3881 1924 3948 prophetias
1945 3922 1960 3947 ,
1988 3891 2050 3944 ut.

465 3959 666 4016 milites
686 3960 738 4015 in
756 3962 858 4017 illis
880 3964 1074 4020 bonam
1103 3966 1368 4021 militiam.
1400 3967 1720 4040 Prophetias
1739 3974 2049 4041 praecedes.

463 4059 546 4105 tes
579 4050 809 4121 appellat
846 4052 1254 4125 intelligentiam
1295 4058 1681 4131 prophetarum
1703 4100 1718 4127 ,
1757 4076 1920 4130 quam
1951 4063 2047 4125 lia-

460 4142 624 4199 bebat
663 4143 978 4203 Timotheus
1014 4158 1306 4219 antequam
1344 4150 1628 4208 ordinatus
1663 4163 1810 4209 esset
1835 4157 2047 4226 episco—

460 4250 561 4304 pus
594 4253 608 4291 :
641 4236 995 4304 Commendo,
1032 4240 1235 4311 inqu-it,
1267 4242 1361 4299 tibi
1392 4244 1495 4300 hoc
1523 4256 1851 4318 praeceptum
1871 4290 1886 4317 ,
1921 4252 2049 4306 subc

463 4327 619 4383 audis
657 4328 1061 4399 intelligentiam
1098 4334 1486 4404 prophetarum
1505 4377 1522 4403 ,
1547 4352 1669 4407 quae
1687 4342 1965 4409 pmcessit
1991 4343 2043 4398 in

463 4431 523 4472 re
544 4426 830 4488 antequam
861 4421 1142 4493 episcopus
1177 4425 1459 4481 ordinatus
1490 4442 1522 4482 a
1560 4443 1680 4495 me,
1725 4438 1786 4483 ut
1823 4432 2042 4498 milites,

378 4582 397 4595 κ
461 4510 518 4565 id
546 4518 628 4566 est
656 4520 829 4568 certes
864 4513 917 4567 in
955 4513 1056 4571 illis
1102 4516 1399 4586 prophetiis
1435 4516 1633 4574 bonam
1674 4520 1953 4589 militiam,
1992 4524 2045 4580 id

2072 3251 2118 3313 C
2150 3259 2278 3308 sunt
2298 3252 2556 3322 quidquid
2584 3253 2840 3323 praecedit
2870 3253 2922 3307 in
2946 3255 3231 3309 missarum
3245 3253 3554 3320 solemniis,
3577 3270 3743 3325 usque

2152 3344 2219 3399 ad
2244 3342 2392 3398 illum
2430 3341 2606 3403 locum
2638 3344 2728 3398 ubi
2773 3344 2963 3414 incipit
2989 3344 3243 3400 sacerdos
3269 3360 3607 3401 consecrare
3637 3362 3744 3416 my-

2150 3435 2316 3493 steria
2357 3435 2599 3505 corporis
2635 3443 2690 3491 et
2724 3437 3002 3506 sanguinis
3040 3437 3253 3492 Domini
3275 3478 3289 3503 ,
3323 3439 3589 3509 inquiens
3622 3458 3635 3469 -
3672 3440 3743 3494 Te

2150 3526 2344 3596 igitur,
2386 3525 2807 3583 clementissime
2861 3527 3055 3592 Pater,
3098 3529 3400 3598 petimus...
3457 3528 3749 3587 Gratiana

2151 3625 2279 3672 sunt
2313 3632 2449 3687 quas
2482 3618 2660 3673 fundit
2687 3620 2942 3674 sacerdos
2995 3620 3049 3673 in
3093 3621 3515 3677 consecratione
3536 3623 3746 3677 Eucha-

2150 3707 2316 3763 ristite
2332 3722 2502 3777 usque
2527 3709 2592 3763 ad
2616 3708 2934 3772 fractionem
2958 3713 3204 3783 corporis
3225 3712 3467 3778 Domini,
3490 3714 3745 3769 videlicet

2148 3801 2365 3871 quando
2410 3802 2732 3872 particulam
2782 3806 3072 3874 quamdam
3120 3807 3376 3862 sacerdos
3418 3807 3476 3861 in
3517 3807 3747 3865 calicem.

2148 3894 2320 3967 ponit.
2350 3894 2747 3951 Postulationes
2777 3904 2901 3950 sunt
2932 3897 3338 3955 benedictiones
3380 3898 3742 3968 episcopales,

2151 4002 2285 4057 quas
2302 3986 2434 4042 dicit
2455 3988 2742 4057 episcopus
2757 4002 2919 4057 super
2936 3989 3211 4059 populum,
3247 3990 3521 4045 invocans
3544 4006 3743 4045 nomen

2148 4078 2242 4141 Dei
2274 4093 2437 4148 super
2465 4078 2644 4143 illum,
2672 4080 2815 4148 quod
2849 4088 3079 4137 tractum
3108 4089 3193 4137 est
3224 4097 3291 4137 ex
3318 4082 3507 4137 Veteri
3548 4083 3744 4138 Testa.

2148 4179 2348 4229 metito.
2383 4170 2487 4224 Per
2513 4169 2729 4241 Moysen
2762 4178 2994 4242 namque
3023 4173 3159 4231 dixit
3186 4173 3449 4230 Dominus
3486 4178 3744 4231 sacerdo—

2150 4262 2293 4320 tibus
2326 4280 2337 4315 :
2372 4262 2697 4317 lnvocabitis
2725 4280 2911 4318 nomen
2942 4281 3114 4319 meum
3138 4281 3291 4335 super
3316 4266 3461 4334 ﬁlios
3500 4266 3679 4321 Israel
3696 4277 3743 4321 et

2145 4371 2237 4425 ego
2260 4355 2561 4411 benedicans
2575 4356 2649 4410 eis
2679 4356 2866 4427 (Nam.
2896 4358 2996 4427 vr).
3014 4357 3327 4413 Gratiarum
3344 4359 3597 4415 actiones
3620 4369 3744 4415 sum

2147 4446 2333 4502 laudes
2376 4463 2512 4517 quas
2558 4449 2954 4505 communicato
2994 4448 3194 4520 populo
3241 4449 3416 4507 refert
3479 4453 3741 4508 sacerdos

2149 4539 2259 4595 Deo
2300 4539 2467 4604 Patri,
2515 4541 2606 4609 qui
2656 4540 2907 4611 dignatus
2956 4550 3040 4596 est
3084 4542 3342 4612 mysteria
3386 4544 3646 4614 corporis
3688 4553 3742 4597 et

461 4609 547 4656 est
567 4617 803 4706 pugnam
824 4645 841 4670 ν
869 4605 1110 4662 docendo
1157 4616 1208 4661 te
1229 4615 1295 4706 et
1315 4608 1453 4706 aliog
1474 4609 1619 4706 quod
1651 4611 1916 4680 praedicas
1948 4628 2045 4669 ore
2074 4613 2123 4673 Ι)
2149 4630 2426 4701 sanguinis
2451 4605 2567 4691 Filii
2604 4632 2686 4688 sui
2713 4605 2843 4688 dare
2865 4633 2946 4689 eis
2965 4634 3035 4688 ad
3065 4605 3295 4691 salutem
3324 4642 3381 4690 et
3406 4605 3740 4706 redemptio.

460 4693 793 4762 perﬁciendo
816 4710 1004 4768 opere:
1038 4714 1162 4755 nam
1185 4700 1377 4756 militia
1404 4702 1604 4758 dicitur
1629 4719 1833 4776 pugna,
1859 4716 1913 4764 et
1944 4708 2045 4765 mi-

458 4783 540 4844 les
563 4797 847 4860 pugnator.

535 4902 748 4963 Habeas
768 4906 949 4978 ﬁdem,
966 4911 1223 4966 subaudis
1244 4920 1469 4980 rectam,
1496 4923 1545 4969 et
1562 4918 1933 4974 conscientiam
1960 4921 2047 4975 Ιιοι

460 5012 619 5063 nam,
647 4996 700 5051 id
728 5005 812 5053 est
839 4998 1037 5056 bonam
1063 5015 1246 5071 spem,
1279 5017 1400 5073 quae
1432 5004 1752 5078 intelligitur
1784 5024 1880 5080 per
1906 5026 2041 5067 con—

461 5086 769 5154 scientiam,
789 5088 933 5145 sicut
956 5091 1115 5164 paulo
1136 5093 1385 5163 superius
1402 5095 1772 5165 praediximus.
1800 5098 1893 5156 llle
1913 5116 2046 5171 ergo

462 5178 623 5236 habet
664 5178 864 5238 bonam
901 5198 1051 5256 spem
1095 5185 1187 5256 qui
1227 5185 1352 5242 talia
1392 5201 1556 5258 Opera
1582 5190 1694 5261 agit
1718 5174 1824 5261 pro
1845 5177 2044 5262 quibus

462 5278 645 5343 sperat
669 5286 728 5329 se
753 5274 975 5345 praemia
1006 5284 1204 5332 aeterna
1232 5289 1635 5350 percepturum.
1679 5280 1873 5348 Quam,
1908 5284 2040 5339 sub-

465 5364 619 5422 audis
652 5365 813 5424 ﬁdem
852 5368 938 5425 vel
972 5384 1121 5441 spem
1142 5411 1156 5440 ,
1194 5371 1494 5443 repellentes
1522 5374 1770 5445 quidam,
1812 5377 1951 5431 circa
1976 5376 2044 5444 fi-

464 5456 581 5512 dem
604 5460 1068 5534 nanfragaoerunt.
1084 5462 1436 5537 Naufragium
1456 5465 1655 5522 dicitur
1675 5466 1832 5522 navis
1849 5466 2040 5535 fracta;

466 5559 523 5608 et
542 5551 685 5608 sicut
725 5553 815 5610 ille
859 5555 1100 5611 nudatur
1144 5571 1176 5611 a
1205 5557 1505 5613 substantia
1536 5571 1634 5613 sua
1677 5572 1839 5628 quam
1878 5558 2043 5615 habe-

465 5643 559 5701 bat
586 5644 643 5700 in
672 5647 794 5702 navi
822 5648 912 5718 qui
937 5647 1279 5719 naufragium
1306 5658 1537 5719 patitur,
1576 5656 1632 5704 et
1674 5649 1896 5721 insuper
1927 5650 2042 5721 ipse

463 5734 627 5809 perit,
658 5736 730 5792 ita
758 5738 848 5808 qui
904 5738 1167 5808 repellunt
1198 5738 1357 5795 ﬁdem
1382 5740 1656 5795 nudantur
1676 5755 1706 5794 a
1732 5741 1962 5796 veritate
1987 5740 2043 5796 ﬁ-

464 5825 582 5895 dei,
625 5836 679 5883 et
726 5839 953 5900 pereunt
1000 5831 1220 5901 insuper
1263 5839 1465 5887 aeterna
1512 5831 1833 5902 perditione.
1884 5831 2041 5891 Circa

2153 4735 2299 4776 nem.
2347 4720 2415 4777 Et
2463 4737 2530 4775 ne
2577 4720 2716 4777 forte
2770 4723 2974 4778 diceret
3023 4723 3269 4793 aliquis:
3314 4721 3435 4778 Non
3476 4724 3735 4779 debemis

2151 4825 2308 4867 orare
2334 4827 2431 4884 pro
2458 4813 2670 4883 regibus
2697 4812 3003 4870 inﬁdelibus
3022 4823 3076 4871 et
3098 4814 3366 4881 iudicibus
3391 4830 3459 4870 ac
3487 4816 3737 4877 ducibus,

2150 4904 2274 4975 quia
2318 4904 2511 4974 pagani
2532 4911 2696 4987 .sunt,
2723 4906 2985 4976 praecepit
3020 4905 3315 4975 Apostolus
3354 4920 3456 4975 pro
3478 4907 3738 4961 omnibus

2151 4992 2460 5050 hominibus
2488 5009 2669 5060 orare,
2696 4995 3112 5066 eodem-Spiritu
3143 5006 3335 5057 sancto
3359 4996 3597 5061 altlatus,
3624 5012 3735 5067 quo

2148 5092 2204 5139 et
2235 5083 2501 5142 Jeremias
2546 5088 2843 5157 propheta,
2885 5090 2977 5163 qui
3010 5089 3159 5152 misit
3201 5090 3485 5161 epistolam
3536 5090 3738 5146 Judais

2149 5176 2242 5247 qui
2282 5176 2526 5233 erantin
2576 5178 2850 5251 Babylone
2905 5190 2964 5235 ut
3006 5191 3230 5239 orarent
3282 5197 3381 5253 pro
3428 5183 3542 5238 vita
3593 5183 3736 5255 regis

2150 5270 2644 5328 Nabuchodonosor
2658 5273 3001 5346 ﬁliorumque
3016 5274 3151 5344 ejus,
3179 5283 3238 5331 et
3257 5291 3358 5348 pro
3384 5289 3518 5345 pace
3545 5276 3739 5331 civita-

2152 5364 2222 5421 tis
2238 5363 2305 5419 ad
2335 5378 2496 5434 quam
2518 5364 2664 5420 ducti
2694 5373 2852 5421 erant
2889 5365 3534 5439 captivi,inquiens(ler.
3556 5365 3731 5433 xxix):

2151 5456 2275 5512 Ideo
2297 5456 2504 5515 debetis
2533 5473 2693 5514 orare
2720 5473 2823 5530 pro
2846 5459 2963 5526 eis,
2990 5460 3118 5528 quia
3140 5460 3195 5513 in
3225 5473 3360 5530 pace
3391 5459 3608 5515 illorum
3626 5461 3734 5515 erit

2150 5565 2255 5620 pax
2305 5560 2506 5606 vestra.
2547 5552 2812 5611 Similiter
2857 5561 2915 5609 et
2970 5551 3263 5622 Apostolus
3310 5553 3487 5608 reddit
3539 5566 3734 5608 causas

2150 5657 2320 5714 quare
2341 5643 2467 5701 talia
2493 5646 2774 5715 prtecipiat
2806 5664 2820 5700 :
2852 5643 2923 5700 Ut
2959 5643 3300 5715 tranquillam
3322 5655 3372 5700 et
3398 5646 3650 5716 quietam,
3678 5644 3731 5699 id

2149 5746 2235 5792 est
2258 5737 2565 5808 paciﬁcum,
2595 5740 2750 5793 vitam
2778 5754 2997 5811 agamus
3032 5739 3089 5792 in
3119 5739 3261 5793 omni
3295 5738 3557 5807 pietate“
3576 5736 3734 5790 casti-

2151 5839 2274 5885 tate.
2318 5829 2497 5887 Pietas
2536 5842 2618 5887 est
2655 5830 2833 5889 cultus
2867 5839 2924 5888 et
2964 5828 3156 5903 religio
3184 5827 3571 5902 omnipotentis
3612 5825 3730 5888 Dei.
