3952 6340
203 351 310 413 7-89

893 345 1258 406 EXPOSITIO
1296 345 1364 401 IN
1400 346 1548 402 EPP.
1593 344 1651 402 S.
1690 345 1916 403 PAULI.
1955 376 2026 388 -—
2060 347 2126 402 IN
2167 348 2385 405 EPIST.
2427 350 2445 406 l
2487 349 2579 406 AD
2616 349 2756 408 rm.

3375 353 3484 413 790

202 469 331 539 Ideo
369 480 499 538 ergo
526 461 788 520 orandum
823 471 908 519 est
936 464 1109 520 servis
1151 461 1246 518 Dei
1281 477 1380 533 pro
1421 461 1565 533 regis
1603 460 1711 515 vita
1734 469 1789 515 et
1818 472 1869 529 Α
1895 461 2177 518 Trinitatis
2214 467 2428 532 venire,
2472 479 2591 536 qua:
2625 475 2709 521 est
2757 479 2969 522 summa
3014 475 3070 522 et
3109 467 3484 526 substantialis

205 575 340 634 pace
365 558 539 630 regni,
572 564 632 610 ut
656 556 756 626 ipsi
788 555 1012 611 liberius
1039 555 1250 626 possint
1284 553 1449 609 dediti
1475 567 1596 608 esse
1627 551 1794 608 cultui

203 661 263 710 et
294 649 543 722 religioni
571 647 700 712 Dei,
740 648 866 717 quia
889 645 1207 717 plerumque
1235 646 1362 699 dum
1393 640 1796 713 bostes'fugant

203 760 394 802 servos
425 743 519 798 Dei
553 758 584 796 a
615 742 851 811 propriis
875 741 1122 805 sedibus,
1163 749 1219 794 et
1246 738 1543 794 desaeviunt
1573 734 1712 790 bella
1743 742 1799 788 ct

203 839 501 896 seditiones
530 851 627 906 per
653 847 837 905 regna,
872 849 977 889 non
1007 841 1232 904 possunt
1255 831 1306 885 in
1329 828 1538 884 cultura
1561 828 1655 882 Dei
1677 843 1798 883 esse

205 931 400 988 intenti
441 943 536 1000 per
573 927 756 983 omnia
787 927 931 982 sicut
956 935 1198 996 tempore
1225 924 1393 995 pacis.
1425 922 1606 976 Pietas
1632 921 1798 976 etiam

187 1032 292 1082 "est
319 1019 701 1078 misericordia.
721 1034 882 1089 quam
913 1018 1172 1072 debemus
1205 1015 1520 1085 impendere
1549 1012 1798 1083 pauperi-

203 1115 308 1178 bus
337 1121 393 1168 et
436 1109 820 1180 indigentibus.
855 1107 913 1164 Si
953 1123 1084 1178 ergo
1109 1106 1490 1176 deprtcdamur
1520 1104 1588 1157 ab
1631 1102 1799 1157 hosti-

209 1205 346 1272 bus,
393 1220 501 1260 non
547 1218 840 1274 possumus
896 1216 1032 1272 opus
1081 1199 1469 1255 misericordia:
1517 1211 1793 1260 exercere,

214 1300 343 1369 quia
371 1312 479 1351 non
518 1294 662 1350 valet
697 1292 1122 1349 misericordiam
1154 1290 1466 1360 impendere
1489 1288 1676 1353 alteri,
1703 1286 1796 1358 qui

206 1407 315 1446 non
372 1390 537 1446 habet
592 1388 736 1443 unde
784 1385 1061 1440 miseriam
1110 1399 1260 1438 suam
1317 1382 1402 1436 vel
1446 1381 1798 1452 semetipsum

205 1461 492 1538 sustentet.
526 1478 634 1534 Sed
671 1487 732 1532 ut
766 1477 1062 1532 habeamus
1089 1475 1231 1530 unde
1267 1473 1666 1544 elcemosynam
1702 1471 1800 1526 tri-

204 1574 470 1639 buamus,
509 1572 775 1628 orandum
817 1579 900 1625 est
929 1585 1028 1640 pro
1064 1569 1172 1624 vita
1204 1569 1346 1638 regis
1375 1583 1439 1621 ac
1467 1565 1792 1636 principum,

203 1675 260 1723 et
287 1683 385 1738 pro
415 1680 546 1736 pace
569 1664 753 1734 regni,
781 1672 837 1718 et
873 1672 931 1716 ut
969 1677 1191 1733 agamus
1229 1661 1395 1715 vitam
1428 1668 1671 1714 nostram
1692 1699 1706 1723 ,
1742 1656 1796 1713 id

202 1767 288 1815 est.
315 1759 575 1812 ducamus
621 1756 677 1810 in
729 1755 876 1809 omni
921 1753 1170 1810 castitate
1213 1750 1478 1821 corporis.
1526 1750 1795 1820 Tempore

1899 552 2118 608 veritas.

1969 641 2115 700 Unus
2140 646 2276 700 enim
2302 645 2461 712 Deus,
2487 647 2670 714 Pater,
2705 658 2760 704 et
2781 649 2969 717 Filius,
3000 667 3064 708 ac
3093 650 3329 722 Spiritus
3355 671 3482 709 sau-

1897 743 2048 802 ctus,
2075 753 2210 791 unus
2249 738 2508 791 mediator
2539 739 2632 792 Dei
2662 750 2709 793 et
2746 741 3013 795 hominum
3054 742 3206 796 homo
3242 742 3482 799 Christus

1895 827 2070 882 Jesus.
2099 828 2358 883 Dominus
2392 828 2550 884 Jcsus
2584 829 2637 884 in
2668 847 2773 885 una
2803 847 3032 902 persona
3064 848 3222 889 verus
3252 834 3393 890 Deus
3427 845 3482 891 et

1897 937 2058 978 verus
2106 923 2266 977 homo
2293 932 2408 989 est;
2439 923 2483 978 si
2519 921 2856 980 solummodo
2891 928 3033 984 Deus
3060 937 3226 996 esset,
3259 945 3364 984 non
3394 946 3484 1004 po-

1897 1019 2037 1067 terat
2065 1028 2186 1069 esse
2218 1015 2482 1070 mediator
2511 1024 2695 1071 noster
2729 1035 2740 1070 :
2773 1018 2897 1088 quia
2935 1019 3047 1090 ipse
3078 1019 3131 1074 in
3163 1029 3354 1075 natura
3386 1020 3480 1076 Di-

1898 1103 2160 1169 vinitatis,
2184 1105 2670 1162 uniussubstantia:
2696 1117 2912 1163 estcum
2940 1109 3120 1166 Patre.
3150 1111 3403 1180 Econtra,
3436 1113 3482 1169 si

1897 1193 2237 1250 solummodo
2257 1196 2420 1251 homo
2455 1212 2620 1266 purus
2646 1208 2811 1264 esset.
2846 1216 3185 1272 nequaquam
3218 1205 3484 1262 mediator

1895 1296 2040 1342 esset
2067 1287 2206 1343 inter
2229 1303 2327 1344 nos
2349 1298 2403 1344 et
2431 1289 2597 1344 Deum
2630 1289 2865 1357 Patrem,
2906 1293 3032 1364 quia
3057 1304 3314 1364 peccator
3339 1306 3486 1352 esset

1896 1389 1953 1437 et
1979 1382 2168 1438 similis
2195 1383 2349 1438 nobis
2371 1383 2638 1438 omnibus.
2666 1384 2890 1456 Accepit
2923 1401 3053 1458 ergo
3088 1388 3481 1446 humanitatem

1898 1483 2133 1530 nostram
2166 1475 2257 1546 qui
2291 1475 2431 1531 Deus
2459 1486 2578 1530 erat
2605 1495 2618 1530 :
2651 1485 2704 1532 ct
2725 1493 2822 1548 per
2849 1478 2950 1535 hoc
2971 1484 3096 1550 quia
3125 1482 3241 1537 sine
3263 1493 3484 1552 peccato

1897 1576 2210 1636 conceptus,
2245 1575 2420 1631 natus,
2454 1579 2508 1622 et
2539 1580 2891 1624 conversatus
2917 1580 3038 1636 est,
3077 1572 3215 1628 Deus
3243 1589 3401 1628 verus
3431 1585 3486 1631 et

1898 1657 2058 1712 homo
2087 1658 2347 1724 existens,
2379 1659 2694 1714 innocenter
2717 1675 2814 1730 pro
2840 1662 2993 1716 nobis
3019 1673 3284 1730 mortuus,
3313 1663 3484 1720 factus

1898 1758 1981 1804 est
2011 1750 2276 1804 mediator
2303 1759 2510 1816 noster,
2546 1751 2673 1820 quia
2720 1767 2878 1808 nemo
2907 1762 2990 1808 est
3028 1752 3170 1810 Deus
3198 1767 3254 1810 et
3283 1755 3442 1810 homo
3467 1797 3481 1820 ,

202 1851 358 1923 pacis
404 1857 680 1918 utcunque
711 1853 916 1902 etcum
960 1845 1183 1900 minima
1229 1841 1542 1898 diﬂicultate
1585 1840 1792 1896 servari
1823 1834 1868 1894 Β
1897 1843 2000 1900 nisi
2048 1844 2160 1914 ipse
2199 1843 2377 1909 solus,
2410 1859 2534 1898 nam
2579 1844 2845 1900 mediator
2881 1862 2986 1901 non
3025 1857 3202 1918 potest
3233 1863 3352 1904 esse
3381 1851 3483 1904 nisi

202 1951 382 2016 potest
403 1942 654 2006 castitas,
689 1940 906 2010 quando
942 1953 1072 1993 vero
1122 1937 1466 2007 deprendatur
1499 1951 1725 2007 regnum
1761 1949 1790 1990 a

201 2037 550 2110 prmdonibus
577 2045 633 2091 et
663 2034 938 2098 hostibus,
980 2046 1320 2100 nequaquam
1347 2037 1527 2101 potest
1563 2027 1791 2093 servari,

203 2129 332 2199 quia
381 2126 594 2182 Domini
637 2125 728 2196 qui
777 2123 1068 2195 deprsedati
1113 2130 1239 2176 sunt
1271 2122 1544 2192 captivos,
1576 2120 1795 2190 explent

201 2219 537 2276 voluntatem
570 2232 722 2271 suam
759 2223 813 2270 et
846 2213 1242 2269 immunditiam
1273 2227 1394 2268 cum
1431 2212 1512 2267 eis
1549 2220 1608 2265 ut
1643 2211 1792 2277 libet,

203 2329 307 2370 nec
343 2313 528 2366 valent
570 2310 845 2365 resistere.
886 2306 1228 2378 Quapropter
1259 2305 1522 2361 orandum
1567 2311 1652 2359 est
1696 2319 1795 2374 pro

203 2407 379 2463 salute
406 2414 462 2461 et
492 2405 598 2460 vita
624 2403 863 2458 ﬁdelium
891 2415 1076 2470 regum
1100 2408 1155 2453 et
1186 2398 1511 2469 principum,
1542 2404 1601 2451 ut
1625 2395 1792 2464 longo

205 2508 452 2568 tempore
492 2495 834 2558 conservati,
868 2506 1058 2562 pacem
1091 2491 1327 2546 habeant
1354 2497 1410 2544 et
1452 2501 1708 2556 regnum,
1739 2494 1794 2540 et

205 2590 380 2659 magis
417 2604 480 2644 ac
506 2587 680 2658 magis
704 2584 989 2656 proficiant
1027 2582 1080 2636 in
1113 2580 1324 2636 melius.
1355 2577 1461 2633 Pro
1491 2575 1794 2632 infelicibus

203 2699 421 2756 quoque
445 2681 708 2738 orandum
735 2687 839 2746 est,
864 2687 924 2735 ut
944 2677 1268 2749 resipiscant
1292 2675 1361 2730 ab
1387 2671 1724 2737 infidelitate,
1740 2679 1796 2726 et

205 2781 486 2843 transeant
514 2771 583 2827 ad
606 2770 789 2826 tidem.

278 2949 396 3005 Hoc
426 2948 565 3004 enim
589 2947 783 3001 bonum
811 2952 886 3000 est
924 2959 1098 2998 coram
1129 2940 1399 2997 Saluatore
1442 2947 1618 2992 nostro
1661 2935 1790 3000 Deo,

202 3040 464 3098 subaudis
494 3046 550 3094 ut
571 3053 668 3108 pro
695 3036 948 3092 omnibus
972 3032 1284 3090 hominibus
1310 3046 1556 3093 oremus,
1575 3029 1665 3099 qui
1689 3027 1793 3082 vult

203 3151 382 3196 omnes
402 3135 635 3188 homines
665 3130 834 3186 salvos
862 3131 977 3200 ﬁeri
997 3171 1010 3195 ,
1037 3139 1082 3184 et
1113 3129 1181 3182 ad
1211 3128 1528 3198 agnitionem
1564 3123 1794 3180 veritatis

202 3227 394 3288 uenire.
415 3225 548 3281 Cum
571 3198 1054 3279 Psalmistavdicat:
1080 3219 1268 3274 Omnia
1289 3233 1608 3288 quotcunque
1634 3214 1793 3271 valuit
1822 3198 1867 3260 C

201 3320 466 3376 Dominus
494 3318 613 3387 fecit
650 3315 821 3389 (Psal.
860 3316 1046 3386 cum);
1084 3324 1138 3370 ct
1176 3313 1466 3385 Apostolus
1497 3331 1509 3366 :
1539 3311 1640 3379 Qui
1682 3311 1798 3365 vult

201 3428 397 3467 omnes
437 3411 682 3466 homines
722 3409 900 3464 salvos
955 3407 1091 3472 ﬁeri,
1130 3405 1480 3476 quaerendum
1518 3413 1598 3458 est
1629 3417 1798 3472 quare

201 3520 396 3562 omnes
430 3504 678 3558 homines
708 3518 812 3558 non
853 3502 1166 3555 salvantur?
1195 3500 1274 3553 Ad
1305 3499 1448 3568 quod
1476 3495 1793 3560 dicendum,

203 3600 331 3668 quia
356 3613 542 3651 verum
573 3596 815 3666 estquod
837 3594 1094 3648 Psalmita
1117 3593 1266 3646 dicit.
1295 3590 1432 3656 Quia
1457 3591 1563 3660 ipse
1590 3588 1720 3641 dixit
1749 3597 1797 3641 et

205 3690 352 3760 facta
397 3697 516 3742 sunt
549 3684 722 3757 (Psal.
755 3686 930 3756 χχιιι)
959 3725 972 3748 ,
1021 3682 1271 3737 similiter
1318 3695 1506 3735 omnes
1551 3679 1799 3733 homines

209 3783 326 3837 vult
347 3782 553 3837 salvere
583 3781 673 3850 qui
715 3779 1012 3842 salvantur,
1044 3785 1096 3830 ct
1121 3776 1213 3846 qui
1244 3791 1340 3845 per
1370 3773 1796 3830 misericordiam

213 3881 461 3944 quterunt
487 3871 703 3926 salvari.
731 3870 923 3924 Totum
957 3869 1099 3923 enim
1144 3883 1241 3937 pro
1270 3875 1424 3935 parte
1455 3864 1632 3938 posuit
1659 3863 1799 3932 Apo-

211 3962 406 4024 stolus,
438 3963 576 4017 sicut
603 3970 658 4014 et
688 3960 740 4014 in
771 3957 1083 4028 Evangelio,
1125 3957 1216 4026 ubi
1243 3956 1372 4018 dicit
1403 3955 1661 4009 Dominus
1694 3971 1706 4006 :
1740 3951 1798 4008 Si

205 4053 474 4114 exaltatus
499 4053 647 4123 fuero
675 4070 707 4105 a
731 4061 900 4115 terra,
935 4049 1112 4114 omnia
1149 4049 1354 4104 traham
1394 4048 1463 4100 ad
1506 4063 1584 4100 me
1614 4045 1794 4113 (Joan.

204 4144 331 4215 xu).
350 4143 465 4198 Non
484 4143 626 4198 enim
647 4157 835 4202 omnes
860 4141 1108 4198 homines
1132 4140 1423 4205 traxit,aut
1440 4137 1604 4192 trahit
1627 4136 1692 4190 ad
1715 4150 1796 4201 se,

202 4237 302 4292 sed
328 4235 536 4300 omnia,
555 4233 822 4308 subaudis
850 4233 1043 4300 electa,
1062 4240 1117 4285 et
1142 4247 1208 4286 ex
1235 4230 1486 4285 omnibus
1509 4229 1800 4300 generibus

201 4337 258 4393 et
283 4327 563 4398 gentibus,
586 4334 642 4379 et
665 4341 732 4380 ex
760 4323 905 4392 omni
934 4338 1064 4379 sexu
1096 4332 1151 4377 et
1179 4319 1491 4376 conditione
1517 4336 1548 4374 a
1579 4319 1799 4389 regibus

203 4433 380 4488 usque
421 4418 490 4472 ad
531 4416 864 4481 mendicum,
899 4431 928 4468 a
965 4413 1222 4484 perfectis
1261 4429 1433 4482 usque
1473 4409 1541 4466 ad
1571 4426 1799 4481 puerum

199 4510 289 4565 vel
327 4507 592 4564 infantem
627 4508 784 4562 unius
811 4507 937 4562 diei.
973 4505 1141 4561 Nemo
1191 4514 1370 4558 tamen
1397 4511 1573 4573 potest
1599 4501 1794 4558 salvari

201 4602 310 4657 nisi
343 4615 507 4670 quem
532 4599 793 4654 Dominus
817 4597 949 4663 vult,
975 4597 1100 4667 quia
1139 4596 1252 4665 ipse
1283 4593 1434 4664 cujus
1474 4593 1589 4647 vult
1635 4593 1798 4647 mise-

202 4701 360 4748 retur
381 4691 554 4764 (Rom.
573 4689 672 4761 ιι).
699 4689 756 4744 Si
778 4689 919 4745 enim
945 4702 1134 4758 omnes
1154 4687 1401 4741 homines
1429 4685 1482 4739 in
1507 4700 1601 4739 sua
1619 4684 1796 4755 perdi-

201 4784 356 4840 tione
386 4783 728 4844 mansissent,
766 4788 973 4836 rectum
1006 4779 1100 4834 Dei
1124 4777 1387 4847 judicium
1415 4787 1591 4843 esset;
1620 4776 1714 4832 sed
1740 4784 1798 4831 ut

200 4875 326 4946 ejus
351 4873 728 4928 misericordia
756 4881 811 4927 et
836 4870 1074 4941 potentia
1105 4869 1502 4936 ostenderet-ur,
1531 4869 1656 4939 quia
1683 4869 1797 4939 ipse

199 4975 401 5041 potens
429 4973 516 5034 est
554 4979 744 5020 omnes
785 4963 1033 5019 homines
1061 4961 1300 5027 salvare,
1347 4961 1400 5015 in
1444 4960 1550 5018 illis
1580 4961 1671 5030 qui
1703 4975 1796 5032 pe-

203 5065 370 5112 reunt
397 5055 636 5111 ostendit
674 5069 831 5109 suum
879 5060 1086 5107 rectum
1126 5051 1391 5120 judicium
1423 5061 1477 5106 et
1511 5053 1564 5107 in
1593 5053 1678 5108 his
1705 5051 1796 5122 qui

202 5150 491 5210 salvantur
520 5163 672 5204 suam
705 5143 1155 5222 misericordiam.
1192 5143 1458 5198 Praevenit
1504 5143 1650 5198 enim
1699 5159 1797 5199 nos

201 5241 329 5312 ejus
356 5242 534 5314 gratia
562 5249 624 5296 ut
649 5239 895 5303 velimus,
926 5239 1086 5293 debet
1115 5247 1296 5292 nostra
1328 5236 1576 5291 voluntas
1605 5235 1796 5301 volun-

207 5333 312 5388 tati
363 5331 509 5388 illius
555 5331 918 5399 concordare,
969 5337 1020 5384 et
1066 5339 1192 5383 tunc
1240 5328 1372 5398 ipse,
1401 5327 1548 5381 dabit
1599 5341 1756 5396 posse
1783 5367 1798 5392 ,

206 5434 374 5496 atque
397 5439 463 5480 ex
495 5425 611 5480 hoc.
631 5423 776 5494 quod
810 5420 926 5491 ejus
956 5421 1214 5492 voluntati
1245 5419 1522 5489 iungimus
1561 5427 1798 5473 nostram

206 5517 579 5583 voluntatem,
639 5515 784 5587 digni
849 5497 1035 5570 sumus
1093 5513 1545 5568 remuneratione.
1597 5511 1798 5567 Tamen

211 5617 390 5663 totum
428 5608 570 5662 illius
601 5607 788 5679 gratiae
819 5615 903 5662 est
951 5605 1360 5662 retribuendum
1385 5603 1646 5674 quidquid
1676 5604 1800 5659 boni

211 5703 447 5774 agimus.
476 5701 579 5768 Qui
608 5701 739 5766 vult,
765 5700 958 5771 inquit,
976 5714 1164 5756 omnes
1189 5699 1436 5754 homines
1462 5697 1638 5754 salvos
1665 5698 1797 5762 ﬁeri,

211 5793 478 5854 Subaudis
521 5793 610 5865 qui
661 5794 986 5870 salvantur,
1023 5801 1079 5850 et
1113 5794 1179 5849 ad
1227 5792 1556 5870 agnitionem
1604 5803 1802 5849 sancta:

1824 4555 1874 4616 D

1895 1934 2037 1990 inter
2066 1935 2199 1989 duas
2239 1943 2439 2005 partes.
2485 1935 2581 1990 Est
2628 1945 2807 1992 autem
2861 1939 3127 1994 mediator
3174 1937 3350 1995 malus
3390 1945 3483 2010 qui

1893 2034 2118 2094 generat
2139 2025 2434 2081 discordias
2463 2025 2606 2082 inter
2639 2026 2774 2082 duos
2801 2044 2814 2093 ;
2849 2026 3024 2084 bonus
3060 2045 3187 2084 vero
3219 2029 3484 2084 mediator

1895 2127 2116 2188 generat
2157 2126 2212 2173 et
2255 2126 2509 2188 procurat
2557 2134 2777 2190 pacem,
2826 2120 2966 2175 sicut
3022 2121 3281 2177 Dominus
3327 2119 3482 2177 Jesus

1894 2210 2040 2264 inter
2069 2226 2165 2266 nos
2195 2221 2249 2265 et
2275 2211 2441 2266 Deum
2471 2212 2708 2268 Patrem.

1966 2303 2070 2369 Qui
2117 2304 2258 2358 dedit
2306 2305 2703 2375 redemptionem
2751 2323 2846 2375 pro
2898 2307 3173 2369 omnibus,
3227 2305 3482 2362 subaudis

1893 2396 2098 2453 electis.
2125 2396 2297 2464 Quam
2328 2397 2789 2467 redemptionem?
2813 2399 3166 2467 semetipsum.
3207 2397 3306 2466 Qui
3337 2398 3483 2452 dedit

1893 2489 2056 2545 etiam
2087 2489 2458 2554 testimonium,
2483 2487 2740 2552 subaudis
2767 2487 3179 2548 resurrectionis
3209 2496 3406 2542 nostrae
3427 2497 3482 2540 ct

1894 2577 2228 2642 ascensionis
2270 2578 2337 2631 ad
2377 2577 2768 2642 beatitudinem
2811 2585 3108 2643 mternam,
3153 2577 3481 2648 temporibus

1894 2670 2008 2724 suis
2032 2709 2046 2736 ,
2081 2669 2135 2723 id
2179 2677 2262 2723 est
2307 2679 2549 2738 tempore
2576 2684 2686 2739 quo
2715 2669 3014 2724 resurrexit
3042 2680 3096 2724 et
3143 2668 3386 2724 ascendit
3413 2669 3482 2723 ad

1893 2762 2080 2817 caelos.
2116 2759 2504 2820 Testimonium
2540 2761 2956 2817 resurrectionis
2980 2761 3157 2828 dedit,
3188 2763 3314 2832 quia
3341 2761 3482 2816 sicut

1894 2855 2009 2925 ipse
2057 2862 2300 2909 mortuus
2348 2865 2464 2918 est,
2510 2863 2566 2910 et
2618 2855 2776 2910 tertia
2824 2854 2911 2910 die
2954 2855 3286 2920 resurrexit,
3318 2863 3483 2924 atque

1893 2948 2234 3020 postmodum
2263 2947 2328 3001 ad
2355 2947 2525 3018 caelos
2551 2948 2828 3014 ascendit,
2861 2948 2931 3002 ita
2965 2963 3063 3002 nos
3091 2948 3360 3002 credimus
3390 2961 3478 3001 re-

1895 3053 2117 3109 surgere
2169 3039 2222 3093 in
2263 3039 2349 3094 die
2399 3036 2626 3107 iudicii,
2683 3048 2845 3108 atque
2891 3039 2958 3094 ad
3005 3039 3198 3110 gaudia
3244 3038 3481 3094 caelestis

1896 3129 2045 3199 regni
2074 3128 2321 3191 transire,
2355 3128 2496 3184 sicut
2525 3129 2638 3198 ipse
2661 3129 2930 3199 promisit.

1972 3221 2040 3276 In
2065 3239 2168 3292 quo
2214 3222 2556 3286 testimonio,
2589 3223 2640 3276 id
2677 3233 2761 3278 est
2795 3224 2846 3278 in
2889 3238 2984 3294 Spe
3029 3227 3438 3280 resurrectionis
3465 3269 3480 3298 ,

1896 3313 2096 3384 positus
2117 3330 2232 3367 sum
2261 3327 2352 3378 ego
2375 3313 2711 3383 prtedicator,
2738 3323 2800 3372 ut
2827 3315 2972 3381 illam
3000 3318 3336 3388 annuntiom.

1980 3402 2106 3458 Volo
2131 3420 2252 3475 ergo
2290 3405 2427 3468 viros
2458 3420 2610 3458 orare
2647 3405 2703 3460 in
2743 3408 2882 3460 omni
2923 3405 3055 3460 loco.
3094 3406 3150 3462 Si
3193 3407 3483 3476 Aposmlus

1898 3495 2029 3562 vult,
2060 3495 2199 3550 Deus
2225 3495 2340 3550 vult
2368 3496 2460 3566 qui
2492 3497 2697 3552 habitat
2726 3497 2778 3550 in
2803 3511 2900 3562 eo;
2923 3499 3046 3568 quia
3079 3514 3172 3553 vas
3203 3498 3484 3570 electionis

1897 3595 1980 3642 est
2009 3588 2118 3641 ille.
2145 3587 2225 3643 Ne
2269 3586 2409 3643 forte
2434 3597 2689 3658 putarent
2725 3588 2889 3659 aliqui
2941 3605 3046 3644 non
3073 3605 3192 3646 esse
3220 3593 3485 3646 orandum

1898 3677 2001 3731 nisi
2035 3677 2407 3731 tantummodo
2455 3677 2507 3731 in
2555 3676 2824 3743 Ecclesia,
2875 3678 2951 3733 ait
2991 3679 3320 3749 Apostolus:
3350 3679 3486 3736 Volo

1898 3770 2145 3825 homines
2185 3785 2343 3824 orare
2389 3771 2441 3824 in
2473 3770 2619 3825 omni
2662 3770 2780 3827 loco
2807 3789 2822 3844 :_
2849 3771 2902 3842 in
2936 3773 3108 3840 agris,
3141 3773 3192 3826 in
3220 3773 3403 3839 silvis,
3431 3774 3484 3828 in

1899 3860 2146 3915 domibus
2173 3901 2187 3925 ,
2236 3861 2288 3914 in
2322 3861 2537 3916 itinere.
2580 3861 2784 3916 Tamen
2827 3879 2932 3917 non
2970 3864 3212 3935 prmcipit
3241 3880 3401 3921 orare
3429 3867 3486 3920 in

1898 3953 2144 4022 turpibus
2197 3952 2366 4017 locis,
2422 3952 2563 4006 sicut
2603 3962 2689 4006 est
2725 3954 3156 4024 Sterquilinium,
3206 3971 3380 4024 neque
3426 3957 3483 4011 in

1898 4042 2132 4114 publicis
2160 4042 2294 4097 locis
2319 4082 2334 4108 ,
2365 4043 2419 4096 in
2453 4041 2571 4096 foro
2600 4031 2873 4112 videlicet,
2914 4055 3008 4100 aut
3035 4044 3091 4100 in
3123 4045 3348 4116 plateis,
3377 4046 3484 4118 nisi

1899 4151 2063 4192 causa
2093 4135 2325 4201 itineris,
2351 4143 2410 4189 ut
2435 4136 2488 4189 in
2521 4134 2715 4191 itinere
2741 4136 2811 4191 sit
2838 4137 3065 4208 positus,
3099 4154 3168 4194 ne
3193 4139 3487 4208 reprehen-

1901 4227 2061 4282 datur
2091 4227 2178 4280 ille
2205 4225 2327 4282 talis
2356 4241 2477 4281 cum
2504 4225 2828 4305 Pharisaiis,
2845 4228 3040 4300 quibus
3065 4229 3325 4290 Dominus
3357 4229 3432 4285 ait
3466 4249 3480 4285 :

1901 4319 1994 4376 Va:
2016 4320 2192 4384 vobis,
2221 4317 2478 4386 Pharisaei
2521 4316 2850 4390 bypocritaz,
2877 4321 2971 4392 qui
2999 4322 3170 4378 oratis
3196 4321 3248 4376 in
3274 4322 3487 4393 angulis

1897 4395 2215 4484 platearum.
2250 4410 2500 4468 Levantes
2537 4412 2606 4466 ad
2639 4412 2824 4468 caelum
2860 4430 3030 4484 puras.
3059 4431 3245 4484 manus
3284 4413 3352 4470 ab
3391 4415 3490 4470 bo-

1902 4503 2153 4570 micidio,
2195 4517 2227 4557 a
2266 4503 2486 4572 rapina,
2527 4517 2557 4558 a
2597 4502 2775 4570 furto,
2802 4520 2833 4560 a
2861 4505 3130 4577 periurio,
3177 4507 3287 4562 sine
3316 4505 3398 4560 ira
3439 4515 3487 4579 et

1899 4596 2290 4665 disceptatione,
2322 4595 2374 4652 id
2396 4605 2482 4661 est
2507 4597 2796 4654 discordia.
2965 4583 2968 4588 ’

1974 4688 2230 4745 Similiter
2263 4688 2386 4744 volo
2411 4697 2460 4744 et
2500 4688 2741 4744 mulieres
2769 4704 2925 4745 orare
2964 4691 3019 4744 in
3054 4691 3235 4746 habitu
3278 4700 3488 4767 ornato,

1901 4796 2008 4837 non
2054 4788 2245 4836 ornato
2277 4795 2444 4848 auro,
2482 4781 2568 4836 vel
2611 4783 2840 4852 gemmis
2883 4792 2978 4838 aut
3020 4785 3362 4854 margaritis,
3395 4787 3490 4840 sed

1900 4880 2092 4927 ornato
2130 4872 2299 4939 dicit,
2335 4871 2388 4927 id
2429 4880 2514 4928 est
2553 4887 2793 4944 congruo
2838 4874 2940 4930 sibi
2973 4891 2988 4940 ;
3024 4875 3149 4944 quia
3189 4876 3368 4930 nullus
3406 4885 3492 4932 est

1902 4961 2022 5031 plus
2052 4976 2322 5032 congruas
2352 4976 2513 5030 quam
2544 4962 2826 5026 candidus,
2861 4963 3000 5017 sicut
3028 4972 3114 5018 est
3141 4963 3334 5019 sindon
3353 5004 3367 5028 ,
3399 4963 3490 5034 sed

1905 5053 2043 5124 quod
2070 5054 2210 5107 decet
2242 5051 2517 5117 mulieres,
2550 5053 2808 5109 subaudis
2837 5053 2967 5108 illud
2996 5053 3370 5110 indumentum
3399 5053 3492 5108 ha-

1904 5143 2109 5210 beant,
2147 5143 2503 5213 promittentes
2542 5145 2784 5213 pietatem
2827 5159 2918 5212 per
2945 5143 3082 5198 bona
3119 5161 3298 5214 opera,
3331 5146 3382 5200 id
3408 5145 3524 5198 est~

1905 5236 2252 5292 ostendentes
2284 5235 2596 5306 religionem
2632 5245 2686 5290 et
2711 5234 2911 5300 cultum
2957 5236 3056 5294 Dei
3099 5250 3158 5296 se
3189 5243 3371 5290 tenere
3398 5250 3493 5310 per

1906 5322 2046 5392 bona
2077 5339 2261 5393 opera.
3403 5317 3410 5324 ’

1981 5425 2176 5479 Mulier
2212 5427 2265 5481 in
2289 5425 2513 5491 silentio
2554 5426 2752 5491 discat,
2797 5427 3056 5484 subaudis
3086 5427 3229 5499 quod
3255 5425 3488 5497 ignorat,

1907 5536 2025 5573 cum
2065 5520 2207 5574 omni
2244 5519 2596 5588 subiectione,
2630 5519 2832 5592 nonin
2861 5517 3122 5584 ecclesia,
3162 5533 3336 5588 neque
3365 5531 3487 5586 cum

1909 5611 2182 5680 superbia,
2209 5611 2302 5667 sed
2329 5610 2382 5666 in
2405 5612 2584 5666 domo.

1981 5699 2177 5756 Docere
2229 5711 2402 5756 autem
2435 5698 2643 5754 mulieri
2694 5717 2796 5755 non
2837 5701 3097 5770 permitto.
3143 5701 3200 5757 In
3235 5715 3334 5758 suo
3359 5714 3495 5756 sexu

1909 5793 2241 5868 permittitur
2279 5791 2480 5864 mulier
2512 5792 2706 5867 docere
2746 5792 2801 5868 in
2843 5792 3002 5850 domo
3039 5809 3166 5859 sua,
3205 5803 3259 5850 et
3300 5806 3496 5870 pueros
