3996 6442
579 418 676 475 791

1047 402 1401 469 llAYMONlS
1437 408 1915 467 HALBERSTAT.
1954 408 2174 499 .EPiSC.
2217 408 2367 465 OPP.
2412 407 2591 465 PARS
2630 409 2671 464 Ι.
2699 441 2771 451 -
2809 410 3163 479 COMMENT.
3205 413 3370 484 BIBL,
3673 426 3745 484 792

580 534 747 591 etiam
795 534 849 586 in
876 528 1100 586 ecclesia
1126 535 1304 581 autem
1334 525 1673 597 prohibetur.
1713 524 1782 580 Et
1811 525 1916 581 hoc
1942 524 2166 610 quare?
2194 528 2241 586 Α
2269 520 2435 587 biam,
2458 530 2512 576 et
2543 521 2687 585 dicat
2713 539 2726 575 :
2757 510 3036 594 Indigebat
3062 523 3307 579 Ecclesia.
3326 541 3433 583 mea
3461 530 3672 600 επρίεηιει
3690 540 3746 595 τά

581 628 706 699 quia
737 623 978 694 subjecta
1013 619 1175 675 debet
1209 633 1331 672 esse
1362 618 1478 672 viro
1497 659 1510 682 ,
1552 617 1678 687 quia
1705 616 1771 672 de
1795 630 2023 689 corpore
2046 616 2164 691 ejus

580 718 722 774 facta
746 723 861 781 est;
886 712 968 766 vel
988 712 1149 765 etiam
1178 708 1382 765 idcirco
1402 723 1506 763 non
1524 708 1856 779 permittitur
1876 707 1922 761 ei
1946 706 2160 774 docere,

579 807 706 878 quia
749 802 995 875 fragilior
1027 808 1112 858 est
1143 814 1275 855 sexu
1305 813 1469 873 quam
1509 798 1613 864 vir,
1661 806 1717 853 et
1743 797 2040 863 cavendum
2071 813 2161 863 ne,

579 898 720 953 sicut
766 895 877 951 Eva
919 908 1019 964 per
1078 899 1385 962 serpentem
1449 888 1672 955 seducta
1716 896 1943 943 mortem
1987 887 2165 959 attulit

578 989 809 1053 mundo,
856 987 930 1042 ita
970 985 1134 1041 etiam
1168 983 1329 1039 facile
1359 983 1427 1039 ad
1453 998 1693 1049 errorem
1724 982 1905 1054 lapsa,
1933 982 2068 1039 alios
2097 982 2165 1039 ad

575 1080 825 1137 eumdem
851 1092 1092 1135 errorem
1128 1075 1428 1146 pertrahat.

648 1169 818 1224 Adam
840 1186 944 1224 non
973 1177 1047 1223 est
1083 1167 1351 1232 seductus,
1376 1164 1636 1221 subaudis
1663 1166 1907 1236 primus,
1921 1180 2021 1237 per
2048 1179 2164 1221 ser-

576 1271 794 1333 pentem
821 1278 836 1315 :
871 1261 1061 1316 mulier
1090 1269 1265 1315 autem
1301 1259 1545 1324 seducta,
1578 1259 1836 1316 subaudis
1866 1261 2070 1331 prima,
2108 1262 2163 1329 in

575 1351 1008 1422 prtrvaricatione
1060 1350 1200 1421 fuit,
1252 1348 1303 1403 id
1350 1357 1433 1405 est
1483 1350 1951 1420 praevaricationis
1988 1366 2164 1422 poena:

575 1441 864 1513 subjacuit.

650 1534 955 1589 Saluabitur
994 1543 1194 1598 autem,
1248 1532 1507 1599 subaudis
1553 1533 1883 1603 mulier,per
1928 1534 2160 1605 ﬁliorum

574 1626 998 1698 generationem,
1070 1624 1115 1679 si
1173 1625 1519 1696 permanserit
1597 1624 1788 1681 eadem
1851 1626 2044 1682 mulier
2106 1629 2161 1687 in

571 1716 679 1785 ﬁde
712 1715 948 1787 perfecta
986 1724 1033 1770 et
1072 1714 1347 1784 dilectione
1372 1716 1467 1771 Dei
1506 1725 1562 1772 et
1603 1716 1834 1789 proximi
1863 1732 1926 1773 ac
1965 1720 2160 1773 sancti-

570 1808 859 1878 ﬁcatione,
922 1817 981 1863 ut
1046 1817 1244 1879 prmter
1308 1810 1483 1863 virum
1538 1824 1636 1880 per
1683 1808 1974 1881 proprium.
2025 1810 2159 1864 alte-

2265 626 2388 673 meo
2409 612 2638 679 auxilio,
2672 612 2792 667 ideo
2819 628 2904 667 me
2950 615 3017 669 ad
3049 614 3207 669 ﬁdem
3236 616 3469 684 adduxit,
3495 630 3541 676 et
3567 637 3746 696 suprse

2264 702 2568 769 constituit.

2336 789 2550 861 Oportet
2590 794 2747 847 etiam
2793 793 2941 849 illum
2977 805 3025 849 et
3062 798 3400 852 testimonium
3434 801 3593 858 bonum
3616 810 3746 867 habere

2263 881 2329 935 ab
2356 883 2437 936 Itis
2461 883 2551 954 qui
2582 882 2716 939 foris
2743 894 2900 951 sunt,
2933 885 2985 940 id
3019 894 3103 941 est
3131 887 3200 942 ab
3228 874 3477 945 haereticis
3499 902 3546 947 et
3569 905 3745 968 pagani»,

2262 970 2353 1041 qui
2382 980 2535 1027 extra
2578 974 2877 1030 Ecclesium
2905 987 3031 1031 sunt
3054 977 3215 1034 debet
3240 980 3431 1035 habere
3454 981 3620 1040 bonum
3643 994 3745 1043 testi-

2263 1065 2524 1134 monium,
2563 1068 2702 1123 sicut
2732 1069 2798 1124 de
2836 1070 2997 1126 beato
3026 1070 3222 1127 Basilio
3246 1071 3462 1144 legimus

2335 1177 2592 1235 Similiter
2621 1180 2872 1238 diaconos
2891 1222 2907 1248 ,
2935 1184 3191 1239 subaudis
3221 1194 3423 1255 oportet
3446 1201 3550 1244 esse
3572 1191 3744 1260 pudicos.

2262 1270 2441 1339 Quare
2471 1273 2638 1328 tacuit
2661 1274 2727 1330 de
2751 1275 3142 1346 praesbyteris?
3173 1276 3299 1345 quia
3337 1276 3388 1330 in
3419 1276 3582 1334 ordine
3603 1283 3747 1349 episco-

2260 1363 2369 1435 pali
2395 1365 2931 1435 comprehenduntur
2962 1367 3324 1438 praesbyteris.
3347 1366 3521 1424 Omnis
3539 1371 3651 1424 enim
3667 1375 3743 1443 epi-

2262 1470 2458 1526 scopus
2479 1456 2774 1529 praesbyter
2793 1466 2912 1524 est,
2937 1466 2992 1516 et
3012 1465 3190 1513 tamen
3218 1473 3322 1513 non
3345 1459 3512 1517 omnis
3535 1462 3745 1532 prmsbyter

2259 1545 2544 1617 episcopus
2591 1556 2704 1613 est;
2757 1565 2862 1605 nou
2910 1558 3062 1619 turpe
3099 1548 3303 1607 lucrum
3354 1560 3593 1615 sectatum,
3642 1562 3743 1624 turpe

2260 1638 2469 1695 lucrum
2489 1648 2591 1707 est,
2606 1656 2720 1712 per
2740 1656 2960 1700 usuram
2979 1650 3034 1698 et
3053 1642 3313 1715 quasdam
3345 1643 3633 1699 inventiones
3647 1645 3743 1709 lucri

2259 1733 2573 1804 temporalia
2595 1733 2897 1793 cumulare.

2328 1820 2594 1884 Habentes
2621 1825 2929 1895 mysterium
2949 1824 3075 1894 ﬁdei
3112 1825 3168 1880 in
3196 1826 3499 1883 conscientia
3533 1826 3651 1879 bona.
3670 1826 3741 1896 ily-

570 1914 693 1954 rum
754 1915 860 1955 non
928 1908 1260 1971 cognoscat.
1326 1915 1446 1953 cum
1516 1899 1795 1963 sobrietate
1852 1899 1965 1955 sive
2034 1914 2160 1966 cum
2186 1895 2233 1955 Β
2261 1913 2486 1969 sterium
2510 1914 2710 1973 dicitur
2740 1930 2828 1972 res
2853 1916 3102 1983 occulta,
3148 1925 3205 1971 et
3243 1917 3539 1988 mysterium
3579 1917 3667 1971 ﬁdei
3683 1895 3739 1986 ημ

572 1992 945 2063 temperantia.
974 1991 1286 2048 Salvabitur
1324 1991 1518 2047 mulier
1547 2008 1646 2064 per
1675 1991 1909 2048 ﬁliorum
1931 2006 2158 2074 genera:

568 2083 791 2149 tionem,
818 2083 871 2138 id
902 2094 986 2139 est
1013 2099 1111 2154 per
1144 2083 1286 2140 bona
1323 2098 1523 2155 opera,
1556 2084 1600 2139 si
1631 2084 1881 2141 habuerit
1919 2085 2155 2140 charita-

567 2186 701 2240 tem,
726 2175 1175 2239 misericordiam,
1201 2176 1644 2247 hospitalitatem,
1672 2185 1977 2248 czeteraque
2006 2177 2155 2244 talia,

569 2280 694 2341 quae
716 2264 912 2322 beatus
936 2266 1229 2342 Gregorius
1258 2265 1484 2337 intelligi
1506 2266 1618 2321 vult
1640 2281 1737 2336 per
1763 2266 1920 2322 ﬁlios.
1942 2265 2113 2322 Aliter
2139 2286 2151 2321 :

570 2355 814 2425 nunquid
842 2356 1137 2411 salvabitur
1153 2356 1347 2418 mulier
1371 2357 1623 2427 amplius,
1641 2358 1683 2412 si
1712 2357 2074 2428 permanserit
2102 2359 2155 2413 in

570 2449 855 2504 castitate?
882 2448 1109 2519 Utique;
1136 2448 1229 2505 sed
1258 2450 1303 2505 si
1327 2451 1576 2522 genuerit
1599 2450 1765 2521 ﬁlios,
1785 2460 1840 2507 et
1860 2466 1953 2507 eos
1979 2452 2032 2511 in
2054 2451 2157 2508 ﬁde

570 2549 626 2596 ct
662 2541 923 2613 religione
966 2543 1354 2614 omnipotentis
1394 2544 1489 2599 Dei
1526 2544 1863 2608 cducavcrit,
1897 2552 2060 2615 atque
2088 2546 2155 2599 ad

571 2633 959 2703 perfectionem
989 2636 1145 2690 bona:
1167 2636 1289 2691 vita:
1317 2637 1661 2706 perduxerit:
1685 2638 1729 2693 si
1755 2638 1882 2707 quid
1909 2638 2154 2709 deliquit,

570 2724 869 2781 salvahitur
906 2743 1004 2798 pro
1032 2727 1215 2783 labore
1240 2743 1402 2799 quem
1436 2728 1543 2793 illis
1574 2729 1885 2800 impendere
1926 2732 2151 2795 studuit.

572 2812 780 2869 Fidelis
822 2816 991 2872 seruio
1044 2817 1096 2871 id
1144 2828 1227 2875 est
1282 2832 1482 2884 verax,
1525 2818 1638 2873 sive
1687 2820 1999 2890 praecedens
2041 2821 2156 2884 sive

570 2905 928 2977 subsequens,
955 2907 1041 2963 vel
1077 2910 1346 2965 humanus
1374 2926 1573 2976 sermo,
1605 2918 1665 2965 ut
1691 2912 1744 2966 in
1772 2911 1964 2969 Graeco
1989 2913 2155 2969 habe—

566 3006 679 3066 tur,
711 2998 764 3054 id
787 3008 869 3055 est
896 2997 1189 3077 iucundus,
1217 3008 1405 3075 gratus
1434 3010 1489 3058 et
1518 3012 1791 3076 acceptus.

1182 3154 1407 3212 CAPUT
1457 3155 1543 3210 Ill.

590 3288 595 3289 ν
640 3268 699 3324 Si
720 3271 837 3340 quis
863 3271 1210 3342 episcopatum
1241 3270 1533 3337 desiderat,
1567 3272 1756 3325 bonum
1791 3287 1920 3341 opus
1952 3272 2153 3327 deside-

571 3370 674 3415 rat.
714 3360 861 3432 Opus
900 3378 1005 3421 non
1044 3362 1360 3433 dignitatem
1387 3403 1411 3426 ι
1433 3364 1675 3418 laborem
1703 3380 1811 3424 non
1843 3364 2105 3423 honorem
2134 3382 2148 3430 ;

570 3451 692 3506 ideo
736 3453 894 3509 debet
935 3454 1130 3522 aliquis
1166 3454 1531 3524 episcopatum
1574 3454 1918 3521 desiderare,
1951 3464 2010 3510 ut
2033 3454 2154 3512 aliis

569 3541 875 3601 doctrinam
924 3544 1076 3599 verbi
1125 3545 1220 3601 Dei
1267 3546 1581 3611 annuntiet,
1623 3553 1681 3599 ut
1725 3546 1924 3601 bonum
1966 3560 2151 3602 exem-

566 3636 715 3706 plum
738 3640 1016 3696 ostendat:
1047 3647 1101 3694 et
1140 3638 1184 3694 si
1209 3639 1508 3697 necessitas
1549 3639 1731 3706 fuerit,
1760 3648 1819 3694 ut
1846 3641 2054 3715 primus
2083 3640 2152 3697 ad

566 3730 803 3800 palmam
836 3732 1082 3802 martyrii
1114 3740 1317 3786 currat.

641 3819 855 3890 Oportet
876 3823 1171 3899 episcopum
1191 3824 1687 3894 irreprehensibilem
1709 3840 1839 3891 esse,
1858 3824 1910 3879 id
1934 3832 2021 3880 est
2036 3825 2155 3881 sine

568 3913 797 3968 crimine
826 3923 879 3970 et
900 3914 1116 3985 capitali
1146 3923 1387 3986 peccato.
1421 3914 1536 3970 Non
1569 3914 1705 3970 dixit
1749 3916 1865 3971 sine
1908 3925 2148 3986 peccato,

564 4006 689 4075 quia
724 4022 829 4061 non
865 4016 949 4065 est
999 4007 1160 4062 homo
1188 4022 1350 4078 super
1389 4014 1589 4063 terram
1620 4008 1712 4083 qui
1753 4005 1916 4063 faciat
1953 4008 2152 4063 bonum

564 4104 620 4151 et
648 4111 753 4152 non
777 4107 997 4168 peccet;
1024 4112 1268 4155 ornatum
1300 4098 1561 4165 moribus,
1584 4108 1639 4155 et
1659 4100 1969 4165 virtutibus,
1992 4108 2154 4170 atque

567 4188 834 4255 doctrina,
876 4206 983 4245 non
1012 4206 1147 4247 auro
1174 4191 1439 4246 redimitis
1467 4191 1708 4247 vestibus
1734 4200 1828 4246 aut
1862 4192 2111 4247 castoriis
2135 4210 2149 4259 ;

566 4282 838 4351 pudicum,
873 4281 926 4336 id
952 4290 1034 4337 est
1060 4291 1271 4339 castum
1297 4283 1364 4338 ab
1390 4283 1541 4337 omni
1568 4284 1911 4339 immunditia
1934 4301 1948 4350 ;
1975 4283 2156 4356 hospi-

568 4370 751 4436 talem,
786 4370 957 4427 laicus
982 4381 1076 4426 aut
1103 4373 1328 4444 quilibet
1356 4373 1779 4441 ecclesiasticus,
1809 4375 1853 4430 si
1878 4374 2012 4431 duos
2065 4372 2155 4430 aut

567 4467 680 4514 tres
700 4474 966 4531 pauperes
990 4461 1224 4532 hospitio
1252 4462 1483 4535 colligit,
1511 4464 1894 4536 hospitalitatis
1916 4464 2150 4521 olﬁcium

566 4549 753 4620 implet
784 4570 797 4605 :
825 4552 1117 4623 episcopus
1146 4567 1308 4620 vero,
1355 4556 1401 4611 si
1448 4572 1637 4612 omnes
1689 4571 1793 4612 non
1848 4557 2149 4628 receperit,

562 4642 904 4715 inhospitalis
931 4656 1237 4717 reputatur;
1268 4651 1643 4719 percussorem,
1667 4656 1733 4703 ut
1756 4664 1862 4703 non
1889 4649 1956 4704 sit
1978 4649 2144 4723 pugil,

561 4735 702 4791 sicut
723 4734 936 4804 iudices
962 4737 1118 4796 istius
1142 4740 1320 4795 saeculi
1359 4758 1371 4793 :
1410 4740 1494 4795 vel
1534 4740 1579 4797 si
1623 4755 1914 4810 percussus
1948 4740 2146 4807 fuerit,

560 4843 665 4881 non
699 4826 889 4883 reddat
920 4829 1091 4885 vicem
1110 4870 1125 4897 ,
1158 4830 1251 4885 vel
1270 4830 1435 4886 etiam
1458 4836 1626 4903 pravo
1656 4846 1754 4887 suo
1781 4832 2031 4921 exemplo
2056 4843 2150 4889 aut

558 4917 804 4974 doctrina
825 4935 1101 4990 perversa,
1116 4936 1224 4979 non
1244 4922 1513 4992 percutiat
1533 4923 1741 4979 animos
1760 4917 2145 4993 Subjectorum;

558 5027 661 5065 non
677 5012 947 5081 cupidum,
975 5013 1165 5069 morbo
1190 5012 1500 5086 cupiditatis
1531 5029 1699 5085 penes
1726 5030 1915 5071 omnes
1943 5016 2153 5089 laboret

557 5101 713 5155 unius
735 5102 914 5156 uxoris
936 5102 1125 5170 virum,
1152 5103 1206 5159 id
1236 5111 1319 5159 est
1348 5113 1636 5177 antequam
1667 5106 1950 5164 ordinetur
1979 5124 2139 5167 unam

557 5207 781 5249 uxorem
806 5194 966 5250 debet
994 5195 1198 5252 habere
1216 5238 1231 5262 ,
1267 5206 1325 5251 nt
1348 5214 1455 5253 non
1482 5199 1551 5254 sit
1580 5199 1827 5270 bigamus
1849 5210 1943 5257 aut
1969 5202 2139 5272 triga-

558 5272 677 5337 mns
703 5301 717 5349 ;
756 5296 940 5355 postea
973 5302 1100 5344 vero
1128 5288 1342 5358 penitus
1373 5288 1644 5347 abstinere
1673 5291 1853 5348 debet.

614 5376 752 5455 Sua:
794 5380 972 5434 domui
1013 5385 1138 5436 bene
1176 5382 1543 5453 pra'positum,
1581 5383 1634 5438 id
1672 5392 1756 5440 est
1781 5399 1893 5439 sua!
1921 5382 2141 5439 familia:

557 5478 845 5542 antequam
871 5473 1111 5541 ordinet;
1152 5490 1254 5528 non
1287 5476 1597 5545 neopltytum
1619 5516 1633 5541 ,
1675 5474 1727 5529 id
1761 5482 1845 5529 est
1871 5473 2137 5529 novellum

555 5575 911 5629 conversum,
950 5562 1002 5618 id
1032 5570 1114 5619 est
1140 5563 1352 5618 noviter
1394 5564 1697 5618 venientem
1737 5564 1804 5618 ad
1837 5564 1994 5619 ﬁdem
2015 5605 2029 5627 ,
2058 5564 2141 5620 vel

554 5653 768 5709 novitcr
794 5657 1130 5710 deserentem
1158 5655 1403 5710 militiam
1436 5655 1773 5720 szecularem,
1804 5672 1864 5710 ne
1889 5656 1942 5709 in
1963 5673 2143 5726 super-

555 5744 699 5799 biam.
730 5744 921 5811 elatus,
958 5747 1011 5801 in
1042 5745 1308 5817 judicium
1355 5746 1558 5801 incidat
1598 5746 1817 5811 diaboli,
1862 5746 1914 5801 id
1961 5757 2044 5803 est
2089 5750 2141 5804 in

554 5835 952 5893 damnationem
982 5879 995 5904 ,
1044 5839 1095 5894 in
1135 5852 1298 5911 quam
1342 5838 1584 5894 dlalolus
1614 5838 1801 5896 incidit
1830 5853 1926 5915 per
1954 5856 2141 5916 super-

2257 1993 2423 2084 pellat
2452 2004 2539 2061 hic
2575 2006 2746 2077 ipsam
2794 2007 2957 2063 ﬁdem
2985 2024 3091 2079 qua
3116 2008 3392 2063 credimus
3417 2008 3466 2062 in
3495 2009 3645 2074 Deum,
3666 2024 3741 2079 qua

2257 2097 2467 2152 occulta
2489 2106 2595 2166 est,
2619 2100 2746 2170 quia
2771 2114 2877 2156 non
2899 2101 3109 2158 videtur
3131 2101 3237 2157 nisi
3267 2103 3321 2157 in
3346 2102 3515 2158 corde.
3539 2101 3741 2157 Conscius

2258 2188 2386 2243 tiam
2416 2189 2614 2247 bonam
2641 2192 2773 2247 dicit
2810 2206 2962 2262 spem
3002 2194 3198 2249 bonam
3228 2235 3244 2259 ,
3290 2203 3350 2248 ut
3376 2209 3465 2264 per
3488 2194 3603 2248 bona
3635 2208 3744 2264 oper:

2258 2288 2479 2353 Sperent
2520 2282 2798 2352 percipere
2825 2283 3048 2352 praemia
3091 2292 3318 2339 acterna.
3351 2283 3589 2339 Habentes
3611 2290 3740 2354 myste

2266 2370 2407 2425 rium
2434 2369 2581 2438 ﬁdei,
2617 2372 2673 2428 id
2710 2382 2794 2429 est
2822 2372 2980 2439 ﬁdem
3012 2374 3310 2443 perfectam
3341 2375 3392 2429 in
3418 2389 3503 2446 spe
3527 2374 3649 2433 bona.

2331 2484 2589 2542 Similiter
2623 2485 2867 2545 mulieres
2914 2495 3125 2557 oportet
3169 2501 3295 2547 esse
3335 2487 3552 2558 pudicas.
3587 2485 3742 2553 Quidam

2258 2577 2546 2633 voluerunt
2589 2577 2678 2633 hic
2721 2577 3021 2648 intelligere
3061 2578 3427 2643 diaconissas,
3466 2578 3548 2634 sed
3586 2592 3664 2631 nou
3690 2585 3742 2631 est

2256 2666 2423 2751 illud,
2449 2673 2507 2721 ut
2533 2667 2723 2723 beatus
2741 2667 3076 2738 Augustinus
3103 2667 3256 2723 dicit.

2330 2776 2483 2833 Scias
2507 2777 2765 2850 quomodo
2793 2787 3027 2849 oporteat
3050 2788 3099 2833 te
3119 2778 3174 2832 in
3199 2778 3358 2833 domo
3388 2778 3474 2833 Dei
3504 2778 3739 2837 conversari,

2255 2885 2372 2941 qua:
2393 2878 2467 2924 est
2489 2870 2705 2924 ecclesia
2726 2868 2823 2923 Dei
2845 2870 2963 2933 vivi,
2990 2868 3235 2923 columna
3260 2879 3309 2923 et
3338 2868 3665 2937 ﬁrmamentum
3693 2881 3741 2918 u-

2255 2962 2447 3016 uitatis.
2476 2961 2716 3017 Ecclesia
2736 3001 2749 3025 ,
2778 2970 2833 3017 et
2859 2962 3106 3017 columna
3129 3003 3146 3026 ,
3177 2970 3233 3017 et
3272 2963 3626 3017 ﬁrmamentum
3652 2960 3741 3013 veri-

2258 3053 2386 3107 tatis
2417 3051 2738 3123 appellatur,
2768 3052 2912 3122 quod
2942 3068 3107 3107 unum
3142 3060 3227 3107 est
3264 3061 3479 3124 propter
3521 3052 3740 3106 ﬁrmitatem

2257 3142 2402 3208 ﬁdei,
2433 3153 2487 3198 et
2514 3143 2639 3214 quia
2670 3144 2932 3217 doctrinis
2958 3144 3273 3201 coelestibus
3297 3153 3365 3201 et-
3387 3145 3565 3201 divinis
3585 3143 3741 3198 miratu

2181 3251 2227 3315 ρ
2258 3241 2324 3297 lis
2354 3242 2564 3296 ﬁrmata
2595 3251 2697 3297 est.

2331 3356 2399 3411 Et
2438 3357 2711 3425 manifeste
2753 3374 3007 3431 magnum
3039 3368 3112 3431 est
3155 3358 3369 3428 pietatis
3416 3361 3739 3410 sacramentum,

2254 3451 2394 3522 quod
2419 3450 2751 3520 manifestum
2781 3460 2854 3503 est
2889 3451 2944 3504 in
2974 3466 3159 3512 carne,
3183 3449 3525 3519 justi/iratum
3542 3453 3601 3498 est
3623 3443 3661 3493 in
3679 3439 3743 3507 spi-

2255 3543 2381 3597 ritu.
2402 3541 2810 3603 Sacramentum
2828 3541 3023 3597 dicitur
3047 3541 3255 3596 occulta
3278 3556 3383 3603 res,
3404 3539 3744 3599 idemestetmyo

2257 3637 2632 3702 sterium,sive
2659 3636 2943 3708 mysticum
2973 3635 3207 3704 aliquod.
3226 3633 3609 3689 Sacramentum
3626 3632 3741 3679 autem

2257 3732 2361 3786 isto
2403 3732 2455 3785 in
2496 3731 2617 3785 loco
2659 3729 2892 3801 appellat
2931 3728 3218 3805 Apostolus
3249 3729 3479 3791 Verbum
3505 3724 3584 3778 Dei
3611 3716 3741 3775 Patris.

2256 3822 2399 3892 quod
2438 3822 2492 3875 in
2530 3830 2719 3875 natura
2747 3820 3055 3875 Divinitatis
3100 3820 3151 3873 in
3191 3835 3299 3890 qua
3348 3817 3483 3888 quod
3520 3810 3678 3883 ecquale
3694 3812 3744 3859 est

2254 3914 2404 3970 Patri
2452 3915 2719 3970 invisibile
2760 3923 2963 3969 manet.
3005 3913 3418 3968 Sacramentum
3458 3922 3572 3963 vero
3602 3897 3745 3973 pientis

2256 4005 2409 4072 dicit,
2440 4006 2491 4061 id
2531 4014 2615 4060 est
2656 4005 2929 4077 religionis
2950 4014 3005 4060 et
3038 4019 3178 4059 verre
3209 4003 3463 4067 culturte,
3488 3999 3594 4070 quia
3615 3994 3666 4049 illi
3685 3990 3745 4045 soli

2256 4097 2513 4168 competit
2539 4097 2728 4168 religio
2759 4106 2974 4161 sancta,
3015 4106 3069 4151 ct
3098 4096 3245 4150 illum
3287 4094 3528 4151 convenit
3558 4083 3745 4145 venerari.

2255 4188 2401 4243 Istud
2432 4202 2682 4259 magnum
2708 4196 3104 4242 sacramentum
3136 4188 3360 4257 pietatis
3400 4183 3645 4241 manifeste
3673 4183 3745 4231 est.

2256 4278 2310 4333 id
2341 4285 2423 4332 est
2454 4276 2856 4336 manifestatum
2883 4286 2965 4333 est
2992 4277 3045 4332 in
3071 4276 3333 4341 Ecclesia,
3359 4278 3409 4331 in
3431 4272 3645 4331 cordibus
3667 4264 3747 4319 lide-

2257 4370 2411 4438 lium,
2437 4374 2577 4441 quod
2594 4371 2760 4427 Filius
2786 4371 2883 4427 Dei
2907 4379 3010 4431 est.
3035 4370 3103 4425 Et
3122 4371 3226 4426 hoc
3252 4379 3339 4426 est
3363 4369 3496 4449 quod
3521 4358 3746 4431 subiungit:

2257 4463 2401 4532 quod
2433 4462 2837 4519 manifestatum
2873 4473 2956 4519 est
2989 4463 3041 4518 in
3072 4479 3259 4527 carne,
3298 4463 3351 4517 id
3374 4468 3454 4516 est
3485 4456 3605 4513 istud
3627 4463 3749 4509 sacra;

2257 4561 2502 4608 mentum
2547 4555 2689 4624 quod
2726 4555 2779 4609 in
2815 4564 3017 4613 natura
3036 4555 3349 4614 Divinitatis
3378 4568 3479 4611 non
3510 4553 3677 4621 poterat
3701 4540 3749 4591 vi-

2256 4634 2393 4711 deri,
2412 4645 2624 4701 visibile
2651 4644 2850 4701 factum
2873 4657 2956 4702 est
2974 4662 3072 4718 per
3090 4662 3313 4701 carnem
3340 4653 3392 4699 ct
3415 4659 3507 4715 per
3528 4635 3747 4695 doctrinam

2253 4726 2528 4795 caelestem
2548 4780 2563 4806 ,
2595 4748 2649 4795 et
2681 4755 2779 4810 per
2823 4740 3083 4796 miracula
3113 4739 3315 4794 divina.
3358 4738 3504 4810 Uade
3535 4731 3690 4786 dicitur
3716 4723 3748 4773 in

2252 4830 2545 4905 Evangelio
2576 4849 2588 4885 :
2617 4829 2733 4887 Hoc
2769 4831 2888 4902 fecit
2918 4833 3127 4887 initium
3152 4832 3421 4903 signorum
3444 4827 3600 4888 Iesus,
3632 4830 3739 4873 tm“

2254 4921 2516 4991 nifestavit
2544 4923 2767 4994 gloriam
2801 4940 2953 4978 suam
2990 4922 3172 4994 (Joau.
3219 4926 3298 4994 ιι).
3348 4918 3666 4976 Justiﬁcatum

2254 5013 2399 5069 istud
2424 5022 2826 5071 sacramentum
2853 5015 2909 5069 in
2932 5014 3147 5085 spiritu,
3177 5014 3229 5068 id
3258 5022 3340 5069 cst
3362 5013 3552 5083 justum
3575 5002 3750 5075 appam“

2244 5121 2365 5162 esse
2407 5118 2506 5177 per
2541 5106 2928 5177 plenitudinem
2968 5106 3298 5171 Divinitatis,
3329 5118 3447 5183 qua:
3479 5106 3582 5157 erat
3613 5096 3654 5149 in
3675 5087 3748 5189 ille.

2246 5202 2301 5250 et
2337 5210 2457 5267 qua:
2485 5196 2773 5250 custodivit
2806 5211 2930 5251 eum
2962 5213 2991 5252 a
3031 5207 3273 5275 peccato.
3306 5179 3549 5267 Apparuit
3580 5179 3748 5278 angdt't»

2245 5285 2298 5339 id
2334 5293 2417 5342 est
2448 5284 2705 5355 apostolis
2728 5293 2782 5341 et
2803 5288 3247 5358 prmdicatoribus
3274 5305 3370 5360 per
3391 5300 3590 5343 carnem
3622 5284 3663 5333 et
3686 5285 3749 5325 ωι-

2246 5376 2427 5431 racula
2447 5417 2461 5442 ,
2486 5378 2830 5448 pra'dicatum
2858 5390 2931 5433 est
2970 5381 3205 5452 gentibus
3245 5383 3312 5436 ab
3344 5377 3581 5450 apostolis
3599 5363 3749 5443 quand-t

2247 5470 2477 5542 profecti
2542 5471 2973 5549 prcedicaverunt
3048 5475 3288 5543 ubique,
3350 5471 3583 5527 creditum
3621 5471 3677 5517 est
3713 5455 3748 5507 il

2248 5564 2467 5631 mundo,
2511 5564 2566 5619 id
2609 5574 2693 5618 est
2731 5565 2799 5618 ab
2830 5564 3223 5621 habitatoribus
3250 5565 3430 5620 mundi
3460 5559 3676 5645 creditum
3694 5552 3749 5645 εξι

2248 5657 2390 5725 quod
2422 5657 2535 5728 ipse
2567 5666 2710 5712 esset
2736 5656 2973 5713 Verbum
3006 5658 3120 5723 Dei,
3149 5667 3464 5727 assumptum
3490 5662 3552 5708 est
3572 5650 3613 5702 in
3631 5641 3749 5736 gloria

2249 5758 2487 5819 paterna:
2516 5749 2833 5820 majestatis.
2874 5750 3017 5808 Ordo
3040 5759 3400 5823 praeposterus
3423 5754 3499 5802 est
3530 5763 3543 5797 :
3567 5737 3747 5808 apparml

2251 5840 2393 5896 enim
2424 5841 2713 5913 apostolis,
2749 5856 2807 5897 ac
2851 5841 3045 5900 deinde
3069 5851 3397 5916 assumptum
3438 5845 3509 5893 est
3537 5829 3593 5886 ad
3618 5825 3742 5883 ἀθλεῖν
