3996 6444
223 418 328 477 ’195

855 416 1217 477 EXPOSITIO
1251 419 1318 476 IN
1360 417 1507 485 EPP.
1548 415 1607 474 S.
1649 415 1873 471 PAULI.
1913 448 1986 458 —
2014 417 2080 473 IN
2119 422 2337 485 EPIST.
2379 426 2398 481 I
2439 424 2530 481 AD
2569 422 2710 483 TIM.

3359 429 3463 486 79b

219 547 336 588 ram
350 529 614 595 Patris,et
634 531 711 586 sic
723 532 1062 600 postmodum
1086 533 1437 602 praedicatum
1465 540 1547 587 est
1577 530 1644 586 ab
1668 545 1796 598 apo-
1822 535 1873 592 Α
1903 538 2008 585 tem
2045 541 2188 588 tuam
2238 552 2395 592 nemo
2423 539 2595 608 possit
2639 553 2917 609 spernere.
2946 538 3018 594 Es
3038 537 3253 608 juvenis
3281 549 3464 610 aetate,

221 622 392 688 stolis,
428 630 485 687 et
518 620 780 676 creditum
811 630 897 678 est
922 638 951 677 a
979 624 1244 694 gentibus.

829 775 1055 833 CAPUT
1114 775 1201 833 IV.

299 889 529 961 Spiritus
559 898 734 943 autem
757 889 1030 959 manifeste
1072 890 1221 959 dicit,
1265 888 1522 945 subaudis
1549 903 1644 959 per
1676 903 1792 953 me;

227 982 334 1038 tale
382 989 467 1037 est
496 995 560 1035 ac
585 982 630 1036 si
671 980 917 1036 diceret:
950 981 1076 1039 llaec
1123 982 1255 1037 dicit
1300 981 1533 1052 Spiritus
1577 989 1796 1036 sanctus

224 1088 325 1144 per
352 1086 457 1137 me,
485 1072 608 1141 quia
634 1072 690 1125 in
728 1072 1019 1126 novissimis
1052 1073 1389 1142 temporibus,
1425 1073 1474 1128 id
1502 1080 1584 1127 est
1610 1073 1664 1127 in
1696 1073 1797 1127 hac

228 1161 527 1218 novissima
554 1168 713 1215 aetate
734 1161 787 1214 in
824 1175 929 1231 qua
963 1164 1123 1217 modo
1148 1177 1335 1217 sumus
1352 1201 1367 1228 ,
1394 1162 1655 1216 discedent
1683 1161 1797 1232 qui-

226 1254 351 1306 ditm
385 1269 418 1305 α
439 1252 563 1321 ﬁde,
589 1252 904 1306 attendentes
931 1252 1199 1323 spiritibus
1238 1255 1431 1317 erroris
1450 1295 1464 1319 ,
1490 1254 1543 1309 id
1579 1261 1664 1309 est
1693 1254 1799 1307 dae-

224 1341 478 1396 monibus
501 1340 556 1395 in
582 1355 822 1396 errorem
846 1341 965 1397 illos
991 1343 1350 1399 trahentibus.
1374 1344 1517 1398 Idem
1544 1353 1627 1399 est
1655 1343 1798 1413 quod

223 1431 408 1489 subdit
436 1448 451 1487 :
491 1441 540 1485 et
569 1431 889 1486 attendentes
914 1433 1165 1487 doctrinis
1210 1434 1588 1489 dtemoniorum
1625 1435 1678 1488 in
1702 1434 1797 1504 hy—

220 1519 417 1588 pocrisi
465 1518 785 1591 loquentium
815 1521 1163 1587 mendacium,
1188 1523 1241 1577 id
1269 1530 1354 1578 est
1372 1522 1426 1576 in
1452 1523 1796 1582 simulatione

219 1611 488 1665 veritatis.
522 1610 804 1665 Daamones
832 1612 978 1666 enim
1021 1610 1317 1682 loquuntur
1343 1628 1442 1683 per
1469 1614 1601 1668 hora
1627 1614 1798 1670 luere-

220 1703 460 1756 ticorum
486 1703 756 1769 simulate,
785 1705 939 1773 quasi
976 1720 1103 1761 vera
1124 1707 1197 1760 sit
1228 1720 1413 1769 eorum
1442 1708 1750 1776 praedicatio
1779 1726 1791 1763 :

216 1803 270 1851 et
289 1795 633 1849 cauteriatam
657 1794 957 1867 habentium
980 1813 1132 1851 suam
1160 1798 1545 1852 conscientiam.
1570 1797 1797 1854 Cautere

1899 622 1975 678 sis
2010 639 2173 679 senex
2213 635 2391 681 mente
2420 637 2473 682 et
2497 629 2756 685 moribus.

1967 711 2095 768 Noli
2131 714 2387 786 negligere
2412 719 2636 787 gratiam
2681 719 2854 788 quiin
2882 727 2931 772 te
2971 728 3067 784 est,
3091 735 3209 789 qua:
3234 718 3359 772 data
3389 728 3464 773 est

1896 803 1989 860 tibi
2011 822 2104 875 per
2137 806 2459 876 praphetiam
2481 823 2599 860 cum
2624 809 2948 877 impositione
2973 825 3227 873 manuum
3252 808 3465 877 presby-

1897 897 2270 952 teri.Gratiam
2297 898 2527 968 appellat
2547 898 2637 953 hic
2661 899 2841 965 ﬁdem,
2867 908 2922 954 et
2940 900 3279 969 sapientiam,
3305 908 3467 968 atque

1898 986 2272 1043 remissionem
2328 996 2694 1058 peccatorum,
2746 995 2801 1042 et
2833 989 3063 1059 gratiam
3099 990 3463 1058 episcopatus,

1899 1095 2018 1150 qua:
2047 1070 2143 1151 per
2189 1068 2528 1150 prophetiam
2574 1081 2697 1134 data
2746 1090 2830 1134 est
2878 1081 2973 1145 illi,
3004 1081 3129 1151 quia
3171 1080 3467 1149 prophetia:

1900 1172 2385 1242 spiritu‘revelaqte
2407 1172 2660 1251 cognovit
2679 1173 2871 1228 beatus
2896 1172 3095 1228 Paulus
3123 1172 3466 1227 Timotheum

1900 1265 2117 1337 dignum
2145 1279 2265 1321 esse
2290 1264 2579 1339 episcopali
2605 1265 2832 1319 honore.

2510 1380 2734 1475 CAPUT
2779 1418 2842 1474 v.

1972 1540 2243 1596 Seniorem
2274 1555 2336 1593 ne
2379 1539 2745 1607 increpaveris,
2774 1537 2897 1604 quia
2935 1535 3108 1593 solent
3134 1548 3291 1590 senes
3336 1533 3468 1588 dure

1900 1634 2163 1702 accipere.
2200 1630 2415 1701 quando
2455 1628 2803 1699 increpantur
2832 1641 2861 1679 a
2892 1624 3217 1696 junioribus.
3257 1621 3361 1677 Sed
3389 1621 3469 1676 di-

1900 1725 1975 1779 cit
2016 1725 2206 1779 beatus
2251 1720 2561 1790 Gregorius,
2601 1702 2726 1788 quia
2779 1717 2903 1772 licet
2945 1715 3232 1785 Apostolus
3285 1713 3465 1766 dicat:

1903 1813 2171 1870 Seniorem
2198 1830 2260 1866 ne
2279 1810 2639 1881 increpaveris,
2672 1808 2851 1863 senior
2874 1816 3053 1861 tamen
3089 1807 3282 1862 stultus
3313 1805 3471 1857 vehe-

215 1885 310 1940 vel
338 1887 639 1941 cauterium
671 1895 755 1941 est
784 1886 1171 1944 ferramentum
1204 1890 1420 1957 medici,
1468 1906 1499 1945 a
1536 1905 1643 1960 quo
1669 1906 1790 1945 cor—
1826 1912 1869 1970 Β
1897 1914 2108 1960 menter
2133 1913 2217 1959 es;
2241 1902 2615 1972 increpandus,
2646 1908 2752 1953 etc.

216 1977 494 2045 rumpitur
539 1988 595 2032 et
622 1978 803 2034 uritur
844 1981 984 2035 cutis
1021 1989 1077 2036 et
1101 1997 1229 2037 caro
1268 1981 1528 2048 hominis;
1575 1991 1629 2038 et
1653 1984 1795 2039 sicut

216 2069 466 2123 cauterio
487 2070 626 2148 cutis
645 2078 701 2125 et
725 2072 1257 2143 carocorrumpitur,
1299 2072 1373 2127 ita
1407 2072 1619 2131 illorum
1644 2089 1796 2129 mens

215 2157 313 2225 qui
345 2173 375 2212 a
403 2158 507 2213 ﬁde
550 2159 806 2214 recedunt
838 2170 1092 2230 corrupta
1121 2170 1205 2217 est
1258 2176 1423 2231 prava
1464 2163 1708 2218 doctrina
1742 2172 1797 2217 et

212 2262 478 2319 perverso
520 2264 701 2320 opere,
752 2259 805 2305 et
841 2252 941 2307 hoc
989 2262 1069 2309 est
1098 2254 1241 2324 quod
1287 2253 1420 2310 dicit
1463 2255 1795 2326 Apostolus:

214 2337 545 2408 Corruptam
574 2340 837 2399 habentes
865 2351 1125 2397 mentem.
1596 2330 1602 2337 ’

296 2428 693 2511 Prohibentium
725 2434 938 2500 nubere,
970 2436 1021 2490 id
1038 2445 1119 2491 est
1150 2438 1366 2508 nuptias
1390 2438 1687 2503 celebrare,
1718 2438 1799 2492 di-

214 2529 412 2576 centes
436 2523 715 2591 nup’tias‘a
741 2522 957 2580 diabolo
993 2541 1115 2582 esse
1141 2527 1374 2594 invetas,
1406 2543 1514 2583 non
1557 2529 1799 2583 recolen-

215 2621 309 2671 tes
356 2628 530 2683 neque
581 2616 939 2687 intelligentes
966 2620 1110 2689 quod
1140 2622 1275 2675 dixit
1314 2622 1572 2678 Dominus
1612 2622 1799 2691 primis

214 2704 539 2765 horninibus
577 2724 591 2761 :
623 2705 851 2763 Crescite
879 2718 925 2763 et
950 2709 1369 2796 multiplicamini
1400 2712 1553 2785 (Gen.
1604 2714 1668 2785 ι),
1698 2724 1751 2769 et
1782 2734 1794 2769 :

216 2795 454 2866 PrOpter
487 2797 585 2851 hoc
616 2797 866 2866 relinquet
907 2802 1062 2854 homo
1114 2812 1313 2871 patrem
1357 2815 1404 2858 et
1461 2815 1700 2869 matrem,
1751 2816 1799 2860 et

215 2888 512 2947 adluerebit
571 2890 724 2951 uxori
766 2908 875 2945 sua:
912 2890 1066 2963 (Gen.
1097 2894 1181 2965 ιι).
1229 2894 1286 2949 In
1317 2895 1402 2950 his
1438 2896 1571 2951 locis
1595 2898 1804 2959 notavit.

215 2980 516 3049 Apostolus
556 2996 653 3051 per
682 2981 944 3055 Spiritum
980 2995 1230 3039 sanctum
1257 2987 1538 3042 haereticos
1569 2988 1659 3056 qui
1681 2995 1801 3057 post

216 3075 524 3149 discessum
556 3070 672 3141 eius
701 3073 919 3131 fuerunt
939 3116 953 3140 ,
984 3075 1222 3131 Marcion
1249 3077 1498 3133 videlicet
1523 3119 1538 3143 ,
1572 3078 1800 3145 llebion,

216 3163 605 3228 Clieriuthum,
637 3163 873 3232 Manen),
902 3175 1236 3238 caeterosque
1263 3169 1507 3239 perversi
1536 3169 1803 3238 dogmatis

217 3256 496 3313 doctores.
1451 3259 1455 3263 ’

300 3347 514 3418 Ineptas
543 3360 738 3417 autem,
770 3351 822 3406 id
856 3360 940 3407 est
966 3368 1072 3407 non
1102 3361 1255 3423 aptas
1302 3361 1356 3407 et
1386 3368 1491 3408 non
1537 3368 1802 3423 congruas

219 3443 376 3507 ﬁdei,
408 3453 456 3497 et
487 3443 656 3499 aniles
680 3444 890 3515 fabulas
916 3446 1104 3501 devita.
1132 3446 1318 3501 Aniles
1340 3446 1550 3501 fabulas
1570 3445 1802 3516 appellat

217 3533 605 3598 deliramenta,
649 3550 769 3607 qute
793 3536 968 3591 solent
991 3552 1125 3592 anus
1154 3546 1209 3592 et
1248 3537 1441 3593 vetulae
1474 3537 1802 3592 mulierculze

218 3627 537 3696 excogitare
585 3636 641 3682 et
683 3643 907 3687 narrare
948 3627 1273 3697 juvenculis.
1321 3629 1521 3683 Exerce
1579 3630 1800 3699 teipsam

219 3715 298 3769 ad
318 3717 580 3781 pietatem,
626 3716 676 3770 id
704 3726 788 3772 est
811 3719 1042 3774 extende
1072 3719 1139 3773 ad
1164 3718 1367 3773 cultum
1393 3727 1448 3773 et
1488 3718 1801 3789 religionem

220 3806 613 3874 omnipotentis
643 3805 759 3871 Dei,
784 3816 839 3861 et
863 3808 932 3861 ad
964 3807 1411 3871 misericordiam.

302 3895 443 3950 Nam
485 3897 771 3966 corporalis
810 3897 1112 3951 exercitatio
1138 3898 1207 3951 ad
1232 3898 1512 3962 modicum,
1546 3898 1598 3951 id
1620 3905 1704 3952 est
1736 3896 1803 3951 ad

225 3988 433 4059 aliquid
473 3988 615 4042 utilis
653 3998 749 4042 est.
789 3990 990 4044 Verum
1031 3997 1114 4044 est
1158 3990 1281 4058 quia
1321 3990 1638 4044 exercitatio
1678 4004 1801 4044 cor-

222 4077 433 4148 poralis
462 4092 581 4146 quae
626 4076 686 4130 ﬁt
741 4078 794 4131 in
849 4078 1030 4155 aliquo
1074 4094 1262 4149 opere,
1310 4080 1552 4134 levamen
1586 4087 1808 4149 praestat

228 4168 477 4237 corpori;
527 4168 730 4224 aliter:
782 4169 1080 4240 corporalis
1125 4170 1443 4225 exercitatio
1492 4187 1613 4240 qua:
1645 4171 1705 4225 ﬁt
1751 4172 1805 4227 in

222 4257 452 4331 jejunio,
481 4258 534 4312 in
563 4259 779 4329 vigiliis,
804 4260 858 4314 id
882 4268 966 4315 est
991 4261 1339 4326 abstinentia,
1366 4262 1420 4316 in
1443 4261 1808 4320 relrenatione

229 4348 494 4416 corporis,
549 4364 739 4419 parum
786 4350 1006 4421 prodest
1044 4351 1119 4406 illi
1145 4353 1237 4421 qui
1270 4353 1433 4408 habet
1472 4354 1619 4410 unde
1645 4354 1807 4412 faciat

229 4441 630 4514 eleemosynam
657 4446 902 4515 pauperi,
918 4454 974 4501 et
998 4446 1195 4504 retinet
1218 4446 1382 4503 illam.
1416 4447 1594 4503 Pietas
1610 4460 1803 4518 autem,

228 4531 286 4589 id
315 4539 397 4586 est
419 4533 804 4597 misericordiae
817 4550 973 4604 opus,
998 4535 1067 4589 ad
1094 4537 1270 4592 omnia
1291 4536 1436 4593 utilis
1465 4548 1559 4604 est,
1588 4541 1809 4609 promis-

1977 1994 2178 2049 Viduas
2213 1995 2434 2061 honora,
2464 2007 2581 2061 quae
2611 2006 2723 2052 vere
2754 1988 2924 2043 vidua:
2949 1996 3089 2050 sunt,
3129 1986 3182 2040 id
3208 1993 3290 2039 est
3313 1984 3471 2037 talem

1898 2102 2018 2159 qua:
2046 2085 2323 2155 sexaginta
2362 2069 2626 2137 annorum
2658 2089 2740 2133 est
2769 2087 2824 2133 et
2852 2077 2951 2132 fuit
3002 2072 3159 2131 unius
3186 2075 3287 2130 viri
3314 2089 3469 2137 uxor,

1896 2188 1950 2231 et
1976 2192 2098 2247 qua:
2120 2172 2356 2229 desolata
2386 2180 2471 2226 est
2492 2186 2522 2224 a
2549 2170 2691 2234 liliis,
2722 2176 2775 2223 et
2802 2168 3034 2233 ﬁliabus,
3060 2167 3311 2245 omnique
3340 2165 3471 2219 sub—

1900 2267 2118 2325 stantia.
2145 2264 2328 2321 Honor
2356 2271 2534 2318 autetn
2559 2261 2649 2316 hic
2678 2276 2774 2331 pro
2804 2260 2943 2315 dono
2964 2267 3019 2314 et
3042 2257 3356 2322 muneribus
3383 2270 3475 2311 ac-

1882 2360 2113 2428 'cipilur.

1974 2448 2112 2503 Nam
2161 2447 2320 2502 vidua
2369 2460 2485 2517 qua:
2527 2443 2583 2497 in
2632 2441 2832 2495 deliciis
2876 2449 2950 2495 est
2998 2442 3163 2495 vivens
3207 2453 3430 2508 corpore
3456 2476 3472 2503 ,

1899 2549 2106 2593 mortua
2127 2549 2201 2592 est
2249 2538 2302 2591 in
2330 2535 2509 2590 anima
2536 2533 2676 2604 apud
2700 2534 2889 2596 Deum,
2913 2532 3037 2587 licet
3064 2531 3202 2613 apud
3231 2530 3479 2598 homines

1888 2636 2113 2691 videtur
2138 2636 2341 2689 vivere.

1972 2726 2030 2782 Si
2068 2727 2184 2798 quis
2233 2724 2405 2781 ﬁdelis
2440 2724 2526 2779 vel
2570 2724 2615 2779 si
2650 2738 2757 2794 qua
2795 2722 2952 2775 vidua
2977 2735 3190 2773 suorum
3216 2716 3470 2782 ﬁliorum,

1901 2820 1947 2873 el
1974 2819 2199 2872 maxime
2223 2817 2621 2870 domesticorum
2648 2815 2739 2884 qui
2786 2814 2837 2866 in
2881 2810 3039 2865 domo
3068 2809 3182 2879 ejus
3210 2817 3356 2871 sunt,
3385 2825 3478 2861 cu-

1902 2924 2015 2960 ram
2058 2924 2162 2961 non
2193 2905 2361 2969 habet,
2390 2912 2449 2957 ut
2495 2904 2615 2957 illos
2642 2903 2832 2956 doceat
2876 2907 3020 2954 recte
3045 2899 3226 2953 vivere
3262 2904 3316 2951 et
3341 2911 3476 2950 con-

1902 2995 2127 3060 versari,
2170 2995 2325 3064 fidem
2350 2993 2549 3063 negavit
2589 3006 2688 3060 per
2716 2990 2853 3044 mala
2880 3003 3062 3058 opera,
3088 2999 3134 3041 et
3165 2996 3240 3041 est
3277 2985 3476 3054 inﬁdeli

1904 3083 2316 3153 deterior;quia
2343 3081 2533 3137 melius
2559 3088 2641 3135 est
2665 3078 2807 3132 viam
2850 3077 3096 3131 veritatis
3133 3090 3240 3130 non
3280 3089 3479 3145 cogno-

1904 3191 2057 3232 scere
2085 3190 2242 3245 quam
2265 3182 2450 3244 postea
2475 3171 2711 3226 deviare.

1831 3268 1875 3329 C
1986 3265 2156 3321 Vidua
2183 3265 2424 3336 eligatur,
2448 3263 2702 3319 subaudis
2725 3260 2795 3315 ad
2820 3258 3226 3314 sustentandum
3256 3256 3320 3310 de
3349 3255 3479 3309 sub-

1902 3359 2102 3414 stantia
2144 3356 2398 3413 Ecclesia:
2448 3370 2551 3410 non
2598 3354 2778 3409 minus
2807 3353 3082 3424 sexaginta
3112 3365 3395 3415 annorum,
3426 3349 3481 3404 id

1902 3457 1985 3504 est
2005 3447 2374 3519 sexagenaria.

1973 3540 2103 3594 Cum
2141 3542 2278 3593 enim
2306 3538 2588 3594 luxuriata:
2633 3536 2827 3606 fuerint
2880 3535 2984 3601 illa:
3028 3532 3483 3589 adolescentiores

1901 3633 2075 3687 viduae
2102 3631 2291 3685 nubere
2322 3631 2492 3685 volunt
2519 3630 2574 3683 in
2600 3627 2829 3692 Christo,
2854 3627 2907 3681 id
2936 3634 3020 3680 est
3048 3625 3100 3678 in
3127 3624 3231 3679 ﬁde
3256 3622 3479 3684 Christi.

1902 3736 1956 3782 et
1989 3726 2197 3781 ﬁdelem
2229 3724 2592 3779 Christianum
2621 3722 2865 3790 accipere
2911 3719 2964 3774 in
2992 3718 3264 3773 maritum.
3299 3714 3486 3770 Solent

1903 3817 2083 3873 inultae.
2116 3815 2369 3870 mulieres
2415 3814 2640 3868 mortuis
2680 3813 2813 3867 viris
2860 3812 2971 3867 suis
3019 3810 3334 3880 promittere
3374 3806 3484 3860 Deo

1902 3907 2240 3970 viduitatem,
2285 3906 2621 3967 castitatem,
2653 3913 2707 3957 et
2742 3902 2987 3970 accipere
3032 3900 3278 3953 velamen
3326 3913 3488 3967 super

1904 4005 2068 4067 caput
2094 4011 2269 4061 suum,
2302 4004 2487 4064 postea
2530 4009 2660 4048 vero
2691 3993 2919 4047 miscent
2966 4006 3023 4044 se
3067 3990 3240 4044 servis
3268 3989 3400 4050 suis,
3434 3996 3488 4039 et

1907 4087 2027 4142 aliis
2070 4094 2124 4141 et
2165 4084 2599 4149 l‘ornicatorihus,
2629 4093 2792 4151 atque
2822 4081 2889 4135 ad
2914 4080 3159 4133 ultimum
3190 4078 3243 4131 in
3268 4077 3486 4131 Christo

1905 4180 2093 4235 volunt
2139 4177 2365 4242 nubere,
2408 4177 2461 4231 id
2505 4185 2590 4232 est
2631 4156 2867 4244 aliquem
2918 4172 3286 4229 Christianum
3338 4171 3507 4223 acci-,

1905 4285 2053 4341 pere,
2081 4268 2351 4323 dicentes:
2375 4265 2509 4334 Quia
2553 4281 2658 4321 non
2707 4279 2923 4334 possum
2951 4277 3035 4317 me
3067 4261 3364 4323 continere,
3391 4276 3490 4313 nu-

1905 4361 2028 4417 bam
2059 4360 2219 4416 alicui
2246 4358 2555 4415 Christiano
2584 4356 2744 4412 ﬁdeli.
2775 4356 2936 4410 Istam
2967 4353 3121 4407 talem
3144 4351 3484 4424 juvenculau-

1907 4451 2148 4523 pmcipit
2192 4448 2481 4518 Apostolus
2505 4447 2768 4512 devitarc,
2803 4446 3048 4499 habentes
3073 4444 3488 4509 damnationem,

1906 4543 2272 4613 quiaprimam
2296 4540 2451 4610 ﬁdem
2482 4550 2535 4594 et
2565 4538 2998 4608 promissionem,
3025 4550 3185 4606 quam
3214 4534 3324 4588 Deo
3366 4549 3492 4604 pro-

227 4630 428 4683 sionem
462 4629 656 4685 habens
705 4630 823 4686 uiue
866 4632 1319 4703 praesentisque,
1363 4649 1499 4687 nunc
1521 4642 1597 4687 est
1644 4643 1692 4687 et
1721 4633 1808 4702 [ιι-ν
1836 4630 1884 4689 Ι)
1911 4636 2174 4691 miserunt
2201 4650 2516 4704 permanere
2544 4635 2598 4688 in
2619 4632 2895 4698 viduitate,
2927 4632 3131 4685 irritam
3151 4629 3380 4700 fecerunt
3405 4643 3493 4682 ac-

228 4734 366 4777 tura:
414 4724 575 4787 etiam
616 4724 757 4780 vitte.
786 4725 887 4791 Qui
915 4724 1310 4797 eleemosynam
1340 4726 1650 4795 impendere
1676 4740 1806 4796 pau-

228 4814 343 4886 peri
376 4823 550 4879 curat,
581 4823 634 4869 et
669 4815 722 4869 in
752 4816 1006 4885 praesenti
1044 4815 1317 4872 ministrat
1337 4817 1387 4871 ei
1433 4817 1572 4871 Deus
1605 4824 1808 4887 tempo—

228 4904 364 4959 ralia
397 4905 657 4975 subsi‘dia,
689 4913 744 4960 et
790 4906 842 4969 in
891 4906 1070 4961 futuro
1113 4907 1281 4968 vitam
1313 4915 1591 4972 aeternam,
1620 4916 1675 4963 et
1703 4909 1808 4964 hoc

228 5006 316 5052 est
344 4997 488 5066 quod
517 4998 648 5069 dicit
678 5016 692 5053 :
727 4998 1139 5055 Promissionem
1156 5000 1349 5055 habens
1378 5002 1659 5071 pnesentis
1688 5002 1807 5057 vitte

226 5098 277 5143 et
312 5090 525 5158 futuris.

303 5180 407 5247 Qui
451 5191 525 5235 est
553 5180 800 5238 Salvator
838 5184 1070 5242 omnium
1112 5182 1382 5238 hominum
1417 5185 1644 5239 maxime
1676 5184 1805 5251 [ide-

228 5260 380 5326 lium.
426 5270 578 5327 Sicut
621 5274 962 5343 omnipotens
1007 5273 1149 5329 Deus
1175 5282 1390 5331 creator
1427 5282 1512 5329 est
1562 5276 1802 5329 omnium

228 5371 623 5429 creaturarum,
649 5363 720 5417 ita
735 5364 896 5418 etiam
921 5362 1173 5427 salvator,
1191 5363 1316 5433 quia
1336 5363 1452 5432 ipse
1465 5362 1633 5417 salvat
1657 5362 1801 5416 illam

230 5455 286 5515 in
327 5456 429 5510 hoc
480 5455 697 5511 smculo.
748 5454 978 5510 Maxime
1037 5463 1216 5510 tamen
1280 5453 1516 5509 ﬁdelium
1568 5453 1811 5508 salvator-

229 5552 338 5607 cst,
361 5558 498 5613 quos
522 5543 696 5599 salvat
727 5543 781 5598 in
808 5546 910 5599 hoc
935 5544 1131 5599 smeulo
1158 5553 1212 5599 et
1238 5543 1293 5599 in
1324 5543 1520 5598 futuro.

304 5630 472 5686 Nemo
499 5634 899 5688 adolescentiam
925 5643 1067 5687 tuam
1093 5643 1407 5688 contemnat.
1434 5632 1807 5693 Adolescentia

231 5733 293 5781 et
318 5724 570 5795 juventus
603 5742 703 5798 pro
734 5743 840 5782 uno
871 5728 1226 5798 accipiuntur.
1262 5728 1329 5783 Et
1358 5728 1677 5784 Timotheus
1716 5726 1808 5795 ju-

229 5817 388 5883 venis
409 5817 520 5895 jam
548 5827 682 5887 erat,
722 5818 841 5874 ideo
864 5819 993 5881 dicit
1026 5836 1037 5870 :
1076 5819 1258 5883 Talem
1285 5827 1335 5875 te
1371 5818 1567 5889 praebe,
1600 5827 1656 5874 ut
1680 5826 1808 5877 teta-

1911 4728 2168 4798 eipientes
2197 4739 2380 4798 postea
2410 4726 2681 4780 maritum.

1991 4818 2122 4873 Volo
2150 4818 2347 4873 nullam
2372 4818 2693 4871 occasionem
2713 4818 2839 4870 dare
2859 4815 3179 4879 adversario,
3209 4811 3259 4866 id
3281 4808 3496 4867 eslvolo

1912 4919 1969 4965 ut
2013 4910 2353 4965 occasionem
2382 4924 2488 4963 non
2518 4909 2648 4963 dent
2684 4908 2895 4962 diabolo
2932 4906 3101 4977 gratia
3144 4904 3259 4959 sive
3309 4916 3491 4961 causa,

1916 5001 2181 5055 maledicti
2210 5008 2266 5054 ut
2295 4999 2685 5054 maledicantur
2711 5006 2765 5051 et
2788 4997 3233 5066 blasphementur
3271 4990 3338 5045 ab
3370 4988 3494 5042 illis.

1984 5091 2166 5162 Siqua
2193 5089 2364 5161 fidelis
2390 5090 2580 5145 mulier
2621 5089 2772 5144 habet
2816 5086 2999 5148 viduas
3028 5085 3166 5141 ﬁlias
3191 5090 3283 5138 aut
3311 5087 3498 5150 neptes

1907 5183 2258 5238 subministrat
2279 5181 2383 5235 illis
2412 5197 2531 5252 qua:
2558 5180 2863 5235 necessaria
2901 5185 3046 5232 sunt.

1926 5308 1929 5315 ι
1982 5273 2086 5338 Qui
2114 5271 2237 5325 bene
2260 5280 2492 5341 prwsunt
2524 5270 2848 5341 pra’sbyteri,
2877 5266 3075 5338 duplici
3114 5266 3311 5318 honore
3350 5261 3496 5331 digni

1906 5364 2215 5417 habeantur.
2242 5360 2518 5431 Duplicem
2550 5362 2808 5415 honorem
2833 5357 3077 5428 praecipit
3098 5353 3340 5410 exhiberi
3368 5367 3500 5421 pra:-

1910 5452 2160 5523 sbyteris,
2202 5451 2253 5504 in
2285 5450 2695 5506 salutationibus
2729 5449 3008 5511 videlicet,
3041 5454 3100 5501 ut
3128 5442 3411 5498 humilient
3436 5450 3498 5495 se

1912 5547 2018 5601 illis
2047 5544 2294 5613 subiecti,
2340 5552 2395 5600 et
2439 5541 2754 5598 exhibendis
2784 5541 2944 5596 donis
2974 5536 3334 5605 subsidiisque
3365 5542 3502 5589 tem-

1912 5635 2206 5706 poralibus.

1986 5724 2115 5780 Sine
2132 5725 2441 5796 pra’judicio
2465 5723 2593 5777 nihil
2630 5723 2796 5790 facias
2820 5722 2874 5775 in
2921 5720 3083 5774 aliam
3111 5726 3309 5788 partem
3336 5712 3503 5768 decli-

1914 5818 2105 5885 nando,
2140 5818 2189 5874 id
2221 5828 2301 5875 est
2330 5816 2461 5881 nihil
2511 5815 2677 5876 facias
2729 5814 2831 5869 nisi
2877 5812 3026 5891 prius
3078 5817 3169 5868 tuo
3206 5805 3411 5876 judicio
3450 5812 3505 5865 et
