  <div class='ocr_page' id='page_1' title='image "/cluster/home/n/w/nwhite01/storage/ocr_20150623/117/hvd.32044015466899/404.png"; bbox 0 0 3996 6446; ppageno 0'>
   <div class='ocr_carea' id='block_1_1' title="bbox 174 411 273 469">
    <p class='ocr_par' dir='ltr' id='par_1_1' title="bbox 174 411 273 469">
     <span class='ocr_line' id='line_1_1' title="bbox 174 411 273 469; baseline -0.051 0"><span class='ocrx_word' id='word_1_1' title='bbox 174 411 273 469; x_wconf 75' lang='grc'><strong>’197</strong></span> 
     </span>
    </p>
   </div>
   <div class='ocr_carea' id='block_1_2' title="bbox 796 390 2719 469">
    <p class='ocr_par' dir='ltr' id='par_1_2' title="bbox 796 390 2719 469">
     <span class='ocr_line' id='line_1_2' title="bbox 796 390 2719 469; baseline -0.007 -11"><span class='ocrx_word' id='word_1_2' title='bbox 796 466 799 469; x_wconf 27' lang='grc' dir='ltr'><strong><em>λ</em></strong></span> <span class='ocrx_word' id='word_1_3' title='bbox 857 399 1220 459; x_wconf 71' lang='lat' dir='ltr'><strong>EXPOSI&#39;I‘IO</strong></span> <span class='ocrx_word' id='word_1_4' title='bbox 1256 398 1324 456; x_wconf 82' lang='lat' dir='ltr'><strong>IN</strong></span> <span class='ocrx_word' id='word_1_5' title='bbox 1362 398 1512 455; x_wconf 83' lang='lat' dir='ltr'><strong>EPP.</strong></span> <span class='ocrx_word' id='word_1_6' title='bbox 1551 396 1609 453; x_wconf 89' lang='lat' dir='ltr'><strong>S.</strong></span> <span class='ocrx_word' id='word_1_7' title='bbox 1648 394 1872 452; x_wconf 83' lang='lat' dir='ltr'><strong>PAULI.</strong></span> <span class='ocrx_word' id='word_1_8' title='bbox 1908 423 1980 434; x_wconf 89' lang='lat'><strong><em>—-</em></strong></span> <span class='ocrx_word' id='word_1_9' title='bbox 2011 392 2080 449; x_wconf 86' lang='lat' dir='ltr'><strong>IN</strong></span> <span class='ocrx_word' id='word_1_10' title='bbox 2119 392 2332 450; x_wconf 84' lang='lat' dir='ltr'><strong>EPIST.</strong></span> <span class='ocrx_word' id='word_1_11' title='bbox 2374 392 2416 448; x_wconf 83' lang='grc' dir='ltr'><strong>ιι</strong></span> <span class='ocrx_word' id='word_1_12' title='bbox 2451 391 2543 448; x_wconf 81' lang='lat' dir='ltr'><strong>AD</strong></span> <span class='ocrx_word' id='word_1_13' title='bbox 2582 390 2719 446; x_wconf 78' lang='lat' dir='ltr'><strong>TIM.</strong></span> 
     </span>
    </p>
   </div>
   <div class='ocr_carea' id='block_1_3' title="bbox 3322 393 3423 449">
    <p class='ocr_par' dir='ltr' id='par_1_3' title="bbox 3322 393 3423 449">
     <span class='ocr_line' id='line_1_3' title="bbox 3322 393 3423 449; baseline 0.02 -2"><span class='ocrx_word' id='word_1_14' title='bbox 3322 393 3423 449; x_wconf 81' lang='lat'><strong>798</strong></span> 
     </span>
    </p>
   </div>
   <div class='ocr_carea' id='block_1_4' title="bbox 175 499 3422 581">
    <p class='ocr_par' dir='ltr' id='par_1_4' title="bbox 175 499 3422 581">
     <span class='ocr_line' id='line_1_4' title="bbox 175 499 3422 581; baseline -0.007 0"><span class='ocrx_word' id='word_1_15' title='bbox 175 545 228 581; x_wconf 74' lang='grc' dir='ltr'><strong>κ.</strong></span> <span class='ocrx_word' id='word_1_16' title='bbox 260 536 431 579; x_wconf 83' lang='lat' dir='ltr'><strong>serves</strong></span> <span class='ocrx_word' id='word_1_17' title='bbox 458 504 771 575; x_wconf 82' lang='lat' dir='ltr'><strong>mandatum</strong></span> <span class='ocrx_word' id='word_1_18' title='bbox 799 516 896 571; x_wconf 89' lang='lat' dir='ltr'><strong>tibi</strong></span> <span class='ocrx_word' id='word_1_19' title='bbox 926 531 957 569; x_wconf 87' lang='lat' dir='ltr'><strong>a</strong></span> <span class='ocrx_word' id='word_1_20' title='bbox 1001 531 1089 571; x_wconf 87' lang='lat' dir='ltr'><strong>me</strong></span> <span class='ocrx_word' id='word_1_21' title='bbox 1129 513 1589 574; x_wconf 87' lang='lat' dir='ltr'><strong>commendatum,</strong></span> <span class='ocrx_word' id='word_1_22' title='bbox 1631 510 1744 564; x_wconf 84' lang='lat' dir='ltr'><strong>sine</strong></span> <span class='ocrx_word' id='word_1_23' title='bbox 1771 514 1816 573; x_wconf 78' lang='grc' dir='ltr'><strong>Α</strong></span> <span class='ocrx_word' id='word_1_24' title='bbox 1850 519 1993 565; x_wconf 81' lang='lat' dir='ltr'><strong>rum.</strong></span> <span class='ocrx_word' id='word_1_25' title='bbox 2014 504 2225 559; x_wconf 70' lang='lat' dir='ltr'><strong>Divitiae</strong></span> <span class='ocrx_word' id='word_1_26' title='bbox 2246 503 2405 573; x_wconf 90' lang='lat' dir='ltr'><strong>hujus</strong></span> <span class='ocrx_word' id='word_1_27' title='bbox 2433 501 2612 558; x_wconf 71' lang='lat' dir='ltr'><strong>smeuli</strong></span> <span class='ocrx_word' id='word_1_28' title='bbox 2637 501 2859 556; x_wconf 66' lang='lat' dir='ltr'><strong>incerta:</strong></span> <span class='ocrx_word' id='word_1_29' title='bbox 2883 499 3146 570; x_wconf 87' lang='lat' dir='ltr'><strong>suntquia</strong></span> <span class='ocrx_word' id='word_1_30' title='bbox 3173 501 3422 559; x_wconf 77' lang='lat' dir='ltr'><strong>transito-</strong></span> 
     </span>
    </p>
   </div>
   <div class='ocr_carea' id='block_1_5' title="bbox 174 600 1742 680">
    <p class='ocr_par' dir='ltr' id='par_1_5' title="bbox 174 600 1742 680">
     <span class='ocr_line' id='line_1_5' title="bbox 174 600 1742 680; baseline -0.011 -9"><span class='ocrx_word' id='word_1_31' title='bbox 174 613 406 679; x_wconf 85' lang='lat' dir='ltr'><strong>macula,</strong></span> <span class='ocrx_word' id='word_1_32' title='bbox 456 607 903 680; x_wconf 79' lang='lat' dir='ltr'><strong>irrepreheusibile</strong></span> <span class='ocrx_word' id='word_1_33' title='bbox 932 623 1093 677; x_wconf 85' lang='lat' dir='ltr'><strong>usque</strong></span> <span class='ocrx_word' id='word_1_34' title='bbox 1130 609 1187 663; x_wconf 86' lang='lat' dir='ltr'><strong>in</strong></span> <span class='ocrx_word' id='word_1_35' title='bbox 1232 605 1507 665; x_wconf 71' lang='lat' dir='ltr'><strong>adventum</strong></span> <span class='ocrx_word' id='word_1_36' title='bbox 1532 600 1742 655; x_wconf 78' lang='lat' dir='ltr'><strong>Domini</strong></span> 
     </span>
    </p>
   </div>
   <div class='ocr_carea' id='block_1_6' title="bbox 176 690 1744 767">
    <p class='ocr_par' dir='ltr' id='par_1_6' title="bbox 176 690 1744 767">
     <span class='ocr_line' id='line_1_6' title="bbox 176 690 1744 767; baseline -0.008 -9"><span class='ocrx_word' id='word_1_37' title='bbox 176 704 338 758; x_wconf 83' lang='lat' dir='ltr'><strong>nostri</strong></span> <span class='ocrx_word' id='word_1_38' title='bbox 364 701 495 757; x_wconf 82' lang='lat' dir='ltr'><strong>Jesu</strong></span> <span class='ocrx_word' id='word_1_39' title='bbox 525 699 742 765; x_wconf 75' lang='lat' dir='ltr'><strong>Christi,</strong></span> <span class='ocrx_word' id='word_1_40' title='bbox 794 698 846 753; x_wconf 87' lang='lat' dir='ltr'><strong>id</strong></span> <span class='ocrx_word' id='word_1_41' title='bbox 876 706 960 752; x_wconf 88' lang='lat' dir='ltr'><strong>est</strong></span> <span class='ocrx_word' id='word_1_42' title='bbox 998 711 1276 767; x_wconf 89' lang='lat' dir='ltr'><strong>usquequo</strong></span> <span class='ocrx_word' id='word_1_43' title='bbox 1322 696 1391 749; x_wconf 90' lang='lat' dir='ltr'><strong>ab</strong></span> <span class='ocrx_word' id='word_1_44' title='bbox 1419 693 1510 748; x_wconf 90' lang='lat' dir='ltr'><strong>illo</strong></span> <span class='ocrx_word' id='word_1_45' title='bbox 1535 690 1744 747; x_wconf 90' lang='lat' dir='ltr'><strong>voceris</strong></span> 
     </span>
    </p>
   </div>
   <div class='ocr_carea' id='block_1_7' title="bbox 176 782 1742 864">
    <p class='ocr_par' dir='ltr' id='par_1_7' title="bbox 176 782 1742 864">
     <span class='ocr_line' id='line_1_7' title="bbox 176 782 1742 864; baseline -0.01 -15"><span class='ocrx_word' id='word_1_46' title='bbox 176 809 273 864; x_wconf 84' lang='lat' dir='ltr'><strong>per</strong></span> <span class='ocrx_word' id='word_1_47' title='bbox 302 801 535 849; x_wconf 88' lang='lat' dir='ltr'><strong>mortem</strong></span> <span class='ocrx_word' id='word_1_48' title='bbox 556 790 820 861; x_wconf 84' lang='lat' dir='ltr'><strong>corporis,</strong></span> <span class='ocrx_word' id='word_1_49' title='bbox 842 788 930 842; x_wconf 90' lang='lat' dir='ltr'><strong>vel</strong></span> <span class='ocrx_word' id='word_1_50' title='bbox 951 803 1121 857; x_wconf 90' lang='lat' dir='ltr'><strong>usque</strong></span> <span class='ocrx_word' id='word_1_51' title='bbox 1158 787 1224 841; x_wconf 90' lang='lat' dir='ltr'><strong>ad</strong></span> <span class='ocrx_word' id='word_1_52' title='bbox 1250 786 1389 845; x_wconf 84' lang='lat' dir='ltr'><strong>diem</strong></span> <span class='ocrx_word' id='word_1_53' title='bbox 1409 782 1597 855; x_wconf 84' lang='lat' dir='ltr'><strong>judicii</strong></span> <span class='ocrx_word' id='word_1_54' title='bbox 1622 794 1742 839; x_wconf 84' lang='lat' dir='ltr'><strong>ser-</strong></span> 
     </span>
    </p>
   </div>
   <div class='ocr_carea' id='block_1_8' title="bbox 176 871 1745 953">
    <p class='ocr_par' dir='ltr' id='par_1_8' title="bbox 176 871 1745 953">
     <span class='ocr_line' id='line_1_8' title="bbox 176 871 1745 953; baseline -0.008 -15"><span class='ocrx_word' id='word_1_55' title='bbox 176 892 266 940; x_wconf 91' lang='lat' dir='ltr'><strong>vet</strong></span> <span class='ocrx_word' id='word_1_56' title='bbox 317 882 689 953; x_wconf 87' lang='lat' dir='ltr'><strong>unusquisque</strong></span> <span class='ocrx_word' id='word_1_57' title='bbox 742 880 983 934; x_wconf 89' lang='lat' dir='ltr'><strong>fidelium</strong></span> <span class='ocrx_word' id='word_1_58' title='bbox 1040 880 1145 932; x_wconf 93' lang='lat' dir='ltr'><strong>hoc</strong></span> <span class='ocrx_word' id='word_1_59' title='bbox 1197 876 1550 939; x_wconf 89' lang='lat' dir='ltr'><strong>mandatum,</strong></span> <span class='ocrx_word' id='word_1_60' title='bbox 1599 871 1745 942; x_wconf 89' lang='lat' dir='ltr'><strong>quod</strong></span> 
     </span>
    </p>
   </div>
   <div class='ocr_carea' id='block_1_9' title="bbox 175 966 1744 1045">
    <p class='ocr_par' dir='ltr' id='par_1_9' title="bbox 175 966 1744 1045">
     <span class='ocr_line' id='line_1_9' title="bbox 175 966 1744 1045; baseline -0.008 -16"><span class='ocrx_word' id='word_1_61' title='bbox 175 989 339 1045; x_wconf 83' lang='lat' dir='ltr'><strong>supra</strong></span> <span class='ocrx_word' id='word_1_62' title='bbox 370 974 465 1037; x_wconf 86' lang='lat' dir='ltr'><strong>tibi</strong></span> <span class='ocrx_word' id='word_1_63' title='bbox 507 970 903 1034; x_wconf 85' lang='lat' dir='ltr'><strong>commendavi,</strong></span> <span class='ocrx_word' id='word_1_64' title='bbox 952 985 1124 1040; x_wconf 82' lang='lat' dir='ltr'><strong>quem,</strong></span> <span class='ocrx_word' id='word_1_65' title='bbox 1171 967 1439 1024; x_wconf 72' lang='lat' dir='ltr'><strong>subaudis-</strong></span> <span class='ocrx_word' id='word_1_66' title='bbox 1456 966 1744 1021; x_wconf 85' lang='lat' dir='ltr'><strong>adventum</strong></span> 
     </span>
    </p>
   </div>
   <div class='ocr_carea' id='block_1_10' title="bbox 177 1056 1748 1127">
    <p class='ocr_par' dir='ltr' id='par_1_10' title="bbox 177 1056 1748 1127">
     <span class='ocr_line' id='line_1_10' title="bbox 177 1056 1748 1127; baseline -0.006 -10"><span class='ocrx_word' id='word_1_67' title='bbox 177 1062 389 1125; x_wconf 87' lang='lat' dir='ltr'><strong>Domini</strong></span> <span class='ocrx_word' id='word_1_68' title='bbox 418 1062 588 1116; x_wconf 79' lang='lat' dir='ltr'><strong>nostri</strong></span> <span class='ocrx_word' id='word_1_69' title='bbox 632 1060 759 1121; x_wconf 84' lang='lat' dir='ltr'><strong>Jesu</strong></span> <span class='ocrx_word' id='word_1_70' title='bbox 799 1060 1018 1124; x_wconf 76' lang='lat' dir='ltr'><strong>Christi,</strong></span> <span class='ocrx_word' id='word_1_71' title='bbox 1066 1059 1175 1113; x_wconf 88' lang='lat' dir='ltr'><strong>suis</strong></span> <span class='ocrx_word' id='word_1_72' title='bbox 1205 1058 1539 1127; x_wconf 68' lang='lat' dir='ltr'><strong>temporibus,</strong></span> <span class='ocrx_word' id='word_1_73' title='bbox 1572 1056 1627 1111; x_wconf 89' lang='lat' dir='ltr'><strong>id</strong></span> <span class='ocrx_word' id='word_1_74' title='bbox 1663 1062 1748 1109; x_wconf 87' lang='lat' dir='ltr'><strong>est</strong></span> 
     </span>
    </p>
   </div>
   <div class='ocr_carea' id='block_1_11' title="bbox 176 1146 1745 1223">
    <p class='ocr_par' dir='ltr' id='par_1_11' title="bbox 176 1146 1745 1223">
     <span class='ocr_line' id='line_1_11' title="bbox 176 1146 1745 1223; baseline -0.006 -15"><span class='ocrx_word' id='word_1_75' title='bbox 176 1152 430 1223; x_wconf 71' lang='lat' dir='ltr'><strong>congruis</strong></span> <span class='ocrx_word' id='word_1_76' title='bbox 452 1160 507 1207; x_wconf 90' lang='lat' dir='ltr'><strong>et</strong></span> <span class='ocrx_word' id='word_1_77' title='bbox 528 1151 819 1221; x_wconf 86' lang='lat' dir='ltr'><strong>dispositis,</strong></span> <span class='ocrx_word' id='word_1_78' title='bbox 853 1149 1083 1204; x_wconf 79' lang='lat' dir='ltr'><strong>ostendet</strong></span> <span class='ocrx_word' id='word_1_79' title='bbox 1118 1149 1297 1203; x_wconf 82' lang='lat' dir='ltr'><strong>lteatus</strong></span> <span class='ocrx_word' id='word_1_80' title='bbox 1326 1157 1374 1203; x_wconf 89' lang='lat' dir='ltr'><strong>et</strong></span> <span class='ocrx_word' id='word_1_81' title='bbox 1396 1146 1539 1207; x_wconf 91' lang='lat' dir='ltr'><strong>solus</strong></span> <span class='ocrx_word' id='word_1_82' title='bbox 1566 1154 1745 1216; x_wconf 87' lang='lat' dir='ltr'><strong>potens</strong></span> 
     </span>
    </p>
   </div>
   <div class='ocr_carea' id='block_1_12' title="bbox 178 1239 1744 1317">
    <p class='ocr_par' dir='ltr' id='par_1_12' title="bbox 178 1239 1744 1317">
     <span class='ocr_line' id='line_1_12' title="bbox 178 1239 1744 1317; baseline -0.003 -19"><span class='ocrx_word' id='word_1_83' title='bbox 178 1242 289 1298; x_wconf 81' lang='lat' dir='ltr'><strong>Rea:</strong></span> <span class='ocrx_word' id='word_1_84' title='bbox 316 1259 490 1314; x_wconf 85' lang='lat' dir='ltr'><strong>regum</strong></span> <span class='ocrx_word' id='word_1_85' title='bbox 520 1251 568 1297; x_wconf 87' lang='lat' dir='ltr'><strong>et</strong></span> <span class='ocrx_word' id='word_1_86' title='bbox 596 1241 855 1297; x_wconf 79' lang='lat' dir='ltr'><strong>Dominus</strong></span> <span class='ocrx_word' id='word_1_87' title='bbox 883 1241 1285 1317; x_wconf 79' lang='lat' dir='ltr'><strong>dominantium.</strong></span> <span class='ocrx_word' id='word_1_88' title='bbox 1317 1239 1539 1294; x_wconf 87' lang='lat' dir='ltr'><strong>Beatum</strong></span> <span class='ocrx_word' id='word_1_89' title='bbox 1568 1246 1623 1292; x_wconf 89' lang='lat' dir='ltr'><strong>et</strong></span> <span class='ocrx_word' id='word_1_90' title='bbox 1654 1252 1744 1293; x_wconf 83' lang='lat' dir='ltr'><strong>so-</strong></span> 
     </span>
    </p>
   </div>
   <div class='ocr_carea' id='block_1_13' title="bbox 177 1329 1746 1407">
    <p class='ocr_par' dir='ltr' id='par_1_13' title="bbox 177 1329 1746 1407">
     <span class='ocr_line' id='line_1_13' title="bbox 177 1329 1746 1407; baseline -0.004 -17"><span class='ocrx_word' id='word_1_91' title='bbox 177 1336 288 1399; x_wconf 83' lang='lat' dir='ltr'><strong>lum</strong></span> <span class='ocrx_word' id='word_1_92' title='bbox 312 1344 589 1407; x_wconf 86' lang='lat' dir='ltr'><strong>potentem</strong></span> <span class='ocrx_word' id='word_1_93' title='bbox 625 1333 933 1405; x_wconf 79' lang='lat' dir='ltr'><strong>Regemque</strong></span> <span class='ocrx_word' id='word_1_94' title='bbox 952 1348 1138 1404; x_wconf 79' lang='lat' dir='ltr'><strong>regum</strong></span> <span class='ocrx_word' id='word_1_95' title='bbox 1166 1348 1232 1388; x_wconf 92' lang='lat' dir='ltr'><strong>ac</strong></span> <span class='ocrx_word' id='word_1_96' title='bbox 1261 1331 1547 1387; x_wconf 90' lang='lat' dir='ltr'><strong>Dominum</strong></span> <span class='ocrx_word' id='word_1_97' title='bbox 1570 1329 1746 1385; x_wconf 88' lang='lat' dir='ltr'><strong>domi-</strong></span> 
     </span>
    </p>
   </div>
   <div class='ocr_carea' id='block_1_14' title="bbox 175 1421 1748 1498">
    <p class='ocr_par' dir='ltr' id='par_1_14' title="bbox 175 1421 1748 1498">
     <span class='ocr_line' id='line_1_14' title="bbox 175 1421 1748 1498; baseline -0.004 -17"><span class='ocrx_word' id='word_1_98' title='bbox 175 1426 423 1491; x_wconf 82' lang='lat' dir='ltr'><strong>nantium</strong></span> <span class='ocrx_word' id='word_1_99' title='bbox 452 1426 709 1481; x_wconf 86' lang='lat' dir='ltr'><strong>debemus</strong></span> <span class='ocrx_word' id='word_1_100' title='bbox 745 1424 1044 1498; x_wconf 73' lang='lat' dir='ltr'><strong>intelligere</strong></span> <span class='ocrx_word' id='word_1_101' title='bbox 1091 1424 1181 1480; x_wconf 92' lang='lat' dir='ltr'><strong>hic</strong></span> <span class='ocrx_word' id='word_1_102' title='bbox 1227 1432 1468 1479; x_wconf 89' lang='lat' dir='ltr'><strong>sanctam</strong></span> <span class='ocrx_word' id='word_1_103' title='bbox 1512 1421 1748 1476; x_wconf 79' lang='lat' dir='ltr'><strong>Trinita~</strong></span> 
     </span>
    </p>
   </div>
   <div class='ocr_carea' id='block_1_15' title="bbox 177 1511 1753 1582">
    <p class='ocr_par' dir='ltr' id='par_1_15' title="bbox 177 1511 1753 1582">
     <span class='ocr_line' id='line_1_15' title="bbox 177 1511 1753 1582; baseline -0.006 -11"><span class='ocrx_word' id='word_1_104' title='bbox 177 1525 307 1582; x_wconf 76' lang='lat' dir='ltr'><strong>tem,</strong></span> <span class='ocrx_word' id='word_1_105' title='bbox 370 1515 586 1571; x_wconf 82' lang='lat' dir='ltr'><strong>Patrem</strong></span> <span class='ocrx_word' id='word_1_106' title='bbox 624 1514 895 1577; x_wconf 78' lang='lat' dir='ltr'><strong>videlicet,</strong></span> <span class='ocrx_word' id='word_1_107' title='bbox 946 1512 1159 1576; x_wconf 86' lang='lat' dir='ltr'><strong>Filium,</strong></span> <span class='ocrx_word' id='word_1_108' title='bbox 1207 1528 1272 1567; x_wconf 89' lang='lat' dir='ltr'><strong>ac</strong></span> <span class='ocrx_word' id='word_1_109' title='bbox 1319 1511 1577 1582; x_wconf 83' lang='lat' dir='ltr'><strong>Spiritum</strong></span> <span class='ocrx_word' id='word_1_110' title='bbox 1622 1526 1753 1565; x_wconf 16' lang='lat' dir='ltr'><strong>san-A</strong></span> 
     </span>
    </p>
   </div>
   <div class='ocr_carea' id='block_1_16' title="bbox 174 1603 1747 1674">
    <p class='ocr_par' dir='ltr' id='par_1_16' title="bbox 174 1603 1747 1674">
     <span class='ocr_line' id='line_1_16' title="bbox 174 1603 1747 1674; baseline -0.002 -12"><span class='ocrx_word' id='word_1_111' title='bbox 174 1615 343 1671; x_wconf 89' lang='lat' dir='ltr'><strong>ctum,</strong></span> <span class='ocrx_word' id='word_1_112' title='bbox 393 1621 559 1660; x_wconf 89' lang='lat' dir='ltr'><strong>unum</strong></span> <span class='ocrx_word' id='word_1_113' title='bbox 605 1605 775 1661; x_wconf 88' lang='lat' dir='ltr'><strong>Deum</strong></span> <span class='ocrx_word' id='word_1_114' title='bbox 819 1604 1410 1674; x_wconf 86' lang='lat' dir='ltr'><strong>omnipotentem,&#39;qui</strong></span> <span class='ocrx_word' id='word_1_115' title='bbox 1458 1603 1747 1659; x_wconf 84' lang='lat' dir='ltr'><strong>adventum</strong></span> 
     </span>
    </p>
   </div>
   <div class='ocr_carea' id='block_1_17' title="bbox 173 1696 1748 1767">
    <p class='ocr_par' dir='ltr' id='par_1_17' title="bbox 173 1696 1748 1767">
     <span class='ocr_line' id='line_1_17' title="bbox 173 1696 1748 1767; baseline -0.003 -15"><span class='ocrx_word' id='word_1_116' title='bbox 173 1697 415 1753; x_wconf 85' lang='lat' dir='ltr'><strong>hominis</strong></span> <span class='ocrx_word' id='word_1_117' title='bbox 448 1699 712 1767; x_wconf 88' lang='lat' dir='ltr'><strong>assumpti</strong></span> <span class='ocrx_word' id='word_1_118' title='bbox 753 1712 783 1751; x_wconf 90' lang='lat' dir='ltr'><strong>a</strong></span> <span class='ocrx_word' id='word_1_119' title='bbox 819 1696 991 1751; x_wconf 82' lang='lat' dir='ltr'><strong>Verbo</strong></span> <span class='ocrx_word' id='word_1_120' title='bbox 1034 1697 1273 1751; x_wconf 82' lang='lat' dir='ltr'><strong>ostendit</strong></span> <span class='ocrx_word' id='word_1_121' title='bbox 1316 1696 1569 1766; x_wconf 79' lang='lat' dir='ltr'><strong>congruis</strong></span> <span class='ocrx_word' id='word_1_122' title='bbox 1614 1702 1748 1749; x_wconf 71' lang='lat' dir='ltr'><strong>tem~</strong></span> 
     </span>
    </p>
   </div>
   <div class='ocr_carea' id='block_1_18' title="bbox 172 1787 1757 1860">
    <p class='ocr_par' dir='ltr' id='par_1_18' title="bbox 172 1787 1757 1860">
     <span class='ocr_line' id='line_1_18' title="bbox 172 1787 1757 1860; baseline -0.004 -15"><span class='ocrx_word' id='word_1_123' title='bbox 172 1789 419 1859; x_wconf 80' lang='lat' dir='ltr'><strong>poribus,</strong></span> <span class='ocrx_word' id='word_1_124' title='bbox 460 1790 549 1860; x_wconf 85' lang='lat' dir='ltr'><strong>qui</strong></span> <span class='ocrx_word' id='word_1_125' title='bbox 593 1791 737 1844; x_wconf 83' lang='lat' dir='ltr'><strong>solus</strong></span> <span class='ocrx_word' id='word_1_126' title='bbox 765 1789 914 1844; x_wconf 85' lang='lat' dir='ltr'><strong>habet</strong></span> <span class='ocrx_word' id='word_1_127' title='bbox 947 1787 1412 1853; x_wconf 78' lang='lat' dir='ltr'><strong>immortalitatem,</strong></span> <span class='ocrx_word' id='word_1_128' title='bbox 1454 1788 1506 1841; x_wconf 90' lang='lat' dir='ltr'><strong>id</strong></span> <span class='ocrx_word' id='word_1_129' title='bbox 1545 1795 1626 1841; x_wconf 89' lang='lat' dir='ltr'><strong>est</strong></span> <span class='ocrx_word' id='word_1_130' title='bbox 1649 1787 1757 1840; x_wconf 70' lang='lat' dir='ltr'><strong>im-.</strong></span> 
     </span>
    </p>
   </div>
   <div class='ocr_carea' id='block_1_19' title="bbox 1846 592 3422 665">
    <p class='ocr_par' dir='ltr' id='par_1_19' title="bbox 1846 592 3422 665">
     <span class='ocr_line' id='line_1_19' title="bbox 1846 592 3422 665; baseline -0.001 -13"><span class='ocrx_word' id='word_1_131' title='bbox 1846 598 1941 652; x_wconf 72' lang='lat' dir='ltr'><strong>riae</strong></span> <span class='ocrx_word' id='word_1_132' title='bbox 1969 606 2116 657; x_wconf 87' lang='lat' dir='ltr'><strong>sunt,</strong></span> <span class='ocrx_word' id='word_1_133' title='bbox 2149 610 2309 665; x_wconf 89' lang='lat' dir='ltr'><strong>quam</strong></span> <span class='ocrx_word' id='word_1_134' title='bbox 2343 595 2654 665; x_wconf 89' lang='lat' dir='ltr'><strong>plerumque</strong></span> <span class='ocrx_word' id='word_1_135' title='bbox 2687 593 2898 648; x_wconf 86' lang='lat' dir='ltr'><strong>amittet</strong></span> <span class='ocrx_word' id='word_1_136' title='bbox 2940 592 3059 647; x_wconf 91' lang='lat' dir='ltr'><strong>illas</strong></span> <span class='ocrx_word' id='word_1_137' title='bbox 3112 593 3273 649; x_wconf 90' lang='lat' dir='ltr'><strong>homo</strong></span> <span class='ocrx_word' id='word_1_138' title='bbox 3297 603 3422 651; x_wconf 89' lang='lat' dir='ltr'><strong>ante</strong></span> 
     </span>
    </p>
   </div>
   <div class='ocr_carea' id='block_1_20' title="bbox 1845 684 3421 757">
    <p class='ocr_par' dir='ltr' id='par_1_20' title="bbox 1845 684 3421 757">
     <span class='ocr_line' id='line_1_20' title="bbox 1845 684 3421 757; baseline -0.003 -12"><span class='ocrx_word' id='word_1_139' title='bbox 1845 697 2115 757; x_wconf 81' lang='lat' dir='ltr'><strong>mortem,</strong></span> <span class='ocrx_word' id='word_1_140' title='bbox 2172 702 2240 742; x_wconf 82' lang='lat' dir='ltr'><strong>ex</strong></span> <span class='ocrx_word' id='word_1_141' title='bbox 2294 695 2408 742; x_wconf 93' lang='lat' dir='ltr'><strong>toto</strong></span> <span class='ocrx_word' id='word_1_142' title='bbox 2448 695 2624 740; x_wconf 89' lang='lat' dir='ltr'><strong>autem</strong></span> <span class='ocrx_word' id='word_1_143' title='bbox 2673 685 2726 739; x_wconf 91' lang='lat' dir='ltr'><strong>in</strong></span> <span class='ocrx_word' id='word_1_144' title='bbox 2781 685 2894 755; x_wconf 85' lang='lat' dir='ltr'><strong>ipsa</strong></span> <span class='ocrx_word' id='word_1_145' title='bbox 2948 693 3141 739; x_wconf 87' lang='lat' dir='ltr'><strong>morte.</strong></span> <span class='ocrx_word' id='word_1_146' title='bbox 3190 684 3421 755; x_wconf 84' lang='lat' dir='ltr'><strong>ideoque</strong></span> 
     </span>
    </p>
   </div>
   <div class='ocr_carea' id='block_1_21' title="bbox 1844 774 3418 845">
    <p class='ocr_par' dir='ltr' id='par_1_21' title="bbox 1844 774 3418 845">
     <span class='ocr_line' id='line_1_21' title="bbox 1844 774 3418 845; baseline -0.004 -10"><span class='ocrx_word' id='word_1_147' title='bbox 1844 793 2005 835; x_wconf 88' lang='lat' dir='ltr'><strong>nemo</strong></span> <span class='ocrx_word' id='word_1_148' title='bbox 2042 776 2202 832; x_wconf 86' lang='lat' dir='ltr'><strong>debet</strong></span> <span class='ocrx_word' id='word_1_149' title='bbox 2229 791 2379 845; x_wconf 85' lang='lat' dir='ltr'><strong>spem</strong></span> <span class='ocrx_word' id='word_1_150' title='bbox 2407 790 2558 830; x_wconf 89' lang='lat' dir='ltr'><strong>suam</strong></span> <span class='ocrx_word' id='word_1_151' title='bbox 2608 775 2661 828; x_wconf 91' lang='lat' dir='ltr'><strong>in</strong></span> <span class='ocrx_word' id='word_1_152' title='bbox 2695 774 2798 829; x_wconf 89' lang='lat' dir='ltr'><strong>illis</strong></span> <span class='ocrx_word' id='word_1_153' title='bbox 2832 788 3051 844; x_wconf 90' lang='lat' dir='ltr'><strong>ponere,</strong></span> <span class='ocrx_word' id='word_1_154' title='bbox 3082 774 3172 827; x_wconf 88' lang='lat' dir='ltr'><strong>sed</strong></span> <span class='ocrx_word' id='word_1_155' title='bbox 3203 775 3257 828; x_wconf 87' lang='lat' dir='ltr'><strong>in</strong></span> <span class='ocrx_word' id='word_1_156' title='bbox 3287 775 3418 841; x_wconf 84' lang='lat' dir='ltr'><strong>Deo,</strong></span> 
     </span>
    </p>
   </div>
   <div class='ocr_carea' id='block_1_22' title="bbox 1845 863 3419 935">
    <p class='ocr_par' dir='ltr' id='par_1_22' title="bbox 1845 863 3419 935">
     <span class='ocr_line' id='line_1_22' title="bbox 1845 863 3419 935; baseline -0.003 -11"><span class='ocrx_word' id='word_1_157' title='bbox 1845 867 2099 925; x_wconf 86' lang='lat' dir='ltr'><strong>subaudis</strong></span> <span class='ocrx_word' id='word_1_158' title='bbox 2150 867 2309 921; x_wconf 85' lang='lat' dir='ltr'><strong>debet</strong></span> <span class='ocrx_word' id='word_1_159' title='bbox 2357 879 2597 935; x_wconf 91' lang='lat' dir='ltr'><strong>sperare,</strong></span> <span class='ocrx_word' id='word_1_160' title='bbox 2645 865 2736 935; x_wconf 92' lang='lat' dir='ltr'><strong>qui</strong></span> <span class='ocrx_word' id='word_1_161' title='bbox 2780 872 2996 933; x_wconf 83' lang='lat' dir='ltr'><strong>praestat</strong></span> <span class='ocrx_word' id='word_1_162' title='bbox 3034 863 3191 919; x_wconf 89' lang='lat' dir='ltr'><strong>nobis</strong></span> <span class='ocrx_word' id='word_1_163' title='bbox 3238 864 3419 920; x_wconf 84' lang='lat' dir='ltr'><strong>omnia</strong></span> 
     </span>
    </p>
   </div>
   <div class='ocr_carea' id='block_1_23' title="bbox 1845 954 3422 1023">
    <p class='ocr_par' dir='ltr' id='par_1_23' title="bbox 1845 954 3422 1023">
     <span class='ocr_line' id='line_1_23' title="bbox 1845 954 3422 1023; baseline -0.004 -8"><span class='ocrx_word' id='word_1_164' title='bbox 1845 959 2058 1015; x_wconf 81' lang='lat' dir='ltr'><strong>abunde</strong></span> <span class='ocrx_word' id='word_1_165' title='bbox 2102 958 2170 1013; x_wconf 90' lang='lat' dir='ltr'><strong>ad</strong></span> <span class='ocrx_word' id='word_1_166' title='bbox 2205 957 2507 1019; x_wconf 88' lang='lat' dir='ltr'><strong>fruendum,</strong></span> <span class='ocrx_word' id='word_1_167' title='bbox 2556 955 2607 1009; x_wconf 90' lang='lat' dir='ltr'><strong>id</strong></span> <span class='ocrx_word' id='word_1_168' title='bbox 2644 963 2728 1009; x_wconf 89' lang='lat' dir='ltr'><strong>est</strong></span> <span class='ocrx_word' id='word_1_169' title='bbox 2753 954 2844 1023; x_wconf 88' lang='lat' dir='ltr'><strong>qui</strong></span> <span class='ocrx_word' id='word_1_170' title='bbox 2873 954 3053 1009; x_wconf 89' lang='lat' dir='ltr'><strong>omnia</strong></span> <span class='ocrx_word' id='word_1_171' title='bbox 3082 955 3219 1009; x_wconf 87' lang='lat' dir='ltr'><strong>bona</strong></span> <span class='ocrx_word' id='word_1_172' title='bbox 3267 954 3422 1010; x_wconf 81' lang='lat' dir='ltr'><strong>nobis</strong></span> 
     </span>
    </p>
   </div>
   <div class='ocr_carea' id='block_1_24' title="bbox 1846 1045 3424 1118">
    <p class='ocr_par' dir='ltr' id='par_1_24' title="bbox 1846 1045 3424 1118">
     <span class='ocr_line' id='line_1_24' title="bbox 1846 1045 3424 1118; baseline -0.005 -13"><span class='ocrx_word' id='word_1_173' title='bbox 1846 1050 2213 1114; x_wconf 82' lang='lat' dir='ltr'><strong>administrat,</strong></span> <span class='ocrx_word' id='word_1_174' title='bbox 2257 1063 2378 1118; x_wconf 68' lang='lat' dir='ltr'><strong>qua:</strong></span> <span class='ocrx_word' id='word_1_175' title='bbox 2431 1061 2717 1117; x_wconf 87' lang='lat' dir='ltr'><strong>possumus</strong></span> <span class='ocrx_word' id='word_1_176' title='bbox 2768 1046 2839 1099; x_wconf 89' lang='lat' dir='ltr'><strong>ita</strong></span> <span class='ocrx_word' id='word_1_177' title='bbox 2869 1045 3154 1115; x_wconf 87' lang='lat' dir='ltr'><strong>disponere</strong></span> <span class='ocrx_word' id='word_1_178' title='bbox 3190 1045 3244 1099; x_wconf 92' lang='lat' dir='ltr'><strong>in</strong></span> <span class='ocrx_word' id='word_1_179' title='bbox 3291 1060 3424 1113; x_wconf 68' lang='lat' dir='ltr'><strong>prae-</strong></span> 
     </span>
    </p>
   </div>
   <div class='ocr_carea' id='block_1_25' title="bbox 1846 1134 3419 1206">
    <p class='ocr_par' dir='ltr' id='par_1_25' title="bbox 1846 1134 3419 1206">
     <span class='ocr_line' id='line_1_25' title="bbox 1846 1134 3419 1206; baseline -0.006 -9"><span class='ocrx_word' id='word_1_180' title='bbox 1846 1142 2006 1206; x_wconf 83' lang='lat' dir='ltr'><strong>senti,</strong></span> <span class='ocrx_word' id='word_1_181' title='bbox 2047 1150 2107 1195; x_wconf 91' lang='lat' dir='ltr'><strong>ut</strong></span> <span class='ocrx_word' id='word_1_182' title='bbox 2133 1141 2187 1196; x_wconf 85' lang='lat' dir='ltr'><strong>in</strong></span> <span class='ocrx_word' id='word_1_183' title='bbox 2215 1139 2395 1194; x_wconf 91' lang='lat' dir='ltr'><strong>futuro</strong></span> <span class='ocrx_word' id='word_1_184' title='bbox 2441 1136 2685 1199; x_wconf 79' lang='lat' dir='ltr'><strong>fruamur</strong></span> <span class='ocrx_word' id='word_1_185' title='bbox 2721 1134 3161 1189; x_wconf 84' lang='lat' dir='ltr'><strong>remuneratione</strong></span> <span class='ocrx_word' id='word_1_186' title='bbox 3210 1150 3419 1189; x_wconf 88' lang='lat' dir='ltr'><strong>eorum.</strong></span> 
     </span>
    </p>
   </div>
   <div class='ocr_carea' id='block_1_26' title="bbox 1845 1223 3422 1301">
    <p class='ocr_par' dir='ltr' id='par_1_26' title="bbox 1845 1223 3422 1301">
     <span class='ocr_line' id='line_1_26' title="bbox 1845 1223 3422 1301; baseline -0.005 -16"><span class='ocrx_word' id='word_1_187' title='bbox 1845 1229 2085 1301; x_wconf 67' lang='lat' dir='ltr'><strong>Prascipe</strong></span> <span class='ocrx_word' id='word_1_188' title='bbox 2130 1230 2295 1291; x_wconf 86' lang='lat' dir='ltr'><strong>etiam</strong></span> <span class='ocrx_word' id='word_1_189' title='bbox 2327 1228 2432 1288; x_wconf 80' lang='lat' dir='ltr'><strong>illis</strong></span> <span class='ocrx_word' id='word_1_190' title='bbox 2487 1228 2610 1289; x_wconf 76' lang='lat' dir='ltr'><strong>bene</strong></span> <span class='ocrx_word' id='word_1_191' title='bbox 2653 1241 2803 1296; x_wconf 85' lang='lat' dir='ltr'><strong>agere</strong></span> <span class='ocrx_word' id='word_1_192' title='bbox 2824 1264 2858 1292; x_wconf 69' lang='lat'><strong>,_</strong></span> <span class='ocrx_word' id='word_1_193' title='bbox 2888 1224 3136 1286; x_wconf 81' lang='lat' dir='ltr'><strong>videlicet</strong></span> <span class='ocrx_word' id='word_1_194' title='bbox 3181 1233 3239 1278; x_wconf 91' lang='lat' dir='ltr'><strong>ut</strong></span> <span class='ocrx_word' id='word_1_195' title='bbox 3283 1223 3422 1278; x_wconf 87' lang='lat' dir='ltr'><strong>bene</strong></span> 
     </span>
    </p>
   </div>
   <div class='ocr_carea' id='block_1_27' title="bbox 1848 1316 3424 1394">
    <p class='ocr_par' dir='ltr' id='par_1_27' title="bbox 1848 1316 3424 1394">
     <span class='ocr_line' id='line_1_27' title="bbox 1848 1316 3424 1394; baseline -0.004 -17"><span class='ocrx_word' id='word_1_196' title='bbox 1848 1332 2031 1394; x_wconf 76' lang='lat' dir='ltr'><strong>agant,</strong></span> <span class='ocrx_word' id='word_1_197' title='bbox 2054 1322 2457 1385; x_wconf 85' lang='lat' dir='ltr'><strong>communicare,</strong></span> <span class='ocrx_word' id='word_1_198' title='bbox 2492 1319 2544 1379; x_wconf 84' lang='lat' dir='ltr'><strong>id</strong></span> <span class='ocrx_word' id='word_1_199' title='bbox 2567 1327 2651 1375; x_wconf 87' lang='lat' dir='ltr'><strong>est</strong></span> <span class='ocrx_word' id='word_1_200' title='bbox 2672 1316 2928 1372; x_wconf 87' lang='lat' dir='ltr'><strong>mortales</strong></span> <span class='ocrx_word' id='word_1_201' title='bbox 2957 1331 3015 1371; x_wconf 92' lang='lat' dir='ltr'><strong>se</strong></span> <span class='ocrx_word' id='word_1_202' title='bbox 3041 1317 3341 1387; x_wconf 77' lang='lat' dir='ltr'><strong>recogitare</strong></span> <span class='ocrx_word' id='word_1_203' title='bbox 3369 1324 3424 1371; x_wconf 86' lang='lat' dir='ltr'><strong>et</strong></span> 
     </span>
    </p>
   </div>
   <div class='ocr_carea' id='block_1_28' title="bbox 1847 1408 3424 1480">
    <p class='ocr_par' dir='ltr' id='par_1_28' title="bbox 1847 1408 3424 1480">
     <span class='ocr_line' id='line_1_28' title="bbox 1847 1408 3424 1480; baseline -0.008 -9"><span class='ocrx_word' id='word_1_204' title='bbox 1847 1416 2023 1479; x_wconf 86' lang='lat' dir='ltr'><strong>socios</strong></span> <span class='ocrx_word' id='word_1_205' title='bbox 2051 1429 2173 1472; x_wconf 85' lang='lat' dir='ltr'><strong>esse</strong></span> <span class='ocrx_word' id='word_1_206' title='bbox 2197 1413 2318 1469; x_wconf 89' lang='lat' dir='ltr'><strong>aliis</strong></span> <span class='ocrx_word' id='word_1_207' title='bbox 2351 1411 2657 1469; x_wconf 89' lang='lat' dir='ltr'><strong>hominibus</strong></span> <span class='ocrx_word' id='word_1_208' title='bbox 2693 1411 2745 1464; x_wconf 90' lang='lat' dir='ltr'><strong>in</strong></span> <span class='ocrx_word' id='word_1_209' title='bbox 2777 1408 3085 1480; x_wconf 81' lang='lat' dir='ltr'><strong>fragilitate,</strong></span> <span class='ocrx_word' id='word_1_210' title='bbox 3114 1417 3169 1464; x_wconf 91' lang='lat' dir='ltr'><strong>et</strong></span> <span class='ocrx_word' id='word_1_211' title='bbox 3208 1408 3424 1463; x_wconf 87' lang='lat' dir='ltr'><strong>thesau-</strong></span> 
     </span>
    </p>
   </div>
   <div class='ocr_carea' id='block_1_29' title="bbox 1847 1497 3426 1565">
    <p class='ocr_par' dir='ltr' id='par_1_29' title="bbox 1847 1497 3426 1565">
     <span class='ocr_line' id='line_1_29' title="bbox 1847 1497 3426 1565; baseline -0.009 0"><span class='ocrx_word' id='word_1_212' title='bbox 1847 1508 2035 1565; x_wconf 81' lang='lat' dir='ltr'><strong>rizare.</strong></span> <span class='ocrx_word' id='word_1_213' title='bbox 2050 1505 2154 1561; x_wconf 91' lang='lat' dir='ltr'><strong>sibi</strong></span> <span class='ocrx_word' id='word_1_214' title='bbox 2179 1505 2585 1560; x_wconf 81' lang='lat' dir='ltr'><strong>fundamentum</strong></span> <span class='ocrx_word' id='word_1_215' title='bbox 2635 1502 2836 1561; x_wconf 87' lang='lat' dir='ltr'><strong>bonum</strong></span> <span class='ocrx_word' id='word_1_216' title='bbox 2872 1499 2925 1553; x_wconf 89' lang='lat' dir='ltr'><strong>in</strong></span> <span class='ocrx_word' id='word_1_217' title='bbox 2964 1498 3226 1563; x_wconf 89' lang='lat' dir='ltr'><strong>futurum,</strong></span> <span class='ocrx_word' id='word_1_218' title='bbox 3260 1497 3313 1552; x_wconf 90' lang='lat' dir='ltr'><strong>id</strong></span> <span class='ocrx_word' id='word_1_219' title='bbox 3342 1506 3426 1552; x_wconf 87' lang='lat' dir='ltr'><strong>est</strong></span> 
     </span>
    </p>
   </div>
   <div class='ocr_carea' id='block_1_30' title="bbox 1846 1584 3423 1668">
    <p class='ocr_par' dir='ltr' id='par_1_30' title="bbox 1846 1584 3423 1668">
     <span class='ocr_line' id='line_1_30' title="bbox 1846 1584 3423 1668; baseline -0.008 -16"><span class='ocrx_word' id='word_1_220' title='bbox 1846 1594 2063 1659; x_wconf 77' lang='lat' dir='ltr'><strong>divitias</strong></span> <span class='ocrx_word' id='word_1_221' title='bbox 2089 1594 2193 1649; x_wconf 85' lang='lat' dir='ltr'><strong>sibi</strong></span> <span class='ocrx_word' id='word_1_222' title='bbox 2244 1606 2549 1668; x_wconf 67' lang='lat' dir='ltr'><strong>praeparare</strong></span> <span class='ocrx_word' id='word_1_223' title='bbox 2601 1590 2653 1651; x_wconf 87' lang='lat' dir='ltr'><strong>in</strong></span> <span class='ocrx_word' id='word_1_224' title='bbox 2685 1588 2944 1653; x_wconf 90' lang='lat' dir='ltr'><strong>futurum,</strong></span> <span class='ocrx_word' id='word_1_225' title='bbox 2989 1584 3238 1642; x_wconf 89' lang='lat' dir='ltr'><strong>faciendo</strong></span> <span class='ocrx_word' id='word_1_226' title='bbox 3283 1585 3423 1640; x_wconf 88' lang='lat' dir='ltr'><strong>ami-</strong></span> 
     </span>
    </p>
   </div>
   <div class='ocr_carea' id='block_1_31' title="bbox 1848 1676 3531 1750">
    <p class='ocr_par' dir='ltr' id='par_1_31' title="bbox 1848 1676 3531 1750">
     <span class='ocr_line' id='line_1_31' title="bbox 1848 1676 3531 1750; baseline -0.008 -6"><span class='ocrx_word' id='word_1_227' title='bbox 1848 1704 1942 1745; x_wconf 89' lang='lat' dir='ltr'><strong>cos</strong></span> <span class='ocrx_word' id='word_1_228' title='bbox 1979 1688 2046 1742; x_wconf 91' lang='lat' dir='ltr'><strong>de</strong></span> <span class='ocrx_word' id='word_1_229' title='bbox 2083 1699 2390 1741; x_wconf 82' lang='lat' dir='ltr'><strong>mammona</strong></span> <span class='ocrx_word' id='word_1_230' title='bbox 2428 1680 2748 1750; x_wconf 84' lang='lat' dir='ltr'><strong>iniquitatis,</strong></span> <span class='ocrx_word' id='word_1_231' title='bbox 2786 1679 2941 1748; x_wconf 79' lang='lat' dir='ltr'><strong>juxta</strong></span> <span class='ocrx_word' id='word_1_232' title='bbox 2980 1677 3122 1747; x_wconf 89' lang='lat' dir='ltr'><strong>quod</strong></span> <span class='ocrx_word' id='word_1_233' title='bbox 3161 1676 3424 1733; x_wconf 90' lang='lat' dir='ltr'><strong>Dominus</strong></span> <span class='ocrx_word' id='word_1_234' title='bbox 3522 1684 3531 1694; x_wconf 85' lang='lat'>‘</span> 
     </span>
    </p>
   </div>
   <div class='ocr_carea' id='block_1_32' title="bbox 1847 1769 3424 1835">
    <p class='ocr_par' dir='ltr' id='par_1_32' title="bbox 1847 1769 3424 1835">
     <span class='ocr_line' id='line_1_32' title="bbox 1847 1769 3424 1835; baseline -0.01 0"><span class='ocrx_word' id='word_1_235' title='bbox 1847 1780 1963 1835; x_wconf 84' lang='lat' dir='ltr'><strong>ait:</strong></span> <span class='ocrx_word' id='word_1_236' title='bbox 1994 1777 2366 1833; x_wconf 73' lang='lat' dir='ltr'><strong>Thesaurizate</strong></span> <span class='ocrx_word' id='word_1_237' title='bbox 2408 1774 2547 1829; x_wconf 81' lang='lat' dir='ltr'><strong>vobis</strong></span> <span class='ocrx_word' id='word_1_238' title='bbox 2586 1773 2858 1834; x_wconf 72' lang='lat' dir='ltr'><strong>thesauros</strong></span> <span class='ocrx_word' id='word_1_239' title='bbox 2888 1773 2943 1825; x_wconf 89' lang='lat' dir='ltr'><strong>in</strong></span> <span class='ocrx_word' id='word_1_240' title='bbox 2988 1769 3112 1827; x_wconf 74' lang='lat' dir='ltr'><strong>caelo</strong></span> <span class='ocrx_word' id='word_1_241' title='bbox 3161 1785 3179 1823; x_wconf 92' lang='lat'><strong><em>:</em></strong></span> <span class='ocrx_word' id='word_1_242' title='bbox 3218 1769 3303 1822; x_wconf 90' lang='lat' dir='ltr'><strong>ubi</strong></span> <span class='ocrx_word' id='word_1_243' title='bbox 3347 1777 3424 1821; x_wconf 89' lang='lat' dir='ltr'><strong>est</strong></span> 
     </span>
    </p>
   </div>
   <div class='ocr_carea' id='block_1_33' title="bbox 173 1858 3425 1951">
    <p class='ocr_par' dir='ltr' id='par_1_33' title="bbox 173 1858 3425 1951">
     <span class='ocr_line' id='line_1_33' title="bbox 173 1858 3425 1951; baseline -0.007 -17"><span class='ocrx_word' id='word_1_244' title='bbox 173 1858 825 1951; x_wconf 59' lang='lat' dir='ltr'><strong>mutabilitatemnngeli</strong></span> <span class='ocrx_word' id='word_1_245' title='bbox 853 1889 908 1935; x_wconf 92' lang='lat' dir='ltr'><strong>et</strong></span> <span class='ocrx_word' id='word_1_246' title='bbox 928 1881 1122 1939; x_wconf 70' lang='lat' dir='ltr'><strong>animm</strong></span> <span class='ocrx_word' id='word_1_247' title='bbox 1154 1879 1435 1939; x_wconf 82' lang='lat' dir='ltr'><strong>hominum</strong></span> <span class='ocrx_word' id='word_1_248' title='bbox 1469 1880 1749 1933; x_wconf 86' lang='lat' dir='ltr'><strong>immorta-</strong></span> <span class='ocrx_word' id='word_1_249' title='bbox 1773 1872 1821 1931; x_wconf 87' lang='lat' dir='ltr'><strong>B</strong></span> <span class='ocrx_word' id='word_1_250' title='bbox 1849 1872 2291 1934; x_wconf 81' lang='lat' dir='ltr'><strong>thesaurustuus,</strong></span> <span class='ocrx_word' id='word_1_251' title='bbox 2340 1866 2413 1920; x_wconf 84' lang='lat' dir='ltr'><strong>ibi</strong></span> <span class='ocrx_word' id='word_1_252' title='bbox 2439 1874 2514 1920; x_wconf 87' lang='lat' dir='ltr'><strong>est</strong></span> <span class='ocrx_word' id='word_1_253' title='bbox 2543 1872 2590 1918; x_wconf 90' lang='lat' dir='ltr'><strong>et</strong></span> <span class='ocrx_word' id='word_1_254' title='bbox 2614 1879 2705 1917; x_wconf 89' lang='lat' dir='ltr'><strong>cor</strong></span> <span class='ocrx_word' id='word_1_255' title='bbox 2726 1871 2893 1915; x_wconf 88' lang='lat' dir='ltr'><strong>tuum.</strong></span> <span class='ocrx_word' id='word_1_256' title='bbox 2928 1859 2972 1914; x_wconf 87' lang='grc' dir='ltr'><em>Ο</em></span> <span class='ocrx_word' id='word_1_257' title='bbox 3022 1859 3062 1913; x_wconf 86' lang='grc' dir='ltr'><em>Τ</em></span> <span class='ocrx_word' id='word_1_258' title='bbox 3065 1858 3304 1922; x_wconf 88' lang='lat' dir='ltr'><strong>imothee,</strong></span> <span class='ocrx_word' id='word_1_259' title='bbox 3336 1858 3425 1911; x_wconf 85' lang='lat' dir='ltr'><strong>de-</strong></span> 
     </span>
    </p>
   </div>
   <div class='ocr_carea' id='block_1_34' title="bbox 170 1968 1747 2043">
    <p class='ocr_par' dir='ltr' id='par_1_34' title="bbox 170 1968 1747 2043">
     <span class='ocr_line' id='line_1_34' title="bbox 170 1968 1747 2043; baseline -0.001 -17"><span class='ocrx_word' id='word_1_260' title='bbox 170 1971 251 2035; x_wconf 75' lang='lat' dir='ltr'><strong>les</strong></span> <span class='ocrx_word' id='word_1_261' title='bbox 280 1981 406 2028; x_wconf 89' lang='lat' dir='ltr'><strong>sunt</strong></span> <span class='ocrx_word' id='word_1_262' title='bbox 425 2012 440 2038; x_wconf 91' lang='lat'><strong>,</strong></span> <span class='ocrx_word' id='word_1_263' title='bbox 471 1970 565 2026; x_wconf 89' lang='lat' dir='ltr'><strong>sed</strong></span> <span class='ocrx_word' id='word_1_264' title='bbox 606 1972 1009 2043; x_wconf 86' lang='lat' dir='ltr'><strong>comparatione</strong></span> <span class='ocrx_word' id='word_1_265' title='bbox 1040 1971 1422 2041; x_wconf 88' lang='lat' dir='ltr'><strong>omnipotentis</strong></span> <span class='ocrx_word' id='word_1_266' title='bbox 1451 1970 1566 2036; x_wconf 88' lang='lat' dir='ltr'><strong>Dei,</strong></span> <span class='ocrx_word' id='word_1_267' title='bbox 1594 1968 1747 2037; x_wconf 86' lang='lat' dir='ltr'><strong>cujus</strong></span> 
     </span>
    </p>
   </div>
   <div class='ocr_carea' id='block_1_35' title="bbox 170 2064 1746 2134">
    <p class='ocr_par' dir='ltr' id='par_1_35' title="bbox 170 2064 1746 2134">
     <span class='ocr_line' id='line_1_35' title="bbox 170 2064 1746 2134; baseline 0.001 -15"><span class='ocrx_word' id='word_1_268' title='bbox 170 2064 587 2126; x_wconf 76' lang='lat' dir='ltr'><strong>immutabilitas</strong></span> <span class='ocrx_word' id='word_1_269' title='bbox 614 2079 789 2134; x_wconf 89' lang='lat' dir='ltr'><strong>neque</strong></span> <span class='ocrx_word' id='word_1_270' title='bbox 811 2064 1044 2129; x_wconf 89' lang='lat' dir='ltr'><strong>initium,</strong></span> <span class='ocrx_word' id='word_1_271' title='bbox 1071 2079 1245 2134; x_wconf 90' lang='lat' dir='ltr'><strong>neque</strong></span> <span class='ocrx_word' id='word_1_272' title='bbox 1269 2064 1432 2119; x_wconf 86' lang='lat' dir='ltr'><strong>linem</strong></span> <span class='ocrx_word' id='word_1_273' title='bbox 1458 2065 1640 2131; x_wconf 88' lang='lat' dir='ltr'><strong>habet,</strong></span> <span class='ocrx_word' id='word_1_274' title='bbox 1657 2065 1746 2120; x_wconf 86' lang='lat' dir='ltr'><strong>isti</strong></span> 
     </span>
    </p>
   </div>
   <div class='ocr_carea' id='block_1_36' title="bbox 170 2155 1745 2224">
    <p class='ocr_par' dir='ltr' id='par_1_36' title="bbox 170 2155 1745 2224">
     <span class='ocr_line' id='line_1_36' title="bbox 170 2155 1745 2224; baseline 0 -14"><span class='ocrx_word' id='word_1_275' title='bbox 170 2155 509 2210; x_wconf 89' lang='lat' dir='ltr'><strong>immortales</strong></span> <span class='ocrx_word' id='word_1_276' title='bbox 544 2170 651 2210; x_wconf 91' lang='lat' dir='ltr'><strong>non</strong></span> <span class='ocrx_word' id='word_1_277' title='bbox 702 2162 829 2209; x_wconf 90' lang='lat' dir='ltr'><strong>sunt</strong></span> <span class='ocrx_word' id='word_1_278' title='bbox 857 2155 984 2224; x_wconf 87' lang='lat' dir='ltr'><strong>quia</strong></span> <span class='ocrx_word' id='word_1_279' title='bbox 1029 2170 1218 2210; x_wconf 92' lang='lat' dir='ltr'><strong>eorum</strong></span> <span class='ocrx_word' id='word_1_280' title='bbox 1266 2155 1645 2210; x_wconf 85' lang='lat' dir='ltr'><strong>immortalitas</strong></span> <span class='ocrx_word' id='word_1_281' title='bbox 1679 2170 1745 2211; x_wconf 74' lang='lat' dir='ltr'><strong>ex</strong></span> 
     </span>
    </p>
   </div>
   <div class='ocr_carea' id='block_1_37' title="bbox 170 2247 1744 2325">
    <p class='ocr_par' dir='ltr' id='par_1_37' title="bbox 170 2247 1744 2325">
     <span class='ocr_line' id='line_1_37' title="bbox 170 2247 1744 2325; baseline -0.001 -21"><span class='ocrx_word' id='word_1_282' title='bbox 170 2262 414 2318; x_wconf 82' lang='lat' dir='ltr'><strong>tempore</strong></span> <span class='ocrx_word' id='word_1_283' title='bbox 439 2249 603 2318; x_wconf 86' lang='lat' dir='ltr'><strong>coepit</strong></span> <span class='ocrx_word' id='word_1_284' title='bbox 629 2263 768 2305; x_wconf 91' lang='lat' dir='ltr'><strong>esse.</strong></span> <span class='ocrx_word' id='word_1_285' title='bbox 798 2247 896 2305; x_wconf 84' lang='lat' dir='ltr'><strong>Vel</strong></span> <span class='ocrx_word' id='word_1_286' title='bbox 925 2256 983 2304; x_wconf 92' lang='lat' dir='ltr'><strong>ut</strong></span> <span class='ocrx_word' id='word_1_287' title='bbox 1005 2248 1235 2325; x_wconf 87' lang='lat' dir='ltr'><strong>amplius</strong></span> <span class='ocrx_word' id='word_1_288' title='bbox 1257 2249 1519 2312; x_wconf 89' lang='lat' dir='ltr'><strong>dicamus,</strong></span> <span class='ocrx_word' id='word_1_289' title='bbox 1554 2248 1610 2302; x_wconf 91' lang='lat' dir='ltr'><strong>in</strong></span> <span class='ocrx_word' id='word_1_290' title='bbox 1640 2248 1744 2303; x_wconf 92' lang='lat' dir='ltr'><strong>hoc</strong></span> 
     </span>
    </p>
   </div>
   <div class='ocr_carea' id='block_1_38' title="bbox 168 2338 1744 2413">
    <p class='ocr_par' dir='ltr' id='par_1_38' title="bbox 168 2338 1744 2413">
     <span class='ocr_line' id='line_1_38' title="bbox 168 2338 1744 2413; baseline -0.001 -20"><span class='ocrx_word' id='word_1_291' title='bbox 168 2341 316 2408; x_wconf 90' lang='lat' dir='ltr'><strong>quod</strong></span> <span class='ocrx_word' id='word_1_292' title='bbox 346 2340 546 2394; x_wconf 87' lang='lat' dir='ltr'><strong>mutari</strong></span> <span class='ocrx_word' id='word_1_293' title='bbox 579 2347 870 2410; x_wconf 87' lang='lat' dir='ltr'><strong>potuerunt</strong></span> <span class='ocrx_word' id='word_1_294' title='bbox 914 2338 1089 2413; x_wconf 78' lang='lat' dir='ltr'><strong>angeli</strong></span> <span class='ocrx_word' id='word_1_295' title='bbox 1133 2346 1187 2393; x_wconf 91' lang='lat' dir='ltr'><strong>et</strong></span> <span class='ocrx_word' id='word_1_296' title='bbox 1212 2338 1428 2405; x_wconf 65' lang='lat' dir='ltr'><strong>animae,</strong></span> <span class='ocrx_word' id='word_1_297' title='bbox 1453 2339 1608 2409; x_wconf 91' lang='lat' dir='ltr'><strong>quasi</strong></span> <span class='ocrx_word' id='word_1_298' title='bbox 1636 2338 1744 2392; x_wconf 83' lang='lat' dir='ltr'><strong>im-</strong></span> 
     </span>
    </p>
   </div>
   <div class='ocr_carea' id='block_1_39' title="bbox 169 2431 1749 2505">
    <p class='ocr_par' dir='ltr' id='par_1_39' title="bbox 169 2431 1749 2505">
     <span class='ocr_line' id='line_1_39' title="bbox 169 2431 1749 2505; baseline 0 -19"><span class='ocrx_word' id='word_1_299' title='bbox 169 2431 430 2493; x_wconf 81' lang='lat' dir='ltr'><strong>mortales</strong></span> <span class='ocrx_word' id='word_1_300' title='bbox 456 2447 560 2486; x_wconf 90' lang='lat' dir='ltr'><strong>non</strong></span> <span class='ocrx_word' id='word_1_301' title='bbox 600 2431 835 2489; x_wconf 83' lang='lat' dir='ltr'><strong>fuerunt.</strong></span> <span class='ocrx_word' id='word_1_302' title='bbox 859 2431 1084 2505; x_wconf 85' lang='lat' dir='ltr'><strong>Quando</strong></span> <span class='ocrx_word' id='word_1_303' title='bbox 1110 2432 1254 2486; x_wconf 91' lang='lat' dir='ltr'><strong>enim</strong></span> <span class='ocrx_word' id='word_1_304' title='bbox 1296 2432 1518 2505; x_wconf 80' lang='lat' dir='ltr'><strong>angelus</strong></span> <span class='ocrx_word' id='word_1_305' title='bbox 1554 2446 1749 2502; x_wconf 82' lang='lat' dir='ltr'><strong>pecca-</strong></span> 
     </span>
    </p>
   </div>
   <div class='ocr_carea' id='block_1_40' title="bbox 167 2523 1745 2596">
    <p class='ocr_par' dir='ltr' id='par_1_40' title="bbox 167 2523 1745 2596">
     <span class='ocr_line' id='line_1_40' title="bbox 167 2523 1745 2596; baseline 0.001 -17"><span class='ocrx_word' id='word_1_306' title='bbox 167 2526 266 2589; x_wconf 75' lang='lat' dir='ltr'><strong>vit,</strong></span> <span class='ocrx_word' id='word_1_307' title='bbox 298 2525 353 2580; x_wconf 92' lang='lat' dir='ltr'><strong>in</strong></span> <span class='ocrx_word' id='word_1_308' title='bbox 375 2525 681 2595; x_wconf 89' lang='lat' dir='ltr'><strong>superbiam</strong></span> <span class='ocrx_word' id='word_1_309' title='bbox 703 2526 918 2596; x_wconf 77' lang='lat' dir='ltr'><strong>erigens</strong></span> <span class='ocrx_word' id='word_1_310' title='bbox 940 2540 1019 2591; x_wconf 89' lang='lat' dir='ltr'><strong>se,</strong></span> <span class='ocrx_word' id='word_1_311' title='bbox 1040 2523 1193 2595; x_wconf 83' lang='lat' dir='ltr'><strong>cujus</strong></span> <span class='ocrx_word' id='word_1_312' title='bbox 1215 2526 1293 2581; x_wconf 87' lang='lat' dir='ltr'><strong>rei</strong></span> <span class='ocrx_word' id='word_1_313' title='bbox 1314 2541 1478 2581; x_wconf 89' lang='lat' dir='ltr'><strong>causa</strong></span> <span class='ocrx_word' id='word_1_314' title='bbox 1506 2533 1745 2589; x_wconf 88' lang='lat' dir='ltr'><strong>mutatus</strong></span> 
     </span>
    </p>
   </div>
   <div class='ocr_carea' id='block_1_41' title="bbox 164 2617 1740 2688">
    <p class='ocr_par' dir='ltr' id='par_1_41' title="bbox 164 2617 1740 2688">
     <span class='ocr_line' id='line_1_41' title="bbox 164 2617 1740 2688; baseline 0 -15"><span class='ocrx_word' id='word_1_315' title='bbox 164 2627 256 2679; x_wconf 87' lang='lat' dir='ltr'><strong>est</strong></span> <span class='ocrx_word' id='word_1_316' title='bbox 300 2617 368 2673; x_wconf 89' lang='lat' dir='ltr'><strong>de</strong></span> <span class='ocrx_word' id='word_1_317' title='bbox 410 2619 553 2673; x_wconf 89' lang='lat' dir='ltr'><strong>bono</strong></span> <span class='ocrx_word' id='word_1_318' title='bbox 585 2618 637 2672; x_wconf 91' lang='lat' dir='ltr'><strong>in</strong></span> <span class='ocrx_word' id='word_1_319' title='bbox 674 2619 895 2683; x_wconf 88' lang='lat' dir='ltr'><strong>malum,</strong></span> <span class='ocrx_word' id='word_1_320' title='bbox 948 2620 1102 2688; x_wconf 90' lang='lat' dir='ltr'><strong>quasi</strong></span> <span class='ocrx_word' id='word_1_321' title='bbox 1152 2620 1207 2674; x_wconf 93' lang='lat' dir='ltr'><strong>in</strong></span> <span class='ocrx_word' id='word_1_322' title='bbox 1247 2628 1489 2676; x_wconf 82' lang='lat' dir='ltr'><strong>mortem</strong></span> <span class='ocrx_word' id='word_1_323' title='bbox 1528 2621 1740 2687; x_wconf 89' lang='lat' dir='ltr'><strong>cecidit,</strong></span> 
     </span>
    </p>
   </div>
   <div class='ocr_carea' id='block_1_42' title="bbox 164 2709 1744 2782">
    <p class='ocr_par' dir='ltr' id='par_1_42' title="bbox 164 2709 1744 2782">
     <span class='ocr_line' id='line_1_42' title="bbox 164 2709 1744 2782; baseline 0.003 -19"><span class='ocrx_word' id='word_1_324' title='bbox 164 2711 302 2779; x_wconf 87' lang='lat' dir='ltr'><strong>quia</strong></span> <span class='ocrx_word' id='word_1_325' title='bbox 357 2709 554 2764; x_wconf 88' lang='lat' dir='ltr'><strong>mutari</strong></span> <span class='ocrx_word' id='word_1_326' title='bbox 602 2710 816 2780; x_wconf 87' lang='lat' dir='ltr'><strong>potuit;</strong></span> <span class='ocrx_word' id='word_1_327' title='bbox 857 2711 1109 2765; x_wconf 84' lang='lat' dir='ltr'><strong>similiter</strong></span> <span class='ocrx_word' id='word_1_328' title='bbox 1151 2711 1336 2777; x_wconf 90' lang='lat' dir='ltr'><strong>homo,</strong></span> <span class='ocrx_word' id='word_1_329' title='bbox 1370 2712 1585 2781; x_wconf 89' lang='lat' dir='ltr'><strong>quando</strong></span> <span class='ocrx_word' id='word_1_330' title='bbox 1620 2728 1744 2782; x_wconf 84' lang='lat' dir='ltr'><strong>pec-</strong></span> 
     </span>
    </p>
   </div>
   <div class='ocr_carea' id='block_1_43' title="bbox 163 2801 1744 2872">
    <p class='ocr_par' dir='ltr' id='par_1_43' title="bbox 163 2801 1744 2872">
     <span class='ocr_line' id='line_1_43' title="bbox 163 2801 1744 2872; baseline 0.001 -18"><span class='ocrx_word' id='word_1_331' title='bbox 163 2801 348 2856; x_wconf 89' lang='lat' dir='ltr'><strong>cando</strong></span> <span class='ocrx_word' id='word_1_332' title='bbox 376 2808 615 2856; x_wconf 88' lang='lat' dir='ltr'><strong>mutatus</strong></span> <span class='ocrx_word' id='word_1_333' title='bbox 639 2802 704 2857; x_wconf 85' lang='lat' dir='ltr'><strong>de</strong></span> <span class='ocrx_word' id='word_1_334' title='bbox 726 2801 868 2856; x_wconf 91' lang='lat' dir='ltr'><strong>bono</strong></span> <span class='ocrx_word' id='word_1_335' title='bbox 899 2802 954 2856; x_wconf 92' lang='lat' dir='ltr'><strong>in</strong></span> <span class='ocrx_word' id='word_1_336' title='bbox 977 2801 1179 2855; x_wconf 88' lang='lat' dir='ltr'><strong>malum</strong></span> <span class='ocrx_word' id='word_1_337' title='bbox 1201 2801 1256 2856; x_wconf 90' lang='lat' dir='ltr'><strong>in</strong></span> <span class='ocrx_word' id='word_1_338' title='bbox 1289 2811 1521 2856; x_wconf 89' lang='lat' dir='ltr'><strong>mortem</strong></span> <span class='ocrx_word' id='word_1_339' title='bbox 1552 2816 1744 2872; x_wconf 85' lang='lat' dir='ltr'><strong>corpo-</strong></span> 
     </span>
    </p>
   </div>
   <div class='ocr_carea' id='block_1_44' title="bbox 164 2891 1747 2963">
    <p class='ocr_par' dir='ltr' id='par_1_44' title="bbox 164 2891 1747 2963">
     <span class='ocr_line' id='line_1_44' title="bbox 164 2891 1747 2963; baseline 0.002 -17"><span class='ocrx_word' id='word_1_340' title='bbox 164 2893 242 2947; x_wconf 86' lang='lat' dir='ltr'><strong>ris</strong></span> <span class='ocrx_word' id='word_1_341' title='bbox 293 2902 352 2953; x_wconf 89' lang='lat' dir='ltr'><strong>et</strong></span> <span class='ocrx_word' id='word_1_342' title='bbox 396 2893 592 2949; x_wconf 69' lang='lat' dir='ltr'><strong>anima:</strong></span> <span class='ocrx_word' id='word_1_343' title='bbox 636 2893 867 2958; x_wconf 84' lang='lat' dir='ltr'><strong>cecidit,</strong></span> <span class='ocrx_word' id='word_1_344' title='bbox 928 2892 1157 2962; x_wconf 90' lang='lat' dir='ltr'><strong>ideoque</strong></span> <span class='ocrx_word' id='word_1_345' title='bbox 1208 2891 1356 2949; x_wconf 88' lang='lat' dir='ltr'><strong>solus</strong></span> <span class='ocrx_word' id='word_1_346' title='bbox 1403 2892 1747 2963; x_wconf 84' lang='lat' dir='ltr'><strong>omnipotens</strong></span> 
     </span>
    </p>
   </div>
   <div class='ocr_carea' id='block_1_45' title="bbox 163 2982 1747 3047">
    <p class='ocr_par' dir='ltr' id='par_1_45' title="bbox 163 2982 1747 3047">
     <span class='ocr_line' id='line_1_45' title="bbox 163 2982 1747 3047; baseline -0.003 -6"><span class='ocrx_word' id='word_1_347' title='bbox 163 2984 316 3041; x_wconf 79' lang='lat' dir='ltr'><strong>Deus</strong></span> <span class='ocrx_word' id='word_1_348' title='bbox 342 2994 397 3041; x_wconf 87' lang='lat' dir='ltr'><strong>et</strong></span> <span class='ocrx_word' id='word_1_349' title='bbox 424 2984 753 3047; x_wconf 83' lang='lat' dir='ltr'><strong>immortalis</strong></span> <span class='ocrx_word' id='word_1_350' title='bbox 767 2993 950 3040; x_wconf 87' lang='lat' dir='ltr'><strong>manet</strong></span> <span class='ocrx_word' id='word_1_351' title='bbox 975 2985 1027 3039; x_wconf 90' lang='lat' dir='ltr'><strong>in</strong></span> <span class='ocrx_word' id='word_1_352' title='bbox 1055 2992 1338 3047; x_wconf 66' lang='lat' dir='ltr'><strong>internum,</strong></span> <span class='ocrx_word' id='word_1_353' title='bbox 1373 2992 1421 3038; x_wconf 93' lang='lat' dir='ltr'><strong>et</strong></span> <span class='ocrx_word' id='word_1_354' title='bbox 1453 2982 1620 3038; x_wconf 82' lang='lat' dir='ltr'><strong>lucem</strong></span> <span class='ocrx_word' id='word_1_355' title='bbox 1650 2984 1747 3037; x_wconf 77' lang='lat' dir='ltr'><strong>Ito-</strong></span> 
     </span>
    </p>
   </div>
   <div class='ocr_carea' id='block_1_46' title="bbox 162 3073 1748 3155">
    <p class='ocr_par' dir='ltr' id='par_1_46' title="bbox 162 3073 1748 3155">
     <span class='ocr_line' id='line_1_46' title="bbox 162 3073 1748 3155; baseline 0.001 -27"><span class='ocrx_word' id='word_1_356' title='bbox 162 3076 300 3137; x_wconf 72' lang='lat' dir='ltr'><strong>bitat</strong></span> <span class='ocrx_word' id='word_1_357' title='bbox 336 3075 762 3139; x_wconf 80' lang='lat' dir='ltr'><strong>inaccessibilem.</strong></span> <span class='ocrx_word' id='word_1_358' title='bbox 808 3075 972 3155; x_wconf 76' lang='lat' dir='ltr'><strong>Deus</strong></span> <span class='ocrx_word' id='word_1_359' title='bbox 993 3076 1335 3146; x_wconf 84' lang='lat' dir='ltr'><strong>omnipotens</strong></span> <span class='ocrx_word' id='word_1_360' title='bbox 1371 3073 1464 3130; x_wconf 83' lang='lat' dir='ltr'><strong>lux</strong></span> <span class='ocrx_word' id='word_1_361' title='bbox 1493 3082 1579 3130; x_wconf 84' lang='lat' dir='ltr'><strong>est</strong></span> <span class='ocrx_word' id='word_1_362' title='bbox 1621 3075 1748 3131; x_wconf 87' lang='lat' dir='ltr'><strong>sub-</strong></span> 
     </span>
    </p>
   </div>
   <div class='ocr_carea' id='block_1_47' title="bbox 158 3165 1742 3243">
    <p class='ocr_par' dir='ltr' id='par_1_47' title="bbox 158 3165 1742 3243">
     <span class='ocr_line' id='line_1_47' title="bbox 158 3165 1742 3243; baseline -0.002 -21"><span class='ocrx_word' id='word_1_363' title='bbox 158 3165 455 3231; x_wconf 73' lang='lat' dir='ltr'><strong>stantialis,</strong></span> <span class='ocrx_word' id='word_1_364' title='bbox 484 3167 609 3243; x_wconf 84' lang='lat' dir='ltr'><strong>quia</strong></span> <span class='ocrx_word' id='word_1_365' title='bbox 655 3167 921 3231; x_wconf 82' lang='lat' dir='ltr'><strong>illuminat</strong></span> <span class='ocrx_word' id='word_1_366' title='bbox 967 3182 1184 3223; x_wconf 88' lang='lat' dir='ltr'><strong>omnem</strong></span> <span class='ocrx_word' id='word_1_367' title='bbox 1222 3166 1533 3233; x_wconf 89' lang='lat' dir='ltr'><strong>hominem;</strong></span> <span class='ocrx_word' id='word_1_368' title='bbox 1576 3167 1672 3222; x_wconf 90' lang='lat' dir='ltr'><strong>sed</strong></span> <span class='ocrx_word' id='word_1_369' title='bbox 1697 3165 1742 3221; x_wconf 88' lang='lat' dir='ltr'><strong>si</strong></span> 
     </span>
    </p>
   </div>
   <div class='ocr_carea' id='block_1_48' title="bbox 159 3257 1743 3327">
    <p class='ocr_par' dir='ltr' id='par_1_48' title="bbox 159 3257 1743 3327">
     <span class='ocr_line' id='line_1_48' title="bbox 159 3257 1743 3327; baseline 0 -16"><span class='ocrx_word' id='word_1_370' title='bbox 159 3257 559 3315; x_wconf 85' lang='lat' dir='ltr'><strong>iuaccessibilis</strong></span> <span class='ocrx_word' id='word_1_371' title='bbox 588 3265 690 3322; x_wconf 88' lang='lat' dir='ltr'><strong>est,</strong></span> <span class='ocrx_word' id='word_1_372' title='bbox 737 3272 905 3327; x_wconf 90' lang='lat' dir='ltr'><strong>quare</strong></span> <span class='ocrx_word' id='word_1_373' title='bbox 954 3257 1085 3313; x_wconf 85' lang='lat' dir='ltr'><strong>dicit</strong></span> <span class='ocrx_word' id='word_1_374' title='bbox 1123 3257 1409 3322; x_wconf 77' lang='lat' dir='ltr'><strong>Psalmista</strong></span> <span class='ocrx_word' id='word_1_375' title='bbox 1442 3276 1455 3311; x_wconf 90' lang='lat'><strong>:</strong></span> <span class='ocrx_word' id='word_1_376' title='bbox 1500 3257 1743 3319; x_wconf 77' lang='lat' dir='ltr'><strong>Accedite</strong></span> 
     </span>
    </p>
   </div>
   <div class='ocr_carea' id='block_1_49' title="bbox 158 3348 1747 3421">
    <p class='ocr_par' dir='ltr' id='par_1_49' title="bbox 158 3348 1747 3421">
     <span class='ocr_line' id='line_1_49' title="bbox 158 3348 1747 3421; baseline -0.001 -18"><span class='ocrx_word' id='word_1_377' title='bbox 158 3348 229 3407; x_wconf 81' lang='lat' dir='ltr'><strong>ad</strong></span> <span class='ocrx_word' id='word_1_378' title='bbox 244 3364 370 3403; x_wconf 86' lang='lat' dir='ltr'><strong>eum</strong></span> <span class='ocrx_word' id='word_1_379' title='bbox 391 3357 438 3401; x_wconf 90' lang='lat' dir='ltr'><strong>et</strong></span> <span class='ocrx_word' id='word_1_380' title='bbox 466 3348 889 3413; x_wconf 77' lang='lat' dir='ltr'><strong>illuminnbimini</strong></span> <span class='ocrx_word' id='word_1_381' title='bbox 913 3348 1084 3418; x_wconf 85' lang='lat' dir='ltr'><strong>(Psal.</strong></span> <span class='ocrx_word' id='word_1_382' title='bbox 1110 3349 1291 3421; x_wconf 78' lang='lat' dir='ltr'><strong>mu)?</strong></span> <span class='ocrx_word' id='word_1_383' title='bbox 1312 3349 1366 3404; x_wconf 89' lang='lat' dir='ltr'><strong>ln</strong></span> <span class='ocrx_word' id='word_1_384' title='bbox 1389 3348 1493 3407; x_wconf 87' lang='lat' dir='ltr'><strong>hoc</strong></span> <span class='ocrx_word' id='word_1_385' title='bbox 1513 3363 1641 3418; x_wconf 74' lang='lat' dir='ltr'><strong>ergo</strong></span> <span class='ocrx_word' id='word_1_386' title='bbox 1661 3356 1747 3403; x_wconf 90' lang='lat' dir='ltr'><strong>est</strong></span> 
     </span>
    </p>
   </div>
   <div class='ocr_carea' id='block_1_50' title="bbox 159 3439 1742 3511">
    <p class='ocr_par' dir='ltr' id='par_1_50' title="bbox 159 3439 1742 3511">
     <span class='ocr_line' id='line_1_50' title="bbox 159 3439 1742 3511; baseline 0 -18"><span class='ocrx_word' id='word_1_387' title='bbox 159 3440 578 3503; x_wconf 64' lang='lat' dir='ltr'><strong>maccessibilis,</strong></span> <span class='ocrx_word' id='word_1_388' title='bbox 611 3442 735 3510; x_wconf 86' lang='lat' dir='ltr'><strong>quia</strong></span> <span class='ocrx_word' id='word_1_389' title='bbox 781 3455 938 3495; x_wconf 88' lang='lat' dir='ltr'><strong>nemo</strong></span> <span class='ocrx_word' id='word_1_390' title='bbox 980 3448 1158 3511; x_wconf 85' lang='lat' dir='ltr'><strong>potest</strong></span> <span class='ocrx_word' id='word_1_391' title='bbox 1193 3440 1451 3496; x_wconf 88' lang='lat' dir='ltr'><strong>accedere</strong></span> <span class='ocrx_word' id='word_1_392' title='bbox 1498 3439 1564 3493; x_wconf 89' lang='lat' dir='ltr'><strong>ad</strong></span> <span class='ocrx_word' id='word_1_393' title='bbox 1594 3454 1742 3503; x_wconf 90' lang='lat' dir='ltr'><strong>eum,</strong></span> 
     </span>
    </p>
   </div>
   <div class='ocr_carea' id='block_1_51' title="bbox 159 3527 1741 3597">
    <p class='ocr_par' dir='ltr' id='par_1_51' title="bbox 159 3527 1741 3597">
     <span class='ocr_line' id='line_1_51' title="bbox 159 3527 1741 3597; baseline 0 -15"><span class='ocrx_word' id='word_1_394' title='bbox 159 3529 271 3594; x_wconf 80' lang='lat' dir='ltr'><strong>nisi</strong></span> <span class='ocrx_word' id='word_1_395' title='bbox 306 3543 335 3582; x_wconf 88' lang='lat' dir='ltr'><strong>a</strong></span> <span class='ocrx_word' id='word_1_396' title='bbox 367 3529 476 3583; x_wconf 89' lang='lat' dir='ltr'><strong>Deo</strong></span> <span class='ocrx_word' id='word_1_397' title='bbox 498 3529 819 3591; x_wconf 69' lang='lat' dir='ltr'><strong>attrahatur.</strong></span> <span class='ocrx_word' id='word_1_398' title='bbox 852 3527 950 3597; x_wconf 83' lang='lat' dir='ltr'><strong>Qui</strong></span> <span class='ocrx_word' id='word_1_399' title='bbox 977 3544 1106 3584; x_wconf 88' lang='lat' dir='ltr'><strong>vero</strong></span> <span class='ocrx_word' id='word_1_400' title='bbox 1131 3546 1160 3583; x_wconf 89' lang='lat' dir='ltr'><strong>a</strong></span> <span class='ocrx_word' id='word_1_401' title='bbox 1189 3530 1300 3589; x_wconf 80' lang='lat' dir='ltr'><strong>Deo</strong></span> <span class='ocrx_word' id='word_1_402' title='bbox 1322 3529 1634 3597; x_wconf 82' lang='lat' dir='ltr'><strong>attrahitur,</strong></span> <span class='ocrx_word' id='word_1_403' title='bbox 1663 3528 1741 3585; x_wconf 88' lang='lat' dir='ltr'><strong>illi</strong></span> 
     </span>
    </p>
   </div>
   <div class='ocr_carea' id='block_1_52' title="bbox 159 3621 1742 3695">
    <p class='ocr_par' dir='ltr' id='par_1_52' title="bbox 159 3621 1742 3695">
     <span class='ocr_line' id='line_1_52' title="bbox 159 3621 1742 3695; baseline -0.001 -20"><span class='ocrx_word' id='word_1_404' title='bbox 159 3630 246 3675; x_wconf 90' lang='lat' dir='ltr'><strong>cst</strong></span> <span class='ocrx_word' id='word_1_405' title='bbox 279 3621 627 3687; x_wconf 87' lang='lat' dir='ltr'><strong>accessibilis,</strong></span> <span class='ocrx_word' id='word_1_406' title='bbox 657 3639 808 3695; x_wconf 88' lang='lat' dir='ltr'><strong>quem</strong></span> <span class='ocrx_word' id='word_1_407' title='bbox 853 3622 1028 3677; x_wconf 85' lang='lat' dir='ltr'><strong>nullus</strong></span> <span class='ocrx_word' id='word_1_408' title='bbox 1058 3623 1185 3677; x_wconf 82' lang='lat' dir='ltr'><strong>vidit</strong></span> <span class='ocrx_word' id='word_1_409' title='bbox 1219 3622 1507 3685; x_wconf 79' lang='lat' dir='ltr'><strong>hominum,</strong></span> <span class='ocrx_word' id='word_1_410' title='bbox 1540 3622 1742 3676; x_wconf 89' lang='lat' dir='ltr'><strong>subau-</strong></span> 
     </span>
    </p>
   </div>
   <div class='ocr_carea' id='block_1_53' title="bbox 160 3712 1742 3786">
    <p class='ocr_par' dir='ltr' id='par_1_53' title="bbox 160 3712 1742 3786">
     <span class='ocr_line' id='line_1_53' title="bbox 160 3712 1742 3786; baseline -0.003 -15"><span class='ocrx_word' id='word_1_411' title='bbox 160 3712 248 3771; x_wconf 89' lang='lat' dir='ltr'><strong>dis</strong></span> <span class='ocrx_word' id='word_1_412' title='bbox 309 3715 583 3784; x_wconf 89' lang='lat' dir='ltr'><strong>corporeis</strong></span> <span class='ocrx_word' id='word_1_413' title='bbox 631 3715 823 3780; x_wconf 89' lang='lat' dir='ltr'><strong>oculis,</strong></span> <span class='ocrx_word' id='word_1_414' title='bbox 876 3718 965 3770; x_wconf 86' lang='lat' dir='ltr'><strong>sed</strong></span> <span class='ocrx_word' id='word_1_415' title='bbox 1012 3732 1101 3770; x_wconf 86' lang='lat' dir='ltr'><strong>nec</strong></span> <span class='ocrx_word' id='word_1_416' title='bbox 1137 3717 1308 3770; x_wconf 77' lang='lat' dir='ltr'><strong>videre</strong></span> <span class='ocrx_word' id='word_1_417' title='bbox 1357 3724 1539 3786; x_wconf 83' lang='lat' dir='ltr'><strong>potest,</strong></span> <span class='ocrx_word' id='word_1_418' title='bbox 1582 3714 1742 3769; x_wconf 89' lang='lat' dir='ltr'><strong>sicuti</strong></span> 
     </span>
    </p>
   </div>
   <div class='ocr_carea' id='block_1_54' title="bbox 170 3806 1747 3881">
    <p class='ocr_par' dir='ltr' id='par_1_54' title="bbox 170 3806 1747 3881">
     <span class='ocr_line' id='line_1_54' title="bbox 170 3806 1747 3881; baseline -0.002 -19"><span class='ocrx_word' id='word_1_419' title='bbox 170 3815 260 3863; x_wconf 84' lang='lat' dir='ltr'><strong>est</strong></span> <span class='ocrx_word' id='word_1_420' title='bbox 319 3807 597 3876; x_wconf 89' lang='lat' dir='ltr'><strong>corporeis</strong></span> <span class='ocrx_word' id='word_1_421' title='bbox 627 3806 819 3871; x_wconf 90' lang='lat' dir='ltr'><strong>oculis,</strong></span> <span class='ocrx_word' id='word_1_422' title='bbox 852 3807 1066 3861; x_wconf 70' lang='lat' dir='ltr'><strong>videtur</strong></span> <span class='ocrx_word' id='word_1_423' title='bbox 1098 3817 1274 3861; x_wconf 89' lang='lat' dir='ltr'><strong>tamen</strong></span> <span class='ocrx_word' id='word_1_424' title='bbox 1303 3823 1367 3861; x_wconf 81' lang='lat' dir='ltr'><strong>ex</strong></span> <span class='ocrx_word' id='word_1_425' title='bbox 1398 3816 1555 3881; x_wconf 89' lang='lat' dir='ltr'><strong>parte</strong></span> <span class='ocrx_word' id='word_1_426' title='bbox 1592 3821 1747 3861; x_wconf 84' lang='lat' dir='ltr'><strong>men-</strong></span> 
     </span>
    </p>
   </div>
   <div class='ocr_carea' id='block_1_55' title="bbox 162 3895 1741 3967">
    <p class='ocr_par' dir='ltr' id='par_1_55' title="bbox 162 3895 1741 3967">
     <span class='ocr_line' id='line_1_55' title="bbox 162 3895 1741 3967; baseline -0.001 -18"><span class='ocrx_word' id='word_1_427' title='bbox 162 3898 238 3951; x_wconf 85' lang='lat' dir='ltr'><strong>t&#39;s</strong></span> <span class='ocrx_word' id='word_1_428' title='bbox 313 3895 529 3953; x_wconf 86' lang='lat' dir='ltr'><strong>intuitu.</strong></span> <span class='ocrx_word' id='word_1_429' title='bbox 588 3897 852 3951; x_wconf 86' lang='lat' dir='ltr'><strong>Divitibus</strong></span> <span class='ocrx_word' id='word_1_430' title='bbox 908 3898 1066 3967; x_wconf 87' lang='lat' dir='ltr'><strong>hujus</strong></span> <span class='ocrx_word' id='word_1_431' title='bbox 1113 3898 1293 3952; x_wconf 60' lang='lat' dir='ltr'><strong>surculi</strong></span> <span class='ocrx_word' id='word_1_432' title='bbox 1355 3896 1587 3967; x_wconf 81' lang='lat' dir='ltr'><strong>praecipe</strong></span> <span class='ocrx_word' id='word_1_433' title='bbox 1633 3909 1741 3949; x_wconf 90' lang='lat' dir='ltr'><strong>non</strong></span> 
     </span>
    </p>
   </div>
   <div class='ocr_carea' id='block_1_56' title="bbox 161 3985 1741 4057">
    <p class='ocr_par' dir='ltr' id='par_1_56' title="bbox 161 3985 1741 4057">
     <span class='ocr_line' id='line_1_56' title="bbox 161 3985 1741 4057; baseline -0.003 -14"><span class='ocrx_word' id='word_1_434' title='bbox 161 3986 400 4043; x_wconf 81' lang='lat' dir='ltr'><strong>sublime</strong></span> <span class='ocrx_word' id='word_1_435' title='bbox 448 4002 677 4057; x_wconf 87' lang='lat' dir='ltr'><strong>sapere,</strong></span> <span class='ocrx_word' id='word_1_436' title='bbox 731 3988 783 4042; x_wconf 90' lang='lat' dir='ltr'><strong>id</strong></span> <span class='ocrx_word' id='word_1_437' title='bbox 822 3996 907 4042; x_wconf 89' lang='lat' dir='ltr'><strong>est</strong></span> <span class='ocrx_word' id='word_1_438' title='bbox 949 4004 1053 4042; x_wconf 91' lang='lat' dir='ltr'><strong>non</strong></span> <span class='ocrx_word' id='word_1_439' title='bbox 1106 3987 1417 4057; x_wconf 87' lang='lat' dir='ltr'><strong>superbire,</strong></span> <span class='ocrx_word' id='word_1_440' title='bbox 1471 4001 1646 4055; x_wconf 90' lang='lat' dir='ltr'><strong>neque</strong></span> <span class='ocrx_word' id='word_1_441' title='bbox 1686 3985 1741 4038; x_wconf 88' lang='lat' dir='ltr'><strong>in</strong></span> 
     </span>
    </p>
   </div>
   <div class='ocr_carea' id='block_1_57' title="bbox 161 4077 1745 4150">
    <p class='ocr_par' dir='ltr' id='par_1_57' title="bbox 161 4077 1745 4150">
     <span class='ocr_line' id='line_1_57' title="bbox 161 4077 1745 4150; baseline -0.002 -16"><span class='ocrx_word' id='word_1_442' title='bbox 161 4078 479 4150; x_wconf 81' lang='lat' dir='ltr'><strong>superbiam</strong></span> <span class='ocrx_word' id='word_1_443' title='bbox 526 4079 695 4148; x_wconf 79' lang='lat' dir='ltr'><strong>erigi,</strong></span> <span class='ocrx_word' id='word_1_444' title='bbox 736 4093 909 4148; x_wconf 86' lang='lat' dir='ltr'><strong>neque</strong></span> <span class='ocrx_word' id='word_1_445' title='bbox 946 4093 1163 4150; x_wconf 75' lang='lat' dir='ltr'><strong>sperare</strong></span> <span class='ocrx_word' id='word_1_446' title='bbox 1206 4078 1262 4133; x_wconf 89' lang='lat' dir='ltr'><strong>in</strong></span> <span class='ocrx_word' id='word_1_447' title='bbox 1297 4079 1505 4134; x_wconf 89' lang='lat' dir='ltr'><strong>incerto</strong></span> <span class='ocrx_word' id='word_1_448' title='bbox 1527 4077 1745 4132; x_wconf 90' lang='lat' dir='ltr'><strong>divitia-</strong></span> 
     </span>
    </p>
   </div>
   <div class='ocr_carea' id='block_1_58' title="bbox 1847 1952 3427 2036">
    <p class='ocr_par' dir='ltr' id='par_1_58' title="bbox 1847 1952 3427 2036">
     <span class='ocr_line' id='line_1_58' title="bbox 1847 1952 3427 2036; baseline -0.01 -18"><span class='ocrx_word' id='word_1_449' title='bbox 1847 1965 2105 2036; x_wconf 88' lang='lat' dir='ltr'><strong>positum,</strong></span> <span class='ocrx_word' id='word_1_450' title='bbox 2152 1960 2266 2016; x_wconf 83' lang='lat' dir='ltr'><strong>sive</strong></span> <span class='ocrx_word' id='word_1_451' title='bbox 2311 1957 2742 2014; x_wconf 77' lang='lat' dir='ltr'><strong>commendatum</strong></span> <span class='ocrx_word' id='word_1_452' title='bbox 2802 1953 3038 2017; x_wconf 82' lang='lat' dir='ltr'><strong>custodi,</strong></span> <span class='ocrx_word' id='word_1_453' title='bbox 3081 1952 3131 2005; x_wconf 90' lang='lat' dir='ltr'><strong>id</strong></span> <span class='ocrx_word' id='word_1_454' title='bbox 3186 1959 3269 2005; x_wconf 88' lang='lat' dir='ltr'><strong>est</strong></span> <span class='ocrx_word' id='word_1_455' title='bbox 3303 1965 3427 2018; x_wconf 84' lang='lat' dir='ltr'><strong>gra-</strong></span> 
     </span>
    </p>
   </div>
   <div class='ocr_carea' id='block_1_59' title="bbox 1850 2044 3425 2127">
    <p class='ocr_par' dir='ltr' id='par_1_59' title="bbox 1850 2044 3425 2127">
     <span class='ocr_line' id='line_1_59' title="bbox 1850 2044 3425 2127; baseline -0.012 -14"><span class='ocrx_word' id='word_1_456' title='bbox 1850 2058 1977 2113; x_wconf 90' lang='lat' dir='ltr'><strong>tiam</strong></span> <span class='ocrx_word' id='word_1_457' title='bbox 1995 2055 2117 2110; x_wconf 87' lang='lat' dir='ltr'><strong>lidei</strong></span> <span class='ocrx_word' id='word_1_458' title='bbox 2133 2063 2187 2109; x_wconf 89' lang='lat' dir='ltr'><strong>et</strong></span> <span class='ocrx_word' id='word_1_459' title='bbox 2206 2051 2484 2127; x_wconf 76' lang='lat' dir='ltr'><strong>sapientia:</strong></span> <span class='ocrx_word' id='word_1_460' title='bbox 2507 2049 2807 2109; x_wconf 84' lang='lat' dir='ltr'><strong>doctrinam</strong></span> <span class='ocrx_word' id='word_1_461' title='bbox 2828 2062 2988 2116; x_wconf 88' lang='lat' dir='ltr'><strong>quam</strong></span> <span class='ocrx_word' id='word_1_462' title='bbox 3021 2044 3113 2099; x_wconf 91' lang='lat' dir='ltr'><strong>tibi</strong></span> <span class='ocrx_word' id='word_1_463' title='bbox 3144 2058 3425 2098; x_wconf 74' lang='lat' dir='ltr'><strong>commen-</strong></span> 
     </span>
    </p>
   </div>
   <div class='ocr_carea' id='block_1_60' title="bbox 1848 2133 3426 2208">
    <p class='ocr_par' dir='ltr' id='par_1_60' title="bbox 1848 2133 3426 2208">
     <span class='ocr_line' id='line_1_60' title="bbox 1848 2133 3426 2208; baseline -0.01 -7"><span class='ocrx_word' id='word_1_464' title='bbox 1848 2146 1970 2201; x_wconf 85' lang='lat' dir='ltr'><strong>davi</strong></span> <span class='ocrx_word' id='word_1_465' title='bbox 2013 2146 2265 2208; x_wconf 80' lang='lat' dir='ltr'><strong>devitans,</strong></span> <span class='ocrx_word' id='word_1_466' title='bbox 2281 2143 2396 2198; x_wconf 84' lang='lat' dir='ltr'><strong>sive</strong></span> <span class='ocrx_word' id='word_1_467' title='bbox 2408 2140 2684 2197; x_wconf 83' lang='lat' dir='ltr'><strong>declinans</strong></span> <span class='ocrx_word' id='word_1_468' title='bbox 2704 2135 3043 2207; x_wconf 39' lang='lat' dir='ltr'><strong>profanas,,id</strong></span> <span class='ocrx_word' id='word_1_469' title='bbox 3059 2142 3142 2189; x_wconf 90' lang='lat' dir='ltr'><strong>est</strong></span> <span class='ocrx_word' id='word_1_470' title='bbox 3162 2133 3398 2203; x_wconf 80' lang='lat' dir='ltr'><strong>irreligio</strong></span> <span class='ocrx_word' id='word_1_471' title='bbox 3412 2162 3426 2179; x_wconf 54' lang='grc' dir='ltr'><strong>η-</strong></span> 
     </span>
    </p>
   </div>
   <div class='ocr_carea' id='block_1_61' title="bbox 1848 2226 3423 2291">
    <p class='ocr_par' dir='ltr' id='par_1_61' title="bbox 1848 2226 3423 2291">
     <span class='ocr_line' id='line_1_61' title="bbox 1848 2226 3423 2291; baseline -0.01 -1"><span class='ocrx_word' id='word_1_472' title='bbox 1848 2250 1936 2291; x_wconf 91' lang='lat' dir='ltr'><strong>sas</strong></span> <span class='ocrx_word' id='word_1_473' title='bbox 1978 2235 2231 2289; x_wconf 81' lang='lat' dir='ltr'><strong>novitates</strong></span> <span class='ocrx_word' id='word_1_474' title='bbox 2283 2247 2493 2287; x_wconf 89' lang='lat' dir='ltr'><strong>vocum.</strong></span> <span class='ocrx_word' id='word_1_475' title='bbox 2543 2228 2682 2284; x_wconf 89' lang='lat' dir='ltr'><strong>Sunt</strong></span> <span class='ocrx_word' id='word_1_476' title='bbox 2730 2228 2875 2281; x_wconf 89' lang='lat' dir='ltr'><strong>enim</strong></span> <span class='ocrx_word' id='word_1_477' title='bbox 2915 2226 3182 2281; x_wconf 82' lang='lat' dir='ltr'><strong>novitates</strong></span> <span class='ocrx_word' id='word_1_478' title='bbox 3230 2237 3423 2278; x_wconf 89' lang='lat' dir='ltr'><strong>vocum</strong></span> 
     </span>
    </p>
   </div>
   <div class='ocr_carea' id='block_1_62' title="bbox 1846 2312 3424 2396">
    <p class='ocr_par' dir='ltr' id='par_1_62' title="bbox 1846 2312 3424 2396">
     <span class='ocr_line' id='line_1_62' title="bbox 1846 2312 3424 2396; baseline -0.01 -14"><span class='ocrx_word' id='word_1_479' title='bbox 1846 2343 1952 2382; x_wconf 90' lang='lat' dir='ltr'><strong>non</strong></span> <span class='ocrx_word' id='word_1_480' title='bbox 1993 2325 2249 2396; x_wconf 72' lang='lat' dir='ltr'><strong>profante,</strong></span> <span class='ocrx_word' id='word_1_481' title='bbox 2293 2324 2386 2379; x_wconf 89' lang='lat' dir='ltr'><strong>sed</strong></span> <span class='ocrx_word' id='word_1_482' title='bbox 2428 2320 2725 2389; x_wconf 76' lang='lat' dir='ltr'><strong>religiosze,</strong></span> <span class='ocrx_word' id='word_1_483' title='bbox 2760 2319 2897 2372; x_wconf 89' lang='lat' dir='ltr'><strong>sicut</strong></span> <span class='ocrx_word' id='word_1_484' title='bbox 2930 2316 3157 2387; x_wconf 79' lang='lat' dir='ltr'><strong>legimus</strong></span> <span class='ocrx_word' id='word_1_485' title='bbox 3180 2313 3321 2383; x_wconf 88' lang='lat' dir='ltr'><strong>quod</strong></span> <span class='ocrx_word' id='word_1_486' title='bbox 3369 2312 3424 2367; x_wconf 90' lang='lat' dir='ltr'><strong>iu</strong></span> 
     </span>
    </p>
   </div>
   <div class='ocr_carea' id='block_1_63' title="bbox 1845 2404 3426 2485">
    <p class='ocr_par' dir='ltr' id='par_1_63' title="bbox 1845 2404 3426 2485">
     <span class='ocr_line' id='line_1_63' title="bbox 1845 2404 3426 2485; baseline -0.011 -13"><span class='ocrx_word' id='word_1_487' title='bbox 1845 2416 2128 2472; x_wconf 82' lang='lat' dir='ltr'><strong>Antiochia</strong></span> <span class='ocrx_word' id='word_1_488' title='bbox 2161 2414 2392 2485; x_wconf 89' lang='lat' dir='ltr'><strong>primum</strong></span> <span class='ocrx_word' id='word_1_489' title='bbox 2418 2410 2707 2467; x_wconf 86' lang='lat' dir='ltr'><strong>Christiani</strong></span> <span class='ocrx_word' id='word_1_490' title='bbox 2739 2407 2986 2478; x_wconf 74' lang='lat' dir='ltr'><strong>appellati</strong></span> <span class='ocrx_word' id='word_1_491' title='bbox 3014 2414 3158 2470; x_wconf 89' lang='lat' dir='ltr'><strong>sunt,</strong></span> <span class='ocrx_word' id='word_1_492' title='bbox 3187 2413 3242 2459; x_wconf 90' lang='lat' dir='ltr'><strong>et</strong></span> <span class='ocrx_word' id='word_1_493' title='bbox 3282 2404 3426 2457; x_wconf 86' lang='lat' dir='ltr'><strong>sicut</strong></span> 
     </span>
    </p>
   </div>
   <div class='ocr_carea' id='block_1_64' title="bbox 1845 2497 3424 2573">
    <p class='ocr_par' dir='ltr' id='par_1_64' title="bbox 1845 2497 3424 2573">
     <span class='ocr_line' id='line_1_64' title="bbox 1845 2497 3424 2573; baseline -0.01 -11"><span class='ocrx_word' id='word_1_494' title='bbox 1845 2506 2017 2563; x_wconf 87' lang='lat' dir='ltr'><strong>sancti</strong></span> <span class='ocrx_word' id='word_1_495' title='bbox 2067 2506 2255 2562; x_wconf 86' lang='lat' dir='ltr'><strong>Patres</strong></span> <span class='ocrx_word' id='word_1_496' title='bbox 2292 2504 2345 2557; x_wconf 90' lang='lat' dir='ltr'><strong>in</strong></span> <span class='ocrx_word' id='word_1_497' title='bbox 2409 2503 2611 2573; x_wconf 84' lang='lat' dir='ltr'><strong>synodo</strong></span> <span class='ocrx_word' id='word_1_498' title='bbox 2657 2514 2853 2554; x_wconf 90' lang='lat' dir='ltr'><strong>novum</strong></span> <span class='ocrx_word' id='word_1_499' title='bbox 2905 2497 3172 2567; x_wconf 88' lang='lat' dir='ltr'><strong>quoddam</strong></span> <span class='ocrx_word' id='word_1_500' title='bbox 3227 2507 3424 2549; x_wconf 87' lang='lat' dir='ltr'><strong>nomen</strong></span> 
     </span>
    </p>
   </div>
   <div class='ocr_carea' id='block_1_65' title="bbox 1847 2584 3420 2652">
    <p class='ocr_par' dir='ltr' id='par_1_65' title="bbox 1847 2584 3420 2652">
     <span class='ocr_line' id='line_1_65' title="bbox 1847 2584 3420 2652; baseline -0.01 0"><span class='ocrx_word' id='word_1_501' title='bbox 1847 2597 2237 2652; x_wconf 88' lang='lat' dir='ltr'><strong>adinvenerunt</strong></span> <span class='ocrx_word' id='word_1_502' title='bbox 2292 2594 2619 2651; x_wconf 85' lang='lat' dir='ltr'><strong>homousion,</strong></span> <span class='ocrx_word' id='word_1_503' title='bbox 2654 2590 2705 2645; x_wconf 91' lang='lat' dir='ltr'><strong>id</strong></span> <span class='ocrx_word' id='word_1_504' title='bbox 2751 2597 2835 2644; x_wconf 87' lang='lat' dir='ltr'><strong>est</strong></span> <span class='ocrx_word' id='word_1_505' title='bbox 2863 2588 3023 2643; x_wconf 90' lang='lat' dir='ltr'><strong>unius</strong></span> <span class='ocrx_word' id='word_1_506' title='bbox 3060 2584 3375 2641; x_wconf 80' lang='lat' dir='ltr'><strong>substantiae</strong></span> <span class='ocrx_word' id='word_1_507' title='bbox 3408 2602 3420 2636; x_wconf 95' lang='lat'>:</span> 
     </span>
    </p>
   </div>
   <div class='ocr_carea' id='block_1_66' title="bbox 1844 2681 3424 2760">
    <p class='ocr_par' dir='ltr' id='par_1_66' title="bbox 1844 2681 3424 2760">
     <span class='ocr_line' id='line_1_66' title="bbox 1844 2681 3424 2760; baseline -0.009 -15"><span class='ocrx_word' id='word_1_508' title='bbox 1844 2689 1986 2760; x_wconf 90' lang='lat' dir='ltr'><strong>quod</strong></span> <span class='ocrx_word' id='word_1_509' title='bbox 2017 2689 2070 2743; x_wconf 92' lang='lat' dir='ltr'><strong>in</strong></span> <span class='ocrx_word' id='word_1_510' title='bbox 2101 2695 2211 2743; x_wconf 89' lang='lat' dir='ltr'><strong>tota</strong></span> <span class='ocrx_word' id='word_1_511' title='bbox 2243 2686 2381 2742; x_wconf 89' lang='lat' dir='ltr'><strong>serie</strong></span> <span class='ocrx_word' id='word_1_512' title='bbox 2406 2685 2705 2741; x_wconf 87' lang='lat' dir='ltr'><strong>divinarum</strong></span> <span class='ocrx_word' id='word_1_513' title='bbox 2735 2681 3136 2751; x_wconf 88' lang='lat' dir='ltr'><strong>Scripturarum</strong></span> <span class='ocrx_word' id='word_1_514' title='bbox 3165 2686 3291 2733; x_wconf 88' lang='lat' dir='ltr'><strong>ante</strong></span> <span class='ocrx_word' id='word_1_515' title='bbox 3316 2691 3424 2732; x_wconf 90' lang='lat' dir='ltr'><strong>non</strong></span> 
     </span>
    </p>
   </div>
   <div class='ocr_carea' id='block_1_67' title="bbox 1845 2774 3428 2838">
    <p class='ocr_par' dir='ltr' id='par_1_67' title="bbox 1845 2774 3428 2838">
     <span class='ocr_line' id='line_1_67' title="bbox 1845 2774 3428 2838; baseline -0.01 -2"><span class='ocrx_word' id='word_1_516' title='bbox 1845 2787 1930 2838; x_wconf 85' lang='lat' dir='ltr'><strong>est</strong></span> <span class='ocrx_word' id='word_1_517' title='bbox 1958 2778 2249 2833; x_wconf 88' lang='lat' dir='ltr'><strong>inventum.</strong></span> <span class='ocrx_word' id='word_1_518' title='bbox 2301 2776 2422 2832; x_wconf 73' lang='lat' dir='ltr'><strong>Ista:</strong></span> <span class='ocrx_word' id='word_1_519' title='bbox 2461 2775 2599 2831; x_wconf 85' lang='lat' dir='ltr'><strong>tales</strong></span> <span class='ocrx_word' id='word_1_520' title='bbox 2623 2774 2895 2835; x_wconf 84' lang='lat' dir='ltr'><strong>novitates</strong></span> <span class='ocrx_word' id='word_1_521' title='bbox 2919 2785 3108 2826; x_wconf 84' lang='lat' dir='ltr'><strong>vocum</strong></span> <span class='ocrx_word' id='word_1_522' title='bbox 3156 2784 3262 2824; x_wconf 91' lang='lat' dir='ltr'><strong>non</strong></span> <span class='ocrx_word' id='word_1_523' title='bbox 3299 2774 3428 2821; x_wconf 86' lang='lat' dir='ltr'><strong>sunt</strong></span> 
     </span>
    </p>
   </div>
   <div class='ocr_carea' id='block_1_68' title="bbox 1844 2860 3437 2940">
    <p class='ocr_par' dir='ltr' id='par_1_68' title="bbox 1844 2860 3437 2940">
     <span class='ocr_line' id='line_1_68' title="bbox 1844 2860 3437 2940; baseline -0.009 -11"><span class='ocrx_word' id='word_1_524' title='bbox 1844 2879 2033 2929; x_wconf 85' lang='lat' dir='ltr'><strong>contra</strong></span> <span class='ocrx_word' id='word_1_525' title='bbox 2058 2868 2396 2940; x_wconf 78' lang='lat' dir='ltr'><strong>religionem,</strong></span> <span class='ocrx_word' id='word_1_526' title='bbox 2419 2868 2512 2922; x_wconf 89' lang='lat' dir='ltr'><strong>sed</strong></span> <span class='ocrx_word' id='word_1_527' title='bbox 2544 2866 2831 2937; x_wconf 68' lang='lat' dir='ltr'><strong>religiosae,</strong></span> <span class='ocrx_word' id='word_1_528' title='bbox 2858 2865 2984 2933; x_wconf 90' lang='lat' dir='ltr'><strong>quia</strong></span> <span class='ocrx_word' id='word_1_529' title='bbox 3014 2862 3082 2917; x_wconf 89' lang='lat' dir='ltr'><strong>ad</strong></span> <span class='ocrx_word' id='word_1_530' title='bbox 3112 2860 3437 2931; x_wconf 72' lang='lat' dir='ltr'><strong>religionem.</strong></span> 
     </span>
    </p>
   </div>
   <div class='ocr_carea' id='block_1_69' title="bbox 1844 2949 3424 3032">
    <p class='ocr_par' dir='ltr' id='par_1_69' title="bbox 1844 2949 3424 3032">
     <span class='ocr_line' id='line_1_69' title="bbox 1844 2949 3424 3032; baseline -0.008 -15"><span class='ocrx_word' id='word_1_531' title='bbox 1844 2962 2136 3032; x_wconf 89' lang='lat' dir='ltr'><strong>pertinent.</strong></span> <span class='ocrx_word' id='word_1_532' title='bbox 2194 2960 2425 3015; x_wconf 86' lang='lat' dir='ltr'><strong>Econtra</strong></span> <span class='ocrx_word' id='word_1_533' title='bbox 2460 2966 2585 3013; x_wconf 91' lang='lat' dir='ltr'><strong>sunt</strong></span> <span class='ocrx_word' id='word_1_534' title='bbox 2614 2957 2876 3013; x_wconf 89' lang='lat' dir='ltr'><strong>novitates</strong></span> <span class='ocrx_word' id='word_1_535' title='bbox 2922 2968 3115 3009; x_wconf 76' lang='lat' dir='ltr'><strong>vocum</strong></span> <span class='ocrx_word' id='word_1_536' title='bbox 3163 2949 3424 3021; x_wconf 63' lang='lat' dir='ltr'><strong>profante,</strong></span> 
     </span>
    </p>
   </div>
   <div class='ocr_carea' id='block_1_70' title="bbox 1845 3040 3427 3121">
    <p class='ocr_par' dir='ltr' id='par_1_70' title="bbox 1845 3040 3427 3121">
     <span class='ocr_line' id='line_1_70' title="bbox 1845 3040 3427 3121; baseline -0.009 -15"><span class='ocrx_word' id='word_1_537' title='bbox 1845 3067 1979 3121; x_wconf 85' lang='lat' dir='ltr'><strong>quas</strong></span> <span class='ocrx_word' id='word_1_538' title='bbox 2006 3049 2398 3106; x_wconf 83' lang='lat' dir='ltr'><strong>adinvenerunt</strong></span> <span class='ocrx_word' id='word_1_539' title='bbox 2424 3047 2680 3110; x_wconf 60' lang='lat' dir='ltr'><strong>hatretici,</strong></span> <span class='ocrx_word' id='word_1_540' title='bbox 2713 3061 2743 3100; x_wconf 92' lang='lat' dir='ltr'><strong>a</strong></span> <span class='ocrx_word' id='word_1_541' title='bbox 2773 3046 2969 3115; x_wconf 87' lang='lat' dir='ltr'><strong>quibus</strong></span> <span class='ocrx_word' id='word_1_542' title='bbox 3002 3041 3259 3112; x_wconf 60' lang='lat' dir='ltr'><strong>praecepit</strong></span> <span class='ocrx_word' id='word_1_543' title='bbox 3286 3040 3427 3108; x_wconf 83' lang='lat' dir='ltr'><strong>Apo-</strong></span> 
     </span>
    </p>
   </div>
   <div class='ocr_carea' id='block_1_71' title="bbox 1846 3130 3425 3198">
    <p class='ocr_par' dir='ltr' id='par_1_71' title="bbox 1846 3130 3425 3198">
     <span class='ocr_line' id='line_1_71' title="bbox 1846 3130 3425 3198; baseline -0.01 -2"><span class='ocrx_word' id='word_1_544' title='bbox 1846 3140 2016 3198; x_wconf 89' lang='lat' dir='ltr'><strong>stolus</strong></span> <span class='ocrx_word' id='word_1_545' title='bbox 2059 3139 2330 3196; x_wconf 84' lang='lat' dir='ltr'><strong>declinare</strong></span> <span class='ocrx_word' id='word_1_546' title='bbox 2364 3138 2726 3195; x_wconf 89' lang='lat' dir='ltr'><strong>Timotheum.</strong></span> <span class='ocrx_word' id='word_1_547' title='bbox 2761 3133 2829 3187; x_wconf 83' lang='lat' dir='ltr'><strong>Et</strong></span> <span class='ocrx_word' id='word_1_548' title='bbox 2858 3132 3035 3187; x_wconf 89' lang='lat' dir='ltr'><strong>devita</strong></span> <span class='ocrx_word' id='word_1_549' title='bbox 3080 3130 3243 3184; x_wconf 87' lang='lat' dir='ltr'><strong>etiam</strong></span> <span class='ocrx_word' id='word_1_550' title='bbox 3268 3144 3425 3197; x_wconf 87' lang='lat' dir='ltr'><strong>oppo-</strong></span> 
     </span>
    </p>
   </div>
   <div class='ocr_carea' id='block_1_72' title="bbox 1772 3219 3424 3303">
    <p class='ocr_par' dir='ltr' id='par_1_72' title="bbox 1772 3219 3424 3303">
     <span class='ocr_line' id='line_1_72' title="bbox 1772 3219 3424 3303; baseline -0.008 -20"><span class='ocrx_word' id='word_1_551' title='bbox 1772 3221 1815 3283; x_wconf 89' lang='lat' dir='ltr'><strong>C</strong></span> <span class='ocrx_word' id='word_1_552' title='bbox 1848 3233 2081 3298; x_wconf 83' lang='lat' dir='ltr'><strong>sitiones,</strong></span> <span class='ocrx_word' id='word_1_553' title='bbox 2098 3233 2242 3303; x_wconf 77' lang='lat' dir='ltr'><strong>idest</strong></span> <span class='ocrx_word' id='word_1_554' title='bbox 2258 3231 2583 3300; x_wconf 64' lang='lat' dir='ltr'><strong>quaestiones</strong></span> <span class='ocrx_word' id='word_1_555' title='bbox 2604 3226 2832 3285; x_wconf 73' lang='lat' dir='ltr'><strong>scientia:</strong></span> <span class='ocrx_word' id='word_1_556' title='bbox 2852 3222 2977 3293; x_wconf 78' lang='lat' dir='ltr'><strong>falsi</strong></span> <span class='ocrx_word' id='word_1_557' title='bbox 2999 3220 3243 3284; x_wconf 84' lang='lat' dir='ltr'><strong>nominis,</strong></span> <span class='ocrx_word' id='word_1_558' title='bbox 3272 3219 3324 3272; x_wconf 90' lang='lat' dir='ltr'><strong>id</strong></span> <span class='ocrx_word' id='word_1_559' title='bbox 3343 3229 3424 3271; x_wconf 87' lang='lat' dir='ltr'><strong>est</strong></span> 
     </span>
    </p>
   </div>
   <div class='ocr_carea' id='block_1_73' title="bbox 1851 3313 3424 3395">
    <p class='ocr_par' dir='ltr' id='par_1_73' title="bbox 1851 3313 3424 3395">
     <span class='ocr_line' id='line_1_73' title="bbox 1851 3313 3424 3395; baseline -0.01 -17"><span class='ocrx_word' id='word_1_560' title='bbox 1851 3322 2175 3395; x_wconf 65' lang='lat' dir='ltr'><strong>qumstiones</strong></span> <span class='ocrx_word' id='word_1_561' title='bbox 2201 3320 2538 3385; x_wconf 68' lang='lat' dir='ltr'><strong>Iudaeorum,</strong></span> <span class='ocrx_word' id='word_1_562' title='bbox 2590 3331 2725 3388; x_wconf 90' lang='lat' dir='ltr'><strong>quas</strong></span> <span class='ocrx_word' id='word_1_563' title='bbox 2752 3313 2928 3369; x_wconf 92' lang='lat' dir='ltr'><strong>solent</strong></span> <span class='ocrx_word' id='word_1_564' title='bbox 2968 3324 3263 3381; x_wconf 80' lang='lat' dir='ltr'><strong>apponere,</strong></span> <span class='ocrx_word' id='word_1_565' title='bbox 3308 3323 3424 3376; x_wconf 72' lang='lat' dir='ltr'><strong>qua:</strong></span> 
     </span>
    </p>
   </div>
   <div class='ocr_carea' id='block_1_74' title="bbox 1849 3398 3425 3480">
    <p class='ocr_par' dir='ltr' id='par_1_74' title="bbox 1849 3398 3425 3480">
     <span class='ocr_line' id='line_1_74' title="bbox 1849 3398 3425 3480; baseline -0.012 -11"><span class='ocrx_word' id='word_1_566' title='bbox 1849 3411 2101 3471; x_wconf 86' lang='lat' dir='ltr'><strong>videntur</strong></span> <span class='ocrx_word' id='word_1_567' title='bbox 2128 3409 2451 3480; x_wconf 62' lang='lat' dir='ltr'><strong>quaestiones</strong></span> <span class='ocrx_word' id='word_1_568' title='bbox 2478 3421 2600 3461; x_wconf 88' lang='lat' dir='ltr'><strong>esse</strong></span> <span class='ocrx_word' id='word_1_569' title='bbox 2645 3402 2905 3466; x_wconf 67' lang='lat' dir='ltr'><strong>scientiae,</strong></span> <span class='ocrx_word' id='word_1_570' title='bbox 2933 3402 3028 3455; x_wconf 90' lang='lat' dir='ltr'><strong>sed</strong></span> <span class='ocrx_word' id='word_1_571' title='bbox 3062 3398 3198 3452; x_wconf 82' lang='lat' dir='ltr'><strong>falso</strong></span> <span class='ocrx_word' id='word_1_572' title='bbox 3229 3411 3425 3452; x_wconf 89' lang='lat' dir='ltr'><strong>nomen</strong></span> 
     </span>
    </p>
   </div>
   <div class='ocr_carea' id='block_1_75' title="bbox 1848 3489 3423 3567">
    <p class='ocr_par' dir='ltr' id='par_1_75' title="bbox 1848 3489 3423 3567">
     <span class='ocr_line' id='line_1_75' title="bbox 1848 3489 3423 3567; baseline -0.012 -10"><span class='ocrx_word' id='word_1_573' title='bbox 1848 3501 2088 3557; x_wconf 65' lang='lat' dir='ltr'><strong>scientiae</strong></span> <span class='ocrx_word' id='word_1_574' title='bbox 2132 3499 2355 3563; x_wconf 90' lang='lat' dir='ltr'><strong>habent,</strong></span> <span class='ocrx_word' id='word_1_575' title='bbox 2402 3496 2527 3567; x_wconf 92' lang='lat' dir='ltr'><strong>quia</strong></span> <span class='ocrx_word' id='word_1_576' title='bbox 2570 3510 2676 3550; x_wconf 90' lang='lat' dir='ltr'><strong>non</strong></span> <span class='ocrx_word' id='word_1_577' title='bbox 2723 3500 2806 3550; x_wconf 90' lang='lat' dir='ltr'><strong>est</strong></span> <span class='ocrx_word' id='word_1_578' title='bbox 2852 3492 2926 3547; x_wconf 92' lang='lat' dir='ltr'><strong>ibi</strong></span> <span class='ocrx_word' id='word_1_579' title='bbox 2969 3489 3197 3545; x_wconf 90' lang='lat' dir='ltr'><strong>scientia</strong></span> <span class='ocrx_word' id='word_1_580' title='bbox 3243 3503 3423 3558; x_wconf 83' lang='lat' dir='ltr'><strong>quam,</strong></span> 
     </span>
    </p>
   </div>
   <div class='ocr_carea' id='block_1_76' title="bbox 1847 3576 3426 3656">
    <p class='ocr_par' dir='ltr' id='par_1_76' title="bbox 1847 3576 3426 3656">
     <span class='ocr_line' id='line_1_76' title="bbox 1847 3576 3426 3656; baseline -0.011 -10"><span class='ocrx_word' id='word_1_581' title='bbox 1847 3590 2126 3646; x_wconf 89' lang='lat' dir='ltr'><strong>scientiam</strong></span> <span class='ocrx_word' id='word_1_582' title='bbox 2157 3589 2275 3643; x_wconf 83' lang='lat' dir='ltr'><strong>falsi</strong></span> <span class='ocrx_word' id='word_1_583' title='bbox 2313 3587 2547 3647; x_wconf 86' lang='lat' dir='ltr'><strong>nominis</strong></span> <span class='ocrx_word' id='word_1_584' title='bbox 2576 3584 2789 3656; x_wconf 82' lang='lat' dir='ltr'><strong>quidam</strong></span> <span class='ocrx_word' id='word_1_585' title='bbox 2827 3580 3207 3652; x_wconf 78' lang='lat' dir='ltr'><strong>promittentes,</strong></span> <span class='ocrx_word' id='word_1_586' title='bbox 3260 3576 3313 3629; x_wconf 91' lang='lat' dir='ltr'><strong>id</strong></span> <span class='ocrx_word' id='word_1_587' title='bbox 3343 3582 3426 3630; x_wconf 83' lang='lat' dir='ltr'><strong>est</strong></span> 
     </span>
    </p>
   </div>
   <div class='ocr_carea' id='block_1_77' title="bbox 1843 3665 3427 3750">
    <p class='ocr_par' dir='ltr' id='par_1_77' title="bbox 1843 3665 3427 3750">
     <span class='ocr_line' id='line_1_77' title="bbox 1843 3665 3427 3750; baseline -0.013 -12"><span class='ocrx_word' id='word_1_588' title='bbox 1843 3683 2211 3746; x_wconf 86' lang='lat' dir='ltr'><strong>ostendentes,</strong></span> <span class='ocrx_word' id='word_1_589' title='bbox 2251 3689 2504 3750; x_wconf 88' lang='lat' dir='ltr'><strong>tanquam</strong></span> <span class='ocrx_word' id='word_1_590' title='bbox 2550 3692 2677 3731; x_wconf 88' lang='lat' dir='ltr'><strong>vera</strong></span> <span class='ocrx_word' id='word_1_591' title='bbox 2720 3672 2946 3729; x_wconf 86' lang='lat' dir='ltr'><strong>scientia</strong></span> <span class='ocrx_word' id='word_1_592' title='bbox 2989 3672 3058 3726; x_wconf 80' lang='lat' dir='ltr'><strong>sit</strong></span> <span class='ocrx_word' id='word_1_593' title='bbox 3083 3670 3223 3727; x_wconf 85' lang='lat' dir='ltr'><strong>circa</strong></span> <span class='ocrx_word' id='word_1_594' title='bbox 3270 3665 3427 3735; x_wconf 84' lang='lat' dir='ltr'><strong>ﬁdem</strong></span> 
     </span>
    </p>
   </div>
   <div class='ocr_carea' id='block_1_78' title="bbox 1844 3757 3445 3838">
    <p class='ocr_par' dir='ltr' id='par_1_78' title="bbox 1844 3757 3445 3838">
     <span class='ocr_line' id='line_1_78' title="bbox 1844 3757 3445 3838; baseline -0.012 -8"><span class='ocrx_word' id='word_1_595' title='bbox 1844 3762 2170 3838; x_wconf 76' lang='lat' dir='ltr'><strong>exciderunt,</strong></span> <span class='ocrx_word' id='word_1_596' title='bbox 2221 3774 2273 3827; x_wconf 89' lang='lat' dir='ltr'><strong>id</strong></span> <span class='ocrx_word' id='word_1_597' title='bbox 2313 3780 2397 3827; x_wconf 89' lang='lat' dir='ltr'><strong>est</strong></span> <span class='ocrx_word' id='word_1_598' title='bbox 2438 3786 2469 3824; x_wconf 93' lang='lat' dir='ltr'><strong>a</strong></span> <span class='ocrx_word' id='word_1_599' title='bbox 2500 3770 2726 3824; x_wconf 90' lang='lat' dir='ltr'><strong>veritate</strong></span> <span class='ocrx_word' id='word_1_600' title='bbox 2780 3764 2904 3819; x_wconf 83' lang='lat' dir='ltr'><strong>ﬁdei</strong></span> <span class='ocrx_word' id='word_1_601' title='bbox 2941 3761 3103 3817; x_wconf 86' lang='lat' dir='ltr'><strong>alieni</strong></span> <span class='ocrx_word' id='word_1_602' title='bbox 3158 3757 3445 3830; x_wconf 17' lang='lat' dir='ltr'><strong>pejerunt.)</strong></span> 
     </span>
    </p>
   </div>
   <div class='ocr_carea' id='block_1_79' title="bbox 1846 3845 3427 3923">
    <p class='ocr_par' dir='ltr' id='par_1_79' title="bbox 1846 3845 3427 3923">
     <span class='ocr_line' id='line_1_79' title="bbox 1846 3845 3427 3923; baseline -0.013 -5"><span class='ocrx_word' id='word_1_603' title='bbox 1846 3864 2031 3919; x_wconf 83' lang='lat' dir='ltr'><strong>Gratia</strong></span> <span class='ocrx_word' id='word_1_604' title='bbox 2070 3863 2165 3917; x_wconf 88' lang='lat' dir='ltr'><strong>Dei</strong></span> <span class='ocrx_word' id='word_1_605' title='bbox 2210 3872 2414 3923; x_wconf 87' lang='lat' dir='ltr'><strong>tecum,</strong></span> <span class='ocrx_word' id='word_1_606' title='bbox 2463 3856 2717 3912; x_wconf 86' lang='lat' dir='ltr'><strong>subaudis</strong></span> <span class='ocrx_word' id='word_1_607' title='bbox 2748 3855 2836 3907; x_wconf 89' lang='lat' dir='ltr'><strong>sit.</strong></span> <span class='ocrx_word' id='word_1_608' title='bbox 2888 3851 3053 3904; x_wconf 80' lang='lat' dir='ltr'><strong>Auzea</strong></span> <span class='ocrx_word' id='word_1_609' title='bbox 3078 3888 3093 3914; x_wconf 94' lang='lat'><strong>,</strong></span> <span class='ocrx_word' id='word_1_610' title='bbox 3131 3848 3186 3901; x_wconf 88' lang='lat' dir='ltr'><strong>id</strong></span> <span class='ocrx_word' id='word_1_611' title='bbox 3221 3855 3306 3900; x_wconf 89' lang='lat' dir='ltr'><strong>cst</strong></span> <span class='ocrx_word' id='word_1_612' title='bbox 3334 3845 3427 3898; x_wconf 87' lang='lat' dir='ltr'><strong>liat</strong></span> 
     </span>
    </p>
   </div>
   <div class='ocr_carea' id='block_1_80' title="bbox 1845 3942 3324 4031">
    <p class='ocr_par' dir='ltr' id='par_1_80' title="bbox 1845 3942 3324 4031">
     <span class='ocr_line' id='line_1_80' title="bbox 1845 3942 3324 4031; baseline -0.014 -19"><span class='ocrx_word' id='word_1_613' title='bbox 1845 3957 1989 4031; x_wconf 84' lang='lat' dir='ltr'><strong>quod</strong></span> <span class='ocrx_word' id='word_1_614' title='bbox 2014 3971 2131 4021; x_wconf 89' lang='lat' dir='ltr'><strong>oro,</strong></span> <span class='ocrx_word' id='word_1_615' title='bbox 2161 3955 2248 4010; x_wconf 87' lang='lat' dir='ltr'><strong>vel</strong></span> <span class='ocrx_word' id='word_1_616' title='bbox 2275 3968 2460 4009; x_wconf 90' lang='lat' dir='ltr'><strong>verum</strong></span> <span class='ocrx_word' id='word_1_617' title='bbox 2493 3960 2577 4007; x_wconf 86' lang='lat' dir='ltr'><strong>est</strong></span> <span class='ocrx_word' id='word_1_618' title='bbox 2599 3949 2741 4020; x_wconf 82' lang='lat' dir='ltr'><strong>quod</strong></span> <span class='ocrx_word' id='word_1_619' title='bbox 2770 3949 3031 4011; x_wconf 77' lang='lat' dir='ltr'><strong>hactenus</strong></span> <span class='ocrx_word' id='word_1_620' title='bbox 3059 3942 3190 4007; x_wconf 84' lang='lat' dir='ltr'><strong>dixi,</strong></span> <span class='ocrx_word' id='word_1_621' title='bbox 3220 3951 3324 3997; x_wconf 88' lang='lat' dir='ltr'><strong>etc.</strong></span> 
     </span>
    </p>
   </div>
   <div class='ocr_carea' id='block_1_81' title="bbox 887 4350 1743 4479">
    <p class='ocr_par' dir='ltr' id='par_1_81' title="bbox 887 4361 1735 4479">
     <span class='ocr_line' id='line_1_81' title="bbox 887 4361 1735 4479; baseline -0.007 -36"><span class='ocrx_word' id='word_1_622' title='bbox 887 4364 994 4443; x_wconf 83' lang='lat' dir='ltr'><strong>IN</strong></span> <span class='ocrx_word' id='word_1_623' title='bbox 1057 4361 1641 4479; x_wconf 84' lang='lat' dir='ltr'><strong>EPISTOLAM</strong></span> <span class='ocrx_word' id='word_1_624' title='bbox 1704 4361 1735 4438; x_wconf 86' lang='lat'>1</span> 
     </span>
    </p>
   </div>
   <div class='ocr_carea' id='block_1_82' title="bbox 1844 4350 2694 4479">
    <p class='ocr_par' dir='ltr' id='par_1_82' title="bbox 1844 4350 2694 4461">
     <span class='ocr_line' id='line_1_82' title="bbox 1844 4350 2694 4461; baseline -0.018 -19"><span class='ocrx_word' id='word_1_625' title='bbox 1844 4357 1973 4443; x_wconf 81' lang='lat' dir='ltr'><strong>AD</strong></span> <span class='ocrx_word' id='word_1_626' title='bbox 2029 4350 2694 4461; x_wconf 73' lang='lat' dir='ltr'><strong>TIMOTHEUM.</strong></span> 
     </span>
    </p>
   </div>
   <div class='ocr_carea' id='block_1_83' title="bbox 700 4610 1211 4669">
    <p class='ocr_par' dir='ltr' id='par_1_83' title="bbox 700 4610 1211 4669">
     <span class='ocr_line' id='line_1_83' title="bbox 700 4610 1211 4669; baseline -0.002 -3"><span class='ocrx_word' id='word_1_627' title='bbox 700 4610 1211 4669; x_wconf 75' lang='lat' dir='ltr'><strong>ABGUMENTUM.</strong></span> 
     </span>
    </p>
   </div>
   <div class='ocr_carea' id='block_1_84' title="bbox 238 4698 1745 4773">
    <p class='ocr_par' dir='ltr' id='par_1_84' title="bbox 238 4698 1745 4773">
     <span class='ocr_line' id='line_1_84' title="bbox 238 4698 1745 4773; baseline -0.005 -12"><span class='ocrx_word' id='word_1_628' title='bbox 238 4704 543 4765; x_wconf 84' lang='lat' dir='ltr'><strong>Secundam</strong></span> <span class='ocrx_word' id='word_1_629' title='bbox 586 4703 880 4773; x_wconf 72' lang='lat' dir='ltr'><strong>Epistolam</strong></span> <span class='ocrx_word' id='word_1_630' title='bbox 910 4703 1193 4759; x_wconf 88' lang='lat' dir='ltr'><strong>Timotheo</strong></span> <span class='ocrx_word' id='word_1_631' title='bbox 1224 4701 1443 4771; x_wconf 89' lang='lat' dir='ltr'><strong>scripsit</strong></span> <span class='ocrx_word' id='word_1_632' title='bbox 1465 4700 1533 4755; x_wconf 79' lang='lat' dir='ltr'><strong>ab</strong></span> <span class='ocrx_word' id='word_1_633' title='bbox 1555 4698 1693 4755; x_wconf 88' lang='lat' dir='ltr'><strong>urbe</strong></span> <span class='ocrx_word' id='word_1_634' title='bbox 1713 4713 1745 4753; x_wconf 89' lang='lat' dir='ltr'><strong>e</strong></span> 
     </span>
    </p>
   </div>
   <div class='ocr_carea' id='block_1_85' title="bbox 160 4789 1742 4864">
    <p class='ocr_par' dir='ltr' id='par_1_85' title="bbox 160 4789 1742 4864">
     <span class='ocr_line' id='line_1_85' title="bbox 160 4789 1742 4864; baseline -0.009 -9"><span class='ocrx_word' id='word_1_635' title='bbox 160 4812 391 4855; x_wconf 86' lang='lat' dir='ltr'><strong>carcere</strong></span> <span class='ocrx_word' id='word_1_636' title='bbox 415 4795 483 4851; x_wconf 90' lang='lat' dir='ltr'><strong>de</strong></span> <span class='ocrx_word' id='word_1_637' title='bbox 511 4793 887 4853; x_wconf 76' lang='lat' dir='ltr'><strong>exhortatione</strong></span> <span class='ocrx_word' id='word_1_638' title='bbox 930 4793 1208 4864; x_wconf 83' lang='lat' dir='ltr'><strong>martyrii,</strong></span> <span class='ocrx_word' id='word_1_639' title='bbox 1251 4799 1308 4846; x_wconf 89' lang='lat' dir='ltr'><strong>et</strong></span> <span class='ocrx_word' id='word_1_640' title='bbox 1342 4790 1472 4861; x_wconf 88' lang='lat' dir='ltr'><strong>quid</strong></span> <span class='ocrx_word' id='word_1_641' title='bbox 1503 4789 1742 4843; x_wconf 90' lang='lat' dir='ltr'><strong>futurum</strong></span> 
     </span>
    </p>
   </div>
   <div class='ocr_carea' id='block_1_86' title="bbox 159 4884 1744 4956">
    <p class='ocr_par' dir='ltr' id='par_1_86' title="bbox 159 4884 1744 4956">
     <span class='ocr_line' id='line_1_86' title="bbox 159 4884 1744 4956; baseline -0.008 -11"><span class='ocrx_word' id='word_1_642' title='bbox 159 4890 237 4947; x_wconf 83' lang='lat' dir='ltr'><strong>sit</strong></span> <span class='ocrx_word' id='word_1_643' title='bbox 292 4887 623 4956; x_wconf 85' lang='lat' dir='ltr'><strong>temporibus</strong></span> <span class='ocrx_word' id='word_1_644' title='bbox 662 4885 991 4950; x_wconf 82' lang='lat' dir='ltr'><strong>novissimis,</strong></span> <span class='ocrx_word' id='word_1_645' title='bbox 1030 4893 1085 4939; x_wconf 92' lang='lat' dir='ltr'><strong>et</strong></span> <span class='ocrx_word' id='word_1_646' title='bbox 1133 4899 1228 4939; x_wconf 89' lang='lat' dir='ltr'><strong>sua</strong></span> <span class='ocrx_word' id='word_1_647' title='bbox 1273 4884 1560 4953; x_wconf 84' lang='lat' dir='ltr'><strong>passione;</strong></span> <span class='ocrx_word' id='word_1_648' title='bbox 1606 4889 1659 4934; x_wconf 90' lang='lat' dir='ltr'><strong>et</strong></span> <span class='ocrx_word' id='word_1_649' title='bbox 1686 4887 1744 4933; x_wconf 88' lang='lat' dir='ltr'><strong>ut</strong></span> 
     </span>
    </p>
   </div>
   <div class='ocr_carea' id='block_1_87' title="bbox 156 4974 1742 5052">
    <p class='ocr_par' dir='ltr' id='par_1_87' title="bbox 156 4974 1742 5052">
     <span class='ocr_line' id='line_1_87' title="bbox 156 4974 1742 5052; baseline -0.007 -16"><span class='ocrx_word' id='word_1_650' title='bbox 156 4985 537 5052; x_wconf 87' lang='lat' dir='ltr'><strong>perseveraret</strong></span> <span class='ocrx_word' id='word_1_651' title='bbox 561 4978 614 5032; x_wconf 91' lang='lat' dir='ltr'><strong>in</strong></span> <span class='ocrx_word' id='word_1_652' title='bbox 638 4977 828 5033; x_wconf 83' lang='lat' dir='ltr'><strong>olliciis</strong></span> <span class='ocrx_word' id='word_1_653' title='bbox 852 4984 1012 5033; x_wconf 76' lang='lat' dir='ltr'><strong>recta:</strong></span> <span class='ocrx_word' id='word_1_654' title='bbox 1031 4974 1453 5047; x_wconf 66' lang='lat' dir='ltr'><strong>praedicationis,</strong></span> <span class='ocrx_word' id='word_1_655' title='bbox 1475 4983 1529 5029; x_wconf 89' lang='lat' dir='ltr'><strong>et</strong></span> <span class='ocrx_word' id='word_1_656' title='bbox 1556 4980 1742 5033; x_wconf 88' lang='lat' dir='ltr'><strong>sancta</strong></span> 
     </span>
    </p>
   </div>
   <div class='ocr_carea' id='block_1_88' title="bbox 157 5071 1699 5145">
    <p class='ocr_par' dir='ltr' id='par_1_88' title="bbox 157 5071 1699 5145">
     <span class='ocr_line' id='line_1_88' title="bbox 157 5071 1699 5145; baseline -0.01 -14"><span class='ocrx_word' id='word_1_657' title='bbox 157 5071 500 5145; x_wconf 81' lang='lat' dir='ltr'><strong>operatione,</strong></span> <span class='ocrx_word' id='word_1_658' title='bbox 531 5077 638 5125; x_wconf 92' lang='lat' dir='ltr'><strong>etc.</strong></span> <span class='ocrx_word' id='word_1_659' title='bbox 1691 5071 1699 5077; x_wconf 84' lang='lat'><strong>&#39;</strong></span> 
     </span>
    </p>
   </div>
   <div class='ocr_carea' id='block_1_89' title="bbox 682 5156 1238 5219">
    <p class='ocr_par' dir='ltr' id='par_1_89' title="bbox 682 5156 1238 5219">
     <span class='ocr_line' id='line_1_89' title="bbox 682 5156 1238 5219; baseline -0.014 0"><span class='ocrx_word' id='word_1_660' title='bbox 682 5158 910 5219; x_wconf 81' lang='lat' dir='ltr'><strong>CAPUT</strong></span> <span class='ocrx_word' id='word_1_661' title='bbox 947 5156 1238 5215; x_wconf 76' lang='lat' dir='ltr'><strong>PRIMUM.</strong></span> 
     </span>
    </p>
   </div>
   <div class='ocr_carea' id='block_1_90' title="bbox 235 5247 1744 5324">
    <p class='ocr_par' dir='ltr' id='par_1_90' title="bbox 235 5247 1744 5324">
     <span class='ocr_line' id='line_1_90' title="bbox 235 5247 1744 5324; baseline -0.007 -14"><span class='ocrx_word' id='word_1_662' title='bbox 235 5253 442 5310; x_wconf 82' lang='lat' dir='ltr'><strong>Paulus</strong></span> <span class='ocrx_word' id='word_1_663' title='bbox 471 5252 757 5324; x_wconf 87' lang='lat' dir='ltr'><strong>apostolus.</strong></span> <span class='ocrx_word' id='word_1_664' title='bbox 803 5252 970 5322; x_wconf 87' lang='lat' dir='ltr'><strong>Cujus</strong></span> <span class='ocrx_word' id='word_1_665' title='bbox 1015 5250 1344 5322; x_wconf 76' lang='lat' dir='ltr'><strong>Apostolus?</strong></span> <span class='ocrx_word' id='word_1_666' title='bbox 1394 5248 1589 5302; x_wconf 80' lang='lat' dir='ltr'><strong>Christi</strong></span> <span class='ocrx_word' id='word_1_667' title='bbox 1616 5247 1744 5302; x_wconf 70' lang='lat' dir='ltr'><strong>Iesu</strong></span> 
     </span>
    </p>
   </div>
   <div class='ocr_carea' id='block_1_91' title="bbox 156 5341 1743 5422">
    <p class='ocr_par' dir='ltr' id='par_1_91' title="bbox 156 5341 1743 5422">
     <span class='ocr_line' id='line_1_91' title="bbox 156 5341 1743 5422; baseline -0.008 -17"><span class='ocrx_word' id='word_1_668' title='bbox 156 5366 257 5422; x_wconf 86' lang='lat' dir='ltr'><strong>per</strong></span> <span class='ocrx_word' id='word_1_669' title='bbox 294 5347 610 5403; x_wconf 81' lang='lat' dir='ltr'><strong>voluntatem</strong></span> <span class='ocrx_word' id='word_1_670' title='bbox 640 5345 736 5400; x_wconf 87' lang='lat' dir='ltr'><strong>Dei</strong></span> <span class='ocrx_word' id='word_1_671' title='bbox 776 5346 985 5412; x_wconf 82' lang='lat' dir='ltr'><strong>Patris,</strong></span> <span class='ocrx_word' id='word_1_672' title='bbox 1028 5345 1311 5403; x_wconf 79' lang='lat' dir='ltr'><strong>secundum</strong></span> <span class='ocrx_word' id='word_1_673' title='bbox 1350 5341 1743 5414; x_wconf 84' lang='lat' dir='ltr'><strong>promissionem</strong></span> 
     </span>
    </p>
   </div>
   <div class='ocr_carea' id='block_1_92' title="bbox 157 5431 1746 5513">
    <p class='ocr_par' dir='ltr' id='par_1_92' title="bbox 157 5431 1746 5513">
     <span class='ocr_line' id='line_1_92' title="bbox 157 5431 1746 5513; baseline -0.008 -16"><span class='ocrx_word' id='word_1_674' title='bbox 157 5443 283 5503; x_wconf 71' lang='lat' dir='ltr'><strong>rita:</strong></span> <span class='ocrx_word' id='word_1_675' title='bbox 317 5457 435 5513; x_wconf 67' lang='lat' dir='ltr'><strong>quae</strong></span> <span class='ocrx_word' id='word_1_676' title='bbox 467 5450 542 5496; x_wconf 88' lang='lat' dir='ltr'><strong>est</strong></span> <span class='ocrx_word' id='word_1_677' title='bbox 580 5440 635 5493; x_wconf 81' lang='lat' dir='ltr'><strong>in</strong></span> <span class='ocrx_word' id='word_1_678' title='bbox 661 5438 867 5494; x_wconf 78' lang='lat' dir='ltr'><strong>Christo</strong></span> <span class='ocrx_word' id='word_1_679' title='bbox 904 5438 1052 5492; x_wconf 83' lang='lat' dir='ltr'><strong>Jesu.</strong></span> <span class='ocrx_word' id='word_1_680' title='bbox 1104 5438 1244 5493; x_wconf 89' lang='lat' dir='ltr'><strong>Deus</strong></span> <span class='ocrx_word' id='word_1_681' title='bbox 1277 5436 1616 5505; x_wconf 83' lang='lat' dir='ltr'><strong>omnipotens</strong></span> <span class='ocrx_word' id='word_1_682' title='bbox 1644 5431 1746 5485; x_wconf 85' lang='lat' dir='ltr'><strong>Pa-</strong></span> 
     </span>
    </p>
   </div>
   <div class='ocr_carea' id='block_1_93' title="bbox 157 5526 1744 5603">
    <p class='ocr_par' dir='ltr' id='par_1_93' title="bbox 157 5526 1744 5603">
     <span class='ocr_line' id='line_1_93' title="bbox 157 5526 1744 5603; baseline -0.009 -12"><span class='ocrx_word' id='word_1_683' title='bbox 157 5546 248 5591; x_wconf 88' lang='lat' dir='ltr'><strong>ter</strong></span> <span class='ocrx_word' id='word_1_684' title='bbox 269 5535 336 5590; x_wconf 89' lang='lat' dir='ltr'><strong>ad</strong></span> <span class='ocrx_word' id='word_1_685' title='bbox 363 5536 465 5591; x_wconf 91' lang='lat' dir='ltr'><strong>hoc</strong></span> <span class='ocrx_word' id='word_1_686' title='bbox 492 5533 660 5589; x_wconf 88' lang='lat' dir='ltr'><strong>voluit</strong></span> <span class='ocrx_word' id='word_1_687' title='bbox 683 5532 808 5603; x_wconf 80' lang='lat' dir='ltr'><strong>eligi</strong></span> <span class='ocrx_word' id='word_1_688' title='bbox 841 5546 937 5602; x_wconf 89' lang='lat' dir='ltr'><strong>per</strong></span> <span class='ocrx_word' id='word_1_689' title='bbox 960 5531 1155 5589; x_wconf 84' lang='lat' dir='ltr'><strong>Filium</strong></span> <span class='ocrx_word' id='word_1_690' title='bbox 1181 5545 1338 5587; x_wconf 89' lang='lat' dir='ltr'><strong>suum</strong></span> <span class='ocrx_word' id='word_1_691' title='bbox 1365 5526 1588 5584; x_wconf 87' lang='lat' dir='ltr'><strong>Paulum</strong></span> <span class='ocrx_word' id='word_1_692' title='bbox 1616 5540 1744 5595; x_wconf 85' lang='lat' dir='ltr'><strong>apo-</strong></span> 
     </span>
    </p>
   </div>
   <div class='ocr_carea' id='block_1_94' title="bbox 158 5617 1742 5695">
    <p class='ocr_par' dir='ltr' id='par_1_94' title="bbox 158 5617 1742 5695">
     <span class='ocr_line' id='line_1_94' title="bbox 158 5617 1742 5695; baseline -0.009 -13"><span class='ocrx_word' id='word_1_693' title='bbox 158 5626 381 5688; x_wconf 87' lang='lat' dir='ltr'><strong>stolum,</strong></span> <span class='ocrx_word' id='word_1_694' title='bbox 419 5636 481 5680; x_wconf 91' lang='lat' dir='ltr'><strong>ut</strong></span> <span class='ocrx_word' id='word_1_695' title='bbox 504 5640 600 5695; x_wconf 91' lang='lat' dir='ltr'><strong>per</strong></span> <span class='ocrx_word' id='word_1_696' title='bbox 623 5625 770 5679; x_wconf 92' lang='lat' dir='ltr'><strong>illum</strong></span> <span class='ocrx_word' id='word_1_697' title='bbox 796 5624 1141 5678; x_wconf 87' lang='lat' dir='ltr'><strong>annuntiaret</strong></span> <span class='ocrx_word' id='word_1_698' title='bbox 1177 5620 1589 5694; x_wconf 88' lang='lat' dir='ltr'><strong>promissionem</strong></span> <span class='ocrx_word' id='word_1_699' title='bbox 1618 5617 1742 5671; x_wconf 68' lang='lat' dir='ltr'><strong>vita:</strong></span> 
     </span>
    </p>
   </div>
   <div class='ocr_carea' id='block_1_95' title="bbox 159 5708 1744 5786">
    <p class='ocr_par' dir='ltr' id='par_1_95' title="bbox 159 5708 1744 5786">
     <span class='ocr_line' id='line_1_95' title="bbox 159 5708 1744 5786; baseline -0.007 -16"><span class='ocrx_word' id='word_1_700' title='bbox 159 5725 404 5782; x_wconf 61' lang='lat' dir='ltr'><strong>aeternas,</strong></span> <span class='ocrx_word' id='word_1_701' title='bbox 442 5731 562 5786; x_wconf 62' lang='lat' dir='ltr'><strong>quae</strong></span> <span class='ocrx_word' id='word_1_702' title='bbox 593 5724 676 5770; x_wconf 85' lang='lat' dir='ltr'><strong>est</strong></span> <span class='ocrx_word' id='word_1_703' title='bbox 700 5715 753 5768; x_wconf 91' lang='lat' dir='ltr'><strong>in</strong></span> <span class='ocrx_word' id='word_1_704' title='bbox 780 5714 995 5770; x_wconf 87' lang='lat' dir='ltr'><strong>Christo</strong></span> <span class='ocrx_word' id='word_1_705' title='bbox 1032 5712 1179 5778; x_wconf 80' lang='lat' dir='ltr'><strong>Jesu,</strong></span> <span class='ocrx_word' id='word_1_706' title='bbox 1228 5713 1280 5766; x_wconf 89' lang='lat' dir='ltr'><strong>id</strong></span> <span class='ocrx_word' id='word_1_707' title='bbox 1308 5719 1392 5766; x_wconf 90' lang='lat' dir='ltr'><strong>est</strong></span> <span class='ocrx_word' id='word_1_708' title='bbox 1433 5724 1553 5779; x_wconf 63' lang='lat' dir='ltr'><strong>quae</strong></span> <span class='ocrx_word' id='word_1_709' title='bbox 1583 5708 1744 5761; x_wconf 88' lang='lat' dir='ltr'><strong>datur</strong></span> 
     </span>
    </p>
   </div>
   <div class='ocr_carea' id='block_1_96' title="bbox 162 5805 1742 5885">
    <p class='ocr_par' dir='ltr' id='par_1_96' title="bbox 162 5805 1742 5885">
     <span class='ocr_line' id='line_1_96' title="bbox 162 5805 1742 5885; baseline -0.008 -21"><span class='ocrx_word' id='word_1_710' title='bbox 162 5822 266 5885; x_wconf 83' lang='lat' dir='ltr'><strong>per</strong></span> <span class='ocrx_word' id='word_1_711' title='bbox 290 5807 445 5865; x_wconf 79' lang='lat' dir='ltr'><strong>ﬁdem</strong></span> <span class='ocrx_word' id='word_1_712' title='bbox 474 5809 668 5865; x_wconf 86' lang='lat' dir='ltr'><strong>Christi</strong></span> <span class='ocrx_word' id='word_1_713' title='bbox 707 5806 833 5864; x_wconf 82' lang='lat' dir='ltr'><strong>Jesu</strong></span> <span class='ocrx_word' id='word_1_714' title='bbox 861 5806 1064 5863; x_wconf 88' lang='lat' dir='ltr'><strong>electis.</strong></span> <span class='ocrx_word' id='word_1_715' title='bbox 1098 5806 1218 5862; x_wconf 78' lang='lat' dir='ltr'><strong>Vita</strong></span> <span class='ocrx_word' id='word_1_716' title='bbox 1250 5805 1392 5861; x_wconf 86' lang='lat' dir='ltr'><strong>enim</strong></span> <span class='ocrx_word' id='word_1_717' title='bbox 1414 5811 1612 5859; x_wconf 80' lang='lat' dir='ltr'><strong>aeterna</strong></span> <span class='ocrx_word' id='word_1_718' title='bbox 1646 5814 1742 5873; x_wconf 77' lang='lat' dir='ltr'><strong>per</strong></span> 
     </span>
    </p>
   </div>
   <div class='ocr_carea' id='block_1_97' title="bbox 1772 4590 3427 4672">
    <p class='ocr_par' dir='ltr' id='par_1_97' title="bbox 1772 4590 3427 4672">
     <span class='ocr_line' id='line_1_97' title="bbox 1772 4590 3427 4672; baseline -0.008 -12"><span class='ocrx_word' id='word_1_719' title='bbox 1772 4612 1820 4672; x_wconf 83' lang='lat' dir='ltr'><strong>D</strong></span> <span class='ocrx_word' id='word_1_720' title='bbox 1847 4603 2123 4661; x_wconf 91' lang='lat' dir='ltr'><strong>Christum</strong></span> <span class='ocrx_word' id='word_1_721' title='bbox 2153 4601 2329 4664; x_wconf 81' lang='lat' dir='ltr'><strong>datur,</strong></span> <span class='ocrx_word' id='word_1_722' title='bbox 2356 4597 2479 4670; x_wconf 88' lang='lat' dir='ltr'><strong>quia</strong></span> <span class='ocrx_word' id='word_1_723' title='bbox 2513 4596 2568 4654; x_wconf 86' lang='lat' dir='ltr'><strong>in</strong></span> <span class='ocrx_word' id='word_1_724' title='bbox 2595 4593 2685 4652; x_wconf 93' lang='lat' dir='ltr'><strong>illo</strong></span> <span class='ocrx_word' id='word_1_725' title='bbox 2713 4590 2991 4657; x_wconf 86' lang='lat' dir='ltr'><strong>consistit,</strong></span> <span class='ocrx_word' id='word_1_726' title='bbox 3040 4590 3183 4647; x_wconf 87' lang='lat' dir='ltr'><strong>sicut</strong></span> <span class='ocrx_word' id='word_1_727' title='bbox 3208 4590 3323 4659; x_wconf 89' lang='lat' dir='ltr'><strong>ipse</strong></span> <span class='ocrx_word' id='word_1_728' title='bbox 3345 4591 3427 4646; x_wconf 83' lang='lat' dir='ltr'><strong>di-</strong></span> 
     </span>
    </p>
   </div>
   <div class='ocr_carea' id='block_1_98' title="bbox 1847 4680 3421 4764">
    <p class='ocr_par' dir='ltr' id='par_1_98' title="bbox 1847 4680 3421 4764">
     <span class='ocr_line' id='line_1_98' title="bbox 1847 4680 3421 4764; baseline -0.008 -13"><span class='ocrx_word' id='word_1_729' title='bbox 1847 4696 1959 4759; x_wconf 83' lang='lat' dir='ltr'><strong>cit:</strong></span> <span class='ocrx_word' id='word_1_730' title='bbox 2012 4692 2126 4764; x_wconf 84' lang='lat' dir='ltr'><strong>Ego</strong></span> <span class='ocrx_word' id='word_1_731' title='bbox 2165 4708 2282 4747; x_wconf 89' lang='lat' dir='ltr'><strong>sum</strong></span> <span class='ocrx_word' id='word_1_732' title='bbox 2313 4691 2421 4755; x_wconf 81' lang='lat' dir='ltr'><strong>via,</strong></span> <span class='ocrx_word' id='word_1_733' title='bbox 2462 4688 2651 4744; x_wconf 78' lang='lat' dir='ltr'><strong>veritas</strong></span> <span class='ocrx_word' id='word_1_734' title='bbox 2695 4694 2743 4740; x_wconf 89' lang='lat' dir='ltr'><strong>et</strong></span> <span class='ocrx_word' id='word_1_735' title='bbox 2784 4685 2890 4739; x_wconf 83' lang='lat' dir='ltr'><strong>vita</strong></span> <span class='ocrx_word' id='word_1_736' title='bbox 2925 4682 3104 4753; x_wconf 84' lang='lat' dir='ltr'><strong>(Joan.</strong></span> <span class='ocrx_word' id='word_1_737' title='bbox 3130 4680 3280 4753; x_wconf 71' lang='lat' dir='ltr'><strong>xxv);</strong></span> <span class='ocrx_word' id='word_1_738' title='bbox 3328 4690 3421 4738; x_wconf 85' lang='lat' dir='ltr'><strong>et:</strong></span> 
     </span>
    </p>
   </div>
   <div class='ocr_carea' id='block_1_99' title="bbox 1849 4774 3433 4851">
    <p class='ocr_par' dir='ltr' id='par_1_99' title="bbox 1849 4774 3433 4851">
     <span class='ocr_line' id='line_1_99' title="bbox 1849 4774 3433 4851; baseline -0.01 -8"><span class='ocrx_word' id='word_1_739' title='bbox 1849 4787 1979 4843; x_wconf 67' lang='lat' dir='ltr'><strong>Haec</strong></span> <span class='ocrx_word' id='word_1_740' title='bbox 2003 4795 2079 4841; x_wconf 90' lang='lat' dir='ltr'><strong>est</strong></span> <span class='ocrx_word' id='word_1_741' title='bbox 2100 4788 2205 4840; x_wconf 79' lang='lat' dir='ltr'><strong>vita</strong></span> <span class='ocrx_word' id='word_1_742' title='bbox 2231 4793 2425 4839; x_wconf 69' lang='lat' dir='ltr'><strong>(eterna</strong></span> <span class='ocrx_word' id='word_1_743' title='bbox 2447 4790 2501 4835; x_wconf 86' lang='lat' dir='ltr'><strong>ut</strong></span> <span class='ocrx_word' id='word_1_744' title='bbox 2529 4786 2842 4851; x_wconf 83' lang='lat' dir='ltr'><strong>cognoscant</strong></span> <span class='ocrx_word' id='word_1_745' title='bbox 2867 4786 2936 4842; x_wconf 89' lang='lat' dir='ltr'><strong>te,</strong></span> <span class='ocrx_word' id='word_1_746' title='bbox 2967 4784 3013 4829; x_wconf 85' lang='lat' dir='ltr'><strong>et</strong></span> <span class='ocrx_word' id='word_1_747' title='bbox 3039 4790 3191 4846; x_wconf 85' lang='lat' dir='ltr'><strong>quem</strong></span> <span class='ocrx_word' id='word_1_748' title='bbox 3232 4774 3433 4829; x_wconf 63' lang='lat' dir='ltr'><strong>misisti</strong></span> 
     </span>
    </p>
   </div>
   <div class='ocr_carea' id='block_1_100' title="bbox 1846 4868 3421 4941">
    <p class='ocr_par' dir='ltr' id='par_1_100' title="bbox 1846 4868 3421 4941">
     <span class='ocr_line' id='line_1_100' title="bbox 1846 4868 3421 4941; baseline -0.011 -6"><span class='ocrx_word' id='word_1_749' title='bbox 1846 4878 2026 4941; x_wconf 79' lang='lat' dir='ltr'><strong>Jesum</strong></span> <span class='ocrx_word' id='word_1_750' title='bbox 2058 4876 2324 4931; x_wconf 85' lang='lat' dir='ltr'><strong>Christum</strong></span> <span class='ocrx_word' id='word_1_751' title='bbox 2342 4915 2358 4941; x_wconf 96' lang='lat'><strong>,</strong></span> <span class='ocrx_word' id='word_1_752' title='bbox 2387 4889 2551 4929; x_wconf 90' lang='lat' dir='ltr'><strong>unum</strong></span> <span class='ocrx_word' id='word_1_753' title='bbox 2582 4880 2636 4927; x_wconf 88' lang='lat' dir='ltr'><strong>et</strong></span> <span class='ocrx_word' id='word_1_754' title='bbox 2664 4886 2838 4926; x_wconf 77' lang='lat' dir='ltr'><strong>rerum</strong></span> <span class='ocrx_word' id='word_1_755' title='bbox 2866 4868 3033 4925; x_wconf 87' lang='lat' dir='ltr'><strong>Deum</strong></span> <span class='ocrx_word' id='word_1_756' title='bbox 3056 4868 3237 4938; x_wconf 84' lang='lat' dir='ltr'><strong>(Joan.</strong></span> <span class='ocrx_word' id='word_1_757' title='bbox 3264 4870 3421 4936; x_wconf 78' lang='lat' dir='ltr'><strong>xvu),</strong></span> 
     </span>
    </p>
   </div>
   <div class='ocr_carea' id='block_1_101' title="bbox 1921 4962 3424 5035">
    <p class='ocr_par' dir='ltr' id='par_1_101' title="bbox 1921 4962 3424 5035">
     <span class='ocr_line' id='line_1_101' title="bbox 1921 4962 3424 5035; baseline -0.009 -9"><span class='ocrx_word' id='word_1_758' title='bbox 1921 4971 2187 5027; x_wconf 86' lang='lat' dir='ltr'><strong>Timotheo</strong></span> <span class='ocrx_word' id='word_1_759' title='bbox 2236 4969 2542 5029; x_wconf 76' lang='lat' dir='ltr'><strong>charissima</strong></span> <span class='ocrx_word' id='word_1_760' title='bbox 2572 4966 2711 5035; x_wconf 81' lang='lat' dir='ltr'><strong>ﬁlio,</strong></span> <span class='ocrx_word' id='word_1_761' title='bbox 2750 4965 2803 5018; x_wconf 90' lang='lat' dir='ltr'><strong>in</strong></span> <span class='ocrx_word' id='word_1_762' title='bbox 2829 4964 3018 5019; x_wconf 64' lang='lat' dir='ltr'><strong>Graeco</strong></span> <span class='ocrx_word' id='word_1_763' title='bbox 3044 4962 3275 5016; x_wconf 88' lang='lat' dir='ltr'><strong>habetur</strong></span> <span class='ocrx_word' id='word_1_764' title='bbox 3303 4975 3424 5030; x_wconf 81' lang='lat' dir='ltr'><strong>ger-</strong></span> 
     </span>
    </p>
   </div>
   <div class='ocr_carea' id='block_1_102' title="bbox 1846 5052 3425 5129">
    <p class='ocr_par' dir='ltr' id='par_1_102' title="bbox 1846 5052 3425 5129">
     <span class='ocr_line' id='line_1_102' title="bbox 1846 5052 3425 5129; baseline -0.01 -10"><span class='ocrx_word' id='word_1_765' title='bbox 1846 5062 2161 5119; x_wconf 87' lang='lat' dir='ltr'><strong>manissimo</strong></span> <span class='ocrx_word' id='word_1_766' title='bbox 2191 5059 2379 5125; x_wconf 80' lang='lat' dir='ltr'><strong>fratri;</strong></span> <span class='ocrx_word' id='word_1_767' title='bbox 2409 5057 2608 5129; x_wconf 88' lang='lat' dir='ltr'><strong>gratias</strong></span> <span class='ocrx_word' id='word_1_768' title='bbox 2633 5073 2732 5126; x_wconf 87' lang='lat' dir='ltr'><strong>ago</strong></span> <span class='ocrx_word' id='word_1_769' title='bbox 2762 5055 2870 5109; x_wconf 89' lang='lat' dir='ltr'><strong>Deo</strong></span> <span class='ocrx_word' id='word_1_770' title='bbox 2897 5068 3041 5118; x_wconf 91' lang='lat' dir='ltr'><strong>meo,</strong></span> <span class='ocrx_word' id='word_1_771' title='bbox 3089 5053 3173 5113; x_wconf 81' lang='lat' dir='ltr'><strong>cui</strong></span> <span class='ocrx_word' id='word_1_772' title='bbox 3200 5052 3362 5109; x_wconf 80' lang='lat' dir='ltr'><strong>servio</strong></span> <span class='ocrx_word' id='word_1_773' title='bbox 3392 5067 3425 5104; x_wconf 79' lang='grc' dir='ltr'><em>α</em></span> 
     </span>
    </p>
   </div>
   <div class='ocr_carea' id='block_1_103' title="bbox 1844 5142 3425 5225">
    <p class='ocr_par' dir='ltr' id='par_1_103' title="bbox 1844 5142 3425 5225">
     <span class='ocr_line' id='line_1_103' title="bbox 1844 5142 3425 5225; baseline -0.005 -19"><span class='ocrx_word' id='word_1_774' title='bbox 1844 5151 2279 5225; x_wconf 83' lang='lat' dir='ltr'><strong>progenitoribus,</strong></span> <span class='ocrx_word' id='word_1_775' title='bbox 2321 5151 2435 5205; x_wconf 90' lang='lat' dir='ltr'><strong>sive</strong></span> <span class='ocrx_word' id='word_1_776' title='bbox 2483 5165 2513 5204; x_wconf 90' lang='lat' dir='ltr'><strong>a</strong></span> <span class='ocrx_word' id='word_1_777' title='bbox 2557 5147 2802 5220; x_wconf 89' lang='lat' dir='ltr'><strong>patribus</strong></span> <span class='ocrx_word' id='word_1_778' title='bbox 2847 5145 3000 5208; x_wconf 89' lang='lat' dir='ltr'><strong>meis,</strong></span> <span class='ocrx_word' id='word_1_779' title='bbox 3030 5146 3086 5198; x_wconf 88' lang='lat' dir='ltr'><strong>in</strong></span> <span class='ocrx_word' id='word_1_780' title='bbox 3111 5142 3425 5201; x_wconf 73' lang='lat' dir='ltr'><strong>conscientia</strong></span> 
     </span>
    </p>
   </div>
   <div class='ocr_carea' id='block_1_104' title="bbox 1843 5234 3424 5314">
    <p class='ocr_par' dir='ltr' id='par_1_104' title="bbox 1843 5234 3424 5314">
     <span class='ocr_line' id='line_1_104' title="bbox 1843 5234 3424 5314; baseline -0.008 -17"><span class='ocrx_word' id='word_1_781' title='bbox 1843 5260 2001 5314; x_wconf 87' lang='lat' dir='ltr'><strong>pura,</strong></span> <span class='ocrx_word' id='word_1_782' title='bbox 2046 5241 2097 5297; x_wconf 91' lang='lat' dir='ltr'><strong>id</strong></span> <span class='ocrx_word' id='word_1_783' title='bbox 2121 5250 2207 5296; x_wconf 90' lang='lat' dir='ltr'><strong>est</strong></span> <span class='ocrx_word' id='word_1_784' title='bbox 2232 5242 2284 5294; x_wconf 91' lang='lat' dir='ltr'><strong>in</strong></span> <span class='ocrx_word' id='word_1_785' title='bbox 2316 5247 2497 5295; x_wconf 87' lang='lat' dir='ltr'><strong>mente</strong></span> <span class='ocrx_word' id='word_1_786' title='bbox 2543 5254 2677 5309; x_wconf 90' lang='lat' dir='ltr'><strong>pura</strong></span> <span class='ocrx_word' id='word_1_787' title='bbox 2722 5237 2790 5290; x_wconf 89' lang='lat' dir='ltr'><strong>ab</strong></span> <span class='ocrx_word' id='word_1_788' title='bbox 2818 5235 2963 5289; x_wconf 92' lang='lat' dir='ltr'><strong>omni</strong></span> <span class='ocrx_word' id='word_1_789' title='bbox 3009 5234 3223 5289; x_wconf 86' lang='lat' dir='ltr'><strong>ﬁctione</strong></span> <span class='ocrx_word' id='word_1_790' title='bbox 3251 5241 3305 5286; x_wconf 81' lang='lat' dir='ltr'><strong>et</strong></span> <span class='ocrx_word' id='word_1_791' title='bbox 3348 5234 3424 5291; x_wconf 80' lang='lat' dir='ltr'><strong>si-</strong></span> 
     </span>
    </p>
   </div>
   <div class='ocr_carea' id='block_1_105' title="bbox 1846 5323 3422 5403">
    <p class='ocr_par' dir='ltr' id='par_1_105' title="bbox 1846 5323 3422 5403">
     <span class='ocr_line' id='line_1_105' title="bbox 1846 5323 3422 5403; baseline -0.01 -12"><span class='ocrx_word' id='word_1_792' title='bbox 1846 5336 2158 5399; x_wconf 88' lang='lat' dir='ltr'><strong>mulatione,</strong></span> <span class='ocrx_word' id='word_1_793' title='bbox 2197 5333 2338 5403; x_wconf 88' lang='lat' dir='ltr'><strong>quod</strong></span> <span class='ocrx_word' id='word_1_794' title='bbox 2362 5332 2478 5393; x_wconf 88' lang='lat' dir='ltr'><strong>sine</strong></span> <span class='ocrx_word' id='word_1_795' title='bbox 2512 5328 2908 5387; x_wconf 87' lang='lat' dir='ltr'><strong>intermissione</strong></span> <span class='ocrx_word' id='word_1_796' title='bbox 2943 5325 3168 5380; x_wconf 79' lang='lat' dir='ltr'><strong>habeam</strong></span> <span class='ocrx_word' id='word_1_797' title='bbox 3200 5323 3273 5377; x_wconf 90' lang='lat' dir='ltr'><strong>tui</strong></span> <span class='ocrx_word' id='word_1_798' title='bbox 3307 5338 3422 5376; x_wconf 90' lang='lat' dir='ltr'><strong>me-</strong></span> 
     </span>
    </p>
   </div>
   <div class='ocr_carea' id='block_1_106' title="bbox 1846 5413 3424 5491">
    <p class='ocr_par' dir='ltr' id='par_1_106' title="bbox 1846 5413 3424 5491">
     <span class='ocr_line' id='line_1_106' title="bbox 1846 5413 3424 5491; baseline -0.01 -11"><span class='ocrx_word' id='word_1_799' title='bbox 1846 5426 2095 5481; x_wconf 89' lang='lat' dir='ltr'><strong>moriam.</strong></span> <span class='ocrx_word' id='word_1_800' title='bbox 2145 5422 2369 5491; x_wconf 86' lang='lat' dir='ltr'><strong>Quidam</strong></span> <span class='ocrx_word' id='word_1_801' title='bbox 2399 5421 2615 5476; x_wconf 86' lang='lat' dir='ltr'><strong>codices</strong></span> <span class='ocrx_word' id='word_1_802' title='bbox 2658 5419 2898 5472; x_wconf 89' lang='lat' dir='ltr'><strong>habent:</strong></span> <span class='ocrx_word' id='word_1_803' title='bbox 2923 5430 3085 5485; x_wconf 89' lang='lat' dir='ltr'><strong>quam</strong></span> <span class='ocrx_word' id='word_1_804' title='bbox 3115 5415 3232 5467; x_wconf 90' lang='lat' dir='ltr'><strong>sine</strong></span> <span class='ocrx_word' id='word_1_805' title='bbox 3262 5413 3424 5467; x_wconf 45' lang='lat' dir='ltr'><strong>inter?</strong></span> 
     </span>
    </p>
   </div>
   <div class='ocr_carea' id='block_1_107' title="bbox 1848 5503 3422 5579">
    <p class='ocr_par' dir='ltr' id='par_1_107' title="bbox 1848 5503 3422 5579">
     <span class='ocr_line' id='line_1_107' title="bbox 1848 5503 3422 5579; baseline -0.013 -7"><span class='ocrx_word' id='word_1_806' title='bbox 1848 5516 2123 5579; x_wconf 87' lang='lat' dir='ltr'><strong>missione,</strong></span> <span class='ocrx_word' id='word_1_807' title='bbox 2151 5513 2246 5570; x_wconf 87' lang='lat' dir='ltr'><strong>sed</strong></span> <span class='ocrx_word' id='word_1_808' title='bbox 2274 5511 2466 5568; x_wconf 91' lang='lat' dir='ltr'><strong>melius</strong></span> <span class='ocrx_word' id='word_1_809' title='bbox 2486 5518 2570 5566; x_wconf 91' lang='lat' dir='ltr'><strong>est</strong></span> <span class='ocrx_word' id='word_1_810' title='bbox 2603 5508 2783 5565; x_wconf 91' lang='lat' dir='ltr'><strong>dicere</strong></span> <span class='ocrx_word' id='word_1_811' title='bbox 2810 5505 2952 5577; x_wconf 88' lang='lat' dir='ltr'><strong>quod</strong></span> <span class='ocrx_word' id='word_1_812' title='bbox 2976 5505 3200 5573; x_wconf 78' lang='lat' dir='ltr'><strong>legimus</strong></span> <span class='ocrx_word' id='word_1_813' title='bbox 3230 5503 3283 5557; x_wconf 90' lang='lat' dir='ltr'><strong>in</strong></span> <span class='ocrx_word' id='word_1_814' title='bbox 3312 5503 3422 5558; x_wconf 47' lang='lat' dir='ltr'><strong>Ges</strong></span> 
     </span>
    </p>
   </div>
   <div class='ocr_carea' id='block_1_108' title="bbox 1848 5596 3431 5678">
    <p class='ocr_par' dir='ltr' id='par_1_108' title="bbox 1848 5596 3431 5678">
     <span class='ocr_line' id='line_1_108' title="bbox 1848 5596 3431 5678; baseline -0.008 -15"><span class='ocrx_word' id='word_1_815' title='bbox 1848 5608 1961 5663; x_wconf 89' lang='lat' dir='ltr'><strong>nesi</strong></span> <span class='ocrx_word' id='word_1_816' title='bbox 2014 5607 2151 5678; x_wconf 87' lang='lat' dir='ltr'><strong>(cap.</strong></span> <span class='ocrx_word' id='word_1_817' title='bbox 2189 5604 2336 5675; x_wconf 79' lang='lat' dir='ltr'><strong>xw),</strong></span> <span class='ocrx_word' id='word_1_818' title='bbox 2392 5602 2536 5673; x_wconf 90' lang='lat' dir='ltr'><strong>quod</strong></span> <span class='ocrx_word' id='word_1_819' title='bbox 2562 5602 2835 5663; x_wconf 76' lang='lat' dir='ltr'><strong>Abraham</strong></span> <span class='ocrx_word' id='word_1_820' title='bbox 2888 5606 3191 5655; x_wconf 83' lang='lat' dir='ltr'><strong>revertente</strong></span> <span class='ocrx_word' id='word_1_821' title='bbox 3221 5613 3250 5651; x_wconf 89' lang='lat' dir='ltr'><strong>a</strong></span> <span class='ocrx_word' id='word_1_822' title='bbox 3277 5596 3431 5651; x_wconf 80' lang='lat' dir='ltr'><strong>caedo</strong></span> 
     </span>
    </p>
   </div>
   <div class='ocr_carea' id='block_1_109' title="bbox 1848 5688 3425 5772">
    <p class='ocr_par' dir='ltr' id='par_1_109' title="bbox 1848 5688 3425 5772">
     <span class='ocr_line' id='line_1_109' title="bbox 1848 5688 3425 5772; baseline -0.008 -18"><span class='ocrx_word' id='word_1_823' title='bbox 1848 5709 2077 5772; x_wconf 84' lang='lat' dir='ltr'><strong>quatuor</strong></span> <span class='ocrx_word' id='word_1_824' title='bbox 2103 5713 2308 5769; x_wconf 76' lang='lat' dir='ltr'><strong>regum,</strong></span> <span class='ocrx_word' id='word_1_825' title='bbox 2325 5696 2628 5752; x_wconf 82' lang='lat' dir='ltr'><strong>occurrerit</strong></span> <span class='ocrx_word' id='word_1_826' title='bbox 2654 5694 2703 5748; x_wconf 88' lang='lat' dir='ltr'><strong>ei</strong></span> <span class='ocrx_word' id='word_1_827' title='bbox 2732 5692 3142 5755; x_wconf 84' lang='lat' dir='ltr'><strong>Melchisedech,</strong></span> <span class='ocrx_word' id='word_1_828' title='bbox 3169 5688 3425 5745; x_wconf 73' lang='lat' dir='ltr'><strong>sa‘cerdos</strong></span> 
     </span>
    </p>
   </div>
   <div class='ocr_carea' id='block_1_110' title="bbox 1849 5786 3390 5871">
    <p class='ocr_par' dir='ltr' id='par_1_110' title="bbox 1849 5786 3390 5871">
     <span class='ocr_line' id='line_1_110' title="bbox 1849 5786 3390 5871; baseline -0.012 -14"><span class='ocrx_word' id='word_1_829' title='bbox 1849 5796 1941 5857; x_wconf 84' lang='lat' dir='ltr'><strong>Dei</strong></span> <span class='ocrx_word' id='word_1_830' title='bbox 1974 5798 2188 5865; x_wconf 88' lang='lat' dir='ltr'><strong>summi,</strong></span> <span class='ocrx_word' id='word_1_831' title='bbox 2218 5807 2273 5853; x_wconf 91' lang='lat' dir='ltr'><strong>et</strong></span> <span class='ocrx_word' id='word_1_832' title='bbox 2299 5794 2552 5854; x_wconf 86' lang='lat' dir='ltr'><strong>obtulerit</strong></span> <span class='ocrx_word' id='word_1_833' title='bbox 2580 5793 2625 5848; x_wconf 86' lang='lat' dir='ltr'><strong>ei</strong></span> <span class='ocrx_word' id='word_1_834' title='bbox 2646 5807 2839 5871; x_wconf 86' lang='lat' dir='ltr'><strong>panem</strong></span> <span class='ocrx_word' id='word_1_835' title='bbox 2853 5800 2907 5847; x_wconf 89' lang='lat' dir='ltr'><strong>et</strong></span> <span class='ocrx_word' id='word_1_836' title='bbox 2922 5791 3119 5855; x_wconf 82' lang='lat' dir='ltr'><strong>vinum,</strong></span> <span class='ocrx_word' id='word_1_837' title='bbox 3135 5787 3219 5845; x_wconf 90' lang='lat' dir='ltr'><strong>cui</strong></span> <span class='ocrx_word' id='word_1_838' title='bbox 3245 5786 3390 5850; x_wconf 76' lang='lat' dir='ltr'><strong>Abta</strong></span> 
     </span>
    </p>
   </div>
  </div>
