3952 6340
541 374 646 430 799

1045 363 1395 426 llAYMONlS
1430 359 1907 422 HALBERSTAT‘.
1948 362 2165 422 EPISC.
2205 361 2356 420 OPP.
2396 360 2574 416 PARS
2610 361 2651 416 Ι.
2684 390 2751 402 —
2789 359 3144 418 COMMENT.
3185 359 3353 416 BlBL.
3700 364 3786 420 800

544 487 676 539 ham‘
723 482 870 537 dedit
917 480 1152 536 decimas
1197 480 1264 534 de
1299 477 1492 549 praedis
1539 480 1780 533 omnium
1844 479 2116 540 hostium;
2147 478 2195 538 Α
2223 483 2306 529 est
2338 473 2686 540 fortitudinis,
2741 485 2799 530 ut
2826 457 3138 532 constanter
3168 477 3555 532 annuntiemur
3586 478 3784 532 verbum

542 582 598 626 et
626 571 757 626 dicit
805 571 945 626 idem
993 568 1190 623 Paulus
1236 569 1510 638 apostolus
1553 569 1606 622 ln
1638 569 1865 639 epistola
1911 568 1980 622 ad
2017 566 2122 622 lle-

542 660 738 724 lmeos,
769 661 911 728 quod
951 657 1096 724 Levi,
1127 659 1220 727 qui
1262 659 1497 714 decimas
1535 659 1742 728 accepit
1787 675 1816 712 a
1865 657 2122 712 fratribus

542 753 674 814 suis,
706 753 817 820 ipse
842 751 1139 805 decimatus
1168 759 1250 804 est
1278 751 1329 804 in
1359 765 1560 820 proavo
1588 767 1684 805 suo
1700 749 1992 804 Abraham.
2021 749 2124 804 Ad-

545 844 647 897 huc
675 843 816 896 enim
840 844 892 896 in
917 843 1111 898 lumbis
1138 851 1257 896 erat
1277 843 1524 906 Abrahae,
1546 844 1760 912 quando
1777 843 2010 897 decimas
2031 842 2123 897 de-

541 931 620 984 dit
673 931 1062 986 Melchisedech
1123 933 1410 986 sacerdoti.
1473 932 1625 987 Unde
1672 931 2120 987 considerandum

540 1031 642 1084 est,
689 1023 810 1090 quia
845 1022 984 1076 sicut
1011 1022 1137 1075 Levi
1169 1023 1220 1076 in
1247 1037 1448 1092 proavo
1477 1037 1574 1076 suo
1597 1022 1892 1076 deeimatus
1911 1029 2016 1084 est,
2047 1020 2120 1074 ita

540 1114 826 1182 Apostolus
851 1115 902 1168 in
919 1115 1214 1179 Abraham,
1236 1114 1407 1179 Isaac,
1422 1123 1477 1168 et
1498 1112 1685 1179 Jacob,
1707 1114 1934 1184 aliisque
1954 1113 2123 1182 patri-

540 1207 642 1259 bus
669 1206 777 1259 Deo
805 1207 1043 1260 servivit.
1077 1206 1146 1259 Et
1169 1207 1272 1261 hoc
1299 1214 1380 1261 est
1409 1206 1547 1276 quod
1573 1207 1706 1261 dicit
1731 1223 1745 1259 :
1781 1205 1992 1259 Gratias
2022 1222 2120 1276 ago

541 1297 651 1351 Deo
685 1313 804 1351 meo
835 1299 918 1350 cui
939 1299 1102 1351 servio
1129 1316 1159 1352 a
1183 1299 1596 1369 progenitoribus
1625 1299 1776 1353 meis.
1807 1298 1920 1353 Hoc
1939 1306 2118 1353 autem

542 1386 663 1440 ideo
703 1387 832 1441 dicit
881 1396 940 1440 ut
988 1389 1234 1442 ostendat
1282 1389 1524 1443 eamdem
1564 1389 1724 1444 [idem
1767 1390 2022 1445 habuisse
2061 1398 2122 1444 ut

540 1486 752 1531 veteres
802 1485 984 1545 patres
1027 1478 1118 1546 qui
1148 1479 1358 1533 Domini
1391 1478 1679 1534 adventum
1705 1488 2116 1550 praecesserunt,

541 1579 703 1633 quam
730 1566 962 1620 habebat
995 1566 1108 1637 ipse
1137 1567 1333 1636 aliique
1355 1569 1613 1638 apostoli,
1647 1578 1701 1624 et
1729 1571 1797 1625 ab
1827 1571 1930 1625 illis
1953 1571 2120 1640 patri-

539 1657 641 1711 bus
665 1658 940 1712 descendit
977 1659 1042 1712 ad
1071 1660 1357 1729 apostolos,
1400 1669 1454 1715 et
1485 1661 1552 1716 ab
1579 1661 1700 1716 aliis
1731 1663 1798 1717 ad
1827 1677 1945 1728 nos,
1978 1664 2118 1719 sicut

539 1755 596 1801 et
621 1763 649 1801 a
680 1749 834 1803 nobis
865 1749 1145 1804 descendit
1173 1751 1240 1804 ad
1263 1751 1382 1806 illos
1414 1752 1506 1821 qui
1545 1751 1712 1807 futuri
1756 1763 1901 1808 sunt.
1933 1753 2120 1810 Refert

2226 567 2346 622 fidei
2375 577 2428 622 et
2446 569 2765 630 dilectionis,
2797 579 2855 622 ut
2876 567 3160 639 diligamus
3187 569 3354 624 Deum
3380 577 3436 624 et
3464 569 3784 640 proximum;

2223 668 2270 712 et
2321 659 2635 725 sobrietatis,
2695 667 2755 713 ut
2783 659 2836 714 in
2887 659 3136 715 omnibus
3188 660 3369 714 sobrie
3417 668 3474 715 et
3513 667 3786 730 temperate

2225 763 2468 816 agamus.

2297 839 2422 893 Noli
2449 841 2623 910 itaque
2648 840 2946 894 erubescere
2983 840 3333 895 testimonium
3384 839 3598 896 Domini
3627 851 3783 894 nostri.

2222 931 2390 985 Erant
2416 931 2632 1000 quidam
2669 931 2759 986 illo
2800 940 3038 1001 tempore
3067 933 3160 1001 qui
3188 934 3586 988 erubescebant
3631 934 3785 988 dicere

2222 1021 2493 1076 Christum
2523 1036 2644 1076 esse
2671 1022 2946 1076 hominem
2973 1037 3180 1086 verum,
3205 1032 3260 1076 et
3288 1032 3586 1087 mortuum,
3619 1030 3674 1076 et
3695 1038 3788 1091 pas.

2222 1128 2339 1166 sum
2369 1132 2381 1166 :
2414 1113 2631 1181 quidam
2675 1114 2836 1168 etiam
2862 1114 3134 1184 negabant
3179 1113 3328 1168 illum
3356 1105 3544 1168 nat'um
3576 1130 3695 1168 esse
3737 1115 3788 1168 de

2221 1200 2446 1270 virgine,
2473 1210 2528 1256 et
2562 1203 2926 1257 resurrexisse
2955 1204 3262 1278 aqmortuis.
3297 1202 3646 1274 Quapropter
3675 1205 3784 1258 allu-

2222 1290 2404 1358 quitur
2449 1291 2812 1358 Timotheum,
2862 1293 3112 1362 inquiens
3156 1313 3168 1347 :
3227 1293 3408 1350 Nolite
3454 1296 3783 1350 verecundari

2223 1380 2585 1434 testimonium
2615 1383 2856 1450 praebere
2885 1382 3124 1449 Christo,
3155 1385 3282 1452 quia
3308 1394 3474 1440 natus
3510 1396 3595 1440 est
3618 1387 3682 1441 de
3703 1388 3786 1440 vir-

2221 1469 2365 1540 gine,
2393 1473 2535 1540 quod
2565 1487 2754 1542 passus
2800 1483 2901 1539 est,
2951 1476 3092 1544 quod
3124 1486 3367 1532 mortuus
3394 1487 3496 1542 est,
3553 1480 3692 1546 quod
3715 1496 3782 1533 re-

2221 1560 2475 1624 surrexit,
2503 1569 2664 1630 atque
2711 1563 2952 1617 ascendit
2982 1565 3048 1617 ad
3074 1564 3256 1628 caelos,
3289 1567 3380 1620 ubi
3412 1570 3567 1621 sedet
3594 1585 3722 1621 nunc
3741 1570 3780 1622 in

2221 1647 2387 1718 gloria
2417 1659 2662 1718 paterna.
2693 1649 2799 1705 Sed
2832 1668 2992 1722 neque
3015 1669 3095 1706 me
3124 1653 3350 1706 vinctum
3381 1655 3499 1723 ejus
3523 1656 3782 1710 erubescas

2221 1746 2315 1791 aut
2358 1739 2648 1809 despicias,
2683 1741 2807 1810 quia
2858 1758 2964 1797 non
3015 1759 3176 1797 causa
3222 1743 3351 1799 furti
3399 1755 3496 1799 aut
3542 1747 3780 1804 homicidii

539 1848 714 1894 autem
769 1842 970 1910 gratias
1009 1841 1118 1896 ι)οο
1138 1883 1153 1906 ,
1202 1858 1309 1912 quo
1336 1844 1566 1899 donante
1601 1859 1814 1915 semper
1855 1855 1974 1900 erat
1998 1862 2116 1902 me-
2149 1824 2196 1886 Β
2224 1837 2411 1886 teneor
2439 1833 2694 1888 astrictus
2717 1833 2966 1899 vinculis,
2995 1836 3090 1890 sed
3112 1851 3210 1905 pro
3231 1837 3482 1892 veritate.
3521 1838 3628 1894 Sed
3653 1840 3780 1892 colla-

539 1943 659 1984 mor
691 1930 940 2000 discipuli
971 1931 1052 1986 sui
1086 1933 1372 1998 Timothei,
1417 1948 1517 1988 nec
1546 1944 1760 2004 poterat
1808 1936 1950 1991 illius
1979 1937 2117 1992 obli-

536 2021 708 2087 visci;
764 2022 849 2077 vel
893 2022 1058 2078 etiam
1102 2023 1155 2076 in
1205 2023 1308 2078 hoc
1338 2023 1608 2079 referebat
1655 2027 1704 2080 ei
1729 2026 1961 2096 gratias,
1994 2028 2118 2096 quia

538 2115 808 2168 serviebat
839 2115 912 2168 illi
947 2131 976 2168 a
1009 2115 1440 2185 progenitoribus
1472 2117 1605 2183 suis,
1633 2118 1936 2174 desiderans
1968 2129 2015 2174 te
2042 2122 2117 2174 vi-

537 2204 658 2255 (lere
687 2213 740 2256 ut
783 2205 976 2274 gaudio
1010 2204 1212 2275 replear
1259 2207 1324 2260 de
1358 2215 1451 2262 tuo
1502 2208 1757 2275 adventu,
1799 2227 1996 2265 memor
2037 2211 2138 2266 ιιι-ί

535 2310 835 2364 erymarum
888 2305 1099 2350 tuarum
1153 2312 1289 2366 quas
1337 2297 1524 2354 fudisti
1577 2315 1612 2354 a~
1664 2316 1751 2356 me
1793 2303 2115 2359 recedendo.

535 2382 760 2446 Quando
789 2382 1074 2452 Apostolus
1113 2385 1213 2439 ista
1247 2386 1470 2453 sciebat,
1515 2388 1799 2445 Timothus
1821 2400 1938 2445 erat
1977 2391 2117 2446 ultra

533 2487 706 2540 mare,
733 2482 788 2529 et
814 2475 926 2543 ipse
968 2476 1184 2545 jacebat
1226 2478 1280 2532 in
1311 2494 1532 2534 carcere
1560 2481 1889 2536 constrictus
1914 2484 2120 2538 catenis

533 2571 586 2616 et
620 2564 775 2634 cippo
805 2583 817 2618 :
859 2564 1085 2634 ideoque
1138 2575 1346 2621 tantum
1378 2569 1727 2624 desiderabat
1757 2571 1925 2636 illum,
1959 2581 2018 2626 ut
2064 2574 2118 2628 in

533 2655 623 2708 illo
651 2657 873 2712 haberet
895 2659 1129 2728 aliquam
1157 2662 1602 2718 consolationem.
1636 2663 1769 2719 Nam
1799 2667 2017 2735 quando
2048 2669 2117 2724 ab

531 2745 622 2800 illo
659 2747 903 2802 discessit
933 2749 1278 2817 Timotheus,
1331 2755 1705 2812 amarissimas
1756 2756 1894 2813 fudit
1941 2759 2118 2832 lacry-

533 2849 670 2889 mas.
704 2835 1151 2895 Recordationem
1177 2843 1469 2912 accipiens,
1493 2845 1607 2900 sive
1627 2846 1834 2902 habens
1857 2849 1970 2918 ejus
1991 2850 2118 2918 ﬁdei

528 2945 645 2999 quin
674 2940 748 2983 est
801 2933 853 2985 in
903 2941 952 2986 te
983 2949 1083 2987 non
1117 2934 1274 3002 ﬁcta,
1312 2938 1433 3004 quia
1485 2938 1639 2992 bonis
1684 2941 1938 3010 operibus
1969 2943 2115 2997 illam

527 3034 793 3087 exornas,
845 3041 963 3094 qua:
1013 3025 1145 3080 fides
1188 3027 1436 3082 habitavit
1495 3031 1724 3099 primum
1767 3033 1821 3086 in
1852 3034 1970 3086 avia
2022 3043 2115 3088 tua

529 3111 690 3166 Laide
709 3123 754 3166 et
780 3115 834 3167 in
862 3124 1027 3170 matre
1048 3126 1140 3170 tua
1169 3115 1388 3172 Eunice.
1420 3119 1801 3191 Cenealogiam
1845 3123 2110 3179 Timothei

528 3207 595 3259 ad
629 3208 942 3262 memoriam
991 3211 1284 3266 reducebat
1333 3213 1642 3283 Apostolus,
1696 3225 1756 3270 ut
1803 3219 2116 3272 ostenderet

529 3309 768 3350 amorem
792 3311 947 3350 suum
978 3313 1138 3367 quem
1179 3301 1415 3355 habebat
1445 3319 1550 3359 non
1580 3306 1753 3360 solum
1781 3322 1908 3375 erga
1941 3308 2112 3376 illum,

528 3383 622 3438 sed
659 3387 818 3439 etiam
853 3403 978 3458 erga
1025 3399 1278 3457 parentes
1324 3391 1459 3459 ejus,
1518 3409 1747 3462 quorum
1794 3399 2113 3452 memoriam

529 3473 793 3540 habebat;
848 3488 1017 3530 certus
1063 3495 1176 3531 sum
1210 3491 1384 3534 autem
1413 3484 1549 3552 quod
1578 3494 1623 3537 et
1671 3486 1725 3537 in
1765 3494 1832 3546 te.
1861 3485 2117 3543 subaudis

529 3563 736 3618 habitat
759 3565 945 3618 eadem
974 3567 1121 3621 fides.

597 3649 819 3720 Propter
855 3671 1009 3724 quant
1053 3673 1288 3725 causam,
1337 3661 1461 3740 quia
1494 3662 1652 3717 ﬁdem
1685 3665 1868 3718 veram
1925 3666 2112 3743 habes,

527 3743 779 3797 admoneo
804 3755 854 3798 te
882 3755 935 3798 ut
979 3749 1246 3804 resuscites
1288 3754 1508 3820 gratiam
1561 3745 1817 3824 Dei,qu(e
1865 3767 1936 3810 est
1986 3758 2115 3811 inte

527 3849 620 3902 per
648 3834 1028 3903 impositionem
1068 3857 1318 3895 manuum
1346 3861 1600 3899 mearum.
1635 3847 1768 3913 Quia
1799 3849 2114 3906 Timotheus

527 3925 1001 3982 mansuetissimus
1041 3940 1158 3983 erat
1209 3940 1264 3986 et
1311 3934 1492 3990 nimia:
1528 3937 1824 4005 patientiae,
1867 3941 2115 3995 hortatur

523 4015 671 4070 illum
709 4015 995 4086 Apostolus
1029 4029 1292 4090 quatenus
1342 4024 1557 4081 fortiter
1587 4031 1846 4085 consistat
1880 4030 1932 4084 in
1976 4047 2114 4100 pra:-

523 4109 811 4176 tlicationis
835 4109 1029 4178 olIicio,
1085 4123 1140 4168 et
1181 4113 1393 4171 fortiter
1418 4119 1705 4190 redarguat
1758 4122 2110 4193 negligentes,

525 4200 777 4270 inquiens
812 4220 823 4254 :
857 4201 980 4257 Ideo
1001 4205 1267 4262 admoneo
1317 4215 1367 4262 te
1397 4218 1456 4263 ut
1479 4211 1733 4282 evigilare
1765 4212 1930 4268 facias
1969 4213 2020 4267 in
2063 4222 2113 4268 te

525 4289 754 4358 gratiam
787 4289 902 4356 Dei,
942 4301 1002 4346 ut
1044 4294 1162 4348 sine
1209 4296 1401 4352 timore
1431 4301 1711 4368 praadices,
1743 4311 1798 4356 et
1844 4305 2108 4372 corripias

520 4389 824 4444 peccantes.
857 4380 1102 4436 Gratiam
1155 4395 1332 4440 autem
1365 4387 1458 4441 Dei
1496 4389 1728 4458 appellat
1779 4390 1957 4454 fidem,
2010 4395 2107 4447 do-

519 4468 772 4538 ctrinam,
805 4479 860 4524 et
907 4473 1296 4541 operationem,
1328 4491 1446 4544 qua:
1471 4479 1651 4532 omnia
1692 4481 1860 4549 gratis
1889 4481 2103 4537 dantur.

519 4556 634 4612 Non
675 4559 818 4612 enim
860 4560 1008 4618 dedit
1034 4563 1189 4618 nobis
1237 4565 1378 4620 Deus
1428 4567 1678 4636 spiritum
1731 4570 1961 4634 timoris,
2011 4574 2105 4628 sed

518 4647 752 4701 \‘irtulis.
789 4649 902 4702 Duo
925 4659 1049 4704 sunt
1076 4654 1314 4713 timores,
1344 4671 1483 4710 unus
1509 4657 1701 4722 bonus,
1728 4659 1866 4712 alter
1891 4661 2104 4716 malus:

519 4735 692 4790 malus
724 4739 884 4794 timor
904 4751 984 4796 est
1005 4745 1094 4811 qui
1123 4759 1151 4797 a
1174 4743 1902 4820 diaboloimmittitur,quem
1922 4754 2108 4808 habuit

517 4827 712 4885 Petrus
767 4836 986 4902 quando
1033 4837 1317 4892 Dominum
1364 4842 1596 4911 negavit,
1644 4852 1698 4897 et
1729 4844 1794 4899 de
1825 4861 1930 4912 quo
1978 4847 2108 4901 dicit

520 4919 822 4978 Dominus:
877 4924 1054 4980 Nolite
1105 4929 1285 4984 timere
1338 4947 1422 4995 eas
1482 4935 1571 5003 qui
1627 4936 1868 4989 occidunt
1920 4953 2106 5004 corpus

519 5011 735 5080 (Matth.
776 5017 862 5085 x);
895 5018 1068 5074 bonus
1105 5031 1283 5076 autem
1317 5023 1479 5078 timor
1507 5041 1535 5078 a
1569 5025 1679 5080 Deo
1709 5026 1886 5090 datur,
1945 5041 2110 5096 quem

518 5103 652 5160 dicit
677 5105 842 5164 Isaias
880 5125 1043 5180 super
1081 5113 1369 5168 Dominum
1413 5117 1766 5184 requievisse.
1801 5115 1870 5169 Et
1901 5117 2103 5188 requie-

519 5205 644 5262 scet,
701 5198 967 5268 inquiens,
1027 5219 1186 5272 super
1223 5220 1340 5256 eum
1390 5205 1603 5275 spiritus
1647 5207 1849 5260 timoris
1893 5205 2112 5261 Domini.

521 5286 652 5356 (Isa.
703 5291 800 5359 χι),
833 5301 889 5345 et
915 5293 979 5346 de
1007 5308 1113 5362 quo
1142 5295 1399 5350 Dominus
1443 5297 1494 5350 in
1523 5296 1809 5367 Evangelio
1840 5316 1852 5350 :
1888 5297 2102 5362 Timete,

521 5377 711 5446 inquit,
743 5396 858 5433 eum
884 5383 974 5451 qui
1017 5392 1180 5452 potest
1220 5384 1452 5438 animam
1475 5395 1520 5438 et
1550 5402 1737 5455 corpus
1763 5386 1995 5456 perdere.
2031 5386 2112 5440 De

517 5471 659 5525 malo
682 5488 813 5544 ergo
845 5475 1058 5542 timore,
1089 5493 1187 5548 per
1212 5495 1371 5548 quem
1403 5482 1522 5549 quis
1545 5481 1772 5536 discedit
1803 5497 1832 5534 a
1873 5483 1996 5546 tide,
2027 5483 2106 5536 di-.

517 5563 592 5618 cit
624 5564 910 5635 Apostolus
937 5569 1024 5625 hic
1061 5589 1071 5624 :
1111 5570 1229 5626 Non
1255 5574 1398 5627 dedit
1425 5574 1570 5628 nobis
1609 5574 1849 5645 spiritum
1879 5575 2102 5641 timoris,

518 5661 580 5705 ut
610 5655 891 5714 timeamus
921 5651 1296 5729 persecutores
1332 5666 1492 5737 hujus
1520 5666 1719 5729 saeculi,
1751 5677 1805 5721 et
1830 5683 2106 5724 cessemus

517 5756 740 5816 propter
761 5751 864 5808 hoc
893 5770 922 5813 a
953 5759 1350 5824 praedicatione,
1404 5761 1492 5814 sed
1525 5761 1767 5830 spiritum
1797 5761 2015 5826 virtutis,
2051 5761 2104 5816 id

2223 1921 2348 1977 bora
2399 1921 2701 1992 Evangelia.
2741 1923 2952 1979 Laboro
3004 1941 3122 1996 ego,
3166 1925 3443 1984 collabora
3491 1937 3550 1982 tu
3581 1944 3775 1992 mecum,

2221 2014 2503 2068 secundum
2529 2016 2766 2068 virtutem
2798 2015 2895 2072 Dei
2915 2057 2928 2081 ,
2956 2017 3045 2087 qui
3087 2034 3180 2071 nos
3214 2018 3448 2073 liberavit
3491 2034 3524 2072 a
3567 2031 3721 2075 morte
3741 2031 3775 2073 et

2221 2106 2418 2158 vocavit
2449 2107 2716 2159 vocatione
2751 2123 2848 2163 sua
2883 2117 3088 2161 sancta.
3137 2108 3236 2164 llic
3255 2109 3435 2179 jungit
3474 2125 3536 2164 se
3563 2111 3776 2166 omnibus

2221 2193 2509 2261 Apostolis,
2541 2195 2666 2263 quia
2697 2196 2921 2251 Domino
2951 2206 3080 2251 sunt
3125 2200 3322 2254 vocati.
3362 2198 3498 2254 Nam
3549 2200 3777 2256 sicutPe-

2224 2295 2358 2350 trus,
2389 2285 2654 2351 Andreas,
2689 2286 2922 2342 Iacobus
2950 2297 3004 2342 et
3033 2287 3268 2344 Joannes
3307 2306 3336 2344 a
3366 2291 3590 2346 Domino
3627 2295 3781 2347 vocati

2221 2385 2368 2441 sunt,
2404 2377 2599 2446 quibus
2619 2379 2756 2433 dixit
2781 2397 2793 2432 :
2833 2377 3012 2434 Vertite
3035 2391 3147 2450 post
3175 2399 3277 2448 me,
3304 2384 3490 2451 faciam
3518 2401 3601 2438 vos
3625 2386 3775 2453 pisca-

2221 2476 2356 2522 tores
2385 2468 2651 2522 hominum
2691 2469 2884 2541 (Marc.
2919 2471 2980 2542 ι),
3011 2472 3087 2526 ita
3117 2476 3394 2543 apostolus
3427 2476 3616 2531 Paulus
3637 2492 3777 2532 voca-

2221 2564 2311 2614 tus
2335 2567 2418 2612 est
2445 2559 2511 2612 de
2536 2559 2692 2624 coelo,
2721 2560 2933 2616 dicente
2959 2561 3186 2619 Domino
3211 2582 3224 2617 :
3253 2563 3440 2631 Saule,
3473 2565 3650 2630 Saule,
3677 2568 3782 2636 quid

2219 2666 2302 2703 me
2335 2651 2707 2720 persequeris?
2745 2651 2883 2720 (Act.
2916 2653 3018 2724 ιι.)
3071 2654 3177 2709 Ista
3200 2672 3329 2726 ergo
3355 2659 3576 2713 vocatio
3623 2671 3779 2713 sancta

2220 2737 2323 2794 fuit
2360 2741 2487 2809 quia
2521 2755 2621 2810 per
2653 2740 2800 2795 illam
2845 2743 3173 2800 sanetilicati
3225 2755 3354 2800 sunt
3394 2764 3503 2801 non
3531 2749 3780 2802 secundum

2221 2854 2378 2908 apera
2418 2851 2622 2905 nostra,
2653 2841 2705 2896 id
2742 2849 2826 2896 est
2873 2843 3068 2896 merita
3099 2850 3287 2896 nostra
3316 2842 3539 2897 vocavit
3565 2855 3673 2902 nos,
3711 2841 3779 2892 ut

2219 2929 2502 2984 secundum
2542 2933 2864 3002 propositum
2906 2950 3083 2997 suum,
3127 2933 3181 2988 id
3205 2941 3312 2998 est,
3345 2932 3645 2987 secundum
3670 2931 3779 2999 quod

2219 3019 2335 3087 ipse
2365 3019 2606 3074 definivit
2647 3029 2702 3076 et
2749 3021 3188 3091 praedestinavit,
3225 3021 3442 3077 vocavit
3466 3036 3571 3102 nos
3595 3061 3610 3084 ,
3648 3030 3695 3073 et
3716 3035 3778 3072 se-

2219 3111 2456 3166 cundum
2486 3113 2712 3182 gratiam
2735 3130 2852 3183 quae
2891 3114 3017 3167 data
3059 3123 3132 3168 est
3164 3113 3310 3166 nobis
3338 3113 3396 3166 in
3427 3110 3640 3165 Christo
3663 3109 3780 3172 Iesu,

2219 3213 2340 3258 ante
2365 3213 2596 3273 tempora
2618 3205 2919 3258 stecularia.
2953 3205 3216 3276 Tempora
3235 3204 3524 3260 surcularia
3565 3205 3780 3259 debemus

2219 3297 2310 3353 hic
2369 3297 2674 3367 intelligere
2715 3305 2956 3367 tempora
2986 3306 3041 3351 et
3081 3297 3275 3352 saecula
3323 3312 3444 3367 quae
3474 3312 3546 3352 ex
3570 3311 3634 3353 eo
3675 3306 3782 3349 tem-

2217 3401 2347 3457 pore
2369 3401 2490 3442 esse
2517 3395 2818 3456 coeperunt,
2845 3403 2953 3457 quo
2981 3387 3212 3441 mundus
3237 3387 3418 3441 factus
3463 3395 3576 3451 est,
3606 3385 3784 3446 etdics,

2219 3488 2274 3534 et
2300 3496 2426 3535 nox.
2464 3479 2598 3534 Nam
2623 3490 2781 3536 antea
2809 3499 2918 3540 non
2939 3490 3097 3538 erant
3123 3482 3318 3536 szecula
3347 3497 3530 3552 neque
3551 3492 3784 3551 tempora,

2218 3585 2496 3640 quousque
2533 3571 2682 3625 venit
2717 3572 3038 3629 vicissitudo
3067 3573 3170 3628 diei
3204 3581 3259 3626 et
3274 3572 3476 3637 noctis,
3506 3583 3563 3628 et
3591 3572 3783 3627 mutabi-

2218 3659 2342 3714 litas
2371 3661 2647 3730 temporis,
2674 3663 2768 3718 sed
2795 3664 2949 3733 quasi
2972 3679 3144 3718 aevum
3170 3672 3304 3716 erat.
3339 3662 3514 3732 Igitur
3552 3674 3674 3718 ante
3699 3677 3783 3716 om-

2219 3749 2308 3804 nia
2338 3749 2528 3803 smcula
2561 3758 2616 3803 et
2639 3757 2906 3820 tempora,
2941 3752 3066 3806 data
3111 3761 3195 3806 est
3238 3753 3500 3822 apostolis
3555 3755 3714 3824 gratia
3743 3751 3780 3802 in

2217 3838 2688 3907 praedestinatione
2705 3909 2708 3911 Α
2727 3839 2846 3906 Dei,
2868 3841 3010 3910 quod
3032 3840 3258 3910 apostoli
3285 3841 3489 3896 Christi
3516 3851 3694 3897 essent
3716 3841 3782 3900 fu-

2218 3929 2345 3994 turi,
2374 3938 2630 3985 etomnes
2653 3930 2821 3986 etiam
2849 3932 3003 3987 electi
3027 3949 3056 3985 a
3078 3933 3186 3988 Deo
3215 3933 3589 4002 prmdestinati
3615 3941 3724 3987 sunt
3741 3933 3780 3990 ia

2215 4023 2430 4079 Christo
2471 4034 2596 4080 ante
2639 4026 2854 4082 initium
2906 4027 3134 4093 mundi,
3187 4027 3329 4082 sicut
3371 4028 3425 4081 in
3477 4029 3700 4096 epistola
3733 4027 3784 4079 ad

2215 4115 2478 4184 Ephesios
2508 4117 2742 4172 dicitur:
2788 4118 2888 4185 Qui
2931 4118 3332 4186 praedestinavit
3365 4133 3465 4171 nos
3513 4120 3563 4172 in
3595 4119 3720 4188 ipso,
3746 4115 3784 4166 id

2214 4207 2372 4262 estin
2410 4206 2627 4264 Christo
2673 4221 2800 4265 ante
2842 4211 3027 4264 mundi
3073 4211 3556 4275 constitutionem;
3613 4211 3675 4266 de
3703 4224 3783 4277 qua

2211 4299 2684 4368 praedestinatione
2725 4301 2854 4356 dicit
2889 4301 3149 4357 Dominus
3180 4303 3232 4357 in
3269 4302 3563 4374 Evangelia
3592 4323 3606 4356 :
3643 4301 3780 4356 Clari-

2213 4391 2314 4460 ﬁea
2364 4409 2464 4456 me,
2502 4403 2558 4447 tu
2598 4391 2780 4458 Pater,
2827 4395 2968 4464 apud
3007 4395 3329 4465 temetipsum
3375 4394 3618 4449 claritate
3657 4408 3786 4464 quam

2181 4482 2370 4557 ihabui
2411 4485 2989 4552 iupraadestinatione,
3034 4487 3343 4557 priusquam
3399 4487 3630 4540 mundus
3677 4494 3785 4537 esset

2213 4575 2392 4646 (Joan.
2429 4577 2583 4646 xvu).
2638 4575 2980 4647 Manifestum
3008 4588 3079 4632 est
3112 4589 3305 4643 autem,
3339 4577 3602 4633 subaudis
3626 4577 3788 4631 eadem

2210 4667 2402 4736 gratia,
2450 4684 2594 4722 nunc
2650 4669 2704 4722 in
2757 4668 2944 4723 ultima
2995 4678 3176 4734 relate,
3226 4687 3318 4739 per
3369 4671 3787 4724 illuminatioaem

2213 4753 2500 4810 Saluatoris
2541 4759 2715 4811 nostri
2753 4758 2881 4812 Jesu
2911 4756 3128 4823 Christi,
3178 4757 3232 4813 id
3259 4769 3342 4813 est
3369 4776 3466 4829 per
3506 4761 3789 4816 doctrinam

2209 4853 2264 4898 et
2293 4845 2548 4900 miracula
2585 4847 2728 4902 illius
2771 4848 2864 4917 qui
2910 4847 3002 4902 lux
3025 4856 3128 4914 est,
3161 4859 3208 4902 et
3268 4851 3357 4920 qui
3393 4849 3660 4904 illuminat
3690 4865 3788 4903 oin-

2212 4952 2327 4990 nem
2362 4937 2622 4992 hominem
2656 4938 2837 5010 (Joan.
2880 4938 2942 5010 1).
2982 4938 3210 4995 Ostensa
3250 4949 3334 4994 est
3365 4953 3420 4995 et
3463 4941 3793 4996 manifestata

2216 5027 2289 5082 illi
2343 5029 2520 5098 gratia
2571 5028 2625 5082 in
2671 5029 2890 5094 mundo,
2947 5045 3067 5100 qua:
3115 5041 3202 5086 est
3250 5032 3633 5101 pnedestinata
3685 5039 3794 5083 ante

2213 5119 2495 5173 exordium
2539 5120 2748 5184 mundi,
2774 5121 2864 5191 qui
2915 5121 3174 5176 destruxit
3203 5123 3415 5193 quidem
3451 5136 3688 5187 mortem,
3725 5139 3796 5174 re-

2213 5215 2482 5284 surgendo
2514 5231 2544 5268 a
2571 5215 2801 5270 mOrtuis
2850 5223 2905 5269 et
2927 5215 3132 5271 electos
3161 5232 3292 5272 suos
3337 5217 3406 5271 de
3445 5226 3623 5272 morte
3651 5231 3794 5270 revo-

2213 5307 2417 5372 cando;
2448 5306 2764 5360 illuminavit
2793 5316 2968 5362 autem
2993 5307 3149 5360 vitam
3174 5318 3221 5362 et
3251 5308 3695 5376 incorruptionem
3715 5321 3797 5373 per
3893 5345 3898 5348 -

2213 5395 2574 5466 Evangelium,
2606 5396 2658 5451 id
2696 5405 2780 5452 est
2814 5397 2982 5452 vitam
3023 5407 3308 5464 mtettnam,
3353 5407 3410 5453 et
3439 5397 3795 5466 incorruptio-

2211 5503 2358 5553 nem,
2381 5499 2542 5558 atque
2565 5490 3024 5548 immortalitatem
3050 5504 3212 5560 quam
3239 5492 3404 5547 habet
3425 5494 3476 5546 in
3501 5509 3575 5556 se,
3605 5507 3672 5546 es
3699 5504 3798 5561 quo

2213 5580 2510 5634 resurrexit
2535 5596 2564 5634 a
2602 5581 2851 5645 mortuis,
2881 5582 3007 5651 quia
3034 5597 3324 5654 resurgens
3345 5598 3375 5636 a
3407 5583 3652 5643 mortuis,
3691 5583 3794 5650 jam

2213 5682 2319 5722 non
2349 5669 2594 5722 moritur.
2625 5669 2718 5725 Vel
2745 5671 2984 5726 ostendit
3005 5679 3062 5726 et
3097 5673 3486 5738 manifestavit,
3532 5675 3648 5728 sive
3679 5673 3795 5726 illu-

2214 5761 2386 5829 minat
2427 5778 2524 5841 per
2545 5763 2990 5842 prtedicatloucm,
3027 5765 3325 5836 Evangelii,
3378 5767 3631 5836 quoniam
3665 5766 3796 5831 sicut,
