3974 6512
197 461 309 525 801

916 467 1275 527 exrosmo
1313 469 1378 526 IN
1419 470 1566 525 EPP.
1608 469 1662 525 s.
1705 468 1928 525 mm.
1971 501 2041 509 —
2081 471 2146 525 lN
2186 453 2402 528 Eptsr.
2441 474 2483 528 ιι
2521 473 2614 529 AD
2654 474 2795 530 'rnt.

3386 478 3493 534 802

197 581 298 637 ille
324 574 476 646 vivit,
504 579 578 635 ita
604 594 885 651 speramus
914 598 1011 637 nos
1047 598 1330 654 resurgere
1358 590 1412 637 et
1452 583 1633 636 vivere
1676 582 1792 636 sine
1822 587 1868 645 A
1898 581 2099 651 legitur
2123 583 2176 637 in
2223 583 2419 639 Genesi
2448 602 2461 638 :
2494 585 2636 640 Pluit
2677 585 2936 641 Dominus
2972 576 3140 641 Filius
3186 602 3216 640 a
3261 587 3493 643 Domino

198 671 321 726 ﬁne
352 670 580 725 feliciter
625 685 747 725 cum
781 669 893 736 illo,
949 672 1003 726 in
1039 689 1164 743 quo,
1200 672 1459 728 subaudis
1488 671 1797 742 Evangelio,

197 764 412 832 positus
440 769 491 816 et
516 761 841 817 constitutus
865 779 979 816 sum
1008 779 1101 832 ego
1139 764 1473 834 prwdicator.

280 851 363 907 Ob
399 868 558 923 quam
589 866 839 915 causam,
879 852 1138 907 subaudis
1170 853 1296 921 quia
1334 868 1437 924 ego
1470 852 1803 908 constitutus

197 957 329 997 sum
366 941 703 1010 prtedicator
751 940 1062 1013 Evangelii,
1111 944 1265 995 etiam
1315 942 1424 1020 Iteec
1473 943 1665 1012 patior,
1710 942 1801 996 sed

200 1050 315 1087 non
350 1032 666 1101 confundor,
697 1031 750 1087 id
784 1041 867 1087 est
911 1048 1017 1087 non
1049 1033 1330 1087 erubesco.
1389 1032 1526 1099 Quid
1560 1032 1800 1102 patieba-

201 1141 299 1194 ιιιι·
347 1122 682 1193 Apostolus?
728 1123 1169 1193 persecutiones,
1213 1120 1454 1191 ﬂagella,
1518 1137 1798 1186 carceres,

202 1215 426 1272 vincula
447 1256 461 1280 ,
492 1216 706 1286 cippum
727 1255 742 1282 ,
775 1214 1007 1278 famem,
1040 1213 1185 1268 sitim
1205 1254 1220 1278 ,
1250 1223 1305 1268 et
1343 1222 1537 1268 caetera
1571 1213 1695 1267 talia
1727 1213 1806 1266 in-

203 1307 516 1364 commoda.
572 1305 696 1361 Scio
736 1305 871 1360 enim
921 1306 1007 1358 cui
1049 1304 1277 1369 credidi,
1332 1305 1385 1359 id
1431 1312 1515 1359 est
1554 1303 1800 1368 Christo,

203 1400 442 1469 ideoque
486 1414 597 1453 non
647 1397 951 1454 confundor
1000 1398 1143 1452 inter
1193 1405 1491 1461 tormenta,
1532 1405 1593 1450 et
1632 1406 1801 1451 certus

207 1508 334 1546 sum
388 1492 514 1562 quia
564 1503 744 1561 potens
797 1499 872 1544 est
923 1490 1433 1562 depositumrmeum
1466 1496 1689 1542 .serrare
1749 1489 1804 1542 in

204 1579 364 1634 illum
401 1560 569 1634 diem.
606 1579 918 1647 Depositum
938 1560 1141 1648 'posuit
1189 1592 1286 1647 per
1338 1577 1801 1642 commendatum,

211 1678 273 1726 et
306 1669 435 1740 quid
468 1667 757 1739 Apostolus
793 1667 1025 1723 habebat
1071 1667 1507 1723 commendatum
1544 1666 1805 1722 Christo?

207 1761 443 1816 salutem
476 1775 627 1815 suam
658 1759 895 1815 habebat
922 1760 1062 1830 apud
1093 1759 1242 1813 illum
1271 1760 1646 1825 commissam;
1680 1760 1805 1814 inde

205 1848 345 1905 dicit
389 1867 405 1904 :
456 1848 651 1903 Certus
694 1864 813 1903 sum
862 1849 986 1918 quia
1023 1846 1271 1903 Christus
1309 1848 1395 1902 cui
1435 1848 1671 1913 credidi,
1712 1862 1808 1918 po-

1903 674 2082 731 Patre.
2112 675 2325 741 Quanta
2354 676 2547 747 Ephesi
2574 680 2909 746 ministravit,
2936 680 3077 735 idem
3120 678 3493 749 Onesiphorus

1900 782 2009 821 non
2023 767 2213 822 'solum
2244 768 2376 822 mihi
2406 778 2461 823 et
2486 771 2609 835 tibi,
2642 786 2829 827 verum
2859 772 3023 827 etiam
3053 771 3175 827 aliis
3203 770 3490 838 ﬁdelibus;

1901 866 1958 911 tu
1985 856 2169 912 melius
2201 859 2338 912 nosti
2356 898 2371 925 ,
2403 860 2664 916 subaudis
2694 877 2854 931 quam
2884 863 3042 919 alius.

2525 989 2754 1047 CAPUT
2792 991 2852 1045 ll.

1977 1102 2055 1157 Tu
2091 1118 2252 1169 vero,
2286 1103 2366 1173 ﬁli
2404 1105 2476 1158 nti
2503 1145 2517 1170 ,
2555 1104 2855 1174 confortare
2886 1106 2941 1159 in
2974 1107 3145 1177 gratia
3180 1106 3278 1163 Dei
3309 1108 3395 1165 vel
3430 1109 3489 1166 in

1902 1192 2169 1262 sapientia
2210 1192 2337 1259 Dei,
2380 1210 2499 1263 quae
2538 1202 2612 1247 est
2645 1194 2699 1246 in
2730 1191 2937 1248 Christo
2968 1193 3129 1261 Jesu,
3161 1204 3214 1259 et
3241 1213 3359 1267 qua:
3395 1212 3493 1252 au-

1902 1283 2030 1337 disti
2061 1300 2093 1336 a
2119 1299 2203 1336 me
2235 1299 2328 1353 per
2354 1282 2545 1337 multos
2574 1293 2756 1348 testes,
2791 1285 2906 1340 sive
2950 1301 3071 1355 qua}
3110 1285 3362 1341 audivisti
3403 1302 3494 1342 co-

1903 1372 2018 1429 ram
2062 1374 2243 1429 multis
2282 1376 2540 1442 testibus,
2571 1376 2682 1430 lucc
2710 1377 3016 1432 commenda
3045 1377 3290 1446 ﬁdelibus
3319 1379 3492 1432 homi-

1904 1467 2053 1522 nibus
2081 1508 2094 1532 ,
2122 1469 2212 1538 qui
2252 1468 2426 1522 idonei
2469 1479 2622 1523 erunt
2662 1479 2710 1524 et
2754 1469 2886 1525 alios
2925 1469 3129 1525 docere.
3171 1469 3285 1525 Illis
3331 1470 3495 1525 debet

1903 1556 2167 1612 Committi
2208 1556 2521 1627 praedicatio
2561 1559 2742 1614 divina
2783 1560 2875 1630 qui
2916 1561 3027 1632 apti
3054 1571 3183 1615 sunt
3212 1561 3286 1614 illi
3316 1560 3492 1615 ollicio

1902 1646 1958 1701 in
1985 1647 2134 1703 omni
2160 1648 2574 1704 conversatione
2613 1664 2746 1716 sua,
2790 1650 3043 1706 videlicet
3082 1659 3140 1706 ut
3177 1651 3319 1722 quod
3354 1666 3492 1722 prae-

1904 1736 2090 1792 dicant
2114 1752 2209 1794 ore
2229 1778 2244 1803 ,
2276 1737 2603 1818 conﬁrment
2632 1727 2904 1809 operibus.

1978 1826 2147 1883 Nemo
2183 1829 2419 1885 militum
2458 1830 2569 1885 Deo
2606 1832 2839 1902 implicat
2879 1849 2933 1888 se
2983 1835 3201 1905 negotiis
3237 1834 3490 1890 seculari-

209 1951 334 1996 tens
379 1948 462 1995 est
513 1954 729 1996 servare
774 1938 999 1994 salutem
1040 1954 1217 1993 meam
1267 1938 1320 1993 in
1358 1937 1506 1992 illum
1538 1939 1712 2003 diem,
1754 1939 1794 1992 id

1909 1920 2026 1985 bus,
2056 1922 2179 1993 quia
2216 1938 2365 1976 nemo
2410 1931 2574 1993 potest
2601 1922 2804 1977 duobus
2832 1924 3060 1978 dominis
3087 1925 3279 1979 servire
3313 1924 3487 1994 (Luc.

207 2031 368 2088 estin
394 2032 537 2087 diem
578 2030 789 2101 judicii,
839 2030 964 2100 quia
1004 2028 1230 2085 salutem
1258 2029 1311 2083 in
1356 2042 1451 2099 spe
1494 2037 1552 2083 et
1592 2028 1648 2082 in
1693 2028 1799 2083 ﬁde

208 2120 362 2176 illius
391 2120 673 2175 collocavi.

282 2209 533 2267 Formam
561 2211 787 2277 habens,
816 2211 869 2266 id
898 2218 982 2267 est
1010 2210 1315 2281 exemplum
1342 2226 1594 2266 sanorum
1619 2209 1797 2264 verbo-

206 2319 328 2358 rum
348 2317 509 2373 quaza
531 2317 614 2355 me
636 2302 852 2356 audisti.
882 2301 1024 2357 Sana
1045 2303 1211 2357 verba
1233 2312 1358 2357 sunt
1382 2303 1496 2357 sive
1515 2317 1647 2357 sana
1670 2302 1798 2356 doc-

208 2394 372 2458 trina,
388 2393 604 2462 quando
626 2394 730 2448 boc
750 2393 892 2462 quod
913 2394 1235 2465 praedicatur
1248 2394 1505 2465 operibus
1522 2393 1789 2463 impletur.

277 2482 486 2537 Bonum
530 2482 817 2554 depositum
870 2485 1075 2538 custodi
1115 2501 1208 2555 per
1254 2483 1513 2554 Spiritum
1551 2493 1795 2538 sanctum

206 2573 300 2644 qui
337 2572 538 2627 habitat
589 2574 644 2627 in
672 2574 852 2640 nobis,
884 2575 937 2630 id
968 2584 1052 2629 est
1091 2574 1392 2630 doctrinam
1433 2584 1488 2629 et
1527 2573 1797 2644 operatio-

206 2679 334 2720 nem
365 2680 529 2734 quam
572 2665 669 2719 tibi
708 2666 1117 2732 commendavi,
1155 2666 1365 2722 custodi
1400 2681 1498 2736 per
1534 2667 1794 2721 virtutem

208 2754 444 2827 Spiritus
477 2757 682 2822 sancti,
739 2758 832 2827 qui
886 2765 970 2812 est
1010 2758 1066 2812 in
1110 2759 1304 2824 nobis;
1360 2758 1445 2812 vel
1491 2756 1793 2828 depositum

207 2847 355 2916 quod
379 2846 634 2915 accepisti
662 2862 757 2918 per
790 2846 1052 2918 Spiritum
1082 2858 1329 2904 sanctum
1356 2849 1587 2904 custodi.

284 2934 397 2991 Scis
421 2938 545 3006 quia
571 2938 741 2992 aversi
769 2948 922 3005 sunt,
954 2940 1005 2994 id
1035 2948 1117 2994 est
1142 2948 1484 2995 recesserunt
1514 2957 1546 2993 a
1573 2957 1655 2994 me
1685 2957 1794 2994 om-

208 3030 419 3099 nesqui
463 3031 520 3084 in
550 3029 677 3084 Asia
705 3039 847 3084 sunt.
883 3029 941 3085 Si
970 3030 1262 3102 Apostolus
1292 3032 1509 3087 interim
1535 3032 1795 3101 prmdiea—

208 3117 293 3172 vit
319 3117 373 3172 in
400 3117 528 3174 Asia
550 3159 565 3184 ,
594 3120 766 3175 donec
791 3134 981 3174 omnes
1008 3120 1193 3174 Asiani
1222 3120 1537 3185 crederent,
1569 3121 1709 3175 sicut
1738 3120 1794 3175 in

204 3209 437 3266 Actibus
493 3211 859 3282 apostolorum
902 3212 1077 3267 Lucas
1117 3212 1287 3277 dixit,
1330 3226 1498 3281 quare
1537 3212 1626 3267 hic
1662 3212 1795 3267 dicit

1898 2012 2068 2084 xw),
2100 2011 2212 2067 Deo
2248 2020 2304 2067 et
2342 2012 2559 2068 saeculo.
2593 2011 2888 2068 Saecularia
2932 2016 3147 2085 negotia
3192 2023 3348 2081 sunt,
3390 2030 3490 2084 per

1897 2118 2092 2159 usuras
2131 2112 2188 2158 et
2232 2103 2570 2160 adulationes
2610 2103 2760 2161 lucra
2806 2106 3483 2176 temporalia'acquirere,

1897 2195 2037 2251 sicut
2067 2194 2273 2251 faciunt
2302 2196 2377 2250 illi
2404 2197 2496 2266 qui
2525 2195 2743 2267 regibus
2782 2204 2837 2252 et
2872 2197 3164 2252 comitibus
3204 2197 3325 2253 ideo
3366 2213 3486 2253 ser-

1896 2285 2081 2353 viunt,
2122 2294 2184 2341 ut
2229 2286 2298 2340 ab
2342 2286 2422 2341 eis
2463 2286 2781 2356 temporalia
2819 2287 3085 2357 accipiant
3122 2286 3405 2342 beneﬁcia.
3438 2287 3485 2341 A

1896 2375 2094 2431 talibus
2124 2376 2321 2432 debent
2343 2391 2403 2431 se
2432 2378 2703 2433 custodire
2731 2376 3006 2448 episcopi,
3048 2377 3138 2446 qui
3181 2377 3284 2449 (ut
3326 2390 3485 2431 cano-

1895 2482 1995 2524 nes
2026 2460 2252 2539 dicunt)
2280 2468 2651 2538 praedicationi
2684 2470 2882 2524 debent
2910 2485 3124 2539 semper
3153 2469 3407 2524 insistere
3431 2477 3487 2523 et

1894 2548 2251 2617 orationibus.
2275 2552 2343 2614 Et
2370 2575 2475 2615 non
2503 2561 2674 2616 solum
2704 2560 2969 2632 episcopi,
2992 2561 3088 2615 sed
3117 2561 3281 2616 etiam
3306 2560 3484 2616 omnis

1894 2652 2028 2707 ordo
2058 2650 2460 2707 ecclesiasticus
2481 2650 2642 2705 debet
2665 2666 2725 2705 se
2751 2651 3067 2720 inquantum
3096 2649 3241 2705 valet
3275 2648 3344 2704 ab
3399 2649 3486 2703 his

1896 2743 2192 2798 immunem
2234 2742 2496 2797 reddere:
2550 2741 2780 2811 ideoque
2822 2739 2983 2796 debet
3018 2741 3110 2810 qui
3157 2741 3267 2795 Deo
3291 2738 3488 2794 militat

1895 2836 1964 2890 ab
1988 2836 2074 2890 his
2102 2850 2160 2889 se
2189 2849 2490 2901 removere,
2514 2844 2571 2888 ut
2600 2834 2648 2888 ei
2673 2833 2876 2904 placeat
2922 2832 3051 2896 Deo,
3081 2833 3167 2887 cui
3205 2850 3260 2887 se
3286 2832 3483 2904 proba-

1893 2930 1964 2983 vit
1981 2970 1995 2993 ,
2028 2929 2082 2983 id
2109 2936 2194 2983 est
2220 2928 2308 2983 cui
2339 2942 2398 2983 se
2427 2928 2640 2983 devovit
2667 2935 2908 2997 tempore
2935 2925 3294 2996 baptismatis.

1963 3006 2316 3073 Laborantem
2343 3018 2630 3088 agricolam
2654 3028 2852 3087 oportet
2875 3019 3103 3088 primum
3125 3017 3188 3071 de
3217 3017 3478 3086 fructibus

1894 3112 1975 3170 sui
2001 3098 2206 3167 laboris
2231 3111 2510 3180 percipere.
2541 3108 2812 3175 Quantum
2842 3109 2909 3163 ad
2940 3108 3176 3162 litteram
3205 3107 3478 3176 pertinet,

1893 3202 2113 3273 dignum
2160 3208 2244 3254 est
2285 3208 2346 3253 ut
2390 3197 2624 3268 agricola
2668 3207 2725 3252 et
2762 3198 2966 3252 vinitor
3007 3198 3242 3267 primum
3276 3197 3482 3253 fructus

207 3298 502 3369 Apostolus
530 3315 561 3354 τι
589 3315 649 3356 se
674 3315 863 3355 omnes
891 3300 1218 3356 recessisse?
1246 3300 1314 3355 Et
1364 3300 1438 3355 ibi
1463 3315 1594 3371 ergo
1623 3311 1679 3356 ei
1706 3300 1794 3355 hic
1821 3313 1865 3373 ρ
1897 3292 1980 3348 sui
2008 3290 2211 3345 laberis
2246 3289 2530 3360 degustent
2555 3306 2567 3341 :
2599 3284 2777 3342 altiori
2799 3294 2980 3342 autem
3029 3301 3214 3351 sensu,
3243 3302 3372 3357 ager
3399 3293 3484 3341 est

212 3397 382 3444 totum
411 3405 508 3460 pro
532 3398 686 3460 parte
711 3392 947 3460 positum
987 3399 1087 3447 est.
1131 3390 1488 3447 Crediderunt
1525 3405 1652 3462 ergo
1686 3406 1796 3446 om-

207 3494 311 3537 nes
332 3479 520 3535 Asiani
546 3482 705 3537 electi
730 3490 784 3536 et
808 3483 1173 3553 praedestinati
1193 3524 1208 3550 ,
1236 3492 1581 3539 recesserunt
1606 3498 1795 3551 omnes

206 3572 432 3644 reprobi
456 3580 512 3628 et
540 3589 649 3628 non
679 3575 1082 3645 prtedestinati,
1112 3576 1392 3646 «inquibus
1423 3585 1497 3630 est
1528 3567 1791 3646 Phygelus

203 3670 260 3716 et
307 3660 674 3734 Hermogenes.
708 3652 871 3719 “Alter
912 3664 1016 3719 fuit
1055 3664 1357 3737 Pbygelus,
1392 3674 1464 3720 et
1511 3665 1647 3719 alter
1690 3663 1793 3718 fuit

204 3750 479 3817 Philetas,
529 3762 584 3808 et
632 3762 811 3808 tamen
852 3765 1081 3824 uterque
1133 3763 1377 3825 apostata
1421 3753 1687 3825 Phygelns
1739 3761 1794 3807 et

202 3840 573 3914 Hermogenes
615 3843 746 3898 socii
795 3842 1048 3908 fuerunt,
1099 3846 1165 3899 de
1205 3846 1402 3914 quibus
1448 3845 1536 3899 hic
1572 3844 1789 3907 duriu‘r,

202 3944 263 4012 et
295 3934 532 3991 Philetus
583 3935 836 3991 similiter
879 3944 934 3991 et
979 3936 1333 4007 Hymenaeus,
1389 3936 1455 3990 de
1499 3936 1693 4003 quibus
1736 3936 1791 3989 in

202 4025 658 4093 subsequentibus
699 4040 879 4079 sermo
923 4026 1233 4080 habebitur.
1264 4025 1537 4095 Phygelus
1565 4039 1694 4096 ergo
1739 4032 1794 4080 et

206 4115 576 4184 Hermogenes
615 4116 962 4171 adhaeserunt
988 4132 1095 4171 non
1124 4116 1444 4186 simpliciter
1469 4117 1626 4170 beato
1651 4115 1792 4186 Apo-

200 4204 377 4268 stolo,
431 4206 526 4259 sed
573 4212 632 4259 ut
682 4205 1031 4275 explorarent
1078 4204 1197 4274 ejus
1245 4205 1680 4276 praedicationem
1736 4215 1793 4261 et

209 4297 714 4363 conversationem,
747 4307 802 4352 et
848 4299 1307 4369 reprehenderent
1335 4315 1491 4366 eum;
1542 4301 1638 4356 sed
1663 4300 1787 4356 cum

201 4389 310 4443 hoc
350 4392 464 4443 non
511 4373 850 4460 potuissent,
880 4401 1229 4445 recesserunt
1254 4391 1322 4445 ab
1349 4390 1477 4458 illo,
1512 4392 1636 4461 quia
1679 4406 1788 4447 non

198 4486 360 4532 erant
389 4489 550 4533 rectm
581 4479 613 4533 ti
622 4480 726 4534 dei.

274 4567 374 4621 Det
400 4569 814 4624 misericordiam
847 4570 1105 4626 Dominus
1133 4556 1443 4642 Onesipltori
1479 4573 1657 4627 domui
1677 4615 1692 4637 ,
1731 4562 1784 4629 id

1899 3386 1990 3442 hic
2019 3385 2252 3441 mundus
2276 3384 2361 3439 vel
2391 3384 2632 3438 Ecclesia
2658 3401 2673 3450 ;
2708 3376 2958 3454 agricolae
2986 3394 3040 3438 et
3068 3383 3332 3439 vinitores
3356 3392 3484 3439 sunt

1894 3478 2319 3549 przedicatores,
2354 3475 2449 3545 qui
2486 3475 2654 3546 ligore
2696 3475 2848 3530 verbi
2891 3468 2986 3529 Dei
3027 3475 3285 3530 excolunt
3313 3476 3478 3531 corda

1895 3558 2236 3634 auditorum;
2280 3568 2375 3639 qui
2417 3558 2612 3622 debent
2653 3558 2863 3622 fructus
2902 3566 2987 3623 sui
3029 3566 3263 3634 laboris,
3306 3568 3361 3623 id
3398 3575 3483 3623 est

1893 3667 2095 3721 victum
2114 3705 2128 3731 ,
2158 3672 2215 3719 et
2242 3663 2669 3720 calceamentum
2689 3706 2704 3730 ,
2734 3673 2791 3719 et
2811 3664 3195 3719 vestimentum
3226 3662 3479 3732 accipere

1893 3758 1962 3812 ab
1989 3756 2327 3811 auditoribus
2352 3756 2497 3821 suis,
2528 3742 2622 3825 qui
2665 3742 2858 3826 dignus
2895 3764 2980 3811 est
3008 3755 3292 3825 operarius
3333 3769 3476 3808 mer-

1892 3849 2022 3902 cede
2053 3862 2170 3901 sua.
2211 3846 2279 3900 Et
2305 3834 2542 3916 primum
2572 3847 2770 3921 debent
2799 3832 2875 3900 illi
2907 3861 3058 3901 suam
3093 3845 3479 3901 necessitatem

1894 3936 2119 4004 implere
2164 3950 2231 3989 ex
2274 3935 2360 3989 his
2400 3950 2521 4005 qua:
2563 3935 2867 4004 accipiunt,
2908 3946 2964 3989 et
3013 3935 3092 3989 sic
3134 3934 3480 4005 postmodum

1893 4012 2015 4079 aliis
2041 4026 2214 4080 dehis
2235 4040 2356 4095 quae
2384 4035 2675 4095 supersunt
2698 4018 3030 4080 ministrare.
3053 4025 3312 4079 Fortasse
3338 4039 3480 4094 qua:-

1891 4115 1962 4169 rit
2009 4114 2204 4185 aliquis
2257 4129 2426 4184 quare
2480 4114 2806 4185 Apostolus,
2850 4115 2943 4186 qui
2990 4114 3173 4169 labore
3219 4131 3478 4169 manuum

1890 4220 2112 4260 suarum
2136 4204 2385 4273 vivebat,
2411 4205 2535 4260 talia
2560 4194 3202 4277 prteceperit'Timotheo,
3224 4206 3479 4262 videlicet

1890 4306 1951 4352 ut
1989 4298 2260 4368 acciperet
2301 4287 2370 4353 ab
2394 4298 2731 4353 auditoribus
2762 4284 2876 4354 suis
2908 4312 2977 4352 ea
3007 4312 3127 4368 qua:
3165 4298 3474 4352 necessaria

1888 4386 1989 4442 sibi
2013 4387 2212 4442 erant?
2238 4377 2335 4443 Cui
2371 4388 2804 4458 respondendum
2839 4391 2923 4444 es’t
2957 4385 3295 4442 Timotheum
3324 4387 3478 4443 bona;

1886 4476 2181 4532 voluntatis
2212 4486 2373 4547 atque
2399 4465 2717 4533 intentionis
2740 4468 2909 4533 fuisse
2936 4494 2950 4545 ;
2978 4486 3034 4532 et
3056 4477 3180 4548 quia
3205 4477 3320 4547 ipse
3344 4477 3478 4533 scie-

1886 4570 1978 4625 bat
2006 4570 2221 4624 beatum
2250 4569 2567 4640 Apostolum
2594 4570 2782 4625 labore
2828 4585 3085 4624 manuum
3130 4585 3350 4623 suarum
3398 4569 3477 4624 vi-

196 4670 282 4717 est
322 4660 540 4717 familia:
578 4663 741 4739 illius.
787 4664 891 4719 lste
929 4664 1303 4735 Onesiphorus
1345 4667 1578 4721 Asianus
1618 4666 1790 4724 ﬁdelis
1817 4655 1867 4715 Ῑ)
1896 4674 2051 4725 vere.
2082 4660 2325 4731 nihilque
2357 4661 2604 4730 accipere
2644 4676 2674 4714 a
2716 4653 3006 4730 subjectis,
3033 4659 3247 4714 volebat
3274 4660 3474 4714 imitari

193 4763 315 4808 erat
343 4752 568 4809 allectus
598 4769 695 4824 per
724 4757 1164 4825 prmdicationem
1206 4757 1470 4826 Apostoli.
1518 4756 1619 4825 Qui
1663 4774 1786 4813 cum
1891 4752 2251 4821 magistrum;
2283 4753 2378 4806 sed
2409 4768 2516 4807 non
2558 4742 2773 4807 volebat
2816 4752 3069 4822 operari,
3107 4761 3365 4823 gravatus
3398 4752 3477 4805 in-

196 4842 281 4898 sui
311 4857 474 4896 causa
507 4834 744 4898 venisset
772 4843 1001 4899 Romam
1033 4846 1100 4899 ad
1129 4845 1511 4915 imperatorem
1531 4887 1547 4913 ,
1578 4855 1787 4917 utpote
1888 4845 2146 4901 ﬁrmitate
2190 4846 2475 4901 stomachi.
2509 4846 2850 4917 Quapropter
2887 4847 3111 4917 scripsit
3152 4846 3203 4901 ei
3246 4843 3476 4916 Aposto-

194 4932 324 5002 quia
363 4923 730 4990 nobilissimus
772 4944 891 4990 erat
918 4951 1232 5007 magnarqne
1261 4936 1537 5008 dignitatis
1557 4978 1571 5003 ,
1605 4939 1786 5009 requi-
1885 4937 1971 4993 lus
1998 4940 2268 5008 quatenus
2300 4939 2569 5008 acciperet
2612 4955 2642 4993 a
2683 4940 2941 5011 subjectis
2971 4939 3208 4995 subsidia
3228 4978 3244 5004 ,
3275 4953 3475 4993 consu-

193 5024 325 5079 sivit
351 5012 442 5079 ubi
484 5034 630 5081 esset
671 5016 999 5098 Apostolus;
1037 5036 1091 5082 et
1130 5044 1252 5082 cum
1298 5029 1591 5098 reperisset
1631 5030 1782 5086 illum
1885 5030 2003 5085 lens
2022 5028 2331 5084 inﬁrmitati
2361 5030 2522 5085 illius.
2550 5029 2703 5086 Unde
2732 5038 2787 5083 et
2814 5029 3016 5085 subidit
3045 5046 3057 5082 :
3088 5027 3330 5097 Intellige
3354 5042 3473 5097 qua:

192 5129 318 5170 esse
349 5115 402 5169 in
435 5131 676 5183 carcere,
704 5133 809 5172 non
839 5113 925 5173 est
952 5106 1270 5189 dedignatus
1298 5119 1364 5173 ad
1381 5104 1777 5189 'illum'venire,
1883 5112 2001 5178 dico
2020 5164 2034 5189 ,
2063 5122 2319 5178 subaudis
2347 5123 2473 5193 quia
2512 5123 2580 5178 ad
2620 5131 2673 5178 te
2698 5122 2993 5192 pertinent.
3024 5118 3183 5173 Dabit
3212 5119 3352 5173 enim
3377 5116 3475 5171 tibi

194 5208 290 5262 sed
321 5209 628 5265 consolatus
652 5219 735 5264 est
762 5205 910 5264 illum
931 5251 947 5275 ,
977 5211 1032 5264 e‘t
1058 5210 1292 5280 ‘przebuit
1333 5211 1382 5266 ei
1427 5227 1548 5280 quae
1593 5228 1782 5269 neces—
1834 5276 1845 5289 ,
1881 5199 2140 5268 Dominus
2170 5207 2513 5281 intellectum,
2541 5229 2650 5269 non
2676 5212 2854 5268 solum
2876 5211 2932 5266 in
2960 5209 3074 5277 hic,
3103 5208 3197 5265 sed
3228 5206 3389 5264 etiam
3415 5209 3469 5261 in

193 5299 338 5353 saria
374 5309 548 5354 erant.
589 5300 717 5356 lude
748 5301 879 5368 dicit
914 5302 1203 5371 Apostolus
1240 5319 1416 5373 :8tt'pe
1455 5320 1536 5357 me
1570 5304 1780 5375 refrige-
1881 5307 2142 5361 omnibus.

192 5387 348 5454 ravit,
374 5404 472 5444 suo
498 5390 767 5460 colloquio
791 5399 842 5446 et
862 5392 1254 5459 consolatione,
1279 5403 1326 5447 et
1350 5405 1586 5448 catenam
1608 5402 1779 5450 meam

192 5495 298 5533 non
324 5482 550 5536 erubuit.

263 5570 365 5626 Det
395 5571 474 5625 illi
502 5573 645 5629 Deus
676 5573 839 5631 Pater
870 5575 1101 5631 invenire
1140 5576 1554 5631 misericordiam
1585 5577 1642 5631 in
1678 5576 1774 5631 illa

189 5662 276 5718 die
303 5681 335 5717 a
383 5664 612 5720 Domino
633 5707 647 5732 ,
678 5666 936 5722 subaudis
965 5666 1102 5721 Filio
1121 5707 1135 5733 ,
1169 5668 1221 5723 id
1252 5677 1335 5722 est
1363 5668 1416 5722 in
1457 5668 1543 5722 die
1583 5668 1789 5749 adveni

193 5764 281 5810 tus
304 5754 424 5811 Filii
454 5758 550 5813 Dei
580 5759 646 5815 ad
670 5758 934 5829 judicium
956 5801 969 5824 ,
1002 5761 1085 5815 det
1127 5760 1206 5814 illi
1246 5761 1388 5816 Deus
1429 5759 1595 5814 Pater
1629 5761 1785 5813 mise-

192 5844 479 5905 ricordiam
506 5851 749 5906 invenire.
786 5841 915 5907 Tale
944 5861 1028 5906 est
1057 5853 1160 5906 hoc
1190 5853 1350 5922 quale
1390 5862 1444 5908 et
1480 5852 1606 5908 illud
1636 5854 1783 5924 quod

1952 5396 2157 5451 Memor
2183 5405 2292 5452 esto
2324 5399 2609 5453 Dominum
2642 5395 2825 5452 Iesum
2873 5395 3222 5450 resurrexisse
3258 5409 3289 5446 a
3323 5406 3469 5445 mor-

1884 5489 2009 5554 tuis,
2031 5506 2096 5543 em
2118 5490 2314 5544 semine
2336 5489 2534 5557 David,
2566 5490 2619 5546 id
2648 5498 2732 5546 est
2758 5490 2824 5546 de
2860 5488 3116 5561 progenie
3143 5485 3313 5541 David
3341 5503 3364 5545 :,
3391 5501 3473 5540 se-

1888 5581 2117 5635 cundum
2141 5579 2486 5652 Evangelium
2511 5598 2703 5647 meum,
2743 5581 2796 5636 id
2823 5589 2908 5636 est
2945 5577 3243 5635 secundum
3272 5575 3472 5647 praedi-

1892 5670 2158 5726 cationem
2187 5686 2383 5726 meam.
2415 5671 2529 5726 Non
2563 5679 2779 5742 oportet
2818 5670 3190 5733 Timotheum,
3229 5667 3300 5721 ita
3334 5664 3472 5723 scri-

1895 5762 2056 5819 bebat
2102 5760 2422 5832 Apostolus,
2480 5771 2540 5816 ut
2584 5762 2699 5832 ipse
2751 5763 3063 5833 ignoraret,
3117 5757 3212 5813 sed
3248 5764 3473 5828 propter

1900 5853 2186 5909 haereticos
2209 5869 2340 5924 quos
2381 5853 2613 5925 pervidit
2654 5852 2884 5919 futuros,
2934 5852 3029 5924 qui
3069 5849 3266 5907 dicturi
3309 5854 3469 5905 erant
