3974 6468
496 442 604 501 8υὸ

979 439 1068 494 HA
1083 434 1333 493 YMONIS
1366 427 1847 488 HALBERSTAT.
1885 425 2100 482 EPISC.
2143 423 2294 480 OPP.
2340 421 2519 478 PARS
2556 421 2598 477 Ι.
2623 451 2692 463 ——
2730 420 3087 477 COMMENT.
3126 422 3295 478 BIBL.

3675 425 3791 485 804

496 555 772 615 Christum
791 570 896 610 non
932 549 1295 607 rcsnrrexisse
1328 563 1358 601 a
1397 543 1644 610 mortuis,
1683 557 1858 612 neque
1886 548 2075 596 natum
2108 561 2153 616 Α
2180 540 2335 593 brum
2367 545 2614 608 occupat,
2643 547 2696 592 et
2726 538 3044 610 plerumque
3073 548 3243 595 totum
3290 556 3495 613 corpus
3532 542 3791 599 mortiﬁ-

496 654 564 708 de
583 648 809 720 virgine.
835 645 892 700 Si
920 645 1064 699 enim
1087 642 1153 697 de
1182 640 1387 711 virgine
1425 645 1585 691 natus
1609 649 1719 690 non
1748 643 1858 697 est,
1886 632 2075 701 utique

495 758 598 799 nec
610 742 676 796 de
689 738 912 803 semine,
932 736 984 790 id
1000 742 1082 791 est
1097 734 1163 789 de
1184 731 1444 803 progenie
1458 728 1628 784 David
1648 725 1946 782 descendit.
1966 722 2076 780 Sed

487 828 723 887 veritate
770 828 1083 883 roboratum
1126 824 1279 879 illum
1319 823 1387 877 de
1422 822 1631 877 semine
1664 818 1907 873 mulieris
1953 830 2075 871 esse

495 931 681 976 natum
706 921 833 981 sine.
860 919 1067 973 semine
1092 916 1229 980 viri,
1259 922 1314 968 et
1348 922 1531 968 tamen
1568 911 1724 982 virgo
1753 906 2068 979 permansit.

563 1012 632 1067 In
666 1029 769 1082 quo
808 1009 1100 1080 Evangelio
1138 1008 1317 1062 laboro
1370 1022 1532 1077 usque
1570 1004 1638 1058 ad
1678 1001 1886 1057 vincula
1926 1000 2079 1073 quasi

492 1102 628 1157 male
658 1117 899 1173 aperans,
926 1101 978 1154 id
1002 1107 1085 1154 est
1116 1098 1272 1169 quasi
1320 1097 1460 1153 latro
1501 1102 1593 1153 aut
1633 1092 1941 1149 homicida:
1986 1091 2077 1146 sed

492 1195 701 1250 verbum
741 1194 833 1247 Dei
865 1210 969 1246 non
1012 1200 1086 1246 est
1128 1190 1427 1261 alligatum,
1464 1187 1515 1242 id
1561 1195 1645 1241 est
1673 1185 1801 1239 licet.
1838 1198 1936 1253 ego
1974 1183 2076 1237 sim

492 1287 742 1358 alligatus
776 1292 1226 1354 corpore,tamen
1254 1282 1475 1336 verbum
1505 1278 1596 1333 Dei
1630 1292 1737 1331 non
1775 1283 1859 1330 est
1895 1273 2079 1344 alliga-

496 1386 607 1431 tum
641 1393 656 1442 ;
684 1375 807 1444 quia
837 1389 1048 1443 semper
1072 1373 1306 1442 praedico
1337 1369 1546 1440 positus
1578 1368 1631 1421 in
1661 1364 1914 1420 vinculis.

564 1464 717 1530 Ideo,
738 1464 992 1520 subaudis
1018 1464 1144 1532 quia
1164 1461 1387 1515 verbum
1415 1458 1509 1512 Dei
1540 1473 1645 1511 non
1672 1465 1756 1512 est
1779 1454 2075 1526 alligatum,

494 1557 670 1612 omnia
710 1554 1046 1611 incommoda
1088 1554 1318 1608 sustineo
1360 1560 1571 1622 propter
1619 1549 1805 1604 electos
1831 1588 1847 1615 ,
1896 1547 1953 1601 id
1994 1554 2081 1602 est

492 1660 715 1720 prepter
740 1649 862 1703 illos
880 1647 971 1718 qui
991 1646 1147 1701 electi
1166 1641 1607 1716 etpraedestinati
1631 1647 1756 1696 sunt
1777 1647 1833 1694 ut
1854 1637 2081 1693 salutem

494 1752 915 1811 consequantur.

570 1833 709 1888 Nam
736 1835 782 1887 si
809 1831 1117 1887 commortui
1144 1846 1346 1893 sumus,
1380 1837 1428 1882 et
1458 1827 1813 1891 convivemus,
1843 1824 1898 1880 id
1919 1831 2004 1879 est
2034 1823 2079 1877 si

496 1923 762 1978 morimur
783 1922 1017 1992 peccatis
1037 1920 1091 1974 in
1116 1918 1463 1990 baptismate,
1497 1917 1639 1971 sicut
1666 1916 1914 1970 Christus
1934 1927 2077 1967 mor-

496 2030 620 2076 tuus
648 2030 733 2075 est
750 2034 915 2075 carne
939 2018 1056 2073 sine
1080 2023 1331 2086 peccato,
1359 2014 1606 2067 vivemus
1635 2010 1820 2080 utique
1845 2024 1968 2063 cum
1990 2006 2080 2063 illo

494 2115 603 2171 vita
627 2122 854 2176 mterna,
886 2112 930 2167 si
961 2111 1015 2165 in
1044 2109 1203 2164 bonis
1231 2107 1487 2178 operibus
1525 2103 2082 2176 permanserimus,et

495 2205 906 2274 supervivemus
937 2203 987 2256 in
1017 2216 1133 2271 spe.

568 2293 626 2349 Si
647 2293 1035 2358 sustinebimus,
1064 2287 1322 2347 subaudis
1334 2285 1708 2344 tribulationes
1720 2292 1775 2340 et
1800 2282 2084 2354 passiones

496 2400 595 2456 pro
623 2383 838 2440 Christo
880 2384 934 2438 in
966 2383 1070 2438 hoc
1101 2381 1321 2449 saeculo,
1363 2380 1506 2436 sicut
1538 2378 1652 2449 ipse
1690 2376 1949 2431 sustinuit
1986 2390 2084 2446 pro

499 2475 675 2540 nobis,
708 2484 754 2529 et
780 2474 1211 2544 conregnabimus
1243 2470 1483 2526 cumillo
1523 2470 1576 2523 in
1611 2477 1814 2524 :eterna
1852 2467 2086 2523 beatitu-

498 2566 641 2632 dine;
680 2566 726 2620 si
768 2566 1145 2636 negaverimus,
1168 2556 1426 2619 sub'audis
1462 2562 1609 2617 illum
1635 2577 1822 2617 coram
1853 2560 2086 2617 homini-

496 2656 623 2721 bus,
644 2667 690 2710 ct
712 2656 801 2711 ille
822 2655 1024 2726 negabit
1049 2671 1162 2719 nos,
1188 2654 1328 2708 sicut
1352 2655 1464 2724 ipse
1486 2653 1621 2708 dixit
1649 2670 1662 2706 :
1697 2651 1801 2719 Qui
1824 2652 2085 2723 negaverit

497 2765 581 2803 nte
609 2764 787 2802 coram
823 2747 1145 2814 hominibus,
1181 2746 1378 2817 negabo
1412 2761 1532 2800 eum
1569 2760 1744 2799 coram
1782 2740 1944 2797 Patre
1973 2758 2086 2797 meo

502 2837 718 2911 (Matth.
757 2835 835 2906 Χ).

570 2928 628 2985 Si
658 2946 761 2984 non
787 2929 1047 2984 credimus
1083 2928 1258 2993 illum,
1300 2924 1559 2985 subaudis
1595 2924 1789 2981 Filium
1830 2925 1925 2980 Dei
1956 2939 2088 2981 esse

499 3028 554 3077 et
574 3036 761 3074 verum
795 3019 982 3086 Deum,
1024 3018 1111 3073 ille
1133 3018 1304 3088 ﬁdelis
1332 3031 1504 3072 manet
1526 3060 1539 3085 ,
1565 3018 1616 3072 id
1645 3028 1728 3071 est
1752 3032 1913 3071 verus
1942 3015 2088 3071 Deus

468 3105 481 3117 “
498 3118 697 3164 manet.
718 3109 870 3163 Sicut
886 3109 1028 3163 Deus
1049 3109 1392 3179 omnipotens
1419 3123 1525 3162 non
1554 3117 1676 3178 eget
1696 3114 1879 3162 nostra
1902 3105 2085 3172 laude,

497 3204 576 3258 sic
604 3202 766 3256 etiam
816 3201 861 3255 si
903 3200 1244 3255 adhaeremus
1277 3200 1353 3254 illi
1388 3215 1495 3254 non
1526 3200 1742 3263 crescit,
1780 3214 1956 3269 neque
1994 3213 2086 3252 re-

2178 642 2287 697 cat,
2315 632 2441 701 quia
2469 630 2643 701 magis
2672 645 2738 686 ac
2776 631 2949 702 magis
2973 632 3161 698 servit,
3188 633 3241 687 id
3275 641 3358 688 est
3385 635 3620 699 crescit,
3651 650 3786 690 cur5

2177 738 2410 793 nemque
2465 722 2743 789 comedit,
2796 723 2871 779 ita
2916 739 3096 779 sermo
3158 725 3547 781 haereticorum
3599 728 3783 783 vitam

2176 816 2374 871 animte
2397 815 2664 880 cornedito,
2694 814 2748 870 id
2793 822 2877 869 est
2909 814 3069 870 ﬁdem
3098 816 3332 871 comedit
3370 825 3426 872 et
3468 817 3785 874 mortiﬁmt

2179 908 2347 980 ipsam
2376 908 2613 961 animam
2659 921 2758 961 suo
2804 914 3029 962 errore:
3062 915 3118 962 et
3144 908 3286 963 sicut
3325 922 3532 964 cancer
3575 911 3783 980 serpit,

2178 1000 2233 1056 id
2276 1010 2361 1055 est
2391 1000 2590 1055 crescit
2637 999 2704 1055 de
2748 1001 2993 1055 membro
3029 1001 3084 1055 in
3116 1002 3442 1068 membrum,
3490 1003 3568 1057 ita
3618 1019 3785 1059 error

2179 1092 2374 1147 crescit
2418 1092 2484 1147 de
2511 1104 2619 1145 uno
2664 1089 2995 1146 transeundo
3045 1092 3100 1145 in
3148 1090 3429 1161 plurimos.
3464 1090 3556 1146 Ex
3582 1095 3785 1163 quibus

2180 1183 2451 1237 hmreticis
2479 1181 2790 1251 vaniloquia
2826 1182 2940 1236 sive
2981 1183 3311 1251 inaniloquia
3337 1184 3686 1239 habentibus
3706 1197 3785 1239 est

2182 1275 2506 1347 Hymenwus
2534 1287 2583 1329 et
2631 1274 2892 1341 Philetas,
2946 1277 3092 1345 quia
3129 1277 3359 1331 veritate
3406 1278 3537 1331 ﬁdei
3567 1278 3785 1333 excide-

2182 1376 2323 1431 runt,
2370 1367 2483 1422 sive
2529 1366 2863 1432 ceciderunt,
2912 1368 3143 1422 dicentes
3181 1370 3627 1422 resurrectionem
3663 1370 3780 1438 jam

2182 1459 2397 1528 factam.
2427 1457 2554 1513 Duae
2586 1458 3014 1514 resurrectiones
3048 1475 3079 1513 a
3125 1459 3354 1514 Domino
3378 1469 3517 1514 sunt
3555 1461 3783 1530 prolata

2168 1557 2237 1604 et
2264 1568 2294 1602 a
2318 1549 2474 1603 nobis
2496 1547 2751 1603 creditae:
2782 1549 2959 1618 prima
2981 1557 3063 1603 est
3089 1565 3209 1619 qua:
3248 1549 3308 1603 lit
3335 1550 3391 1604 in
3418 1552 3609 1605 anima
3644 1554 3783 1608 etin

2184 1641 2309 1707 fide,
2341 1641 2558 1710 quando
2600 1640 2765 1695 homo
2792 1641 2883 1710 qui
2924 1650 3169 1696 mortuus
3210 1649 3296 1696 est
3335 1644 3393 1697 in
3435 1644 3784 1711 inﬁdelitate.

2184 1735 2236 1789 in
2266 1733 2623 1788 inobedientia
2647 1773 2663 1799 ,
2695 1733 2750 1788 in
2793 1733 3079 1804 iniustitia,
3114 1735 3484 1806 omnibusque
3516 1740 3779 1807 peccatis.

2182 1827 2334 1881 venit
2360 1826 2425 1880 ad
2447 1824 2800 1895 baptismum,
2822 1835 2877 1879 et
2899 1840 2995 1894 per
3017 1825 3174 1879 ﬁdem
3195 1840 3301 1896 qua
3326 1828 3512 1882 credit
3536 1828 3592 1882 in
3612 1831 3773 1883 Deam

2107 1922 2153 1986 Β
2182 1918 2625 1988 omnipotentem,
2655 1927 2710 1972 et
2733 1932 2830 1987 per
2878 1919 3109 1988 gratiam
3144 1918 3502 1987 baptismatis
3552 1922 3777 1991 resurgit

2183 2010 2250 2064 ad
2278 2010 2437 2065 ﬁdem
2461 2018 2515 2063 et
2537 2009 2927 2065 obedientiam.
2959 2009 3036 2063 De
3067 2026 3171 2080 qua
3198 2013 3623 2067 resurrectione
3658 2014 3781 2069 dicit

2182 2100 2445 2157 Dominus
2467 2116 2481 2154 :
2514 2099 2661 2155 Venit
2691 2107 2845 2166 hora,
2868 2111 2915 2155 et
2946 2118 3082 2156 nunc
3103 2110 3179 2156 est
3204 2105 3424 2173 quando
3451 2108 3661 2159 mortui
3688 2124 3778 2159 n-

2166 2194 2325 2247 ~dient
2363 2210 2535 2247 vocem
2577 2191 2709 2248 Filii
2740 2193 2839 2247 Dei
2865 2210 2884 2259 ;
2923 2202 2973 2248 et
3008 2194 3101 2263 qui
3128 2186 3422 2260 audierint,
3468 2197 3530 2251 id
3578 2205 3667 2253 est
3701 2201 3775 2269 qui

2181 2284 2522 2350 ohedierint,
2564 2285 2730 2339 vivent
2771 2283 2956 2357 (Joan.
3004 2285 3082 2358 v).
3131 2284 3317 2341 Altera
3370 2296 3464 2342 est
3510 2289 3775 2359 generali

2187 2392 2474 2448 corporum
2505 2376 2634 2447 quid
2659 2377 2765 2431 erit
2804 2377 2859 2431 in
2902 2378 2989 2432 die
3020 2375 3233 2446 judicii,
3261 2378 3331 2433 de
3358 2395 3475 2449 qua
3518 2381 3783 2435 etiamait

2186 2469 2476 2525 Dominus:
2510 2468 2653 2524 Venit
2678 2469 2813 2524 hora
2830 2470 2889 2525 in
2909 2487 3012 2541 qua
3038 2488 3214 2526 omnes
3239 2472 3408 2542 quiin
3431 2476 3781 2528 monumentis

2186 2571 2306 2615 sunt
2336 2560 2551 2614 audient
2574 2574 2755 2614 vocem
2787 2558 2915 2614 Filii
2958 2560 3073 2626 Dei,
3114 2570 3169 2616 et
3210 2563 3525 2631 precedent
3578 2561 3781 2633 (Ibid).

2189 2652 2264 2708 De
2290 2652 2377 2707 illa
2400 2652 2804 2708 resurrectione
2824 2668 2944 2722 quae
2969 2653 3026 2707 lit
3064 2653 3116 2708 in
3140 2654 3321 2708 anima
3364 2662 3423 2710 et
3454 2655 3510 2708 in
3559 2656 3677 2711 ﬁde
3713 2656 3784 2711 lo-

2188 2745 2374 2816 quitur
2414 2745 2505 2800 hic
2532 2743 2821 2815 Apostolus
2850 2760 3012 2815 quam
3060 2744 3383 2811 llymenzeus
3436 2754 3490 2801 et
3546 2746 3785 2804 Philetas

2190 2836 2440 2891 dicebant
2462 2833 2575 2903 jam
2604 2850 2742 2891 esse.
2771 2835 2836 2890 Et
2858 2836 3098 2906 nunquid
3126 2853 3313 2893 verum
3352 2854 3469 2893 non
3492 2839 3787 2894 dicebant?

2194 2925 2391 2982 Verum
2415 2927 2619 2996 utique,
2651 2941 2828 2996 neque
2858 2938 3043 2996 proter
3062 2928 3162 2982 hoc
3203 2928 3701 2999 reprehenduntur
3730 2929 3788 2983 ab

2189 3015 2446 3086 Apostolo
2468 3033 2482 3083 ;
2507 3018 2603 3072 sed
2633 3025 2915 3088 prepterea
2940 3018 3067 3088 quia
3097 3018 3253 3073 istam
3282 3018 3645 3075 solummodo
3678 3036 3788 3076 eol-

2192 3107 2505 3171 litcbantur,
2533 3108 2760 3162 alteram
2787 3124 2907 3178 qua:
2933 3110 3037 3164 erit
3065 3110 3118 3163 in
3158 3125 3385 3179 corpore
3426 3112 3784 3183 denegantcs.

2191 3195 2392 3252 Omnes
2424 3199 2571 3252 enim
2617 3208 2782 3254 sectae
2824 3213 2944 3269 quae
2984 3190 3139 3255 suum
3180 3216 3426 3256 errorem
3471 3203 3787 3259 hominibus

498 3293 822 3348 cesserimus
872 3292 1179 3357 decrescit,
1227 3292 1354 3362 quia
1409 3306 1625 3360 semper
1667 3300 1850 3346 manet
1914 3292 2080 3346 idem.
2104 3279 2157 3347 'C
2192 3287 2431 3343 inserere
2453 3300 2934 3360 prmsumpserunt,
2956 3308 3064 3347 non
3090 3303 3425 3364 negaverunt
3445 3295 3620 3350 istam
3647 3311 3789 3352 mea-

502 3384 711 3455 Negare
747 3385 972 3454 seipsum
1018 3400 1122 3436 non
1163 3393 1352 3454 potest,
1394 3384 1447 3436 id
1491 3392 1575 3437 est
1615 3398 1813 3452 negare
1850 3384 2087 3454 seipsum

498 3490 607 3529 non
630 3474 742 3528 vult
768 3472 910 3543 quod
934 3490 1039 3527 non
1070 3474 1139 3527 sit
1158 3472 1321 3538 Deus,
1352 3481 1413 3527 ut
1443 3474 1632 3528 beatus
1655 3460 1985 3545 Augustinus
2010 3475 2089 3530 di-

499 3568 611 3622 cit:
650 3581 748 3621 nec
774 3566 918 3620 enim
951 3565 1107 3620 decet
1145 3567 1313 3619 Deum
1343 3575 1400 3619 ut
1427 3568 1775 3636 semetipsum
1803 3577 1984 3638 neget.

576 3655 704 3710 Ηαέ
726 3672 1013 3722 commune,
1033 3658 1319 3726 testiﬁcans
1350 3673 1526 3710 coram
1561 3657 1690 3726 Deo,
1723 3660 1777 3714 id
1800 3669 2089 3717 esttestem

505 3746 671 3801 Deum
694 3746 971 3802 invocans.
1008 3746 1134 3801 Noli
1167 3748 1327 3801 verbis
1349 3748 1680 3814 contendere,
1707 3752 1966 3807 subaudis
1994 3770 2090 3808 ne-

504 3853 609 3906 que
640 3854 760 3893 cum
785 3839 1031 3907 gentibus
1062 3854 1235 3910 neque
1261 3855 1383 3894 cum
1412 3838 1649 3906 ludatis;
1683 3842 1753 3896 ad
1788 3843 1919 3896 nihil
1952 3846 2089 3898 enim

503 3928 629 3982 utile
655 3939 728 3983 est
759 3930 1103 3995 contendere,
1133 3930 1234 3983 nisi
1265 3930 1333 3982 ad
1359 3930 1741 3986 subversionem
1767 3932 1881 3988 sive
1908 3933 1974 3989 ad
2000 3934 2093 3989 de-

502 4020 802 4091 ccptionem
843 4021 1191 4075 audientium.
1240 4020 1393 4093 Smpe
1441 4022 1567 4076 dum
1610 4024 1947 4078 contendunt
1993 4026 2091 4080 bo-

502 4114 678 4167 mines
704 4114 770 4167 de
796 4112 1183 4182 qumstionibus
1209 4112 1637 4184 Scripturarum,
1655 4116 1893 4171 maxime
1910 4117 2090 4188 illiqui

502 4203 775 4271 sapientes
798 4204 1046 4257 videntur
1092 4219 1211 4259 esse
1253 4205 1528 4274 decipiunt
1565 4207 1728 4260 corda
1782 4208 2087 4263 auditorum

505 4295 869 4365 simplicium,
924 4296 1048 4367 quia
1106 4298 1421 4367 plerumque
1472 4297 1598 4353 talia
1646 4299 1930 4370 proferunt
1970 4318 2091 4374 qua

504 4394 690 4439 contra
721 4386 951 4441 salutem
980 4388 1118 4442 'sunt
1174 4397 1230 4443 et
1267 4396 1459 4442 contra
1509 4390 1814 4457 veritatem,
1857 4409 1965 4449 non
1995 4412 2091 4451 cu-

507 4486 692 4531 rantes
750 4479 855 4533 nisi
914 4480 1285 4534 tantunnnodo
1326 4489 1387 4534 ut
1420 4481 1718 4537 vindicant.
1756 4482 2008 4542 Attamen
2044 4488 2091 4543 si

504 4569 705 4639 aliquid
729 4570 1110 4640 disputandum
1149 4580 1231 4626 est
1260 4571 1326 4625 de
1366 4570 1664 4642 Scripturis
1692 4575 1911 4641 divinis,
1949 4578 2090 4634 inter

505 4661 776 4730 sapientes
817 4662 997 4731 potius
1036 4661 1254 4717 collatio
1290 4671 1372 4717 est
1408 4662 1656 4719 habenda
1690 4679 1816 4720 cum
1854 4668 2084 4737 ratione,
2115 4642 2168 4701 Ῐ)

504 4768 668 4823 quam
697 4754 969 4809 contentio
1003 4770 1125 4809 cum
1152 4754 1349 4810 furore.

577 4840 830 4908 Sollicite,
856 4843 909 4898 id
936 4852 1018 4899 est
1048 4844 1306 4909 studiose,
1332 4861 1461 4899 cura
1495 4846 1714 4917 teipsum
1742 4848 2089 4922 probabilem,

504 4932 557 4989 id
583 4943 669 4988 est
698 4934 980 5003 probatum
1017 4944 1074 4989 et
1116 4934 1456 5000 laudabilem,
1482 4937 1721 4992 exhibere
1758 4939 1869 4995 Deo
1905 4959 2091 5013 opera-

505 5027 644 5079 rium
690 5025 1131 5094 inconfusibilem,
1176 5026 1289 5080 sive
1350 5027 1905 5099 irreprehcnsdtilem,
1955 5046 2091 5091 recte

505 5125 817 5170 tractantem
843 5123 897 5171 et
924 5132 1048 5170 cum
1084 5117 1311 5171 veritate
1339 5127 1700 5186 exponentem
1748 5124 1958 5178 verbum
2007 5143 2090 5181 ve-

504 5208 696 5262 malis.

576 5296 820 5370 Profana
842 5310 1039 5368 autem,
1074 5303 1126 5358 id
1160 5313 1246 5359 est
1276 5305 1579 5377 irreligiosa
1623 5317 1680 5364 et
1721 5310 1937 5365 veritati
1963 5326 2094 5367 con-

509 5394 700 5460 traria,
731 5406 780 5450 et
804 5395 1101 5465 vaniloquia
1148 5413 1268 5468 quae
1316 5400 1517 5454 nullam
1545 5401 1838 5458 utilitatem
1869 5405 2092 5475 habent,

506 5484 681 5539 devita
704 5496 755 5541 et
793 5484 932 5556 iuge.
953 5485 1178 5541 Multum
1200 5490 1334 5542 enim
1358 5490 1638 5561 proficiunt
1662 5493 1731 5547 ad
1752 5493 2089 5564 impietatem,

509 5577 562 5632 id
592 5587 676 5633 est
706 5580 927 5633 multum
953 5582 1248 5651 praevalent
1275 5585 1343 5638 ad
1388 5585 1845 5658 irreligiositatem
1888 5587 2092 5644 vanilo-

463 5671 471 5679 ’
508 5671 660 5741 quia,
690 5682 737 5726 et
767 5690 936 5728 sermo
970 5692 1170 5743 eorunt,
1215 5678 1269 5733 id
1295 5687 1374 5735 est
1408 5695 1587 5736 scrnte
1612 5683 1993 5739 htereticorum
2035 5694 2091 5739 at

509 5778 700 5817 cancer
725 5766 905 5835 serpit.
938 5767 1090 5824 Sicut
1124 5771 1343 5826 morbus
1391 5773 1484 5843 qui
1536 5774 1838 5844 appellatur
1872 5791 2091 5844 cancer,

511 5852 728 5922 quando
754 5856 996 5913 nascitur
1024 5860 1078 5915 in
1125 5861 1367 5919 membro
1411 5864 1676 5933 hominis,
1728 5874 1899 5923 totum
1926 5882 2096 5925 mem-

2192 3381 2325 3436 tium
2368 3383 2820 3438 resurrectionem
2852 3425 2867 3450 ,
2916 3393 2977 3439 ut
3016 3386 3208 3442 beatus
3250 3382 3596 3459 Augustinus
3638 3391 3784 3454 dicit,

2190 3475 2284 3529 sed
2324 3488 2631 3545 corporum,
2679 3490 2748 3530 ne
2779 3474 3032 3531 dicerent
3074 3478 3156 3533 eis
3203 3497 3215 3533 :
3268 3477 3326 3534 Si
3374 3495 3489 3534 non
3541 3490 3787 3552 resurget

2190 3563 2393 3629 anima,
2424 3578 2593 3633 quare
2616 3564 2748 3618 mihi
2770 3564 2897 3618 talia
2918 3565 3202 3636 loqueris?
3235 3566 3375 3635 Quid
3403 3568 3461 3623 in
3489 3584 3582 3624 me
3612 3568 3789 3626 facere

2189 3654 2316 3709 vis?
2345 3652 2403 3708 Si
2432 3668 2542 3708 non
2568 3653 2701 3710 facis
2721 3669 2788 3709 ex
2817 3656 3087 3712 deteriore
3113 3658 3420 3723 meliorem,
3454 3674 3635 3730 quam
3662 3662 3789 3718 mihi

2190 3747 2481 3817 loqueris?
2515 3747 2665 3801 Multi
2693 3756 2873 3803 tamen
2905 3750 3086 3804 carnis
3127 3751 3591 3807 resurrectionem
3628 3768 3786 3823 ngas

2190 3849 2405 3905 verunt,
2437 3840 2580 3895 sicut
2608 3838 2931 3910 Hymenaeus
2956 3848 3011 3895 et
3052 3824 3312 3900 Philetas.
3364 3843 3460 3912 qui
3508 3859 3539 3897 a
3590 3843 3705 3906 ﬁde
3741 3850 3791 3898 et

2192 3931 2456 3985 societate
2488 3930 2630 3985 beati
2654 3929 2803 3985 Pauli
2831 3932 3149 3989 recedentes
3176 3933 3526 3989 seminabant
3543 3950 3791 3991 errorem

2191 4021 2504 4093 hujusmodi
2553 4040 2565 4076 :
2623 4019 2942 4093 Quicunque
2988 4024 3293 4095 baptizatus
3325 4034 3412 4080 est
3449 4025 3567 4094 jam
3605 4042 3790 4083 resur-

2194 4112 2334 4166 rexit
2361 4113 2415 4167 in
2462 4112 2662 4167 anima.
2696 4112 2812 4169 Non
2839 4123 2923 4169 est
2963 4129 3189 4173 necesse
3221 4126 3285 4171 ut
3328 4117 3528 4174 timeat
3570 4119 3787 4190 aliquis,

2193 4208 2319 4278 quia
2342 4222 2450 4263 non
2476 4208 2582 4263 erit
2611 4210 2937 4265 resurrectio
2957 4226 3262 4282 corporum.

2266 4298 2373 4355 Sed
2417 4300 2631 4370 ﬁrmum
2660 4300 3058 4371 fundamentum
3090 4303 3187 4358 Dei
3220 4312 3354 4369 stat,
3386 4303 3586 4360 habens
3616 4307 3791 4376 signa-

2195 4391 2371 4446 culum
2415 4392 2533 4447 hoc.
2578 4392 2744 4461 Quasi
2791 4394 2995 4449 diceret
3036 4396 3233 4466 aliquis
3267 4414 3280 4450 :
3324 4394 3393 4451 Et
3431 4397 3560 4467 quis
3588 4398 3792 4467 poterit

2197 4484 2453 4540 resistere
2501 4484 2611 4551 eis,
2656 4485 2867 4541 Phileto
2913 4486 3123 4543 scilicet
3165 4495 3221 4542 et
3279 4485 3619 4559 Hymenaeo?
3671 4488 3790 4545 Ideo

2197 4574 2428 4645 subjecit
2471 4574 2654 4630 statim
2688 4592 2701 4628 :
2736 4575 2977 4630 Firmum
3019 4586 3200 4633 autem
3245 4576 3666 4634 fundamentum
3702 4579 3790 4635 Dei

2193 4677 2322 4725 stat.
2344 4669 2586 4725 Firmum
2609 4670 3015 4727 fundamentum
3033 4673 3126 4728 Dei
3148 4674 3378 4745 appellat
3391 4674 3559 4731 ﬁdem
3580 4676 3790 4731 lit-man

2192 4775 2302 4831 qua
2327 4761 2600 4818 credimus
2627 4762 2795 4819 Deum
2819 4764 3264 4834 omnipotentem,
3290 4765 3431 4821 sicut
3453 4769 3789 4823 credendum

2194 4860 2313 4917 est,
2344 4861 2398 4907 et
2430 4868 2535 4922 qua
2580 4854 2854 4909 credimus
2897 4838 3349 4911 resurrectionem
3393 4859 3714 4915 animarum
3740 4861 3791 4914 in

2194 4945 2445 5017 prmsenti
2500 4953 2555 5000 et
2592 4955 2879 5016 corporum
2937 4947 2991 5001 in
3031 4948 3231 5005 futuro.
3279 4948 3428 5005 Istud
3469 4951 3794 5007 fundam

2196 5046 2309 5092 tum
2338 5044 2445 5092 stat
2478 5038 2531 5091 in
2572 5038 2826 5093 cordibus
2870 5037 3109 5095 ﬁdelium
3151 5041 3357 5098 habens
3391 5042 3497 5096 hoc
3542 5043 3791 5112 signacu-

2197 5132 2346 5198 lum,
2378 5130 2636 5189 subaudis
2682 5132 2823 5201 quod
2872 5133 3161 5200 sequitur:
3196 5131 3354 5187 Novit
3396 5132 3661 5188 Dominus
3707 5133 3791 5204 qni

2122 5244 2133 5255 -
2199 5234 2318 5277 sunt
2343 5225 2478 5294 ejus.
2514 5223 2619 5278 ista
2650 5232 2733 5278 est
2759 5224 3043 5293 impressio
3067 5223 3249 5294 sigilli,
3275 5226 3399 5294 quia
3433 5226 3689 5288 novit,id
3715 5234 3793 5279 est

2201 5313 2364 5385 elegit
2393 5315 2652 5369 Dominus
2679 5313 2800 5368 illos
2834 5314 2925 5384 qui
2954 5315 3021 5368 ad
3061 5313 3178 5383 ejus
3214 5316 3591 5370 haereditatem
3619 5316 3789 5386 perti-

2204 5412 2351 5458 nent.
2386 5404 2454 5458 Et
2494 5405 2598 5459 hoc
2632 5412 2717 5459 est
2761 5405 3097 5476 signaculum
3145 5407 3296 5473 lidei,
3325 5408 3451 5477 quia
3486 5408 3613 5464 aliis
3644 5423 3794 5465 rece-

2201 5495 2453 5552 dentibus
2481 5511 2512 5550 a
2545 5496 2668 5562 lide,
2706 5496 2781 5551 illi
2812 5498 2901 5566 qui
2923 5498 3080 5554 electi
3114 5509 3274 5564 sunt,
3300 5499 3447 5555 nullo
3473 5502 3641 5557 modo
3667 5515 3794 5573 pos-

2201 5596 2328 5641 sunt
2354 5587 2557 5642 seduci.
2600 5586 2735 5641 Nam
2766 5588 2861 5643 Dei
2907 5604 3258 5660 cognoscere,
3286 5589 3488 5661 eligere
3513 5600 3624 5646 est.
3656 5591 3724 5646 Et
3747 5588 3793 5646 ﬂ

2202 5680 2276 5734 ita
2305 5689 2416 5744 est,
2447 5681 2499 5735 id
2538 5692 2622 5735 est
2649 5681 2694 5735 si
2737 5682 2995 5736 Dominus
3024 5681 3176 5752 eligit
3209 5682 3330 5737 illos
3359 5682 3454 5751 qui
3489 5692 3623 5738 sunt
3643 5682 3791 5751 ejus,

2203 5773 2434 5829 discedat
2470 5773 2535 5828 ab
2564 5775 2869 5846 iniquitate,
2903 5776 2956 5829 id
2995 5785 3080 5831 est
3107 5777 3175 5831 ab
3218 5776 3529 5831 hominibus
3566 5777 3789 5847 iniquis,

2203 5874 2259 5924 et
2289 5868 2332 5924 si
2362 5883 2468 5924 non
2495 5868 2639 5923 valet
2665 5884 2912 5940 corpore,
2944 5868 3132 5924 saltem
3172 5880 3371 5925 mente.
3406 5868 3502 5925 Vel
3531 5870 3697 5924 etiam
3726 5868 3791 5922 ab
