3974 6496
233 439 341 497 895

764 414 771 419 ’
867 442 1226 503 sxrosrrto
1263 446 1333 501 1N
1370 445 1516 503 EPP.
1560 449 1618 503 s.
1658 447 1880 537 rsum.
1918 479 1990 491 —
2023 450 2090 505 1N
2126 438 2345 511 EPlST.
2386 444 2428 512 tt
2465 444 2556 512 AD
2593 457 2733 513 'mt.

3376 473 3481 528 806

227 550 379 609 omni
419 551 789 624 iniquitaleet
828 570 1013 611 errore
1040 557 1258 613 recedat
1284 556 1452 612 timui:
1489 557 1693 614 electus
1716 558 1805 630 qui
1831 574 1878 633 Α
1907 575 2025 615 sum
2063 572 2211 617 amat
2256 567 2346 635 qui
2392 568 2709 639 sibimetipsi
2739 570 2948 640 placet,
2990 574 3083 643 qui
3129 575 3393 635 desideria
3421 593 3479 639 et

227 643 465 700 nominat
513 647 699 700 nomen
758 646 999 714 Domini,
1057 651 1197 703 sicut
1263 649 1649 705 nominandum
1697 659 1801 716 est,

225 736 396 793 corde
424 737 692 803 videlicet,
722 753 817 794 ore
845 747 899 793 et
926 747 1107 808 opere.

299 826 365 881 In
391 843 581 898 magna
603 833 775 883 autem
813 830 967 884 domo
1007 847 1110 885 non
1135 830 1303 885 solum
1338 840 1459 887 sunt
1488 848 1612 887 uasa
1640 848 1801 887 aurea

219 926 275 972 et
306 929 582 987 argentea,
608 920 698 974 sed
726 930 775 975 et
810 921 980 992 lignea
1014 933 1063 977 et
1095 922 1298 992 ﬁctilia.
1326 922 1593 990 Quantum
1622 921 1801 977 adiit-

216 1023 397 1067 teram
426 1014 656 1071 attinet:
685 1017 739 1071 in
777 1033 968 1090 magna
1007 1018 1166 1074 domo
1214 1018 1385 1090 regis,
1439 1026 1532 1072 aut
1576 1017 1799 1087 alicujus

214 1104 459 1159 hominis
483 1107 662 1178 magni
693 1116 817 1162 sunt
845 1124 973 1163 vasa
1002 1124 1163 1164 aurea
1188 1117 1241 1165 et
1270 1118 1520 1181 argentea
1544 1110 1597 1163 in
1630 1110 1797 1164 hono-

213 1207 337 1247 rem
365 1194 418 1247 in
444 1196 637 1264 quibus
662 1198 773 1268 ipse
801 1200 1035 1253 comedit
1073 1207 1126 1254 et
1167 1208 1317 1270 potat
1348 1219 1360 1254 :
1390 1209 1512 1255 sunt
1541 1199 1716 1271 lignea
1741 1208 1796 1255 et

212 1281 405 1338 ﬁctilia
449 1286 503 1340 in
541 1288 918 1344 contumeliam
955 1290 1040 1345 ubi
1082 1300 1491 1360 concoquuntur
1523 1307 1717 1347 carnes
1741 1299 1796 1346 et

208 1373 460 1430 defertur
502 1361 722 1447 aliquid.
769 1380 960 1435 Altiori
1001 1391 1179 1437 autem
1221 1398 1412 1448 sensu,
1462 1382 1567 1437 ista
1601 1398 1794 1454 magna

207 1461 408 1519 domus
436 1477 620 1520 sancta
652 1468 889 1523 Ecclesia
919 1480 1021 1535 est,
1058 1486 1179 1541 qua:
1209 1479 1371 1525 tanta:
1413 1473 1793 1543 magnitudinis

203 1561 299 1608 est
325 1563 383 1609 ut
427 1557 495 1611 ab
535 1559 745 1614 oriente
785 1575 954 1630 usque
1003 1561 1069 1614 ad
1112 1562 1473 1627 occidentem,
1507 1578 1538 1616 a
1565 1563 1791 1618 meridie

205 1660 388 1717 usque
435 1649 502 1703 ad
548 1652 964 1720 septentrionem
1004 1652 1469 1721 protendatur.~ln
1514 1669 1618 1723 qua
1665 1660 1790 1708 sunt

202 1752 344 1790 vasa
370 1754 528 1794 aurea
558 1750 613 1795 et
640 1752 912 1812 argentea,
936 1744 1131 1799 electi:
1157 1753 1283 1799 sunt
1308 1744 1483 1815 lignea
1507 1755 1560 1800 et
1582 1745 1784 1811 ﬁctilia,

196 1828 445 1893 reprobi.
478 1827 581 1883 Per
628 1846 818 1885 aurum
860 1832 1227 1904 intelliguntur
1268 1834 1343 1888 illi
1371 1836 1462 1904 qui
1493 1836 1786 1905 spiritalem

1905 652 2207 707 voluntates
2257 658 2502 727 proprias
2553 660 2776 730 implet,
2823 677 2932 718 non
2975 663 3116 720 Dei:
3158 682 3258 725 nec
3298 679 3478 740 potest

1902 741 2083 797 dicere
2128 757 2250 798 cum
2296 744 2458 802 Petro
2500 752 2902 807 veraciter':1‘u
2945 754 3048 809 scis
3087 757 3210 827 quia
3257 776 3375 815 amo
3424 772 3476 818 te

1903 832 2082 904 (Joan.
2128 836 2263 906 ut).
2304 836 2440 892 Nam
2486 838 2574 894 ille
2604 840 2771 896 Deum
2806 851 2952 899 amat
2991 846 3080 914 qui
3130 861 3234 902 non
3281 853 3475 920 quaerit

1899 936 2052 977 suam
2080 924 2429 994 voluntatem,
2484 930 2578 985 sed
2626 931 2740 986 Dei.
2775 931 2973 989 Paulus
3021 938 3294 1006 aposwlus
3342 956 3471 1010 pro-

1897 1013 2059 1082 pheta
2089 1023 2227 1082 erat,
2258 1017 2486 1088 ideoque
2515 1021 3014 1093 pr0phetavit‘quae
3061 1028 3221 1082 modo
3255 1039 3381 1084 sunt
3415 1031 3470 1087 in

1897 1102 2147 1169 ecclesia,
2176 1113 2230 1159 et
2270 1121 2390 1176 quae
2417 1108 2594 1163 adhuc
2643 1109 2821 1164 futura
2866 1121 3009 1168 sunt.
3052 1106 3152 1182 Qui
3181 1119 3323 1172 enim
3368 1122 3471 1176 hoc

1897 1192 2079 1247 animo
2101 1205 2329 1264 pascunt
2354 1212 2483 1253 oves
2509 1198 2734 1265 Christi,
2764 1210 2824 1255 ut
2853 1218 2978 1259 suas
3004 1206 3167 1262 velint
3195 1223 3333 1274 esse,
3361 1227 3467 1266 non

1894 1280 2126 1349 Christi,
2157 1300 2216 1340 se
2260 1288 2655 1344 convincuntur
2687 1306 2889 1358 amare,
2926 1309 3031 1349 non
3075 1296 3366 1356 Christum.
3401 1303 3468 1373 Et

1890 1383 2053 1429 erunt
2076 1378 2271 1446 cupidi,
2304 1379 2355 1433 id
2380 1388 2464 1435 est
2489 1392 2758 1437 amatores
2781 1386 3159 1454 pecuniarum;
3194 1390 3338 1458 elati,
3368 1409 3466 1450 vo-

1891 1462 2062 1521 lentes
2105 1468 2227 1524 aliis
2267 1471 2561 1537 dominari;
2598 1475 2832 1544 superbi,
2866 1475 3155 1545 gloriantes
3191 1483 3259 1534 de
3298 1483 3466 1538 honoo

1890 1557 2040 1611 ribus
2067 1572 2204 1628 quos
2246 1575 2276 1613 a
2321 1560 2579 1630 subjectis
2613 1565 2912 1635 accipiunt;
2946 1567 3248 1639 blasphemi,
3295 1572 3461 1629 Deum

1888 1646 2323 1718 blasphemantes
2352 1669 2448 1724 per
2475 1656 2737 1723 haereses;
2770 1661 3069 1728 parentibus
3095 1679 3197 1717 non
3222 1663 3466 1733 pbedien-

1888 1746 1984 1804 tes,
2015 1740 2068 1794 id
2110 1750 2193 1796 est
2230 1744 2475 1812 patribus
2517 1747 2849 1815 spiritalibus
2888 1749 2969 1804 vel
3011 1752 3173 1806 etiam
3220 1756 3358 1823 patri
3409 1765 3464 1810 et

1886 1834 2080 1897 matri;
2126 1836 2340 1905 ingrati,
2371 1837 2648 1893 beneﬁciis
2677 1840 2792 1905 Dei,
2823 1840 2907 1895 vel
2954 1844 3152 1896 malum
3194 1860 3292 1914 pro
3321 1845 3462 1900 malo

194 1932 425 1973 sensum
454 1921 670 1988 habent,
698 1938 795 1994 per
819 1935 1100 1996 argentum
1135 1927 1359 1982 minoris
1387 1927 1659 1997 dignitatis
1688 1929 1772 1997 qui

1887 1922 2201 1990 reddentes;
2248 1926 2481 1993 scelesti,
2513 1938 2724 1997 patrem
2755 1938 2810 1986 et
2857 1940 3084 1987 matrem
3128 1910 3234 1988 non
3283 1936 3458 1990 hono-

192 2009 406 2066 habent
431 2012 699 2082 eloquium
721 2024 775 2070 et
799 2030 1122 2072 sermonem.
1138 2017 1241 2073 ‘lsti
1265 2027 1393 2072 sunt
1419 2019 1471 2073 in
1501 2019 1778 2084 honorem,

189 2104 328 2172 quia
357 2105 422 2158 ad
445 2106 703 2161 honorem
726 2117 777 2163 et
805 2110 1029 2180 gloriam
1054 2110 1505 2180 patrim‘cmlestis
1532 2113 1779 2167 subleva-

187 2194 407 2249 lznntur
440 2214 452 2250 :
486 2197 658 2266 lignea
688 2208 744 2255 ct
778 2200 961 2255 ﬁctilia
1007 2211 1132 2256 sunt
1162 2204 1404 2273 reprobi,
1450 2204 1543 2274 qui
1573 2203 1778 2259 demer-

186 2296 399 2355 guntur
427 2288 477 2342 in
505 2290 823 2360 supplicium
851 2293 1230 2349 damnationis.

266 2376 331 2431 Si
373 2382 489 2449 quis
536 2399 660 2454 ergo
710 2402 764 2439 se
809 2378 1165 2440 emundaverit
1217 2387 1282 2441 ab
1335 2389 1478 2454 istis,
1524 2389 1778 2445 subabdis

162 2462 466 2525 ‘htereticis
493 2480 545 2526 et
575 2476 870 2542 erroribus,
898 2477 994 2531 erit
1024 2494 1114 2531 vas
1134 2480 1188 2531 in
1216 2477 1482 2535 honorem.
1503 2476 1777 2533 'Juvenilia

178 2569 375 2616 autem
404 2563 700 2632 desideria,
748 2568 800 2621 id
846 2577 928 2623 est
972 2569 1325 2631 adulterium,
1357 2571 1772 2639 immunditiam,

162 2652 496 2721 luxuriam,
528 2655 729 2713 furtum
749 2700 764 2725 ,
791 2661 1035 2729 rapinam
1056 2702 1071 2726 ,
1100 2662 1463 2729 venationem,
1498 2664 1772 2733 vagabun-

178 2745 436 2812 (litatem,
453 2763 775 2819 omnemque
796 2751 1097 2817 lasciviam,
1117 2752 1291 2807 devita
1305 2762 1360 2806 et
1380 2752 1520 2824 fuge.
1540 2751 1768 2817 Sectare,

176 2837 235 2892 id
277 2848 366 2893 est
410 2840 735 2912 amplectere
775 2843 1065 2913 justitiam,
1098 2851 1157 2898 ut
1202 2852 1348 2899 recte
1398 2845 1547 2901 vivas
1583 2862 1596 2898 :
1632 2860 1700 2899 ac
1727 2843 1771 2900 si

175 2929 397 2987 diceret
443 2948 457 2984 :
504 2932 562 2986 In
604 2932 779 2989 locum
811 2934 1129 3004 ju‘venilium
1171 2935 1558 2990 desideriorum
1595 2935 1772 2989 insere

175 3021 326 3077 istas
356 3024 599 3080 virtutes.

254 3109 464 3168 Stultus
505 3124 681 3169 autem
706 3116 1014 3193 quastiones
1037 3114 1362 3180 Judteorum,
1394 3115 1769 3170 haereticorum

166 3213 354 3274 atque
379 3206 678 3275 gentilium,
717 3216 767 3261 et
800 3222 920 3277 qua:
946 3214 1072 3262 sunt
1114 3209 1226 3262 sine
1266 3207 1573 3278 disciplina,
1605 3208 1658 3262 id
1688 3215 1771 3262 est

1884 2019 2095 2076 rantes,
2141 2021 2356 2068 modum
2384 2018 2591 2085 peccati
2629 2021 3095 2088 transcendentes,
3139 2023 3220 2077 vel
3256 2025 3459 2081 interﬁ-

1868 2102 2086 2158 cientes
2113 2105 2323 2161 animas
2355 2121 2482 2162 suas
2504 2117 2560 2163 et
2581 2108 2816 2176 alienas;
2842 2114 2955 2166 sine
2979 2114 3274 2182 affectione,
3298 2118 3348 2171 id
3374 2128 3458 2172 est

1880 2192 1998 2247 sine
2025 2194 2334 2260 dilectione,
2367 2212 2472 2252 non
2501 2201 2889 2269 compatientes
2923 2202 3182 2269 inﬁrmis;
3210 2208 3459 2262 crimina-

1879 2292 2033 2345 tores,
2072 2285 2124 2339 id
2147 2294 2230 2340 est
2252 2288 2603 2356 detractores,
2633 2291 2830 2346 famam
2853 2303 3160 2349 sanctorum
3185 2299 3457 2354 maculare

1860 2381 2166 2443 "conantes;
2198 2380 2595 2447 incontinentes,
2630 2384 2682 2437 id
2720 2393 2804 2439 est
2843 2388 3163 2456 cupiditates
3192 2392 3453 2458 pessimas

1876 2481 1983 2522 non
2031 2468 2394 2535 refrenautes;
2436 2474 2678 2540 immites,
2711 2476 2765 2530 id
2807 2485 2891 2532 est
2932 2478 3091 2542 saevi,
3122 2480 3242 2535 lites
3286 2499 3453 2552 gene-

1877 2567 2092 2623 ranles;
2134 2561 2246 2615 sine
2293 2562 2633 2635 benignitate,
2684 2568 2738 2621 id
2767 2578 2852 2623 est
2892 2569 3010 2624 sine
3050 2571 3450 2638 benevolentia,

1874 2651 2176 2706 nescientes
2203 2668 2375 2723 neque
2391 2656 2629 2712 volentes
2652 2660 2936 2715 subvenire
2962 2660 3110 2727 aliis;
3137 2665 3447 2733 proditores,

1875 2742 1927 2798 id
1955 2752 2038 2798 est
2057 2744 2197 2801 facta
2220 2747 2481 2802 bonorum
2505 2750 2803 2815 hominum,
2828 2768 2947 2822 (pne
2967 2753 3281 2809 occultanda
3304 2768 3448 2821 sunt,

1872 2833 2104 2891 inimicis
2148 2838 2447 2895 indicantes
2485 2849 2541 2895 et
2570 2841 2981 2899 manilestantes
3019 2846 3187 2914 :quia
3233 2862 3337 2901 non
3369 2857 3453 2903 est

1870 2926 2034 2982 homo
2062 2929 2155 2998 qui
2197 2929 2358 2985 faciat
2398 2933 2599 2987 bonum
2642 2943 2828 2990 etnon
2876 2945 3090 3006 peccet;
3122 2941 3365 3003 Drolervi,
3398 2942 3450 2995 id

1870 3028 1956 3073 est
2000 3036 2288 3089 procaces,
2324 3025 2705 3080 verecundiam
2755 3028 3044 3083 humanam
3092 3031 3449 3087 inuerecunda

1869 3111 2265 3180 exrogitatione
2327 3115 2740 3183 perturbantes;
2811 3117 3130 3186 voluptatum
3188 3131 3448 3176 amatores

1869 3201 2036 3271 inagis
2081 3218 2238 3270 quam
2266 3202 2389 3268 Dei,
2427 3205 2479 3259 id
2519 3214 2603 3259 est
2633 3206 2962 3275 spiritalibus
2998 3210 3206 3279 gaudiis
3234 3210 3448 3266 lzetitias

162 3272 311 3350 sine
339 3272 516 3366 aliqua
541 3272 768 3352 utilitate
788 3272 1020 3365 (devita,
1047 3299 1173 3369 quia
1206 3272 1453 3368 generant
1481 3298 1615 3364 lites,
1646 3297 1768 3354 lites
1795 3272 1839 3333 C
1871 3294 2195 3363 temporales
2242 3304 2650 3366 anteponentes),
2680 3306 2736 3352 et
2765 3298 3030 3353 desideria
3065 3300 3245 3355 carnis
3288 3303 3449 3369 perﬁ-

171 3401 319 3442 vero
340 3398 599 3458 generant
620 3385 824 3445 odium.

251 3477 479 3534 Servum
538 3491 710 3536 autem
772 3481 983 3538 Domini
1041 3492 1241 3554 oportet
1302 3482 1575 3538 docibilem
1633 3501 1761 3539 esse.

162 3569 459 3638 Quantum
489 3571 555 3625 ad
588 3572 976 3642 proprietatem
1022 3574 1309 3629 verborum
1354 3574 1620 3644 pertinet,
1662 3574 1765 3631 hoc

172 3660 351 3715 distat
378 3660 521 3716 inter
563 3661 790 3717 docilem
847 3672 905 3718 et
949 3663 1266 3730 docibilem,
1298 3666 1425 3736 quia
1460 3666 1646 3721 docilis
1681 3674 1765 3722 est

171 3752 274 3822 qui
322 3750 455 3807 alios
494 3761 672 3821 potest
711 3754 905 3810 docere
935 3773 949 3809 :
975 3756 1218 3810 docibilis
1246 3757 1337 3825 qui
1376 3755 1534 3812 facile
1588 3765 1764 3828 potest

173 3845 401 3911 doceri;
450 3847 592 3900 unde
638 3847 880 3902 dicitur:
924 3847 1095 3902 Erunt
1137 3865 1312 3903 omnes
1359 3848 1604 3905 docibiles
1650 3850 1760 3905 Deo

172 3934 369 4006 (Joan.
404 3934 497 4008 vi),
536 3937 589 3990 id
614 3945 696 3991 est
723 3936 880 3991 facile
905 3938 1239 3993 docebuntur
1263 3953 1293 3992 a
1315 3940 1445 3994 Deo.
1484 3940 1587 3996 Sed
1621 3940 1763 4009 Apo-

173 4028 357 4081 stolus
390 4042 495 4081 non
520 4042 717 4082 curans
745 4029 809 4082 de
849 4028 1173 4099 proprietate
1201 4030 1488 4085 verborum
1506 4070 1521 4097 ,
1551 4031 1764 4086 videtur

172 4118 236 4172 in
289 4118 392 4171 hoc
436 4116 553 4172 loco
600 4118 884 4174 docibilem
934 4119 1177 4189 posuisse
1234 4135 1332 4191 pro
1379 4120 1537 4176 docili
1577 4138 1591 4173 :
1633 4122 1759 4191 quia

175 4206 468 4276 episcopus
494 4205 683 4263 docilis
711 4208 869 4263 debet
904 4222 1055 4274 esse,
1094 4208 1147 4263 id
1188 4217 1274 4265 est
1309 4208 1444 4265 alios
1472 4210 1630 4265 debet
1665 4210 1762 4265 do-

157 4304 329 4356 icere.

244 4393 388 4449 'Cum
418 4382 669 4452 modestia
709 4398 1073 4469 corripientem
1117 4416 1204 4453 eos
1232 4399 1322 4471 qui
1356 4398 1601 4453 resistunt
1628 4400 1759 4454 veri-

171 4480 302 4550 tati,
331 4492 402 4539 "ne
434 4485 566 4556 forte
587 4487 671 4541 det
691 4488 811 4543 illis
838 4489 980 4543 Deus
1010 4489 1381 4561 paenitentiam,
1412 4488 1668 4545 subaudis
1692 4490 1759 4544 de

1850 3384 2088 3441 ‘cientes.
2133 3384 2259 3442 Haec
2300 3388 2482 3443 omnia
2526 3389 2656 3443 vitia
2700 3405 2768 3445 ex
2818 3389 2909 3445 illa
2960 3391 3142 3446 radice
3186 3392 3450 3461 pullulant

1864 3477 2008 3546 quod
2038 3486 2163 3533 sunt
2191 3478 2435 3534 homines
2462 3480 2670 3550 seipsos
2701 3490 2964 3536 amantes.

1936 3570 2198 3626 Habentes
2218 3573 2426 3643 quidem
2458 3574 2673 3644 speciem
2693 3574 2922 3644 pietdtis,
2952 3574 3001 3628 id
3031 3582 3114 3628 est
3141 3575 3444 3645 exemplum

1863 3660 2172 3732 religionis“,
2206 3663 2448 3717 virtutem
2491 3673 2664 3717 autem
2717 3664 2830 3733 ejus
2884 3664 3215 3735 abnegantes.
3263 3664 3447 3720 Virtus

1862 3751 2139 3821 religionis
2166 3752 2281 3806 sive
2321 3754 2539 3823 pietatis
2571 3762 2654 3810 est
2696 3740 2959 3815 ﬁnis'sive
2987 3756 3272 3825 completio
3311 3773 3446 3827 pnu-

1861 3842 2021 3910 cepti,
2054 3841 2108 3895 id
2144 3850 2227 3896 est
2263 3843 2500 3897 charitas
2531 3844 2596 3898 de
2626 3846 2788 3899 corde
2834 3859 2970 3913 puro
3013 3855 3069 3898 et
3115 3847 3444 3901 conscientia

1860 3930 2032 3994 bona,
2061 3938 2119 4008 et
2160 3930 2264 3984 ﬁde
2289 3942 2398 3985 non
2447 3932 2593 3997 ﬁcta,
2640 3933 2693 3987 id
2721 3942 2804 3987 est
2833 3934 3070 3987 charitas
3097 3950 3221 3988 cum
3242 3935 3368 4000 ﬁde,
3392 3947 3448 3991 et

1861 4034 1979 4089 spe,
2006 4028 2204 4075 etcum
2231 4023 2578 4077 exsecutione
2603 4024 2865 4079 bonorum
2890 4039 3133 4092 operum.

1930 4110 2018 4164 Ex
2036 4112 2117 4165 Itis
2132 4112 2288 4177 enim,
2314 4113 2569 4167 subaudis
2595 4113 2883 4177 haereticis,
2911 4123 3030 4166 sunt
3057 4114 3146 4184 qui
3173 4123 3443 4182 penetrant

1859 4202 2061 4268 domos,
2090 4212 2138 4256 et
2165 4204 2395 4273 captiuas
2435 4203 2631 4258 ducunt
2676 4203 3013 4258 mulierculas
3043 4214 3287 4258 oneratas
3328 4222 3444 4276 pec-

1859 4295 2010 4349 catis.
2075 4293 2329 4349 vaidit
2368 4294 2573 4366 Spiritu
2617 4304 2805 4351 sancto
2855 4295 3092 4365 repletus
3153 4295 3443 4364 Apostolus

1859 4390 2182 4447 Manichazos
2214 4391 2498 4446 haereticos
2529 4389 2741 4445 futuros
2763 4398 2819 4448 et
2842 4388 2996 4454 alios,
3029 4397 3085 4443 et
3113 4388 3352 4457 loquitur
3379 4389 3444 4443 de

1850 4483 2042 4539 futuro
2086 4483 2241 4553 quasi
2287 4483 2353 4538 de
2376 4482 2655 4555 praesenti.
2689 4481 2967 4538 Manichaei
2990 4482 3135 4537 enim
3171 4481 3442 4551 ingredie-

174 4577 424 4648 pristinis
448 4580 724 4636 erroribus
752 4589 807 4635 et
831 4581 1088 4650 peccatis,
1113 4581 1182 4634 ad
1209 4579 1591 4651 agnoscendum
1622 4581 1756 4635 veri-
1782 4618 1833 4678 Β
1858 4576 2055 4630 bantur
2092 4575 2149 4678 in
2189 4574 2702 4678 domos-mulierum
2734 4583 2803 4678 eti
2834 4575 3173 4678 decipiebant
3219 4588 3342 4678 eas‘,
3391 4583 3445 4629 et

176 4680 360 4724 tatem.
386 4670 485 4725 llic
525 4687 702 4727 sermo
733 4688 839 4743 quo
874 4673 1002 4729 dicit
1034 4688 1103 4728 ne
1146 4673 1307 4739 forte,
1346 4672 1434 4727 vel
1467 4673 1606 4728 sicut
1639 4674 1758 4744 qni-
1784 4666 1829 4678 ”
1856 4668 1962 4725 hoc
1991 4668 2226 4723 maxime
2267 4667 2409 4739 apud
2454 4667 2753 4722 Persidem.
2784 4666 2911 4723 Inde
2954 4668 3084 4722 dicit
3111 4667 3398 4737 Apostolus
3425 4686 3439 4722 :

176 4760 305 4815 dam
331 4763 544 4818 codices
575 4764 805 4829 habent,
833 4780 901 4820 ne
930 4764 1145 4835 quando
1176 4765 1264 4820 det
1286 4764 1390 4820 illis
1413 4763 1555 4821 Deus
1581 4766 1752 4835 patui-

178 4853 426 4918 teutiam,
449 4869 546 4924 pro
577 4854 622 4909 si
644 4854 782 4910 forte
806 4857 1108 4925 ponebatur
1128 4856 1446 4927 antiquitus,
1474 4857 1569 4912 sed
1597 4858 1755 4912 modo

177 4945 472 5007 inusitatus
518 4948 767 5003 habetur.
808 4947 1232 5018 Corripientem,
1262 4950 1465 5021 inquit,
1498 4964 1593 5006 eos
1631 4965 1752 5006 cum

178 5039 472 5106 modestia,
516 5040 562 5096 si
605 5040 748 5098 forte
787 5042 878 5098 det
923 5042 1028 5098 illis
1068 5043 1210 5099 Deus
1247 5044 1640 5117 paenitentiam.
1685 5040 1753 5097 Et

178 5131 483 5200 resipiscant
504 5149 536 5187 a
566 5133 761 5189 diaboli
783 5134 1002 5207 laqueis,
1030 5136 1083 5193 id
1108 5145 1192 5192 est
1217 5146 1278 5191 ut
1299 5137 1555 5193 recedant
1580 5138 1648 5193 ab
1667 5152 1757 5193 er-

181 5221 395 5277 roribus
430 5223 657 5290 diaboli,
687 5226 883 5297 quibus
914 5226 1187 5298 illaqueati
1227 5236 1480 5283 tenentur
1517 5236 1572 5284 et
1616 5228 1755 5283 inci-

181 5312 335 5380 piant
372 5314 567 5370 iterum
601 5332 788 5387 sapere
815 5319 1119 5375 veritatem.
1151 5319 1285 5374 Nam
1314 5320 1636 5390 resipiscere
1672 5328 1755 5376 est

183 5405 338 5473 quasi
386 5420 657 5477 resapere.
691 5408 736 5462 Α
763 5427 898 5481 quo,
932 5410 986 5466 id
1014 5418 1096 5467 est
1135 5427 1167 5466 a
1213 5410 1456 5475 diabolo,
1490 5412 1631 5481 capti
1669 5419 1753 5468 te-

183 5502 381 5550 nentur
404 5496 474 5550 ad
501 5497 662 5563 ipsius
691 5498 889 5556 diaboli
920 5500 1234 5557 voluntatem
1261 5502 1644 5572 peragendam.

793 5655 1019 5714 CAPUT
1055 5657 1137 5713 Ill.

260 5758 325 5816 In
354 5765 643 5821 novissimis
674 5767 876 5832 diebus,
908 5768 961 5823 id
988 5777 1070 5824 est
1099 5769 1154 5823 in
1181 5769 1367 5824 ultima
1394 5778 1569 5835 aetate,
1605 5780 1756 5827 erunt

184 5848 634 5932 hominesseipsos
661 5869 915 5928 amantes,
946 5861 1222 5927 subaudis,
1248 5875 1353 5917 non
1382 5862 1567 5918 Deum.
1603 5862 1755 5934 Scip-

1858 4758 2047 4826 Erunt,
2078 4760 2346 4831 inquiens,
2372 4759 2592 4830 quidam
2622 4760 2713 4829 Qui
2747 4754 3107 4829 penetiabunt
3154 4759 3439 4814 mulierum

1856 4853 2066 4918 domos,
2095 4860 2152 4908 et
2179 4854 2376 4909 ducent
2396 4851 2739 4907 mulierculas
2766 4852 3008 4922 captivas
3032 4867 3063 4905 a
3089 4867 3249 4907 sensu
3282 4860 3442 4905 recta:

1846 4934 1982 5000 ﬁdei
2010 4946 2078 5000 ad
2106 4960 2330 5016 pravum
2359 4960 2576 5000 sensum
2610 4951 2866 5000 oneratas
2890 4944 3146 5015 peccatis.
3182 4942 3314 5008 Qute
3342 4944 3442 4997 du-

1856 5046 2048 5090 cuntur
2084 5037 2241 5091 tariis
2283 5035 2555 5091 desideriis
2598 5046 2754 5108 atque
2793 5034 3089 5098 erroribus;
3134 5050 3334 5104 semper
3359 5035 3441 5087 di-

1860 5136 2074 5190 scentes,
2091 5137 2139 5183 et
2152 5143 2414 5199 nunquam
2429 5127 2498 5181 ad
2512 5128 2779 5182 scientiam
2798 5126 3025 5181 ueritatis
3040 5124 3434 5196 pervenientes.

1862 5220 2111 5277 Studium
2140 5221 2390 5277 videntur
2434 5221 2667 5286 habere,
2718 5220 2813 5276 sed
2863 5234 2969 5274 non
3015 5218 3337 5288 perveniunt
3371 5214 3435 5270 ad

1859 5318 1964 5373 hoc
2004 5326 2063 5372 ut
2096 5317 2409 5372 discernant
2456 5316 2597 5370 inter
2645 5315 2929 5369 veritatem
2977 5320 3033 5367 et
3059 5309 3433 5373 mendacium,

1860 5408 2003 5463 inter
2026 5408 2224 5463 bonum
2253 5416 2309 5462 et
2335 5406 2555 5461 malum.
2576 5404 2597 5459 .“

1931 5498 2382 5565 Quemadmodum
2418 5507 2590 5552 autem
2614 5496 2816 5552 Jannes
2842 5505 2889 5552 et
2924 5495 3186 5551 Mambrcs
3232 5496 3434 5548 restite-

1856 5600 1978 5644 runt
2019 5588 2219 5660 Moysi,
2260 5591 2334 5644 ita
2375 5598 2423 5644 et
2451 5590 2505 5644 hi
2544 5590 2787 5643 resistunt
2837 5589 3060 5651 ueritati.
3103 5586 3433 5640 Animositas

1859 5680 2234 5735 haereticorum
2275 5696 2489 5751 semper
2534 5679 2774 5750 inquieta
2803 5686 2906 5735 est.
2939 5678 3086 5746 Quos
3116 5676 3257 5747 magi
3298 5674 3434 5728 Pha-

1859 5771 2040 5827 raonis
2070 5772 2332 5827 haberent
2364 5779 2590 5827 conatus
2623 5771 2954 5827 demonstrat
2977 5767 3264 5840 Apostolus
3307 5766 3433 5821 Jan-

1861 5878 1955 5919 nes
1983 5863 2328 5919 ctMambres
2371 5864 2477 5919 duo
2504 5862 2699 5919 fratres
2744 5862 2961 5920 fuerunt
3004 5862 3165 5935 magi,
3202 5874 3430 5932 quorum
