3974 6472
155 509 258 565 8ης)

827 507 1188 564 ΕΧΡΟΞΙἸῚΟ
1227 507 1293 562 IN
1336 508 1485 562 EPP.
1529 506 1587 561 S.
1630 506 1727 561 PA

1829 505 1858 559 Ι.
1890 538 1959 546 --
1999 506 2063 560 lN
2094 505 2311 560 EPIST.
2356 507 2448 561 AD
2486 507 2617 563 TIT.
2688 564 2691 565 ,

3315 512 3418 567 8111

156 621 298 672 niens
329 617 463 687 affer
490 628 681 684 terum,
703 628 749 672 et
782 617 964 682 libros,
995 635 1130 688 quos
1164 619 1236 674 ibi
1263 619 1472 683 dimisi,
1504 619 1729 671 nutrime
1760 633 1806 686 Α
1903 616 1971 671 1η
1994 617 2163 688 prima
2191 634 2304 672 mea
2331 619 2630 689 defensione
2660 638 2810 677 nemo
2840 624 2966 676 milii
3003 624 3176 693 affuit.
3219 626 3422 683 Defen-

154 720 323 765 autem
348 709 676 765 membranas
702 709 870 775 defer,
904 712 990 765 ubi
1023 713 1257 765 scribam
1282 726 1429 765 meas
1448 709 1728 779 epistolas.

154 799 349 855 Penula
382 801 545 854 vestis
569 810 687 854 erat
716 802 1038 864 consularis,
1080 818 1184 871 qua
1212 800 1570 854 induebantur
1598 816 1733 854 cott-

153 893 296 947 sules
317 891 543 946 Romani
571 893 786 961 quando
817 890 1256 962 ingrediebantur
1284 892 1337 944 iu
1367 891 1594 944 curiam.
1626 889 1735 944 Sed

153 982 293 1038 forte
333 993 537 1053 qureret
586 986 784 1053 aliquis
827 986 1100 1054 quomodo
1138 984 1223 1038 vel
1286 984 1430 1039 unde
1470 984 1735 1039 acciderit

153 1075 254 1130 hoe
284 1089 453 1145 genus
486 1077 793 1131 vestimenti
842 1077 1000 1131 beato
1036 1075 1331 1146 Apostolo?
1376 1076 1472 1130 Cui
1512 1093 1735 1147 respon-

153 1162 383 1217 dendqu
408 1173 493 1218 est
522 1183 535 1218 :
564 1164 841 1222 Itonianos
869 1176 998 1221 ante
1029 1167 1317 1221 adventum
1345 1167 1558 1223 Domini
1591 1170 1734 1224 hunc

153 1255 409 1309 habuisse
447 1271 652 1311 morem
691 1258 805 1313 sive
844 1260 1311 1322 consuetudinem,
1357 1261 1572 1330 quando
1620 1278 1733 1317 mo-

151 1343 427 1399 narchiam
469 1345 631 1401 totius
662 1347 810 1401 orhis
842 1349 943 1403 sibi
981 1350 1353 1418 acquircbant,
1393 1359 1452 1405 ut
1480 1367 1734 1421 quaecun-

149 1449 255 1503 que
293 1451 425 1504 gens
463 1439 543 1491 eis
569 1452 690 1492 cum
731 1454 866 1506 pace
899 1441 1206 1495 et'coronis
1242 1443 1589 1508 occurrisset,
1640 1445 1735 1498 da-

149 1533 271 1578 rent
300 1526 350 1579 ei
383 1525 710 1591 libertatem,
745 1529 1014 1584 intanlum
1044 1540 1101 1585 ut
1144 1531 1341 1588 fratres
1368 1550 1555 1589 eorum
1587 1535 1733 1590 dice-

149 1623 357 1679 rentur,
399 1616 655 1685 civesque
698 1616 925 1673 Romani
958 1621 1378 1690 appellarentur,
1426 1623 1733 1695 dabantque

145 1706 226 1760 eis
255 1718 576 1775 potestatem
623 1710 923 1764 :cditicaudi
970 1712 1176 1766 curiam
1206 1723 1262 1768 et
1300 1714 1498 1769 habere
1536 1731 1734 1771 consu-

148 1797 254 1860 les,
303 1799 443 1854 sicut
490 1809 544 1855 et
592 1801 666 1855 illi
715 1803 1005 1858 habebant.
1054 1805 1217 1860 Pater
1254 1807 1420 1877 igitur
1468 1808 1619 1863 l’auli
1664 1810 1732 1865 de

142 1888 342 1945 Giscali
379 1893 576 1962 oppido
614 1904 771 1949 terrae
803 1897 1240 1965 repromissionis
1270 1899 1390 1962 fuit,
1439 1881 1529 1954 ubi
1568 1912 1730 1958 natus

1835 711 2043 766 sionem
2087 711 2140 764 in
2174 712 2276 765 hoc
2322 711 2438 766 loco
2493 714 2725 783 appellat
2767 717 3198 784 persecutionem
3236 728 3421 790 atque

1833 817 2171 873 pressuram,
2197 817 2359 871 quam
2391 804 2645 858 sustinuit
2670 806 2885 875 quando
2912 807 2964 860 in
2989 809 3284 876 primordio
3309 827 3421 866 sua:

1837 893 1961 947 lidei
2003 893 2202 946 missus
2243 900 2327 946 est
2360 909 2481 947 eum
2522 893 2764 948 Barnaba
2810 913 2839 949 a
2884 897 3087 966 Spiritu
3134 909 3320 956 sancto
3350 904 3420 957 ad

1836 981 2257 1051 praedicandum.
2302 982 2473 1049 Quam
2513 986 2945 1053 persecutionem
2978 988 3115 1045 bene
3146 988 3303 1047 vocat
3328 995 3424 1049 de-

1836 1074 2160 1139 fensionem,
2200 1075 2324 1144 quia
2366 1074 2644 1130 tribulatio
2688 1079 2998 1146 temporalis
3036 1080 3287 1139 defendet
3313 1084 3423 1140 ele-

1833 1173 1951 1219 ctos
1981 1164 2034 1219 in
2066 1165 2152 1219 die
2170 1163 2359 1233 judicii
2390 1182 2418 1217 a
2446 1166 2622 1234 [)(L‘lliS
2648 1165 2864 1220 inferni.
2901 1168 3094 1225 Omnes
3121 1189 3202 1228 me
3232 1174 3423 1229 dereli-

1831 1268 2094 1327 querunt:
2126 1274 2230 1311 non
2258 1256 2364 1312 illis
2403 1258 2702 1327 imputetur.
2739 1259 2854 1314 Non
2891 1271 3011 1314 orat
3048 1278 3147 1332 pro
3185 1263 3423 1319 Alexan-

1834 1348 1934 1403 dro
1964 1349 2054 1418 qui
2086 1348 2382 1404 invidentia
2414 1351 2811 1406 fraternitatem
2838 1356 3199 1425 oppugnando
3227 1342 3421 1425 pecca-

1837 1448 2009 1497 verat.
2034 1441 2131 1495 sed
2162 1456 2261 1511 pro
2289 1442 2374 1496 his
2396 1451 2517 1497 orat
2542 1444 2633 1512 qui
2666 1459 2772 1497 non
2801 1443 3130 1514 abruperant
3153 1448 3418 1513 amorem,

1831 1530 1926 1584 sed
1959 1530 2152 1585 timore
2181 1533 2577 1588 succubuerant
2601 1543 2659 1588 ut
2692 1536 2772 1589 eis
2809 1535 3136 1606 ignoscatur.
3172 1537 3422 1609 Quapro-

1832 1626 1954 1687 pter
1980 1618 2459 1674 intcrest‘multum
2492 1637 2614 1676 cum
2640 1632 2762 1691 post
2795 1622 3124 1694 agnitionem
3156 1625 3249 1681 Dei
3275 1611 3424 1698 quis-

1832 1723 1996 1777 quam
2039 1720 2312 1781 oppugnat
2356 1710 2786 1779 fraternitatem,
2844 1722 2897 1768 et
2944 1715 3205 1771 adversus
3248 1717 3418 1788 ipsam

1832 1799 2062 1869 gratiam
2102 1815 2209 1869 qua
2249 1802 2629 1857 reconciliatus
2665 1814 2749 1858 est
2787 1803 2934 1870 Deo,
2992 1805 3301 1863 invidentiae
3340 1808 3421 1863 fa-

1834 1892 1986 1946 cibus
2017 1892 2278 1961 agitatur.
3384 1896 3392 1923 ε

145 1980 439 2035 translatus
468 1993 553 2037 est
583 1983 637 2039 in
676 1982 902 2039 Tarsum
933 1985 1156 2041 Ciliciae.
1193 1988 1437 2055 Quodam
1489 2000 1727 2061 tempore

1914 1983 2171 2037 Dominus
2227 1994 2401 2039 autem
2452 1987 2581 2041 milii
2626 1989 2812 2054 astitit,
2871 2000 2926 2045 ut
2974 1992 3197 2045 audiant
3241 1995 3420 2048 omnes

141 2072 485 2128 venientibus
522 2074 784 2130 Romanis
812 2093 910 2146 per
950 2077 1197 2133 Ciliciam
1224 2083 1465 2137 occurrit
1493 2084 1574 2138 eis
1617 2084 1731 2154 ipse

141 2176 268 2215 cum
296 2162 417 2217 aliis
456 2163 661 2219 Tarsen
698 2166 839 2231 ibus,
870 2176 1056 2238 utpote
1087 2172 1177 2240 qui
1214 2171 1407 2227 nobilis
1441 2172 1582 2227 inter
1612 2174 1730 2231 illos

144 2250 479 2307 habebatur:
513 2257 724 2326 excepit
774 2272 867 2312 eos
913 2275 1036 2313 cum
1091 2277 1242 2331 pace.
1298 2261 1451 2317 Tunc
1496 2262 1730 2320 Romani

137 2345 406 2401 dederunt
426 2349 506 2402 eis
535 2347 840 2405 libertatem
878 2351 1273 2422 supradictam,
1322 2363 1377 2409 et
1406 2365 1731 2427 potestatem

137 2436 440 2493 adiﬁcandi
480 2441 710 2506 curiam,
739 2450 1025 2513 vestesque
1055 2444 1275 2499 induere
1305 2446 1645 2514 consulares,
1673 2456 1733 2503 ut

136 2531 378 2602 penulati
414 2533 682 2589 intrarent
712 2535 765 2589 in
796 2538 1001 2592 curiam
1037 2555 1188 2595 more
1215 2539 1606 2609 Romanorum,
1633 2542 1733 2598 ibi-

135 2636 243 2691 que
294 2630 452 2692 pater
503 2625 644 2679 beati
697 2625 850 2681 Pauli
911 2630 1166 2703 penulam
1226 2632 1476 2703 accipere
1534 2635 1732 2690 meruit

135 2729 303 2770 eausa
342 2715 642 2786 dignitatis.
690 2716 823 2773 Post
862 2720 1017 2790 cujus
1048 2702 1287 2778 mortem
1331 2725 1623 2795 Apostolus
1660 2728 1730 2781 ob

136 2808 459 2863 memoriam
499 2810 618 2881 ejus
648 2813 1075 2882 recordationis,
1108 2816 1250 2871 hanc
1277 2827 1483 2874 vestem
1514 2820 1616 2875 sibi
1647 2835 1732 2874 re-

133 2897 319 2952 tinuit.

209 2989 507 3046 Alexander
529 2996 751 3049 trrarius
784 2995 948 3051 multa
990 2997 1131 3052 mala
1174 2998 1301 3053 milii
1342 3000 1584 3054 ostendit.
1626 3001 1732 3056 Iste

131 3089 223 3136 est
246 3080 551 3138 Alexander
574 3087 640 3140 de
667 3102 774 3155 quo
810 3084 924 3155 jam
966 3089 1387 3158 supradiximus,
1420 3090 1510 3158 qui
1551 3106 1731 3146 rever—

133 3185 233 3225 sus
256 3180 341 3225 est
364 3172 431 3225 ad
463 3175 812 3243 apostasiam.
848 3178 913 3231 Et
941 3179 1066 3249 quia
1093 3187 1212 3234 erat
1240 3180 1459 3245 artifex,
1500 3180 1730 3235 fabrica-

132 3260 232 3315 bat
252 3262 398 3316 aedes
420 3263 601 3319 Diame
628 3267 767 3334 apud
793 3266 1057 3334 Athenas,
1097 3271 1238 3325 unde
1265 3281 1320 3325 et
1348 3271 1462 3342 ipse
1491 3288 1731 3327 commo-

1834 2082 2008 2145 gentes
2038 2078 2261 2129 verbum
2290 2078 2691 2147 praedicationis
2713 2081 2778 2136 de
2802 2097 2899 2137 ore
2929 2098 3069 2147 meo,
3087 2094 3134 2137 et
3165 2083 3420 2140 liberatus

1831 2183 1949 2220 sum
1979 2167 2046 2221 de
2081 2185 2169 2221 ore
2198 2168 2389 2235 leonis,
2427 2171 2481 2225 id
2507 2180 2590 2226 est
2619 2172 2686 2226 de
2714 2173 2924 2229 insidiis
2952 2176 3171 2241 diaboli,
3210 2178 3276 2232 de
3310 2180 3419 2248 quo

1833 2259 1966 2315 dicit
2005 2261 2198 2315 Petrus
2238 2275 2253 2314 :
2294 2262 2641 2319 Adversarius
2678 2276 2845 2320 vester
2882 2267 3122 2323 diabolus
3168 2266 3422 2341 tanquam

1822 2346 1912 2405 leo
1940 2353 2150 2423 rugiens
2176 2354 2382 2419 circuit,
2404 2372 2643 2426 quwrens
2673 2374 2824 2429 quem
2849 2361 3058 2415 devoret
3089 2361 3140 2432 (Ι
3163 2359 3308 2417 Petr.
3337 2362 3416 2434 v).

1833 2442 1930 2496 V'el
1954 2445 2118 2498 etiam
2143 2444 2352 2499 leonem
2382 2447 2617 2515 appellat
2644 2448 2936 2515 Neronem,
2965 2452 3031 2506 de
3060 2451 3214 2521 cujus
3241 2456 3416 2508 mani-

1831 2532 1933 2588 bus
1968 2532 2218 2589 liberavit
2254 2549 2379 2589 eum
2426 2535 2686 2591 Dominus
2728 2541 2943 2607 quando
2979 2541 3129 2595 venit
3167 2542 3418 2607 Romam,

1832 2621 2096 2677 adductus
2124 2624 2193 2678 ab
2236 2623 2321 2678 his
2346 2626 2437 2693 qui
2468 2635 2734 2695 praeerant
2766 2626 2992 2693 Judzete,
3033 2632 3103 2685 ob
3144 2630 3248 2685 hoc
3289 2633 3420 2701 quia

1831 2710 2101 2767 Caesarem
2156 2715 2462 2784 appellavit.
2525 2716 2661 2771 Nam
2709 2732 2832 2773 eum
2882 2721 3124 2774 venisset
3165 2720 3415 2788 Romam,

1831 2802 2037 2857 duobus
2075 2805 2233 2858 annis
2268 2806 2468 2861 mansit
2507 2806 2560 2860 in
2609 2807 2780 2863 libera
2816 2811 3095 2876 custodia,
3134 2820 3189 2865 et
3226 2813 3278 2866 in
3318 2828 3418 2868 suo

1831 2895 2121 2957 conductu,
2152 2904 2207 2948 et
2240 2907 2427 2964 postea
2462 2901 2715 2954 transivit
2751 2902 2818 2956 ad
2857 2902 2990 2957 alias
3025 2905 3270 2959 nationes
3297 2921 3419 2974 qua:

1830 2991 1987 3038 erant
2024 2985 2078 3037 in
2118 2986 2346 3040 circuitu
2387 2987 2591 3043 Romae.
2643 2990 2778 3045 Nam
2813 2996 3029 3061 quando
3067 2996 3167 3049 ista
3206 2996 3415 3051 scribe-

1831 3075 1943 3139 bat,
1986 3074 2041 3128 in
2080 3075 2248 3131 libera
2287 3080 2532 3134 custodia
2571 3090 2720 3135 erat:
2749 3092 2806 3137 et
2840 3085 2965 3152 quia
3006 3086 3188 3140 statim
3228 3095 3286 3140 ut
3323 3091 3416 3140 ad-

1831 3167 2024 3223 ductus
2060 3178 2161 3233 est,
2203 3186 2310 3225 non
2351 3181 2434 3227 est
2471 3172 2790 3229 interfectus
2827 3176 3029 3231 idcirco
3076 3177 3209 3232 dicit
3259 3193 3318 3233 se
3356 3172 3417 3232 lil-

1830 3259 1957 3314 hera
1967 3269 2098 3314 tum.
3398 3276 3403 3281 '

130 3354 216 3408 vit
254 3368 469 3409 omnem
512 3357 788 3413 civitatem
831 3370 1021 3415 contra
1070 3362 1413 3432 Apostolum;
1465 3365 1727 3419 resistens

1900 3352 2156 3408 Dominus
2176 3353 2333 3409 Iesus
2354 3355 2595 3410 Christus
2620 3374 2737 3411 cum
2767 3359 2954 3429 spiritu
2981 3370 3090 3425 tuo,
3117 3359 3205 3413 sit.
3237 3359 3415 3415 Domi—

133 3442 358 3500 fortitcr
400 3447 769 3518 pnediealioni
815 3452 951 3522 ejus.
1005 3453 1201 3508 Reddet
1249 3456 1296 3508 ei
1343 3456 1600 3510 Dominus
1637 3474 1722 3511 se-

132 3537 367 3591 cundum
394 3555 551 3609 opera
578 3541 714 3610 ejus.
747 3542 861 3597 Non
894 3545 971 3598 ait
1000 3563 1013 3598 :
1046 3545 1255 3600 Reddat
1275 3546 1513 3616 optativo
1538 3547 1719 3614 modo,

122 3630 233 3686 sed
273 3631 458 3687 reddet
501 3633 817 3703 indicativo,
861 3638 1003 3707 quod
1045 3638 1267 3694 verbum
1310 3642 1723 3710 praenuntiantis

133 3730 245 3788 est,
288 3739 392 3779 non
434 3724 805 3797 imprecantis.
844 3730 938 3784 Sic
968 3730 1099 3784 dicit
1136 3731 1283 3785 etde
1328 3731 1417 3785 illa
1448 3733 1721 3804 hypocrisi

129 3815 469 3885 Judzeorum,
492 3822 580 3876 cui
609 3824 945 3877 eversionem
971 3825 1255 3879 imminere
1276 3826 1559 3879 cernebat:
1591 3824 1723 3880 Per-

128 3909 295 3963 cutiet
332 3921 380 3965 te
413 3911 573 3975 Deus,
596 3914 770 3984 paries
799 3913 1037 3967 dealbate
1063 3915 1202 3985 (Act.
1226 3915 1404 3985 χχιιι).
1442 3915 1722 3986 Prophetas

128 4017 374 4071 namque
421 4004 600 4057 solent
647 4004 881 4058 maxime
925 4003 1097 4076 ﬁgura
1144 4005 1493 4077 imprecantis
1540 4005 1723 4061 futura

124 4093 454 4161 pricdicere,
500 4094 642 4148 sicut
684 4093 852 4163 figura
892 4095 1151 4165 praeteriti
1192 4096 1452 4166 temporis
1496 4112 1560 4151 ea
1601 4112 1723 4166 qua:

126 4192 366 4238 ventura
390 4195 570 4249 erant,
600 4200 740 4255 sa‘pe
770 4187 1097 4241 cecinerunt.

1832 3458 1934 3497 nus
1967 3441 2123 3499 Jesus
2152 3444 2435 3509 Christus,
2482 3446 2625 3502 Deus
2664 3456 2718 3502 et
2758 3448 2921 3503 homo
2967 3460 3078 3515 est,
3131 3452 3253 3505 ideo
3294 3462 3418 3506 orat

1828 3532 2139 3602 Apostolus,
2168 3544 2228 3589 ut
2252 3534 2485 3591 Verbum
2518 3536 2611 3591 Dei
2647 3538 2843 3603 Patris,
2876 3540 3134 3595 Dominus
3164 3542 3417 3597 videlicet

1828 3630 2006 3697 Jesus,
2035 3633 2105 3687 sit
2133 3649 2255 3688 cum
2284 3626 2475 3704 spiritu
2507 3635 2668 3689 illius.
2710 3637 2777 3690 Et
2811 3637 2854 3690 si
2894 3635 3057 3691 fuerit
3095 3654 3217 3692 cmn
3260 3638 3417 3707 spiri-

1831 3730 1919 3786 tu,
1969 3724 2075 3777 erit
2125 3732 2181 3777 et
2230 3739 2352 3777 cum
2395 3739 2640 3795 corpore.
2681 3725 2867 3779 Gratia
2910 3715 3192 3792 vobiscum,
3240 3726 3292 3781 id
3328 3734 3416 3781 est

1829 3813 2080 3867 remissio
2102 3822 2447 3882 peccatorum
2478 3823 2532 3868 et
2562 3814 2931 3870 reconciliatio
2961 3817 3051 3871 Dei
3090 3816 3267 3870 Patris
3296 3831 3416 3869 om-

1830 3903 2026 3970 niaque
2072 3902 2216 3956 bona
2263 3902 2383 3972 qua:
2424 3904 2681 3959 divinitus
2723 3907 2892 3975 gratis
2941 3906 3260 3976 largiuntur,
3303 3907 3418 3961 sint

1828 3994 2129 4048 vobiscum.
2158 3996 2342 4048 Amen.
2372 3994 2429 4049 ld
2459 4004 2543 4049 est
2567 3994 2677 4059 tiat,
2718 3996 2801 4049 vel
2842 4011 2968 4049 vera
3006 3997 3115 4051 sint
3144 4010 3263 4065 qua:
3294 3996 3417 4049 hac-

1830 4093 1986 4141 tenus
2010 4084 2226 4156 scripsi,
2254 4092 2360 4139 etc.

123 4315 3410 4341 mm

1080 4427 1187 4507 IN
1246 4430 1835 4509 EPISTOLAM
1895 4434 2028 4509 AD
2102 4434 2475 4512 TITUM.

666 4632 1173 4690 ARGUMENTUM.

1754 4634 1804 4696 D
1829 4643 2021 4690 noster
2049 4634 2305 4706 apostolis
2334 4635 2447 4690 suis
2472 4634 2671 4690 dixerit
2695 4632 2876 4705 (Joan.
2902 4634 3015 4705 xv).
3045 4635 3167 4690 Jam
3196 4652 3299 4691 non
3326 4638 3414 4691 di-

206 4726 507 4783 Transiens
537 4724 826 4796 Apostolus
862 4740 893 4779 a
934 4725 1094 4780 Creta
1130 4724 1306 4780 insula
1346 4725 1412 4781 ad
1454 4725 1589 4781 alias
1616 4740 1717 4780 na-
1828 4741 1944 4779 eam
1970 4741 2059 4779 eos
2089 4741 2280 4788 servos,
2313 4726 2404 4779 sed
2428 4725 2627 4779 amicos
2655 4741 2828 4790 meos,
2855 4726 3023 4795 qumri
3046 4735 3226 4795 potest
3246 4743 3417 4797 quare

128 4820 318 4873 tiones
346 4825 402 4873 et
432 4816 713 4872 civitatum
746 4815 982 4880 incolas,
1024 4814 1241 4886 reliquit
1264 4815 1445 4872 Titum
1483 4816 1722 4887 discipu-

124 4910 251 4965 lum
273 4925 430 4965 suum
450 4908 624 4963 Cretae
646 4907 764 4962 vice
788 4922 883 4960 sua
908 4916 965 4960 ut
985 4907 1250 4963 haberent
1273 4922 1444 4978 nuper
1467 4908 1533 4963 ad
1560 4906 1721 4962 ﬁdem

123 4999 418 5055 venientes
443 5005 831 5069 protectorem,
867 5012 936 5052 ne
974 4995 1114 5052 forte
1153 4997 1459 5053 Iudaeorum
1486 4997 1719 5069 garruli-

129 5101 272 5156 late,
310 5101 403 5146 aut
438 5091 817 5145 haereticorum
856 5089 1091 5157 latratu,
1131 5106 1162 5146 a
1200 5099 1342 5146 statu
1389 5100 1553 5146 rectm
1595 5090 1720 5147 lidei

124 5182 600 5237 subverterentur.
647 5179 753 5236 Sed
782 5190 841 5234 ut
866 5181 1013 5236 illum
1046 5181 1416 5239 sollicitiorem
1447 5183 1719 5249 redderet,

122 5274 438 5348 praesertim
464 5289 584 5329 cum
615 5274 900 5344 castigatio
929 5291 1022 5330 seu
1062 5276 1299 5331 hortatio
1337 5277 1720 5347 magistrorum

124 5364 505 5420 studiosorum
537 5364 889 5421 studiosiores
913 5365 1110 5422 elliciat
1135 5367 1450 5438 discipulos,
1483 5383 1721 5423 commo-

124 5456 338 5517 nefacit
373 5472 496 5512 eum
531 5468 587 5511 et
623 5456 841 5511 instruit
877 5458 944 5513 ad
979 5458 1196 5529 plenum
1232 5460 1300 5515 de
1338 5459 1721 5515 constitutione

121 5548 457 5621 presbyterii
485 5555 538 5603 et
568 5548 632 5602 de
661 5548 889 5617 spiritali
920 5551 1354 5615 conversatione,
1386 5551 1528 5605 etde
1558 5551 1723 5605 lucre-

123 5640 259 5695 ticis
276 5639 513 5693 vitandis
532 5637 623 5708 qui
640 5635 878 5693 Judaicis
899 5637 1094 5694 fabulis
1112 5640 1359 5706 credunt,
1381 5639 1646 5705 scribens,
1670 5639 1721 5694 ei

122 5747 160 5787 a
190 5729 437 5801 Nicopoli
464 5730 704 5786 civitate.
738 5799 759 5801 _
786 5732 871 5801 7_7'_
920 5722 933 5801 ξ

314 5799 348 5843 »⁷
646 5799 873 5855 CAPUT
918 5799 1187 5857 PRIMUM

203 5913 412 5972 Paulus
451 5931 626 5972 servus
666 5912 784 5969 Dei.
834 5912 968 5968 Cum
999 5913 1254 5969 Dominus
1293 5930 1353 5969 ac
1390 5913 1719 5986 Redemptor

536 6008 811 6066 Ps‘ruos.
847 6004 1103 6068 CXVII.

1824 4816 2072 4887 egregius
2102 4817 2427 4885 pmdicator
2462 4825 2518 4871 et
2554 4817 2810 4886 magister
2837 4817 3075 4888 gentium
3101 4833 3318 4873 servum
3357 4822 3419 4873 se

1824 4906 2167 4975 postmodum
2195 4906 2506 4961 vocaverit?
2543 4905 2650 4961 Sed
2695 4907 2739 4961 si
2780 4908 2918 4962 bene
2944 4906 3415 4978 perpenderimus,

1825 4996 1931 5050 duo
1958 5009 2080 5049 esse
2105 5010 2305 5065 genera
2341 4997 2648 5061 servitutis,
2688 4997 2826 5051 sicut
2863 5006 2917 5051 et
2957 4997 3188 5063 timoris,
3229 4997 3420 5067 procul

1824 5086 1991 5142 dubio
2018 5084 2141 5141 luce
2170 5086 2370 5141 clarius
2397 5087 2633 5158 patebit,
2668 5088 2789 5157 quia
2821 5103 2926 5143 non
2954 5087 3165 5143 exstitit
3188 5095 3417 5142 eontra-

1826 5181 1941 5237 rius
1965 5181 2148 5236 verbis
2180 5179 2497 5235 Dominicis.
2546 5180 2605 5235 Si
2650 5180 2868 5249 quidem
2920 5180 3155 5234 servitus
3203 5180 3418 5235 timoris

1825 5279 1926 5335 est,
1953 5287 2059 5343 qua
2091 5271 2247 5326 timet
2270 5285 2462 5326 servus
2484 5269 2770 5324 Dominum
2798 5285 2979 5334 suum,
3007 5279 3063 5324 et
3088 5268 3283 5324 ancilla
3310 5268 3412 5323 do-

1825 5364 2029 5418 minam
2076 5378 2263 5429 suam,
2313 5362 2569 5417 timentes
2617 5361 2686 5417 ab
2726 5362 2808 5417 eis
2852 5361 3148 5432 ﬂagellari:
3181 5362 3417 5419 servitus

1825 5464 2003 5510 autem
2046 5456 2249 5511 amoris
2291 5463 2395 5520 est,
2440 5470 2546 5526 qua
2588 5455 2745 5509 timet
2789 5455 2964 5509 bonus
3011 5454 3153 5509 filius
3200 5463 3415 5525 patrem

1824 5562 2006 5612 suum,
2047 5556 2295 5604 metuens
2330 5546 2571 5601 animum
2621 5544 2739 5615 ejus
2786 5544 3058 5600 oflendere
3104 5543 3158 5598 in
3208 5544 3411 5614 aliquo,

1824 5647 1987 5709 atque
2021 5635 2336 5693 hiereditate
2360 5637 2585 5708 privari.
2624 5636 2699 5692 De
2725 5636 2987 5691 servitute
3014 5650 3143 5705 ergo
3170 5634 3258 5689 illa
3288 5650 3410 5705 qua:

1825 5728 2058 5799 pertinet
2089 5729 2155 5782 ad
2186 5729 2436 5783 timorem
2466 5741 2768 5797 pcenatem,
2820 5727 2952 5782 dicit
2990 5725 3246 5796 apostolis
3283 5727 3411 5795 quia

1819 5819 1932 5890 jam
1958 5833 2063 5872 non
2087 5817 2261 5872 dicam
2283 5833 2381 5873 vos
2399 5834 2585 5873 servos
2602 5818 2834 5883 timoris,
2855 5817 2948 5872 sed
2970 5815 3191 5871 amoris.
3218 5815 3294 5870 De
3314 5814 3409 5869 illa

1830 5924 1958 5965 vero
2003 5922 2123 5978 «pta:
2168 5908 2400 5978 pertinet
2448 5907 2512 5962 ad
2560 5924 2798 5963 amorem
2851 5906 3120 5972 ﬁliorum,
3173 5904 3412 5974 loquitur

2872 6004 2950 6062 ‘26
