3952 6340
577 433 701 508 sit

1067 426 1417 483 llAYMONlS
1455 425 1935 481 HALBERSTAT.
1975 424 2192 482 EPISC.
2229 426 2380 482 OPP.
2421 425 2618 482 PARS.
2661 427 2699 480 l.
2747 457 2802 466 -
2836 425 3192 482 COMMENT.
3227 427 3397 482 BIBL.

3759 428 3858 487 812

603 549 730 606 alibi
759 549 946 604 dicens
976 564 989 600 :
1021 543 1152 600 Cum
1179 544 1402 612 feceritis
1438 543 1614 596 omnia
1635 558 1751 612 qua’
1776 551 2032 612 prtccepta
2056 551 2177 595 sunt
2208 542 2255 601 Α
2283 541 2543 612 religione
2585 541 2700 596 veri
2744 541 2838 596 Dei
2879 550 2934 596 et
2973 541 3144 597 salute
3181 544 3376 596 anima:
3419 559 3524 598 non
3569 544 3853 612 disputant-

599 641 759 704 vobis,
800 639 977 699 dicite,
1025 635 1171 691 Servi
1214 633 1422 688 inutiles
1466 650 1680 697 sumus,
1727 632 1867 702 quod
1909 633 2179 685 debuimus

594 737 771 804 facere
799 733 1015 803 fecimus
1049 729 1198 802 (Luc.
1233 728 1386 800 xvii).
1418 729 1483 784 Et
1511 728 1795 784 Psalutista
1821 746 1835 781 :
1869 727 2046 781 Timor
2077 727 2181 781 Do-

595 825 725 882 mini
767 834 978 880 sanctus
1019 838 1326 894 permanens
1379 822 1434 876 in
1477 819 1730 875 strculum
1779 820 1958 873 sa’culi
2004 816 2175 886 (Psal.

595 915 776 985 xviii).
822 913 978 970 Hunc
1003 927 1238 982 namque
1269 911 1514 966 timorem
1545 910 1744 965 habent
1782 918 1838 964 et
1873 909 2043 964 sancti
2078 925 2175 962 an-

595 1006 721 1076 geli,
753 1021 910 1075 quem
933 1003 1171 1074 profecto
1192 1001 1498 1056 habuerunt
1520 999 1742 1070 apostoli
1772 1015 1866 1067 per
1887 1000 2175 1054 adventum

595 1099 834 1168 Spiritus
855 1096 1052 1158 sancti,
1078 1109 1174 1163 per
1200 1107 1359 1161 quem
1389 1089 1579 1145 diffusa
1598 1099 1679 1144 est
1708 1089 1946 1144 charitas
1971 1089 2023 1142 in
2051 1104 2176 1143 cor-

592 1191 754 1246 dibus
775 1203 986 1251 eorum,
1019 1201 1178 1256 quem
1209 1194 1262 1239 et
1291 1198 1390 1239 nos
1421 1197 1762 1251 summopere
1793 1182 2051 1235 detentus
2082 1180 2178 1234 ba-

591 1289 743 1350 bere.
767 1282 946 1350 Qumri
976 1281 1138 1335 etiam
1181 1285 1375 1348 potest,
1409 1275 1536 1345 quid
1562 1275 1632 1328 sit
1675 1274 1816 1343 quod
1855 1273 1906 1326 in
1939 1271 2174 1342 Epistola

593 1377 662 1430 ad
685 1375 959 1430 Romanos
982 1387 1193 1426 servum
1217 1385 1274 1425 se
1293 1368 1420 1423 Jesu
1447 1366 1650 1422 Christi
1677 1375 1857 1430 vocat,
1883 1366 1968 1419 hic
1995 1374 2174 1418 autem

591 1482 808 1524 servum
854 1465 947 1520 Dei
975 1463 1152 1517 Patris
1180 1479 1193 1515 :
1225 1476 1349 1515 nam
1389 1475 1512 1514 cum
1559 1459 1688 1513 dicit
1729 1457 1945 1521 Paulus,
1987 1473 2175 1511 servus

591 1560 710 1623 Dei,
743 1557 958 1612 nomine
991 1553 1117 1615 Dei,
1147 1567 1376 1622 persona
1404 1551 1582 1604 Patris
1607 1550 1887 1619 accipitur.
1927 1548 2006 1601 Ad
2033 1545 2173 1616 quod

591 1648 902 1712 dicendum,
941 1646 1066 1716 quia
1095 1653 1155 1698 ut
1177 1644 1578 1697 demonstraret
1621 1641 1673 1696 in
1726 1641 1894 1694 tribus
1930 1638 2174 1710 personis

590 1758 756 1798 unam
779 1740 1068 1797 essentiam
1099 1751 1370 1805 unamque
1397 1735 1675 1796 deitatem,
1701 1743 1862 1801 atque
1885 1747 2044 1785 unam
2072 1745 2172 1801 po-

587 1833 816 1888 tentiam
848 1845 988 1892 esse,
1030 1835 1214 1897 aperte
1251 1826 1323 1879 il.i
1355 1840 1569 1878 servum
1601 1839 1662 1877 se
1692 1823 1828 1876 dixit
1856 1819 1980 1875 Jesn
2010 1819 2170 1873 Chri-

2285 636 2590 691 Geometria
2621 651 2836 706 quoque
2879 644 2932 691 et
2965 636 3311 690 arithmetica
3357 636 3624 705 simulque
3659 648 3712 692 et
3743 655 3854 692 mu-

2282 730 2418 794 sica,
2448 745 2567 798 qum
2594 745 2941 783 numerortnn
2972 728 3268 782 subtilitate
3289 729 3614 788 consistunt.
3644 730 3856 798 agnitio-

2281 835 2403 875 nem
2433 819 2678 874 veritatis
2713 820 2766 874 in
2806 835 2863 874 se
2901 819 3114 889 quidem
3155 818 3373 880 habent,
3405 819 3496 872 sed
3531 836 3637 873 non
3669 831 3746 873 est
3774 823 3852 874 illa

2281 911 2504 966 scientia
2542 911 2760 982 pietatis
2789 912 3013 981 agnitio.
3044 910 3107 964 Ut
3137 926 3268 979 ergo
3296 911 3585 980 Apostolus
3613 913 3852 966 ostende-

2281 1013 2364 1058 ret
2389 1019 2446 1057 se
2471 1003 2796 1072 agnitionem
2827 1003 2969 1057 illius
2996 1003 3240 1056 veritatis
3267 1002 3486 1061 habere.
3526 1019 3647 1072 quze
3683 1019 3853 1057 secura

2279 1096 2406 1150 dum
2441 1095 2695 1162 pietatem
2725 1103 2832 1160 est,
2861 1094 3066 1148 idcirco
3095 1091 3316 1164 provide
3345 1094 3448 1148 ista
3494 1095 3737 1152 protulit.
3769 1095 3851 1148 Se-

2278 1185 2461 1255 quitur
2486 1203 2499 1238 :

2349 1275 2416 1330 In
2455 1293 2595 1346 spem
2635 1277 2750 1330 ritte
2789 1285 3019 1330 trternte.
3060 1274 3220 1329 Fides
3251 1274 3548 1330 electorum
3579 1283 3637 1330 et
3666 1277 3851 1346 agnitio

2277 1369 2556 1432 veritatis,
2586 1385 2704 1438 qua:
2730 1370 3024 1423 secundum
3050 1368 3306 1437 pietatem
3335 1377 3437 1430 est,
3474 1369 3527 1422 in
3563 1384 3716 1437 spem
3743 1370 3848 1423 vita:

2277 1471 2495 1515 mternae
2537 1460 2992 1536 remunerationis
3031 1461 3202 1530 posita
3233 1469 3354 1514 est:
3393 1460 3520 1528 quia
3559 1461 3848 1528 quicunque

2277 1550 2436 1604 fidem
2473 1561 2677 1605 rectam
2707 1552 2871 1605 balet
2909 1560 3072 1620 atque
3113 1552 3442 1622 agnitionem
3479 1553 3847 1622 omnipotentis

2277 1639 2392 1702 Dei,
2423 1655 2585 1710 quam
2625 1641 2710 1710 pie
2751 1649 2807 1694 et
2837 1641 3083 1712 religiose
3112 1643 3341 1695 vivendo
3373 1651 3636 1704 exornat,
3679 1645 3845 1712 utique

2275 1743 2426 1798 spem
2464 1739 2681 1784 :eterme
2720 1730 3176 1783 remunerationis
3203 1731 3460 1799 possidet.
3503 1730 3686 1800 Neque
3717 1733 3841 1786 enin

2275 1820 2470 1889 aliquis
2496 1820 2638 1874 valet
2675 1821 2874 1875 habere
2912 1821 3070 1876 fidem
3119 1823 3560 1892 agnitionemque
3596 1825 3840 1886 veritatis,

585 1925 678 1990 sti,
719 1931 774 1980 et
807 1923 899 1977 hic
937 1920 1033 1975 Dei
1077 1917 1290 1972 Patris:
1324 1915 1576 1986 quoniam
1605 1914 1740 1968 sicut
1771 1912 1873 1967 illa:
1903 1920 2013 1966 tres
2045 1927 2166 1980 pcr—
2197 1897 2240 1956 Β
2272 1913 2316 1967 si
2347 1911 2575 1966 defuerit
2601 1927 2725 1980 spes
2755 1920 2922 1964 certa.
2965 1910 3136 1975 Quam
3167 1913 3432 1980 promisit,
3460 1913 3554 1982 qui
3581 1931 3682 1966 non
3709 1930 3837 1965 men-

586 2032 734 2072 some
765 2022 993 2084 regnant
1022 2020 1078 2066 et
1106 2010 1451 2065 dominantur
1483 2007 1632 2061 omni
1669 2014 1954 2075 creaturae,
1985 2005 2054 2058 ita
2087 2005 2163 2058 iu—

584 2105 964 2176 separabiliter
1007 2117 1223 2156 omnem
1277 2115 1494 2153 servum
1541 2097 1644 2150 sibi
1695 2098 1945 2150 devotum
1997 2094 2168 2164 possi-

584 2201 717 2254 dent
745 2215 758 2251 :
789 2211 854 2251 ac
883 2210 980 2266 per
1007 2195 1109 2248 hoc
1137 2192 1442 2262 quicunque
1485 2206 1676 2245 servus
1711 2199 1794 2243 est
1830 2188 2030 2243 Christi
2064 2187 2167 2241 uti-

581 2303 690 2360 que
720 2302 909 2343 servus
938 2294 1022 2339 est
1057 2283 1235 2338 Patris
1275 2298 1339 2336 ac
1375 2282 1612 2350 Spiritus
1649 2281 1842 2336 sancti.
1886 2280 2166 2350 Apostolus

580 2387 756 2433 autem
781 2377 908 2431 Jesu
935 2373 1131 2429 Citriin
1157 2373 1294 2427 dixit
1319 2391 1332 2425 :
1372 2371 1525 2425 Sicut
1547 2372 1778 2426 servitus
1808 2371 2050 2440 Apostoli
2087 2371 2168 2426 in-

581 2466 895 2524 differenter
914 2466 982 2519 ad
1011 2474 1175 2518 totam
1203 2462 1526 2516 Trinitatem
1554 2461 1803 2522 refertur,
1841 2461 1916 2514 ita
1953 2477 2166 2530 quoque

579 2558 919 2629 apostolatus
953 2555 1070 2625 ejus
1111 2555 1164 2608 in
1203 2567 1488 2606 commune
1528 2552 1595 2604 ad
1642 2560 1809 2604 totam
1846 2550 2164 2605 Trinitatem

579 2656 667 2702 est
701 2645 1034 2700 referendus.
1069 2642 1206 2697 Tota
1243 2642 1387 2696 enim
1427 2640 1664 2696 Trinitas
1703 2639 1864 2708 elegit
1909 2641 2054 2695 illum
2098 2643 2166 2696 ad

577 2735 984 2810 praedicationis
1015 2734 1270 2804 gratiam,
1300 2733 1484 2786 dicens
1521 2732 1586 2784 ad
1616 2730 1888 2798 apostolos
1921 2749 1934 2785 :
1978 2730 2167 2802 Segre-

579 2838 700 2901 gate
729 2828 855 2882 milii
887 2825 1116 2880 Paulum
1147 2835 1195 2878 et
1225 2823 1527 2877 Barnabam
1553 2825 1606 2876 in
1633 2839 1763 2892 opus
1793 2823 1931 2893 quod
1960 2841 2165 2878 assum-

575 2919 660 2991 psi
685 2936 772 2974 eos
802 2918 941 2988 (Act.
971 2915 1114 2988 xui).
1145 2915 1215 2970 At
1243 2930 1370 2970 vero
1397 2914 1738 2969 considerate
1774 2915 2028 2970 discrevit
2051 2932 2166 2970 ser-

578 3013 801 3068 vitutem
831 3011 900 3065 ab
927 3009 1250 3078 apostolatu,
1294 3007 1552 3077 quoniam
1582 3022 1688 3061 non
1719 3007 1897 3062 omnis
1925 3008 2018 3077 qui
2051 3023 2165 3062 ser-

572 3121 699 3172 vus,
726 3105 910 3160 statim
938 3113 993 3160 et
1021 3103 1329 3171 Apostolus,
1379 3102 1475 3156 sed
1513 3102 1822 3170 quicunque
1860 3097 2158 3171 apostolus,

573 3197 763 3266 utique
803 3204 860 3250 et
900 3209 1109 3249 servus.
1158 3192 1459 3247 Secundum
1514 3191 1672 3259 ﬁdem
1717 3192 1996 3245 electorum
2045 3190 2157 3244 Dei.

2269 2002 2416 2064 titur,
2447 2001 2610 2066 Deus,
2642 2011 2762 2054 ante
2788 2011 3018 2070 tempora
3041 2002 3340 2055 stccularia.
3366 2003 3588 2057 Certum
3611 2005 3837 2058 omnibus

2271 2089 2520 2145 ﬁdelibus
2545 2100 2648 2156 est,
2679 2092 2806 2162 quia
2835 2093 3012 2144 omnis
3041 2093 3204 2145 homo
3229 2094 3483 2158 mendax,
3511 2095 3657 2149 solus
3679 2105 3834 2150 autem

2269 2182 2412 2238 Deus
2437 2199 2623 2246 verax,
2648 2183 2737 2252 qni
2761 2192 2936 2252 potest
2959 2191 3154 2236 cuncta
3187 2183 3412 2253 implere
3439 2201 3559 2254 quae
3587 2187 3832 2253 promisit.

2269 2273 2386 2342 Ipse
2411 2289 2540 2344 ergo
2572 2275 2662 2343 qui
2699 2289 2805 2328 non
2836 2275 3118 2338 incutitur,
3145 2275 3269 2344 quia
3298 2291 3509 2329 summa
3534 2278 3724 2330 veritas
3745 2286 3836 2340 est,

2270 2367 2384 2437 ipse
2415 2368 2668 2436 promisit
2696 2366 2942 2421 fidelibus
2967 2368 3078 2422 suis
3103 2368 3267 2422 vitam
3293 2379 3542 2424 mternam
3561 2380 3682 2423 ante
3707 2381 3841 2424 teni-

2269 2464 2400 2528 por'a
2423 2459 2722 2513 saecularia.
2751 2457 3040 2513 chnlaria
3065 2460 3321 2514 dicuntur
3342 2477 3373 2515 a
3400 2462 3670 2530 sequendo,
3691 2461 3835 2530 quod

2269 2551 2323 2606 in
2366 2567 2424 2606 se
2476 2551 2864 2606 resolvantur:
2918 2549 3163 2605 Varrone
3209 2561 3370 2606 teste.
3423 2552 3621 2606 Szecula
3663 2561 3838 2605 autem

2269 2650 2653 2711 computantur
2673 2657 2739 2694 ex
2761 2656 2826 2695 eo
2847 2656 2955 2710 quo
2981 2642 3235 2696 materies
3263 2641 3514 2696 informis
3534 2657 3626 2710 per
3647 2643 3840 2710 species

2266 2735 2501 2790 discreta
2529 2744 2633 2799 est,
2666 2744 2719 2790 et
2745 2750 2810 2788 ex
2838 2750 2948 2805 quo
2971 2733 3110 2789 Dens
3136 2735 3270 2789 dixit
3300 2753 3312 2788 :
3343 2733 3468 2788 Fiat
3500 2736 3613 2798 lux,
3643 2745 3688 2788 et
3714 2736 3836 2802 facta

2266 2837 2340 2880 est
2371 2826 2463 2879 lux
2497 2825 2646 2896 (Gen.
2680 2827 2740 2889 ι).
2774 2825 2849 2879 Ex
2878 2841 2942 2879 eo
2968 2825 3111 2879 enini
3145 2826 3310 2895 carpit
3333 2826 3574 2880 varietas
3599 2829 3836 2895 temporis

2265 2927 2320 2972 et
2346 2918 2659 2972 vicissitudo
2697 2917 2954 2970 horarum
2991 2918 3304 2987 pariterque
3343 2918 3558 2972 dierum
3602 2919 3653 2972 in
3687 2927 3834 2972 seruet

2267 3009 2501 3063 resolvi:
2537 3019 2696 3063 antea
2736 3025 2894 3071 vero,
2946 3019 3004 3063 ut
3046 3010 3298 3064 doctores
3332 3005 3560 3072 dicunt,
3603 3029 3702 3064 non
3739 3019 3836 3063 erat

2265 3107 2476 3169 tempus
2508 3100 2600 3152 sed
2636 3115 2828 3162 aevum,
2863 3099 3006 3168 quod
3053 3097 3391 3154 solummodo
3435 3115 3562 3154 esse
3608 3101 3832 3154 habebat.

2265 3189 2398 3243 Nam
2432 3191 2570 3243 inter
2601 3200 2811 3259 tempus
2847 3199 2901 3243 et
2942 3206 3114 3244 aivum
3153 3191 3256 3244 hoc
3294 3191 3485 3256 distat,
3526 3191 3651 3258 quia
3687 3205 3833 3243 a-vum

571 3255 788 3342 Electos
815 3286 902 3340 hic
926 3284 1172 3353 accipere
1201 3283 1462 3337 debemus
1493 3281 1614 3336 illos
1649 3282 1714 3335 de
1751 3281 1947 3350 quibus
1978 3279 2160 3333 Domi-
2188 3255 2232 3314 C
2264 3281 2458 3335 stabile
2490 3292 2596 3346 est,
2631 3255 2841 3350 tempus
2862 3298 2991 3336 vero
3022 3280 3299 3335 mutabile.
3339 3280 3448 3336 Sed
3471 3255 3526 3336 si
3546 3255 3835 3336 imminit-us

571 3391 678 3432 nus
717 3374 846 3430 dicit
879 3393 892 3427 :
935 3372 1058 3426 Non
1094 3389 1182 3426 eos
1223 3388 1303 3424 me
1344 3371 1591 3440 elegistis,
1637 3371 1726 3424 sed
1768 3387 1860 3440 ego
1900 3369 2029 3439 elegi
2072 3386 2158 3424 eos

571 3466 762 3539 (Joan.
797 3465 885 3535 xv)
904 3507 919 3530 ,
962 3473 1017 3518 ct
1045 3465 1111 3518 de
1139 3462 1335 3532 quibus
1366 3463 1507 3515 idem
1537 3461 1784 3531 egregius
1813 3459 2156 3528 praedicator,

575 3555 682 3624 Qui
707 3556 870 3626 elegit
899 3571 999 3609 nos
1027 3555 1078 3608 in
1105 3553 1320 3608 Christo
1346 3561 1471 3606 ante
1503 3553 1685 3605 mundi
1717 3551 2156 3606 constitutionem

573 3647 794 3722 (Ep/tes.
813 3648 852 3714 ι)
872 3661 967 3700 eos
986 3643 1254 3707 videlicet,
1269 3643 1358 3712 qui
1383 3658 1486 3696 non
1513 3653 1716 3695 tantum
1739 3642 1941 3706 vocati,
1959 3643 2050 3695 sed
2078 3641 2159 3695 in-

575 3755 744 3809 super
765 3737 918 3793 electi
945 3744 1070 3792 sunt
1097 3736 1162 3789 ad
1188 3734 1411 3807 gloriam
1433 3735 1835 3804 sempiternam,
1859 3735 2154 3789 secundum

571 3845 806 3902 quorum
835 3829 1129 3883 electorum
1163 3827 1320 3880 fidem
1345 3825 1544 3881 Paulus
1567 3825 1765 3880 Christi
1785 3825 1910 3882 Jesn
1941 3836 2158 3896 aposto-

567 3925 658 3980 lus
683 3933 786 3988 est,
809 3923 934 3994 quia
960 3922 1027 3976 ad
1063 3921 1439 3975 rectitudinem
1464 3919 1582 3974 fidei
1620 3905 1781 3989 quam
1807 3920 1904 3990 ipsi
1928 3919 2153 3989 apostoli

566 4026 888 4082 tenuerunt,
931 4016 1128 4071 missus
1164 4023 1246 4070 est
1289 4016 1402 4084 ipse
1439 4015 1685 4083 gentibus
1729 4016 2039 4085 prcedieare.
2088 4014 2155 4068 Et

567 4111 884 4182 agnitionem
915 4107 1144 4160 veritatis
1183 4122 1300 4176 qua:
1339 4106 1622 4159 secundum
1661 4106 1902 4174 pietatem
1937 4116 2032 4159 est.
2075 4105 2154 4160 Ex

567 4201 939 4270 superioribus
960 4199 1156 4268 pendet
1179 4199 1280 4251 hoc
1304 4198 1462 4251 modo
1489 4215 1502 4250 :
1537 4197 1828 4272 Apostolus
1849 4197 1975 4253 Jesn
1999 4197 2154 4253 Chri-

567 4293 641 4348 sti
685 4291 979 4347 secundum
1035 4287 1192 4368 (idem
1241 4289 1533 4342 electorum
1582 4289 1708 4351 Dei,
1757 4298 1812 4344 et
1857 4290 2151 4344 secundum

566 4383 898 4455 agnitionem
933 4380 1200 4444 veritatis,
1241 4395 1361 4448 quae
1400 4381 1600 4434 veritas
1644 4381 1938 4434 secundum
1976 4382 2150 4450 pieta-

563 4482 676 4527 tem
714 4479 816 4526 est.
861 4470 1076 4526 Veritas
1114 4477 1197 4522 est
1233 4469 1501 4532 Christus,
1533 4468 1625 4536 qui
1672 4467 1841 4521 dixit:
1882 4467 1994 4538 Ego
2033 4485 2148 4522 sum

564 4567 674 4629 eia,
694 4565 906 4628 veritas,
928 4573 974 4618 et
1001 4564 1103 4618 vita
1129 4562 1310 4630 (Joan.
1335 4563 1434 4631 vit)
1462 4579 1474 4615 :
1504 4563 1795 4616 secundum
1821 4565 1972 4634 cujus
1996 4566 2146 4634 agni-

565 4659 771 4712 tionem
799 4654 995 4709 Paulns
1034 4653 1310 4722 apostolus
1338 4653 1568 4708 ollicium
1599 4653 1867 4723 implevit,
1911 4657 2020 4710 imo
2056 4673 2142 4712 se-

561 4750 800 4806 cundum
841 4749 1169 4820 agnitionem
1215 4747 1380 4801 totius
1419 4746 1721 4811 Trinitatis,
1771 4764 1889 4816 (pta:
1933 4764 2144 4805 summa

559 4843 766 4897 veritas
794 4850 894 4895 est.
923 4841 983 4896 In
1014 4841 1117 4894 hoc
1142 4839 1287 4892 enim
1317 4839 1614 4894 secundum
1646 4839 1973 4910 agnitionem
2003 4841 2144 4894 veri-

559 4931 691 4984 tatis
719 4929 1008 4999 Apostolus
1030 4928 1257 4989 exstitit,
1299 4928 1424 4996 quia
1467 4929 1685 4997 agnovit
1719 4930 2140 4998 omnipotentem

558 5017 731 5072 Deum
767 5017 1065 5072 trinitatem
1095 5016 1294 5070 habere
1323 5015 1377 5070 in
1407 5017 1672 5086 personis,
1710 5027 1764 5070 et
1796 5019 2054 5074 unitatem
2089 5020 2142 5073 in

559 5107 866 5163 substantia
887 5107 1124 5161 deitatis.
1148 5105 1213 5159 Et
1239 5107 1354 5160 haec
1381 5107 1584 5174 agnitio
1604 5109 1872 5172 veritatis,
1895 5110 2032 5164 bene
2057 5125 2141 5164 se-

557 5201 796 5259 cundum
827 5198 1083 5268 pietatem
1114 5195 1239 5268 (hoc
1268 5206 1352 5252 est
1375 5197 1577 5252 cultum
1603 5209 1657 5252 et
1685 5201 1994 5272 religionem
2021 5202 2137 5273 Dei)

557 5291 759 5348 dicitur
791 5297 1065 5354 constare,
1117 5289 1372 5358 quoniam
1403 5304 1466 5344 ea
1497 5290 1677 5354 docet,
1718 5301 1773 5345 et
1814 5309 1875 5346 ea
1909 5296 2137 5350 amando

558 5381 923 5453 amplectitur,
965 5395 1086 5450 quae
1124 5379 1190 5434 ad
1232 5379 1544 5450 religionem
1583 5382 1692 5435 veri
1720 5381 1812 5436 Dei
1845 5384 2131 5450 pertinent.

556 5472 653 5528 Est
686 5487 919 5544 namque
946 5471 1148 5527 veritas
1176 5486 1366 5526 carens
1391 5471 1615 5541 pietate,
1647 5473 1787 5527 sicut
1811 5474 1862 5527 in
1892 5474 2132 5529 liberali-

554 5568 659 5622 bus
685 5567 912 5623 artibus.
943 5565 1308 5622 Grammatica
1337 5565 1481 5618 enim
1512 5575 1675 5634 atque
1705 5566 2009 5634 dialectica,
2041 5584 2132 5622 vc-

556 5660 774 5714 ritatem
803 5666 950 5714 recte
978 5659 1233 5728 loquendi
1259 5659 1476 5721 habent,
1515 5668 1570 5712 et
1598 5659 1739 5714 inter
1770 5658 1900 5713 falsa
1925 5670 1980 5715 et
2009 5676 2134 5716 vera

557 5748 988 5820 syllogismorum
1017 5752 1484 5821 argumentatione
1513 5749 1790 5820 dijudicat,
1825 5752 1919 5806 sed
1953 5760 2132 5807 tamen

556 5840 886 5912 agnitionem
925 5842 1141 5910 pietatis
1181 5842 1402 5898 minime
1444 5843 1497 5898 in
1541 5857 1600 5899 se
1640 5841 1862 5910 habent,
1903 5843 2029 5898 dum
2068 5844 2135 5900 de

2174 4605 2225 4665 D

2262 3373 2510 3442 promisit
2538 3372 2704 3426 vitam
2734 3383 2991 3426 aeternam
3015 3414 3030 3437 ,
3067 3373 3209 3442 quod
3237 3374 3465 3428 omnino
3500 3390 3607 3428 non
3639 3375 3830 3428 dubi-ns

2261 3475 2366 3530 est,
2395 3466 2664 3535 quomodo
2701 3465 2950 3534 promisit
2976 3465 3081 3519 illis
3109 3465 3199 3533 qui
3233 3457 3468 3520 necdum
3497 3478 3658 3520 erant
3690 3465 3831 3520 creati

2262 3567 2387 3613 ante
2413 3566 2655 3625 tempora
2682 3557 2962 3611 strcularia
2982 3599 2996 3621 ,
3030 3558 3132 3611 nisi
3165 3556 3290 3625 quia
3322 3558 3376 3611 in
3407 3557 3530 3627 ejus
3561 3559 3832 3612 aeternitate

2259 3652 2314 3706 in
2350 3650 2688 3721 praescientia
2736 3658 2790 3703 et
2835 3648 3310 3718 prmdestiuatione
3355 3648 3474 3718 jam
3527 3647 3691 3702 ﬁxum
3734 3656 3828 3700 erat

2260 3745 2402 3814 quod
2426 3759 2668 3814 congruo
2697 3751 2936 3812 tempore
2961 3742 3199 3796 futurum
3229 3751 3369 3796 erat.
3401 3740 3670 3807 Quamvis
3696 3741 3828 3808 igitur
3921 3785 3923 3791 .

2259 3836 2495 3890 humana
2525 3834 2723 3888 divinis
2752 3848 2815 3886 ex
2849 3842 2960 3886 toto
2991 3848 3096 3886 non
3140 3833 3247 3886 sint
3279 3833 3675 3901 comparanda,
3705 3831 3826 3883 eim-
3919 3871 3921 3897 ;

2257 3942 2379 3980 mus
2409 3925 2613 3995 aliquid
2643 3927 2741 3979 sub
2771 3924 3045 3994 exemplo,
3072 3933 3128 3976 ut
3159 3922 3393 3976 lucidius
3424 3922 3826 3992 comprehenda-

2258 4027 2346 4072 tur
2381 4019 2524 4088 qnod
2567 4019 2808 4073 dicitur:
2853 4017 3089 4084 Quilibet
3137 4015 3418 4070 hominum
3464 4017 3693 4086 cupidus
3731 4013 3824 4074 ﬁlii,

2256 4110 2428 4165 multo
2455 4121 2746 4180 antequam
2786 4109 2982 4164 habeat
3017 4107 3190 4171 illum,
3226 4117 3488 4178 procurat
3527 4107 3733 4168 domos,
3769 4107 3827 4156 la-

2255 4202 2484 4267 miliam,
2507 4203 2877 4271 possessiones
2899 4201 3243 4270 praediorum,
3269 4200 3572 4270 disponens
3593 4203 3647 4255 in
3674 4201 3826 4253 animo

2254 4309 2353 4348 suo
2378 4294 2558 4347 omnia
2588 4293 2674 4346 illa
2703 4283 2832 4346 dare
2865 4292 2996 4355 lilio,
3028 4292 3256 4347 necdum
3281 4291 3462 4346 adhuc
3494 4303 3625 4347 nato
3651 4312 3664 4346 :
3698 4293 3762 4344 ita
3783 4299 3826 4341 et

2252 4386 2594 4456 omnipotens
2631 4385 2772 4440 Deus
2808 4385 2859 4438 in
2899 4384 3235 4454 przescientia
3272 4392 3323 4437 et
3363 4384 3826 4454 pnedestinatioae

2251 4493 2346 4532 sua
2375 4477 2623 4548 promisit
2666 4477 2912 4530 ﬁdelibus
2947 4483 3109 4545 atque
3137 4475 3323 4529 electis
3352 4475 3472 4530 suis
3509 4485 3639 4530 ante
3669 4475 3824 4529 ouiuia
3905 4545 3907 4550 ‘

2251 4578 2492 4639 tempora
2525 4569 2690 4622 vitam
2724 4577 2984 4622 aeternam
3013 4566 3265 4620 dandam.
3301 4563 3611 4635 Sequitur:

2323 4658 2675 4727 Manifestavil
2701 4667 2874 4711 autem
2909 4657 3226 4724 temporibus
3279 4657 3391 4710 suis
3436 4658 3656 4709 verbum
3696 4672 3824 4709 suum

2247 4751 2303 4804 in
2329 4750 2718 4819 prtrdicatione,
2742 4765 2858 4818 qutr
2883 4747 3082 4800 credita
3111 4756 3188 4800 est
3215 4747 3343 4799 mihi
3375 4750 3676 4800 secundum
3717 4761 3824 4816 prr-

2247 4851 2447 4910 ceptum
2479 4837 2764 4894 Saluatoris
2789 4837 2954 4891 nostri
2984 4835 3100 4890 Dei.
3127 4837 3362 4891 Verbum
3403 4835 3501 4890 Dei
3529 4835 3730 4897 Patris,
3756 4834 3825 4886 Fi-

2249 4929 2352 4984 lius
2402 4939 2504 4992 est,
2555 4931 2620 4984 de
2664 4945 2771 4999 quo
2814 4927 3054 4982 Joannes
3088 4944 3100 4979 :
3134 4925 3201 4980 In
3243 4926 3530 4996 principio,
3570 4927 3820 4996 inquiens.

2246 5033 2358 5075 erat
2423 5021 2668 5087 Verbum,
2694 5032 2740 5074 et
2776 5019 3003 5074 Verbum
3042 5029 3152 5073 erat
3194 5019 3336 5088 apud
3387 5017 3588 5082 Deum,
3619 5029 3669 5070 et
3708 5018 3824 5070 Dens

2244 5124 2355 5166 erat
2387 5112 2610 5166 Verbum
2657 5111 2838 5180 (Joan.
2865 5112 2924 5180 t).
2953 5111 3097 5165 Istud
3128 5109 3363 5164 Verbum
3387 5111 3535 5180 quod
3569 5112 3624 5163 in
3655 5117 3824 5161 natura

2245 5206 2471 5262 Deitatis
2500 5206 2767 5262 invisibile
2793 5215 2930 5269 erat,
2973 5203 3341 5260 manifestavit
3371 5205 3516 5260 Deus
3552 5205 3722 5260 Pater
3745 5217 3826 5272 per

2244 5301 2534 5354 humanam
2574 5308 2847 5362 naturam,
2896 5298 2949 5353 in
3004 5314 3109 5368 qua
3163 5298 3326 5352 homo
3357 5296 3552 5358 factus,
3615 5296 3824 5351 visibilis

2243 5392 2443 5446 mundo
2466 5392 2717 5460 apparuit
2755 5392 3088 5460 temporibus
3118 5391 3251 5450 suis,
3296 5389 3460 5443 idest
3500 5391 3757 5460 congruis
3783 5395 3826 5437 et

2243 5482 2310 5535 ab
2341 5481 2430 5534 illo
2455 5481 2748 5550 dispositis,
2775 5481 2842 5536 de
2875 5482 3072 5550 quibus
3102 5481 3243 5535 idem
3275 5480 3573 5549 Apostolus
3605 5479 3739 5532 alias
3764 5478 3826 5529 di-

2242 5574 2361 5628 cit:
2407 5570 2694 5642 Postquam
2731 5573 2862 5627 t'euit
2890 5572 3158 5642 plenitudo
3183 5572 3455 5640 temporis,
3504 5571 3654 5624 misit
3705 5569 3822 5622 Deus

2242 5663 2443 5718 Filium
2483 5681 2636 5717 suum
2664 5663 2804 5726 (Gal.
2840 5664 2934 5727 tv),
2963 5674 3072 5719 etc.
3107 5665 3228 5718 Vita
3252 5679 3383 5733 ergo
3423 5673 3644 5719 aeterna
3677 5674 3822 5731 quam

2241 5754 2487 5822 promisit
2516 5753 2654 5807 Dens
2682 5753 2844 5809 Pater
2869 5753 3057 5809 electis
3087 5762 3210 5808 ante
3235 5753 3421 5808 omnia
3452 5753 3683 5816 szecula,
3717 5750 3824 5803 Υιτ-

2240 5845 2366 5902 bum
2397 5845 2538 5900 illius
2576 5854 2682 5911 est,
2713 5845 2856 5915 quod
2883 5845 2950 5902 de
2975 5846 3155 5916 seipso
3193 5844 3367 5900 dixit:
3409 5842 3518 5912 Ego
3553 5860 3682 5896 sum
3729 5845 3818 5898 rit.
