3974 6454
204 419 312 476 813

857 419 1220 479 EX‘POSITIO
1252 421 1317 476 IN
1353 422 1500 478 EPP.
1543 421 1600 477 S.
1643 421 1864 476 PAULI.
1903 421 1969 462 έ-
2007 423 2072 476 IN
2110 425 2327 482 EPIST.
2366 428 2456 481 AD
2495 428 2770 483 PHILEM.

3346 433 3449 492 8H

203 530 397 584 veritas
423 539 471 584 et
493 532 597 584 rita
639 530 820 601 (Joan.
874 533 974 603 vt).
1017 533 1084 587 Et
1120 534 1212 602 qui
1259 532 1457 587 Filium
1502 547 1774 603 promere-
1803 536 1851 594 Α
1879 542 2059 587 autem
2085 534 2222 589 Dens
2243 551 2348 591 non
2379 538 2516 594 alius
2545 540 2858 610 intelligitur
2902 557 3061 611 quam
3102 541 3288 600 Filius.
3333 546 3449 615 lpzie

205 628 293 673 tur
359 619 560 675 habere
615 621 708 690 qui
757 630 842 676 est
896 624 1036 690 vita,
1093 624 1258 678 habet
1308 625 1498 694 utique
1555 623 1773 678 Patrem

199 724 326 764 cum
382 708 588 779 Spiritu
637 722 847 778 sancto,
899 729 1019 784 qua:
1078 723 1188 770 tota
1229 714 1469 768 Trinitas
1511 730 1617 786 una
1662 714 1773 769 vita

199 809 404 852 :eterna
433 808 537 863 est,
567 801 708 860 sicut
747 803 858 871 ipse
903 804 1159 859 Dominus
1210 805 1287 858 ait
1340 821 1352 857 :
1395 804 1525 858 Htec
1551 813 1625 858 est
1668 807 1774 859 vita

198 899 417 951 (eterna,
442 902 498 944 ut
524 904 835 960 cognoscant
866 905 936 960 te,
959 906 1005 949 et
1034 913 1182 966 quem
1202 897 1388 950 misisti
1419 897 1598 951 Iesum
1623 897 1774 951 Chri-

198 991 338 1034 stum
367 982 546 1052 (Joan.
580 985 734 1056 xvn),
763 1002 883 1040 cum
914 987 1116 1056 Spiritu
1166 999 1354 1044 sancto
1406 1006 1571 1044 untnn
1600 999 1654 1046 et
1678 1007 1772 1044 ve-

199 1087 318 1126 rum
354 1074 518 1128 Deum
544 1090 683 1129 esse.
718 1077 895 1131 Vitam
928 1079 1093 1148 igitur
1121 1089 1402 1145 aeternam,
1442 1097 1603 1148 quam
1651 1098 1774 1152 pro-

198 1161 346 1216 misit
375 1174 498 1219 ante
517 1168 696 1220 omnia
734 1169 950 1232 sarcula,
981 1169 1031 1223 id
1060 1180 1143 1224 est
1176 1172 1408 1226 Verbum
1443 1187 1624 1237 Suum,
1658 1191 1774 1228 ma-

197 1253 472 1310 nifestavit
504 1257 644 1312 Deus
684 1258 845 1314 Pater
881 1263 1210 1332 temporibus
1232 1264 1366 1328 suis,
1398 1281 1462 1320 eo
1489 1265 1645 1318 modo
1668 1280 1774 1335 quo

196 1343 398 1398 dictum
425 1355 528 1401 est.
559 1347 921 1405 Manifestavit
949 1368 1170 1422 quoque
1204 1355 1378 1420 nobis,
1410 1357 1662 1425 quoniam
1696 1357 1774 1410 vi-

194 1434 372 1492 dimus
403 1439 548 1492 illum
577 1452 896 1510 praesentem
929 1444 982 1498 in
1007 1446 1388 1516 pratdicatione
1416 1449 1530 1503 sive
1552 1449 1770 1519 perido-

193 1527 423 1581 ctrinam
437 1528 583 1582 Pauli
602 1533 850 1601 apostoli,
875 1550 994 1603 quae
1006 1536 1150 1604 credi
1161 1547 1211 1589 ta
1225 1546 1279 1591 et
1291 1537 1663 1592 commendata
1687 1547 1772 1592 est

190 1617 238 1671 ei
272 1621 566 1674 secundum
607 1634 930 1694 princeptum
963 1626 1257 1683 Salvatoris
1307 1629 1478 1684 nostri
1521 1629 1635 1694 Ilei,
1677 1630 1769 1698 qui

192 1709 328 1764 dixit
351 1712 620 1788 Apostolis
644 1733 658 1772 :
685 1714 962 1787 Segregate
989 1720 1116 1772 mihi
1144 1719 1370 1774 Paulum
1396 1733 1443 1775 et
1466 1721 1766 1777 Barnabam

185 1799 242 1853 in
269 1818 398 1870 opus
447 1805 517 1857 ad
561 1807 700 1876 quod
743 1811 1002 1879 assumpsi
1030 1827 1116 1865 eos
1149 1809 1286 1882 (Act.
1324 1811 1466 1883 xm).
1521 1811 1769 1868 Salvator

1876 624 2018 678 enim
2043 641 2162 678 cum
2189 627 2347 680 Patre
2365 637 2420 682 et
2449 631 2650 699 Spiritu
2673 641 2860 687 sancto
2891 649 3030 687 unus
3066 643 3122 688 et
3147 650 3306 691 verus
3334 637 3450 692 Sal-

1877 727 2028 770 vator
2051 727 2105 772 et
2131 717 2270 773 Dens
2293 727 2396 774 est.

1948 807 2084 871 Tito,
2115 809 2300 863 dilecto
2323 810 2455 879 ﬁlio.
2484 811 2677 867 Filium
2719 830 2875 868 suum
2905 831 3028 870 eum
3057 827 3214 872 vocat
3241 819 3448 892 doctrie

1875 914 1964 964 na,
1992 898 2256 968 exemplo,
2306 901 2631 967 emditione,
2676 913 2838 973 atque
2873 907 3179 978 disciplina,
3211 925 3316 963 non
3364 919 3450 964 ta—

1874 1007 1996 1045 men
2026 1001 2236 1046 natura.
2271 993 2469 1048 Eodem
2514 997 2672 1050 modo
2700 996 2852 1054 Titus
2878 999 3020 1054 ﬁlius
3051 998 3166 1069 ejus
3193 1011 3312 1056 erat
3341 1019 3450 1073 quo

1873 1093 1929 1140 et
1959 1085 2244 1151 Corinthii,
2273 1088 2468 1155 quibus
2513 1088 2626 1158 ipse
2656 1091 2867 1144 dicebat
2909 1111 2922 1146 :
2967 1092 3071 1148 Per
3107 1095 3451 1166 Evnngelium

1873 1192 1966 1246 ego
1985 1194 2068 1230 ros
2099 1179 2251 1247 genui
2278 1177 2328 1245 (1
2353 1177 2475 1233 Cor.
2507 1181 2602 1249 tv).
2627 1181 2759 1236 Nam
2794 1183 2906 1254 ipse
2930 1187 2994 1240 ad
3041 1187 3197 1242 Iidem
3245 1190 3447 1244 Christi

1875 1281 2000 1320 eum
2033 1268 2348 1322 adduxerat.
2402 1267 2699 1324 Secundum
2738 1289 3063 1328 communem
3106 1277 3285 1346 ﬁdem.
3332 1277 3448 1332 Non

1874 1360 2168 1414 secundum
2221 1362 2460 1415 omnium
2508 1365 2838 1419 credentium
2909 1367 3066 1422 ﬁdem
3113 1369 3264 1425 Titus
3308 1371 3448 1426 ﬁlius

1872 1449 1989 1517 ejus
2012 1459 2146 1512 erat,
2177 1452 2431 1521 quoniam
2478 1470 2583 1509 non
2631 1457 2871 1510 omnium
2914 1458 3046 1512 ﬁdes
3076 1460 3311 1528 perfecta
3343 1473 3445 1516 est.

1876 1538 1980 1595 Sed
2007 1543 2302 1596 secundum
2342 1558 2680 1599 communem
2729 1546 2887 1602 ﬁdem
2931 1549 3079 1613 dicit,
3109 1551 3211 1605 hoe
3237 1562 3324 1607 est
3358 1569 3448 1608 se-

1873 1631 2107 1685 cundum
2130 1647 2280 1686 suam
2307 1643 2362 1688 et
2391 1633 2622 1698 illorum,
2651 1652 2878 1705 quorum
2900 1638 3032 1695 ﬁdes
3051 1641 3444 1711 perfectissima

1871 1729 2008 1775 erat.
2035 1720 2218 1776 Gratia
2240 1734 2285 1778 et
2315 1741 2420 1794 pax
2445 1744 2477 1779 a
2500 1726 2606 1781 Deo
2630 1726 2790 1783 Patre
2815 1741 2992 1786 nostro
3015 1744 3060 1787 et
3085 1733 3291 1788 Christo
3316 1736 3445 1791 Jesu

1872 1811 2142 1871 Saluatore
2168 1828 2364 1873 nostro.
2393 1820 2565 1876 Amen

193 1953 3441 1997 ————————_—_—____._________________________

949 2092 1056 2170 IN
1135 2092 1718 2171 EPISTOLAM
1793 2095 1927 2172 AD
2003 2095 2714 2181 PHILEMONEM.

1643 2275 1968 2293 Μ

719 2351 1228 2412 ARGUMENTUM.

248 2471 414 2524 Beato
439 2466 696 2538 Apostolo
722 2468 1106 2538 prmdicatione
1136 2467 1444 2539 evangelica
1478 2469 1758 2524 intonante

179 2561 233 2616 in
264 2561 409 2626 Asia,
461 2558 691 2614 credidit
717 2559 858 2614 inter
885 2567 1110 2613 cancros
1137 2559 1353 2627 quidam
1404 2558 1489 2612 vir
1535 2559 1754 2626 nobilis,

179 2653 395 2706 nomine
424 2651 726 2715 Philemon,
767 2651 945 2705 divina
979 2651 1152 2720 gratia
1205 2650 1524 2716 illustratus,
1571 2663 1626 2707 et
1661 2653 1756 2706 ba-

177 2744 412 2814 ptizatus
435 2752 519 2798 est
552 2741 604 2796 in
637 2757 790 2796 sacro
812 2757 875 2796 ac
909 2741 1124 2796 vivilico
1153 2738 1319 2795 fonte.
1360 2741 1616 2810 Apostolo
1660 2757 1756 2796 au-

181 2841 287 2886 tem
326 2831 672 2901 degrediente
710 2831 776 2886 ab
815 2831 918 2885 illis
947 2830 1208 2900 partibus,
1244 2845 1351 2884 non
1379 2839 1463 2885 est
1501 2846 1755 2901 prosecu-

177 2933 268 2979 tus
292 2939 414 2978 eum
441 2923 746 2985 Philemon,
776 2923 869 2977 sed
899 2923 1158 2977 remansit
1181 2923 1232 2976 in
1262 2925 1474 2992 propria
1512 2926 1750 2996 regione,

171 3018 495 3072 ministrans
524 3017 590 3072 de
619 3017 732 3072 suis
762 3016 1106 3071 facultatibus
1131 3016 1396 3072 ﬁdelibus.
1428 3018 1587 3074 Dives
1608 3020 1754 3074 enim

168 3119 313 3174 erat,
342 3109 620 3164 abundans
649 3109 834 3163 multis
871 3110 1080 3179 opibus.
1129 3108 1371 3164 Ilabebat
1416 3116 1596 3164 tamen
1640 3125 1754 3166 ser-

169 3217 299 3255 vum
337 3201 555 3256 nomine
583 3199 913 3262 Onesimum,
944 3199 1119 3255 adhuc
1155 3198 1445 3264 inﬁdelem,
1495 3200 1586 3269 qui
1629 3215 1753 3255 eum

162 3291 403 3362 fugiens,
433 3291 643 3346 furatus
671 3300 755 3347 est
785 3293 922 3347 hona
948 3293 1084 3359 ejus.
1118 3293 1183 3347 Et
1229 3293 1354 3362 quia
1396 3292 1657 3349 Dominus
1681 3294 1752 3349 il-

159 3383 277 3438 lius
321 3398 528 3454 magna:
571 3384 855 3452 potestatis
880 3391 999 3437 erat
1023 3391 1182 3454 atque
1210 3383 1528 3449 nobilitatis,
1558 3385 1753 3441 timens

156 3473 555 3542 comprehendi
587 3474 655 3527 ab
708 3473 800 3528 illo
845 3473 1138 3544 multisque
1185 3476 1470 3530 tormentis
1499 3473 1657 3538 allici,
1693 3484 1756 3531 ut

154 3573 297 3632 pote
337 3563 421 3637 cui
461 3577 564 3616 non
595 3578 819 3632 parvum
856 3563 1194 3634 dispendium
1219 3564 1496 3631 intulerat,
1536 3567 1752 3622 transiit

154 3670 344 3718 mare,
371 3665 423 3709 et
464 3669 492 3708 a
528 3654 736 3710 Grmcia
764 3656 915 3709 venit
952 3657 1215 3724 Romam;
1250 3658 1430 3728 ibique
1475 3660 1750 3730 reperiens

1785 2363 1832 2422 Β
1858 2355 1980 2428 gio,
2012 2365 2106 2410 aut
2141 2357 2320 2427 aliqua
2361 2359 2516 2431 culpa
2558 2375 2936 2434 promerentur
2972 2371 3111 2426 mitti
3158 2373 3210 2428 in
3250 2392 3441 2434 carce-

1861 2466 2007 2516 rem,
2051 2453 2388 2524 vinculisque
2431 2460 2657 2530 astringi
2698 2479 2711 2516 :
2751 2465 2840 2531 qui
2892 2480 3022 2521 vero
3069 2485 3167 2539 pro
3211 2477 3442 2534 veritate

1859 2537 1981 2592 ﬁdei
2011 2540 2375 2624 vinculantur,
2397 2545 2616 2602 dubium
2646 2566 2749 2604 non
2776 2562 2860 2606 eSt
2883 2557 3010 2624 quin
3043 2537 3204 2616 vincti
3234 2564 3440 2622 Christi

1855 2626 1980 2683 Jesu
2007 2620 2265 2698 existant,
2306 2635 2446 2690 sicut
2476 2636 2672 2694 Paulus
2699 2620 3149 2716 aliique-apostoli
3169 2694 3184 2716 ,
3209 2657 3298 2724 qui
3326 2620 3446 2728 glo-

1857 2721 2138 2814 riabantur
2157 2725 2320 2780 vincti
2343 2727 2544 2785 Christi
2565 2730 2694 2787 Jesu
2716 2739 2991 2806 appellari.
3008 2742 3160 2814 Digni
3183 2721 3446 2806 enim'ha-

1857 2808 2133 2914 biticrant
2160 2829 2259 2883 pro
2289 2817 2504 2873 nomine
2538 2820 2663 2877 Jesu
2687 2831 3037 2886 contumelias
3067 2808 3176 2905 pati
3200 2837 3336 2908 (Aet.
3362 2842 3440 2914 v).

1858 2899 1996 2952 Dicit
2021 2917 2150 2972 ergo
2175 2919 2234 2958 se
2266 2906 2504 2963 vinctum
2525 2910 2651 2967 Jesu
2669 2915 2890 2986 Christi,
2914 2933 2971 2977 ut
2997 2899 3141 2982 nullo
3165 2899 3325 2986 modo
3347 2899 3446 2988 aus

1855 2990 2008 3046 deret
2025 2992 2351 3064 inexpletum
2367 3000 2640 3059 dimittere
2656 3025 2828 3078 neque
2842 3014 3106 3086 denegare
3121 3024 3263 3089 quod
3289 3026 3446 3082 miles

1856 3083 1991 3136 tanti
2024 3085 2165 3155 regis
2197 3089 2439 3158 rogabat.
2470 3091 2534 3145 Et
2563 3094 2860 3154 Timotheus
2902 3083 3084 3170 frater.
3128 3083 3444 3172 'I‘imotheus

1855 3175 2207 3270 coepiscopus
2231 3179 2346 3248 ejus
2372 3192 2490 3237 erat
2517 3187 2586 3240 ab
2621 3188 2712 3244 illo
2735 3193 3036 3260 ordinatus,
3069 3199 3298 3273 ideoque
3326 3206 3443 3263 fra-

1855 3279 1939 3325 ter
1977 3271 2030 3325 in
2075 3271 2200 3328 ﬁde.
2250 3274 2408 3331 Ponit
2452 3289 2630 3336 autem
2681 3299 2802 3339 cum
2852 3290 3071 3346 nomine
3105 3271 3442 3358 suo‘nomen

1853 3362 2158 3432 coepiscopi
2205 3365 2324 3432 sui,
2372 3376 2434 3422 ut
2486 3372 2708 3442 majoris
2755 3381 3090 3438 auctoritatis
3137 3396 3282 3442 esset
3326 3390 3444 3459 ejus

1853 3451 2116 3523 Epistola.
2156 3455 2345 3514 Potest
2371 3469 2426 3514 et
2469 3463 2629 3519 aliter
2676 3467 2896 3541 intelligi
2939 3491 2951 3526 :
3001 3451 3444 3554 Quandocunque

1851 3543 2140 3634 Apostolus
2172 3549 2440 3619 Epistolas
2468 3571 2594 3612 suas
2639 3559 2907 3624 dictabat,
2940 3577 3098 3622 erant
3127 3569 3180 3624 in
3212 3543 3444 3634 circuitu

1853 3633 1971 3703 ejus
1994 3638 2240 3707 discipuli
2264 3644 2640 3712 conscdentes,
2661 3658 2716 3704 et
2736 3651 2779 3704 si
2805 3652 2963 3709 alicui
2988 3657 3189 3728 aliquid
3214 3663 3442 3722 relatum

152 3744 484 3815 Apostolum
512 3754 781 3799 retrusum
813 3745 866 3798 in
895 3761 1168 3801 carcerem
1190 3762 1289 3817 pro
1315 3748 1484 3802 lidein
1508 3749 1745 3816 Christo,

1862 3735 2031 3792 esset,
2079 3729 2151 3783 ita
2198 3734 2432 3801 ponebat
2474 3737 2526 3824 ip
2566 3755 2795 3810 corpore
2821 3744 3075 3814 Epismlae
3103 3764 3312 3824 utpote
3340 3773 3438 3814 sua

158 3837 405 3891 accessit
430 3837 495 3890 ad
524 3851 669 3894 eum.
698 3837 948 3905 quoniam
979 3839 1372 3907 agnoscebatur
1400 3839 1467 3892 ab
1490 3839 1582 3894 illo
1611 3859 1622 3894 :
1652 3842 1753 3896 sie-

161 3945 279 4002 qne
325 3931 395 3984 ab
437 3929 694 3997 Apostolo
744 3929 1041 3984 instructus
1079 3930 1325 3991 credidit,
1363 3939 1418 3983 et
1447 3930 1752 4000 baptizatus

163 4020 516 4075 ministrabat
543 4019 611 4072 ei'.
643 4019 708 4072 Et
737 4019 861 4088 quia
889 4017 1176 4087 Apostolus
1209 4018 1536 4088 praedicabat
1565 4035 1752 4075 servos

161 4112 370 4166 debere
396 4124 514 4164 esse
537 4111 781 4164 subditos
827 4110 1057 4164 dominis
1094 4111 1228 4172 suis,
1272 4109 1424 4164 duxit
1477 4110 1751 4181 indignum

162 4204 388 4257 servum
445 4199 669 4254 alterius
712 4201 828 4254 sine
876 4199 1152 4255 voluntate
1193 4200 1397 4254 domini
1442 4201 1525 4254 sui
1569 4217 1750 4256 secum

167 4289 433 4344 retinere.
491 4287 830 4360 Quapropter
881 4290 1087 4344 dimisit
1147 4290 1294 4344 illum
1354 4291 1422 4344 ad
1475 4291 1750 4346 dominum

161 4395 350 4443 suum,
377 4379 622 4434 scribens
651 4381 698 4434 ei
732 4379 1025 4434 familiares
1066 4379 1274 4435 litteras
1303 4373 1370 4434 de
1404 4396 1624 4437 carcere
1657 4396 1752 4451 per

161 4470 420 4525 eumdem
446 4485 683 4534 servum,
717 4478 984 4539 quatenus
1009 4471 1305 4541 susciperet
1335 4471 1481 4524 illum
1513 4486 1637 4526 cum
1667 4470 1750 4524 af-

163 4559 314 4614 fectu
339 4559 664 4622 dilectionis,
702 4575 809 4614 non
851 4558 1084 4614 inferens
1132 4575 1323 4631 pmnas
1350 4575 1447 4632 pro
1481 4561 1636 4616 bonis
1683 4562 1752 4616 ab

162 4651 264 4706 illo
285 4649 511 4706 sublatis
541 4669 552 4704 :
577 4650 730 4720 cujus
758 4651 1009 4722 Epistolas
1037 4653 1359 4724 principium
1385 4654 1512 4710 illud
1548 4663 1652 4710 cst.

681 4787 908 4846 CAPUT
961 4790 1245 4848 UNICUM.

241 4899 447 4957 Paulus
477 4905 678 4956 vinctus
713 4901 843 4956 Jesu
881 4897 1096 4956 Christi.
1145 4903 1221 4958 De
1262 4906 1479 4961 nomine
1512 4906 1750 4977 Apostoli

160 4994 367 5064 smpius
400 4996 452 5048 in
485 4994 605 5050 aliis
636 4993 888 5063 Epistolis
910 4994 1237 5062 disputatum
1260 5004 1361 5050 cst.
1381 4995 1532 5052 Nunc
1564 4999 1750 5053 videa-

159 5100 292 5140 mus
314 5100 480 5155 quare
503 5085 555 5138 in
577 5085 800 5139 exordio
824 5083 983 5152 hujus
1004 5084 1271 5154 Epistolas,
1295 5087 1531 5142 vinctum
1552 5089 1751 5144 Christi

157 5172 297 5229 Jesu
329 5191 387 5229 se
411 5176 575 5241 dicat,
599 5184 653 5230 et
681 5192 873 5230 nomen
900 5176 1230 5245 apostolatus
1259 5179 1504 5243 reticeat,
1533 5182 1675 5250 quod
1699 5184 1752 5238 in

158 5266 295 5321 aliis
341 5269 498 5322 solite
542 5283 743 5337 ponere
778 5268 1078 5322 consuevit.
1111 5266 1237 5322 Plus
1272 5283 1399 5339 ergo
1428 5271 1639 5325 videtur
1668 5275 1752 5328 di-

159 5372 298 5414 cere
320 5374 516 5413 vocans
539 5375 597 5413 se
614 5359 848 5413 vinctum
865 5357 1063 5412 Christi
1086 5357 1209 5414 Jesu
1233 5375 1392 5429 quam
1418 5363 1715 5431 apostolum
1737 5382 1750 5417 :

160 5445 426 5518 quoniam
453 5450 602 5504 multi
630 5449 848 5504 fuertmt
873 5451 964 5518 qui
987 5451 1240 5504 dixerunt
1261 5463 1320 5506 se
1339 5468 1458 5507 esse.
1485 5455 1754 5522 apostolos

161 5542 404 5604 Christi,
435 5543 559 5594 dum
589 5541 974 5610 prredicarent,
1008 5543 1095 5611 qui
1129 5543 1417 5597 noluerunt
1443 5559 1562 5600 esse
1590 5547 1746 5603 vincti

160 5631 298 5691 Jesu
326 5633 545 5698 Christi,
589 5632 914 5703 refugientes
954 5640 1275 5688 tormentum
1312 5636 1596 5705 passionis.
1633 5639 1749 5696 Non

167 5735 355 5780 tamen
396 5727 572 5780 munis
600 5727 811 5780 vinctus
851 5723 1052 5779 Christi
1095 5725 1219 5780 Jesu
1276 5729 1487 5784 vinctus
1516 5731 1624 5786 dici
1656 5748 1750 5803 p0-

165 5827 308 5884 test,
341 5819 594 5889 quoniam
619 5818 770 5875 multi
810 5825 930 5872 sunt
959 5817 1046 5887 qui
1077 5817 1379 5887 latrocinio,
1409 5829 1499 5877 aut
1529 5825 1748 5881 sacrile-V

1851 3820 2038 3882 verba,
2069 3823 2374 3891 recogitans
2402 3817 2526 3894 quia
2559 3845 2702 3900 saepe
2731 3817 3208 3906 Dontinusjuniori
3240 3849 3444 3903 revelat

1853 3907 1993 3975 quod
2019 3908 2210 3965 melius
2230 3920 2332 3966 est.
2357 3912 2699 3986 Quapropter
2720 3923 2844 3990 quia
2869 3929 3138 3999 particeps
3159 3943 3275 3987 erat
3299 3935 3442 3992 illius

1852 3996 2126 4064 Epistolae,
2157 4003 2393 4068 ponebat
2416 4020 2612 4060 nomen
2643 4009 2785 4065 illius
2814 4023 2869 4066 ut
2893 4032 3070 4070 suum.

1924 4089 2221 4147 Philemoni
2251 4095 2438 4149 dilecto
2473 4109 2522 4151 et
2559 4100 2791 4170 adjutori
2833 4115 3036 4170 nostra,
3067 4117 3116 4160 et
3147 4110 3328 4181 Appia:
3351 4131 3441 4169 so—

1853 4186 1961 4238 rori
1989 4187 2330 4244 eharissimm.
2374 4191 2429 4245 In
2457 4192 2646 4247 Grtcco
2671 4211 2777 4250 non
2808 4197 3039 4254 habetur
3067 4203 3314 4269 dilectus,
3344 4211 3440 4264 sed

1853 4275 2147 4346 diligibilis.
2178 4277 2292 4334 Non
2318 4281 2462 4336 enim
2487 4282 2716 4338 dilectus
2737 4297 2915 4355 potest
2933 4289 3036 4344 dici
3059 4292 3151 4361 qni
3175 4294 3437 4363 diligitur.

1852 4373 1907 4419 et
1936 4381 2042 4420 non
2073 4367 2263 4439 diligit,
2289 4386 2461 4440 neque
2488 4381 2570 4426 cst
2599 4373 2792 4444 dignus
2820 4377 3126 4435 dilectione.
3157 4383 3440 4453 Diligibilis

1852 4465 2032 4511 autem
2060 4459 2150 4527 qui
2193 4468 2251 4513 et
2283 4461 2521 4531 diligitur
2545 4472 2600 4517 et
2629 4464 2830 4536 diligit,
2859 4468 3157 4541 dignusque
3186 4483 3270 4529 est
3301 4476 3437 4532 dile-

1851 4548 2032 4603 ctione
2074 4565 2088 4602 :
2140 4552 2281 4620 quod
2336 4553 2422 4608 isti
2477 4554 2774 4611 Philemoni
2825 4561 2958 4616 satis
3007 4567 3271 4636 congruit.
3319 4567 3439 4638 Ipse

1851 4639 1993 4695 enim
2026 4642 2219 4714 dignus
2247 4653 2366 4698 erat
2397 4646 2688 4703 dilectione
2709 4690 2724 4712 ,
2762 4649 2991 4721 ideoque
3016 4655 3340 4727 diligebatur
3368 4661 3439 4714 ab

1849 4729 2129 4800 Apostolo,
2154 4733 2380 4803 diligens
2401 4744 2452 4789 et
2479 4737 2592 4806 ipse
2615 4737 2948 4808 Apostolnm.
2970 4743 3284 4816 Adjutorem
3311 4760 3438 4804 eum

1850 4832 2029 4889 vocat,
2059 4826 2183 4894 quia
2211 4840 2373 4895 opere
2399 4830 2797 4896 praedicationis
2824 4835 3193 4893 collaborabat
3222 4841 3352 4905 illis,
3382 4852 3441 4897 et

1851 4912 2318 4968 administratione
2346 4915 2660 4973 facultatum
2683 4935 2900 4978 suarum
2927 4927 3279 4984 subveniebat
3304 4930 3439 4985 ﬁde-

1854 5003 2015 5058 lihn‘s.
2048 5005 2215 5075 Appia
2247 5022 2409 5075 quam
2436 5018 2864 5068 vocat-sororem
2905 5017 3276 5072 charissimam
3307 5020 3437 5076 reli-

1857 5096 2006 5164 giosa
2039 5095 2235 5151 femina
2283 5099 2526 5155 creditur
2556 5100 2739 5157 fuisse.
2791 5104 2983 5172 Quam
3007 5123 3169 5163 causa
3204 5110 3438 5181 dignita-

1857 5188 1926 5264 tis
1955 5203 2195 5242 sororem
2228 5191 2460 5260 appellat
2493 5192 2550 5246 in
2597 5183 2730 5260 ﬁde,
2763 5213 2869 5250 non
2897 5200 3037 5266 quod
3067 5215 3252 5255 revera
3282 5207 3438 5257 soror

1851 5277 1972 5345 ejus
1999 5277 2273 5334 exstiterit
2301 5281 2358 5335 in
2396 5297 2580 5338 carne.
2613 5285 2745 5340 Fuit
2765 5295 2943 5344 autem
2969 5289 3060 5343 aut
3086 5305 3274 5346 revera
3302 5306 3437 5348 con-

1848 5368 1945 5439 jux
1976 5370 2325 5438 Philemonis,
2369 5384 2462 5429 aut
2501 5377 2661 5430 etiam
2715 5393 2870 5433 soror
2915 5379 3129 5436 natura.
3177 5382 3438 5438 Inseritur

1857 5475 2050 5541 nomen
2081 5462 2221 5517 illius
2249 5465 2300 5518 in
2329 5466 2562 5520 medium
2605 5455 2750 5522 inter
2768 5470 2901 5525 duos
2922 5471 3067 5526 viros
3091 5471 3433 5541 apostolicos.

1859 5539 2432 5623 inter'coopcratorem
2477 5560 2728 5616 videlicet
2759 5561 2932 5627 Pauli,
2964 5539 3354 5630 Philemonem;
3383 5572 3438 5620 et

1855 5637 2278 5702 commilitonem
2302 5648 2418 5717 ejus
2436 5650 2788 5722 Archippum,
2811 5663 2870 5708 ut
2889 5655 2979 5709 tali
3004 5669 3066 5710 ex
3093 5663 3326 5728 utroque
3349 5656 3435 5710 la-

1859 5743 1974 5790 tere
1998 5735 2138 5790 fulta'
2162 5739 2440 5807 comitatu,
2482 5755 2588 5796 non
2614 5743 2860 5800 videatur
2883 5747 3127 5802 ordinem
3156 5753 3319 5802 setius
3341 5747 3436 5802 ha.

1856 5826 2014 5896 bere,
2053 5831 2147 5887 sed
2177 5833 2376 5889 meriti.
2411 5830 2510 5889 Hic
2541 5843 2718 5891 autem
2749 5836 3064 5910 Archippus
3093 5840 3434 5897 arbitrandus
