3974 6452
531 408 640 465 8l9

1032 380 1384 475 annonis
1423 384 1899 464 uALBEnsrar.
1936 408 2153 465 "EPlSC.
2196 410 2345 468 orP.
2390 412 2569 468 rans
2606 414 2645 470 l.
2671 446 2739 457 —
2766 415 3120 477 COMMENT.
3160 417 3329 472 BtBL.

3699 418 3815 474 820

525 524 738 579 socium
764 510 953 589 habeo.
990 523 1158 590 Quem
1206 523 1249 577 si
1272 494 1526 578 'iiolueris
1566 522 1766 578 habere
1794 529 1854 576 ut
1876 521 2099 578 fratrem
2128 530 2175 589 Α
2203 526 2448 594 quoniam
2485 536 2534 580 et
2559 512 2717 596 super
2743 527 2799 582 id
2827 529 2967 595 quod
2994 530 3131 593 dico,
3166 514 3345 598 facies.
3374 526 3477 596 Qui
3506 528 3813 598 praesumit

525 625 582 669 et
629 615 858 681 socium,
900 614 1115 667 attende
1157 612 1285 683 quia
1329 600 1513 691 etme
1555 611 1755 668 habere
1802 628 1908 667 non
1945 620 2099 681 pote-

527 704 622 760 ris.
908 716 916 723 ‘
1640 694 1645 700 ’
2076 716 2081 717 ’

598 793 662 849 Si
707 782 885 848 autem
924 782 1127 864 aliquid
1167 795 1341 848 nocuit
1382 802 1474 848 aut
1511 795 1657 848 debet
1696 795 1807 858 tibi,
1843 794 1940 847 hoc
1974 794 2103 847 milii

526 885 746 952 imputo.
784 880 899 953 Ego
942 894 1115 938 autem
1164 882 1368 939 Paulus
1406 886 1591 956 scripsi
1621 903 1732 940 mea
1770 902 1929 939 manu
1954 926 1971 951 ,
2008 901 2101 957 ego

524 975 761 1030 reddam.
793 973 927 1046 Ego,
974 976 1219 1047 inquam,
1245 979 1337 1049 qui
1379 978 1511 1033 alias
1537 979 1791 1048 epistolas
1814 995 1963 1034 meas
1994 996 2101 1034 non

523 1064 722 1132 scribo,
755 1067 850 1121 sed
879 1066 1046 1145 dicto,
1077 1082 1240 1123 causa
1282 1069 1482 1124 amoris
1518 1070 1593 1124 tui
1621 1079 1676 1123 ut
1701 1070 1945 1127 obtinere
1974 1087 2101 1141 pos-

520 1157 624 1211 sim
653 1158 796 1228 quod
826 1159 1059 1230 postulo,
1109 1159 1300 1230 scripsi
1348 1160 1506 1215 istam
1553 1160 1649 1216 tibi
1687 1174 1702 1215 :
1747 1177 1839 1232 ego
1886 1163 2101 1217 reddam

521 1248 667 1317 quod
718 1245 1009 1304 Onesimus
1057 1248 1205 1304 furto
1254 1250 1451 1320 rapuit.
1506 1248 1674 1319 Hujus
1736 1250 2100 1322 responsionis

519 1337 761 1409 Epistula
794 1340 898 1395 ista
930 1340 1082 1396 testis
1102 1349 1184 1395 est
1213 1356 1408 1410 :quam
1435 1352 1543 1396 non
1569 1341 1727 1396 solito
1758 1356 1909 1397 more
1936 1341 2102 1396 dicta-

519 1430 599 1496 vi,
627 1432 719 1485 sed
755 1448 914 1486 manu
948 1448 1065 1487 mea
1105 1432 1319 1503 scripsi,
1364 1433 1507 1488 unde
1540 1441 1753 1504 poterat
1779 1434 1829 1489 ei
1875 1436 2099 1492 reddere

522 1523 668 1593 quod
696 1524 983 1580 Onesimus
1012 1526 1321 1591 abstulerat,
1353 1525 1618 1596 siquidem
1662 1526 1715 1581 in
1762 1543 1981 1583 carcere
2017 1540 2096 1584 te-

521 1613 755 1668 nebatur
779 1615 804 1668 ?
833 1614 933 1682 Qui
968 1630 1098 1688 ergo
1134 1616 1339 1672 divitiis
1363 1616 1747 1685 temporalibus
1773 1633 1871 1688 pro
1899 1618 2098 1674 Christi

521 1718 708 1758 amore
733 1704 988 1772 carebat,
1025 1721 1248 1762 securus
1272 1715 1391 1760 erat
1428 1720 1586 1777 posse
1612 1708 1659 1762 ei
1691 1722 2100 1779 recompensans

520 1808 588 1848 ex
616 1794 757 1850 dono
783 1794 1087 1851 divitiarum
1113 1796 1440 1852 caelestium.
1475 1796 1618 1868 Ego,
1649 1797 1855 1868 inquit,
1882 1798 2096 1853 reddam

2202 604 2273 669 de
2299 614 2386 668 illo
2411 631 2570 684 quem
2601 626 2887 686 rogaturus
2918 628 3022 683 est,
3054 619 3167 689 ipsa
3197 619 3427 688 quodam
3461 617 3635 672 modo
3662 632 3804 687 pra:-

2203 709 2504 777 sumptione
2538 710 2812 778 praedicat,
2845 726 2913 765 ne
2950 712 2999 766 ei
3043 725 3243 779 negare
3270 710 3432 765 liceat
3456 707 3615 779 quod
3647 723 3812 779 roga-

2204 807 2310 852 tur.

2271 888 2441 944 Simul
2488 900 2661 945 autem
2708 900 2759 945 et
2794 908 2924 961 para
2952 892 3081 946 milii
3108 893 3411 963 hospitium.
3453 890 3634 962 Spero
3658 890 3808 945 enim

2199 995 2291 1049 per
2323 982 2586 1035 orationes
2619 992 2816 1036 vestras
2845 982 3032 1037 donari
3059 1000 3139 1038 me
3167 984 3327 1038 vobis.
3361 983 3577 1039 Idcirco
3600 983 3808 1053 pmi-

2199 1071 2278 1140 pit
2307 1070 2408 1125 sibi
2439 1071 2729 1141 hospitium
2762 1075 2963 1142 parari,
2990 1082 3049 1127 ut
3074 1075 3301 1129 audiens
3326 1090 3451 1128 eum
3480 1075 3549 1127 ad
3576 1089 3648 1128 se
3680 1089 3808 1127 ven.

2201 1169 2380 1214 turum
2422 1159 2700 1216 Philemon
2750 1161 3044 1233 indulgeat,
3076 1171 3128 1217 et
3167 1163 3291 1216 dum
3326 1178 3453 1217 eum
3483 1168 3808 1232 exspectat,

2200 1248 2410 1305 facilius
2450 1249 2617 1305 faciat
2654 1252 2798 1322 quod
2844 1261 3064 1322 rogatus
3084 1263 3187 1307 εει.
3218 1250 3284 1307 Et
3321 1253 3447 1322 quia
3481 1251 3809 1319 ubicunque

2196 1339 2488 1411 Apostolus
2535 1351 2675 1407 erat,
2730 1342 3017 1397 multitudo
3046 1344 3111 1397 ad
3161 1359 3284 1398 eum
3329 1342 3677 1406 eminuebat,
3711 1357 3805 1396 ne-

2199 1446 2350 1486 cesse
2375 1440 2491 1486 erat
2532 1441 2591 1486 ut
2630 1448 2878 1503 magnam
2909 1434 3126 1487 domum
3157 1433 3406 1497 haberet,
3452 1442 3513 1487 et
3544 1448 3683 1501 qua:
3726 1447 3809 1485 res

2197 1533 2343 1577 mota
2370 1530 2514 1577 esset
2541 1537 2572 1576 a
2602 1523 2749 1577 circo
2775 1564 2789 1586 ,
2826 1538 2857 1576 a
2890 1524 3100 1579 theatro
3144 1532 3200 1577 et
3236 1539 3269 1577 a
3313 1524 3644 1593 spectacqu
3671 1564 3688 1588 ,
3718 1516 3805 1577 ubi

2196 1613 2383 1669 lascivi
2411 1614 2793 1675 discurrentes,
2828 1615 3003 1685 turpia
3031 1630 3258 1683 quaeque
3282 1615 3672 1669 sectabantur.

2268 1702 2477 1759 Salutat
2504 1713 2553 1758 te
2579 1702 2855 1774 Epaphras
2871 1706 3203 1774 concaptivus
3226 1722 3373 1780 nicas
3395 1706 3449 1757 in
3464 1704 3698 1758 Christo
3715 1702 3802 1758 le-

2196 1811 2279 1848 su.
2312 1793 2418 1849 Iste
2445 1794 2727 1864 Epaphras
2756 1795 3082 1864 prmdicator
3104 1795 3377 1864 Evangelii
3405 1796 3686 1858 existens,
3716 1796 3800 1848 ad-

519 1883 615 1937 tibi
635 1885 858 1941 obtentu
880 1902 1124 1941 mearum
1145 1902 1365 1957 precum
1401 1888 1684 1943 thesauros
1709 1888 2096 1944 indehcientes.
2129 1889 2173 1948 Β
2203 1885 2440 1940 hiereliat
2479 1886 2638 1939 beato
2664 1886 2941 1956 Apostolo,
2973 1894 3027 1940 et
3053 1883 3303 1940 fortassis
3342 1903 3469 1940 cum
3499 1886 3601 1940 illo
3627 1885 3796 1940 fuerat

517 1972 637 2029 Noli
666 1976 902 2031 morulas
929 1975 1111 2033 facere
1136 1978 1189 2031 in
1214 1978 1537 2049 indulgendo
1556 1979 1810 2035 Onesimo
1835 1997 1848 2033 :
1873 1994 2096 2034 securus

517 2075 640 2120 esto
665 2066 731 2121 de
757 2067 999 2136 prmmio.
1048 2065 1116 2122 Ut
1148 2085 1252 2122 non
1292 2069 1465 2123 dicam
1502 2070 1595 2124 tibi
1619 2070 1757 2141 quod
1792 2079 1839 2124 et
1878 2071 2096 2140 teipsum

516 2155 648 2208 mihi
675 2155 847 2211 debes.
881 2156 939 2211 Si
967 2158 1091 2223 hoc,
1135 2157 1329 2230 inquit,
1362 2160 1553 2216 feceris
1574 2161 1715 2231 quod
1742 2172 1867 2232 peto
1908 2176 1923 2215 :
1971 2171 2101 2216 tunc

518 2259 628 2300 non
652 2244 826 2301 dicam
858 2246 1123 2318 tihi’quod
1144 2258 1198 2305 et
1224 2259 1278 2303 tu
1307 2252 1488 2305 omnia
1514 2261 1601 2306 tua
1630 2254 1733 2307 mei
1762 2254 1924 2308 debes
1948 2261 2004 2308 et
2042 2254 2097 2308 in

515 2345 786 2407 potestate
824 2354 944 2393 mea
989 2340 1152 2396 debes
1179 2324 1493 2398 consistere.
1523 2344 1750 2414 Propter
1791 2332 2095 2402 sermonem

516 2429 663 2483 enim
686 2429 887 2487 Christi
923 2447 1082 2502 quem
1131 2434 1223 2489 tibi
1250 2436 1615 2507 evangelizavi
1637 2476 1652 2502 ,
1689 2446 1745 2494 et
1773 2441 1913 2508 quod
1942 2437 2099 2493 Chri-

516 2518 726 2576 tianum
772 2520 1051 2594 filiumque
1081 2523 1176 2579 Dei
1214 2525 1267 2580 te'
1296 2525 1470 2590 effeci,
1495 2527 1725 2597 teipsum
1747 2528 1879 2583 mihi
1911 2528 2096 2583 debes.

515 2608 585 2664 Et
619 2611 666 2665 si
695 2620 751 2665 tu
783 2628 939 2669 meus
965 2630 1055 2680 es,
1081 2631 1189 2670 non
1229 2616 1401 2671 solum
1432 2617 1715 2673 Onesimus
1736 2660 1750 2684 ,
1798 2621 1893 2675 sed
1933 2620 2096 2675 etiam

515 2700 700 2755 omnia
740 2710 832 2756 tua
864 2718 982 2758 mea
1012 2713 1157 2771 sunt,
1188 2714 1244 2760 ct
1270 2707 1338 2761 ad
1378 2723 1465 2761 me
1504 2708 1792 2777 pertinent,
1823 2707 2096 2774 Poteram,

515 2789 717 2861 inquit,
740 2807 805 2848 eo
829 2794 906 2848 uti
933 2802 992 2848 ut
1019 2810 1158 2860 meo,
1189 2797 1281 2852 sed
1304 2798 1566 2853 voluntati
1593 2809 1697 2854 tua:
1724 2799 1987 2870 relinquo,
2015 2809 2094 2867 ut,

514 2884 819 2938 mercedem
851 2884 1053 2940 habeas
1079 2887 1421 2956 ignoscendo.

588 2973 699 3042 Ita,
730 2975 918 3059 frater,
945 2977 1263 3033 subauditur
1289 2978 1375 3035 fac
1408 2990 1465 3036 ut
1487 2982 1681 3052 populo
1715 3001 1728 3037 :
1758 3000 1849 3054 ego
1875 2992 1924 3038 te
1947 2983 2101 3053 fruar

513 3066 570 3120 in
606 3065 850 3121 Domino.
880 3067 1006 3123 Frui
1040 3078 1124 3124 est
1170 3086 1291 3125 cum
1334 3072 1693 3128 delectatione
1719 3075 1794 3128 uti
1839 3081 1894 3128 et
1922 3076 2096 3144 possi-

514 3159 664 3223 dere,
697 3160 838 3215 unde
867 3161 1063 3217 dicitur
1101 3163 1154 3218 in
1186 3162 1302 3234 lege
1334 3182 1347 3217 :
1395 3164 1451 3219 Si
1482 3181 1591 3219 non
1634 3165 1830 3222 feceris
1853 3182 1971 3236 qua:
2001 3166 2096 3222 tibi

2198 1976 2439 2046 captivus
2482 1977 2673 2031 ductus
2715 1977 2781 2032 de
2806 1975 3191 2047 Hierosolymis
3232 1977 3485 2041 Romam,
3523 1977 3615 2033 vel
3654 1988 3794 2032 cene

2196 2075 2324 2121 tunc
2360 2083 2483 2123 cum
2522 2067 2612 2123 illo
2645 2069 2929 2122 tenebatur
2956 2068 3010 2122 in
3036 2083 3277 2123 carcere.
3307 2056 3529 2123 Marcus
3558 2069 3683 2138 ipse
3718 2078 3791 2123 est

2197 2160 2286 2229 qui
2319 2159 2662 2231 Evangelium
2692 2161 2928 2231 scripsit.
2954 2160 3149 2216 Demas
3172 2162 3287 2230 ipse
3315 2170 3401 2216 est
3428 2162 3502 2218 de
3528 2177 3650 2231 quo
3676 2142 3791 2216 alibiI

2197 2252 2370 2309 dicit:
2405 2254 2599 2308 Demas
2636 2267 2721 2306 me
2757 2252 3063 2321 dereliquit,
3098 2251 3273 2307 Lucas
3301 2253 3416 2322 ipse
3444 2262 3535 2307 est
3562 2253 3791 2321 scriptor

2197 2342 2495 2415 Evangelii,
2521 2342 2861 2413 Actuumque
2887 2342 3274 2412 apostolorum,
3298 2342 3365 2396 de
3387 2358 3500 2412 quo
3522 2351 3582 2396 et
3608 2343 3670 2395 in
3698 2341 3790 2395 alio

2197 2432 2315 2489 loco
2355 2433 2484 2487 dicit
2511 2447 2528 2486 :
2558 2432 2799 2486 Misimus
2831 2448 2947 2485 cum
2994 2431 3086 2486 illo
3123 2430 3360 2500 fratrem.
3387 2432 3549 2501 cujus
3573 2431 3700 2485 laus
3724 2442 3790 2485 et

2197 2525 2252 2579 in
2284 2523 2563 2594 Evangelia
2602 2522 2688 2595 (11
2713 2522 2834 2578 Cor.
2862 2523 3002 2594 vni).
3031 2524 3097 2578 Et
3131 2523 3271 2577 sicut
3298 2524 3537 2591 apostoli
3584 2523 3657 2577 de
3692 2523 3789 2593 pis-

2198 2620 2471 2676 catoribus
2501 2620 2763 2689 piscium,
2808 2617 2932 2674 facti
2983 2628 3109 2672 sunt
3150 2618 3449 2687 piscatores
3478 2618 3787 2679 hominum,

2200 2710 2275 2766 ita
2308 2710 2395 2764 hic
2426 2710 2493 2764 de
2531 2709 2742 2765 medico
2771 2724 3086 2779 corporum,
3110 2708 3162 2762 in
3195 2709 3463 2762 medicum
3493 2723 3788 2763 conversus

2197 2810 2282 2858 est
2300 2796 2636 2855 'animarum.
2677 2800 3115 2869 Quotiescunque
3158 2800 3301 2853 enim
3349 2800 3504 2854 dicta
3548 2799 3789 2854 illiusle-

2199 2901 2399 2962 guntur
2427 2891 2745 2946 medicinam
2770 2899 3032 2961 prmstant
3059 2889 3511 2962 intelligentibus.

2272 2979 2460 3037 Gratia
2497 2981 2707 3035 Domini
2751 2981 2914 3035 nostri
2960 2980 3087 3035 Jesu
3114 2978 3309 3035 Christi
3336 2998 3458 3034 cum
3477 2981 3681 3048 spiritu
3704 2996 3785 3034 u-

2200 3080 2327 3127 stro.
2353 3070 2536 3125 Amen.
2564 3070 2746 3126 Gratia
2774 3072 2862 3126 hic
2887 3071 3150 3140 accipitur
3180 3070 3334 3135 lides,
3369 3071 3633 3126 remissio
3664 3086 3783 3140 pee-

2202 3171 2467 3227 catoruin,
2505 3170 2561 3217 et
2587 3162 2785 3216 donum
2825 3160 3063 3231 Spiritus
3100 3162 3293 3225 sancti,
3325 3176 3449 3230 qua:
3482 3170 3618 3215 orat
3650 3160 3787 3229 Apo-

512 3261 767 3321 percepta
796 3261 942 3318 sunt,
973 3255 1259 3325 generabis
1296 3254 1436 3312 filios
1460 3297 1474 3320 ,
1507 3266 1562 3311 et
1600 3272 1704 3311 non
1746 3255 1944 3313 frueris
1971 3257 2095 3323 illis,
2126 3246 2171 3309 C
2202 3251 2371 3306 stolus
2396 3266 2515 3306 esse
2536 3266 2656 3305 cum
2685 3250 2873 3321 spiritu
2903 3250 3114 3305 illorum
3137 3252 3333 3320 quibus
3357 3253 3462 3304 ista
3490 3252 3782 3305 scribebat.

515 3342 621 3398 hoc
641 3351 724 3397 est
751 3357 874 3398 cum
898 3344 1255 3401 delectatione
1281 3361 1385 3401 non
1414 3347 1622 3401 videbis
1646 3347 1767 3403 illos
1799 3364 1811 3400 :
1841 3348 2097 3419 quoniam

515 3434 717 3502 captivi
755 3435 1022 3490 ducentur
1046 3451 1229 3491 coram
1271 3445 1346 3491 te.
1378 3437 1514 3507 Ego,
1560 3438 1754 3507 inquit,
1784 3438 1937 3507 fruar
1965 3446 2014 3492 te
2042 3438 2099 3492 in

2203 3342 2307 3397 Per
2335 3342 2582 3412 spiritum
2610 3352 2787 3397 autem
2812 3383 2827 3407 ,
2874 3343 2987 3396 sive
3017 3344 3251 3397 animam
3281 3343 3396 3398 sive
3424 3344 3601 3396 etiam
3628 3343 3785 3398 ratio

2204 3436 2535 3491 nobilitatem
2558 3450 2842 3504 possumus
2864 3433 3182 3505 intelligere.
3206 3434 3339 3489 Cum
3360 3435 3513 3489 enim
3541 3435 3783 3489 inanima

512 3524 744 3581 Domino
770 3566 785 3591 ,
814 3527 917 3581 hoc
962 3536 1045 3583 est
1078 3528 1384 3584 delectabar
1431 3531 1486 3584 in
1532 3528 1816 3585 dilectione
1857 3538 1966 3583 tua.
1998 3527 2102 3583 Re—
2204 3527 2317 3583 sive
2346 3527 2765 3581 rationabilitate
2803 3526 2975 3597 gratia
3010 3527 3188 3582 divina
3225 3525 3387 3581 fuerit
3410 3566 3427 3587 ,
3488 3537 3664 3580 totum
3692 3527 3783 3580 bo-

516 3616 616 3685 ﬁce
640 3616 835 3671 viscera
863 3634 978 3672 mea
1007 3621 1062 3673 in
1093 3619 1332 3685 Domino,
1365 3622 1418 3676 id
1439 3629 1523 3677 est
1562 3622 1728 3675 tilium
1756 3635 1933 3676 meum
1956 3620 2097 3676 One-

516 3704 740 3772 simum,
771 3707 857 3762 vel
879 3708 1149 3765 internum
1171 3726 1411 3768 amorem
1439 3723 1493 3768 et
1518 3710 1766 3768 aﬂectum
1797 3711 2096 3769 dilectionis

520 3811 674 3852 mea}.

589 3889 869 3960 Conﬁdens
926 3895 982 3949 in
1033 3895 1325 3952 obedientia
1378 3906 1470 3951 tua
1519 3898 1706 3969 scripsi
1756 3897 1847 3953 tibi
1881 3914 1899 3952 :
1929 3897 2095 3952 sciens

2206 3617 2405 3672 minem
2435 3617 2600 3686 replet
2628 3614 2834 3670 faciens
2865 3631 2988 3670 eum
3028 3614 3354 3685 spiritalem,
3399 3623 3462 3668 ut
3516 3617 3785 3669 adisti-eat

2201 3710 2428 3767 Domino
2471 3718 2651 3765 mente
2691 3719 2745 3763 ct
2786 3724 3031 3778 corpore,
3072 3718 3123 3763 et
3155 3705 3447 3778 impleatur
3479 3708 3615 3761 illud
3650 3705 3782 3775 quod

2201 3802 2461 3871 scriptum
2507 3809 2591 3856 est
2630 3819 2643 3854 :
2692 3801 2796 3867 Qui
2828 3801 3058 3855 adliceret
3099 3799 3347 3865 Domino,
3396 3816 3542 3854 unus
3580 3798 3782 3870 spiritus

2200 3902 2277 3949 est
2294 3892 2361 3966 ’(1
2392 3889 2515 3947 Cor.
2547 3894 2645 3964 ιἰ).

1357 4183 1468 4261 ΙΝ
1545 4178 2130 4259 EPISTOLAM
2208 4177 2340 4256 AD
2417 4173 2922 4254 HEBBEOS.

1913 4365 2296 4384 —-——————"'

1106 4455 1492 4513 PB/EFATIO.

2201 4445 2318 4516 ejus
2339 4442 2516 4499 remuli
2539 4455 2734 4497 nomen
2759 4438 2903 4493 illius
2930 4437 2983 4492 in
3008 4436 3178 4507 prima
3200 4435 3380 4491 fronte
3406 4436 3670 4508 legentes.
3696 4437 3779 4491 de-

586 4551 643 4606 ιη
688 4549 1000 4621 primordiis
1046 4549 1206 4619 hujus
1248 4545 1499 4616 Epistola:
1524 4543 1810 4600 dicendum
1841 4550 1945 4608 est,
1972 4546 2092 4613 quae
2115 4525 2168 4585 Ῑ)
2195 4540 2545 4610 dignarentur
2563 4550 2683 4590 eam
2704 4535 2968 4603 recipere,
2992 4531 3177 4601 sicque
3193 4530 3399 4584 utilitas
3413 4530 3667 4585 lectionis
3687 4528 3779 4585 dif-

515 4658 680 4699 causa
708 4641 996 4705 exstiterit,
1035 4656 1134 4696 cur
1163 4637 1439 4709 apostolus
1464 4635 1664 4690 Paulus
1694 4648 1899 4689 morem
1938 4648 2090 4687 suam

514 4738 569 4792 in
599 4737 700 4791 hac
742 4732 981 4805 Epistula
1020 4748 1126 4787 non
1167 4727 1484 4790 servaverit,
1529 4726 1779 4781 videlicet
1805 4725 1973 4780 ut.vel
2003 4740 2095 4779 vo-

512 4827 762 4884 cabulum
788 4823 1023 4881 nominis
1048 4822 1153 4886 sui,
1182 4820 1265 4875 vel
1285 4818 1490 4874 ordinis
1509 4816 1843 4873 describeret
1866 4815 2094 4887 dignita-

512 4931 645 4976 tem.
669 4916 797 4971 Haec
828 4914 991 4986 igitur
1012 4926 1173 4968 causa
1209 4909 1416 4967 exstitit
1444 4908 1587 4977 quod
1613 4903 1830 4962 nomine
1861 4920 1960 4960 suo
1986 4920 2093 4960 non

512 5006 751 5063 titulavit
782 5018 923 5067 eam,
968 5001 1094 5072 quia
1137 4997 1337 5055 Iudaeis
1377 4997 1645 5053 scribebat
1671 4998 1783 5053 suis
1811 4995 2091 5061 fratribus,

510 5096 710 5166 quibus
738 5094 958 5150 odiosus
978 5096 1115 5154 erat,
1145 5103 1211 5144 eo
1231 5088 1375 5158 quod
1396 5088 1864 5143 circumcisionem
1888 5094 1942 5140 et
1969 5087 2093 5140 sab-

509 5184 695 5239 batum
720 5191 776 5239 et
795 5180 1082 5245 sacrificia,
1109 5186 1412 5248 cacteraquc
1443 5193 1562 5248 qum
1599 5177 1684 5232 lex
1724 5176 1967 5247 praecipit
1994 5177 2091 5231 ob-

511 5273 801 5337 servanda,
835 5271 950 5339 ipse
976 5271 1196 5326 doceret
1232 5284 1339 5324 non
1367 5269 1563 5324 debere
1592 5266 1883 5323 carnaliter
1909 5269 2092 5322 obser-

510 5364 628 5417 vari
660 5371 782 5434 post
824 5362 1033 5417 Domini
1079 5361 1411 5432 passionem.
1440 5358 1573 5415 Nam
1619 5359 1694 5415 illi
1724 5360 1815 5429 qui
1846 5358 2090 5414 credide-

511 5462 639 5527 rant
662 5451 851 5519 Judaei,
874 5452 1269 5509 contendebant
1288 5459 1577 5521 utrumque
1610 5450 1800 5516 teneri,
1828 5448 2091 5520 baptizari

511 5544 723 5601 scilicet
745 5545 1039 5600 secundum
1067 5545 1295 5616 gratiam
1323 5540 1613 5612 Evangelii.
1657 5549 1713 5597 et
1754 5540 2089 5609 circumcidi,

512 5636 797 5691 sabbatum
832 5649 1045 5706 quoque
1072 5638 1361 5691 observare
1405 5632 1699 5688 secundum
1734 5631 1866 5703 legis
1889 5648 2091 5704 pmice-

511 5734 685 5794 ptum.
724 5725 1063 5798 Quapropter
1105 5727 1149 5780 si
1193 5725 1461 5796 posuisset
1489 5736 1685 5778 nomen
1735 5737 1892 5777 suum
1947 5721 2091 5791 Apo-

516 5814 686 5871 stolus
709 5817 760 5872 in
783 5817 1004 5872 exordio
1036 5814 1192 5885 hujus
1220 5814 1494 5886 Epistulae,
1520 5820 1730 5884 poterat
1780 5813 1999 5870 evenire
2028 5822 2089 5868 ut

2197 4630 2446 4687 ferretur.
2479 4627 2684 4684 Nomen
2728 4637 2908 4681 autem
2940 4623 3275 4695 apostolatus
3301 4622 3519 4678 idcirco
3543 4640 3651 4678 non
3688 4639 3774 4694 po-

2195 4721 2323 4785 suit,
2364 4718 2620 4789 quoniam
2645 4717 2758 4786 ipse
2794 4713 3069 4785 apostolus
3089 4712 3331 4781 gentium
3357 4710 3772 4775 constitutus,si

2195 4811 2412 4865 nomine
2459 4807 2790 4879 apostolatus
2849 4806 2930 4861 sui
2967 4804 3322 4875 prmtitularet
3370 4804 3678 4872 Epistulam
3715 4801 3775 4855 ad

2194 4916 2288 4956 eos
2323 4901 2605 4963 directam,
2651 4912 2854 4953 vocans
2898 4912 2958 4951 se
2997 4896 3337 4965 apostolum,
3370 4895 3776 4953 videreturillis

2194 4991 2423 5047 fortasse
2450 4991 2592 5061 quod
2623 5005 2683 5045 se
2715 4989 2877 5044 vellet
2920 4987 3163 5057 apostolo
3186 4986 3449 5058 punicae
3482 4988 3663 5046 Petro.
3689 4984 3771 5056 qui

2193 5083 2444 5154 princeps
2472 5082 2683 5137 illorum
2706 5090 2864 5135 erata
2890 5078 3119 5133 Domino
3137 5078 3442 5142 ordinatus,
3476 5080 3622 5133 sicut
3642 5078 3771 5132 idem

2191 5156 2439 5246 egregius
2459 5173 2778 5244 praedicator
2802 5170 2973 5225 alioin
2994 5169 3111 5226 loco
3133 5169 3295 5224 dicit:
3317 5167 3424 5233 Qui
3438 5180 3688 5240 operatus
3707 5174 3777 5222 est

2194 5264 2371 5331 Petro,
2403 5265 2674 5333 inquiens,
2699 5261 3119 5333 inapostolatum
3143 5261 3587 5325 circumcisione},
3612 5275 3776 5331 opera-

2192 5369 2277 5412 tus
2297 5368 2371 5412 est
2398 5367 2449 5411 et
2476 5357 2603 5410 mihi
2631 5357 2766 5409 inter
2784 5366 2956 5425 gentes
2980 5352 3178 5424 (Galat.
3205 5352 3289 5425 ιι).
3319 5352 3601 5409 Fortassis
3621 5355 3771 5407 etiam

2192 5450 2476 5505 dicerent:
2508 5446 2648 5514 Quid
2686 5456 2771 5501 est
2820 5445 2962 5515 quod
3012 5444 3233 5510 Paulus,
3280 5445 3476 5501 doctor
3519 5447 3771 5517 gentium,

2191 5542 2417 5614 praefert
2460 5554 2518 5596 se
2544 5539 2803 5610 apostolis
2838 5538 3042 5593 nostris
3075 5538 3238 5592 Petro
3262 5544 3320 5591 et
3362 5535 3609 5591 iaccho?
3631 5534 3773 5589 Scri-

2191 5634 2283 5687 bat
2324 5633 2438 5687 suis
2478 5631 2746 5701 gentibus,
2795 5643 2906 5684 non
2934 5627 3236 5697 indigemus
3274 5634 3334 5679 ut
3367 5627 3575 5681 scribat
3604 5625 3771 5679 nobis.

2192 5722 2462 5778 Habemus
2488 5722 2632 5777 enim
2654 5721 2924 5792 apostolos
2947 5719 3101 5778 nobis
3125 5734 3155 5773 a
3184 5717 3415 5773 Domino
3432 5717 3771 5779 constitutos,

2193 5814 2283 5885 qui
2313 5829 2413 5870 nos
2435 5813 2645 5869 abunde
2670 5820 2898 5882 possunt
2935 5811 3146 5867 docere.
3196 5808 3313 5879 Quo
3354 5806 3509 5864 facto
3548 5805 3771 5864 ostendit
