3974 6444
134 393 230 454 821

702 350 718 368 ⁸
753 383 1117 441 EXPOSITIO
1150 383 1220 439 1N
1254 383 1406 440 EPP.
1445 380 1502 437 s.
1543 376 1764 435 mou.
1805 408 1876 417 —
1913 375 1979 430 IN
2019 374 2241 432 EPlST.
2282 375 2376 433 AD
2413 370 2774 430 nsanos.

3297 370 3398 429 932

136 517 195 561 se
219 515 328 557 non
356 498 606 569 ignorare
631 494 845 552 illorum
868 496 1199 567 superbiam,
1221 496 1533 565 pariterque
1557 506 1711 545 suam
1741 494 1786 552 Α
1818 487 2174 554 Testamenti,
2200 487 2388 542 multis
2399 503 2530 544 vero
2553 486 2934 553 locationibus,
2959 486 3247 558 multisque
3268 503 3400 558 qua-

136 589 392 648 exhibuit
407 587 781 643 humilitatem.
801 586 977 667 Simili
995 588 1154 643 modo
1178 588 1341 643 etiam
1364 595 1421 640 et
1440 583 1714 654 apostolus

136 684 373 741 Joannes
386 697 547 736 causa
572 679 813 751 ejusdem
837 681 1062 736 rationis
1081 688 1135 736 et
1154 677 1494 743 humilitatis,
1518 691 1715 731 nomen

138 786 292 830 suum
325 773 378 826 in
406 771 640 840 Epistola
680 785 775 826 sua
812 772 1175 840 prtetermisit.
1217 770 1314 825 Vel
1351 777 1519 833 certe,
1555 776 1616 823 ut
1642 767 1720 822 di-

139 877 267 923 cunt
290 866 532 937 quidam,
574 866 716 936 quod
749 874 1031 937 propterea
1065 865 1191 935 quia
1232 864 1502 920 Christum
1532 863 1585 916 in
1615 850 1719 916 hac

137 967 258 1013 erat
277 956 513 1027 Epistola
545 958 922 1012 nominaturus
950 956 1273 1028 apostolum,
1296 955 1482 1010 dicens
1508 973 1521 1009 :
1546 952 1721 1008 liabe-

138 1066 260 1106 mus
288 1051 597 1121 pontilicem
623 1059 678 1105 et
700 1050 1001 1120 apostolum
1028 1048 1380 1105 confessionis
1405 1057 1602 1103 nostrte
1633 1044 1721 1101 Je-

138 1157 258 1196 sum
293 1139 523 1209 justum,
550 1140 784 1195 noluerit
812 1155 1006 1194 nomen
1030 1138 1361 1210 apostolatus
1392 1137 1477 1192 sui
1515 1138 1569 1192 in
1610 1136 1724 1207 pri-

142 1233 353 1289 tnerdio
396 1230 555 1300 hujus
601 1231 849 1302 Epistolae
906 1231 1205 1286 nominare.
1247 1228 1364 1285 Non
1406 1229 1548 1284 enim
1594 1243 1724 1283 con-

138 1340 332 1394 gruum
360 1325 533 1388 duxit,
558 1334 617 1378 ut
648 1324 739 1379 ubi
767 1322 1043 1379 Christum
1065 1323 1308 1378 dicturus
1348 1330 1467 1376 erat
1507 1330 1723 1392 aposto-

139 1412 272 1476 lum,
297 1413 426 1467 inibi
472 1413 637 1468 etiam
683 1428 741 1468 se
767 1412 1067 1483 apostolum
1106 1412 1429 1477 nominaret,
1457 1410 1723 1465 maxime-

138 1519 247 1572 que
291 1504 344 1556 in
404 1503 559 1558 titulo
594 1544 609 1569 ,
672 1518 739 1557 ne
791 1502 1014 1558 cuilibet
1051 1503 1327 1558 videretur
1369 1517 1429 1558 se
1469 1501 1724 1572 prtel'erre

137 1594 375 1657 Christo.
405 1595 497 1651 sed
526 1596 713 1650 maluit
737 1596 900 1651 tacito
927 1596 1145 1650 nomine
1167 1596 1232 1649 de
1261 1594 1445 1666 ﬁguris
1470 1593 1603 1666 legis
1629 1608 1723 1649 eos

138 1686 433 1750 instruere,
474 1695 530 1742 et
565 1688 632 1741 ad
664 1688 944 1742 veritatem
971 1703 1091 1758 qua:
1122 1685 1373 1742 Christus
1402 1686 1727 1755 est,'perdu-

138 1793 286 1833 cere.
337 1776 488 1833 Hanc
537 1787 713 1833 autem
762 1779 1055 1850 Epistulam
1101 1778 1321 1848 quidam
1368 1778 1555 1832 dicunt
1601 1791 1722 1832 esse

1818 577 2060 633 litatibus
2086 578 2294 633 locutus
2318 585 2403 633 est
2431 579 2529 640 eis,
2559 579 2682 648 quia
2706 594 2815 633 non
2863 592 3078 647 semper
3118 576 3400 634 uniformi-

1818 680 1901 727 ter
1916 679 2124 726 secreta
2139 684 2234 724 sua
2255 670 2334 724 eis
2362 669 2638 725 revelavit.
2651 669 2956 740 Aliquando
2975 669 3121 725 enim
3140 679 3326 739 aperte
3344 681 3401 726 et

1818 779 1916 835 per
1944 762 2192 833 angelum
2235 761 2445 817 locutus
2490 770 2575 816 est
2602 762 2682 816 eis
2724 771 2784 816 ut
2821 761 3054 815 Abrahae
3090 760 3176 815 eui
3224 760 3397 817 dixit:

1820 857 2127 913 Secundum
2180 853 2285 908 hoc
2310 863 2521 923 tempus
2547 854 2760 908 veniam
2780 895 2795 920 ,
2829 854 3041 924 eritque
3067 851 3217 908 Sara:
3257 853 3402 909 ﬁlius

1821 945 1973 1019 (Ceu.
2004 946 2193 1015 xvm);
2225 943 2393 1016 Moysi
2432 959 2649 1014 quoque
2686 953 2952 1015 praecepta
2980 943 3167 1015 legalia
3200 940 3423 1011 dando,

1821 1036 1937 1093 Non
1976 1036 2222 1100 occides,
2273 1049 2381 1089 non
2414 1033 2743 1089 adulterabis
2766 1032 2944 1104 (Deut.
2973 1034 3047 1103 v),
3099 1043 3405 1111 cteteraque

1822 1128 1984 1198 hujus
2001 1128 2178 1194 modi;
2207 1125 2345 1181 Loth
2374 1140 2589 1196 quoque
2615 1124 2682 1180 de
2710 1122 2961 1179 Sodomis
2974 1139 3098 1177 eum
3127 1122 3431 1180 educendo‘

1818 1222 1976 1293 (Cen.
2012 1220 2111 1292 xu)
2137 1261 2152 1286 ,
2196 1218 2424 1289 aliisque
2457 1215 2883 1290 quampluribus.
2929 1206 3230 1286 Aliquando
3275 1233 3408 1274 vero

1820 1313 2070 1377 obscure,
2096 1319 2151 1365 et
2178 1325 2276 1382 per
2315 1310 2619 1381 aenigmata,
2647 1316 2703 1363 et
2745 1296 2842 1379 per
2866 1307 3068 1378 ignem,
3112 1320 3171 1363 ut
3211 1307 3406 1380 Moysi,

1821 1404 1908 1461 cui
1938 1404 2073 1459 dixit
2100 1421 2114 1458 :
2146 1404 2259 1474 Ego
2293 1420 2406 1457 sum
2443 1404 2534 1474 qui
2556 1418 2691 1457 sum.
2719 1400 2850 1456 Ha'c
2868 1400 3007 1456 dices
3037 1401 3163 1471 ﬁliis
3193 1400 3409 1456 Israel:

1824 1496 1927 1562 Qui
1959 1505 2051 1560 est,
2099 1495 2238 1549 misit
2286 1511 2368 1549 me
2414 1494 2484 1548 ad
2529 1510 2620 1549 vos
2664 1492 2861 1563 (Exod.
2892 1494 2998 1564 tu).
3025 1492 3329 1564 Aliquando
3353 1494 3411 1548 in

1822 1586 2007 1641 habitu
2055 1584 2264 1650 militis,
2294 1594 2353 1639 ut
2378 1582 2543 1639 Josue
2589 1601 2604 1638 :
2653 1582 2955 1653 Aliquando
3005 1583 3059 1637 in
3102 1584 3301 1649 corde,
3349 1593 3411 1636 nt

1822 1678 2013 1741 David,
2036 1677 2178 1748 quod
2202 1677 2414 1732 dicebat
2444 1693 2459 1732 :
2485 1676 2714 1730 Audiam
2730 1675 2856 1747 quid
2869 1675 3180 1747 loquaturin
3201 1693 3283 1731 me
3304 1676 3410 1730 Do-

1824 1772 1996 1825 minus
2049 1770 2190 1824 Deus
2221 1767 2394 1839 (Psal.
2454 1769 2674 1842 ωίιχιν)
2699 1810 2714 1835 ,
2747 1769 3065 1838 ueterisque
3108 1770 3407 1841 prophetis.

136 1867 403 1923 Barnaba:
428 1869 677 1938 apostoli,
708 1849 926 1939 quidam
958 1869 1135 1935 Luem,
1164 1870 1381 1940 quidam
1407 1866 1721 1932 Clementis,
1754 1849 1800 1908 Β
1826 1863 2130 1935 Aliquando
2197 1878 2294 1933 per
2354 1863 2625 1918 somnium
2658 1904 2672 1926 ,
2759 1863 2902 1918 sicut
2958 1862 3145 1919 Daniel
3180 1903 3196 1931 ,
3262 1865 3412 1935 quod

141 1961 385 2016 dicentes
404 1962 661 2031 quoniam
691 1963 735 2017 si
758 1961 905 2016 Pauli
937 1970 1102 2026 esset,
1128 1961 1241 2031 ipse
1259 1961 1446 2030 utique
1466 1975 1616 2014 more
1642 1974 1730 2015 so-

138 2054 240 2109 lito
272 2054 414 2109 sicut
438 2055 489 2108 in
516 2053 655 2120 aliis,
688 2054 758 2109 ita
784 2055 947 2109 etiam
977 2068 1169 2108 nomen
1194 2069 1351 2108 suum
1377 2052 1430 2107 in
1462 2052 1564 2106 ista
1591 2066 1730 2122 prm-

137 2155 388 2216 poneret.
420 2144 526 2200 Sed
552 2146 595 2200 si
623 2146 771 2200 Pauli
796 2162 901 2202 non
924 2146 1049 2209 erit,
1080 2144 1204 2214 quia
1234 2142 1349 2212 ejus
1376 2143 1595 2199 nomine
1620 2159 1728 2199 non

136 2246 221 2292 est
254 2235 487 2302 titulata,
532 2251 661 2307 ergo
706 2251 806 2291 nec
850 2236 1128 2299 Barnabas,
1178 2250 1279 2290 nec
1325 2234 1504 2300 Lacte,
1553 2248 1729 2303 neque

135 2327 458 2396 Clementis,
501 2338 594 2383 aut
624 2329 851 2399 alicujus
874 2329 998 2394 erit,
1028 2343 1093 2383 eo
1112 2328 1254 2397 quod
1287 2327 1485 2383 nullius
1513 2328 1729 2383 nomine

137 2422 408 2477 titulatur.
458 2422 553 2478 Cui
600 2437 728 2493 ergo
755 2422 971 2477 illorum
1013 2421 1329 2477 ascribenda
1357 2420 1490 2476 est?
1530 2418 1729 2489 Utique

135 2514 358 2584 egregio
386 2514 726 2595 praedipatori
756 2531 769 2567 :
808 2513 1006 2583 quippe
1034 2528 1154 2581 quae
1182 2527 1246 2566 ex
1272 2510 1448 2566 lucido
1486 2526 1647 2566 sensu
1675 2519 1731 2565 et

138 2620 341 2677 genere
367 2603 655 2659 locutionis
676 2602 1059 2672 comprobatur
1079 2602 1222 2656 illius
1251 2616 1391 2665 esse,
1418 2615 1727 2670 quanquam

136 2692 411 2748 subtiliori
438 2701 601 2762 atque
643 2692 899 2762 apertiori
935 2691 1074 2762 stylo
1102 2692 1488 2760 comprehensa
1518 2691 1726 2745 sitom-

137 2785 303 2840 nibus
326 2783 442 2853 ejus
460 2784 731 2855 Epistolis.
770 2782 903 2838 Nam
936 2784 1107 2839 fertur
1126 2782 1418 2852 Apostolus
1444 2783 1585 2837 hanc
1615 2781 1726 2837 lie-

137 2876 306 2933 brzeis
349 2878 570 2931 missam
602 2875 828 2931 Ilebraeo
873 2889 1124 2930 sermone
1164 2889 1283 2929 eam
1315 2873 1727 2943 conscripsisse,

139 2969 324 3041 inquo
350 2970 463 3041 ipse
485 2968 844 3039 peritissimus
868 2968 1097 3032 exstitit,
1125 2983 1247 3022 cum
1275 2965 1510 3036 reliquas
1539 2964 1728 3021 (ΙΙ-ξευο

1827 1971 1997 2025 genus
2022 1955 2319 2026 prophetiae
2355 1962 2439 2010 est
2480 1972 2494 2010 :
2539 1953 2835 2011 Novissime
2872 1965 3074 2022 autem,
3109 1956 3164 2011 id
3215 1965 3299 2011 est
3352 1956 3410 2012 in

1828 2048 1935 2103 ﬁne
1967 2056 2269 2119 temporum
2297 2046 2502 2101 locutus
2523 2057 2597 2101 est
2631 2048 2777 2102 nobis
2805 2048 3063 2119 apostolis
3086 2048 3216 2114 suis,
3241 2056 3405 2105 caete-

1829 2139 2013 2209 risque
2041 2139 2388 2194 credentibus
2412 2153 2511 2209 per
2535 2137 2734 2193 Filium
2764 2154 2950 2201 suum,
2980 2147 3035 2194 et
3062 2147 3148 2194 est
3175 2153 3366 2194 sensus
3393 2157 3405 2192 :

1826 2230 2082 2286 Patribus
2106 2229 2328 2294 nostris,
2354 2236 2539 2298 utpote
2577 2230 2766 2294 servis,
2799 2229 3011 2285 locutus
3045 2238 3128 2285 est
3155 2229 3282 2285 olim
3311 2245 3413 2300 per

1829 2337 2015 2378 servos
2041 2336 2168 2376 suos
2195 2320 2436 2393 angelos,
2465 2329 2523 2376 et
2557 2335 2656 2392 per
2691 2336 2986 2377 conservos
3035 2320 3249 2376 illorum
3285 2336 3410 2391 pro-

1826 2402 2041 2487 ph'etas,
2075 2414 2370 2469 novissime
2410 2425 2594 2468 autem
2627 2413 2819 2470 diebus
2840 2413 2959 2469 istis
2981 2413 3186 2469 ultima:
3209 2414 3410 2480 aetatis,

1829 2509 2040 2564 locutus
2070 2515 2153 2561 est
2200 2507 2356 2562 nobis
2400 2506 2682 2578 apostolis,
2713 2506 3072 2576 omnibusque
3108 2506 3229 2561 aliis
3274 2505 3411 2563 ﬁde-

1830 2598 1971 2653 libus
2001 2613 2099 2667 per
2123 2594 2340 2663 Filium,
2369 2605 2553 2668 utpote
2583 2596 2727 2650 ﬁliis.
2759 2595 2895 2652 Nam
2924 2605 3126 2666 quanta
3157 2597 3413 2652 distantia

1829 2698 1914 2745 est
1936 2690 2079 2744 inter
2098 2689 2329 2761 gratiam
2359 2688 2657 2760 Evangelii,
2681 2704 2802 2759 qua:
2825 2703 2921 2759 per
2938 2688 3133 2744 Filium
3155 2689 3281 2745 data
3307 2697 3412 2753 est,

1830 2787 1885 2833 et
1908 2778 2079 2848 legem
2097 2792 2222 2848 qua:
2246 2793 2345 2849 per
2373 2793 2590 2833 servum
2640 2777 3015 2833 administrata
3066 2786 3149 2834 est
3195 2797 3210 2834 :
3263 2786 3415 2836 tanta

1831 2866 2137 2924 dill‘erentia
2172 2877 2255 2923 est
2310 2867 2453 2921 inter
2503 2867 2887 2923 ministros‘et
2937 2869 3213 2924 auditores
3256 2868 3411 2941 legis,

1830 2957 2090 3027 quoniam
2116 2957 2261 3011 servi
2281 2959 2350 3011 ad
2376 2972 2561 3012 servos
2583 2957 2733 3011 missi
2760 2965 2905 3024 sunt,
2933 2967 2990 3012 et
3020 2957 3162 3013 inter
3186 2960 3417 3029 promis-

139 3077 398 3118 sertnone
455 3063 752 3132 scripserit.
828 3061 958 3116 Post
1032 3061 1331 3115 discessum
1393 3073 1523 3112 vero
1585 3056 1731 3128 Apo-
1784 3118 1789 3123 δ
1833 3048 2041 3103 sionem
2068 3056 2124 3102 et
2147 3048 2396 3119 gratiam,
2421 3062 2540 3116 qua:
2567 3062 2664 3117 per
2689 3046 2881 3101 Filium
2911 3048 3035 3102 data
3063 3058 3146 3104 est
3175 3048 3320 3114 ﬁliis,
3346 3064 3413 3103 ac

138 3153 288 3213 stoli,
307 3153 485 3208 Lucas
512 3153 839 3224 evangelista
861 3151 1051 3207 Graeco
1074 3166 1321 3205 sermone
1342 3164 1464 3205 eam
1486 3164 1729 3218 compre-
1758 3206 1798 3224 ﬂ
1829 3137 2171 3209 postmodum
2200 3152 2299 3209 per
2342 3136 2480 3191 ﬁlios
2519 3136 2644 3191 ﬁliis
2683 3136 3079 3193 administrata.
3114 3138 3370 3209 Sequitur
3397 3158 3411 3192 :

398 3206 597 3311 λειριιο
629 3206 970 3311 ρᾌειιηοάυηι
1001 3240 1261 3297 translata
1291 3249 1376 3296 est,
1400 3238 1457 3294 in
1475 3206 1727 3293 Latinam
1755 3206 1802 3267 α
1833 3206 1985 3303 quem
2009 3206 2276 3285 constituit
2308 3228 2563 3282 lueredcm
2594 3228 2971 3285 universorum.
3005 3206 3415 3285 [iteres—dicitur

137 3337 380 3410 linguam
408 3337 549 3391 sicut
568 3345 623 3391 et
648 3335 884 3406 reliquae.
1833 3324 1902 3379 ab
1931 3324 2080 3389 hero,
2106 3322 2160 3377 id
2184 3330 2267 3378 est
2296 3321 2536 3387 domino,
2578 3336 2644 3376 eo
2671 3320 2814 3390 quod
2846 3320 3015 3375 libera
3060 3330 3330 3390 potestate
3357 3324 3412 3378 in

664 3463 891 3522 CAPUT
925 3461 1214 3520 “unum.
1833 3415 2152 3522 haereditate
2182 3424 2405 3487 paterna
2428 3414 2754 3522 dominetur.
2793 3412 3089 3521 constituit
3112 3428 3243 3522 ergo
3270 3414 3416 3470 Deus

1200 3503 1214 3517 ’
1832 3509 1994 3566 Pater
2037 3509 2234 3566 Filium
2285 3525 2439 3566 suum
2478 3510 2743 3566 hmredem
2774 3509 3171 3575 universorum,
3196 3509 3301 3565 hoc
3331 3517 3417 3562 est

1836 3601 1998 3657 totius
2048 3600 2254 3665 mundi,
2279 3616 2372 3656 seu
2394 3601 2633 3656 omnium
2653 3610 3174 3667 creaturarum,non
3206 3607 3425 3654 tantum.

1836 3692 2133 3748 secundum
2188 3693 2550 3760 divinitatem,
2598 3708 2703 3764 qua
2724 3702 3025 3748 coaeternus
3055 3701 3139 3748 est
3166 3691 3318 3747 Patri
3356 3700 3415 3747 et

1836 3784 2125 3854 coaequalis
2152 3793 2235 3840 est
2260 3784 2336 3839 illi
2363 3785 2416 3839 in
2437 3784 2826 3856 omnipotentia
2855 3785 3090 3847 deitatis.
3114 3795 3171 3840 et
3208 3786 3261 3840 in
3305 3799 3416 3855 qua

1838 3874 2166 3929 aeternaliter
2194 3875 2309 3945 ipse
2333 3874 2575 3945 possidet
2595 3875 2779 3930 omnia
2808 3890 2929 3931 cum
2974 3874 3160 3941 Patre,
3190 3874 3284 3930 sed
3325 3889 3417 3943 po-

213 3598 574 3668 Multifariam
598 3598 876 3669 multisque
897 3598 1064 3651 modis
1090 3596 1215 3651 olim
1238 3594 1378 3649 Deus
1404 3593 1614 3666 loquens
1639 3610 1733 3664 pa-

141 3693 316 3746 tribus
349 3693 403 3744 in
432 3692 715 3762 prophetis,
749 3691 1024 3745 novissime
1057 3689 1239 3743 diebus
1274 3689 1387 3743 istis
1421 3687 1626 3741 locutus
1657 3696 1733 3740 est

146 3782 305 3836 nobis
335 3781 386 3835 in
422 3778 583 3834 Filio.
623 3779 811 3837 Omnis
836 3778 1063 3834 intentio
1089 3778 1230 3832 beati
1260 3777 1499 3848 Apostoli
1538 3778 1593 3830 in
1631 3775 1733 3829 hac

141 3873 388 3943 Epistola
410 3883 514 3939 est,
542 3882 601 3926 ut
627 3872 840 3927 Jutlteos
865 3879 1122 3941 cognatos
1147 3886 1293 3934 suos,
1318 3870 1484 3938 quiet
1523 3869 1735 3923 Πεδνωί

144 3966 217 4019 ab
258 3963 438 4017 [leber
480 3961 836 4032 appellantur,
884 3961 937 4015 in
988 3977 1096 4030 quo
1127 3959 1384 4026 assumpti
1409 3968 1532 4012 sunt
1559 3974 1587 4010 a
1619 3957 1736 4027 lege
1838 3965 1947 4017 tius
1976 3964 2269 4018 secundum
2318 3963 2711 4019 humanitatem
2763 3974 3096 4033 assumptam
3140 3979 3172 4019 a
3215 3964 3417 4029 verbo,

144 4056 321 4125 Moysi
354 4054 585 4108 transire
610 4053 770 4108 faciat
792 4053 858 4107 ad
884 4052 1111 4122 gratiam
1136 4049 1426 4121 Evangelii,
1460 4049 1528 4104 ab
1547 4048 1739 4103 obser-
1841 4055 2166 4110 constitutus
2192 4063 2276 4110 est
2302 4054 2393 4110 ille
2425 4055 2675 4110 dominus
2700 4062 2755 4109 et
2790 4055 2964 4110 haeres
3000 4067 3165 4124 super
3200 4067 3419 4110 omnem

142 4144 370 4198 vatione
393 4141 592 4196 carnali
625 4142 692 4195 ad
720 4140 1016 4211 spiritalem
1046 4158 1060 4194 :
1091 4139 1356 4210 simulque
1384 4138 1737 4194 eminentiam
1842 4153 2171 4207 creaturam,
2198 4143 2337 4199 sicut
2368 4144 2445 4198 illi
2474 4145 2616 4198 Deus
2644 4143 2807 4199 Pater
2852 4144 3122 4216 promisit,
3167 4144 3354 4200 dicens
3399 4164 3415 4200 :

146 4232 343 4304 gratiae
361 4248 492 4313 .qua:
518 4246 615 4302 per
641 4230 835 4285 Filium
862 4231 985 4286 data
1015 4238 1099 4285 est
1128 4231 1397 4295 tidelibns,
1420 4229 1678 4285 discernit
1703 4245 1736 4285 a
1842 4231 2065 4289 Postulo
2090 4252 2122 4288 α
2160 4250 2259 4298 me,
2281 4242 2328 4289 et
2357 4234 2492 4288 dabo
2513 4233 2606 4289 tibi
2625 4244 2798 4306 gentes
2819 4235 3176 4290 hwreditatem
3201 4244 3349 4291 tuam
3368 4246 3420 4292 et

145 4321 413 4393 legalibus
467 4321 711 4386 umbris,
772 4335 892 4390 quae
944 4319 1204 4392 angelicis
1252 4319 1739 4376 ministrationibus
1842 4326 2220 4398 possessionem
2241 4334 2386 4380 tuam
2414 4327 2662 4381 terminos
2692 4336 2845 4382 terra:
2877 4326 3047 4398 (Psal.
3073 4325 3156 4399 tt).
3204 4326 3271 4384 Et
3304 4329 3422 4400 ipse

145 4415 412 4473 exhibita:
458 4415 694 4471 luerunt.
724 4414 876 4471 Unde
906 4424 961 4470 et
1000 4415 1235 4486 primum
1275 4415 1424 4485 ponit
1448 4415 1742 4487 prophetas
1844 4414 2013 4470 Filius
2050 4429 2337 4487 resurgens
2370 4431 2402 4470 a
2443 4416 2693 4482 mortuis,
2724 4417 2805 4473 sic
2829 4416 3067 4488 loquitur
3098 4434 3165 4474 ex
3191 4433 3421 4491 persona

147 4508 384 4563 diversis
413 4508 585 4564 modis
614 4507 888 4578 variisque
921 4507 1283 4563 locationibus
1307 4508 1553 4578 patribus
1576 4508 1741 4565 fuisse
1771 4562 1817 4585 η
1842 4507 2199 4564 humanitatis
2227 4529 2239 4563 :
2279 4508 2417 4563 Data
2438 4519 2512 4564 est
2535 4511 2683 4577 mihi,
2713 4511 2983 4581 inquiens,
3010 4513 3178 4568 omnis
3195 4523 3422 4585 potestas

148 4599 363 4655 locutos
392 4598 612 4653 dicens:
642 4597 1014 4668 Multifariam,
1046 4598 1100 4654 id
1120 4607 1205 4653 est
1234 4598 1415 4654 multis
1450 4598 1737 4655 locutioni-

149 4694 257 4747 bus
286 4709 300 4745 :
326 4690 605 4763 multisque
645 4691 836 4755 ntodis,
861 4692 966 4747 hoc
996 4701 1097 4757 cst,
1126 4690 1309 4748 multis
1336 4693 1687 4764 qualitatibus
1718 4710 1732 4746 :

148 4786 302 4851 olim,
351 4786 406 4841 id
451 4787 617 4841 estin
646 4786 920 4857 praeterito
958 4784 1208 4842 videlicet
1234 4794 1477 4857 tempore
1517 4786 1741 4855 loquens

151 4881 301 4936 Deus
337 4881 502 4935 Pater
540 4896 638 4951 per
684 4880 974 4950 prophetas
1003 4880 1244 4949 patribus
1288 4879 1507 4933 nostris.
1538 4877 1741 4933 Deinde

151 4981 215 5026 ut
243 4972 555 5027 ostenderet
590 4979 797 5040 quanta
840 4969 1138 5025 diﬁ’erentia
1183 4977 1328 5024 esset
1367 4969 1555 5040 gratiae
1602 4970 1744 5024 inter

152 5061 281 5116 illos
302 5070 358 5115 et
389 5071 573 5132 patres
599 5061 833 5125 illorum,
860 5059 1138 5130 subjuuxit
1167 5076 1182 5114 :
1212 5060 1531 5116 Novissimls
1556 5060 1745 5118 diebus

153 5152 280 5207 istis
306 5153 508 5208 ultimae
527 5154 725 5219 astatis,
755 5153 966 5208 locutus
994 5161 1080 5207 est
1101 5152 1257 5207 nobis
1285 5168 1384 5221 per
1410 5152 1626 5207 Filium.
1656 5150 1747 5206 Di-

153 5248 331 5304 cendo
356 5258 535 5304 autem
562 5263 577 5303 :
600 5248 827 5303 Locutus
855 5259 929 5303 est
956 5250 1012 5302 in
1036 5247 1299 5318 prapltetis
1318 5256 1366 5301 et
1387 5247 1441 5300 in
1468 5245 1611 5299 Filio
1633 5254 1752 5301 tan-

155 5342 399 5397 tumdem
434 5341 600 5407 valet,
630 5341 784 5410 quasi
825 5340 1032 5394 diceret
1060 5355 1076 5391 :
1102 5339 1203 5394 Per
1240 5340 1533 5407 prophetas
1566 5345 1621 5390 et
1654 5352 1753 5407 per

155 5435 358 5491 Filium
401 5450 415 5489 :
457 5435 585 5504 quia
631 5436 688 5487 in
730 5433 1043 5502 praepositio
1090 5446 1189 5500 pro
1216 5430 1320 5484 alia
1364 5429 1743 5499 prtepositione

156 5544 254 5598 per
295 5528 563 5598 accipitur
603 5527 787 5581 :sieut
826 5526 1011 5581 multis
1059 5525 1113 5579 in
1155 5523 1288 5579 locis
1331 5522 1580 5593 Epistola:
1625 5519 1744 5590 ejus

158 5620 436 5676 invenitur
461 5619 545 5674 his
571 5617 1041 5690 pnrpositionibus
1060 5618 1429 5673 indiﬁ'erenter
1444 5616 1540 5671 uti.
1557 5614 1748 5671 Consi-

159 5712 413 5769 deremus
423 5710 858 5782 ergo,quoznodo
870 5710 1446 5775 multislocutionibus,
1461 5708 1750 5778 multisque

160 5805 510 5870 qualitatibus
549 5806 760 5862 locutus
794 5804 865 5860 sit
909 5804 1048 5859 Deus
1077 5802 1237 5865 Pater
1269 5804 1511 5884 patribus
1538 5802 1750 5859 Veteris

1843 4601 1897 4655 in
1927 4600 2054 4655 caelo
2082 4610 2130 4655 et
2159 4601 2212 4657 in
2240 4612 2381 4656 terra
2420 4600 2634 4674 (Matth.
2666 4604 2881 4677 xxvm).
2913 4603 3029 4660 Non
3058 4620 3187 4676 ergo
3228 4606 3422 4662 dividi-

1844 4707 1967 4747 mus
1986 4706 2263 4761 personas,
2282 4694 2378 4749 sed
2398 4694 2778 4764 distinguimus
2799 4706 3042 4753 naturas.
3070 4696 3225 4754 Unde
3250 4698 3426 4753 anim-

1847 4785 2233 4841 advertendum
2286 4794 2371 4841 est
2422 4786 2608 4843 solerti
2650 4788 2904 4860 indagine
2949 4807 2963 4844 :
3008 4788 3325 4859 Apostolum
3371 4791 3425 4844 in

1847 4876 1947 4935 hac
1982 4877 2246 4947 Epistola,
2268 4894 2414 4933 nunc
2439 4879 2504 4935 dc
2527 4879 2827 4935 substantia
2856 4880 3211 4935 humanitatis
3252 4880 3422 4951 loqui,

1849 4983 1993 5023 nunc
2017 4983 2146 5024 vero
2187 4969 2253 5024 de
2293 4970 2592 5025 substantia
2640 4970 2881 5027 deitatis.
2917 4970 3051 5026 Nam
3100 4970 3245 5041 quod
3292 4972 3429 5027 dixit

1847 5059 1997 5113 illum
2021 5059 2372 5114 constitutum
2396 5076 2515 5116 esse
2537 5077 2566 5115 a
2584 5061 2695 5117 Deo
2718 5060 2878 5117 Patre
2897 5062 3164 5118 bteredem
3186 5062 3429 5117 omnium

1850 5158 2249 5217 creaturarum,
2274 5150 2342 5206 ad
2372 5152 2762 5208 humanitatem
2791 5152 2935 5209 illius
2965 5151 3188 5208 retulit:
3231 5150 3431 5208 Volens

1851 5253 2031 5300 autem
2053 5246 2430 5301 discretionem
2466 5245 2646 5303 facere
2685 5248 2829 5302 inter
2856 5247 3154 5303 divinitatis
3180 5257 3430 5304 naturam

1851 5345 1908 5392 et
1927 5337 2277 5391 humanitatis
2297 5336 2435 5406 ejus,
2460 5347 2515 5392 et
2539 5339 2822 5393 ostendere
2846 5340 2974 5411 quid
3020 5340 3238 5410 proprie
3265 5339 3433 5410 perti-

1853 5435 1945 5482 net
1971 5436 2025 5483 et
2048 5426 2115 5482 ad
2138 5442 2572 5499 unamquamque
2597 5428 3187 5496 naturam,subintulit,
3204 5432 3388 5487 dicens
3413 5448 3427 5487 :

1850 5517 1957 5574 Per
1968 5536 2116 5591 quem
2133 5519 2251 5590 fecit
2276 5530 2324 5575 et
2343 5522 2559 5577 stccula.
2579 5521 2782 5579 Saecula
2804 5524 3059 5579 dicuntur
3081 5539 3109 5577 a
3136 5526 3430 5594 sequendo,

1848 5612 2083 5682 eoquod
2111 5626 2170 5666 se
2197 5621 2513 5682 sequantur,
2555 5614 2608 5668 in
2654 5616 2944 5684 semetipsa
2995 5614 3317 5670 revertendo
3365 5629 3430 5669 ac

1853 5704 2147 5759 redeundo.
2181 5703 2280 5760 Hic
2302 5713 2479 5761 autem
2502 5722 2600 5776 per
2621 5706 2816 5761 saecula
2849 5707 3111 5773 debemus
3134 5706 3430 5778 intelligere

1853 5799 2032 5857 omnia
2063 5814 2180 5870 qua:
2208 5796 2347 5854 facta
2384 5808 2509 5855 sunt
2554 5799 2606 5853 in
2636 5808 2891 5870 tempore.
2934 5797 3001 5852 Ut
3023 5813 3151 5870 ergo
3181 5801 3429 5856 ostende-
