3974 6446
491 376 604 435 ΒΞῚ
650 382 653 387 λ

960 380 1317 439 llAYMONlS
1350 376 1832 442 llALBERSTAT.
1872 385 2085 444 EPISC.
2128 387 2280 446 OPP.
2316 390 2497 449 PARS
2534 392 2578 449 l.
2614 425 2687 436 —-
2718 394 3080 457 COMMENT.
3117 400 3288 458 BIBL.

3664 409 3773 469 828

493 476 708 559 verum.
732 494 788 554 et
811 494 1024 567 quando
1069 496 1160 554 illo
1196 500 1470 557 esuriente
1509 515 1854 561 accesserunt
1882 516 1939 562 et
1964 508 2067 562 mi-
2095 510 2144 569 Α
2172 507 2291 581 lege
2314 511 2546 567 humana
2575 516 2910 587 praecipitur,
2939 529 3001 574 ut
3021 535 3128 575 non
3156 521 3313 578 detur
3346 522 3625 592 judicium
3670 530 3776 586 nisi

494 586 863 643 uistraverunt
891 587 965 653 ei,
1005 587 1121 641 sive
1151 590 1368 656 quando
1409 592 1717 661 sepulcrum
1744 592 1860 663 ejus
1885 607 2072 652 custo-

494 676 730 741 dierunt,
764 679 1003 748 quotidie
1026 694 1242 751 quoque
1270 684 1498 739 adorant
1516 700 1661 749 eum,
1689 689 1815 756 quia
1840 686 2073 756 jussioni

492 770 638 825 illius
662 772 1056 841 obtemperant.
1107 771 1216 829 Sed
1255 776 1500 845 nunquid
1543 779 1677 835 solis
1706 781 1910 852 angelis
1933 797 2073 852 prm-

491 863 634 932 cepit
665 862 806 919 Deus
852 862 1014 920 Pater
1059 865 1209 922 illum
1237 871 1501 926 adorare?
1548 870 1687 941 Non,
1718 876 1849 946 quin
1891 877 2074 947 potius

489 956 639 1011 omni
667 965 959 1013 creaturte.

548 1036 629 1100 Et
655 1047 726 1101 ad
751 1049 964 1120 angelos
991 1051 1200 1122 quidem
1225 1052 1350 1108 dicit
1373 1069 1393 1106 .'
1426 1054 1531 1121 Qui
1555 1057 1684 1127 facit
1710 1060 1921 1131 angelos
1949 1080 2072 1118 suos

485 1136 724 1206 spiritus,
747 1147 795 1192 et
823 1140 1090 1196 ministras
1116 1160 1239 1197 suos
1259 1142 1528 1214 ﬂammam
1554 1148 1708 1219 ignis.
1736 1151 1890 1219 Quod
1917 1154 2070 1223 dicit,

484 1238 535 1281 et
573 1228 643 1281 ad
682 1228 895 1299 angelos
933 1232 1143 1301 quidem
1175 1233 1316 1289 Deus
1347 1235 1527 1301 Pater,
1557 1240 1642 1294 vel
1679 1242 1956 1314 Scriptura
1987 1246 2073 1301 di-

484 1321 632 1385 vina,
663 1321 767 1376 t-lc
793 1332 877 1377 est
918 1339 983 1379 ac
1011 1323 1056 1379 si
1085 1324 1293 1382 diceret
1311 1329 1375 1383 de
1400 1331 1629 1401 angelis,
1650 1335 1721 1388 ad
1747 1352 1952 1406 ponens
1971 1356 2071 1410 pro

484 1410 569 1463 de.
606 1407 723 1465 Non
753 1413 899 1467 enim
925 1422 1107 1469 servat
1126 1417 1411 1487 Apostolus
1441 1422 1683 1479 ordinem
1712 1427 1825 1483 sive
1850 1446 2069 1487 sensum

484 1500 951 1572 praepositionum,
974 1514 1028 1560 et
1054 1516 1137 1562 est
1166 1523 1395 1565 sensus:
1422 1510 1540 1582 ipse
1567 1530 1726 1585 quem
1748 1521 2070 1592 praecipiun-

485 1597 577 1644 tur
601 1593 774 1664 angeli
807 1594 1054 1660 adorare,
1098 1596 1164 1650 de
1204 1598 1337 1669 ipsis
1373 1603 1486 1656 suis
1520 1605 1801 1674 spiritibus
1828 1612 2067 1679 quoties-

483 1699 698 1754 cunque
723 1684 834 1739 vult
857 1685 987 1740 facit
1015 1687 1254 1757 angelos.
1289 1688 1566 1749 Ministros
1592 1698 1754 1752 etiam
1783 1715 1910 1757 suos
1938 1701 2070 1758 facit

481 1773 755 1830 ﬂammam
786 1776 954 1847 ignis:
977 1774 1104 1846 quia
1128 1781 1217 1848 qui
1236 1780 1288 1834 in
1310 1795 1602 1854 conSpectu
1625 1787 1768 1845 illius
1782 1794 2063 1861 assistunt,

2176 606 2430 662 sedendo.
2449 608 2788 680 Quapropter
2812 629 2918 668 non
2937 614 3232 686 incongrue
3253 633 3350 687 per
3367 619 3552 675 sedem
3575 636 3777 691 possu-

2175 714 2298 754 mus
2311 699 2876 772 intelligereiudicium
2892 707 3036 775 quod
3050 709 3331 777 procedita
3349 711 3497 767 sede.
3517 713 3682 769 [stud
3697 725 3781 771 est

2173 786 2456 857 iudicium,
2484 793 2550 846 de
2574 809 2682 863 quo
2708 795 2823 865 ipse
2849 794 3018 851 Filius
3041 798 3167 854 dicit
3193 812 3208 852 :
3242 797 3405 854 Pater
3426 818 3534 857 non
3557 804 3778 872 iudicat

2172 898 2507 953 quemquam,
2535 886 2626 938 sed
2654 902 2805 941 omne
2834 888 3102 957 judicium
3129 890 3272 944 dedit
3301 888 3443 946 Filio
3475 893 3679 960 (locis.
3700 895 3776 967 ν),

2174 970 2308 1024 etde
2327 987 2435 1041 quo
2454 971 2740 1029 Psalmista
2764 976 2830 1030 ad
2851 976 3015 1032 Deum
3039 978 3255 1035 Patrem
3278 999 3290 1033 :
3309 980 3473 1048 Deus,
3487 983 3776 1053 judicium

2174 1071 2320 1118 tuum
2350 1066 2457 1135 regi
2483 1064 2960 1142 da(Psal._1.xxr),
3013 1072 3064 1125 id
3100 1080 3185 1127 est
3212 1072 3450 1129 Christo.
3502 1074 3589 1131 Th
3603 1092 3775 1133 ronus

2172 1168 2304 1222 ergo
2334 1154 2426 1210 Dei
2461 1155 2513 1210 in
2540 1158 2796 1214 sacculum
2826 1161 3005 1217 steculi
3039 1165 3308 1230 manebit,
3345 1168 3473 1237 quia
3496 1166 3783 1236 judicium

2172 1247 2526 1303 novissimum
2561 1251 2705 1320 quod
2738 1253 2887 1307 dabit
2915 1254 3137 1318 electis,
3175 1255 3362 1314 dicens
3395 1260 3477 1315 eis
3504 1274 3520 1313 :
3560 1260 3781 1328 Venite,

2173 1336 2444 1420 benedicti,
2460 1341 2705 1409 percipite
2724 1359 2937 1413 regnum
2952 1345 3093 1399 vobis
3110 1357 3353 1415 paratum
3371 1349 3596 1418 (Matth.
3617 1354 3777 1420 xxv);

2173 1436 2229 1481 et
2261 1407 2522 1497 'reprobis
2566 1407 2740 1487 dicit:
2779 1407 2877 1487 vlte
2921 1434 2978 1488 in
3026 1407 3197 1506 ignem
3250 1407 3506 1494 teternum
3551 1407 3778 1511 (Ibidd);

2171 1526 2371 1573 aeterna
2403 1520 2729 1576 discretione
2758 1525 2924 1578 stabit
2960 1527 3104 1581 inter
3129 1538 3403 1599 utrosque.
3431 1548 3501 1587 eo
3528 1542 3781 1591 testante

2172 1608 2227 1662 in
2252 1608 2539 1678 Evangelio
2563 1625 2629 1665 ac
2653 1612 2866 1667 dicente
2891 1633 2906 1668 :
2935 1614 3079 1670 Tunc
3106 1619 3252 1673 ibunt
3276 1621 3332 1673 hi
3360 1622 3414 1674 in
3441 1623 3776 1692 supplic-itast

2171 1707 2442 1763 azternum,
2459 1699 2596 1768 justi
2616 1712 2791 1756 autem
2820 1704 2876 1757 in
2906 1706 3063 1759 vitam
3081 1718 3355 1764 (sternam.
3387 1711 3537 1782 (Ibid
3546 1718 3587 1785 .)
3617 1715 3772 1783 Quod

2170 1805 2302 1844 vero
2328 1792 2590 1861 sequitur,
2630 1794 2793 1864 Virga
2828 1796 3103 1867 arquitatis
3130 1800 3283 1871 virga
3320 1805 3470 1874 regni
3518 1806 3635 1868 tui,
3680 1823 3777 1877 per

482 1866 538 1922 in
567 1882 751 1922 amore
792 1883 891 1923 suo
934 1868 1286 1927 incendentes
1331 1882 1387 1928 et
1429 1875 1827 1937 inﬂammantes
1856 1884 2063 1951 reddit,
2096 1880 2144 1938 B
2172 1882 2377 1953 virgam
2408 1885 2682 1954 aequitatis
2714 1887 3032 1959 intelligitur
3076 1893 3344 1948 rectitudo
3383 1899 3688 1952 sententiae
3718 1910 3768 1954 et

472 1957 630 2028 juxta
662 1958 803 2029 quod
836 1958 963 2013 alibi
997 1959 1217 2026 dicitur,
1264 1964 1319 2018 in
1361 1981 1510 2036 quem
1554 1969 1852 2027 desiderant
1895 1977 2068 2047 angeli

476 2051 791 2122 prospicere.
811 2048 946 2104 Nam
974 2051 1117 2121 quod
1139 2053 1295 2119 dixit,
1326 2057 1415 2126 qui
1442 2057 1566 2126 facit
1589 2061 1799 2130 angelos
1820 2081 1941 2120 suos
1967 2068 2068 2138 spi-

479 2132 646 2209 ritus,
697 2157 1030 2216 prtepostero
1076 2151 1265 2209 ordine
1312 2157 1553 2225 protulit.
1607 2159 1877 2218 Debuerat
1919 2166 2067 2222 enim

477 2233 680 2297 dicere,
706 2237 796 2306 qui
822 2237 955 2294 facit
984 2242 1205 2310 spiritus
1234 2232 1360 2302 suos
1385 2248 1625 2319 angelos.
1668 2251 1956 2310 Sciendunt
1984 2266 2067 2314 est

476 2334 657 2380 autem
702 2329 846 2397 quod
887 2334 1110 2403 angelus
1138 2352 1332 2392 nomen
1362 2347 1446 2393 est
1473 2339 1632 2396 ollicii
1677 2360 1782 2399 non
1825 2356 2064 2416 naturae,

475 2416 568 2486 qui
620 2432 837 2487 semper
881 2422 1098 2491 quidem
1138 2437 1263 2482 sunt
1304 2431 1548 2501 spiritus,
1592 2435 1684 2490 sed
1726 2453 2065 2509 nequaquam

470 2506 592 2575 jure
622 2524 835 2581 semper
860 2527 1126 2571 vocantur
1151 2520 1350 2590 angeli,
1378 2524 1482 2578 nisi
1513 2528 1727 2593 quando
1755 2531 2062 2586 mittuntur.

473 2599 694 2668 Angelis
718 2604 919 2659 etenim
944 2605 1133 2663 Graeco
1162 2612 1444 2674 vocabulo.
1478 2615 1671 2671 Latino
1700 2618 1902 2674 dicitur
1930 2640 2065 2678 nun-

477 2690 600 2744 tius.
636 2691 693 2745 Si
715 2695 915 2762 ([UiBl'lS
938 2713 1134 2753 nomen
1164 2711 1391 2767 naturte,
1415 2706 1637 2773 spiritus
1660 2716 1744 2762 est
1769 2726 1781 2762 :
1815 2711 1860 2764 si
1880 2711 2062 2781 cilicii,

473 2782 697 2853 angelus
725 2794 827 2839 est.
864 2786 942 2841 Ex
973 2803 1037 2844 eo
1061 2793 1205 2860 quod
1244 2795 1512 2860 subsistit,
1540 2799 1758 2867 spiritus
1783 2811 1885 2867 est,
1916 2814 1971 2859 et
1998 2823 2066 2862 ex

471 2887 537 2927 eo
568 2875 712 2944 quod
741 2877 1002 2943 mittitur,
1034 2884 1278 2952 angelus.
1314 2884 1475 2943 Verbi
1506 2892 1705 2960 gratia,
1736 2893 1877 2949 sicut
1903 2897 2065 2953 homo

472 2979 669 3019 nonen
700 2977 783 3021 est
814 2977 1053 3037 naturze,
1103 2975 1259 3030 utiles
1298 2992 1480 3033 autem
1523 2997 1721 3037 nomen
1764 2993 1848 3040 est
1881 2986 2060 3044 ollicii.

469 3054 695 3111 Dicatur
727 3067 782 3113 et
820 3060 927 3116 alio
958 3063 1157 3118 modo:
1194 3065 1381 3139 Angeli
1413 3081 1467 3125 et
1495 3073 1729 3130 ministri
1761 3076 1854 3132 Dei
1883 3080 2062 3135 omni-

470 3150 711 3215 potentis
743 3163 867 3206 sunt
899 3156 1208 3212 sacerdotes
1237 3168 1292 3212 ct
1319 3162 1530 3231 prmlati
1576 3165 1864 3235 Ecclesiae,
1904 3168 2062 3239 juxta

467 3240 611 3306 quod
645 3239 939 3300 Malacbias
973 3245 1102 3302 dicit
1127 3250 1199 3317 (ο.
1235 3249 1295 3321 ιι)
1325 3266 1339 3303 ε
1374 3250 1536 3306 Labia
1567 3257 1854 3312 sacerdotis
1884 3272 2060 3315 custo-
2091 3241 2136 3303 C

468 3330 622 3385 diunt
652 3334 945 3401 scientiam,
993 3348 1040 3391 et
1076 3337 1239 3410 legem
1270 3343 1534 3413 requirunt
1565 3361 1630 3400 ex
1657 3364 1746 3402 ore
1772 3349 1909 3420 ejus,
1937 3355 2062 3424 quia

468 3422 686 3491 angelus
708 3420 921 3478 Domini
960 3432 1283 3485 exercituum
1304 3443 1400 3487 est.
1450 3434 1776 3495 Sacerdotes
1804 3458 1932 3513 ergo
1961 3445 2063 3499 Ec—

466 3513 647 3568 clesia:
677 3516 904 3584 Spiritus
933 3527 1091 3585 sunt,
1129 3525 1346 3591 quando
1373 3527 1567 3596 gaudia
1598 3531 1789 3599 patria:
1818 3535 2060 3591 cmlestis

467 3603 580 3659 suis
611 3605 950 3662 auditoribus
985 3612 1339 3679 annuntiant,
1378 3616 1656 3674 dicentes:
1694 3620 2059 3681 Paenitentiam

466 3693 646 3762 agite:
680 3698 1114 3768 appropinquabit
1147 3704 1284 3756 enim
1317 3721 1532 3774 regnum
1561 3709 1808 3765 caelorum
1842 3713 2056 3785 (Matth.

458 3783 578 3853 ,llt)’,
606 3792 661 3838 et
683 3782 982 3856 Fulgebunt
998 3790 1134 3860 justi
1155 3792 1291 3847 sicut
1317 3795 1396 3849 sol
1413 3796 1628 3868 (Matth.
1650 3804 1788 3872 xm);
1813 3782 1867 3859 et
1888 3803 2059 3862 Erunt

465 3873 600 3927 sicut
630 3875 801 3942 angeli
830 3877 930 3932 Dei
965 3881 1020 3935 in
1049 3882 1175 3937 cato
1206 3883 1423 3954 (Matth.
1453 3890 1609 3961 χχιι).
1656 3892 1900 3950 Flamma
1930 3914 2060 3955 vero

466 3964 611 4035 ignis
639 3978 783 4036 sunt,
814 3972 1032 4040 quando
1065 3984 1328 4031 terrorem
1362 3978 1498 4049 ignis
1529 3983 1790 4052 gehenna:
1817 3988 1931 4042 suis
1963 4006 2059 4044 au-

464 4058 732 4115 ditoribus
778 4063 1086 4130 minantur,
1125 4067 1406 4123 dicentes:
1443 4070 1628 4128 Omnis
1656 4077 1817 4130 arbor
1842 4096 1946 4135 ttou
1979 4079 2059 4134 fa-

453 4148 614 4203 ciens
643 4149 872 4219 fructum
903 4153 1098 4209 bonum
1151 4158 1420 4214 excidatur
1461 4172 1510 4216 et
1538 4163 1594 4218 in
1622 4165 1794 4237 ignem
1824 4171 2059 4225 mittetur

452 4237 683 4309 ’(Mattlt.
716 4242 820 4314 ιιι).
1058 4248 1059 4251 “

516 4322 617 4381 ⁵Λι1
647 4328 845 4386 Filium
865 4345 1058 4400 autem,
1086 4341 1345 4397 subaudis
1366 4343 1497 4399 dicit
1524 4345 1811 4403 Psalmista
1837 4366 1851 4405 :
1885 4348 2055 4406 Thro-

462 4436 560 4475 nus
597 4433 717 4478 tuus
756 4425 893 4482 Dens
938 4432 991 4483 in
1032 4435 1285 4487 steculunt
1328 4436 1542 4504 swcuii,
1570 4441 1717 4511 virga
1761 4444 2053 4513 a'quitatis,

462 4505 607 4579 virga
632 4512 773 4585 regni
793 4519 889 4571 tui.
920 4518 1131 4577 Intuere
1151 4539 1421 4594 qttomono
1452 4539 1506 4585 et
1535 4546 1656 4586 cum
1681 4543 1877 4604 quanta
1901 4536 2056 4591 clari-

463 4612 573 4656 tate
597 4604 1182 4682 discernatangelicam
1206 4628 1513 4676 creaturam
1533 4638 1562 4677 a
1582 4622 1718 4679 Filio
1741 4627 1831 4695 qui
1856 4639 2051 4684 cuncta

460 4697 688 4750 creavit.
726 4696 979 4758 Tltronns
1006 4705 1210 4773 διξερε,
1238 4709 1431 4767 Latine
1462 4714 1660 4773 dicitttr
1689 4719 1847 4774 sedes
1877 4723 2047 4793 regia,

459 4787 600 4840 sicut
630 4778 686 4841 et
714 4791 929 4847 solium.
962 4795 1065 4851 Per
1092 4800 1344 4856 thronum
1378 4813 1558 4859 autem
1590 4823 1701 4863 uno
1738 4812 1897 4865 modo
1926 4827 2050 4881 pos-

458 4896 647 4936 sumus
675 4874 976 4955 intelligerc
1004 4906 1249 4960 regnum,
1277 4911 1372 4964 per
1398 4910 1670 4967 sceptrum
1695 4911 1875 4958 autem
1903 4907 2048 4974 qttod

458 4976 542 5025 est
583 4972 732 5055 virga
775 4984 977 5041 aurea,
1030 4990 1274 5062 potestas
1319 4985 1635 5058 intelligitur
1680 4994 1852 5064 regni.
1909 4972 2049 5052 Dicit

459 5079 590 5135 ergo
618 5050 1261 5153 'Psztlmista'loqttetISad
1286 5050 1612 5137 Filium-Dei
1641 5102 1653 5137 :
1689 5050 1925 5154 OVDcus,
1965 5050 2049 5147 re;

457 5150 623 5235 gnum
656 5148 817 5212 tuum
849 5144 924 5215 et.
947 5156 1186 5230 potestas
1226 5160 1438 5237 imperii
1473 5172 1548 5225 ttti
1581 5173 1631 5227 in
1663 5178 1916 5234 smculum
1947 5197 2048 5236 sa:-

459 5243 566 5325 cttli
596 5230 866 5305 manebit!
897 5250 1024 5307 Tale
1048 5252 1257 5324 quidet
1278 5230 1499 5315 dabricl
1526 5264 1656 5320 dicit
1683 5230 1757 5321 ad,
1780 5230 2041 5327 Mariam“:

458 5320 581 5407 ipse
605 5341 835 5411 regnabit
867 5334 1104 5401 in'donto
1127 5340 1292 5404 Jacob
1317 5350 1371 5405 in
1392 5366 1666 5421 (sternunt,
1686 5368 1733 5413 et
1762 5363 1905 5431 regni
1929 5364 2045 5432 ejus

459 5445 561 5484 non
582 5433 675 5486 erit
695 5432 815 5503 ﬁnis
839 5434 988 5508 (Luc.
1010 5439 1071 5510 ι).
1090 5438 1248 5498 “Ιειιιι1
1272 5454 1354 5499 est
1378 5462 1624 5518 regnum,
1653 5452 1719 5505 de
1739 5469 1850 5523 quo
1875 5456 2044 5513 turba:

459 5519 770 5581 clamabunt
821 5529 1160 5588 benedictum
1210 5537 1353 5605 quod
1403 5540 1552 5593 venit
1602 5519 1821 5614 regnum
1875 5548 2046 5618 patris

460 5617 633 5685 nostri
658 5616 855 5686 David;
882 5610 938 5677 et
960 5622 1025 5679 de
1047 5641 1154 5697 quo
1176 5622 1287 5698 ipse
1308 5628 1566 5711 Dominus
1581 5610 1753 5691 Pilato
1774 5656 1786 5692 :
1809 5610 2045 5711 Regnum

461 5717 638 5785 meum
666 5724 766 5762 non
794 5722 866 5764 est
892 5702 965 5789 ide
995 5714 1093 5783 hoc
1131 5722 1329 5774 mund)
1372 5708 1553 5794 (Joan.
1599 5729 1777 5801 XVIII).
1830 5732 2043 5794 Aliter:

464 5784 716 5853 Tlu'onus
734 5794 849 5859 Sive
867 5784 1033 5862 sedes
1040 5805 1061 5879 j
1070 5794 1403 5867 detestatum
1416 5806 1559 5871 :Soiet
1575 5806 1721 5874 esse.‘
1745 5812 1895 5880 Unde
1916 5832 1969 5880 et
1990 5825 2042 5882 in

2163 1967 2354 2039 judicii
2395 1971 2571 2039 illius,
2613 1975 2727 2029 sive
2766 1986 3007 2046 potestas
3041 1982 3191 2052 regni
3221 1982 3404 2053 justa,
3448 2002 3582 2056 qum
3617 1989 3769 2057 virga

2170 2063 2309 2134 regit
2339 2061 2515 2149 justus
2556 2066 2609 2120 in
2641 2066 2853 2136 justitia
2876 2112 2892 2135 ,
2936 2082 2992 2125 et
3040 2076 3276 2143 percutit
3307 2077 3511 2147 impios
3533 2079 3694 2149 juste
3718 2092 3769 2136 et

2169 2133 2339 2220 recte,
2384 2133 2502 2213 sine
2543 2159 2723 2231 aliqua
2764 2177 3118 2232 personarum
3161 2170 3511 2240 acceptione,
3545 2183 3771 2231 cunctos

2170 2247 2485 2319 gubernans
2512 2259 2564 2305 et
2588 2250 2860 2320 judicans.

2239 2356 2488 2412 Dilexisti
2534 2360 2796 2426 iustitiam
2842 2372 2892 2417 et
2935 2364 3093 2420 odisti
3134 2367 3492 2439 iniquitatem.
3550 2371 3663 2429 Ista
3691 2385 3770 2430 est

2171 2447 2321 2519 virga
2358 2458 2541 2515 recta,
2589 2460 2649 2506 ut
2677 2453 2929 2524 diligatur
2950 2455 3197 2525 justitia,
3238 2469 3298 2515 et
3338 2461 3466 2516 odio
3500 2463 3763 2520 habeatur

2169 2541 2446 2610 iniquitas.
2484 2541 2656 2599 Nemo
2683 2546 2826 2600 enim
2859 2547 3099 2617 perfecte
3142 2560 3323 2620 potest
3348 2553 3592 2623 diligere
3612 2555 3765 2624 justi-

2170 2634 2299 2688 tiam
2322 2675 2338 2700 ,
2374 2635 2478 2690 nisi
2508 2637 2636 2691 odio
2663 2638 2917 2694 habuerit
2949 2641 3310 2711 iniquitatem.
3357 2644 3637 2717 lniquitas
3675 2667 3766 2705 au-

2168 2734 2277 2780 tem
2305 2742 2427 2797 quae
2457 2738 2512 2783 et
2539 2732 2754 2785 anomia
2790 2733 3122 2800 nominatur,
3152 2736 3477 2811 intelligitur
3501 2744 3763 2814 quidquid

2167 2826 2358 2871 contra
2394 2816 2567 2888 legem
2607 2821 2845 2877 divinam
2908 2824 2984 2879 tit.
3038 2824 3297 2884 Veritatis
3357 2834 3573 2888 etenim
3617 2851 3764 2892 amor

2166 2909 2350 2965 odium
2390 2921 2474 2967 est
2511 2911 2783 2970 falsitatis.
2833 2915 2899 2970 Et
2929 2917 3054 2987 quia
3086 2921 3345 2977 Dominus
3374 2924 3580 2981 dilexit
3606 2926 3761 2995 justi-

2167 3005 2317 3071 tiam,
2349 3008 2478 3075 quia
2508 3022 2615 3062 non
2646 3011 2911 3078 peccavit,
2940 3019 2995 3065 et
3020 3012 3146 3066 odio
3173 3013 3359 3068 habuit
3387 3016 3763 3086 iniquitatem,

2165 3098 2295 3166 quid
2341 3100 2552 3168 pratmii
2597 3100 2859 3155 meruerit
2903 3103 3182 3173 percipere
3221 3108 3482 3175 exponit.
3531 3112 3757 3166 dicens:

2169 3183 2457 3257 Propterea
2480 3190 2630 3244 unxit
2654 3200 2703 3245 te
2724 3191 2890 3258 Deus,
2927 3194 3067 3247 Deus
3094 3206 3215 3250 tuus
3243 3197 3357 3252 oleo
3387 3201 3759 3258 exsultationis

2164 3293 2276 3346 prae
2330 3279 2671 3349 participibus
2721 3283 2843 3337 tuis.
2901 3282 3186 3340 Psalmista
3234 3288 3537 3359 alloquitur
3566 3293 3755 3350 Filium

2162 3371 2281 3437 Dei,
2311 3380 2367 3428 et
2395 3374 2525 3429 dicit
2550 3393 2562 3429 :
2599 3375 2643 3431 Ο
2677 3377 2840 3442 Deus,
2873 3382 3032 3436 unxit
3062 3391 3115 3437 te
3149 3385 3289 3439 Dens
3320 3385 3489 3442 Pater
3513 3389 3639 3445 oleo
3664 3406 3756 3446 ex-

2162 3459 2492 3517 sultationis.
2514 3474 2796 3534 propterea
2820 3470 2945 3537 quia
2970 3472 3095 3526 odio
3119 3474 3358 3530 habuisti
3385 3476 3755 3548 iniquitatem,

2161 3556 2217 3603 et
2256 3549 2489 3606 dilexisti
2533 3551 2822 3620 iustitiam.
2877 3557 2992 3614 Non
3033 3576 3166 3631 ergo
3213 3574 3298 3619 est
3347 3567 3755 3638 intelligendum

2161 3641 2302 3708 quod
2334 3640 2503 3696 Filius
2532 3642 2658 3703 Dei.
2700 3649 2994 3702 secundum
3033 3661 3284 3706 naturam
3314 3655 3651 3721 divinitatis,
3701 3660 3751 3715 in

2160 3750 2268 3805 qua
2294 3735 2520 3803 aequalis
2545 3745 2626 3792 est
2656 3738 2820 3799 Patri.
2848 3743 3019 3810 possit
3046 3743 3211 3798 Deum
3240 3746 3470 3813 habere,
3492 3752 3624 3820 quia
3648 3753 3756 3821 ipso

2161 3838 2281 3877 cum
2314 3823 2476 3880 Patre
2506 3835 2561 3880 et
2591 3826 2796 3896 Spirittt
2828 3839 3018 3887 sancto
3043 3849 3206 3889 verus
3233 3845 3319 3890 est
3351 3838 3530 3918 Dens;
3552 3841 3755 3897 Secun-

2160 3914 2287 3969 dttm
2332 3924 2515 3971 autem
2563 3922 2706 3988 quod
2758 3920 2921 3977 homo
2967 3932 3086 3986 est,
3143 3924 3323 3989 Deum
3345 3914 3567 3985 Patreiu
3600 3934 3757 3989 habet

2160 4002 2353 4071 D'entn,
2368 4008 2493 4077 quia
2511 4009 2578 4063 ab
2595 4008 2683 4063 illo
2704 4024 2788 4066 est
2808 4010 3005 4077 factus,
3026 4015 3254 4086 ideoque
3274 4019 3404 4074 dicit
3429 4021 3749 4081 Psalmists:

2161 4096 2325 4152 Unxit
2354 4108 2402 4154 te
2437 4099 2598 4167 Deus,
2637 4102 2782 4158 Deus
2815 4114 2937 4159 tuus
2967 4106 3079 4162 oleo
3112 4108 3287 4177 (Psal.
3318 4114 3493 4185 xuv).
3548 4117 3752 4175 Ductus

2159 4199 2243 4244 est
2270 4190 2520 4248 Christus
2549 4212 2653 4249 non
2683 4197 2805 4251 oleo
2835 4198 3056 4264 visibili,
3086 4205 3180 4258 sed
3209 4204 3552 4273 plenitudine
3584 4212 3783 4288 Spirig‘

2161 4288 2247 4334 tus
2273 4283 2467 4346 sancti,
2494 4285 2583 4351 qui
2612 4285 2697 4340 die
2723 4286 2975 4357 baptismi
3008 4291 3060 4345 in
3093 4294 3274 4362 specie
3299 4297 3569 4355 columba:
3593 4318 3751 4372 super

2158 4384 2281 4424 eum
2315 4374 2609 4441 requievit,
2656 4392 2755 4432 nec
2784 4394 2852 4433 ex
2886 4389 3129 4451 tempore
3168 4386 3514 4455 baptismatis
3543 4394 3747 4449 solum-

2159 4465 2320 4519 modo
2350 4466 2629 4535 plenitudo
2670 4469 2906 4540 Spiritus
2949 4476 3123 4529 sancti
3165 4477 3216 4530 itt
3259 4494 3326 4533 eo
3369 4485 3622 4540 mansit:
3660 4488 3745 4541 sed

2158 4556 2339 4623 potius
2367 4572 2434 4610 ex
2466 4567 2709 4628 tempore
2750 4566 3155 4634 conceptionis,
3198 4568 3357 4638 juxta
3399 4575 3545 4641 quod
3590 4578 3749 4632 Isaias

2155 4646 2417 4718 loquitur,
2453 4651 2679 4707 dicens:
2718 4652 3020 4726 Requiescet
3060 4676 3216 4730 super
3243 4678 3363 4716 eum
3391 4666 3613 4734 spiritus
3643 4669 3748 4723 Do-

2154 4739 2301 4800 mini,
2328 4740 2545 4808 spiritus
2566 4744 2836 4813 sapientia:
2867 4758 2914 4800 et
2946 4749 3258 4819 intellectus,
3290 4756 3512 4820 spiritus
3542 4762 3751 4815 consilii

2150 4838 2199 4882 et
2228 4829 2576 4898 fortitudinis,
2603 4836 2819 4903 spiritus
2845 4840 3076 4893 scientia!
3101 4852 3149 4895 et
3173 4844 3404 4912 pietatis.
3434 4850 3751 4923 replebitqu

2149 4937 2266 4974 eum
2310 4924 2525 4992 spiritus
2565 4927 2769 4983 timoris
2816 4930 3025 4987 Domini
3063 4933 3200 5005 (Isa.
3232 4936 3332 5009 xx).
3387 4938 3524 4997 Oleo
3564 4955 3747 4999 autem

2148 5013 2531 5070 exsultationis
2573 5032 2666 5072 seu
2706 5019 2906 5077 laetitiae
2936 5024 3067 5078 dicit
3109 5025 3257 5081 illum
3306 5039 3571 5094 unctum,
3620 5037 3748 5105 quia

2148 5100 2398 5158 Christus
2426 5105 2517 5175 qui
2551 5122 2825 5178 nunquam
2860 5115 3126 5181 peccavit,
3156 5134 3433 5188 nunquam
3463 5100 3745 5179 tristitiam

2150 5186 2341 5252 habuit
2376 5214 2441 5253 ex
2483 5203 2857 5259 recordatione
2893 5211 3121 5277 peccati.
3159 5186 3301 5278 Quid
3331 5226 3415 5270 est
3441 5218 3592 5273 enim
3625 5220 3745 5277 oleo

2146 5286 2348 5344 lctitia:
2396 5292 2561 5361 ungi,
2614 5294 2717 5350 nisi
2766 5300 2970 5365 peccati
3022 5304 3289 5360 maculam
3336 5324 3445 5363 non
3491 5311 3749 5368 habere?

2149 5375 2472 5435 Sanctorum
2501 5383 2701 5438 ctenim
2733 5390 3065 5446 conscientia
3100 5404 3229 5451 tunc
3262 5400 3439 5468 magis
3468 5416 3537 5457 ac
3569 5406 3741 5475 magis

2151 5466 2449 5535 bilarcscit,
2466 5480 2629 5542 atque
2650 5474 2703 5528 in
2726 5475 2966 5533 laetitiam
2992 5484 3163 5551 magis
3183 5466 3508 5558 prorumpit,
3523 5466 3739 5568 quantist
3760 5554 3765 5568 ἶ

2153 5559 2295 5618 nulla
2325 5566 2530 5632 peccati
2564 5569 2832 5636 gravioris
2863 5575 3234 5631 recordatione
3264 5559 3567 5638 mordetur.
3617 5559 3765 5648 Sui:

2156 5640 2294 5698 ritus
2318 5644 2532 5714 quidem
2561 5660 2782 5707 sanctus
2805 5656 2895 5724 qui
2921 5660 3182 5729 requievit
3206 5665 3260 5720 in
3288 5668 3528 5740 Christo,
3558 5640 3735 5734 cosio-

2154 5730 2287 5786 divit
2326 5732 2496 5802 illum,
2530 5746 2587 5792 ct
2627 5740 2745 5796 sine
2775 5758 2996 5831 peccato
3024 5754 3425 5825 conciperetur,
3449 5730 3571 5820 sine
3604 5784 3732 5838 pec-

2127 5815 2271 5880 "cato
2292 5826 2628 5898 nasceretur,
2652 5842 2704 5888 et
2724 5836 2841 5893 sine
2861 5826 3065 5909 peccati
3087 5847 3293 5905 macula
3316 5852 3384 5908 ab
3407 5854 3508 5911 hoc
3532 5815 3729 5916 morndo
