3974 6440
468 429 604 486 835

968 417 1317 478 ΙΙΑΫΜΟΝὲδ
1350 411 1828 482 HALBERSTAT.
1869 408 2083 467 EPISC.

2205 407 2289 463 ’P.‘
2317 405 2495 464 PARS
2533 407 2575 462 l.
2607 435 2676 447 -ο
2711 402 3069 462 ΟΟΜΜΕΝΤ.
3110 402 3278 458 BIBL.

3673 404 3786 464 836

499 541 765 612 Quoniam
793 536 980 594 visitas
1015 548 1182 605 genus
1213 532 1509 584 humanum
1543 541 1642 595 per
1681 524 1873 580 Filium
1903 532 2072 581 tuum,
2105 522 2152 581 Α
2180 520 2386 585 adoret,
2416 529 2470 574 et
2499 520 2713 596 hocest
2735 519 2876 588 quod
2908 518 3023 588 ipse
3053 527 3177 588 post
3207 519 3634 574 resurrectionis
3663 521 3788 590 glo-

488 644 557 689 -et
580 640 835 704 perpetuo
862 628 1072 694 largiris
1090 622 1372 681 beneﬁcia.
1404 634 1508 672 non
1535 626 1618 672 est
1639 617 1891 671 meritum
1917 613 2082 679 illius,

455 768 459 772 τ
505 703 596 778 sed
625 732 711 774 tua
735 717 928 788 gratia,
970 715 1192 782 ideoque
1240 709 1504 772 subsistit,
1529 708 1656 776 quia
1679 722 1707 757 a
1736 713 1787 758 te
1818 703 2084 757 visitatur.

507 811 753 876 visitatio
781 808 847 860 ad
875 805 1137 860 medicum
1167 810 1220 858 et
1246 809 1504 870 a'grolum
1545 797 1797 867 pertinet.
1826 792 1957 846 Nam
2005 791 2088 844 vi-

2187 611 2321 666 riam
2349 625 2616 680 apparens
2641 608 2920 678 discipulis
2938 609 3052 663 suis
3073 609 3208 662 dixit
3237 610 3316 664 eis
3345 628 3358 663 :
3384 609 3525 662 Data
3549 622 3634 664 est
3655 613 3787 667 mihi

2187 704 2352 756 omnis
2377 713 2604 772 potestas
2627 702 2680 756 in
2709 701 2835 756 calo
2858 710 2908 753 et
2939 703 2993 755 in
3021 711 3162 754 terra
3189 700 3402 770 (Matth.
3445 705 3684 772 xxvm).
3721 702 3787 758 In

2187 810 2247 846 eo
2273 796 2410 846 enim
2430 792 2568 862 quod
2591 793 2765 845 omnia
2788 794 2833 846 ei
2857 793 3106 862 subjecit,
3138 793 3268 846 nihil
3295 794 3493 847 dimisit
3523 812 3640 848 non
3662 798 3786 849 sub-

506 899 774 957 sitationis
803 896 1037 950 ollicium
1071 895 1266 946 dicitur
1311 889 1550 944 medicus
1593 885 1837 954 implere,
1879 881 2090 950 quando
2181 884 2376 954 jectum
2404 887 2470 937 ei.
2496 883 2551 936 lu
2573 899 2660 946 eo,
2694 885 2851 937 idest
2881 885 2933 937 in
2964 886 3068 939 hoc
3090 886 3229 939 dono
3262 885 3343 939 vel
3371 884 3534 948 facto,
3562 888 3787 955 quodei

506 993 573 1044 ad
601 991 872 1042 inlirmum
902 983 1206 1055 quempiam
1242 979 1556 1050 ingreditur.
1591 977 1652 1030 Et
1699 989 1866 1045 genus
1904 973 2092 1024 huma-

509 1099 659 1146 num,
705 1080 849 1150 quod
898 1078 1168 1132 inlirmum
1205 1070 1602 1138 ctlanguidum
1644 1076 1783 1129 erat,
1828 1065 1968 1118 Deus
1992 1061 2094 1116 Pa-

509 1184 593 1228 ter
627 1183 753 1225 tunc
792 1168 1053 1228 visitavit,
1103 1165 1316 1234 quando
1360 1161 1505 1214 misit
1541 1159 1735 1212 Filium
1789 1170 1961 1213 suum,
2005 1150 2093 1222 qui

453 1315 465 1323 ,
524 1262 744 1317 Verbum
769 1276 893 1311 caro
917 1257 1115 1326 factum
1137 1266 1208 1306 est
1234 1262 1279 1305 et
1307 1249 1553 1302 habitarit
1575 1249 1625 1299 in
1651 1245 1795 1298 nobis
1821 1242 2090 1313 (10mm):

511 1357 578 1410 de
606 1370 710 1424 qua
739 1349 1048 1405 visitatione
1076 1347 1206 1400 dicit
1241 1345 1400 1398 etiam
1443 1340 1732 1392 Zacharias
1775 1345 1926 1405 pater
1955 1330 2094 1386 beati

510 1422 735 1504 Joannis
757 1443 1038 1511 Baptistae:
1059 1439 1226 1492 Visita
1239 1437 1311 1488 \‘it
1334 1449 1430 1487 nos
1447 1433 1636 1486 Oriens
1658 1446 1722 1483 ex
1741 1429 1848 1481 alto
1862 1425 2009 1496 (Luc.
2029 1422 2092 1492 ι),

513 1538 729 1608 quidam
761 1536 1008 1588 doctores
1030 1531 1130 1582 hoc
1155 1527 1294 1596 quod
1318 1526 1449 1577 dicit
1475 1540 1486 1574 :
1516 1521 1654 1586 Quid
1691 1529 1762 1572 est
1786 1519 1938 1570 homo
1956 1513 2093 1585 quod

513 1607 714 1684 memor
756 1644 809 1680 es
849 1625 980 1694 ejus,
1008 1631 1096 1674 aut
1131 1618 1302 1671 Filius
1349 1615 1595 1678 hominis,
1637 1612 1881 1682 quoniam
1917 1607 2094 1660 visita:

513 1720 674 1775 eum?
710 1727 877 1772 totum
912 1712 1147 1768 referunt
1182 1710 1246 1764 ad
1279 1723 1446 1777 genus
1475 1707 1792 1764 lnuuanum,
1825 1701 1926 1754 hoc
1967 1710 2095 1751 vero

517 1812 658 1881 quod
696 1808 960 1877 sequitur,
989 1803 1226 1858 referunt
1248 1797 1592 1853 concorditer
1629 1794 1695 1846 ad
1725 1791 2019 1862 Christum.

2191 974 2370 1028 omnia
2401 973 2648 1042 subjecit,
2687 989 2785 1028 nec
2810 975 3053 1029 coelestia
3079 977 3292 1029 videtur
3325 978 3647 1046 excepisse,
3695 994 3790 1032 nec

2195 1069 2505 1130 terrestria,
2529 1076 2587 1120 ut
2614 1068 2821 1122 diceret
2861 1077 3057 1136 praeter
3083 1068 3380 1136 angelicam
3424 1079 3786 1124 creaturam:

2192 1161 2286 1215 sed
2311 1162 2384 1214 ita
2413 1160 2695 1222 conclusit,
2731 1161 2916 1216 dicens
2956 1179 2968 1215 :
3017 1160 3212 1216 Omnia
3255 1161 3486 1230 subjecit
3516 1164 3594 1218 ei.
3640 1163 3791 1217 Non:

2194 1262 2365 1306 autem
2399 1253 2617 1306 necdum
2659 1253 2890 1306 videmus
2931 1254 3107 1306 omnia
3150 1253 3385 1322 subjecta
3425 1255 3498 1307 ei.
3533 1255 3691 1320 Quid
3715 1264 3791 1307 est

2194 1345 2335 1413 quod
2360 1344 2547 1397 beatus
2568 1343 2856 1411 Apostolus
2892 1342 3153 1410 loquitur,
3201 1359 3327 1396 nam
3368 1358 3492 1397 cum
3534 1345 3789 1407 dixisset.

2195 1433 2375 1488 omnia
2424 1432 2664 1501 subjecta
2693 1449 2814 1488 esse
2848 1432 3086 1496 Christo,
3133 1435 3313 1488 statim
3345 1435 3687 1499 subintulit,
3714 1437 3789 1490 di-

2196 1540 2324 1578 cens
2353 1541 2364 1576 :
2395 1523 2546 1578 Nunc
2571 1534 2752 1579 autem
2776 1525 3005 1579 necdum
3051 1525 3294 1579 videmus
3323 1528 3513 1580 omnia
3543 1526 3790 1594 subjecta

2197 1616 2246 1669 ei
2277 1617 2299 1668 ?
2327 1616 2371 1670 si
2415 1617 2592 1670 omnia
2631 1625 2758 1670 sunt
2803 1616 2851 1669 ei
2895 1616 3158 1685 subjecta,
3201 1619 3476 1686 quomodo
3508 1634 3627 1671 non
3680 1629 3792 1672 sunt

2195 1705 2473 1773 subjecta?
2495 1705 2591 1759 int:
2612 1705 2899 1775 lligendum
2921 1715 3147 1776 estergo
3163 1708 3264 1761 hoc
3277 1709 3434 1762 modo
3459 1717 3521 1761 nt
3542 1710 3791 1778 superius

2199 1795 2289 1848 ubi
2321 1795 2458 1848 dixit
2488 1813 2500 1848 :
2535 1793 2677 1848 Nihil
2701 1794 2906 1847 dimisit
2932 1810 3038 1848 non
3067 1794 3365 1862 subjectum
3396 1797 3474 1859 ei,
3514 1808 3578 1850 ut
3608 1799 3791 1851 intelli-

591 1903 830 1956 Minuisti
869 1915 985 1951 eum
1009 1894 1167 1966 paulo
1194 1893 1367 1944 minus
1395 1888 1458 1940 ab
1481 1886 1699 1956 angelis.
1743 1882 1846 1936 Per
1869 1889 2096 1934 mortem
2126 1884 2172 1943 B
2199 1901 2388 1954 gamus
2429 1885 2788 1939 universalem
2848 1884 3240 1952 subiectionem
3284 1896 3339 1940 et
3385 1889 3786 1952 voluntariam.

517 1993 761 2062 corporis
791 1997 846 2043 et
865 1985 1156 2057 Opprobria
1189 1980 1477 2052 passionis,
1501 1978 1764 2031 minorem
1809 1970 1935 2025 fecit
1961 1969 2099 2022 Deus

521 2059 687 2142 Pater
713 2081 909 2136 Filium
933 2091 1099 2130 suum
1129 2073 1352 2142 angelis,
1392 2071 1481 2139 qui
1530 2065 1820 2121 secundmn
1851 2059 2101 2115 divinita-

519 2187 630 2232 tem
676 2171 898 2242 a‘qualis
926 2170 974 2223 ei
1013 2176 1127 2221 erat
1163 2166 1214 2219 in
1261 2159 1648 2231 omnipotentia
1696 2155 1930 2216 deitatis,
1973 2151 2100 2221 quia

522 2264 696 2334 angeli
725 2257 1053 2316 immortales
1073 2267 1127 2311 et
1151 2251 1504 2324 impassibilcs
1527 2248 1783 2303 existunt.
1810 2243 2102 2297 Minoratus

524 2332 613 2410 est
640 2361 818 2407 autem
843 2366 948 2404 non
975 2347 1318 2407 necessitate,
1345 2341 1438 2396 sed
1480 2345 1775 2408 spontanea
1805 2332 2100 2397 voluntate,

521 2447 662 2501 sicut
690 2445 830 2498 idem
883 2438 1172 2509 Apostolus
1208 2436 1339 2489 alias
1374 2433 1492 2486 ait:
1531 2428 1633 2495 Qui
1677 2442 1794 2480 cum
1842 2426 1896 2478 in
1930 2424 2103 2493 [arma

529 2537 628 2592 Dei
663 2544 813 2595 esset,
845 2550 949 2586 non
988 2531 1225 2600 rapinam
1265 2526 1548 2579 arbitratus
1579 2530 1652 2575 est
1695 2536 1802 2573 esse
1831 2535 1884 2572 se
1920 2534 2101 2587 (equa-

523 2628 625 2682 lem
647 2627 770 2688 Deo,
788 2625 876 2679 sed
893 2624 1219 2689 semetipsum
1246 2616 1551 2674 exinanivit,
1569 2613 1792 2682 formam
1817 2610 1952 2664 servi
1967 2608 2106 2662 acci-

526 2719 696 2788 piens,
726 2717 995 2784 {actusque
1025 2722 1098 2764 est
1128 2710 1370 2762 obediens
1399 2704 1550 2757 Patri
1581 2719 1741 2772 usque
1769 2700 1838 2754 ad
1865 2710 2102 2765 mortem,

527 2818 743 2861 mortem
771 2815 942 2858 autem
968 2804 1138 2855 crucis
1181 2799 1398 2869 (Philip.
1435 2796 1519 2866 ιι).
1574 2795 1650 2848 Ex
1683 2809 1745 2848 ea
1777 2793 1921 2848 enim
1953 2800 2108 2861 parte

528 2911 634 2966 qua
665 2895 801 2949 mori
829 2893 1000 2962 potuit
1021 2892 1246 2946 Creator
1269 2887 1602 2958 angelorum,
1631 2885 1809 2937 minor
1835 2881 2006 2936 lactus
2028 2888 2110 2934 est

529 2987 753 3058 angelis.
787 2985 928 3040 Bene
957 2992 1134 3037 autem
1164 2981 1298 3035 dixit
1323 2979 1480 3049 paulo
1505 2977 1684 3030 ominus
1718 2984 1772 3030 et
1800 2975 1844 3028 si
1886 2972 2112 3028 mortale

481 3149 484 3151 Α
527 3095 724 3150 corpus
737 3077 1056 3146 assumpsit:
1083 3073 1286 3143 peccati
1305 3083 1481 3125 tamen
1499 3067 1757 3122 maculam
1775 3064 2110 3126 nonhahuit;

527 3168 696 3240 gloria
726 3177 773 3221 et
799 3168 997 3219 honore
1026 3162 1286 3217 coronasti
1318 3177 1454 3214 eum.
1478 3157 1762 3212 Psalmista
1787 3155 2026 3222 loquitur
2045 3151 2112 3205 ad

2201 1974 2409 2029 scilicet
2430 1989 2526 2043 per
2550 1974 2729 2040 ﬁdem,
2775 1983 2830 2028 et
2854 1976 3230 2038 necessariam,
3251 1993 3354 2045 qua
3381 1978 3607 2047 cogitur
3627 1981 3790 2033 omnis

2204 2072 2453 2118 creatura
2475 2064 2716 2132 subjecta
2744 2079 2864 2120 esse
2886 2080 2983 2119 suo
3005 2064 3273 2119 Creatori.
3308 2065 3408 2119 Hic
3430 2081 3568 2120 vero
3595 2068 3694 2120 ubi
3720 2069 3787 2121 di-

2204 2154 2347 2207 citur
2371 2193 2386 2218 ,
2420 2152 2658 2208 Necdum
2688 2154 2933 2209 videmus
2967 2157 3145 2208 omnia
3172 2155 3414 2224 subjecta
3444 2157 3500 2208 ei
3521 2197 3538 2219 ,
3565 2165 3790 2210 tantum-

2205 2244 2364 2298 modo
2390 2244 2455 2298 de
2479 2243 2780 2298 voluntaria
2831 2244 3168 2314 subiectione
3210 2246 3464 2315 accipere
3496 2247 3786 2300 debemus:

2206 2334 2295 2402 qui
2343 2350 2440 2404 per
2470 2334 2628 2389 ﬁdem
2677 2344 2891 2389 constat
2932 2351 3038 2404 qua
3073 2335 3124 2388 in
3154 2350 3277 2388 eum
3317 2339 3556 2392 credere
3587 2339 3788 2392 nolunt.

2209 2427 2343 2494 Quia
2376 2427 2518 2481 enim
2546 2435 2672 2480 tunc
2702 2427 2960 2496 temporis
2999 2428 3213 2496 quando
3253 2428 3558 2497 Apostolus
3586 2430 3693 2482 ista
3731 2431 3793 2482 la-

2209 2517 2506 2585 quebatur,
2538 2516 2812 2585 Evangelii
2857 2517 3084 2570 necdum
3128 2518 3438 2586 praedicatio
3486 2534 3592 2587 per
3643 2528 3794 2573 totum

2208 2608 2466 2662 n‘undum
2495 2608 2768 2678 divulgata
2793 2618 2930 2673 erat,
2978 2610 3314 2677 necdmnque
3342 2623 3549 2664 onlnes
3595 2612 3793 2679 praade-

2211 2696 2394 2750 stinati
2422 2697 2488 2750 ad
2509 2697 2676 2748 vitam
2706 2687 3022 2760 credebant,
3047 2708 3193 2752 recte
3212 2699 3384 2752 dixit:
3411 2698 3664 2753 Necdum
3690 2711 3796 2754 sunt

2212 2786 2262 2839 ei
2289 2785 2471 2838 oumia
2500 2784 2759 2852 subjecta,
2787 2796 2841 2840 et
2866 2802 2970 2840 non
2998 2787 3168 2841 solum
3205 2796 3351 2852 tunc,
3382 2789 3484 2842 sed
3517 2790 3685 2844 etiam
3717 2791 3795 2845 ad-

2214 2877 2320 2932 huc
2346 2893 2534 2931 omnes
2562 2877 2924 2945 praedestinati
2956 2894 3060 2932 non
3085 2880 3332 2932 credunt.

2286 2964 2422 3018 Eum
2473 2975 2644 3018 autem
2683 2967 2774 3036 qui
2817 2967 3078 3018 modicum
3111 2980 3267 3036 quam
3308 2968 3496 3036 angeli
3518 2969 3796 3022 minantis

2217 3065 2314 3120 est,
2357 3055 2587 3108 videmus
2611 3054 2790 3108 Iesum
2811 3066 3017 3125 propter
3042 3056 3334 3124 passionem
3360 3049 3554 3111 mortis
3579 3060 3738 3128 gloria
3756 3069 3797 3112 et

2219 3144 2414 3198 honore
2429 3155 2757 3197 coronatum.
2775 3143 2872 3198 Hic
2889 3155 3070 3213 aperte
3093 3144 3404 3198 manifestat
3421 3147 3554 3214 quia
3574 3148 3734 3216 gloria
3752 3155 3799 3202 et

527 3236 698 3314 Deum
725 3256 942 3310 Patrem
971 3255 1036 3308 de
1059 3253 1364 3307 humilitate
1398 3258 1453 3304 et
1483 3247 1809 3302 exultatione
1837 3243 1958 3296 Filii
1983 3241 2100 3305 Dei,
2130 3245 2174 3308 C
2207 3238 2379 3292 honor
2395 3236 2593 3292 Christi
2609 3253 2740 3290 crux
2755 3237 2871 3304 ejus
2893 3236 3018 3300 fuit,
3041 3253 3138 3307 pro
3155 3253 3258 3306 qua
3279 3238 3558 3292 modicum
3583 3241 3796 3292 minora-

529 3349 715 3404 dicens
745 3365 758 3399 :
785 3344 1042 3405 Minuisti,
1063 3343 1255 3410 inquit,
1278 3339 1482 3391 Filium
1504 3347 1651 3389 tuum
1672 3334 1830 3405 paulo
1851 3334 2025 3386 minus
2048 3331 2112 3384 ab

531 3437 754 3507 angelis,
802 3435 927 3487 dum
976 3447 1099 3487 eum
1131 3429 1412 3484 mortalem
1458 3427 1677 3488 creasti,
1730 3425 1822 3478 sed
1867 3423 1991 3491 quia
2028 3421 2116 3476 ille

531 3527 792 3581 obediens
815 3523 908 3575 tibi
933 3521 1138 3576 exstitit
1173 3535 1340 3587 usque
1362 3518 1427 3572 ad
1466 3525 1718 3579 mortem,
1741 3513 1909 3584 gloria
1930 3523 1984 3567 et
2015 3513 2116 3566 ho-

535 3631 667 3671 nore
688 3613 960 3668 coronasti
981 3627 1123 3664 enni.
1143 3611 1271 3664 Tale
1299 3619 1382 3663 est
1405 3607 1531 3661 illud
1561 3607 1702 3676 quod
1729 3605 2019 3674 Apostolus
2038 3605 2119 3657 di-

537 3706 614 3761 cit
629 3706 681 3758 in
702 3704 807 3758 alio
829 3703 972 3757 loco:
995 3701 1215 3769 Propter
1235 3701 1373 3770 quod
1394 3709 1439 3752 et
1465 3697 1600 3750 Deus
1622 3696 1863 3750 exultavit
1886 3695 2050 3758 illum,
2069 3703 2116 3748 et

537 3797 758 3852 donauit.
778 3794 857 3849 illi
882 3810 1066 3856 nomen
1104 3794 1240 3862 quod
1285 3803 1358 3847 est
1399 3807 1553 3860 super
1575 3806 1724 3843 omne
1751 3803 1956 3852 nomen,
1986 3796 2040 3839 ut
2064 3787 2120 3840 in

538 3888 747 3942 nomine
791 3885 914 3946 Jesu
953 3900 1100 3938 omne
1122 3900 1255 3952 genu
1297 3885 1558 3950 ﬂectatur,
1601 3879 1917 3943 caelestium,
1961 3888 2120 3931 terre-

535 3977 748 4040 striam,
774 3986 821 4028 et
849 3975 1194 4044 infernarum.
1225 3973 1412 4041 (lbid.)
1457 3973 1639 4028 Gloria
1669 3986 1798 4042 ergo
1835 3969 2119 4027 coronavit

457 4135 482 4140 ,ν
535 4067 688 4122 illum
711 4065 1042 4138 .DeusgPater
1067 4066 1118 4122 in
1166 4064 1581 4138 resurrectione,
1625 4063 1828 4118 honore
1855 4071 2033 4116 autem
2062 4061 2117 4114 in

445 4219 452 4236 ε
485 4223 488 4228 ,
521 4158 855 4236 ascensione
879 4157 1094 4228 quando
1114 4156 1527 4225 quadragesimo
1571 4153 1657 4216 die
1706 4150 2117 4216 resurrectionis

501 4231 656 4322 “sua:
675 4249 1106 4324 exaltavitillum
1133 4264 1292 4317 super
1312 4263 1530 4304 onmem
1557 4255 1880 4302 creaturam.
1911 4243 2078 4296 Aliter
2101 4260 2115 4296 :

534 4341 738 4416 Glpria.
760 4349 1048 4414 coronatus
1075 4349 1158 4394 est
1192 4337 1615 4417 in,mu|titudinc
1646 4333 2006 4396 credentium,
2027 4332 2120 4396 ,νὶ-

542 4413 744 4502 delicat,
771 4449 897 4508 cum
923 4413 1487 4507 posgreSiirrcctioriis
1535 4428 1886 4495 triumphum,
1925 4423 2120 4504 credu-

447 4585 450 4587 Α
537 4525 754 4592 litatetn
780 4507 1157 4594 totiusmumli
1184 4523 1235 4576 in
1261 4524 1362 4588 hoc
1391 4519 1536 4590 quod
1570 4519 1730 4576 hoino
1763 4525 1847 4572 est
1881 4515 2116 4583 accepit,

2219 3341 2304 3386 tus
2325 3340 2408 3385 est
2438 3333 2506 3385 ab
2549 3329 2755 3400 angelis
2781 3330 3058 3384 moriendo
3085 3345 3182 3398 pro
3209 3339 3396 3383 nostra
3425 3329 3626 3383 salute.
3663 3330 3797 3386 Unde

2218 3433 2272 3479 et
2309 3422 2596 3494 Apostolus
2639 3422 2766 3475 alihi
2788 3438 2911 3476 eum
2946 3422 3213 3486 dixisset,
3247 3422 3422 3490 factus
3458 3423 3700 3475 obediens
3728 3433 3800 3476 est

2217 3515 2366 3570 Patri
2395 3531 2553 3584 usque
2575 3513 2643 3566 ad
2668 3523 2910 3578 mortem,
2928 3513 3143 3566 mortem
3187 3523 3359 3566 autem
3387 3514 3588 3575 crucis,
3635 3515 3798 3566 statim

2218 3607 2540 3660 subsecutus
2565 3615 2668 3668 est,
2693 3606 2879 3659 dicens
2909 3623 2922 3658 :
2953 3603 3179 3674 PrOpter
3199 3605 3338 3674 quod
3360 3615 3410 3658 et
3438 3605 3584 3658 Deus
3617 3607 3797 3658 exalto-

2218 3704 2288 3758 vit
2313 3701 2482 3766 illum,
2505 3711 2549 3753 et
2577 3700 2718 3752 dedit
2749 3699 2826 3752 illi
2854 3715 3039 3752 nomen
3061 3699 3201 3768 quod
3236 3708 3308 3751 est
3337 3715 3495 3767 super
3540 3715 3690 3751 omne
3715 3714 3795 3749 no-

2219 3809 2355 3857 men,
2387 3801 2493 3846 etc.
2525 3790 2614 3846 Sic
2650 3790 2813 3844 etiam
2842 3791 2962 3858 ipse
3009 3790 3276 3844 Dominus
3307 3792 3652 3859 provocabat
3688 3804 3794 3858 apo»

2219 3881 2386 3937 stolos
2419 3882 2601 3935 dicens
2628 3899 2640 3934 :
2676 3891 2734 3934 ut
2770 3879 3099 3949 glorificetur
3131 3879 3168 3933 F
3178 3880 3298 3934 ilius
3328 3881 3591 3934 Ιιοιῐιίιιὶε.
3627 3880 3727 3934 Sed

2220 3977 2310 4032 ille
2335 3976 2428 4045 qui
2457 3977 2714 4030 Dominus
2760 3985 2845 4032 est
2889 3989 2953 4028 ea
3002 3991 3122 4044 qua:
3152 3991 3250 4045 pro
3278 3975 3455 4029 servis
3497 3991 3691 4044 passus
3727 3985 3796 4027 est

2219 4067 2448 4138 gloriam
2480 4076 2662 4132 vocat,
2719 4067 2887 4122 multo
2921 4067 3091 4136 magis
3118 4076 3171 4120 tu
3211 4067 3371 4120 homo
3416 4082 3543 4134 quae
3577 4084 3672 4137 pro
3712 4068 3797 4122 Do-

2189 4210 2194 4224 ,
2220 4160 2367 4215 mino
2388 4160 2612 4231 pateris,
2657 4159 2750 4214 tibi
2780 4159 2847 4212 ad
2873 4159 3099 4228 gloriam
3125 4158 3516 4226 sempiternam
3544 4160 3798 4228 pertinere

2205 4264 2332 4318 .non
2357 4249 2608 4304 dubitare
2635 4248 2817 4302 debes.
2842 4246 2997 4309 Eum,
3025 4246 3223 4316 inquit,
3245 4245 3430 4300 Jcsum
3457 4248 3708 4301 videmus
3725 4263 3797 4299 eo-

2221 4349 2471 4419 ronatum
2488 4354 2594 4394 non
2613 4338 2782 4392 oculis
2797 4338 3094 4407 corporeis,
3113 4338 3204 4393 sed
3227 4338 3398 4392 oculis
3423 4341 3628 4393 mentis
3653 4359 3665 4393 :
3689 4340 3795 4392 dum

2209 4431 2380 4504 sedet
2413 4433 2467 4488 in
2497 4431 2830 4500 plenitudine
2851 4431 3430 4500 paternzemajestatis,
3453 4441 3506 4483 ut
3527 4433 3698 4500 gratia
3719 4430 3795 4483 Dei

2221 4540 2315 4596 pro
2347 4525 2586 4578 Omnibus
2607 4533 2835 4592 gustaret
2878 4533 3113 4576 mortem.
3158 4523 3346 4577 Gratia
3385 4523 3484 4578 Dei
3521 4523 3697 4579 Patris
3723 4542 3798 4593 δρ-

538 4619 752 4688 honore
788 4623 967 4696 autem
1007 4613 1059 4666 in
1108 4612 1448 4668 confessione
1488 4595 1726 4678 paternae
1775 4606 2112 4682 majestatis,
2143 4609 2195 4676 ι)
2221 4595 2450 4684 pellatur
2476 4613 2666 4676 Filius,
2692 4628 2756 4666 eo
2785 4613 2926 4680 quod
2955 4613 3108 4667 nobis
3130 4629 3159 4666 a
3205 4613 3313 4667 Deo
3340 4613 3506 4667 Patre
3536 4618 3707 4685 gratis
3745 4616 3800 4669 sit

503 4711 649 4784 “hoc
673 4693 856 4786 estin
878 4723 959 4782 ﬂeo
1000 4697 1143 4786 quad
1175 4704 1228 4758 in
1275 4702 1603 4784 plenitudine
1649 4709 1889 4772 paterna:
1915 4700 2117 4780 gloriae

543 4799 753 4855 habitat
775 4781 865 4862 {let
894 4781 1208 4870 constituisti
1232 4781 1348 4848 eum
1373 4809 1528 4861 super
1550 4808 1706 4862 opera
1731 4808 1979 4844 manuum
2001 4781 2120 4860 tua-

483 4907 680 4966 “eum.
707 4890 813 4948 Per
840 4891 942 4952 hoc
965 4887 1107 4959 quod
1139 4887 1298 4953 homo
1323 4885 1497 4940 factus
1525 4894 1628 4948 est,
1652 4881 1974 4940 constitutus
1989 4893 2067 4938 est
2087 4898 2121 4937 a

469 5043 482 5054 τ
543 4982 655 5050 Deo
683 4982 844 5050 Patre
875 4995 1038 5051 super
1061 4994 1223 5053 opera
1243 4977 1674 5048 Jussiouisejus.
1699 4993 1858 5052 supra
1882 4977 2120 5034 caelestia

544 5067 814 5152 videlicet,
841 5069 1542 5142 terrestria,etinl‘erualia,
1568 5071 1657 5141 qui
1681 5060 2127 5150 secundumldivi-
2161 5105 2169 5146 δ

495 5167 733 5232 .;ςῐιῇιᾳιὶβ
761 5163 1080 5236 potentiam,
1109 5163 1249 5232 sicut
1279 5177 1402 5240 cum
1429 5161 1550 5232 Deo,
1573 5161 1736 5222 Patre
1759 5161 1954 5228 ,Omnia
1977 5176 2170 5238 creas:

447 5307 498 5328 Ψ
545 5267 722 5324 verat,
759 5259 829 5316 ita
855 5249 977 5326 cum
1005 5256 1098 5318 illo
1123 5256 1301 5324 omnia
1330 5255 1656 5328 possidebat.
1687 5254 1920 5314 Dicendo
1947 5254 2090 5308 enim
2109 5293 2125 5318 ,

457 5392 460 5394 ν
489 5413 493 5420 η
548 5346 876 5418 Constituisti
895 5366 1020 5412 eum,
1041 5363 1198 5417 super
1217 5363 1372 5416 opera
1403 5363 1652 5412 manuum
1673 5357 1908 5422 tuarum,
1927 5329 1931 5332 l
1950 5345 2126 5419 omnis

479 5499 482 5502 ,
549 5447 796 5496 creatura
849 5447 1180 5496 monstratur
1225 5434 1465 5503 subjecta
1510 5450 1640 5496 esse.
1673 5436 1780 5500 illi,
1825 5435 1950 5505 quia
1988 5436 2152 5510 sicut

552 5537 818 5595 potestate
857 5529 1014 5584 Verbi
1059 5529 1240 5584 oumia
1292 5541 1475 5584 creata
1529 5527 1791 5592 sunt,_ita
1836 5527 1922 5582 ille
1965 5527 2127 5582 homo

550 5632 858 5690 assumptus
897 5637 927 5675 a
959 5623 1134 5676 Verbo
1163 5639 1285 5676 cum
1313 5621 1487 5676 Verbo
1511 5621 1747 5689 possidet
1767 5630 1980 5690 cuncta.

561 5773 566 5778 ρ
625 5710 813 5765 Omnia
853 5713 1115 5783 subjeciin
1161 5715 1254 5767 sub
1304 5714 1518 5786 pedibus
1566 5712 1714 5782 ejus,
1751 5695 1799 5764 id
1830 5691 1929 5794 est"
1974 5720 2132 5768 teter-

443 5849 450 5880 ;
501 5799 710 5874 ﬁnitati
744 5805 989 5888 illiusdet
1035 5806 1422 5888 potestatium
1467 5803 2165 5890 ouiriis‘dcfreatora‘illum‘

2189 4706 2404 4782 .‘datus,
2445 4712 2500 4759 et
2541 4703 2681 4772 quod
2724 4703 2894 4773 gratis
2935 4719 3032 4772 pro
3065 4705 3220 4759 nobis
3266 4716 3503 4759 mortem
3539 4707 3797 4760 sustinuit.

2227 4796 2343 4854 Non
2376 4798 2520 4851 enim
2559 4797 2858 4862 debebatur
2898 4797 3054 4851 nobis
3091 4807 3277 4852 nostro
3305 4801 3530 4863 merito,
3563 4811 3628 4853 ut
3653 4801 3802 4856 Filius

2181 4891 2324 4964 ‘Dei
2386 4907 2490 4960 pro
2549 4891 2702 4946 nobis
2757 4900 3005 4962 gustaret
3057 4901 3330 4957 mortem,
3383 4894 3482 4948 sed
3531 4894 3804 4948 ineﬂgibﬂis

2225 4983 2404 5054 gratia
2433 4985 2533 5038 hoc
2561 4983 2706 5038 fecit.
2735 4983 2886 5050 Quod
2910 4993 3088 5058 autem
3116 4985 3245 5040 dicit
3267 5001 3366 5054 pro
3383 4987 3643 5040 omnibus
3671 4986 3804 5039 illum

2182 5085 2475 5148 “gustasse
2507 5084 2760 5140 mortem,
2790 5077 3008 5145 quidam
3050 5078 3301 5132 doctores
3347 5079 3415 5131 ita
3460 5079 3711 5133 absolute
3736 5078 3804 5130 in-

2213 5165 2478 5236 telligunt
2503 5174 2564 5220 ut
2583 5167 2792 5226 dicatur
2817 5184 2915 5238 pro
2937 5169 3187 5222 omnibus
3213 5185 3311 5238 pro
3333 5171 3535 5239 quibus
3555 5170 3803 5240 gustarit,

2174 5288 2196 5330 η
2215 5257 2388 5330 idest
2408 5273 2513 5335 pro.
2531 5260 2716 5316 electis
2740 5261 2806 5314 ad
2839 5262 3000 5314 vitam
3024 5269 3282 5315 mternam
3300 5263 3723 5330 prauiestinatis.
3744 5265 3805 5313 At

2171 5405 2196 5413 _
2229 5366 2357 5408 vero
2398 5351 2615 5421 quidam
2664 5353 2737 5406 ita
2782 5353 3106 5420 generaliter
3155 5355 3450 5422 accipiunt,
3502 5365 3559 5407 ut
3602 5357 3806 5408 dicatur

2227 5457 2326 5512 pro
2373 5443 2624 5496 omnibus
2684 5441 2930 5496 ﬁdelibus
2987 5453 3149 5511 anlue
3207 5443 3518 5498 inﬁdelibus
3582 5455 3802 5497 mortem

2229 5540 2493 5602 gustasse,
2521 5533 2761 5586 dicentes
2791 5547 2804 5586 :
2849 5531 2966 5602 lpse
2992 5533 3210 5602 quidem
3243 5547 3342 5601 pro
3372 5535 3630 5588 omnibus
3673 5548 3807 5586 mor-

2199 5630 2354 5702 ‘ltuus
2389 5631 2492 5688 est,
2521 5623 2644 5692 licet
2667 5639 2856 5677 omnes
2878 5639 2980 5678 non
3006 5621 3302 5676 salventur.
3328 5623 3396 5676 Et
3423 5624 3467 5677 si
3497 5621 3688 5678 Omnes
3710 5636 3805 5675 non

2230 5714 2486 5777 credunt,
2532 5715 2619 5768 ille
2666 5724 2845 5769 tamen
2898 5714 3042 5783 quod
3092 5730 3250 5768 suum
3297 5726 3418 5768 erat
3459 5713 3610 5770 fecit.
3666 5714 3807 5769 Unde

2198 5800 2422 5891 (beatus
2443 5799 2675 5888 Piosper
2699 5806 2838 5861 hanc
2869 5805 3022 5882 ponit
3049 5805 3460 5880 similitudinem
3492 5826 3506 5860 :
3537 5807 3635 5862 Est
3656 5803 3804 5876 quili-
