3974 6472
533 468 639 525 839

1023 463 1109 514 ll.\
1124 458 1376 514 \‘MUMS
1412 453 1890 511 IIALBERSTAT.
1932 452 2125 506 EI’lS'.)

2229 449 2339 505 PP.
2381 448 2559 505 PARS
2601 450 2642 505 1.
2674 479 2741 489 -—
2768 446 3123 505 (ΖΟΜΜΕΧΤ.
3166 448 3340 504 DIDL.
3649 459 3735 514 Sil)

533 592 730 638 itastrie
756 587 843 634 sul
858 576 1070 632 stantia:
1099 589 1195 643 per
1221 573 1640 642 assumptionem
1672 569 1927 630 hominis,
1960 568 2037 622 sic
2060 576 2113 620 ct
2145 571 2186 627 Α
2220 566 2366 620 Imllo
2393 567 2671 635 suadente,
2704 567 2797 621 sed
2825 568 3110 637 superbien
3135 570 3181 620 To
3209 569 3427 622 corruit.
3459 568 3611 625 llotno
3629 588 3732 642 quo-

531 692 631 730 nus
651 672 940 742 participes
960 670 1289 737 ejus'sumus
1316 682 1410 735 per
1431 666 1854 733 assumptiunem
1875 662 2117 731 corporis

529 773 587 818 et
642 761 918 831 sanguinis
975 757 1111 825 ejus.
1164 758 1343 823 Quare
1409 765 1586 810 autem
1641 752 2120 809 cunununicaverit

530 852 779 907 Christus
809 848 959 903 carni
990 857 1043 903 et
1073 848 1318 917 sanguini
1347 888 1360 907 .
1392 847 1444 899 in
1490 845 1839 915 sequentibus
1868 841 2126 897 manifesv

525 950 630 1002 tat,
662 941 850 994 dicens
876 952 889 991 :
921 936 990 990 Ut
1019 954 1111 1006 per
1142 948 1359 990 mortem
1389 937 1676 990 destrueret
1707 950 1825 989 cum
1852 934 1941 1003 qui
1965 933 2122 985 liabe-

530 1034 618 1085 bat
643 1031 826 1083 mortis
853 1029 1149 1097 imperium,
1179 1028 1233 1081 id
1265 1026 1657 1088 est—diabolum,
1691 1035 1738 1078 et
1770 1025 2007 1101 {iberaret
2036 1040 2120 1077 eos

529 1123 620 1193 qui
642 1122 829 1174 timore
856 1120 1039 1172 mortis
1060 1135 1152 1189 per
1181 1128 1342 1170 totum
1368 1119 1528 1171 vitam
1551 1126 1700 1169 erant
1730 1116 1942 1169 obnoxii
1966 1116 2124 1168 serri-

530 1216 649 1268 tuti.
680 1213 1030 1277 Admirabile,
1061 1212 1315 1282 quiddam
1345 1212 1432 1266 hic
1455 1212 1792 1266 demonstrat
1812 1209 2119 1279 Apostolus,

530 1306 824 1361 ostendens
844 1304 1116 1359 diabolum
1153 1318 1247 1373 per
1278 1304 1381 1358 hoc
1411 1303 1679 1357 devictum
1708 1319 1737 1356 a
1760 1301 1999 1365 Christo,
2029 1315 2123 1370 per

531 1396 675 1465 quod
696 1403 1016 1465 potestatem
1040 1395 1259 1448 tenebat
1279 1393 1569 1447 inmundo.
1586 1393 1748 1445 Arma
1770 1406 1889 1460 quae
1912 1390 2125 1443 fuerunt

532 1485 611 1539 illi
639 1484 909 1553 quondam
933 1482 1093 1537 fortia
1118 1469 1402 1536 adversum
1428 1482 1826 1540 mundum,boc
1854 1487 1935 1534 est
1957 1494 2123 1543 mors,

534 1592 633 1645 per
648 1590 712 1630 ea
743 1575 892 1629 illum
914 1574 1164 1630 Christus
1186 1573 1471 1644 percussit,
1498 1573 1639 1627 sicut
1660 1571 1830 1626 David
1850 1570 2125 1624 abstracto

536 1669 706 1723 David
741 1668 908 1724 Colice
938 1668 1133 1739 gladio,
1168 1668 1220 1721 in
1248 1682 1314 1721 eo
1343 1675 1508 1737 caput
1548 1665 1691 1719 illius
1727 1662 2028 1734 amputavit
2071 1662 2124 1716 in

533 1777 644 1831 quo
673 1761 941 1831 quondam
968 1761 1142 1816 victor
1170 1759 1260 1814 ille
1299 1759 1506 1817 solebat
1532 1758 1667 1814 ﬁeri.
1694 1758 1827 1825 Quia
1863 1773 1991 1828 ergo
2013 1757 2127 1811 dia-

532 1853 723 1915 belus.
772 1866 866 1922 per
905 1860 1132 1905 mortem
1172 1850 1407 1905 hominis
1441 1850 1494 1903 in
1539 1849 1738 1904 mundo
1765 1848 2124 1918 principatum

2220 673 2325 727 que
2353 698 2366 721 ,
2415 659 2538 726 quia
2585 674 2781 727 corpus
2827 658 3079 715 habebat.
3122 660 3443 712 manducare
3486 661 3729 731 indigebat:

2218 747 2467 801 diabolus
2496 758 2700 812 autem,
2727 749 2852 817 quia
2881 750 3108 818 spiritus
3130 758 3227 807 est,
3261 758 3403 803 totus
3427 750 3734 809 inexcusabilis

2220 850 2322 896 est.
2354 841 2477 896 Fuit
2498 844 2735 897 ettertia
2760 859 2945 904 causa,
2969 844 3212 898 videlicet
3242 845 3367 913 quia
3395 846 3542 900 homo
3559 850 3733 905 necdum

2223 942 2542 1002 pervenerat
2571 935 2639 987 ad
2668 933 2841 987 locum
2871 934 3315 988 ubiaeterualiter
3339 951 3454 988 cum
3477 936 3573 990 Deo
3594 954 3736 1008 regna-

2222 1033 2376 1079 turus
2409 1034 2544 1085 erat,
2602 1025 2695 1078 sed
2732 1025 2786 1078 in
2832 1026 3086 1095 paradiso
3117 1033 3335 1079 terreno
3375 1026 3659 1089 morabatur,
3688 1029 3736 1084 de

2222 1130 2330 1185 quo
2362 1117 2767 1171 transferendus
2807 1124 2926 1171 erat
2971 1117 3024 1170 in
3065 1116 3261 1171 caelum
3293 1117 3543 1184 completo
3566 1133 3735 1173 numero

2222 1208 2520 1263 electorum
2551 1227 2565 1262 :
2595 1209 2839 1264 diabolus
2883 1218 3063 1263 autem
3113 1210 3164 1262 in
3195 1224 3264 1263 ca
3285 1209 3337 1261 lo
3356 1207 3462 1276 iam
3495 1219 3596 1262 erat
3618 1211 3736 1266 collo-

2223 1309 2396 1361 catus,
2424 1314 2477 1354 ut
2506 1301 2800 1353 misericors
2821 1301 2965 1369 ﬁeret
2987 1310 3033 1353 et
3059 1300 3230 1367 ﬁdelis
3272 1299 3501 1368 pontifex
3519 1301 3577 1352 ad
3597 1299 3733 1365 Deum,

2226 1404 2280 1447 ut
2335 1392 2692 1462 repropitiarct
2741 1390 2933 1443 delicta
2985 1390 3183 1460 pepuli.
3229 1389 3524 1443 Misericors
3548 1389 3733 1446 dicitur:

2228 1484 2425 1537 misero
2450 1483 2630 1546 corde,
2655 1481 2904 1535 videlicet
2930 1482 3056 1550 quia
3089 1482 3365 1535 miseriam
3394 1482 3597 1534 sustinet
3617 1493 3734 1537 etco-

2226 1574 2435 1646 gnoscit
2463 1590 2559 1644 per
2581 1573 3010 1643 experimentum
3056 1572 3326 1627 misereri.
3357 1572 3530 1640 Itaque
3556 1587 3638 1625 nou
3664 1573 3732 1627 fuit

2227 1666 2330 1719 alia
2366 1660 2525 1719 causa
2557 1664 2705 1718 illum
2732 1678 2831 1733 per
2852 1662 3032 1716 ontuia
3061 1661 3325 1716 fratribus
3353 1661 3638 1724 assimilari,
3663 1664 3729 1715 nisi

2226 1763 2288 1808 ut
2315 1752 2742 1809 misericordiam
2773 1751 2928 1805 nobis
2961 1759 3247 1821 prmstarct
3274 1764 3373 1804 nos
3400 1750 3730 1813 redimendo,ct

2229 1843 2401 1897 ﬁdelis
2438 1842 2593 1897 fieret
2633 1855 2904 1909 verosque
2939 1848 2996 1894 et
3036 1849 3228 1909 potens
3272 1838 3504 1911 pontifex
3539 1840 3594 1893 ad
3617 1840 3727 1894 Dem

532 1952 973 2014 praesumpserat,
997 1957 1096 2012 per
1124 1950 1350 1996 mortem
1375 1940 1575 1996 Christi
1606 1939 1955 2010 temporalem
1977 1939 2119 1993 vinci
2153 1927 2197 1985 Β
2225 1933 2440 1987 Patrem
2478 1931 2868 2002 interpellando
2892 1946 2990 2001 pro
3018 1931 3191 2014 nobis,
3223 1931 3521 1998 nostrisque
3543 1930 3724 1999 protuli»

534 2031 786 2086 debebat.
821 2030 1158 2099 Quapropter
1199 2029 1540 2098 purticipavit
1587 2028 1836 2084 Christus
1874 2027 2025 2082 carni
2070 2036 2125 2081 et

535 2121 805 2190 sanguini,
831 2129 889 2174 ut
925 2119 1062 2174 mori
1102 2120 1366 2189 potuisset
1403 2119 1468 2173 ad
1512 2127 1752 2189 tempus,
1784 2118 1968 2187 sicque
1996 2118 2125 2172 dum

535 2219 785 2266 mortuus
821 2218 938 2273 est,
967 2210 1058 2278 qui
1102 2220 1385 2280 peccatum
1431 2227 1536 2264 non
1579 2208 1815 2275 fecerat,
1860 2209 2130 2264 destruxit

536 2300 810 2356 diabolum
838 2300 927 2370 qui
956 2310 1237 2371 peccatum
1271 2300 1547 2375 attulerat,
1580 2316 1677 2370 per
1713 2300 1856 2370 quod
1896 2315 2044 2354 mors
2073 2300 2127 2354 in

536 2392 725 2447 orbem
753 2400 992 2445 venerat.
1015 2390 1141 2445 Sive
1168 2390 1332 2445 etiam
1360 2390 1411 2443 in
1437 2390 1539 2445 boc
1563 2390 1831 2445 destruxit
1856 2389 2128 2444 diabolum

535 2491 594 2537 et
617 2490 866 2546 mortem,
899 2481 1024 2551 quia
1052 2495 1267 2550 semper
1307 2489 1552 2535 mortuus
1587 2491 1671 2534 est
1710 2489 1965 2550 peccato,
2002 2480 2129 2534 dum

536 2588 645 2627 non
671 2572 933 2642 peccaVit.
959 2572 1243 2627 Destructn
1271 2580 1453 2625 autem
1487 2570 1714 2640 imperio
1742 2570 1961 2633 diaboli,
1993 2570 2128 2625 libe-

536 2662 679 2716 ravit
699 2661 902 2716 electos
921 2676 1068 2725 suos,
1099 2661 1189 2722 qui
1221 2661 1412 2715 timore
1442 2660 1632 2715 mortis
1655 2674 1750 2728 per
1777 2667 1943 2714 totam
1969 2660 2129 2713 vitam

538 2765 693 2804 suam
724 2750 961 2819 quandiu
1002 2751 1255 2805 vivebant
1292 2750 1345 2803 in
1375 2750 1475 2803 hoc
1501 2749 1718 2814 sacculo,
1774 2750 2033 2815 obnoxii,
2076 2749 2131 2803 id

539 2848 625 2894 est
647 2841 811 2895 debiti
836 2849 891 2895 et
911 2840 1122 2895 astricti
1144 2848 1301 2894 erant
1329 2840 1577 2894 servituti
1607 2840 1796 2894 mortis
1821 2849 1875 2893 et
1905 2840 2123 2895 diaboli.

535 2931 599 2987 In
648 2933 753 2988 hoc
799 2933 941 2988 enim
991 2934 1251 2987 timebant
1295 2943 1560 2995 mortem,
1606 2934 1731 3003 quia
1776 2935 1918 2989 servi
1968 2942 2127 2990 erant

540 3025 753 3089 mortis,
781 3025 909 3079 dum
938 3040 1129 3079 ontncs
1154 3026 1314 3083 murti
1340 3023 1711 3092 subjaeebant.

617 3117 894 3189 Nusquam
942 3118 1081 3173 enim
1126 3117 1337 3189 angelos
1389 3119 1770 3188 apprehendit,
1827 3118 1918 3173 sed
1957 3135 2130 3173 semen

542 3208 770 3263 Abraha:
795 3210 1155 3279 apprehendit.
1182 3209 1337 3276 Quod
1365 3211 1614 3278 superius
1651 3210 1892 3272 dixerat,
1932 3224 2129 3279 pueros

540 3302 973 3358 communicasse
1013 3302 1165 3357 carni
1216 3310 1272 3356 et
1316 3302 1598 3373 sanguini,
1645 3315 1701 3357 et
1727 3302 1853 3370 quia
1883 3301 2130 3356 Christus
2157 3289 2201 3350 C

540 3395 947 3466 participaverit
972 3394 1072 3459 eis,
1106 3394 1421 3463 exsequitur
1443 3393 1675 3461 amplius
1717 3393 1861 3447 hunc
1891 3408 2132 3457 sensum,

540 3485 728 3540 volens
751 3484 1038 3538 ostendere
1063 3483 1206 3536 unde
1226 3482 1577 3551 participaret
1599 3482 1696 3544 eis,
1720 3490 1776 3536 et
1795 3481 1926 3535 dicit
1953 3501 1965 3535 ε
1996 3480 2133 3535 Nus-

542 3592 730 3647 quam,
775 3575 828 3629 id
852 3589 939 3631 est
964 3574 1016 3628 in
1044 3573 1189 3628 nullo
1228 3573 1377 3636 loco,
1397 3587 1572 3647 neque
1606 3573 1661 3626 in
1689 3572 1846 3638 coalo,
1879 3587 2052 3643 neque
2082 3573 2133 3625 in

543 3678 690 3724 terra
733 3661 1030 3737 angelicam
1073 3674 1376 3719 creaturam
1424 3665 1747 3735 assumpsit,
1797 3664 1891 3719 sed
1943 3670 2136 3733 corpus

543 3761 842 3814 humanum
865 3758 930 3811 de
950 3757 1164 3812 ‘semiue
1190 3755 1420 3813 Abrahae
1446 3755 1757 3824 assumpsit.
1777 3753 1992 3819 Quibus
2018 3769 2136 3807 ver-

541 3851 630 3906 bis
675 3849 820 3913 favet
860 3848 964 3903 illis
1008 3846 1352 3913 blandiendo,
1397 3845 1769 3917 quodrscmen
1809 3844 2022 3898 illorum
2051 3858 2137 3897 as-

543 3941 856 4011 sumpserit.
884 3940 1022 4008 Quia
1053 3955 1182 4011 ergo
1226 3940 1389 3995 homo
1428 3939 1775 3995 redimendus
1812 3946 1931 3992 erat
1964 3946 2139 3991 morte

546 4033 668 4088 Filii
700 4031 816 4098 Dei,
850 4046 956 4085 non
994 4031 1242 4101 angelus,
1281 4030 1485 4084 ideirco
1515 4044 1619 4083 non
1647 4028 1946 4099 angelicam
1974 4036 2137 4080 natu~

546 4140 663 4179 ram
695 4121 1029 4191 assumpsit,
1062 4107 1183 4199 qua:
1228 4130 1457 4174 mortem
1506 4134 1612 4174 non
1658 4124 1836 4189 potest
1875 4117 2008 4188 pati,
2045 4116 2140 4170 sed

546 4217 840 4272 humanam
876 4216 929 4268 iu
966 4228 1073 4281 qua
1102 4213 1234 4266 mori
1275 4212 1557 4281 potuisset.
1603 4210 1715 4265 Nec
1756 4210 1962 4279 angelis
1991 4216 2138 4263 tanta

538 4315 632 4364 est
658 4307 894 4376 dignitas
922 4305 1137 4369 collata,
1162 4314 1222 4359 ut
1252 4306 1305 4359 in
1332 4320 1436 4359 una
1463 4319 1692 4374 persona
1720 4317 1904 4357 eorum
1933 4311 2140 4354 naturae

546 4398 717 4453 Filius
748 4396 841 4450 Dei
870 4394 1291 4465 coniungeretur
1317 4410 1513 4465 :quam
1544 4395 1860 4465 dignitatem
1885 4401 1943 4446 et
1970 4393 2139 4446 hono-

547 4504 664 4544 rem
715 4488 965 4542 humana:
1007 4494 1215 4541 natura:
1259 4486 1439 4540 divina
1484 4488 1656 4555 gratia
1703 4483 2030 4547 contribuit,
2081 4490 2143 4536 ut

546 4582 692 4637 Deus
722 4591 778 4636 et
804 4582 967 4636 homo
999 4597 1104 4635 una
1130 4590 1271 4636 esset
1297 4596 1549 4651 persona.
1584 4581 1649 4634 Et
1677 4595 1848 4649 quare
1876 4579 2012 4632 dixit
2042 4595 2139 4648 ap-

2228 2035 2312 2084 ret
2353 2026 2611 2096 peccatis.
2642 2018 2938 2078 llzec‘cnim
2987 2011 3146 2094 huius
3186 2023 3505 2077 miseranda:
3527 2023 3724 2092 dispensa-

2229 2121 2391 2177 tionis
2440 2133 2602 2172 causa
2655 2116 2758 2171 fuit
2814 2135 2826 2169 :
2876 2117 3010 2170 vidit
3057 2116 3257 2186 quippe
3308 2116 3581 2169 humanum
3618 2131 3728 2185 genus

2226 2212 2396 2265 humo
2419 2208 2704 2270 intentum,
2728 2215 3077 2278 peccatorum
3107 2205 3342 2261 vinculis
3368 2206 3584 2277 ligatum,
3601 2216 3643 2259 et
3661 2207 3726 2259 mi-

2230 2314 2410 2357 sertus
2434 2310 2519 2356 est
2539 2300 2658 2371 ejus
2684 2300 2824 2354 sicut
2846 2299 3313 2368 tidolispontifex,
3343 2301 3728 2355 reconciliansnos

2232 2395 2344 2450 Deo
2386 2393 2569 2457 Patri,
2616 2401 2672 2448 et
2717 2392 3118 2447 recOuc'rliaudo
3158 2408 3419 2463 purgans.
3465 2392 3727 2447 Miuisterinu

2231 2485 2426 2540 ctenim
2471 2483 2772 2539 sacerdotis
2807 2494 2968 2552 atque
3011 2482 3288 2551 pontiﬁcis
3319 2491 3403 2536 est
3427 2481 3605 2535 ﬁdelem
3623 2497 3724 2543 esse,

2230 2586 2292 2632 ut
2314 2576 2483 2646 possit
2506 2591 2599 2630 eos
2619 2590 2846 2644 quorum
2870 2572 3123 2629 sacerdos
3143 2582 3230 2628 est
3251 2574 3479 2629 liberare
3502 2589 3528 2627 a
3550 2572 3725 2643 peccatis

2230 2667 2475 2723 Pontifex
2502 2668 2715 2737 (ﬁloque
2746 2667 2943 2721 dicitur
2968 2681 3033 2721 eo
3056 2667 3199 2736 quod
3229 2676 3466 2736 pontem.
3497 2666 3540 2721 id
3560 2675 3624 2720 est
3640 2666 3728 2718 vim

2231 2761 2468 2830 prebeat
2517 2759 2630 2814 suis
2668 2759 3126 2828 sequacibus'suo
3157 2759 3306 2813 bono
3342 2750 3587 2829 exemplo,
3624 2758 3673 2810 ita
3695 2764 3729 2810 et

2232 2850 2491 2904 Dominus
2532 2858 2751 2919 pontem
2792 2847 2920 2903 fecit
2966 2848 3150 2913 nobis,
3204 2849 3261 2904 id
3307 2858 3392 2903 est
3437 2850 3602 2903 bonam
3638 2849 3727 2899 viam

2230 2943 2494 3005 ostendit,
2530 2958 2653 2997 eum
2689 2942 2921 2997 diceret:
2947 2941 3139 2995 Discite
3167 2960 3198 2995 a
3224 2959 3307 2995 me
3325 2942 3447 3013 quia
3473 2943 3683 2995 intima
3700 2948 3728 2991 et

2230 3033 2443 3087 huntilis
2470 3033 2625 3087 corde
2654 3031 2998 3104 (Matt/1...“).
3026 3031 3257 3088 Pontem
3285 3036 3445 3088 etiam
3475 3033 3604 3087 nobis
3634 3031 3727 3091 fuit,

2232 3125 2452 3193 quando
2481 3124 2696 3194 aperuit
2744 3124 2898 3178 nobis
2947 3124 3171 3193 januam
3228 3121 3379 3196 regni
3431 3121 3728 3181 ctelestis.lihi

2236 3218 2395 3272 modo
2422 3216 2690 3280 consistit,
2707 3215 2875 3270 Deum
2904 3215 3120 3270 Patrem
3144 3216 3489 3286 interpellans
3510 3230 3591 3285 pro
3614 3212 3727 3266 nobis

2308 3308 2377 3363 In
2399 3325 2458 3362 eo
2483 3308 2536 3362 in
2563 3325 2665 3380 quo
2691 3324 2879 3378 passus
2908 3318 2984 3361 est
3020 3309 3128 3378 ipse
3167 3318 3216 3362 et
3252 3319 3494 3371 tentatus,
3534 3312 3729 3378 peteme!

2236 3399 2312 3453 eis
2353 3400 2444 3469 qui
2482 3407 2751 3453 tentantur
2798 3399 3074 3454 auxiliari.
3114 3400 3170 3454 In
3215 3416 3315 3465 eo,
3365 3401 3560 3470 inquit,
3598 3400 3637 3451 in
3670 3396 3729 3448 lto-

2236 3490 2383 3546 mine
2426 3490 2483 3543 in
2522 3504 2630 3559 quo
2677 3496 2916 3544 tentatus
2956 3501 3041 3545 est
3089 3491 3204 3559 ipse
3240 3484 3277 3545 a'
3317 3489 3538 3553 diabolo,
3571 3487 3640 3542 sed
3662 3500 3727 3539 nos

2236 3593 2546 3654 superatus,
2577 3592 2632 3639 et
2682 3600 2875 3655 passus
2919 3600 2949 3639 a
3001 3585 3269 3641 ministris
3316 3586 3484 3647 illius,
3516 3586 3729 3655 potensest

2235 3678 2451 3732 vinctos
2480 3677 2731 3739 liberare,
2762 3687 3102 3746 tentatosque
3130 3676 3390 3745 adjuvare
3413 3694 3475 3733 ne
3497 3678 3726 3730 vincantur:

2238 3767 2365 3839 quia
2418 3768 2745 3823 tentationes
2788 3778 3003 3823 nostras
3052 3778 3106 3823 et
3153 3771 3465 3840 passiones,
3504 3784 3591 3823 non
3615 3766 3728 3818 solum

2238 3860 2378 3914 sicut
2404 3859 2547 3914 Deus
2569 3860 2878 3931 cognoscit,
2909 3860 3004 3915 sed
3035 3861 3202 3914 etiam
3233 3862 3379 3917 sicut
3406 3861 3550 3915 homo
3581 3852 3727 3924 expeti.

2238 3959 2421 4004 mento
2459 3952 2742 4020 probavit,
2784 3966 2846 4005 ac
2892 3962 3177 4023 propterea
3218 3969 3329 4009 non
3374 3953 3532 4008 solum
3564 3964 3639 4018 per
3664 3946 3729 3999 hoc

2239 4034 2381 4114 quod
2424 4044 2566 4099 Deus
2603 4054 2687 4100 cst
2740 4054 2919 4115 potest
2959 4047 3116 4101 nobis
3145 4047 3419 4112 auxiliari,
3462 4043 3544 4123 scd
3580 4044 3730 4107 iuSupcr

2237 4147 2337 4202 per
2362 4134 2463 4188 hoc
2491 4136 2633 4204 quod
2662 4136 2821 4190 hoino
2848 4145 2951 4201 est,
2976 4138 3233 4207 quoniam
3267 4138 3501 4209 ejusdem
3524 4129 3729 4206 ροιρδιθιῧε

2240 4235 2324 4281 cst
2372 4228 2532 4281 homo
2577 4238 2887 4299 assumptus
2932 4245 2963 4284 a
3011 4233 3199 4297 verbo,
3231 4232 3387 4303 cujus
3426 4236 3533 4285 erat
3564 4235 3608 4283 et
3637 4224 3728 4278 idem

2238 4320 2481 4374 verbum.
2888 4339 2893 4343 '

2840 4456 3070 4513 CAPUT
3126 4404 3210 4513 ill.

2312 4585 2482 4653 Unde,
2514 4588 2706 4659 fratres
2732 4590 2920 4651 sancti,
2954 4592 3236 4646 vocationis
3269 4591 3480 4647 celestis
3508 4585 3726 4660 participes.

547 4673 854 4743 prehendit,
890 4673 1033 4742 quod
1085 4673 1321 4743 pertinet
1373 4673 1439 4727 ad
1490 4672 1814 4743 fugientem,
1860 4671 1988 4741 quia
2037 4687 2136 4726 nos
2162 4645 2212 4704 Β
2238 4645 2563 4731 considerate
2591 4679 2883 4748 apostolum
2924 4692 2971 4734 et
3009 4683 3308 4751 pontiﬁcem
3350 4645 3641 4753 confessioni:
3669 4689 3727 4725 tw-

547 4762 703 4831 quasi
743 4762 1058 4820 recedentes
1095 4778 1128 4817 a
1158 4778 1239 4829 se,
1271 4772 1328 4818 et
1356 4763 1512 4834 longe
1542 4763 1809 4834 fugientes
1859 4763 2137 4819 insecutus

547 4853 923 4925 apprehendit.

623 4954 772 5011 Unde
809 4956 983 5010 debuit
1026 4973 1119 5027 per
1163 4957 1340 5011 omnia
1384 4957 1637 5027 fratribus
1686 4957 1990 5013 assimilari.
2034 4956 2138 5014 Pro

547 5047 674 5109 bac,
705 5046 896 5115 inquit,
931 5045 1163 5108 ratione,
1194 5048 1319 5116 quia
1361 5063 1466 5101 non
1506 5048 1798 5118 assumpsit
1840 5047 2139 5119 angelicam

548 5146 824 5200 naturam,
858 5136 951 5192 sed
990 5136 1283 5191 humanam
1314 5136 1379 5191 de
1416 5138 1623 5192 semine
1649 5139 1912 5205 Abrahaz,
1955 5138 2142 5193 debuit

537 5243 648 5298 per
675 5230 857 5284 omnia
887 5229 1177 5285 assimilari
1210 5228 1484 5284 fratribus.
1515 5227 1655 5296 Quid
1685 5238 1768 5285 est
1795 5245 1893 5299 per
1916 5229 2140 5284 omnia?

551 5321 606 5375 id
636 5330 719 5376 est
742 5330 1027 5389 natusest,
1059 5322 1344 5386 educatus,
1373 5323 1562 5387 crevit,
1592 5324 1803 5388 esuriit,
1837 5339 2029 5392 passus
2056 5332 2141 5377 est

544 5424 618 5465 'ac
644 5422 909 5477 mortuus,
932 5422 989 5467 ut
1014 5428 1108 5484 per
1125 5414 1307 5467 omnia
1331 5414 1432 5468 ista
1461 5413 1653 5468 similis
1680 5422 1828 5468 esset
1856 5412 2138 5480 fratribus,

550 5503 644 5574 qui
676 5501 980 5572 hujusmodi
1010 5504 1306 5562 conditioni
1340 5505 1563 5576 subjecti
1612 5515 1737 5560 sunt
1781 5513 1837 5558 et
1881 5504 2133 5559 connexi.

544 5590 662 5648 Sed
686 5592 915 5650 fortasse
933 5595 1130 5665 qumrit
1148 5594 1364 5665 aliquis.
1383 5610 1551 5664 quare
1578 5595 1738 5648 homo
1760 5593 1831 5648 sit
1856 5603 2137 5663 reparatus

551 5684 733 5753 potius
760 5700 923 5756 quam
952 5686 1175 5755 angelus
1198 5685 1415 5757 lapsus?
1446 5685 1543 5741 Cui
1574 5685 2004 5755 respondendum
2031 5694 2135 5752 est,

554 5772 832 5830 hominem
854 5791 960 5830 non
984 5783 1190 5831 tantum
1217 5774 1526 5845 deliquisse,
1559 5782 1818 5845 quantum
1841 5774 2130 5830 diabolum.

554 5862 652 5926 Ille
692 5867 838 5924 enim
879 5868 1091 5926 diabolo
1139 5868 1401 5926 suadente
1433 5869 1693 5942 peccavit,
1727 5867 1971 5925 diabolus
2010 5886 2136 5926 vero

2234 4776 2361 4821 ‘strw
2391 4768 2573 4822 Jesnm
2595 4769 2685 4836 qui
2725 4768 2896 4838 ﬁdelis
2938 4780 3013 4824 est
3045 4772 3091 4825 ei
3119 4772 3208 4842 qui
3235 4773 3359 4842 fecit
3397 4772 3553 4834 illum,
3583 4767 3679 4821 sicut
3697 4769 3727 4813 et

2241 4858 2447 4927 Moyses
2474 4861 2529 4914 in
2554 4862 2693 4915 omni
2726 4861 2880 4916 domo
2908 4863 3040 4932 ejus.

2315 4950 2537 5007 Fratres
2563 4968 2658 5007 eos
2688 4963 2843 5027 vocat
2872 4962 2977 5008 tam
3003 4970 3167 5009 carne
3202 4970 3363 5025 quam
3392 4953 3582 5024 spiritu.
3600 4945 3724 5016 quiti

2243 5045 2433 5100 eodem
2470 5062 2671 5116 genere
2697 5055 2854 5100 erant
2874 5088 2889 5112 ,
2932 5049 3293 5119 eamdemque
3323 5048 3473 5103 tidem
3500 5041 3723 5099 habebant;

2241 5146 2459 5193 sanctos
2489 5139 2612 5207 quia
2643 5139 2964 5194 sanctilicati
2994 5139 3210 5195 fuerant
3236 5139 3338 5195 fide
3363 5134 3597 5211 passionis
3616 5125 3724 5184 Chri'

2242 5229 2310 5284 sti
2342 5237 2396 5284 et
2420 5244 2561 5300 aqua
2587 5229 2952 5299 baptismatis,
2977 5230 3069 5300 qui
3092 5231 3379 5300 participes
3402 5212 3724 5281 erantcmleslis

2240 5320 2560 5384 vocationis,
2577 5320 2680 5374 hoc
2696 5327 2779 5374 est
2798 5320 2987 5388 patriae
3009 5320 3268 5384 caelestis,
3283 5321 3349 5374 ad
3373 5331 3520 5388 quam
3538 5305 3723 5366 Domit!ns

2230 5424 2428 5465 omnes
2449 5420 2626 5475 vocat,
2644 5410 2828 5465 dicens
2849 5428 2861 5464 :
2877 5409 3057 5465 Venite
3079 5411 3149 5464 ad
3170 5428 3250 5465 me
3266 5425 3434 5465 omnes
3451 5405 3529 5479 qui
3544 5390 3720 5456 laboratis

2231 5512 2287 5558 et
2314 5504 2517 5558 onerati
2537 5504 2677 5567 estis,
2717 5513 2763 5557 ct
2809 5521 2900 5574 ego
2928 5503 3160 5572 reﬁciam
3186 5520 3277 5558 vos
3306 5500 3505 5571 (Matth.
3526 5492 3605 5564 ιι).
3627 5487 3721 5542 0οη*

2236 5597 2475 5652 siderate
2496 5595 2797 5664 apostolum
2827 5605 2880 5650 et
2904 5596 3211 5666 pontiﬁcem
3248 5595 3365 5652 fidei
3390 5600 3563 5648 nostra:
3576 5582 3719 5638 lesum-

2238 5687 2527 5759 Apostolus
2550 5687 2757 5753 Greece,
2782 5687 2973 5743 Latine
2989 5688 3190 5743 dicitur
3211 5689 3422 5743 missus.
3452 5684 3508 5738 Et
3532 5672 3719 5733 Dominus

2237 5777 2394 5835 Jesus
2441 5777 2717 5851 apostolus
2746 5788 2932 5835 noster
2955 5788 3071 5845 est,
3104 5780 3231 5849 ‘quia
3257 5779 3417 5850 gratis
3446 5791 3473 5827 ει
3501 5773 3590 5825 Deo
3611 5763 3719 5817 Ρηιιτ

2241 5873 2398 5928 nobis
2412 5872 2610 5929 missus
2625 5882 2727 5940 est,
2745 5874 2885 5929 sicut
2902 5875 3015 5942 ipse
3038 5881 3288 5939 testatur,
3312 5872 3480 5927 dicens
3500 5883 3513 5921 :
3530 5860 3624 5918 Non
3637 5861 3719 5937 m1
