3974 6444
499 460 608 521 845

961 449 1318 513 HAYMONIS
1357 441 1831 504 HALBERSTAT.
1876 439 2087 493 ΕΗΒᾷ
2129 434 2278 489 Ol’l’.
2318 432 2498 487 PARS
2532 431 2572 487 1.
2612 461 2682 474 ——-
2717 430 3076 488 COMMENT.
3115 429 3289 486 BlBL.

3654 420 3776 480 8-H

499 592 608 652 qua
631 575 721 632 hic
749 567 1034 641 Apostolus
1058 560 1424 636 prophetando
1453 554 1769 625 spiritaliter
1806 551 2064 620 loquitur.
2097 551 2144 610 Α
2173 542 2318 652 ginno
2353 544 2512 652 mago
2541 547 2719 652 potest
2745 541 2954 652 placari
2982 541 3472 652 ςιίιειὶεξξξιιηίρςηθξιε
3505 537 3780 652 13638.3!-

502 643 688 726 diceus
714 682 726 717 :
750 663 1102 730 Quapropter,
1125 651 1378 707 subaudis
1398 648 1522 718 quia
1540 647 1729 699 domus
1744 643 1836 695 Dei
1864 653 2067 700 sumus,

503 761 551 816 si
581 758 738 812 ﬁdem
772 761 971 806 rectam
1007 756 1060 799 et
1091 744 1315 816 gloriam
1365 739 1483 808 spei
1532 737 1744 792 ﬁrmam
1789 730 2072 786 retinueri-

505 863 648 912 mus,
691 842 848 897 nolite
877 838 1132 893 obdurare
1159 834 1317 886 corda
1347 841 1534 889 vestra,
1585 842 1650 880 ne
1681 823 1874 880 similia
1903 822 2074 912 patiaf

503 907 668 996 mini,
700 929 876 999 qualia
917 923 1288 997 progenitores
1332 917 1496 973 vestri
1539 914 1680 984 passi
1729 917 1853 965 sunt
1877 907 2074 978 privati

504 1025 691 1094 requie
729 1019 1012 1090 promissa.
1070 1013 1397 1068 Hortabatur
1440 1010 1524 1061 his
1567 1006 1745 1060 verbis
1788 1001 2075 1094 Apostolus

505 1092 779 1177 chr.ros,
798 1121 856 1163 ut
871 1124 976 1162 non
992 1115 1171 1161 essent
1188 1100 1428 1156 infideles
1442 1107 1496 1152 et
1512 1094 1789 1157 increduli,
1808 1108 1873 1147 ne
1886 1092 2076 1161 perde-

504 1218 626 1264 rent
657 1205 897 1276 requiem
927 1211 1182 1254 aeternam
1219 1195 1319 1248 sibi
1365 1208 1394 1247 a
1445 1190 1670 1244 Domino
1715 1189 2070 1257 promissam,

505 1307 645 1360 sicut
663 1298 1009 1371 perdiderunt
1031 1303 1211 1364 patres
1231 1305 1414 1344 eorum
1440 1286 1678 1354 requiem
1702 1280 2070 1350 temporalem.

509 1396 707 1458 Nolite,
741 1392 947 1461 inquit,
997 1387 1148 1441 hodie
1175 1383 1442 1438 obdurare
1481 1377 1642 1431 corda
1680 1384 1865 1438 vestra,
1915 1375 2072 1435 sicut,

507 1482 797 1547 subaudis,
843 1479 1242 1534 obduraverunt
1283 1480 1464 1541 patres
1492 1466 1657 1522 vestri
1705 1466 1760 1517 in
1801 1463 2076 1516 exerceba-

509 1579 667 1638 tionc,
699 1574 753 1627 in
784 1568 1186 1628 amaricationc,
1216 1561 1430 1633 quando
1460 1574 1547 1613 me
1568 1557 1633 1610 ad
1655 1553 2072 1609 amaritudinem

508 1665 920 1741 provocaverint
967 1657 1250 1713 secundum
1281 1654 1414 1706 diem
1463 1647 1762 1704 tentationis
1791 1659 1970 1699 eorum
2021 1643 2078 1694 in

511 1736 733 1821 deserto,
767 1755 852 1808 ubi
877 1756 1201 1806 tentarerunt
1249 1761 1329 1798 me
1353 1753 1524 1814 patres
1564 1741 1716 1796 vestri
1761 1736 1942 1792 multis
1969 1749 2075 1790 mo-

525 1851 613 1912 lis,
637 1848 873 1901 dicentes
901 1859 916 1894 :
958 1837 1206 1909 Nunquid
1235 1834 1432 1905 poterit
1458 1829 1599 1886 Deus
1617 1841 1810 1901 parare
1834 1839 2075 1882 mensam

2175 635 2378 699 fensus,
2409 635 2572 694 idest
2595 632 2750 692 valde
2797 640 2852 686 et
2883 631 3296 701 implacabiliter
3322 633 3491 687 iratus
3522 632 3628 686 fuit
3659 631 3781 687 illis

2175 725 2449 779 sexcentis
2477 722 2716 776 millibus
2745 723 2837 791 qui
2863 721 3143 791 perierunt
3163 722 3216 774 in
3244 723 3474 776 deserto.
3510 721 3578 776 Et
3625 722 3782 779 dixit

2175 815 2241 868 ad
2266 813 2479 884 Moysen
2516 823 2573 866 et
2608 813 2809 874 Aaron,
2841 811 2927 866 vel
2955 812 3118 864 etiam
3143 810 3209 864 ad
3239 809 3436 867 Josue:
3467 811 3699 880 Semper
3722 811 3779 866 hi

2174 913 2350 960 errant
2402 903 2575 962 corde.
2624 901 2806 957 Multis
2843 901 3017 954 modis
3046 901 3326 970 castigavit
3375 915 3469 955 eos
3501 901 3782 956 Dominus

2176 995 2318 1054 Deus
2346 993 2710 1061 omnipotens,
2745 991 2839 1046 sed
2873 991 2949 1044 illi
2977 1005 3191 1060 semper
3211 992 3370 1046 corde
3413 1001 3779 1058 erraverunt,

2176 1103 2208 1144 a
2234 1089 2319 1141 via
2362 1084 2608 1139 veritatis
2644 1094 2698 1139 et
2737 1082 3075 1142 rectitudinis
3118 1081 3412 1137 deviantes.
3444 1082 3782 1151 Quicunque

2175 1180 2318 1234 enim
2363 1165 2628 1232 voluntati
2667 1176 2761 1232 Dei
2787 1191 2892 1230 non
2932 1175 3302 1239 obseeundat,
3351 1186 3500 1229 errat
3531 1190 3561 1226 a
3595 1175 3780 1228 recti-

2176 1273 2363 1326 tudine
2383 1270 2628 1339 justitias.
2661 1269 2772 1342 Ipsi
2792 1285 2911 1322 vero
2939 1284 3044 1321 non
3067 1278 3412 1338 cognoverunt
3444 1269 3554 1320 vias
3597 1284 3777 1322 areas.

2177 1362 2296 1417 Non
2341 1369 2710 1432 cognoverunt
2737 1361 2886 1427 dicit,
2918 1362 3022 1415 hoc
3049 1369 3134 1418 est
3175 1376 3278 1414 non
3306 1361 3778 1431 approbaverunt,

2177 1469 2278 1509 nec
2305 1454 2584 1522 elegerunt
2625 1453 2868 1512 actiones
2897 1469 3046 1508 meas
3088 1462 3145 1509 et
3179 1463 3449 1524 praecepta
3491 1469 3653 1521 mea;
3693 1455 3779 1509 vel

2176 1560 2284 1600 non
2312 1554 2703 1614 cognoverunt,
2733 1545 2861 1614 quia
2892 1545 3176 1599 noluerunt
3203 1544 3269 1598 ad
3299 1545 3403 1600 hoc
3443 1559 3779 1614 cognoscere

2176 1647 2237 1692 ut
2272 1645 2519 1692 tenerent
2546 1643 2600 1691 et
2626 1637 2980 1692 observarent
3014 1637 3122 1690 illa.
3157 1636 3357 1702 Quibus
3387 1637 3577 1706 jurari
3599 1644 3651 1689 in
3696 1640 3776 1690 ira

2177 1742 2294 1781 mea
2321 1766 2336 1789 ,
2364 1729 2409 1780 si
2453 1727 2741 1781 introibant
2794 1729 2847 1780 in
2878 1727 3109 1796 requiem
3140 1744 3330 1781 meam.
3364 1726 3446 1794 Si,
3480 1728 3776 1798 aliquando

2178 1820 2402 1890 ponitur
2424 1834 2523 1888 pro
2561 1818 2940 1884 aﬁirmatione,
2968 1819 3255 1887 aliquando
3283 1833 3380 1889 pro
3413 1820 3771 1883 dubitatione,

510 1941 564 1994 in
596 1909 848 1994 deserto?
887 1933 952 1987 Et
992 1927 1233 1998 nunquid
1269 1923 1468 1995 poterit
1514 1937 1613 1976 nos
1653 1919 1993 1978 introducere
2022 1914 2078 1970 in
2108 1917 2156 1978 B
2183 1909 2475 1979 aliquando
2517 1925 2615 1980 pro
2669 1911 2976 1978 negatione,
3016 1918 3076 1962 ut
3107 1909 3159 1962 in
3189 1910 3448 1979 praesenti
3511 1910 3634 1963 loco
3674 1925 3767 1979 pro

510 2043 705 2086 terram
731 2025 974 2098 patribus
992 2015 1346 2092 promissam?
1369 2013 1520 2082 Quod
1545 2020 1722 2066 autem
1749 2008 1880 2066 dicit
1900 2005 2076 2070 hodie,

509 2139 614 2178 non
643 2118 882 2188 loquitur
898 2115 1008 2184 jam
1038 2108 1322 2165 Psalmista
1359 2105 1427 2159 ad
1457 2103 1575 2158 illos
1602 2101 1694 2170 qui
1729 2098 1926 2155 mortui
1954 2105 2082 2152 sunt

509 2215 562 2267 in
595 2212 808 2264 deserto
843 2199 1228 2259 murmurando
1258 2206 1444 2252 contra
1487 2193 1796 2256 Dominum,
1823 2198 1880 2244 et
1906 2189 2080 2242 incre-

510 2305 620 2361 duli
648 2299 948 2361 existendo,
977 2295 1068 2350 sed
1089 2292 1266 2364 potius
1291 2290 1357 2343 ad
1383 2288 1500 2344 illos
1520 2286 1610 2356 qui
1634 2284 1916 2340 dominica:
1943 2296 2080 2350 pra:-

509 2397 627 2450 (lica
638 2393 794 2448 tionis
817 2399 1055 2458 tempore
1075 2384 1310 2445 fuerunt,
1327 2378 1814 2450 apostolorumque,
1835 2382 1890 2428 et
1910 2385 2082 2443 usque

509 2489 576 2543 ad
627 2487 784 2541 linem
832 2480 1012 2537 saeculi
1044 2475 1208 2531 futuri
1245 2480 1388 2528 sunt.
1425 2469 1614 2534 Hodie,
1664 2468 1868 2537 inquit,
1912 2466 1966 2520 id
1998 2473 2083 2524 est

511 2581 562 2634 in
596 2579 681 2633 die
711 2575 843 2630 Novi
869 2569 1222 2630 Testamenti,
1251 2565 1334 2619 vel
1363 2563 1511 2617 omni
1557 2572 1798 2629 tempore
1844 2557 2082 2628 quandiu

513 2671 720 2723 dicetur
742 2664 904 2720 hodie
936 2679 948 2713 :
983 2659 1156 2714 Nolite
1183 2655 1449 2710 obdurare
1479 2651 1642 2706 corda
1673 2657 1873 2704 vestra.
1912 2647 2082 2704 Hodie

514 2775 748 2829 namque
783 2772 880 2828 pro
901 2754 1226 2824 sempiterno
1249 2749 1485 2820 ponitur,
1515 2745 1568 2801 id
1595 2753 1696 2808 est,
1725 2745 1894 2800 donec
1922 2758 2080 2796 mun-

513 2855 612 2908 dus
637 2860 692 2905 et
713 2850 821 2904 vita
847 2860 1080 2916 praesens
1111 2850 1308 2896 manet.
1339 2838 1627 2910 Sequitur:
1655 2834 2007 2890 Probaverunt
2035 2841 2083 2888 et

513 2947 751 3003 viderunt
797 2958 950 3012 opera
1000 2955 1111 2991 mea
1148 2933 1492 3006 quadraginta
1537 2929 1706 2984 armis.
1743 2927 1896 2994 Quod
1931 2924 2080 2988 dicit,

515 3040 874 3110 probaverunt
905 3047 1064 3102 opera
1093 3038 1146 3082 et
1177 3024 1441 3080 mirabilia
1480 3037 1629 3086 mea,
1662 3034 1766 3076 non
1792 3025 1876 3074 est
1904 3017 1978 3070 ita
2004 3015 2085 3068 in-

514 3132 882 3203 telligendum,
904 3135 964 3180 ut
991 3125 1199 3180 dicatur
1219 3119 1603 3192 probaverunt,
1629 3113 1681 3168 id
1703 3122 1786 3168 est
1806 3110 2086 3205 elegerunt

515 3239 733 3280 causam
757 3221 1051 3294 gratiarum
1077 3215 1370 3278 actionum,
1395 3210 1488 3266 sed
1508 3208 1682 3279 potius
1702 3203 2085 3294 probatioghaze

2181 2016 2309 2066 non,
2336 2009 2392 2056 et
2419 2002 2473 2055 in
2503 2000 2715 2056 Psalmo
2758 2001 2970 2054 dicente
3003 1998 3270 2070 Pr0pheta
3301 2019 3314 2052 :
3349 1998 3408 2053 Si
3443 2000 3657 2053 reddidi
3698 2017 3774 2052 re-

2181 2090 2529 2144 tribuentibus
2570 2090 2698 2144 mihi
2730 2088 2871 2142 mala
2917 2087 3087 2160 (Psal.
3125 2087 3240 2158 vn),
3273 2088 3329 2144 id
3363 2099 3476 2154 est,
3503 2106 3622 2143 non
3662 2089 3767 2143 red—

2183 2179 2313 2233 didi.
2343 2178 2488 2236 Ordo
2517 2180 2802 2242 verborum
2825 2185 2944 2232 est:
2980 2175 3092 2234 Non
3121 2178 3422 2233 introibunt
3449 2179 3504 2232 in
3534 2181 3770 2248 requiem

2181 2283 2381 2333 meam,
2421 2269 2756 2339 sicutjuravi
2783 2269 2836 2322 in
2868 2268 2947 2322 ira
2978 2282 3126 2332 mea,
3159 2282 3260 2323 noe
3315 2277 3400 2323 est
3452 2269 3506 2322 in
3544 2270 3770 2323 vlndieta

2183 2373 2324 2415 mea.
2352 2359 2436 2414 lra
2465 2359 2610 2413 enim
2642 2359 2738 2414 Dei
2778 2358 3012 2413 vindicta
3051 2367 3132 2414 cst
3179 2359 3340 2413 illius.
3373 2357 3558 2429 Lo'qui
3593 2361 3771 2426 Deum,

2183 2466 2437 2522 magnum
2481 2458 2566 2504 est
2597 2448 2821 2518 :rjurare
2847 2464 2994 2517 vero,
3033 2450 3193 2504 nimis
3237 2453 3625 2506 metuendum.
3655 2454 3771 2508 Cum

2183 2543 2329 2598 enim
2381 2544 2560 2598 omnis
2589 2557 2768 2598 sermo
2816 2542 2960 2599 illius
3003 2558 3099 2616 pro
3119 2543 3434 2613 juramento
3471 2546 3662 2615 accipi
3689 2547 3767 2599 de-

2184 2635 2329 2698 beat‘,
2356 2633 2612 2705 quoniam
2656 2647 2866 2703 semper
2918 2647 3079 2688 verus
3111 2643 3214 2700 est,
3243 2633 3446 2689 dicitur
3490 2635 3774 2706 aliquando

2179 2725 2363 2795 jurare
2397 2727 2465 2780 ad
2512 2726 2943 2797 exaggerandam
2987 2725 3094 2779 vim
3139 2727 3250 2792 rei,
3292 2736 3348 2782 et
3395 2736 3462 2781 ut
3512 2738 3773 2784 terrorem

2185 2817 2413 2872 incutiat
2442 2817 2794 2876 auditoribus.
2843 2815 2932 2873 Sic
2961 2817 3155 2874 dicitur
3178 2827 3233 2874 et
3269 2820 3436 2876 irasci
3490 2835 3652 2875 more
3681 2823 3772 2875 lm-

2187 2925 2363 2967 mano.
2391 2925 2514 2967 cum
2541 2925 2754 2982 semper
2778 2911 2890 2980 ipse
2921 2911 3062 2966 idem
3088 2921 3324 2974 maneat,
3352 2920 3638 2982 quatenus
3659 2914 3774 2967 dum

2188 3005 2492 3059 audivimus
2537 3003 2685 3058 illum
2722 3003 2951 3068 iratum,
2976 3012 3278 3058 metuamus
3308 3017 3573 3074 peccare.
3633 3003 3774 3070 Quod

2188 3110 2365 3151 autem
2443 3096 2594 3162 dicit,
2633 3111 2740 3150 non
2806 3095 3105 3166 introibunt
3167 3097 3220 3149 in
3271 3097 3525 3170 requiem
3586 3112 3770 3160 meam,

2189 3189 2277 3244 hic
2309 3187 2469 3260 (sicut
2499 3203 2661 3258 supra
2708 3188 2908 3246 dictum
2937 3191 3040 3258 est)
3071 3188 3343 3258 geminam
3386 3189 3648 3258 requiem
3687 3191 3771 3244 de-

516 3318 582 3371 ad
626 3283 995 3370 curidsitatem
1029 3315 1113 3362 est
1145 3303 1426 3359 referenda
1451 3308 1505 3355 et
1534 3297 1902 3354 tentationem.
1951 3292 2085 3346 Pro-
2114 3284 2164 3348 ο
2193 3285 2383 3340 bemus
2406 3283 2742 3355 intelligere;
2770 3299 2931 3338 unam
2955 3291 3155 3338 terram
3179 3286 3571 3355 repromissam
3616 3287 3773 3340 Abra-

515 3409 808 3466 baverunt,
862 3399 1066 3468 inquit,
1098 3408 1260 3464 opera
1288 3406 1430 3454 mea,
1478 3389 1579 3442 hoc
1622 3395 1706 3441 est
1752 3383 2086 3440 curiositatis

516 3513 677 3554 causa
705 3493 1077 3563 exquisierunt
1106 3493 1374 3540 tentantes
1412 3489 1590 3535 utrum
1619 3477 1970 3548 Omnipotens
2000 3491 2086 3530 cs-

518 3605 651 3646 sem.
679 3587 786 3642 Sed
815 3584 945 3654 quid
965 3581 1162 3635 factum
1188 3577 1306 3631 est?
1341 3574 1591 3628 viderunt
1614 3569 1705 3624 illa
1730 3584 1826 3639 per
1855 3568 2084 3637 quadra-

519 3689 664 3758 ginta
696 3697 867 3738 annos
889 3721 903 3746 ,
935 3687 988 3734 et
1024 3680 1435 3747 permanserunt
1469 3669 1684 3740 ingrati.
1725 3666 1904 3758 Potest
1942 3666 2087 3758 quod

521 3756 649 3835 dicit
677 3773 1030 3846 quadraginta
1059 3769 1234 3831 annis,
1257 3774 1311 3819 et
1336 3764 1404 3819 ad
1433 3760 1710 3831 sequentia
1735 3757 1905 3829 iungi.
1939 3756 2087 3823 Qua-

521 3867 872 3943 dragenarius
921 3872 1099 3918 autem
1161 3870 1418 3913 numerus
1468 3853 1727 3924 mysticus
1784 3849 1839 3903 in
1885 3847 2087 3951 'dixina

521 3940 803 4037 Scriptura
828 3961 1058 4016 habetur
1087 3972 1100 4008 :
1131 3949 1500 4021 Quadraginta
1528 3946 1715 4037 diebus
1746 3940 2002 3997 Dominu's
2033 3940 2087 3994 in

521 4035 733 4118 deserto
773 4052 1065 4126 jejunavit,
1088 4056 1147 4102 ut
1181 4042 1534 4112 triumpharet
1564 4038 1629 4092 de
1656 4035 1773 4097 illo,
1797 4047 1900 4134 per
1927 4045 2089 4101 quem

519 4152 597 4207 illi
653 4143 1004 4218 quadraginta
1063 4135 1218 4190 annis
1269 4133 1738 4188 murmuraverunt
1796 4133 1849 4176 in
1906 4133 2090 4176 eremo

523 4215 711 4300 contra
738 4236 1042 4296 Dominum,
1069 4232 1546 4292 consummataque
1575 4228 1686 4275 tota
1718 4215 1886 4289 gloria
1916 4215 2089 4271 victo-

524 4336 617 4389 riae
649 4333 700 4387 in
724 4328 973 4402 passione
997 4332 1053 4379 et
1078 4317 1489 4379 resurrectione,
1521 4312 1873 4382 quadraginta
1905 4308 2090 4364 diebus

526 4428 625 4484 fuit
651 4439 772 4481 cum
799 4417 1074 4488 discipulis
1110 4422 1398 4483 antequam
1449 4407 1706 4465 crelorum
1752 4402 2092 4458 altitudinem

523 4521 850 4590 penetraret.
893 4510 1089 4567 Primis
1131 4521 1260 4562 vero
1299 4503 1486 4559 diebus
1525 4497 1877 4590 quadraginta
1919 4502 2092 4590 tenta-

527 4586 726 4668 tionem
753 4604 912 4673 hujus
939 4599 1120 4658 saeculi
1151 4596 1400 4658 ostendit,
1442 4589 1838 4663 posterioribus
1860 4586 2092 4656 quadra-

522 4707 673 4778 ginta
733 4700 921 4756 diebus
962 4691 1409 4752 consolationem,
1459 4701 1564 4756 qua
1579 4679 1928 4778 _consolandi
1967 4685 2095 4733 sunt

527 4774 582 4851 in
612 4793 804 4865 patria.
829 4789 1034 4857 Corpus
1059 4784 1200 4839 enim
1229 4783 1365 4853 ejus,
1395 4779 1448 4833 id
1475 4785 1558 4832 est
1579 4774 1843 4838 Ecclesia,
1872 4785 2094 4827 necesse

525 4898 608 4946 est
634 4897 692 4944 ut
710 4884 1036 4942 tentationes
1051 4877 1288 4950 patiatur
1309 4875 1362 4928 in
1387 4870 1636 4943 praesenti
1659 4867 1856 4924 saeculo
1878 4865 2091 4938 (Matth.

530 4981 704 5049 xviii),
734 4987 794 5034 ut
821 4971 1158 5049 postmodum
1187 4966 1467 5039 pervenire
1488 4962 1658 5032 possit
1681 4959 1748 5015 ad
1773 4959 1968 5028 gaudia
1992 4973 2094 5028 pa-

530 5074 647 5128 triai
675 5068 927 5127 caelestis.
963 5064 1162 5118 Tamen
1201 5067 1257 5114 et
1295 5059 1348 5111 in
1384 5049 1637 5126 praesenti
1669 5067 1776 5106 non
1809 5055 1962 5108 deest
2002 5049 2092 5104 ille

529 5163 865 5225 Consolator,
892 5157 981 5227 qui
1011 5153 1180 5210 dixit:
1219 5149 1352 5203 Ecce
1376 5166 1466 5218 ego
1495 5147 1756 5202 vobiscum
1784 5161 1899 5199 sum
1931 5143 2100 5197 omni-

531 5257 624 5311 bus
649 5254 846 5316 diebus,
874 5265 1034 5320 usque
1059 5245 1128 5300 ad
1155 5240 1652 5298 consummationem
1675 5235 1856 5292 saeculi
1879 5236 1896 5286 ί
1903 5234 2091 5289 Matth.

531 5347 744 5416 xxviii).
774 5342 1031 5412 Sequitur
1057 5356 1068 5391 :

604 5435 826 5507 Propter
843 5431 1002 5504 quod,
1029 5426 1288 5484 subaudis
1311 5424 1434 5493 quia
1463 5426 1806 5476 tentaveruut
1824 5431 1912 5472 me
1932 5431 2094 5471 causa

533 5526 876 5590 curiositatis,
909 5531 963 5577 et
1001 5533 1162 5590 opera
1192 5531 1308 5570 mea
1336 5513 1686 5584 quadraginta
1716 5509 1871 5563 annis
1903 5507 2094 5578 proba-

532 5627 744 5684 verunt,
786 5616 1019 5686 infensus
1052 5611 1126 5680 fui
1179 5605 1494 5679 ρεπεναεὶοηὶ
1530 5604 1669 5657 huic.
1710 5600 1837 5655 Plus
1877 5608 1962 5655 est
1993 5599 2102 5655 diei

531 5709 790 5767 otfensum
838 5706 950 5761 sive
989 5703 1254 5758 infensum
1307 5713 1465 5769 quam
1498 5696 1677 5751 dicere
1710 5694 1929 5759 iratum,
1961 5708 2098 5761 quo-

534 5803 678 5858 niam
700 5800 790 5872 qui
831 5799 1077 5853 irascitur
1125 5795 1280 5850 facile
1326 5799 1507 5863 potest
1550 5790 1618 5844 ab
1660 5789 1739 5842 ira
1790 5791 2098 5845 removeri:

532 5894 626 5954 uui
679 5906 809 5948 vero
853 5889 1092 5944 infensus
1131 5889 1243 5943 sive
1270 5884 1504 5941 oﬂ‘ensus
1534 5883 1714 5948 fuerit,
1745 5890 1836 5937 aut
1877 5877 1968 5937 vix
2011 5888 2103 5937 aut

2188 3373 2292 3438 lim,
2350 3388 2511 3442 quam
2576 3373 2653 3427 illi
2706 3373 3056 3444 perdiderunt
3119 3382 3337 3445 propter
3401 3375 3772 3430 inﬁdelitatem

2187 3466 2634 3520 suamzalteram
2659 3481 2819 3534 vero,
2849 3467 3014 3520 vitam
3060 3475 3317 3522 aeternam
3367 3468 3436 3524 de
3483 3483 3596 3538 qua
3644 3468 3774 3536 Apo-

2187 3556 2356 3610 stolus
2407 3555 2759 3626 spiritualiter
2804 3555 3076 3624 loquitur,
3127 3556 3361 3613 dicens:
3410 3556 3475 3613 In
3523 3575 3634 3630 qua
3676 3575 3774 3615 non

2189 3648 2487 3702 introibunt
2513 3646 2682 3702 Judaei
2703 3648 2758 3702 in
2783 3647 3097 3704 inﬁdelitate
3121 3659 3419 3706 manentes.
3777 3640 3780 3642 ⁷

2267 3764 2476 3831 Videte,
2505 3765 2725 3834 fratres,
2768 3781 2830 3820 ne
2858 3764 2993 3834 forte
3026 3765 3094 3818 sit
3119 3765 3174 3824 in
3202 3763 3380 3834 aliqua
3419 3776 3655 3820 vestrum
3691 3782 3777 3820 cer

2188 3857 2388 3916 malum
2418 3857 2822 3924 incredulitatis,
2848 3856 3148 3912 discedendi
3184 3873 3217 3910 α
3245 3855 3354 3912 Deo
3390 3858 3530 3911 vivo.
3589 3858 3772 3914 Horta-

2188 3959 2278 4006 tur
2323 3951 2521 4006 iterum
2565 3949 2854 4020 Apostolus
2901 3965 2997 4006 eos
3043 3949 3406 4014 blandiendo,
3433 3966 3643 4006 vocans
3687 3967 3774 4006 eos

2191 4043 2408 4108 fratres,
2439 4052 2494 4097 et
2538 4045 2670 4098 dans
2712 4041 2998 4098 consilium
3032 4041 3300 4114 quomodo
3324 4041 3540 4100 intrare
3573 4044 3774 4115 possint

2192 4133 2248 4193 in
2270 4133 2510 4205 requiem
2534 4147 2735 4191 veram.
2767 4134 2988 4190 Fratres
3016 4135 3120 4190 mei
3149 4150 3311 4190 carne
3329 4174 3346 4201 ,
3381 4136 3588 4192 fratres
3616 4140 3772 4193 etiam

2191 4226 2328 4294 ﬁde,
2379 4227 2586 4294 videte,
2638 4228 2691 4283 id
2729 4237 2812 4285 est
2869 4237 3088 4295 cavete,
3135 4243 3454 4298 summaque
3498 4229 3774 4300 diligentia

2192 4321 2478 4388 attendite,
2519 4335 2587 4376 ne
2613 4320 2753 4376 forte
2796 4321 2866 4376 sit
2911 4322 2966 4375 in
3021 4321 3200 4390 aliquo
3248 4331 3494 4375 vestrum
3530 4323 3773 4377 voluntas

2193 4428 2301 4470 non
2347 4413 2517 4478 bona,
2552 4421 2609 4468 et
2641 4405 2738 4468 cor
2778 4413 2977 4468 malum
3027 4413 3418 4469 incredulitatis
3463 4413 3774 4469 discedendi

2194 4519 2226 4558 a
2258 4504 2369 4559 Deo
2399 4494 2547 4568 vivo;
2594 4504 2735 4558 sicut
2779 4503 2880 4558 fuit
2926 4505 2979 4558 in
3035 4502 3142 4558 illis
3197 4504 3292 4574 qui
3340 4514 3673 4559 erraverunt
3719 4506 3772 4558 in

2197 4595 2412 4651 deserto
2461 4595 2736 4651 adorando
2780 4595 2940 4659 idola,
2970 4603 3026 4650 et
3071 4595 3326 4666 pereatis,
3371 4595 3520 4651 sicut
3558 4596 3639 4650 illi
3687 4610 3772 4666 pe-

2196 4688 2425 4743 rierunt.

2268 4778 2370 4834 Sed
2391 4781 2734 4834 exhortamim'
2769 4788 3098 4851 vosmetipsos
3136 4797 3232 4851 per
3255 4779 3490 4851 singulos
3514 4782 3654 4846 dies,
3690 4781 3772 4834 do-

2196 4887 2288 4926 nec
2333 4872 2488 4925 hodie
2536 4874 2950 4942 cognominatur,
2978 4881 3035 4925 ut
3080 4890 3185 4928 non
3232 4873 3523 4928 abduntur
3561 4876 3680 4944 quis
3714 4889 3772 4928 es

2196 4963 2336 5018 vobis
2369 4963 2584 5033 fallacia
2610 4966 2825 5034 peccati.
2854 4963 2989 5032 Quia
3012 4963 3115 5019 illis
3135 4963 3333 5021 Judais
3353 4966 3651 5030 scribebat,
3687 4966 3770 5034 qui

2189 5056 2303 5126 jam
2335 5056 2674 5111 crediderant
2701 5064 2757 5110 et
2803 5057 2942 5114 inter
2968 5070 3103 5125 quos
3144 5055 3280 5110 tales
3307 5065 3462 5111 erant
3509 5056 3600 5126 qui
3640 5055 3772 5110 alios

2201 5147 2259 5202 in
2287 5147 2391 5202 ﬁde
2409 5187 2424 5212 ,
2457 5163 2552 5218 spe
2571 5188 2585 5213 ,
2617 5147 2880 5218 bonisque
2905 5148 3162 5217 operibus
3184 5147 3460 5202 exhortari
3501 5157 3766 5216 peierarit.

2199 5237 2323 5292 ideo
2373 5237 2553 5292 taliter
2587 5236 2864 5306 loquitur:
2916 5237 3310 5301 Exliortamini,
3356 5238 3626 5306 inquiens,
3679 5254 3770 5293 vos

2199 5327 2450 5393 invicem,
2479 5337 2534 5384 et
2560 5328 2813 5400 corrigite
2843 5329 3196 5398 vosmetipsos
3223 5343 3321 5398 per
3354 5327 3594 5398 singulos
3635 5329 3769 5390 dies.

2197 5421 2370 5476 donec
2409 5419 2568 5476 hodie
2605 5421 3051 5491 cognominatur;
3093 5421 3146 5476 id
3196 5428 3302 5484 est,
3347 5419 3493 5476 omni
3531 5430 3771 5488 tempore

2199 5513 2482 5584 prmsentis
2527 5513 2649 5568 vius
2704 5513 2758 5567 in
2813 5528 2920 5582 quo
2961 5521 3044 5567 est
3083 5514 3314 5581 spatium
3363 5511 3685 5581 pmuitendi.
3716 5509 3771 5564 Si

2200 5607 2480 5676 quisquam
2501 5605 2825 5677 peccaverit,
2854 5619 2960 5659 non
2989 5605 3236 5674 desperet
3259 5603 3328 5659 de
3353 5603 3510 5662 venia
3537 5602 3771 5671 quandiu

2198 5698 2346 5758 vivit.
2381 5713 2482 5754 nec
2506 5697 2799 5752 obduretur
2821 5696 3013 5766 aliquis
3037 5704 3271 5751 vestrum
3300 5692 3507 5748 fallacia
3535 5693 3772 5762 peccati;

2199 5789 2252 5842 id
2292 5797 2403 5851 est,
2430 5787 2803 5856 desperatione
2831 5787 3129 5855 decipiente
3159 5794 3378 5856 peccato
3409 5783 3772 5848 inﬁdelitatis,

2199 5880 2352 5949 quasi
2388 5894 2484 5948 per
2516 5878 2887 5947 penitentiam
2929 5893 3031 5932 non
3069 5878 3238 5947 possit
3261 5875 3564 5945 promereri
3601 5871 3793 5962 indul-_
