3974 6470
242 470 355 535 845

942 468 1303 529 EXPOSITIO
1335 470 1402 526 IN
1439 471 1588 527 EPP.
1630 470 1689 525 S.
1730 470 1951 525 PAULI.
1991 504 2063 516 —-
2094 475 2161 532 IN
2198 478 2416 537 EPIST.
2460 479 2551 538 AD
2586 477 2791 534 HEBR.

3394 477 3513 540 846

244 591 499 666 gentiam.
528 588 619 645 llle
657 588 802 646 enim
827 589 919 659 qui
953 591 1087 644 satis
1130 591 1362 661 perfecte
1387 605 1492 644 non
1521 588 1711 655 credit,
1737 605 1823 644 so-
1849 601 1900 659 Α
1998 593 2199 659 Quibus
2221 607 2395 652 autem
2424 599 2659 667 infensus
2686 607 2763 653 est
2790 596 3140 669 quadraginta
3163 598 3357 652 annis?
3375 612 3509 653 ηοη-
3558 648 3570 662 ,

244 683 320 739 let
334 681 649 752 plerumque
664 681 720 736 in
742 681 1351 752 desperationem’ruere
1367 724 1380 747 ,
1409 683 1687 753 redditque
1699 699 1831 737 cau-

245 788 386 839 sam,
427 788 594 845 quare
625 787 783 827 nemo
807 774 999 828 debeat
1028 774 1315 843 desperare
1339 777 1404 830 de
1432 776 1590 828 venia
1614 775 1827 829 dicens:

323 862 613 934 Participes
637 864 772 917 enim
804 863 997 917 Christi
1019 864 1186 934 eﬂ‘ecti
1208 860 1407 918 sumus.
1457 863 1674 920 Christo
1710 880 1836 935 par-

247 954 539 1025 tietpamur
563 963 619 1010 et
660 954 1069 1026 conjungimur,
1118 964 1322 1024 utpote
1373 971 1539 1009 unum
1576 971 1698 1011 cum
1744 955 1834 1010 illo

245 1050 561 1104 existentes.
588 1047 645 1103 Si
672 1049 891 1117 quidem
918 1049 971 1101 in
999 1049 1101 1102 hoc
1147 1048 1534 1119 participantur
1562 1048 1659 1115 illi,
1705 1049 1833 1118 quia

246 1140 365 1213 ipse
393 1149 556 1210 caput
590 1151 860 1204 nostrum,
887 1149 942 1193 et
972 1154 1069 1193 nos
1114 1138 1354 1193 membra
1380 1138 1543 1204 illius,
1594 1141 1836 1194 coluere-

247 1232 342 1288 des
362 1240 415 1286 et
436 1231 847 1301 concorporales
875 1230 972 1295 illi,
1003 1231 1297 1285 secundqu
1326 1231 1622 1301 Spiritalem
1655 1231 1832 1286 homi-

245 1340 372 1380 nem
420 1324 511 1394 qui
540 1333 756 1379 creatus
802 1332 885 1377 est
909 1324 963 1377 in
994 1323 1129 1391 ipso.
1164 1322 1220 1377 ln
1261 1339 1326 1377 eo
1354 1325 1517 1377 etiam
1548 1325 1837 1393 participa-

246 1431 373 1471 mur
402 1416 643 1486 illi,quia
676 1430 872 1485 corpus
904 1424 960 1469 et
982 1416 1294 1485 sanguinem
1326 1415 1441 1483 ejus
1471 1417 1732 1471 sumimus
1769 1416 1835 1471 ad

246 1510 671 1580 redemptionem
701 1511 889 1575 nostri,
917 1518 1247 1579 quapropter
1276 1526 1383 1563 non
1415 1520 1499 1564 est
1545 1511 1838 1578 desperan-

246 1602 397 1656 tlum.
449 1600 507 1655 Si
551 1611 725 1655 tamen
769 1601 977 1654 initium
1026 1602 1330 1653 substantia:
1369 1617 1530 1671 usque
1572 1601 1640 1652 ad
1679 1600 1836 1668 ﬁnem

245 1693 458 1762 ﬁrmum
486 1680 799 1746 ritineantus
818 1732 832 1758 ,
856 1694 981 1747 dum
1010 1692 1205 1746 dicitur
1226 1707 1243 1743 :
1262 1692 1433 1746 Hodie
1450 1694 1496 1746 si
1526 1709 1694 1746 vocem
1724 1693 1837 1762 ejus

246 1785 539 1849 audieritis,
571 1785 730 1839 nolite
757 1786 1016 1839 obdurare
1040 1786 1200 1840 corda
1229 1796 1399 1840 vestra
1452 1797 1640 1841 contra
1671 1786 1838 1840 Deum

247 1876 305 1931 in
336 1877 684 1944 infidelitate,
717 1880 1157 1949 quemadmodum
1202 1883 1257 1935 in
1297 1881 1390 1935 illa
1418 1882 1836 1946 exacerbatione,

1933 699 1996 738 ne
2024 684 2128 737 illis
2157 688 2245 756 qui
2273 700 2608 756 peccaverunt
2632 730 2647 753 ,
2691 706 2912 761 quorum
2952 690 3204 743 cadavera
3242 684 3509 758 prostrata

1931 784 2050 828 sunt
2079 776 2131 830 in
2152 776 2352 830 deserto
2369 778 2395 832 ?
2422 777 2626 844 Quibus
2653 790 2831 835 autem
2854 780 3052 851 juravit
3079 795 3179 834 non
3207 780 3424 834 introire
3445 782 3506 835 in

1932 867 2157 937 requiem
2179 883 2330 921 suam
2357 868 2457 922 nisi
2484 868 2591 922 illis
2620 871 2710 942 qui
2743 868 3003 924 increduli
3030 868 3284 939 fuerunt?
3312 868 3369 924 ιιι
3399 880 3508 938 est,

1934 957 2040 1012 illis
2085 958 2176 1028 qui
2232 958 2617 1014 dubitaverunt
2669 960 2810 1029 quod
2863 961 3125 1030 potuisset
3178 973 3272 1016 eos
3325 959 3511 1017 Domi-

1934 1066 2036 1105 nus
2084 1050 2341 1105 inducere
2381 1051 2434 1105 in
2488 1060 2688 1107 terram
2738 1052 3185 1121 repromissionis.
3237 1052 3306 1107 Et
3360 1053 3508 1107 uide-

1934 1160 2072 1209 mus,
2105 1143 2158 1199 id
2178 1152 2262 1197 est
2284 1137 2652 1214 intelligimus,
2679 1143 2932 1213 quoniam
2974 1159 3075 1196 non
3100 1152 3374 1212 potuerunt
3422 1143 3511 1197 in;

1937 1242 2081 1290 trare
2105 1237 2158 1290 in
2182 1238 2423 1306 requiem
2450 1236 2617 1306 ipsius
2638 1237 2724 1290 illa
2747 1246 2996 1293 sexcenta
3019 1237 3183 1291 millia
3206 1248 3411 1307 propter
3429 1238 3511 1290 in-

1935 1328 2290 1382 credulitatem

2546 1458 2769 1515 CAPUT
2810 1459 2894 1514 IV.

2013 1592 2306 1646 Timeamus
2341 1609 2462 1663 ergo
2490 1609 2552 1646 ne
2577 1594 2711 1663 forte
2738 1593 2918 1647 relicta
2950 1592 3323 1663 pollicitatione
3349 1602 3514 1647 mtro-

1938 1685 2095 1738 eundi
2139 1685 2193 1738 in
2226 1685 2449 1755 requiem
2471 1685 2662 1754 ipsius,
2690 1685 3016 1739 existimetur
3042 1684 3231 1756 aliquis
3275 1701 3338 1739 ea:
3371 1685 3514 1739 vobis

1940 1783 2135 1835 deesse.
2188 1782 2517 1847 Timeamus,
2548 1785 2740 1853 inquit,
2776 1786 3130 1854 perditionem
3170 1786 3400 1850 illorum,
3422 1786 3514 1856 ju-

1942 1884 2193 1945 stumque
2209 1874 2467 1944 judicium
2506 1876 2621 1939 Dei,
2653 1878 2742 1946 qui
2779 1878 2965 1931 reddet
2995 1878 3285 1947 unicuique
3325 1892 3518 1933 secun-

246 1969 507 2025 subaudis
535 1970 941 2027 obduraverunt
979 1982 1163 2043 patres
1188 1974 1354 2028 vestri
1380 1976 1541 2029 corda
1581 1990 1697 2028 sua.
1728 1974 1834 2028 lni-
1864 1972 1909 2032 Β
1936 1968 2063 2021 dum
2084 1982 2247 2037 Opera
2281 1983 2396 2032 Sua,
2428 1982 2495 2021 ne
2523 1968 2660 2022 forte
2688 1968 2873 2022 relicta
2897 1978 2951 2022 et
2976 1969 3217 2039 neglecta
3257 1970 3518 2039 pollicita-

248 2066 385 2119 tium
412 2067 730 2120 substantia:
754 2066 955 2122 Christi
982 2068 1113 2122 dicit
1138 2068 1292 2123 ﬁdem
1319 2068 1539 2133 Christi,
1563 2084 1837 2138 perquam

246 2157 596 2212 subsistimus
627 2167 681 2211 et
710 2159 883 2212 renati
938 2174 1144 2223 sumus,
1190 2159 1315 2229 quia
1368 2160 1483 2229 ipse
1524 2168 1609 2214 est
1652 2159 1841 2214 funda-

247 2260 487 2305 mentum
510 2252 752 2305 omnium
776 2252 1055 2306 virtutum.
1085 2252 1150 2306 Et
1177 2254 1311 2306 bene
1336 2253 1692 2308 substantiam
1718 2266 1837 2308 eam

210 2370 215 2377 ε
245 2352 428 2404 vocat,
454 2343 579 2412 quia
594 2343 733 2397 sicut
751 2345 1137 2413 corpusnnima
1161 2344 1407 2398 suissistit
1428 2353 1482 2398 et
1512 2343 1835 2409 vivilicatur,

243 2434 324 2492 ita
370 2436 548 2492 anima
605 2437 708 2491 ﬁde
753 2437 1002 2491 subsistit
1046 2436 1099 2490 in
1136 2436 1361 2490 Domino
1408 2443 1463 2490 et
1514 2435 1836 2503 viviﬁcatur,

246 2543 315 2586 ac
349 2531 466 2585 sine
498 2529 602 2584 lide
623 2529 776 2599 quasi
806 2529 942 2583 nihil
971 2537 1072 2584 est.
1120 2528 1272 2584 Unde
1301 2528 1433 2583 dicit
1478 2543 1575 2598 per
1602 2528 1837 2597 prophe-

243 2634 358 2682 tam
392 2625 617 2698 (Habac.
652 2626 713 2697 ιι)
760 2644 772 2680 :
801 2623 989 2679 Iustus
1040 2632 1215 2678 autem
1265 2638 1419 2678 meus
1458 2638 1523 2677 ea:
1556 2622 1660 2688 ﬁde
1695 2623 1835 2676 civit.

241 2719 316 2773 Et
337 2718 477 2773 idem
501 2718 749 2788 egregius
780 2718 1142 2786 praedicator:
1176 2716 1303 2770 Sine
1327 2716 1464 2785 ﬁde,
1504 2715 1709 2784 inquit,
1734 2715 1835 2766 im-

240 2812 490 2885 possibile
515 2822 588 2867 est
614 2812 818 2884 placere
846 2811 952 2864 Deo
975 2809 1161 2882 (Hebr.
1192 2811 1292 2881 ιι).
1323 2808 1633 2864 Substantia
1659 2820 1838 2863 autem

244 2903 452 2961 Christi
498 2904 800 2976 appellatur
826 2904 981 2969 ﬁdes,
1017 2903 1098 2957 vel
1127 2903 1253 2972 quia
1306 2903 1373 2956 ab
1407 2902 1497 2955 illo
1526 2903 1705 2968 datur,
1757 2902 1839 2957 vel

246 3003 399 3050 certe
418 2995 543 3065 quia
567 2996 681 3065 ipse
708 3011 808 3065 per
829 3010 948 3049 eam
984 2993 1191 3048 habitat
1215 2994 1265 3046 in
1290 2993 1544 3047 cordibus
1568 2994 1836 3059 lidelum;

237 3082 394 3155 juxta
438 3083 583 3153 quod
633 3084 775 3139 idem
822 3082 1109 3152 Apostolus
1146 3083 1279 3137 alias
1310 3082 1480 3146 dicit,
1507 3083 1743 3153 optando
1782 3083 1839 3137 in

243 3175 493 3230 interiore
517 3175 747 3241 homine,
787 3174 1025 3229 habitare
1044 3173 1310 3229 Christum
1335 3192 1427 3245 per
1447 3173 1605 3244 ﬁdem
1634 3177 1690 3228 in
1721 3190 1838 3228 cor-

242 3268 398 3324 dibus
420 3270 598 3323 vestris
623 3268 838 3341 (Ephes.
868 3268 975 3339 ιιι).
1010 3267 1162 3322 Tunc
1182 3281 1312 3337 ergo
1333 3261 1601 3321 veraciter
1629 3265 1833 3320 Christi

239 3360 534 3433 participes
554 3337 763 3427 sumus,
783 3360 828 3415 si
852 3337 1010 3414 ﬁdem
1033 3359 1148 3430 ejus
1172 3373 1341 3430 usque
1359 3360 1425 3412 ad
1457 3358 1620 3413 linem
1642 3358 1832 3414 mortis
1856 3337 1903 3401 ί)
1934 3344 2187 3400 omnibus
2225 3344 2355 3399 άίείῑ
2402 3359 2417 3398 ε

240 3462 471 3518 nostra»,
496 3451 583 3507 vel
636 3468 807 3523 usque
833 3452 900 3507 ad
933 3451 1074 3507 diem
1123 3452 1315 3522 judicii
1345 3450 1557 3505 ﬁrmam
1590 3451 1830 3506 retinue-

242 3544 415 3600 rimus
473 3543 621 3599 omni
680 3544 930 3599 videlicet
989 3554 1271 3615 tempore,
1326 3543 1562 3613 quandiu
1634 3543 1832 3597 dicitur

241 3635 402 3692 nobis
426 3650 523 3706 per
544 3636 861 3707 prophetam
890 3655 904 3670 -
934 3635 1107 3690 Hodie
1132 3638 1177 3690 si
1200 3653 1371 3691 vocem
1394 3637 1505 3706 ejus
1534 3635 1828 3701 audieritis,

244 3729 403 3783 nolite
425 3724 686 3784 obdurare
714 3730 873 3783 corda
905 3741 1090 3783 vestra.

318 3819 547 3885 Quidam
596 3819 731 3872 enim
778 3820 1046 3873 audientes
1099 3820 1554 3882 exacerbatterunt,
1588 3820 1677 3872 sed
1728 3835 1833 3873 non

240 3925 458 3973 omnes,
500 3910 591 3979 qui
620 3909 839 3980 profecti
886 3919 1005 3963 sunt
1050 3913 1115 3963 ab
1168 3909 1400 3979 Egi/pio
1451 3926 1543 3979 per
1588 3909 1828 3979 Moysen.

245 4002 396 4057 lllius
421 4002 663 4057 historiae
693 4002 852 4056 tacite
876 4002 1202 4056 mentionem
1230 4000 1377 4065 facit,
1409 4000 1624 4070 quando
1654 4013 1835 4054 rever-

252 4095 329 4150 sis
380 4094 813 4166 exploratoribus
860 4094 1115 4149 dixeruut
1181 4094 1570 4149 murmurando
1628 4091 1831 4164 (Num.

254 4185 408 4258 xlv):
446 4183 656 4240 Utinam
683 4184 1104 4240 nonintroducat
1149 4200 1242 4239 nos
1264 4184 1519 4239 Dominus
1545 4185 1601 4238 in
1638 4194 1834 4238 terram

249 4276 438 4341 illaut;
474 4275 639 4332 Josue
665 4284 845 4331 autem
888 4286 943 4332 et
984 4275 1148 4331 Caleb
1176 4274 1612 4348 glorificaverunt
1662 4273 1832 4329 Deum

249 4370 494 4425 dicentes
523 4370 588 4423 ad
625 4384 840 4425 omnem
885 4368 1283 4425 mcltilmlinem
1330 4386 1343 4421 :
1382 4366 1572 4422 Potens
1613 4377 1688 4421 est
1731 4366 1834 4421 Do-

242 4464 419 4516 minus
444 4460 774 4515 introducere
805 4476 898 4513 nos
927 4458 996 4514 ad
1027 4470 1222 4513 terram
1252 4458 1419 4512 illam.
1450 4458 1680 4526 Quidam
1704 4471 1836 4526 ergo

243 4554 528 4608 audientes
570 4553 793 4607 verbum
833 4552 927 4607 Dei
970 4552 1038 4607 de
1070 4552 1431 4622 promissione
1478 4560 1534 4607 et
1581 4567 1831 4607 sermone

244 4644 668 4716 exploratorum,
699 4645 766 4699 ad
792 4645 1207 4701 amaritudinem
1249 4654 1677 4715 provocaverunt
1706 4659 1829 4699 eum

1942 2060 2087 2114 tione
2120 2060 2263 2125 lidei,
2288 2075 2447 2129 quam
2490 2060 2597 2115 Deo
2627 2061 2870 2115 dedimus
2898 2061 2953 2118 in
2982 2062 3305 2130 baptismate
3347 2063 3519 2118 intro-

1941 2153 2103 2208 eundi
2148 2154 2202 2207 in
2249 2153 2489 2223 requiem
2538 2154 2727 2222 patriae
2775 2153 3044 2219 caelestis,
3088 2162 3145 2207 et
3182 2162 3518 2208 revertamur

1941 2245 2137 2300 iterum
2186 2246 2250 2299 ad
2282 2260 2445 2315 opera
2492 2245 2841 2311 inﬁdelitatis,
2883 2261 3005 2315 quae
3030 2245 3397 2300 abdicavimus
3424 2260 3518 2300 co-

1940 2354 2057 2392 ram
2109 2336 2294 2392 multis
2327 2337 2574 2392 testibus.
2608 2337 2791 2391 Potest
2831 2346 2885 2392 et
2913 2336 2980 2391 de
3007 2337 3097 2391 illa
3124 2336 3519 2406 pollicitatione

1940 2427 2188 2497 intelligi,
2219 2442 2379 2497 quam
2411 2427 2937 2499 Dominuspromisit
2976 2429 3133 2482 nobis
3160 2428 3345 2482 dicens
3381 2446 3394 2480 ε
3426 2427 3520 2480 Di-

1940 2519 2066 2573 scite
2110 2536 2142 2572 a
2184 2536 2263 2573 me
2292 2520 2415 2590 quia
2456 2519 2595 2573 mitis
2636 2537 2751 2574 sum
2796 2531 2841 2574 et
2889 2521 3105 2574 humilis
3131 2520 3355 2574 cordeet
3380 2521 3520 2575 inve-

1939 2611 2093 2665 nietis
2132 2614 2355 2680 requiem
2386 2612 2658 2666 animabus
2704 2614 2885 2666 vestris
2914 2611 3127 2684 (Matth.
3175 2612 3273 2683 χι).
3314 2613 3381 2666 Et
3408 2614 3521 2682 ipse

1939 2716 2069 2772 ergo
2094 2701 2418 2756 uobisillam
2452 2703 2690 2772 requiem
2728 2703 2977 2773 promisit
3004 2713 3058 2757 et
3097 2718 3196 2758 nos
3234 2704 3547 2774 spopondi-.

1938 2807 2061 2847 mus
2087 2808 2207 2857 .nos
2239 2779 2536 2847 intraturos
2595 2793 2649 2847 in
2699 2809 2819 2848 eam
2870 2803 3108 2864 tempore
3159 2794 3518 2864 baptismatis.

1939 2883 2299 2951 Quamobrem
2333 2882 2571 2937 laborate
2597 2924 2611 2948 ,
2649 2899 2715 2938 ne
2751 2884 3092 2940 existimetur
3117 2884 3312 2956 aliquis
3339 2902 3406 2940 ex
3430 2901 3522 2941 vo-

1938 2974 2023 3028 bis
2052 2975 2240 3029 deesse
2264 2976 2330 3028 ab
2355 2974 2444 3028 illo
2474 2990 2658 3045 regno,
2694 2976 2794 3030 hoc
2822 2986 2922 3044 est,
2952 2992 3018 3032 ne
3048 2978 3245 3048 aliquis
3277 2959 3517 3033 vestrum

1940 3063 2121 3118 minus
2154 3064 2346 3135 dignus
2375 3064 2681 3120 inveniatur
2708 3067 3016 3123 introeundi
3038 3068 3092 3123 in
3118 3069 3356 3139 requiem
3404 3069 3520 3125 Dei.

1938 3156 2202 3226 Loquitur
2240 3158 2525 3227 Apostolus
2565 3175 2715 3214 more
2763 3162 3031 3215 viatorum
3066 3162 3521 3232 proﬁciscentium

1936 3246 2005 3303 de
2031 3264 2137 3303 una
2166 3251 2382 3321 regione
2409 3251 2462 3305 in
2512 3252 2700 3315 aliam,
2727 3253 2921 3323 quibus
2943 3254 3079 3309 solet
3105 3254 3286 3310 dicere
3336 3255 3386 3310 is
3427 3256 3521 3325 qui

2463 3344 2655 3401 Videte
2685 3361 2753 3400 ne
2780 3347 2903 3417 quis
2936 3356 3175 3402 vestrum
3227 3348 3283 3401 in
3328 3347 3522 3403 itinere

1934 3443 2234 3501 remaneat,
2273 3444 2331 3489 ut
2365 3436 2522 3490 simul
2569 3452 2759 3492 omnes
2801 3438 3083 3508 pervenire
3110 3439 3379 3509 possimus
3405 3455 3513 3511 quo

1935 3526 2245 3593 tendimus;
2284 3527 2377 3583 sed
2416 3528 2519 3582 etsi
2547 3527 2701 3596 cujus
2719 3529 3022 3596 iumentum
3048 3544 3160 3600 prae
3202 3530 3518 3586 lassitudine

1928 3618 2193 3674 deiecerit
2215 3660 2229 3684 ,
2259 3618 2537 3674 sublevate
2566 3620 2798 3674 invicem
2827 3619 2944 3688 ejus
2968 3621 3232 3685 sarcinas,
3278 3634 3346 3675 ne
3374 3621 3516 3678 forte

1930 3714 2003 3768 ob
2026 3715 2127 3767 hoc
2154 3714 2207 3767 in
2237 3714 2322 3767 via
2349 3722 2642 3767 remaneat.
2674 3713 2844 3767 Electi
2869 3713 3012 3768 enim
3036 3713 3088 3768 in
3119 3715 3370 3784 praesenti
3408 3730 3509 3771 Ste—

1932 3803 2074 3868 culo,
2106 3804 2260 3873 quasi
2292 3805 2343 3857 in
2371 3804 2453 3857 via
2487 3812 2612 3858 sunt
2635 3803 2914 3859 tendentes
2938 3806 3006 3860 ad
3028 3807 3292 3876 patriam;
3333 3808 3428 3862 sed
3451 3823 3519 3864 ne

1934 3894 2130 3971 aliquis
2148 3904 2441 3959 remaneat,
2466 3896 2557 3963 qui
2579 3911 2685 3950 non
2708 3897 3177 3965 possitpervenire
3200 3899 3265 3952 ad
3286 3901 3518 3967 patriam

1935 3986 2211 4040 cadestcm
2240 4027 2254 4052 ,
2287 3988 2554 4058 simplices
2583 3990 2784 4057 quique
2837 4000 2893 4043 et
2937 3989 3138 4044 inﬁrmi
3191 3992 3511 4047 sublevandi

1935 4085 2061 4131 sunt
2098 4092 2261 4146 opere
2309 4086 2365 4132 et
2409 4077 2610 4132 auxilio
2659 4078 2901 4143 fortium,
2938 4078 3093 4148 juxta
3127 4079 3257 4133 illud
3307 4098 3319 4133 :
3371 4079 3518 4134 Alter

1936 4167 2154 4221 alterius
2184 4184 2343 4222 onera
2365 4178 2566 4239 portate
2594 4167 2735 4239 (Gal.
2768 4171 2865 4240 νι).

2008 4260 2216 4314 Etenim
2244 4271 2290 4314 et
2325 4261 2471 4317 nobis
2520 4264 2816 4317 nuntiatum
2850 4275 2943 4329 est,
2984 4262 3423 4335 quemadmodum
3469 4274 3519 4318 et

1936 4352 2063 4409 illis.
2099 4354 2246 4411 More
2274 4355 2431 4411 solito
2458 4355 2635 4428 jungit
2659 4372 2717 4412 se
2743 4356 2942 4412 Judteis
2969 4360 3061 4428 qui
3104 4367 3230 4414 tunc
3258 4356 3517 4427 temporis

1937 4456 2113 4513 erant,
2143 4454 2200 4502 et
2226 4448 2357 4502 dicit
2385 4465 2398 4502 :
2436 4448 2649 4504 Etenim
2678 4450 2930 4505 omnibus
2958 4451 3114 4506 nobis
3144 4448 3344 4505 Juda'is
3382 4467 3523 4505 unn-

1941 4540 2133 4594 tiatum
2173 4548 2345 4595 estut
2395 4539 2660 4595 intremus
2686 4543 2739 4596 in
2770 4542 3011 4611 requiem
3048 4543 3236 4611 patria:
3277 4541 3517 4595 caelestis

1937 4632 2388 4703 quemadmodum
2411 4644 2467 4688 et
2498 4633 2603 4688 illis
2627 4636 2717 4705 qui
2748 4635 2951 4704 egressi
2981 4644 3106 4689 sunt
3140 4650 3207 4688 ex
3257 4633 3516 4705 IEgypIO,

246 4704 333 4794 ob.
358 4704 753 4795 incredulitatis
780 4748 837 4792 ει
878 4704 1273 4807 despemtioni;
1320 4737 1542 4803 malum,
1573 4746 1828 4793 sexcenta
1854 4704 1910 4765 Ῑ)
1936 4726 2239 4781 nuntiatum
2281 4735 2366 4781 est
2397 4738 2456 4779 ut
2485 4704 2752 4781 intrarent
2778 4727 2831 4780 in
2861 4728 3098 4797 requiem
3148 4737 3303 4781 terra:
3331 4742 3519 4798 repro-

245 4830 501 4885 videlicet
532 4828 717 4892 millia,
748 4843 978 4898 quorum
1008 4843 1235 4898 corpora
1274 4836 1547 4898 prostrata
1591 4837 1719 4883 sunt
1773 4829 1828 4882 in

248 4924 500 4987 deserto;
529 4921 623 4976 sed
649 4930 831 4974 tamen
866 4936 973 4975 non
999 4921 1465 4975 exacerbaverunt
1487 4934 1608 4974 eum
1640 4934 1831 4975 omnes

245 5015 341 5086 qui
377 5012 605 5083 profecti
644 5021 788 5065 sunt'
823 5027 891 5067 ex
931 5009 1165 5086 Egypto
1212 5028 1225 5064 :
1276 5012 1531 5081 quoniam
1573 5009 1736 5066 .losue
1780 5019 1835 5065 et

243 5083 409 5161 Caleb
454 5117 521 5159 ex
569 5109 717 5156 tanta
764 5083 1112 5156 multitudine
1163 5090 1602 5170 glorificaverunt
1648 5100 1831 5166 illum,

243 5199 389 5253 unde
417 5205 472 5253 et
490 5204 804 5252 meruerunt
834 5205 1035 5249 terram
1066 5192 1502 5264 repromissionis
1530 5207 1636 5247 non
1661 5192 1835 5247 solum

240 5291 545 5363 possidere,
603 5290 698 5344 sed
747 5288 912 5342 etiam
974 5286 1092 5340 aliis
1159 5299 1254 5354 per
1310 5292 1511 5338 sortem
1574 5283 1832 5338 dividere.

244 5379 427 5450 Quare
452 5390 631 5436 autem
660 5379 950 5450 Apostolus
974 5379 1077 5432 hoc
1101 5384 1464 5447 prosequatur
1485 5389 1675 5429 sensus
1702 5380 1785 5429 est
1817 5392 1831 5429 :

243 5479 553 5537 Audierunt
603 5478 676 5533 illi
721 5491 910 5532 omnes
957 5475 1183 5530 verbum
1230 5472 1325 5527 Dei
1374 5471 1440 5526 de
1477 5471 1836 5541 promissione

246 5582 412 5630 terra:
440 5570 903 5643 repromissionis.
938 5568 1079 5624 sicut
1099 5574 1155 5623 et
1186 5582 1286 5623 nos
1320 5564 1621 5619 audivimus
1642 5565 1708 5618 de
1734 5578 1831 5633 pa-

245 5666 358 5724 tria
384 5666 624 5731 caelesti;
657 5665 782 5730 sed,
815 5663 941 5733 quid
971 5661 1173 5733 profuit
1213 5661 1320 5717 illis
1349 5675 1531 5716 sermo
1577 5656 1837 5713 auditus?

243 5757 428 5818 Nolite
457 5776 584 5832 ergo
612 5768 802 5829 putare
841 5759 983 5827 quod
1020 5772 1085 5811 ex
1123 5757 1307 5811 auditu
1342 5762 1550 5809 tantum
1579 5752 1838 5823 prauiiea-

248 5851 417 5909 tionis
465 5852 717 5907 introitus
754 5832 834 5903 sit
884 5850 935 5903 in
996 5848 1236 5918 requiem
1286 5845 1402 5913 Dei,
1446 5845 1551 5899 nisi
1594 5844 1834 5899 adhibita

254 5944 421 6002 fuerit
449 5947 578 5999 lides
605 5947 667 5999 de
694 5944 852 5999 corde
883 5958 1036 6012 puro.

1896 4827 1905 4834 ‘
1934 4817 2248 4883 missionis;
2279 4817 2437 4871 nobis
2461 4827 2634 4871 tamen
2678 4833 2777 4888 per
2815 4818 3029 4881 Filium,
3076 4818 3181 4873 iliis
3215 4828 3394 4872 autem
3423 4833 3523 4887 per

1935 4910 2216 4964 famulum.
2252 4908 2354 4963 Sed
2389 4925 2491 4963 non
2517 4909 2714 4979 profuit
2755 4926 2925 4964 sermo
2954 4911 3166 4965 auditus
3212 4927 3315 4964 non
3342 4910 3519 4963 admi-

1934 5016 2046 5061 stus
2069 5005 2192 5075 ﬁdei
2233 5020 2297 5058 ea:
2321 5005 2400 5058 his
2426 5020 2543 5074 quin
2576 5006 2877 5059 audierunt.
2927 5004 3119 5059 Sermo
3145 5020 3304 5074 quem
3339 5004 3525 5057 audie-

1937 5111 2067 5157 runt
2117 5100 2208 5156 illa
2254 5107 2510 5156 sexcenta
2562 5100 2728 5152 millia
2784 5116 2884 5171 per
2938 5099 3155 5169 Moysen
3206 5100 3272 5152 de
3336 5096 3524 5165 requie

1940 5203 2098 5249 terrae
2131 5192 2437 5255 Palestinze,
2473 5207 2584 5244 non
2617 5190 2821 5261 profuit
2857 5189 2979 5254 illis,
3007 5189 3133 5259 quia
3160 5203 3263 5242 non
3291 5186 3391 5241 fuit
3424 5188 3516 5240 ad-

1937 5285 2131 5340 mistus
2146 5296 2198 5337 et
2227 5282 2547 5351 conjunctus
2580 5281 2724 5346 ﬁdei,
2759 5291 2812 5335 et
2839 5288 3284 5348 eontemperatus
3315 5277 3419 5331 ﬁde
3448 5291 3513 5331 ex

1939 5378 2024 5433 his
2054 5375 2499 5448 promissionibus
2537 5391 2672 5445 quas
2703 5375 3006 5430 audierunt.
3040 5372 3193 5427 Tunc
3221 5371 3364 5426 enim
3394 5385 3519 5440 pro-

1938 5471 2115 5526 desset
2163 5470 2244 5524 eis
2286 5482 2467 5523 sermo
2509 5468 2724 5523 auditus
2772 5468 2818 5522 si
2852 5466 3235 5531 credidissent,
3261 5464 3518 5536 quoidam

1944 5572 2073 5617 tunc
2107 5569 2252 5617 esset
2295 5568 2733 5629 contemperatus
2776 5559 2899 5614 lide.
2955 5558 3219 5627 Quoniam
3257 5571 3385 5611 vero
3412 5569 3520 5610 non

1942 5655 2305 5719 crediderunt,
2337 5669 2444 5708 non
2484 5652 2585 5706 fuit
2627 5652 2946 5721 coniunctus
2982 5649 3127 5715 lidei,
3166 5648 3392 5718 ideoque
3432 5645 3514 5699 ui-

1942 5748 2014 5802 hil
2040 5748 2119 5802 eis
2148 5746 2516 5825 profuitquod
2548 5745 2853 5809 audierunt,
2898 5743 3158 5813 quoniam
3186 5741 3238 5795 in
3267 5754 3386 5793 eam
3436 5737 3519 5792 in-

1942 5851 2090 5897 trare
2124 5858 2229 5897 non
2256 5850 2587 5896 meruerunt.
2628 5841 2756 5893 Post
2792 5841 2903 5892 haec
2935 5839 3097 5893 verba
3128 5831 3523 5891 evbortutiouis

1943 5935 2218 6004 subjunxit
2245 5933 2550 6004 Apostolus,
2584 5932 2768 5986 dicens
2794 5948 2806 5985 :
