3974 6448
478 451 583 510 847

958 446 1316 507 HAYMONIS
1352 441 1835 501 HALBERSTAT.
1866 432 2088 496 ‘EPISC.
2127 438 2281 496 OPP.
2323 437 2504 494 PARS
2536 437 2577 493 Ι.
2614 434 2689 478 -'-
2721 432 3078 492 COMMENT.
3115 422 3295 490 DIBL.

3657 431 3769 494 διε

556 568 918 640 Ingrediemur
942 565 1079 618 enim
1105 562 1159 615 in
1188 559 1418 632 requiem
1442 558 1558 629 ejus
1588 556 1678 628 qui
1708 553 2060 617 credidimus;
2088 554 2143 617 Α
2165 550 2429 620 temporis.
2452 550 2589 604 sicut
2615 565 2779 640 supra
2801 548 3000 603 dictum
3031 557 3107 640 est
3131 564 3151 601 :
3181 545 3355 601 Hodie
3371 547 3427 640 si
3444 560 3621 640 vocem
3642 546 3767 640 ιλιι

481 657 918 734 quemadmodum
955 655 1130 709 dixit:
1160 650 1306 708 Sicut
1328 651 1510 722 juravi
1536 650 1592 703 in
1618 649 1701 703 ira
1746 664 1881 711 mea,
1914 646 1957 734 si
1979 646 2063 700 in-

482 748 713 803 troibant
733 745 790 799 in
812 744 1039 815 requiem
1073 757 1262 796 meam.
1292 740 1402 795 lsto
1430 739 1485 793 in
1510 737 1632 793 loco
1656 736 1723 791 ad
1752 733 2066 804 completio—

482 853 608 894 nem
639 850 853 899 sensus,
900 847 1127 889 necesse
1165 838 1249 887 est
1279 829 1484 900 aliquid
1514 827 1769 897 adjicere.
1798 823 2068 896 Ingredie-

483 942 607 982 mur
635 924 853 997 (inquit)
899 923 953 977 in
988 921 1229 992 requiem
1260 919 1449 990 patria:
1471 917 1730 981 cmlestis,
1772 930 1803 970 a
1835 915 1944 969 Deo
1969 928 2067 969 no-

479 1017 568 1072 bis
595 1017 922 1087 promissam
965 1013 1245 1078 subaudis,
1286 1027 1355 1067 ne
1411 1010 1551 1065 forte
1582 1009 1796 1064 dicatur
1834 1006 1991 1060 nobis
2021 1004 2070 1060 si

482 1105 748 1163 increduli
803 1104 1080 1169 fuerimus,
1140 1100 1592 1174 quemadmodum
1640 1099 1778 1154 dixit
1825 1097 1930 1152 illis
1976 1096 2071 1167 qui

484 1215 594 1256 non
623 1199 970 1262 introierunt,
995 1197 1042 1252 si
1069 1196 1389 1261 introibant,
1418 1195 1472 1249 id
1502 1203 1606 1259 est,
1642 1208 1747 1247 non
1773 1191 2072 1246 introibunt

485 1295 544 1350 in
582 1295 824 1364 requiem
873 1306 1071 1347 meam.
1121 1290 1326 1357 Quibus
1368 1287 1549 1343 verbis
1603 1287 1856 1341 hortatur
1883 1298 2072 1339 omnes

487 1384 692 1440 intrare
712 1385 765 1439 in
795 1382 1039 1453 requiem
1069 1379 1301 1444 Domini,
1331 1394 1397 1433 ne
1422 1376 1562 1432 forte
1591 1376 1748 1431 nobis
1769 1376 1979 1431 dicatur
2002 1374 2073 1430 ob

489 1476 863 1533 inlidelitatem
909 1474 1051 1544 quod
1085 1472 1191 1527 illis
1238 1471 1437 1526 dictum
1464 1477 1566 1524 est.
1608 1467 1742 1523 Nam
1774 1468 1916 1523 sicut
1949 1481 2071 1523 cer-

489 1575 605 1622 tum
629 1576 713 1622 est
740 1564 882 1635 quod
926 1561 1186 1619 increduli
1229 1577 1335 1616 non
1383 1558 1704 1624 introibant,
1743 1556 1824 1613 sic
1865 1566 2074 1612 certum

494 1658 767 1729 ﬁxumque
801 1658 1031 1712 habetur
1073 1653 1217 1724 quod
1242 1651 1446 1708 creduli
1497 1650 1820 1705 introibunt.
1855 1648 1921 1703 Et
1959 1649 2078 1719 qui-‘

494 1749 613 1804 dem
652 1748 891 1818 operibus
922 1744 985 1798 ab
1028 1743 1352 1797 institutione
1386 1740 1570 1795 mundi
1599 1739 1865 1810 perfectis.
1907 1738 1963 1794 id
1992 1744 2078 1793 est

492 1845 683 1893 ornatu
720 1834 900 1890 mundi
936 1831 1197 1904 perfecto.

2166 641 2470 708 audieritis,
2498 639 2658 695 nolite
2682 639 2941 693 obdurare
2968 638 3131 693 corda
3169 646 3361 692 vestra.
3390 637 3769 721 Ordo'verboo

2165 749 2288 790 rum
2319 741 2401 789 est
2428 751 2441 787 :
2465 732 2597 787 Post
2625 738 2839 786 tantum
2867 728 3136 801 temporis
3154 743 3261 797 quo
3282 726 3358 782 illi
3386 742 3770 783 murmurave-

2167 837 2316 893 runt,
2344 836 2400 883 et
2424 826 2623 882 mortui
2665 834 2793 880 sunt
2815 824 2870 880 in
2901 824 3141 889 deserto,
3172 822 3505 889 terminavit,
3552 823 3661 877 hoc
3686 830 3773 877 est

2170 920 2359 975 statuit
2381 928 2438 974 et
2474 918 2716 973 deﬁnivit
2742 916 2977 987 Spiritus
2999 921 3219 972 sanctus
3245 914 3445 969 iterum
3468 915 3771 986 quemdam

2170 1012 2345 1078 diem;
2391 1021 2604 1082 tempus
2648 1009 2901 1065 videlicet
2941 1008 3076 1064 Novi
3127 1007 3487 1072 Testamenti,
3538 1006 3772 1062 dicendo

2170 1123 2268 1180 per
2295 1107 2462 1162 David
2491 1125 2504 1161 :
2542 1105 2737 1171 Hodie,
2762 1105 2902 1161 sicut
2929 1118 3093 1175 supra
3132 1103 3335 1160 dictum
3358 1112 3463 1170 est,
3495 1103 3592 1158 ubi
3637 1103 3775 1173 Apo-

2172 1197 2342 1253 stolus
2384 1213 2450 1251 ex
2477 1211 2711 1267 persona
2750 1195 3026 1265 prophetae
3070 1195 3281 1250 locutus
3320 1202 3448 1250 est:
3502 1192 3685 1247 Hodie
3728 1199 3776 1247 si

2170 1304 2342 1343 vocem
2368 1287 2481 1357 ejus
2509 1288 2783 1341 audieritis
2825 1296 2959 1353 etc.,
2987 1288 3146 1358 quasi
3175 1287 3382 1343 diceret
3409 1286 3538 1342 aliis
3564 1286 3775 1352 verbis,

2173 1380 2218 1437 Ο
2250 1380 2417 1435 Judmi
2448 1381 2701 1435 concives
2746 1381 2902 1446 mei,
2964 1380 3135 1436 nolite
3186 1362 3383 1450 putare
3433 1380 3586 1450 quod
3634 1378 3779 1435 istud

2174 1474 2319 1544 quod
2343 1473 2511 1528 David
2534 1473 2669 1528 dixit
2695 1490 2708 1527 :
2734 1471 2905 1528 Hodie
2932 1472 2978 1528 si
3001 1487 3188 1528 vocem
3210 1470 3329 1541 ejus
3350 1470 3668 1535 audieritis,
3692 1484 3780 1525 no-

2173 1563 2266 1621 lite
2287 1565 2557 1620 obdurare
2578 1565 2741 1621 corda
2768 1571 2973 1630 vestra,
2997 1565 3066 1620 ad
3086 1564 3218 1619 illud
3264 1573 3481 1635 tempus
3505 1563 3783 1635 pertineat

2176 1672 2283 1727 quo
2306 1656 2380 1711 illi
2417 1664 2894 1712 murmuraverunt
2927 1656 2983 1710 in
3011 1656 3249 1722 deserto,
3303 1657 3387 1711 vel
3430 1656 3583 1726 quod
3619 1671 3779 1712 causa

2176 1748 2367 1803 salutis
2399 1747 2612 1802 illorum
2639 1746 2862 1811 dixerit,
2907 1747 3001 1817 qui
3037 1746 3152 1815 jam
3180 1746 3383 1802 mortui
3404 1757 3577 1803 erant
3610 1762 3628 1800 :
3659 1762 3781 1817 quo-

2180 1841 2327 1896 niam
2367 1840 2432 1894 ad
2463 1839 2608 1895 aliud
2645 1848 2857 1910 tempus
2882 1838 3141 1909 pertinet,
3172 1839 3241 1894 ad
3271 1846 3493 1908 tempus
3532 1839 3778 1893 videlicet

562 1930 707 1983 Dixit
728 1927 957 1999 quodam
988 1925 1101 1979 loco
1131 1923 1194 1977 de
1230 1923 1315 1977 die
1357 1930 1577 1992 septima
1600 1922 1674 1975 sic
1697 1933 1717 1971 :
1762 1918 1833 1973 Et
1879 1919 2077 1990 requie-

2187 1932 2317 1988 Novi
2348 1932 2701 1987 Tcstamenti.
2733 1932 2779 1986 A
2803 1931 2890 1986 die
2918 1932 3061 1985 enim
3106 1930 3575 1985 murmurationis
3600 1944 3777 1985 eorum

493 2020 562 2074 rit
584 2018 726 2073 Deus
752 2017 837 2071 die
865 2016 1082 2085 septima
1107 2013 1170 2067 ab
1198 2012 1436 2066 omnibus
1457 2011 1697 2082 operibus
1726 2011 1858 2064 suis.
1889 2009 1947 2063 lu
1974 2008 2081 2064 Ge-

494 2113 611 2168 nesi
650 2110 787 2166 dixit
806 2109 949 2165 Deus
982 2123 1080 2178 per
1105 2105 1321 2177 Moysen
1348 2104 1488 2159 istud
1531 2102 1683 2173 (Gen.
1722 2104 1807 2174 ιι).
1831 2102 1928 2157 llis
1957 2116 2079 2157 ver-

493 2204 578 2259 bis
607 2202 723 2257 vult
750 2199 1039 2271 Apostolus
1088 2198 1398 2264 ostendere,
1445 2196 1609 2251 aliam
1662 2211 1781 2251 esse
1838 2196 2079 2266 requiem

494 2290 777 2350 meliorem
807 2292 874 2347 ad
919 2307 1082 2362 quam
1125 2290 1298 2345 vocati
1337 2304 1541 2355 sumus,
1574 2304 1736 2359 quam
1782 2287 1950 2343 fuerit
1991 2287 2081 2342 illa

396 2414 399 2417 ν
494 2388 551 2442 in
578 2386 887 2463 Palaestina,
915 2384 982 2440 ad
1008 2399 1171 2455 quam
1206 2381 1375 2437 Judaei
1404 2382 1581 2436 vocati
1617 2390 1782 2447 sunt;
1808 2395 1911 2435 nec
1951 2379 2083 2435 dicit

498 2498 596 2539 nos
636 2484 937 2538 intraturos
965 2479 1020 2534 in
1067 2478 1217 2534 illam
1260 2493 1380 2547 qua:
1412 2476 1512 2532 fuit
1547 2477 1599 2529 in
1629 2474 1936 2538 Palaestina,
1987 2473 2081 2529 sed

494 2575 732 2631 ostendit
768 2575 888 2629 illos
918 2587 1027 2628 non
1075 2572 1309 2626 intrasse
1352 2578 1572 2640 propter
1616 2568 1871 2623 duritiam
1902 2567 2082 2622 cordis

500 2669 605 2733 sui,
634 2684 737 2724 nec
762 2668 818 2723 in
863 2666 1232 2730 Palaestinam,
1279 2679 1377 2721 uec
1415 2664 1472 2717 in
1514 2662 1755 2733 requiem
1783 2662 2079 2718 caelestem.

498 2760 643 2817 Dicit
668 2775 796 2839 ergo
823 2759 888 2813 de
926 2758 1102 2827 prima
1137 2756 1324 2825 requie
1353 2754 1469 2809 sic:
1508 2753 1795 2822 Requievit
1828 2753 1971 2809 Deus
1998 2753 2085 2808 die

497 2853 725 2923 septima
754 2852 823 2905 ab
843 2849 1093 2905 omnibus
1119 2847 1372 2919 operibus
1393 2847 1523 2901 suis.
1549 2845 1835 2915 Requievit
1862 2845 2083 2914 quidem

496 2961 527 3001 a
553 2944 864 3001 conditione
889 2956 1150 2997 novarum
1179 2948 1573 3004 creaturarum,
1605 2935 1699 2995 sed
1731 2954 1836 2993 non
1869 2938 2083 3007 requie-

496 3036 573 3092 vit
607 3051 637 3090 a
666 3033 1059 3108 gubernatione
1104 3046 1290 3089 eorum
1321 3047 1442 3102 qua:
1469 3030 1695 3095 fecerat,
1728 3036 1782 3086 et
1809 3036 1868 3085 ut
1907 3030 2086 3101 quoti-

497 3130 587 3186 die
608 3145 675 3184 ex
699 3128 831 3199 ipsis
856 3126 1023 3183 etiam
1067 3140 1208 3180 nova
1256 3124 1538 3194 producat.
1585 3123 1737 3180 Unde
1769 3123 1984 3179 Veritas
2027 3121 2085 3176 in

497 3219 788 3291 Evangelia
852 3217 1053 3274 Judaeis
1102 3216 1234 3271 dicit
1287 3234 1301 3269 :
1352 3213 1517 3269 Pater
1570 3232 1716 3269 meus
1764 3213 2083 3285 usquemodo

2180 2028 2235 2083 in
2277 2029 2515 2094 deserto,
2558 2025 2787 2082 multum
2829 2035 3042 2096 tempus
3067 2033 3153 2080 est
3180 2039 3354 2095 usque
3402 2024 3478 2078 ad
3517 2023 3699 2077 David
3734 2034 3781 2078 et

2178 2135 2349 2190 usque
2374 2117 2441 2173 ad
2469 2134 2588 2183 nos,
2620 2119 2817 2188 quibus
2840 2116 3010 2172 David
3032 2115 3137 2171 ista
3161 2115 3631 2185 proloquebatur.
3658 2114 3777 2169 Cm-

2179 2213 2634 2281 siderandumque
2678 2210 2837 2267 simul
2889 2211 3031 2265 diem
3071 2224 3172 2280 pro
3217 2218 3472 2279 tempore
3524 2207 3782 2263 Dominici

2180 2306 2465 2368 adventus,
2494 2302 2739 2373 Novique
2771 2301 3103 2357 Testamenti
3129 2300 3520 2371 accipiendum
3541 2341 3557 2365 ,
3591 2308 3652 2352 et
3673 2300 3785 2369 quid

2181 2398 2313 2454 dicit
2341 2397 2394 2452 in
2442 2394 2636 2460 David,
2683 2394 2787 2449 tale
2839 2403 2925 2449 est
2961 2393 3115 2463 quasi
3164 2408 3262 2465 per
3314 2392 3523 2447 David.
3570 2391 3789 2447 Mutavit

2180 2488 2324 2543 enim
2354 2485 2777 2558 propositionem
2805 2498 2956 2539 more
2981 2483 3157 2539 solito.
3202 2482 3393 2539 Potest
3417 2493 3483 2539 et
3525 2484 3607 2538 ita
3637 2482 3783 2537 intel-

2182 2578 2273 2650 ligi
2310 2579 2452 2648 quod
2480 2568 2646 2633 dicit:
2677 2575 2957 2631 Terminat
2997 2573 3139 2629 diem
3170 2574 3505 2645 quemdam,
3556 2575 3667 2629 hoc
3694 2584 3785 2639 est,

2184 2670 2472 2725 terminum
2519 2676 2573 2724 et
2609 2668 2773 2723 ﬁnem
2800 2667 3028 2738 imponit
3058 2666 3295 2736 Spiritus
3337 2677 3578 2724 sanctus
3603 2676 3788 2737 prmio-

2184 2764 2289 2818 rito
2320 2763 2570 2833 tempori,
2604 2761 2747 2832 quod
2774 2759 2877 2814 fuit
2902 2776 2932 2814 a
2973 2759 3060 2815 die
3077 2749 3539 2816 fnurmurationis
3557 2761 3787 2824 illorum,

2183 2862 2240 2909 et
2267 2854 2360 2909 dat
2387 2853 2599 2907 initium
2647 2851 2806 2906 alteri
2846 2849 3103 2920 tempori,
3156 2850 3389 2911 dicendo
3434 2866 3546 2921 per
3603 2850 3786 2915 David,

2186 2943 2379 3013 Hodie,
2412 2952 2519 3001 etc.
2556 2942 2821 3015 Sequitur
2846 2956 2861 2996 :

2258 3037 2400 3092 Nam
2425 3039 2470 3092 si
2499 3038 2572 3092 eis
2603 3037 2759 3092 Jesus
2789 3036 2933 3092 ﬁlius
2956 3032 3128 3101 Nave,
3166 3034 3359 3092 ductor
3386 3033 3584 3105 populi
3615 3032 3789 3089 [ξηε-
3840 3086 3853 3096 ,

2185 3128 2343 3194 litici,
2368 3129 2695 3200 praestitisset
2721 3129 2974 3200 requiem,
2992 3126 3255 3183 subaudis
3281 3141 3499 3193 veram,
3517 3144 3787 3197 nunquam

2188 3220 2252 3275 de
2285 3220 2393 3275 alia
2434 3220 2621 3290 requie
2670 3219 2974 3292 loqueretur
3002 3219 3189 3285 David,
3223 3219 3442 3289 posthac
3474 3219 3589 3284 die,
3638 3218 3693 3272 id
3715 3227 3791 3275 est

498 3283 744 3381 operaiur
774 3320 823 3365 et
851 3326 943 3381 ego
970 3324 1155 3380 aperor
1195 3305 1378 3378 (Joan.
1408 3305 1486 3379 v).
1516 3306 1634 3362 Non
1661 3307 1807 3362 enim
1839 3283 1973 3377 plus
2002 3313 2085 3362 est
2110 3283 2155 3347 Ο
2192 3314 2469 3386 deinceps,
2498 3283 2783 3385 postquam
2809 3313 2955 3367 illam
2983 3313 3164 3384 adepti
3177 3283 3389 3367 essent.
3422 3311 3535 3369 Hic

499 3403 610 3459 Deo
638 3403 897 3458 mundum
932 3417 1001 3456 ex
1024 3400 1193 3456 nihilo
1216 3415 1426 3465 creare,
1466 3415 1627 3470 quam
1658 3400 1862 3455 factum
1893 3400 2090 3472 guber-

500 3511 654 3551 nare.
696 3495 983 3550 Praemissa
1010 3509 1141 3564 ergo
1186 3496 1363 3566 prima
1399 3493 1589 3563 requie
1624 3494 1839 3564 septimi
1867 3494 1994 3561 diei,
2033 3495 2090 3550 in

502 3600 607 3655 qua
629 3584 896 3656 requievit
932 3586 1095 3651 Deus,
1128 3584 1405 3654 subjunxit
1453 3585 1746 3640 secundam
1794 3601 1914 3654 quae
1956 3602 2086 3654 pro-

503 3677 670 3733 missa
703 3686 788 3732 est
814 3677 1011 3749 populo
1042 3678 1141 3733 Dei
1171 3677 1361 3733 dicens
1391 3692 1405 3731 :
1451 3677 1528 3732 De
1577 3676 1667 3731 illa
1698 3679 1915 3748 quidem
1952 3695 2089 3748 quo-

503 3768 627 3824 dam
651 3768 771 3825 loco
798 3770 868 3824 ita
896 3769 1032 3826 dixit
1052 3771 1193 3826 Deus
1225 3787 1324 3843 per
1372 3770 1613 3842 Moysen,
1644 3782 1692 3826 et
1740 3772 1796 3827 in
1836 3772 1934 3828 isto
1970 3773 2089 3829 loco

504 3876 714 3915 rursum
752 3859 884 3916 dicit
918 3879 931 3915 :
980 3860 1042 3917 Si
1081 3862 1369 3917 introibant
1420 3863 1478 3917 in
1521 3863 1749 3935 requiem
1794 3880 1982 3920 meam.
2028 3864 2088 3921 Si

468 3958 475 3963 ’
504 3966 635 4008 vero
667 3951 997 4023 conjunctio,
1020 3954 1160 4009 sicut
1180 3950 1293 4024 jam
1320 3972 1483 4026 supra
1513 3956 1716 4012 dictum
1739 3967 1845 4024 est,
1880 3974 1980 4029 pro
2009 3957 2092 4013 af-

504 4042 811 4100 ﬁrmatione
851 4059 951 4116 pro
987 4044 1322 4102 dubitatione
1352 4056 1406 4103 et
1438 4063 1540 4117 pro
1594 4051 1877 4121 negatione
1918 4050 2090 4121 accipi

502 4140 698 4205 potest.
735 4133 997 4204 Superius
1036 4150 1268 4206 namque
1312 4153 1411 4206 pro
1452 4138 1741 4210 negatione
1787 4140 1995 4195 duobus
2034 4141 2091 4195 in

500 4222 639 4281 locis
672 4226 847 4297 posita
865 4237 979 4293 est;
1012 4228 1104 4283 ubi
1134 4228 1209 4282 ait
1228 4227 1443 4297 iurasse
1464 4230 1633 4286 Deum
1664 4240 1887 4303 propter
1915 4232 2092 4287 incre-

504 4313 784 4370 dulitatem
808 4316 1043 4382 illorum,
1070 4318 1116 4373 si
1163 4318 1462 4375 introibunt
1507 4321 1563 4375 in
1604 4322 1848 4392 requiem
1887 4338 2088 4391 meam,

505 4406 560 4461 id
588 4416 671 4462 est
692 4423 798 4464 non
821 4410 1124 4466 introibant
1154 4427 1170 4467 :
1217 4412 1305 4468 hic
1325 4428 1456 4469 vero
1477 4429 1577 4485 pro
1601 4414 1961 4471 atlirmatione
1988 4432 2088 4487 po-

507 4508 615 4557 test
650 4501 843 4572 accipi,
873 4502 973 4558 sub
999 4503 1107 4559 alio
1132 4519 1314 4571 sensu,
1340 4505 1481 4561 sicut
1502 4506 1738 4563 Joannes
1763 4507 2090 4581 Chrysosto—

506 4607 629 4646 mus
661 4592 859 4664 aliique
898 4593 1145 4650 doctores
1187 4608 1481 4667 exponunt,
1530 4599 1684 4669 quasi
1734 4599 1972 4655 diceret:
2027 4600 2086 4657 Si

508 4682 807 4739 introibunt
835 4685 889 4739 in
922 4687 1161 4756 requiem
1205 4703 1401 4753 meam,
1452 4689 1709 4744 subaudis
1738 4691 1877 4746 bene
1922 4692 2088 4749 habe-

504 4777 659 4843 bunt,
688 4786 743 4834 et
765 4779 869 4835 boc
891 4779 960 4835 de
988 4782 1175 4852 requie
1202 4798 1322 4852 quae
1350 4782 1452 4839 fuit
1478 4783 1534 4838 in
1561 4783 1847 4840 Palaestina
1879 4786 2086 4857 accipe.

476 4866 479 4873 ’
510 4867 662 4925 Unde
695 4871 945 4941 protinus
985 4873 1241 4929 additur:

575 4960 839 5025 Quoniam
866 4979 987 5034 ergo
1032 4974 1264 5035 superest
1311 4967 1566 5037 quosdam
1595 4970 1808 5025 introire
1837 4972 1894 5026 in
1945 4988 2083 5040 eam,

502 5064 550 5107 et
577 5053 632 5107 hi
657 5054 844 5124 quibus
877 5056 1139 5125 prioribus
1185 5050 1552 5114 annuntiatum
1604 5072 1698 5130 est,
1726 5080 1829 5119 non
1870 5065 2088 5119 introie-

505 5151 626 5197 runt
654 5152 864 5215 prapter
884 5145 1324 5213 incredulitatem,
1356 5148 1475 5205 ideo
1498 5150 1665 5207 dicit:
1696 5152 1960 5221 Quoniam
1990 5171 2083 5210 su-

504 5244 689 5303 perest
710 5235 792 5289 vel
815 5246 990 5291 restat
1019 5238 1282 5307 quosdam
1309 5240 1540 5297 intrasse
1565 5242 1619 5297 in
1648 5244 1891 5314 requiem
1924 5252 2084 5300 terra:

508 5323 883 5391 promissionis
909 5366 924 5391 ,
951 5335 1005 5380 et
1032 5328 1159 5397 quia
1192 5329 1348 5399 pauci
1380 5330 1716 5387 intraverunt
1748 5333 1802 5387 in
1831 5346 1953 5387 eam
1998 5350 2085 5389 re-

507 5414 690 5482 quiem
717 5430 838 5487 quae
861 5417 961 5474 fuit
984 5419 1036 5474 in
1064 5419 1369 5488 Palaestina,
1408 5424 1459 5478 id
1488 5432 1571 5479 est
1593 5425 1700 5481 duo
1730 5432 1941 5481 tantum
1980 5426 2083 5482 Ca-

506 5504 594 5560 leb
620 5516 677 5562 et
702 5507 886 5577 Josue,
912 5525 981 5566 ex
1025 5514 1277 5569 omnibus
1296 5512 1410 5585 illis
1453 5515 1545 5585 qui
1585 5514 1652 5572 de
1678 5516 1911 5591 Egypto
1938 5520 2087 5575 exie-

510 5610 659 5665 runt,
703 5603 791 5668 hi,
839 5605 893 5660 id
938 5615 1023 5661 est
1063 5609 1343 5680 sexaginta
1377 5609 1540 5665 millia
1579 5611 1773 5681 quibus
1818 5612 2088 5683 prioribus

511 5690 893 5748 aununtiatuui
918 5706 1020 5763 est,
1046 5713 1152 5754 non
1184 5700 1524 5755 intraverunt
1551 5701 1606 5756 in
1637 5718 1777 5768 eam,
1806 5707 1900 5759 sed
1928 5703 2088 5760 Cada-

511 5795 643 5836 vera
680 5798 869 5840 eorum
901 5799 1171 5857 prostrata
1215 5790 1270 5847 in
1312 5791 1546 5849 deserto.
1587 5792 1791 5848 lterum
1846 5796 2088 5851 terminat

510 5868 653 5927 diem
674 5876 951 5943 quemdam
979 5878 1133 5936 hodie
1160 5882 1211 5935 in
1243 5880 1412 5937 David
1446 5882 1687 5952 diremta,
1733 5893 1849 5955 post
1883 5896 2086 5940 tantum

2190 3407 2404 3463 tertiam
2433 3408 2722 3476 quamdam
2744 3406 2983 3477 requiem
3008 3406 3075 3460 de
3117 3421 3224 3476 qua
3266 3404 3439 3461 David
3482 3406 3661 3471 dixit,
3686 3404 3789 3458 Ho-

2193 3499 2301 3565 die,
2325 3507 2455 3565 etc.,
2477 3512 2585 3553 non
2612 3497 2759 3552 illam
2800 3496 3137 3569 signiﬁcans,
3167 3497 3234 3552 ad
3263 3512 3431 3568 quam
3456 3496 3631 3553 Iesus
3654 3497 3786 3551 ﬁlius

2191 3589 2337 3646 Nave
2356 3590 2610 3663 populum
2638 3590 2956 3655 introduxit,
2978 3591 3074 3647 sed
3106 3590 3593 3663 alianrquamdam
3623 3591 3785 3646 mtdto

2192 3683 2661 3750 excellentiorem,
2689 3682 2758 3738 ad
2797 3698 2958 3753 quam
2982 3699 3093 3740 non
3125 3684 3336 3756 typicus
3365 3682 3554 3749 Iesus,
3580 3687 3679 3740 sed
3700 3701 3783 3740 ve-

2191 3789 2285 3830 rus
2315 3773 2608 3830 introducit
2635 3774 2875 3845 quotidie
2896 3790 2991 3830 eos
3013 3775 3105 3844 qui
3129 3783 3258 3830 sunt
3281 3774 3420 3845 ejus.
3452 3773 3515 3829 Si
3542 3775 3689 3831 enim
3706 3774 3783 3831 Jo-

2192 3879 2286 3921 sus
2317 3863 2458 3920 ﬁlius
2486 3864 2634 3921 Nave
2672 3879 2856 3921 veram
2887 3867 3231 3937 praestitisset
3274 3867 3524 3937 requiem
3559 3869 3778 3938 populo,

2191 3956 2346 4027 cujus
2388 3956 2582 4012 ductor
2607 3956 2839 4023 exstitit,
2866 3972 3211 4028 nequaquam
3241 3957 3311 4013 de
3336 3957 3444 4013 alia
3485 3960 3678 4029 requie
3705 3960 3779 4014 lo-

2192 4057 2451 4120 queretur
2485 4049 2655 4106 David
2683 4057 2889 4122 postea.
2922 4050 3144 4107 Certum
3186 4060 3271 4106 est
3301 4052 3448 4107 enim
3488 4053 3618 4124 quia
3649 4052 3779 4107 tutu.

2193 4157 2313 4196 rum
2340 4150 2424 4198 est
2453 4143 2714 4212 quosdam
2743 4143 3010 4214 accipere,
3034 4158 3155 4215 qua:
3177 4157 3276 4215 per
3306 4143 3458 4199 illam
3480 4143 3780 4215 signiﬁcata

2193 4245 2297 4302 est,
2346 4251 2466 4305 qua:
2496 4236 2597 4292 fuit
2626 4237 2683 4292 in
2710 4236 3016 4293 Palaestina.

2266 4328 2474 4402 Itaque,
2488 4331 2743 4386 subaudis
2764 4331 2889 4401 quia
2910 4329 3066 4386 Jesus
3087 4330 3228 4387 ﬁlius
3243 4330 3388 4386 Nave
3407 4346 3518 4385 non
3533 4332 3785 4402 pnestitit

2194 4436 2382 4477 veram
2434 4422 2677 4492 requiem
2702 4421 2900 4492 populo
2943 4421 3029 4476 cui
3061 4430 3312 4492 praeerat,
3360 4421 3703 4493 relinquitur,
3736 4424 3784 4477 id

2195 4521 2279 4569 est
2313 4521 2620 4569 reservatur
2653 4513 2708 4567 in
2754 4512 3017 4577 futurum,
3047 4512 3398 4567 sabbatismus
3440 4512 3637 4584 populo
3668 4513 3780 4567 Dei.

2198 4601 2392 4657 Veram
2417 4603 2654 4672 requiem
2689 4602 2878 4672 patria:
2910 4602 3148 4658 cwlestis
3180 4603 3579 4658 sabbatismum
3607 4611 3780 4666 vocat.

2194 4692 2437 4748 alludens
2464 4692 2533 4748 ad
2562 4708 2780 4759 nomen,
2812 4693 3067 4763 quoniam
3106 4690 3279 4747 Judaei
3302 4692 3559 4763 requiem
3594 4694 3782 4748 sabba-

2193 4784 2414 4839 tismum
2440 4783 2709 4839 dicebant.
2741 4783 2980 4854 Requies
3000 4798 3131 4855 ergo
3157 4783 3401 4838 caelestis
3441 4784 3665 4839 sabbati
3687 4799 3780 4855 po-

2191 4877 2318 4951 pulo
2350 4878 2445 4935 Dei
2487 4879 2731 4933 credenti
2776 4877 3047 4934 veraciter
3092 4884 3406 4932 reservatur
3431 4876 3489 4931 in
3518 4877 3778 4941 futumu.

2190 4967 2300 5021 vita
2332 4965 2539 5022 scilicet
2569 4976 2792 5033 aeterna,
2845 4982 2963 5037 quae
2988 4966 3252 5038 praecellit
3279 4966 3577 5023 sabbatum
3610 4970 3776 5042 legis:

2191 5058 2446 5130 quoniam
2494 5059 2548 5113 in
2600 5059 2692 5115 illo
2720 5059 3133 5129 requiescebant
3183 5066 3393 5115 tantum
3437 5076 3695 5132 corpora,
3728 5061 3776 5114 in

2189 5153 2291 5209 ista
2316 5162 2496 5209 autem
2523 5153 2717 5209 animae
2742 5151 2924 5223 populi
2948 5153 3062 5209 Dei.
3094 5152 3247 5208 Unde
3266 5155 3517 5224 sequitur
3550 5172 3566 5207 :

2262 5242 2365 5310 Qui
2405 5246 2544 5298 enim
2570 5244 2832 5315 ingressus
2860 5253 2934 5298 est
2966 5245 3019 5299 in
3060 5245 3289 5315 requiem
3321 5243 3508 5315 ipsius,
3538 5245 3649 5300 hoc
3674 5254 3774 5307 est.

2160 5335 2287 5389 ’Dei
2315 5332 2722 5404 omnipotebtis,
2772 5349 2893 5404 quae
2934 5342 3018 5390 est
3063 5334 3175 5389 vita
3215 5343 3441 5399 aeterna,
3471 5335 3635 5388 etiam
3672 5334 3774 5405 ipse

2192 5428 2437 5500 requievit
2463 5429 2527 5483 ab
2548 5429 2785 5501 operibus
2823 5429 2952 5495 suis,
2979 5429 3211 5485 terrenis
3236 5428 3601 5499 omnibusque
3638 5429 3777 5484 labo-

2194 5521 2364 5588 ribus,
2386 5522 2519 5576 sicut
2549 5539 2582 5575 a
2622 5522 2729 5577 suis
2760 5521 2922 5589 Deus,
2956 5521 3224 5591 requievit
3256 5522 3343 5577 die
3381 5522 3636 5591 septima.
3677 5520 3775 5576 Re-

2190 5614 2346 5684 quies
2371 5611 2467 5670 Dei
2511 5612 2770 5686 perfectio
2800 5629 3026 5684 operum
3076 5613 3219 5668 illius
3270 5612 3622 5684 intelligenda
3668 5621 3771 5674 εει.

2190 5705 2578 5761 videlicetdum
2595 5714 2750 5762 sexto
2771 5705 2857 5761 die
2872 5705 3024 5760 ﬁnita
3048 5703 3387 5774 primordiali
3413 5717 3602 5758 rerum
3621 5715 3776 5757 crea-

2193 5796 2358 5875 tione,
2388 5797 2441 5852 in
2469 5798 2700 5868 septimo
2732 5798 2969 5859 cessavit
2999 5813 3031 5853 a
3054 5794 3332 5853 creatione
3379 5810 3644 5851 novarum
3682 5806 3773 5849 ro-

2193 5904 2331 5944 rum.
2374 5882 2478 5946 Per
2516 5890 2663 5947 illam
2689 5905 2817 5947 vero
2850 5890 3091 5961 requiem
3116 5890 3235 5959 Dei,
3278 5906 3397 5961 qua:
3436 5897 3521 5946 est
3540 5898 3771 5953 aeterna.
