3952 6340
225 393 340 456 849

947 393 1310 451 EXPOSITIO
1345 392 1411 449 lN
1448 393 1594 448 EPP.
1639 391 1697 447 S.
1738 386 1965 448 PAULI.
2001 423 2071 432 —
2108 390 2174 447 ΙΝ
2207 389 2424 447 EPIST.
2467 393 2559 447 AD
2596 387 2802 448 HEBR.

3392 393 3497 448 850

227 511 473 570 studiose
511 529 523 547 -
547 507 807 580 provocat
871 521 972 572 nos
1030 516 1093 561 ut
1167 507 1234 562 ad
1300 507 1538 576 requiem
1568 543 1574 550 .
1601 513 1816 560 aeterna:
1838 505 2036 573 Apiti,
2073 506 2176 560 hoc
2221 515 2305 561 est
2354 521 2422 560 ex
2452 516 2684 577 utraque
2718 515 2874 576 parte
2899 515 3078 573 acuto,
3116 505 3240 577 quia
3292 507 3500 579 gladius

229 600 590 662 beatitudinis
618 599 787 665 illam,
811 613 974 670 quam
1003 597 1393 654 sabbatismum
1419 594 1818 668 appellat,totis

233 696 450 754 nisibus
495 693 830 749 anhelemus.
865 692 1122 762 Quisquis
1166 707 1297 764 ergo
1325 691 1468 746 istud
1503 689 1600 744 Dei
1626 689 1816 744 sabba-

227 798 348 847 tum
375 787 686 853 intraverit,
715 785 1022 855 requiescet
1047 793 1312 855 perpetuo
1361 783 1428 836 ab
1457 781 1604 836 omni
1632 779 1818 835 labore

228 892 287 939 et
316 897 502 954 opere,
526 881 668 938 sicut
709 879 854 936 Deus
879 879 1147 950 requievit
1175 893 1207 933 a
1236 877 1517 934 creatione
1553 889 1817 932 novarum

227 990 439 1030 rerum.
1743 969 1752 978 ’

303 1065 635 1120 Festinamus
666 1079 786 1134 ergo
817 1062 1020 1133 ingredi
1051 1063 1106 1115 in
1135 1061 1284 1116 illam
1315 1061 1540 1132 requiem
1569 1070 1626 1115 ut
1671 1077 1732 1115 ne
1761 1061 1818 1114 in

228 1158 462 1228 idipsum
479 1156 596 1226 quis
643 1155 842 1208 incidat
866 1152 1248 1208 incredulitatis
1276 1151 1586 1222 exemplum.
1623 1149 1817 1221 Magna

239 1249 460 1318 quidem
486 1262 575 1302 res
605 1255 662 1300 et
691 1245 946 1300 salutaris
967 1254 1050 1300 est
1077 1244 1234 1310 ﬁdes,
1261 1244 1514 1314 quoniam
1555 1241 1672 1297 sine
1716 1243 1819 1296 hac

232 1354 342 1394 non
371 1347 452 1394 est
479 1337 678 1393 salvari
711 1336 967 1406 possibile
1005 1335 1185 1400 alicui,
1215 1335 1356 1390 sicut
1385 1334 1647 1404 scriptum
1684 1341 1769 1388 est
1799 1351 1812 1387 :

231 1429 361 1485 Sine
417 1429 521 1496 ﬁde
566 1427 884 1499 impossibile
937 1437 1014 1482 est
1059 1426 1263 1496 placere
1311 1427 1418 1480 Deo
1469 1425 1655 1497 (Hebr.
1712 1425 1813 1498 χι).

229 1521 488 1592 Quisquis
517 1521 628 1576 Deo
653 1536 762 1575 non
796 1520 990 1586 credit,
1021 1535 1128 1575 non
1157 1519 1432 1584 salvatur;
1465 1519 1559 1574 sed
1583 1519 1650 1573 ad
1677 1517 1818 1573 salu-

230 1619 345 1666 tem
376 1627 482 1666 non
531 1609 727 1666 sullicit
753 1609 864 1665 sola
893 1609 1047 1665 ﬁdes.
1081 1609 1458 1665 Necessarium
1485 1617 1578 1664 .est
1616 1608 1818 1664 etenim

231 1702 514 1772 cooperari
550 1717 646 1772 per
689 1701 1032 1756 dilectionem
1069 1701 1213 1766 ﬁdei,
1239 1709 1295 1756 et
1321 1700 1635 1756 conversari
1657 1700 1820 1771 digne

233 1793 374 1860 Deo,
419 1795 543 1864 quia
573 1793 706 1848 ﬁdes
745 1793 862 1848 sine
901 1794 1155 1864 operibus
1204 1801 1417 1848 mortua
1452 1801 1556 1848 est.
1586 1793 1819 1848 Proinde

229 1885 545 1955 Apostolus,
573 1884 925 1940 considerans
978 1882 1288 1938 felicitatem
1333 1890 1608 1952 perpetua:
1666 1881 1814 1949 vitae,

185 2041 192 2044 _
231 1979 483 2034 hortatur
508 1975 693 2029 dicens
724 1991 736 2027 :
782 1972 1124 2028 Festinemus
1151 1971 1252 2026 tide
1287 1979 1452 2036 recta,
1502 1971 1815 2042 operatione

231 2079 426 2127 sancta
448 2068 672 2122 introire
701 2067 755 2120 in
793 2066 939 2120 illam
965 2065 1204 2136 requiem
1229 2065 1418 2134 patriae
1451 2063 1686 2130 caelestis
1714 2079 1812 2119 no-

229 2163 321 2216 bis
348 2161 690 2230 promissam,
712 2174 780 2214 ne
802 2158 996 2228 aliquis
1016 2169 1262 2214 nostrum
1277 2157 1480 2212 incidat
1507 2157 1561 2210 in
1583 2157 1817 2227 idipsum

229 2251 626 2308 incredulitatis
677 2250 976 2318 exemplum
1015 2257 1067 2304 ct
1096 2249 1524 2319 desperationis,
1573 2249 1626 2302 in
1672 2248 1815 2318 quod

227 2345 314 2400 illi
352 2345 678 2400 ceciderunt.
734 2343 1096 2407 Eestinemus,
1154 2341 1351 2412 inquit,
1403 2341 1658 2412 quoniam
1705 2356 1815 2396 non

228 2436 431 2493 sufﬁcit
468 2437 580 2492 sola
611 2436 764 2502 ﬁdes,
798 2437 892 2491 sed
939 2437 1100 2491 debet
1141 2435 1265 2490 addi
1300 2444 1355 2490 et
1391 2435 1501 2488 vita
1547 2433 1668 2489 ﬁdei
1689 2449 1817 2490 con-

228 2531 419 2600 digna.
455 2529 795 2586 Sufﬁcienter
819 2529 962 2585 enim
1003 2529 1248 2600 exemplo
1287 2537 1574 2598 parentum
1603 2537 1817 2584 nostro-

224 2637 358 2676 rum
404 2621 680 2686 docemur,
708 2634 776 2674 ne
803 2621 855 2674 in
885 2620 1116 2690 idipsum
1146 2617 1482 2674 inﬁdelitatis
1511 2619 1817 2690 exemplum

223 2714 553 2778 incidentes,
588 2713 641 2768 in
691 2713 833 2784 quod
873 2712 950 2767 illi
981 2713 1314 2780 ceciderunt,
1345 2713 1474 2768 talia
1522 2713 1816 2782 patiamur,

225 2803 418 2875 qualia
448 2803 524 2857 illi
548 2803 694 2874 passi
717 2810 860 2858 sunt.

314 2893 475 2948 Vivus
503 2894 638 2947 enim
659 2903 732 2948 est
759 2909 926 2948 sermo
950 2892 1067 2958 Dei,
1085 2903 1131 2947 et
1157 2893 1356 2963 efﬁcax,
1383 2903 1432 2947 et
1451 2891 1818 2964 penetrabilior

226 2988 382 3042 omni
415 2985 594 3058 gladio
635 2986 866 3055 ancipiti.
904 2985 1158 3056 Apostolo
1199 2985 1408 3040 dicente
1445 2994 1500 3040 et
1545 2986 1816 3051 hortante,

225 3079 554 3135 festinemus
581 3079 789 3149 ingredi
815 3078 868 3132 in
895 3077 1136 3146 requiem
1162 3077 1350 3148 patrita
1371 3077 1628 3144 caelestis,
1646 3078 1751 3133 ﬁde
1765 3085 1820 3133 et

225 3169 574 3240 operatione,
602 3182 669 3223 ne
683 3166 878 3237 aliquis
901 3167 1147 3222 nostrum
1175 3166 1379 3222 incidat
1405 3167 1458 3220 in
1480 3167 1713 3236 idipsum
1737 3167 1818 3222 in-

159 3337 174 3346 ._
229 3230 513 3321 ﬁdelitatis
536 3230 864 3335 exemplum,
898 3265 952 3318 in
980 3265 1124 3334 quod
1150 3263 1225 3317 illi
1251 3230 1582 3328 ceciderunt,
1619 3273 1672 3319 et
1694 3279 1819 3318 eve—
1842 3230 1890 3296 α

229 3359 394 3414 niant
419 3358 576 3413 nobis
599 3357 726 3415 talia
753 3356 931 3428 qualia
959 3356 1065 3412 illis
1090 3363 1417 3422 evenerunt;
1444 3356 1534 3426 qui
1561 3357 1820 3427 prostrati

231 3458 365 3505 sunt
421 3451 476 3506 in
509 3450 743 3516 deserto,
779 3456 1032 3520 poterant
1084 3448 1162 3503 illi
1200 3447 1370 3503 Judaei
1424 3450 1752 3520 respondere
1800 3465 1814 3502 :

231 3543 590 3614 Nequaquam
619 3544 776 3600 nobis
804 3543 931 3598 talia
959 3543 1230 3609 evenient,
1261 3543 1387 3613 quia
1422 3559 1529 3604 non
1558 3543 1819 3600 habemus

235 3640 532 3710 prophetas
552 3646 608 3694 et
635 3636 868 3707 iudices,
888 3653 986 3708 per
1013 3652 1239 3706 quorum
1270 3652 1363 3693 ora
1388 3637 1542 3692 nobis
1569 3637 1822 3708 loquatur

242 3735 520 3800 Dominus,
557 3734 698 3790 sicut
722 3732 797 3787 illi
819 3733 1125 3788 habuerunt
1162 3750 1176 3786 :
1206 3731 1326 3786 ideo
1357 3731 1618 3801 quidquid
1641 3731 1817 3802 egeri-

251 3841 393 3890 mus,
445 3824 772 3882 excusabiles
797 3824 1018 3879 erimus.
1050 3823 1132 3877 Ad
1173 3823 1288 3877 haec
1313 3822 1600 3893 Apostolus
1634 3821 1818 3877 volens

248 3917 526 3972 ostendere
569 3915 818 3972 eumdem
874 3915 1077 3969 habere
1115 3929 1215 3968 nos
1261 3909 1498 3980 iudicem
1530 3928 1691 3983 quem
1742 3912 1817 3967 illi

241 4008 564 4074 habuerunt,
616 4008 708 4079 qui
740 4007 859 4062 illos
893 4014 1113 4078 propter
1143 4003 1573 4059 incredulitatem
1597 4005 1818 4058 damna-

235 4101 338 4164 vit,
365 4102 521 4168 dixit,
555 4100 671 4156 Non
703 4109 787 4156 est
811 4101 886 4154 ita
922 4118 934 4152 :
967 4099 1134 4154 Vivus
1157 4105 1237 4153 est
1261 4097 1406 4158 enim
1432 4112 1611 4154 sermo
1639 4097 1733 4152 Dei
1764 4107 1820 4154 et

235 4191 452 4249 eﬁicax.
484 4190 674 4247 Sermo
717 4190 811 4246 Dei
845 4190 1023 4245 Patris
1049 4196 1104 4244 et
1131 4187 1368 4243 Verbum
1397 4187 1564 4242 Filius
1589 4195 1691 4253 est,
1725 4187 1816 4257 qui

231 4284 610 4356 potentialiter
630 4282 900 4339 interfecit
925 4283 1011 4337 illa
1040 4288 1292 4337 sexcenta
1320 4280 1484 4334 millia
1523 4280 1576 4334 in
1606 4280 1819 4335 deserto

230 4377 309 4432 ob
350 4375 740 4440 infidelitatem,
766 4373 889 4444 quia
932 4373 981 4428 ei
1009 4371 1298 4427 noluerunt
1325 4371 1565 4426 credere.
1603 4370 1703 4426 Hic
1733 4378 1819 4426 est

228 4481 424 4522 sermo
454 4465 546 4534 qui
574 4479 844 4534 nunquam
867 4463 1116 4530 moritur,
1145 4463 1237 4518 sed
1276 4476 1490 4532 semper
1525 4462 1666 4517 idem
1697 4479 1815 4518 ma-

226 4567 359 4624 net,
383 4558 539 4628 juxta
572 4555 714 4626 quod
744 4555 1030 4611 Psalmista
1061 4555 1221 4610 dicit:
1247 4552 1324 4609 Tu
1343 4565 1517 4609 autem
1538 4555 1675 4609 idem
1710 4556 1817 4625 ipse

222 4669 311 4716 es,
346 4659 393 4704 et
424 4649 550 4702 anni
570 4650 669 4714 tui,
692 4648 744 4702 id
775 4657 858 4704 est
909 4648 1037 4702 anni
1059 4648 1376 4702 mtcrnitatis
1398 4655 1524 4713 tuae,
1568 4664 1671 4702 non
1692 4647 1822 4717 deﬁ-

221 4741 377 4794 cient
427 4735 599 4810 (Psal.
627 4737 721 4808 et).
753 4735 852 4792 ilic
895 4746 979 4792 est
1021 4751 1202 4792 sermo
1229 4736 1318 4807 qui
1346 4735 1412 4791 de
1441 4735 1618 4807 seipse
1647 4737 1777 4792 dicit
1804 4754 1818 4791 :

223 4831 293 4888 Si
331 4832 451 4901 quis
474 4848 760 4886 sermonem
787 4847 958 4885 meum
981 4831 1278 4895 servaverit,
1311 4840 1526 4884 mortem
1552 4847 1656 4885 non
1685 4831 1824 4886 vide-

221 4927 306 4978 bit
336 4925 395 4976 in
427 4933 678 4978 aeternum
729 4922 908 4994 (Joan.
949 4920 1088 4990 vm).
1118 4921 1176 4976 Si
1209 4921 1356 4976 enim
1398 4920 1474 4975 illi
1517 4921 1678 4975 istum
1707 4936 1820 4976 ser-

217 5031 459 5072 monem
487 5017 582 5072 Dei
609 5023 915 5072 servassent
936 5023 1084 5070 recte
1110 5011 1379 5069 credendo
1399 5021 1454 5068 et
1471 5012 1609 5068 bene
1635 5013 1822 5070 viven-

219 5111 326 5174 do,
379 5109 621 5164 viverent
670 5109 856 5178 utique
912 5105 1191 5176 temporali
1217 5113 1271 5160 et
1311 5112 1512 5160 aeterna
1543 5106 1676 5171 vita,
1707 5114 1819 5160 ter-

219 5215 471 5269 ramque
502 5200 930 5270 repromissionis
962 5200 1248 5253 intrarent.
1290 5197 1552 5253 Similiter
1571 5207 1624 5254 et
1654 5214 1754 5254 nos
1775 5197 1820 5253 si

217 5291 640 5347 servaverimus
669 5305 971 5346 sermonem
1005 5291 1121 5360 ejus
1163 5289 1427 5353 vivemus,
1474 5290 1824 5362 requiemque

218 5383 524 5440 caelestem
548 5382 886 5436 intrabimus.
914 5381 1020 5436 Iste
1032 5395 1212 5435 sermo
1235 5380 1328 5434 Dei
1344 5379 1540 5446 Patris,
1565 5381 1654 5450 qui
1683 5396 1823 5436 sem-

217 5492 341 5550 per
373 5473 505 5547 vi‘vit
538 5489 660 5529 cum
703 5474 815 5528 Deo
847 5472 1029 5538 Patre,
1060 5481 1111 5526 et
1148 5487 1246 5541 per
1267 5485 1424 5541 quem
1459 5471 1616 5526 Pater
1640 5473 1823 5528 omnia

211 5568 472 5642 judicat,
516 5564 699 5620 ellicax
729 5574 830 5630 est,
867 5565 968 5618 hoc
1007 5572 1090 5618 est
1148 5563 1215 5617 ad
1257 5563 1586 5632 operandum
1627 5562 1839 5630 facilis,

219 5659 376 5732 quia
419 5658 533 5711 sine
577 5657 760 5712 labore
789 5664 1077 5726 operatur:
1104 5655 1223 5726 Ipse
1261 5655 1396 5708 enim
1426 5655 1580 5718 dixit,
1607 5665 1652 5708 et
1685 5655 1825 5724 facta

215 5757 406 5812 sunt;
427 5755 482 5801 et
501 5767 512 5801 :
532 5745 720 5800 Omnia
742 5763 1060 5817 qumcunque
1081 5744 1262 5808 voluit,
1280 5745 1398 5812 fecit
1417 5743 1588 5814 (Psal.
1607 5761 1824 5810 cxxxw,

217 5839 493 5910 chvm).
527 5838 916 5893 Penetrabilior
941 5852 1156 5907 quoque
1183 5845 1266 5891 est
1289 5837 1433 5891 onmi
1466 5837 1643 5907 gladio
1673 5838 1824 5892 anci-

1917 596 2212 652 materialis
2247 605 2477 667 utraque
2501 606 2657 669 parte
2685 606 2876 653 acutus
2905 597 3148 653 membra
3173 598 3390 668 quidem
3422 601 3501 656 di-

1916 686 2101 742 videre
2135 694 2316 756 potest
2335 702 2365 741 a
2395 703 2623 759 corpore
2661 697 2716 743 et
2733 697 3024 759 penetrare
3049 698 3262 745 secreta
3291 691 3494 760 carnis,

1917 777 2053 833 adeo
2083 787 2160 833 ἰιι
2220 779 2456 833 animam
2500 795 2531 833 a
2575 795 2802 851 corpore
2831 779 2996 836 faciat
3020 781 3192 848 exire,
3218 773 3500 854 ipsumque

1917 884 2114 941 corpus
2159 870 2214 926 in
2256 879 2486 926 mortem
2526 872 2753 942 redigat,
2793 873 2889 927 sed
2925 881 3106 928 tamen
3162 873 3337 943 ipsam
3389 891 3499 930 non

1915 969 2092 1032 potest
2139 962 2379 1018 dividere
2413 963 2740 1028 minutatim,
2783 979 2959 1033 neque
3011 967 3222 1021 secreta
3253 963 3369 1035 ejus
3405 982 3500 1038 pe-

1916 1062 2151 1109 netrare.
2187 1053 2340 1109 Unde
2370 1055 2630 1109 Dominus
2664 1054 2798 1109 dicit
2833 1073 2844 1106 :
2891 1052 3070 1110 Nolite
3097 1057 3277 1111 timere
3299 1074 3386 1112 eos
3409 1061 3500 1130 qui

1917 1147 2158 1200 occidunt
2196 1163 2406 1216 corpus,
2435 1147 2669 1200 animam
2696 1156 2868 1200 autem
2899 1163 3002 1201 non
3027 1158 3244 1216 possunt
3267 1150 3501 1204 occidere

1919 1235 2130 1308 (Matth.
2157 1236 2234 1309 χ).
2270 1236 2526 1306 Sequitur
2559 1256 2572 1291 :
2625 1235 2933 1307 Pertingens
2972 1238 3115 1293 idem
3173 1255 3351 1296 sermo
3401 1240 3496 1296 Dei

1917 1345 2079 1401 usque
2111 1331 2180 1384 ad
2219 1330 2524 1385 divisionem
2567 1331 2758 1385 animo:
2801 1347 2863 1384 ac
2909 1332 3145 1402 spiritus,
3193 1349 3498 1404 compagum

1916 1435 2118 1491 quoque
2162 1429 2210 1475 et
2257 1419 2629 1487 medullarum,
2661 1430 2710 1475 et
2753 1421 3004 1475 discretor
3035 1423 3406 1492 cogitationum
3451 1434 3500 1477 et

1915 1515 2258 1568 intentionum
2307 1515 2500 1569 cordis.
2544 1514 2738 1569 Anima
2787 1515 3037 1580 vivimus,
3067 1514 3283 1584 spiritu,
3327 1515 3381 1572 id
3410 1523 3497 1571 'est

1918 1605 2338 1660 rationabilitate
2369 1605 2742 1676 intelligimus.
2774 1607 2896 1660 Vita
2926 1591 3082 1662 nobis
3109 1607 3342 1664 carnalis
3373 1624 3498 1663 cum

1915 1695 2104 1752 bestiis
2147 1699 2469 1763 communis,
2500 1699 2642 1754 ratio
2689 1698 2950 1769 spiritalis
2990 1715 3114 1754 cum
3165 1700 3388 1771 angelis.
3431 1700 3501 1758 Et
3583 1743 3586 1747 .

1918 1797 2043 1842 sunt
2085 1787 2331 1862 quaedam
2371 1798 2597 1858 peccata
2647 1804 2767 1858 qua:
2805 1789 3078 1859 pertinent
3102 1791 3389 1860 specialius
3429 1793 3498 1846 ad

1844 1871 1892 1933 B
1920 1893 2116 1948 corpus
2137 1894 2298 1949 quam
2330 1880 2396 1933 ad
2426 1880 2673 1950 spiritum
2706 1888 2804 1935 :ut
2823 1890 2905 1935 est
2928 1881 3299 1949 homicidium,
3330 1882 3497 1940 forni-

1918 1969 2078 2034 catio,
2134 1969 2478 2032 adulterium,
2511 1969 2740 2036 furtum,
2793 1971 3156 2042 sacrilegium,
3194 1981 3250 2028 et
3301 1983 3494 2030 cetera

1919 2059 2070 2126 talia,
2102 2075 2219 2130 qua:
2249 2069 2370 2116 actu
2403 2062 2646 2132 corporis
2674 2072 3073 2133 perpetrantur.
3125 2063 3324 2120 lterum
3369 2076 3497 2122 sunt

1917 2153 2021 2206 alia
2049 2169 2168 2224 qua:
2212 2153 2485 2222 pertinent
2520 2155 2806 2224 specialius
2835 2157 2900 2210 ad
2940 2157 3188 2226 spiritum
3227 2173 3391 2228 quam
3425 2159 3494 2214 ad

1917 2257 2130 2313 corpus,
2161 2253 2317 2298 utest
2344 2245 2547 2310 odium,
2577 2245 2675 2309 ira,
2709 2245 2988 2313 dolositas,
3017 2247 3237 2309 invidia,
3268 2258 3493 2304 caetera-

1917 2347 2022 2402 que
2066 2332 2366 2401 hujusmodi
2399 2350 2518 2404 quze
2555 2335 2673 2390 sine
2703 2331 3099 2406 act'u'corporis
3125 2349 3395 2395 constant.
3429 2340 3497 2396 Et

1917 2423 2042 2494 quia
2091 2440 2284 2494 corpus
2329 2426 2509 2482 anima
2542 2426 2864 2494 viviﬁcatur,
2917 2443 3022 2484 non
3050 2429 3346 2502 incongrue
3397 2447 3496 2502 per

1919 2517 2154 2570 animam
2192 2531 2478 2586 possumus
2530 2517 2828 2590 intelligere
2874 2529 3096 2588 peccata
3142 2523 3492 2592 corporalia:

1917 2625 2015 2680 per
2035 2610 2288 2681 spiritum
2314 2625 2442 2666 vero
2479 2619 2700 2681 peccata
2735 2611 3018 2682 Spir-italia,
3051 2629 3172 2683 quae
3199 2613 3252 2668 in
3277 2623 3495 2680 secreto

1919 2702 2118 2758 mentis
2167 2711 2470 2756 versantur.
2508 2701 2705 2758 lterum
2752 2718 2848 2773 per
2899 2719 3185 2774 compages
3237 2705 3494 2762 debemus

1920 2794 2218 2864 intelligere
2272 2795 2626 2866 cogitationes
2655 2811 2774 2866 qua:
2820 2796 2919 2850 sibi
2947 2797 3176 2852 invicem
3213 2798 3490 2870 compagi-

1920 2898 2119 2943 nantur
2141 2898 2197 2942 et
2219 2887 2638 2960 conjunguntur,
2674 2892 2797 2944 dum
2821 2906 2927 2944 una
2953 2891 3178 2946 alteram
3206 2892 3492 2963 subsequi-

1919 2988 2009 3035 tur
2040 2998 2052 3034 :
2079 2995 2176 3049 per
2199 2979 2457 3035 medullas
2492 2995 2620 3035 vero
2663 2982 2885 3036 subtiles
2916 2982 3256 3050 intentiones,
3289 2991 3345 3038 et
3389 2985 3494 3041 hoc

1919 3080 2003 3127 est
2040 3072 2179 3142 quod
2204 3071 2500 3142 subjungit,
2529 3073 2794 3128 discretor
2815 3074 3197 3142 cogitationum
3232 3076 3492 3131 et-inten-

1920 3163 2127 3218 tionum
2157 3164 2356 3230 cordis,
2400 3164 2754 3234 cogitationes
2799 3163 3040 3220 referens
3085 3166 3152 3219 ad
3181 3181 3491 3238 compages,

1921 3254 2248 3310 intentiones
2261 3255 2325 3309 ad
2341 3253 2616 3310 medullas.
2647 3255 2724 3309 lta
2753 3264 2932 3310 autem
2952 3254 3256 3326 jungendus
3280 3266 3364 3312 est
3391 3258 3494 3313 iste

1921 3346 2218 3403 versiculus
2249 3362 2264 3400 :
2296 3345 2464 3402 Vivus
2495 3356 2578 3402 est
2604 3363 2783 3402 sermo
2820 3347 2914 3402 Dei
2953 3357 3007 3403 et
3027 3346 3210 3404 efﬁcax
3249 3357 3304 3404 et
3327 3365 3492 3420 pene-

1922 3438 2166 3493 trabilior
2202 3439 2350 3493 omni
2409 3439 2584 3510 gladio
2633 3439 2874 3509 ancipiti,
2905 3447 2961 3495 et
2990 3440 3298 3512 pertingens
3323 3457 3495 3512 usque

1923 3531 1988 3584 ad
2019 3531 2337 3586 divisionem
2363 3532 2556 3587 anima:
2586 3541 2642 3586 et
2667 3532 2984 3588 divisionem
3011 3533 3254 3602 spiritus,
3282 3542 3336 3588 et
3364 3549 3492 3604 per-

1922 3624 2132 3696 tingens
2176 3611 2346 3695 usque
2374 3627 2442 3682 ad
2471 3625 2788 3682 divisionem
2819 3642 3138 3697 compagum
3173 3635 3229 3682 et
3276 3627 3496 3682 divisio-

1921 3732 2043 3772 nem
2085 3718 2458 3784 medullarum,
2508 3728 2564 3774 et
2603 3719 2866 3775 discretor
2905 3729 2986 3775 est
3012 3719 3397 3790 cogitationum
3434 3729 3490 3777 et

1920 3809 2276 3864 intentionum
2299 3812 2498 3866 cordis.
2531 3811 2722 3866 Sermo
2748 3826 2877 3883 ergo
2905 3812 2999 3867 Dei
3031 3811 3206 3868 Patris
3226 3812 3494 3868 intantum

1919 3900 2214 3956 estetllcax
2260 3909 2314 3956 et
2340 3901 2726 3970 penetrabilior
2753 3902 2900 3957 omni
2949 3900 3124 3970 gladio
3151 3903 3390 3972 ancipiti,
3435 3911 3497 3956 ut

1920 3992 2194 4046 discernat
2231 3992 2371 4047 inter
2395 4007 2556 4062 opera
2596 3994 2774 4049 carnis
2803 4001 3039 4064 et,opera
3076 3992 3320 4061 spiritus,
3351 3992 3495 4046 inter

1919 4083 2159 4139 carnalia
2184 4092 2402 4153 peccata
2444 4091 2499 4138 et
2524 4084 2804 4154 spiritalia,
2847 4085 2988 4139 inter
3024 4083 3377 4155 cogitationes
3399 4083 3496 4140 bo.

1920 4190 2019 4230 nas
2045 4174 2298 4239 malasve,
2323 4183 2379 4229 et
2403 4175 2727 4231 intentiones
2751 4176 2921 4231 bonas
2955 4175 3042 4231 vel
3078 4168 3266 4231 malas.
3313 4175 3498 4232 Potest

1918 4265 2118 4320 etenim
2159 4265 2416 4338 cogitatio
2467 4273 2740 4337 utcunque
2787 4267 2928 4322 bona
2975 4281 3113 4333 esse,
3165 4277 3218 4322 et
3263 4267 3493 4322 intentio

1920 4358 2081 4412 mala.
2111 4359 2274 4414 Verbi
2295 4359 2488 4430 gratia,
2519 4367 2578 4414 ut
2609 4359 2707 4416 sub
2727 4362 3130 4430 comparatione
3157 4361 3443 4432 loquamur
3473 4379 3487 4416 :

1919 4448 2016 4504 Est
2064 4449 2308 4520 quaedam
2346 4450 2525 4517 vidua,
2577 4449 2728 4520 cujus
2777 4452 3045 4522 possessio
3080 4452 3421 4510 htereditaria
3461 4470 3495 4511 a

1921 4539 2145 4598 fortiore
2164 4542 2458 4608 invaditur,
2490 4543 2750 4600 accedens
2776 4553 2954 4600 autem
2979 4545 3046 4600 ad
3069 4543 3308 4616 judicem
3336 4547 3497 4620 legis-

1923 4649 2030 4704 que
2077 4633 2374 4700 doctorem,
2422 4634 2742 4705 deprecatur
2792 4645 3057 4707 quatenus
3084 4637 3344 4706 suscipiat
3381 4636 3498 4706 ejus

1922 4743 2142 4783 causam
2175 4728 2351 4798 sitque
2369 4727 2420 4783 ei
2447 4727 2501 4782 in
2529 4727 2804 4791 auxilium,
2825 4737 3090 4798 quatenus
3115 4729 3360 4784 obtinere
3389 4730 3499 4785 hae-

1920 4823 2206 4877 reditatem
2246 4820 2350 4874 sibi
2371 4821 2700 4876 abstractam
2727 4821 2919 4891 possit,
2947 4820 3268 4892 promittens
3296 4820 3369 4888 ei,
3403 4829 3497 4875 aut

1921 4923 2138 4968 centum
2179 4912 2377 4967 solidos
2406 4920 2500 4966 aut
2533 4912 2694 4966 etiam
2718 4928 2822 4968 non
2852 4900 3117 4966 modicam
3146 4919 3356 4982 partem
3389 4912 3496 4966 hae-

1920 5011 2164 5066 reditatis
2210 5009 2468 5078 ejusdem.
2515 5009 2614 5078 Qui
2657 5010 2822 5079 judex
2860 5012 3165 5084 ingrediens
3212 5011 3496 5069 ecclesiam

1922 5101 2038 5167 Dei,
2069 5101 2362 5170 prosternit
2387 5116 2443 5156 se
2472 5101 2525 5155 in
2569 5102 2778 5168 faciem,
2809 5118 2972 5158 orans
3009 5111 3062 5157 et
3092 5103 3276 5158 dicens
3303 5120 3316 5156 :
3350 5101 3494 5158 Deus

1923 5204 2145 5258 aeterne,
2161 5192 2252 5262 qui
2266 5193 2444 5248 omnia
2462 5193 2608 5264 juste
2618 5191 2850 5262 judicas,
2867 5203 2920 5248 et
2941 5194 3028 5263 qui
3045 5193 3245 5260 dixisti,
3256 5191 3496 5263 judicate

1921 5285 2172 5357 pupillos,
2190 5283 2460 5341 defendite
2472 5286 2685 5341 viduam
2703 5283 2788 5356 (ιν
2810 5285 2937 5339 Esd.
2955 5288 3038 5355 ιτ),
3053 5285 3232 5356 praebe
3251 5283 3384 5344 mihi
3400 5285 3496 5338 ho—

1925 5379 2013 5433 die
2037 5378 2320 5443 auxilium,
2344 5387 2611 5448 quatenus
2631 5392 2846 5432 causam
2872 5377 3030 5448 hujus
3050 5376 3228 5433 viduae
3249 5375 3498 5431 obtinere

1925 5471 2149 5539 possim.
2179 5468 2304 5524 Haec
2329 5471 2534 5537 dicens,
2565 5471 2818 5539 cogitatio
2843 5471 3058 5540 quidem
3083 5479 3138 5526 et
3165 5469 3327 5525 verba
3353 5470 3497 5525 bona

1929 5569 2072 5626 sunt,
2103 5561 2196 5615 sed
2233 5561 2458 5616 intentio
2481 5575 2711 5630 nequam
2739 5575 2754 5614 :
2791 5563 3046 5631 quoniam
3071 5561 3173 5618 nisi
3211 5561 3371 5618 vidua
3397 5560 3500 5616 ali-

1927 5651 2056 5722 quid
2094 5651 2433 5722 promisisset
2468 5651 2611 5720 quod
2638 5649 2726 5708 ille
2752 5662 2996 5721 speraret
3033 5669 3090 5709 se
3126 5661 3494 5722 accepturum,

1928 5760 2267 5815 nequaquam
2293 5759 2510 5799 causam
2539 5744 2679 5800 illius
2706 5748 3048 5817 suscepisset.
3072 5747 3220 5802 Hanc
3233 5745 3495 5823 subtilita-

1931 5848 2037 5891 tem
2067 5836 2450 5908 cogitationum
2471 5842 2526 5892 et
2545 5835 2900 5892 intentionum
2929 5841 3108 5900 cordis
3153 5837 3410 5894 discernit
3445 5842 3504 5896 et
