3974 6468
444 438 571 497 ’851
932 429 1287 490 HAYMOMS
1317 425 1796 484 HALBERSTAT.
1837 424 2051 482 EPISC.
2092 424 2246 481 opp.
2284 422 2467 481 rans
2500 422 2545 479 ι.
2581 451 2654 465 -α
2690 420 3047 481 COMMENT.
3084 422 3254 480 smn.
3642 417 3781 478 ess

471 552 731 625 dijudicat
756 565 937 607 sermo
961 549 1080 616 Dei,
1106 547 1457 604 considerans
1481 561 1588 616 quo
1623 546 1804 600 animo
1833 543 1917 600 vel
1938 558 2049 613 quo
2070 548 2123 606 Α
2150 540 2301 596 Multi
2328 540 2610 612 pontiﬁces
2634 541 2887 613 ignorant
2909 554 3007 596 eos
3031 540 3125 609 qui
3146 540 3202 595 in
3228 538 3587 595 tribulatione
3624 544 3780 592 ειη

470 643 744 702 desiderio
770 644 997 714 quisque
1025 641 1306 701 serviatin
1327 640 1525 706 corde;
1554 648 1771 709 tamque
1788 645 2045 708 penetra-
2144 634 2447 698 constituti,
2463 648 2640 703 neque
2657 646 2780 702 quae
2799 633 2870 688 sit
2895 633 3176 688 tribulatio
3195 633 3251 687 in
3278 631 3527 703 quolibet
3542 631 3773 687 sciunt.

469 734 599 793 bilis
616 744 702 791 est
726 750 905 791 sermo
928 734 1046 799 Dei,
1069 743 1125 789 et
1154 732 1273 802 ejus
1299 732 1546 807 intuitus,
1577 739 1637 786 ut
1663 731 1844 785 omnia
1864 737 2049 785 nostra
2146 726 2483 797 lmpossibile
2501 735 2586 781 est
2599 727 2799 797 quippe
2810 739 2935 780 eum
2955 724 3270 782 aﬂlictiones
3291 723 3631 781 afﬂictarum
3654 724 3776 779 sci-

470 843 594 900 quae
625 828 835 899 agimus
881 827 967 882 vel
1013 830 1314 898 cogitamus
1360 827 1563 883 certius
1597 826 1666 879 ab
1693 824 1785 879 illo
1824 839 1986 895 quam
2018 838 2051 878 a
2149 831 2229 882 re,
2244 819 2780 889 quiexperimentum
2805 816 3111 895 aﬂlictionis
3133 834 3237 873 non
3268 819 3473 881 habuit,
3491 828 3557 873 et
3580 815 3777 872 sensi-

469 921 628 979 nobis
650 921 781 992 ipsis
808 929 1225 991 cognoscantur.
1256 919 1407 974 illum
1438 935 1568 990 ergo
1593 918 1888 973 habeamus
1908 930 2052 971 sem-
2149 907 2332 963 biliter
2358 910 2539 965 omnia
2569 925 2677 965 non
2716 911 2993 965 sustinuit.
3034 910 3284 966 Pontifex
3329 919 3511 965 autem
3567 918 3777 964 noster

468 1029 568 1085 per
617 1014 669 1070 in
712 1015 1083 1069 testimonium
1145 1020 1361 1068 actuum
1402 1019 1735 1076 nostrorum,
1770 1009 2054 1078 cogitatio-
2150 1012 2520 1073 competenter
2544 1004 2726 1059 omnia
2770 1006 3027 1061 sustinuit
3055 1020 3177 1075 quae
3205 1003 3427 1059 fuerunt
3466 1003 3631 1059 illata
3674 1004 3777 1057 bu-

470 1122 709 1178 numque
736 1106 821 1163 vel
868 1107 1225 1161 intentionum
1258 1113 1586 1169 nostrarum,
1620 1118 1778 1173 quem
1813 1101 2052 1171 judicem
2151 1114 2326 1153 mana:
2351 1099 2584 1153 miseriae
2610 1108 2730 1168 post
2754 1108 3037 1171 peccaturo
3062 1099 3224 1168 primi
3251 1097 3512 1161 hominis,
3541 1106 3601 1151 et
3632 1106 3777 1151 tunc

471 1198 710 1254 habituri
738 1214 941 1253 sumus.
977 1197 1287 1251 Timeamus
1344 1197 1460 1266 ejus
1506 1194 1868 1263 praesentiam,
1899 1189 2053 1259 cujus
2150 1191 2207 1246 in
2231 1190 2491 1246 interiora
2512 1191 2794 1247 velaminis
2809 1192 2875 1246 ad
2897 1193 3155 1246 thronum
3178 1199 3421 1261 paterna:
3444 1188 3776 1257 maiestatis

470 1291 752 1345 scientiam
796 1288 1101 1344 nullatenus
1127 1287 1364 1360 ell‘ugere
1392 1286 1653 1342 valemus.
1694 1283 1844 1340 Unde
1872 1284 2052 1353 sequi-
2151 1284 2414 1339 ascendit.
2446 1283 2599 1339 Unde
2640 1292 2695 1338 et
2730 1284 2973 1353 sequitur
3010 1302 3024 1337 :
3054 1282 3330 1338 Tentatum
3359 1292 3540 1336 autem
3593 1281 3774 1335 habe.

475 1386 564 1435 iur
592 1397 605 1433 :
2150 1390 2274 1431 mus
2306 1376 2615 1447 pontificem
2648 1393 2739 1447 per
2780 1378 2957 1431 omnia
2999 1383 3335 1432 tentamenta
3366 1392 3465 1444 pro
3504 1374 3771 1429 similitu-

545 1469 671 1525 Non
695 1477 770 1525 est
795 1469 907 1524 ulla
935 1480 1197 1534 creatura,
1223 1466 1494 1523 invisibilis
1524 1466 1579 1520 in
1601 1472 1877 1535 conspectu
1912 1463 2048 1530 eius.
2151 1465 2292 1533 dine,
2322 1465 2579 1521 subaudis
2605 1467 2785 1520 carnis
2808 1466 3039 1535 peccati,
3069 1465 3260 1537 absque
3291 1474 3531 1531 peccato.
3564 1464 3771 1518 Tenta-

470 1559 660 1632 Neque
699 1562 934 1633 angelica
966 1569 1236 1625 creatura,
1285 1574 1458 1629 neque
1486 1558 1724 1613 humana
1766 1554 2052 1610 invisibilis
2150 1565 2238 1613 tus
2265 1557 2481 1627 quidem
2505 1565 2591 1613 est
2614 1556 2863 1613 Christus
2890 1557 3075 1612 multis
3094 1558 3271 1612 modis
3296 1571 3398 1627 per
3425 1557 3621 1611 omnia
3648 1568 3767 1611 Iea-

471 1664 556 1709 est
586 1654 641 1708 in
663 1662 948 1724 conspectu
970 1651 1104 1721 ejus.
1138 1650 1332 1705 Omnia
1358 1659 1532 1704 autem
1562 1649 1722 1713 nuda,
1747 1646 1801 1702 id
1826 1656 1909 1702 est
1932 1662 2049 1700 ma-

471 1746 693 1812 nifesta,
727 1757 776 1801 et
811 1753 992 1816 aperta
1035 1754 1157 1798 sunt
1200 1744 1367 1798 oculis
1395 1743 1533 1813 ejus,
1555 1742 1657 1797 hoc
1686 1749 1788 1805 est,
1813 1754 2050 1811 praesen-

470 1839 560 1893 tiae
600 1838 757 1893 illius.
797 1838 1076 1903 Quomodo
1138 1852 1268 1904 ergo
1297 1843 1473 1905 potest
1521 1833 1597 1888 illi
1642 1833 1820 1903 aliqua
1849 1847 1937 1888 res
1966 1831 2048 1885 in-

2153 1658 2422 1713 tamenta,
2470 1652 2564 1706 sed
2611 1666 2717 1705 non
2765 1660 2849 1707 est
2892 1661 3181 1722 superatus
3226 1651 3281 1705 in
3329 1651 3757 1717 tentationibus,

2150 1743 2279 1813 quin
2317 1744 2494 1811 potius
2512 1743 2772 1813 probatus
2798 1744 2975 1800 victor
3001 1743 3268 1814 gloriosus
3289 1743 3527 1798 exstitit.
3559 1742 3756 1798 Tenta-

2150 1844 2334 1891 menta
2379 1844 2557 1891 autem
2612 1836 2806 1908 quibus
2851 1846 3091 1893 tentatus
3137 1846 3260 1903 est,
3309 1837 3433 1892 haec
3472 1836 3689 1892 fuerunt
3725 1855 3746 1892 :

470 1931 683 2000 cognita
713 1944 833 1985 esse
861 1945 891 1984 a
924 1945 1030 2001 quo
1062 1928 1243 1985 omnia
1270 1927 1409 1981 facta
1442 1927 1601 1982 sunt?
1629 1925 1737 1980 Nec
1780 1925 1974 1979 mirum
1999 1924 2045 1980 si
2073 1893 2123 1954 Β
2150 1927 2401 1996 Esuries,
2430 1928 2578 1994 sitis,
2606 1929 2832 1986 tentatio
2861 1930 3058 1986 diaboli
3085 1971 3100 1996 ,
3129 1930 3449 2001 persecutio
3496 1929 3745 2000 plurimo-

472 2030 616 2075 totus
645 2020 845 2090 ubique
869 2028 1035 2074 totam
1064 2034 1217 2073 suam
1238 2026 1529 2089 cognoscat
1551 2027 1875 2072 creaturam.
1910 2014 2047 2072 Hinc

468 2115 705 2170 maxime
748 2113 944 2169 terruit
978 2111 1267 2182 Apostolus
1313 2109 1548 2175 Judaeos,
1590 2109 1773 2165 dicens
1806 2125 1820 2162 :
1855 2108 2049 2164 Omnia

467 2208 611 2261 nuda
644 2216 692 2261 et
723 2217 902 2278 aperta
924 2222 1043 2262 esse
1064 2204 1228 2259 oculis
1248 2204 1383 2272 ejus,
1411 2203 1479 2256 ad
1507 2219 1657 2273 quem
1688 2202 1832 2256 nobis
1856 2218 2041 2256 sermo.

468 2302 603 2369 Quis
625 2312 704 2357 est
734 2304 800 2356 ad
822 2316 981 2371 quem
1011 2300 1164 2356 nobis
1183 2299 1401 2355 sermo?
1424 2298 1491 2353 ad
1517 2311 1679 2367 quem
1702 2296 1805 2350 nisi
1830 2294 2045 2361 Filium,

468 2394 555 2449 cui
586 2394 684 2463 ipsi
707 2394 969 2449 reddituri
991 2407 1176 2448 sumus
1198 2390 1461 2446 rationem
1490 2397 1706 2443 actuum
1738 2394 2048 2441 nostrorum

467 2486 733 2556 simulque
765 2485 1151 2556 cogitationum
1194 2490 1247 2537 et
1273 2482 1653 2536 intentionum.

541 2576 802 2633 Habentes
832 2594 952 2649 ergo
976 2577 1275 2648 ponti/irem
1320 2591 1588 2645 magnum,
1630 2574 1719 2643 qui
1764 2571 2049 2642 penetravit

468 2670 644 2733 caelos,
673 2669 855 2723 Jcsum
888 2667 933 2719 F
937 2668 1088 2721 ilium
1124 2667 1241 2731 Dei,
1269 2676 1536 2720 teneamus
1563 2664 1675 2733 spei
1697 2674 1896 2717 nostra:
1928 2678 2050 2715 con-

468 2762 769 2831 fessionem,
798 2760 850 2815 id
872 2768 954 2815 est
979 2759 1135 2814 ﬁdem
1159 2759 1393 2813 nominis
1415 2758 1549 2827 ejus.
1577 2754 1858 2811 Paululum
1885 2755 1938 2807 in
1962 2768 2050 2807 su-

464 2851 775 2920 perioribus
825 2850 891 2905 de
943 2849 1222 2905 divinitate
1270 2847 1392 2902 Filii
1441 2847 1533 2901 Dei
1598 2846 1870 2899 disserens
1916 2844 2053 2898 dixit

464 2942 647 2996 omnia
678 2940 819 2996 nuda
848 2955 970 2996 esse
996 2950 1053 2995 et
1080 2950 1265 3009 aperta
1294 2937 1464 2994 oculis
1492 2938 1626 3008 ejus.
1673 2935 1826 2992 Nunc
1868 2944 2050 2989 autem

465 3033 591 3102 quia
651 3033 716 3089 de
764 3048 929 3088 carne
986 3032 1261 3101 loquitur,
1317 3039 1370 3085 et
1420 3031 1487 3085 de
1541 3028 1855 3099 pontiﬁcatu
1909 3027 2051 3082 illius

465 3125 727 3195 disputat,
769 3126 859 3195 qui
888 3125 1235 3195 semetipsum
1256 3122 1451 3179 obtulit
1476 3123 1530 3176 in
1559 3138 1653 3176 ara
1680 3121 1856 3176 crucis
1886 3134 2049 3174 causa

462 3227 664 3273 nostra:
715 3217 919 3272 salutis.
951 3218 1069 3288 Ipse
1114 3218 1258 3270 enim
1304 3216 1547 3286 pontifex
1598 3215 1710 3269 sive
1755 3213 2045 3277 sacerdos,

463 3308 581 3379 ipse
609 3317 664 3364 et
690 3310 1035 3365 sacriﬁcimn.
1066 3309 1307 3363 Pontifex
1335 3323 1571 3378 namque
1592 3308 1788 3361 dicitur
1808 3321 1873 3361 eo
1902 3305 2047 3375 quod

462 3411 681 3473 pontem
704 3412 759 3458 et
787 3403 929 3456 viam
960 3402 1199 3471 praebeat
1246 3401 1461 3471 populo.
1506 3400 1572 3453 Et
1633 3398 1747 3467 ipse
1786 3398 2048 3453 Dominus

460 3496 608 3551 viam
634 3494 976 3549 rectitudinis
1001 3494 1155 3548 nobis
1185 3494 1547 3563 exhibuitper
1577 3508 1740 3562 quam
1771 3490 2046 3546 ambulare

468 3585 752 3649 debemus,
798 3584 984 3639 dicens
1007 3584 1162 3638 nobis
1190 3598 1204 3636 :
1228 3582 1424 3637 Discite
1448 3601 1478 3636 a
1502 3599 1583 3636 me
1607 3583 1729 3652 quia
1752 3583 1890 3636 mitis
1931 3599 2047 3636 sum

356 3745 367 3755 .
465 3685 513 3730 et
558 3674 773 3729 humilis
823 3674 978 3729 corde
1042 3674 1261 3744 (Matth.
1294 3673 1390 3745 xt).
1444 3673 1513 3727 Et
1572 3682 1789 3744 pontem
1843 3674 1909 3728 ad
1957 3689 2049 3744 pa-

466 3769 629 3824 triam
671 3766 947 3823 cmlestem
984 3768 1329 3838 perveniendi
1356 3767 1605 3838 praestitit
1636 3768 1899 3837 sanguine
1925 3782 2049 3837 pas-

465 3860 635 3918 sionis
662 3875 793 3927 sua},
824 3869 879 3916 et
906 3876 1005 3931 per
1032 3862 1230 3916 undam
1252 3862 1594 3931 baptismatis
1623 3880 1636 3914 :
1666 3861 1751 3915 vel
1781 3860 1907 3931 quia
1933 3860 2048 3930 ipse

462 3951 671 4021 primus
699 3951 867 4007 caelos
887 3953 1204 4022 penetravit.
1236 3952 1378 4024 Ergo
1402 3952 1612 4024 Moyses
1633 3952 1822 4007 ductor
1842 3950 2045 4021 populi,

463 4044 549 4099 cui
580 4046 842 4115 promissa
870 4054 954 4101 est
981 4047 1197 4116 requies
1240 4047 1574 4111 transitoria,
1619 4062 1725 4101 non
1748 4045 1970 4101 intravit
1992 4046 2047 4100 in

461 4136 730 4208 requiem,
779 4152 943 4207 quam
989 4138 1183 4208 saepius
1233 4138 1431 4208 populo
1452 4138 1723 4208 promisit.
1776 4138 1882 4191 lste
1922 4150 2048 4191 vero

463 4239 648 4285 noster
694 4232 951 4287 sacerdos
980 4230 1221 4287 melioris
1266 4230 1642 4300 promissionis
1681 4243 1930 4300 sponsor,
1961 4226 2045 4283 fa-

463 4321 614 4376 ciens
639 4321 782 4376 viam
811 4324 1157 4378 credentibus
1181 4323 1236 4376 in
1263 4336 1341 4389 se,
1376 4324 1584 4393 primus
1628 4322 1847 4376 intravit
1874 4321 1926 4376 in
1962 4336 2049 4376 re-

463 4414 643 4481 quiem
697 4414 895 4484 populo
944 4415 1043 4471 sibi
1114 4414 1323 4470 credito
1368 4430 1711 4486 promissam.
1782 4412 1936 4470 Unde
1991 4421 2047 4468 et

461 4518 717 4575 magnum
744 4506 1051 4577 pontiﬁcem
1095 4522 1218 4562 eum
1253 4506 1504 4579 appellat,
1537 4507 1630 4578 qui
1661 4506 1823 4561 habet
1847 4508 2048 4576 sempi-

464 4604 676 4653 ternum
722 4601 1109 4667 sacerdotium,
1133 4616 1347 4672 semper
1384 4600 1575 4656 vivens
1604 4599 1671 4655 ad
1702 4598 2047 4668 interpellan-
2070 4624 2124 4688 Β

462 4687 589 4743 dum
619 4705 717 4761 pro
743 4692 919 4747 nobis.
950 4692 1041 4750 Sic
1059 4695 1203 4750 enim
1228 4694 1365 4749 dixit
1390 4692 1457 4749 de
1483 4692 1573 4748 illo
1598 4691 1820 4762 angelus
1842 4692 1910 4747 ad
1934 4689 2046 4746 Ma-

462 4782 598 4837 riam
634 4800 648 4837 :
683 4782 785 4838 Hic
811 4786 906 4839 erit
945 4803 1164 4857 magnus
1198 4797 1245 4842 et
1272 4784 1447 4840 Filius
1493 4784 1749 4840 Altissimi
1776 4784 2046 4840 vocabitur

461 4873 612 4945 (Luc.
629 4875 691 4949 ι).
715 4876 1020 4935 Ostendens
1043 4875 1209 4935 etiam
1232 4879 1383 4934 illum
1408 4893 1527 4936 esse
1548 4877 1745 4934 Filium
1766 4877 1884 4944 Dei,
1908 4875 2048 4932 dixit

460 4974 645 5031 Jesum
677 4969 870 5026 Filium
913 4972 1030 5037 Dei,
1062 4972 1207 5042 quod
1236 4986 1505 5042 nusquam
1558 4971 1624 5027 de
1661 4969 1842 5043 Moyse
1865 4969 2046 5025 dicere

459 5067 645 5127 voluit,
666 5065 762 5119 sed
787 5065 970 5135 potius
991 5079 1116 5120 eum
1138 5063 1397 5120 famulum
1420 5063 1535 5134 ejus
1556 5064 1712 5120 dixit.
1736 5064 1997 5134 Sequitur
2025 5079 2041 5117 :

533 5156 658 5212 Non
686 5158 823 5211 enim
853 5156 1098 5212 habemus
1128 5156 1424 5227 pontiﬁcem
1457 5156 1547 5228 qui
1575 5173 1678 5211 non
1718 5157 1879 5226 possit
1906 5170 2049 5210 com-

458 5253 568 5322 pati
598 5251 710 5307 sive
738 5251 1026 5307 condolere
1054 5251 1450 5322 inﬁrmitatibus
1481 5251 1694 5306 nostris.
1726 5250 1841 5306 Hoc
1864 5258 1946 5306 est
1974 5249 2050 5305 di-

459 5355 585 5397 cere
610 5360 623 5396 :
655 5342 771 5397 Non
808 5343 1023 5413 ignorat
1049 5358 1170 5413 quae
1196 5350 1380 5399 nostra
1406 5350 1534 5399 sunt
1562 5359 1577 5409 ;
1604 5342 1752 5399 venit
1778 5341 1925 5397 enim
1953 5354 2049 5410 per

457 5430 603 5485 viam
642 5432 895 5488 humanae
939 5433 1265 5489 conditionis
1298 5448 1399 5504 per
1419 5433 1604 5489 omnia
1639 5434 1756 5488 sine
1799 5439 2043 5502 peccato.

459 5522 800 5597 Quapropter
840 5542 948 5584 non
990 5528 1160 5584 solum
1204 5542 1301 5599 per
1349 5528 1455 5583 hoc
1498 5526 1642 5597 quod
1685 5525 1829 5581 Deus
1871 5535 1955 5580 est
1991 5530 2048 5582 et

460 5617 643 5672 omnia
673 5618 856 5684 novit,
884 5620 1161 5688 cognoscit
1201 5618 1575 5673 inﬁrmitatem
1616 5616 1922 5689 fragilitatis
1949 5630 2046 5671 no-

460 5719 591 5765 Strte
637 5719 691 5766 et
726 5718 906 5782 potest
945 5712 1210 5779 misereri,
1240 5727 1428 5768 verum
1453 5712 1616 5768 etiam
1638 5727 1736 5782 per
1771 5713 1875 5768 hoc
1900 5709 2047 5782 quod

459 5799 626 5855 homo
650 5810 730 5857 est
762 5802 934 5859 nostri
963 5803 1237 5874 particeps
1267 5804 1438 5863 factus
1464 5803 1520 5860 in
1552 5802 1842 5874 fragilitate
1864 5802 2043 5858 carnis

458 5888 664 5962 absque
703 5898 931 5966 peccato
954 5931 971 5964 ,
1022 5903 1080 5952 et
1121 5898 1403 5968 cognoscit
1445 5904 1504 5955 et
1556 5896 1837 5969 indulgere
1881 5898 2039 5953 Valet.

2148 2034 2294 2085 rum,
2322 2028 2502 2090 sputa,
2528 2020 2927 2085 accusationes,
2956 2020 3256 2086 calumniae,
3290 2021 3537 2091 repulsio
3566 2037 3599 2076 a
3633 2038 3750 2092 pro-

2147 2113 2269 2184 pria
2298 2122 2484 2184 gente,
2528 2114 2596 2170 ad
2623 2113 2871 2169 ultimum
2913 2115 3215 2171 cruciﬁxio.
3244 2113 3517 2170 Tentates
3560 2124 3648 2169 est
3688 2116 3750 2170 si-

2150 2206 2368 2276 quidem
2411 2206 2497 2261 his
2543 2206 2719 2261 modis
2760 2222 2859 2277 pro
2910 2206 3264 2263 similitudine
3307 2207 3506 2262 carnis
3550 2208 3746 2277 absque

2146 2305 2389 2369 peccato.
2416 2296 2521 2352 Sed
2548 2312 2669 2352 cum
2702 2298 2757 2353 in
2779 2298 3010 2354 veritate
3037 2296 3290 2353 Christus
3308 2312 3509 2352 veram
3536 2314 3744 2354 earnm

2148 2389 2449 2457 habuisset,
2472 2406 2640 2461 quare
2665 2391 2794 2446 dicit
2816 2408 2915 2462 pro
2941 2391 3293 2447 similitudine
3327 2392 3525 2447 carnis
3554 2393 3749 2462 absque

2150 2492 2374 2554 peccato
2404 2484 2553 2538 illum
2588 2498 2707 2540 esse
2744 2485 3053 2540 tentatum?
3078 2483 3135 2539 ln
3163 2485 3265 2540 hoc
3292 2485 3468 2549 enim,
3501 2485 3629 2555 quia
3660 2487 3741 2539 bo-

2150 2592 2240 2632 mo
2270 2576 2443 2632 factus
2483 2586 2599 2643 est,
2627 2592 2810 2631 veram
2844 2592 3060 2631 carnem
3106 2576 3295 2631 habuit
3328 2595 3342 2632 :
3388 2578 3445 2631 in
3494 2578 3602 2633 hoc
3627 2593 3747 2633 vero

2151 2671 2276 2741 quia
2299 2671 2503 2741 peccati
2533 2686 2754 2726 carnem
2772 2686 2880 2726 non
2903 2671 3112 2737 habuit,
3128 2671 3331 2740 absque
3359 2682 3598 2740 peccato
3612 2672 3749 2726 simi-

2152 2760 2432 2815 litudinem
2458 2761 2639 2816 carnis
2664 2766 2863 2816 nostrae
2882 2761 3087 2827 habuit,
3115 2776 3235 2831 quae
3257 2770 3342 2817 est
3362 2777 3500 2817 caro
3522 2764 3745 2833 peccati.

2151 2852 2286 2907 Nam
2311 2863 2578 2921 peccatum
2620 2870 2722 2909 non
2748 2854 2889 2924 fecit,
2917 2871 3008 2908 nec
3036 2854 3274 2908 inuentus
3298 2863 3378 2908 est
3399 2856 3562 2908 dolus
3585 2856 3641 2908 in
3666 2872 3748 2909 ore

2152 2943 2323 3011 ipsius
2341 2941 2393 3007 (Ι
2414 2941 2557 2996 Petr.
2583 2941 2663 3015 tt).
2689 2942 2839 3010 Quod
2863 2945 2906 2997 si
2928 2953 3209 3013 peccatum
3231 2942 3441 2998 habere
3459 2945 3746 3013 potuisset,

2152 3036 2376 3091 haberet
2398 3038 2584 3107 utique
2606 3035 2718 3105 jam
2742 3053 2848 3092 non
2872 3039 3279 3094 similitudinem
3300 3040 3495 3095 carnis
3520 3041 3746 3110 peccati,

2150 3127 2245 3181 Sed
2289 3128 2674 3197 proprietatem
2705 3129 2886 3184 carnis
2914 3130 3140 3200 peccati.
3171 3130 3310 3185 Caro
3350 3132 3503 3185 enim
3543 3141 3743 3197 nostra,

2153 3232 2283 3271 caro
2311 3218 2518 3287 peccati
2545 3226 2627 3273 est
2644 3260 2658 3283 ,
2684 3219 2809 3289 quia
2835 3237 2958 3275 cum
2986 3228 3211 3289 peccato
3236 3221 3602 3291 concipimur,
3629 3237 3745 3276 cum

2150 3320 2375 3381 peccato
2404 3312 2719 3378 nascimur;
2761 3312 2904 3368 illius
2941 3321 3119 3367 autem
3165 3326 3295 3367 caro
3322 3328 3432 3366 non
3482 3311 3583 3366 fuit
3624 3327 3748 3368 caro

2151 3407 2381 3476 peccati,
2421 3406 2513 3461 sed
2552 3407 2831 3462 munditiae
2876 3416 2929 3462 et
2975 3407 3241 3462 castitatis
3282 3414 3447 3476 atque
3495 3407 3746 3462 innocen-

2152 3500 2239 3555 tize
2276 3518 2290 3553 :
2338 3500 2465 3570 quia
2513 3501 2630 3554 sine
2675 3509 2901 3570 peccato
2950 3508 3109 3554 natus
3154 3508 3272 3564 est,
3319 3511 3745 3569 conceptusque,

2150 3600 2206 3646 et
2251 3591 2367 3645 sine
2397 3600 2620 3661 peccato
2649 3591 2716 3646 ab
2761 3591 2865 3646 hoc
2906 3590 3107 3647 mundo
3136 3590 3371 3645 transiit.
3404 3589 3748 3662 Quapropter

2150 3698 2257 3739 non
2287 3692 2369 3739 est
2399 3690 2634 3739 tentatus
2666 3684 2718 3737 in
2745 3696 2910 3737 carne
2936 3681 3174 3754 peccati,
3202 3690 3263 3735 ut
3285 3691 3578 3751 peccatum
3607 3681 3745 3736 faec-

2153 3788 2268 3844 ret,
2298 3779 2392 3834 sed
2442 3778 2496 3833 in
2531 3778 2882 3834 similitudine
2922 3778 3104 3834 carnis
3142 3778 3397 3847 peccati,
3439 3787 3503 3832 ut
3545 3778 3747 3848 absque

2147 3882 2375 3943 peccato
2404 3881 2671 3926 maneret.

2220 3961 2484 4017 Adeamus
2511 3977 2631 4032 ergo
2659 3977 2777 4015 cum
2803 3959 2998 4031 ﬁducia
3021 3960 3089 4015 ad
3119 3962 3363 4014 thronum
3392 3961 3589 4032 gratia:
3614 3961 3743 4030 ejus,

2150 4061 2206 4107 ut
2234 4052 2647 4106 misericordiam
2674 4067 3053 4123 consequamur
3082 4061 3129 4105 et
3160 4051 3387 4121 gratiam
3416 4052 3743 4105 inveniamus

2146 4147 2203 4202 in
2230 4144 2430 4200 auxilio
2473 4155 2780 4216 Opportuna.
2815 4143 2951 4211 Quia
2989 4143 3298 4215 pontiﬁcem
3343 4142 3621 4198 habemus
3658 4141 3745 4214 qni

2150 4237 2255 4293 scit
2297 4236 2535 4307 eompati
2585 4234 2993 4290 infirmitatibus
3026 4235 3261 4299 nostris,
3306 4247 3408 4304 per
3450 4233 3562 4289 hoc
3609 4231 3745 4304 quod

2149 4329 2348 4385 similia
2380 4326 2670 4393 sustinuit,
2706 4334 2763 4383 et
2797 4335 2973 4398 potest
3019 4323 3273 4393 adjuvare
3316 4338 3413 4394 per
3455 4325 3568 4379 hoc
3609 4317 3744 4393 quod

2149 4414 2293 4477 Deus
2319 4430 2423 4487 est,
2453 4420 2577 4490 quia
2608 4416 2719 4488 jam
2748 4417 3052 4488 penetravit
3080 4417 3301 4487 propria
3332 4416 3540 4471 virtute
3574 4416 3744 4470 altitu-

2150 4514 2329 4570 dinem
2355 4512 2636 4576 coelorum,
2670 4510 2918 4565 hortatur
2939 4508 3231 4579 Apostolus
3261 4507 3524 4562 accedere
3555 4522 3655 4561 nos
3679 4505 3742 4559 ad

2150 4607 2406 4661 thronum
2429 4602 2546 4673 ejus
2569 4616 2692 4656 cum
2720 4599 2915 4656 ﬁducia
2933 4641 2947 4668 ,
2974 4608 3031 4656 et
3058 4600 3187 4655 dicit
3216 4617 3232 4652 :
3260 4598 3539 4653 Adeamus
3568 4605 3742 4652 urente

2148 4705 2204 4751 et
2229 4692 2704 4764 contemplatione,
2734 4708 2833 4763 per
2858 4690 3020 4747 ﬁdem
3050 4703 3267 4762 quoque
3305 4688 3467 4745 bonis
3490 4691 3743 4760 operibus

2147 4793 2499 4851 exornatam,
2528 4784 2596 4840 ad
2624 4784 2876 4838 thronum
2920 4781 3134 4854 gratiae,
3165 4781 3269 4836 hoc
3321 4788 3403 4837 est
3444 4782 3512 4835 ad
3565 4781 3740 4836 sedem

2148 4877 2269 4933 Filii
2316 4876 2443 4943 Dei,
2470 4876 2562 4946 qui
2606 4874 2763 4930 nobis
2810 4873 2978 4947 gratis
3016 4873 3171 4930 datus
3214 4881 3299 4927 est
3334 4885 3364 4925 a
3393 4870 3509 4926 Deo
3535 4868 3735 4926 Patre:

2148 4979 2203 5027 et
2223 4973 2315 5040 qui
2337 4969 2530 5025 sedens
2552 4968 2603 5023 in
2623 4968 2958 5040 plenitudine
2974 4968 3214 5038 paternae
3237 4964 3564 5035 majestatis,
3581 4964 3739 5035 gratis

2146 5071 2327 5136 potest
2352 5061 2624 5117 dimittere
2649 5061 2805 5117 nobis
2826 5068 3045 5132 peccata
3070 5069 3275 5116 nostra.
3298 5057 3489 5115 Gratia
3512 5072 3741 5129 namque

2148 5153 2244 5211 Dei
2276 5153 2443 5209 Filius
2473 5151 2613 5207 illius
2638 5150 2956 5222 appellatur,
2986 5151 3140 5205 nobis
3169 5149 3341 5220 gratis
3370 5150 3554 5214 datus,
3586 5148 3737 5219 juxta

2150 5248 2295 5321 quod
2322 5248 2463 5303 idem
2490 5245 2779 5316 Apostolus
2824 5243 2879 5298 in
2923 5244 3027 5298 hac
3070 5243 3258 5298 eadem
3299 5241 3528 5313 epistola
3563 5238 3735 5295 mani~

2150 5338 2315 5395 festat
2353 5337 2541 5393 dicens
2582 5333 2769 5407 (Hebr.
2801 5335 2862 5406 ιι)
2907 5352 2920 5388 :
2966 5332 3154 5389 Gratia
3198 5332 3295 5387 Dei
3344 5347 3445 5402 pro
3490 5331 3736 5387 omnibus

2150 5429 2389 5503 gustavit
2430 5436 2681 5483 mortem.
2728 5425 2793 5480 Et
2822 5440 2990 5495 quare
3024 5423 3319 5480 debeamus
3364 5423 3627 5478 accedere
3670 5418 3736 5474 ad

2147 5523 2407 5577 thronum
2422 5520 2538 5591 ejus
2553 5519 2657 5575 ﬁde
2671 5527 2727 5574 et
2740 5518 3042 5584 devotione,
3062 5514 3432 5585 subsequitur,
3451 5513 3728 5584 inquiens:

2148 5613 2223 5670 Ut
2248 5610 2679 5669 misericordiam
2706 5625 3127 5681 consequamur,
3160 5609 3214 5663 id
3243 5614 3326 5664 est
3357 5608 3730 5662 remissronetl

2145 5718 2493 5782 peccatorum
2523 5716 2580 5763 et
2602 5706 2831 5777 gratiam
2855 5705 3115 5759 donorum
3141 5700 3376 5772 Spiritus
3403 5700 3600 5763 sancti,
3622 5699 3731 5753 sive

2146 5801 2535 5874 indulgentiam
2586 5800 2928 5855 inveniamus
2976 5797 3031 5851 in
3078 5794 3278 5849 auxilio
3317 5802 3639 5863 opportuno,
3676 5788 3730 5844 id

2143 5902 2228 5951 est
2251 5892 2308 5950 in
2330 5891 2589 5966 praesenti
2612 5888 2829 5948 saeculo.
2851 5887 3005 5946 Nunc
3032 5885 3180 5945 enim
3204 5894 3566 5958 opportunum
3598 5892 3726 5938 tem-
