3974 6446
952 409 1314 469 EXPOSITIO
1348 410 1415 465 IN
1450 409 1600 466 EPP.
1637 409 1697 465 S.
1736 408 1963 467 PAULI.
2002 436 2075 448 —
2100 408 2173 462 IN
2207 406 2424 464 EPIST.
2462 406 2556 461 AD
2589 406 2785 464 HEBR.

3388 404 3494 463 85‘

250 531 355 590 pus
379 527 464 574 est
494 519 676 577 auxilii
704 530 762 577 et
801 523 1183 580 misericordia:
1214 526 1410 596 ipsius,
1445 525 1511 580 de
1539 539 1648 595 quo
1676 524 1819 581 idem
1844 528 1897 591 Α
1922 523 2035 578 sive
2062 524 2233 577 nostri
2271 524 2544 594 temporis,
2586 525 2754 594 magis
2776 522 3008 593 pertinet
3048 538 3209 594 quam
3237 522 3304 579 ad
3339 520 3497 577 Chri-

249 608 536 680 Apostolus
591 611 723 669 alias
774 613 945 669 dicit:
986 614 1120 669 Ecce
1159 632 1296 670 nunc
1339 626 1537 684 tempus
1582 625 1823 686 accepta-

253 699 371 766 bile,
401 706 516 757 ecce
556 720 693 758 nunc
735 706 847 761 dies
891 705 1075 762 salutis
1105 706 1189 777 (II
1216 706 1336 762 Cor.
1368 705 1476 777 vr);
1521 715 1575 762 et
1619 707 1685 761 de
1715 720 1822 776 quo

250 792 507 861 propheta
559 811 572 846 :
627 792 904 866 Tempore,
960 797 1172 867 inquit,
1226 806 1433 869 accepto
1484 796 1727 853 exaudiui
1773 807 1824 853 te

250 878 383 951 (lsa.
414 882 583 952 ηυξ).
616 882 713 939 Cui
747 886 891 940 enim
923 887 975 940 in
1005 887 1256 956 praesenti
1295 889 1490 944 saeculo
1516 889 1822 944 misericor-

252 972 393 1027 diam
419 983 657 1043 prazstat,
684 976 1002 1035 dimittendo
1029 981 1079 1035 ei
1106 989 1350 1050 peccata,
1375 988 1431 1035 et
1456 983 1627 1054 gratia
1654 982 1822 1039 dono-

252 1077 369 1116 rum
394 1063 712 1132 spiritalium
744 1066 933 1137 replet,
970 1068 1118 1122 illum
1146 1070 1329 1139 utique
1368 1071 1421 1125 in
1446 1071 1628 1128 futuro
1655 1088 1822 1145 regno

252 1167 431 1208 secum
458 1171 682 1225 regnare
703 1159 988 1227 promittit.
1018 1159 1085 1213 Et
1107 1162 1230 1231 quia
1264 1160 1503 1231 pontifex
1533 1172 1717 1218 noster
1739 1172 1824 1220 est

250 1243 443 1299 sedens
470 1244 523 1300 in
554 1246 750 1303 throno
772 1248 953 1319 gloriae
980 1258 1246 1319 paternaa,
1274 1253 1455 1307 omnia
1481 1253 1671 1309 tribuit
1704 1268 1823 1324 quae

252 1334 407 1392 nobis
433 1335 501 1392 ad
526 1336 755 1394 salutem
778 1341 1060 1410 provenire
1090 1343 1449 1398 certissimum
1467 1353 1569 1400 est.

845 1493 1071 1552 CAPUT
1122 1494 1183 1554 V.

322 1596 503 1658 Omnis
542 1620 763 1677 namque
801 1606 1035 1678 pontifex
1070 1624 1135 1663 ea:
1168 1610 1461 1665 hominibus
1498 1623 1816 1683 assumptus,

246 1708 339 1763 pro
382 1693 674 1749 hominibus
713 1698 1046 1751 constituitur
1073 1699 1126 1752 in
1167 1698 1245 1753 Itis
1291 1717 1407 1771 quae
1452 1702 1706 1772 pertinent
1749 1696 1819 1757 ad

247 1781 409 1838 Deum
448 1793 503 1836 ut
534 1785 719 1853 o/ferat
759 1786 897 1840 dona
934 1797 982 1841 et
1022 1788 1281 1859 sacri/icio
1322 1808 1416 1860 pro
1456 1793 1696 1861 peccatis,
1728 1796 1819 1865 qui

1921 625 2089 681 stum,
2117 616 2207 685 qui
2236 625 2517 685 peccatum
2548 632 2655 672 non
2698 616 2844 673 fecit.
2892 615 3071 671 Potest
3100 626 3153 670 et
3182 615 3310 671 illud
3351 613 3496 686 quod

1921 708 2078 773 dixit,
2092 708 2345 779 quoniam
2368 719 2422 764 et
2439 709 2554 779 ipse
2580 709 2942 764 circumdatus
2964 716 3046 764 est
3067 708 3394 775 inlirmitate,
3411 722 3498 765 re-

1923 796 2052 857 ferri
2081 799 2149 853 ad
2183 799 2493 853 sacerdotes
2534 798 2686 869 legis,
2720 797 2834 853 sive
2860 806 3096 863 nostros,
3136 797 3210 850 ita
3250 804 3310 850 ut
3347 795 3498 851 inﬁr-

1922 888 2084 944 mitas
2103 889 2404 959 accipiatur
2421 905 2520 960 pro
2542 896 2766 959 peccato
2791 906 2805 942 :
2829 898 2885 944 et
2904 889 3030 958 quia
3051 888 3153 959 ipsi
3175 886 3495 945 circumdati

1923 991 2046 1034 sunt
2082 979 2395 1034 infirmitate
2420 979 2620 1046 carnis,
2645 981 2750 1037 hoc
2777 987 2864 1036 est
2899 990 3147 1052 peccato.
3174 980 3414 1052 indigent
3438 986 3501 1034 ut

1920 1088 2020 1142 pro
2041 1071 2256 1143 populo,
2282 1072 2355 1126 ita
2380 1084 2434 1127 et
2459 1087 2558 1143 pro
2578 1087 2636 1135 se
2650 1071 2864 1130 offerre.
2889 1072 2981 1127 His
3006 1072 3186 1127 verbis
3213 1072 3499 1128 ostendere

1919 1161 2090 1216 voluit
2122 1161 2411 1231 Apostolus
2437 1162 2579 1231 quod
2620 1163 2691 1217 sit
2734 1160 3005 1231 pontifex,
3031 1168 3086 1215 et
3128 1163 3500 1217 demonstrare

1921 1266 2042 1321 qua:
2085 1251 2392 1321 pertineant
2438 1252 2504 1305 ad
2532 1250 2876 1321 pontiﬁcem,
2918 1258 2971 1304 et
2997 1250 3126 1318 quid
3155 1249 3227 1304 sit
3254 1248 3368 1318 ejus
3396 1249 3498 1304 mi-

1920 1344 2204 1399 nisterium
2224 1384 2240 1407 ,
2283 1353 2338 1397 et
2368 1358 2487 1411 qua:
2530 1343 2639 1397 sint
2668 1343 2819 1414 signa
2862 1341 3224 1412 pontiﬁcatus,
3250 1340 3500 1395 videlicet

1920 1441 1982 1489 ut
2007 1424 2197 1489 oﬁ‘erat
2226 1434 2364 1489 dona
2393 1442 2448 1487 et
2477 1433 2742 1487 sacriﬁcia
2767 1446 2863 1503 pro
2887 1431 3142 1502 peccatis,
3168 1432 3344 1485 sciens
3372 1444 3500 1484 con-

1920 1522 2102 1578 dolere
2146 1524 2229 1578 his
2264 1523 2645 1593 qui~ignorant
2680 1532 2736 1578 et
2760 1531 2964 1577 errant.
2991 1522 3063 1576 At
3094 1522 3286 1577 deinde
3323 1521 3501 1590 dispu-

1922 1620 2035 1668 tare
2056 1629 2345 1684 aggressus
2365 1623 2468 1679 est,
2492 1614 2762 1685 quomodo
2788 1612 2908 1682 quis
2927 1612 2995 1666 ad
3024 1610 3383 1667 sacerdotium
3411 1626 3499 1666 ac-

1920 1703 2111 1758 cedere
2141 1702 2354 1769 debeat,
2387 1704 2575 1758 dicens
2613 1721 2627 1757 :

1976 1791 2103 1846 Nec
2138 1794 2413 1864 quisquam
2453 1803 2618 1847 sumet
2648 1793 2746 1847 sibi
2786 1808 3030 1847 nonorem
3070 1792 3377 1855 sacerdotii,
3408 1791 3498 1845 sed

242 1875 403 1942 possit
428 1874 700 1929 condolere
724 1875 803 1929 his
829 1876 920 1947 qui
938 1878 1178 1947 ignorant
1204 1889 1250 1932 et
1274 1890 1474 1947 errant,
1500 1882 1746 1952 quoniam
1769 1892 1818 1938 et
1846 1878 1894 1938 B
1920 1883 2009 1954 qui
2038 1892 2253 1937 vocatur
2280 1902 2312 1937 a
2345 1883 2455 1938 Deo
2483 1893 2735 1954 tanquam
2764 1882 2940 1937 Aaron
2957 1924 2971 1947 ,
3000 1883 3254 1939 subaudis
3275 1890 3501 1937 vocatus

244 1964 353 2033 ipse
391 1967 743 2022 circumdatus
791 1978 863 2021 est
907 1970 1242 2039 inﬁrmitate;
1272 1983 1319 2026 et
1360 1984 1629 2044 praptcrea
1672 1977 1817 2033 debet

242 2056 677 2127 quemadmodum
700 2066 747 2112 et
777 2075 870 2129 pro
895 2059 1112 2131 populo,
1139 2062 1208 2116 ita
1237 2064 1391 2118 etiam
1420 2082 1514 2136 pro
1548 2069 1817 2139 semetipso

244 2145 432 2214 o/ferre
482 2162 575 2215 pro
622 2148 862 2217 peccatis.
916 2148 974 2203 In
1023 2149 1106 2205 his
1155 2152 1332 2207 verbis
1376 2154 1621 2223 quaedam
1667 2158 1821 2228 ponit

241 2238 526 2308 Apostolus
562 2244 865 2298 communia
901 2243 1117 2301 Christo
1158 2255 1213 2302 ct
1251 2249 1624 2306 sacerdotibus
1661 2248 1816 2322 legis,

243 2331 486 2398 quaedam
530 2347 658 2387 vero
700 2332 890 2391 altiora
934 2338 1257 2405 pertinentia
1298 2340 1514 2410 proprie
1557 2342 1624 2395 ad
1662 2340 1819 2397 Chri-

241 2428 385 2474 stum
414 2435 429 2475 :
462 2430 517 2476 et
543 2422 735 2478 iterum
765 2425 1010 2494 quaedam
1050 2426 1335 2484 humiliora
1368 2430 1685 2500 pertinentia
1725 2450 1816 2489 so-

240 2510 517 2569 lummodo
561 2514 627 2569 ad
676 2517 989 2573 sacerdotes
1036 2519 1237 2575 veteris
1292 2520 1442 2592 legis.
1492 2521 1626 2578 Nam
1674 2528 1819 2596 quod

242 2604 338 2671 ait,
367 2606 542 2661 omnis
578 2607 818 2678 pontifex
864 2626 931 2665 ex
973 2610 1279 2668 hominibus
1315 2624 1641 2685 assumptus,
1678 2621 1817 2673 sicut

240 2693 421 2749 Aaron
448 2705 502 2750 et
525 2696 792 2763 Christus,
817 2713 916 2769 pro
946 2700 1254 2758 hominibus
1279 2705 1628 2761 constituitur
1655 2707 1708 2761 in
1732 2709 1817 2765 his

241 2787 431 2845 otllciis
458 2802 578 2859 qua:
606 2790 671 2845 ad
710 2791 874 2846 Deum
912 2793 1204 2863 pertinent,
1237 2798 1444 2852 orando
1475 2814 1573 2867 pro
1605 2799 1818 2856 illorum

241 2879 432 2943 salute,
463 2881 566 2936 hoc
594 2896 878 2937 commune
907 2894 989 2938 est
1013 2882 1229 2939 Christo
1263 2894 1318 2941 et
1364 2886 1472 2942 illis
1523 2889 1819 2944 sacerdoti-

239 2969 360 3024 bus.
405 2969 683 3026 Pontiﬁcis
721 2973 864 3027 enim
893 2971 1126 3027 ofﬁcium
1177 2982 1263 3030 est
1299 2976 1440 3031 inter
1476 2977 1641 3031 Deum
1672 2987 1819 3036 stare

242 3071 297 3118 et
319 3062 592 3133 populum,
625 3072 680 3118 et
710 3064 875 3119 Deum
916 3065 1193 3135 deprecari
1230 3081 1327 3137 pro
1363 3068 1545 3139 populi
1587 3070 1814 3126 delictis.

242 3153 357 3210 Hoc
375 3163 429 3210 et
439 3154 684 3211 Christus
706 3156 915 3225 perhoc
934 3156 1074 3228 quod
1092 3165 1144 3213 et
1159 3158 1319 3215 homo
1341 3168 1395 3215 et
1411 3158 1552 3215 Dens
1567 3172 1650 3216 est
1666 3161 1814 3229 fecit,

1923 1982 2007 2027 est
2036 1973 2187 2042 signo
2210 1973 2453 2028 florentis
2480 1974 2666 2045 virgae,
2691 1974 2806 2029 sive
2830 1974 2982 2044 signo
3004 1974 3236 2028 incendii
3262 1973 3496 2040 illorum,

1921 2064 2012 2134 qui
2050 2063 2165 2132 ejus
2210 2065 2546 2133 pontiﬁcatui
2591 2065 2919 2130 invidentes,
2963 2065 3275 2135 dignitatem
3315 2080 3499 2121 sacer-

1922 2155 2052 2209 dotii
2079 2153 2377 2210 affectando
2402 2155 2657 2211 invadere
2679 2155 3056 2210 moliebantur.
3081 2154 3174 2209 His
3201 2156 3343 2210 enim
3366 2156 3498 2210 duo-

1920 2247 2021 2303 bus
2072 2245 2240 2318 signis
2285 2247 2554 2315 ostensis,
2603 2247 3003 2303 demonstratns
3045 2254 3129 2303 est
3172 2246 3422 2303 sacerdos
3468 2262 3502 2302 a

1922 2339 2033 2394 Deo
2084 2337 2309 2395 electus.
2364 2338 2657 2394 Confundit
2703 2349 2880 2395 autem
2924 2355 2989 2395 ac
3037 2340 3268 2411 percutit
3311 2340 3501 2396 beatus

1920 2431 2211 2502 Apostolus
2247 2431 2556 2488 sacerdotes
2583 2432 2805 2501 cupidos
2833 2432 3084 2495 honoris,
3116 2439 3171 2486 et
3213 2431 3500 2487 sacerdotii

1922 2524 2128 2592 avidos,
2161 2527 2250 2598 qui
2276 2536 2467 2597 sponte
2496 2527 2790 2582 immittunt
2815 2543 2873 2583 se
2900 2538 2955 2583 et
2984 2528 3238 2598 ingerunt
3257 2530 3323 2584 ad
3350 2528 3502 2583 iniui-

1920 2617 2145 2670 steriuin
2199 2616 2569 2683 sacerdotale,
2625 2634 2731 2672 non
2786 2617 3069 2674 vocatione
3125 2619 3219 2674 Dei
3274 2618 3357 2674 vel
3408 2635 3502 2675 vo-

1920 2707 2166 2771 luntate,
2224 2706 2317 2761 sed
2371 2708 2549 2777 potius
2606 2708 2910 2763 interventu
2967 2722 3249 2764 munerum
3301 2727 3314 2762 :
3375 2709 3501 2779 quia

1920 2816 2028 2855 non
2066 2816 2164 2869 pro
2193 2799 2365 2856 salute
2392 2802 2595 2873 populi,
2627 2802 2721 2858 sed
2745 2818 2843 2873 pro
2874 2800 3167 2857 ambitione
3193 2801 3371 2858 sazcnli
3398 2801 3503 2857 hoc

1922 2898 2109 2961 agunt.

1996 2982 2087 3037 Sic
2115 2990 2160 3036 et
2191 2980 2426 3036 Christus
2459 2999 2561 3037 non
2588 2984 2917 3054 semetipsum
2949 2982 3252 3052 clariﬁcavit
3284 2991 3338 3035 ut
3366 2997 3498 3051 pon-

1922 3071 2051 3141 tifex
2089 3072 2268 3141 ﬁeret,
2315 3072 2405 3125 sed
2450 3072 2541 3127 ille
2585 3073 2674 3143 qui
2704 3071 2905 3127 locutus
2942 3082 3013 3126 est
3045 3074 3112 3126 ad
3141 3089 3256 3126 eum
3280 3086 3297 3123 :
3324 3069 3374 3124 F
3377 3072 3502 3127 ilius

1923 3180 2067 3217 meus
2093 3180 2146 3218 es
2174 3173 2265 3227 tu;
2294 3180 2385 3233 ego
2421 3162 2574 3218 hodie
2603 3164 2759 3234 genui
2784 3174 2851 3218 te.
2881 3162 3153 3228 Cloriﬁco,
3182 3158 3498 3232 honoriﬁco,

242 3247 479 3316 seipsum
505 3245 734 3303 ol'erens
762 3264 858 3318 pro
885 3250 1122 3319 peccatis
1150 3252 1381 3318 nostris,
1424 3270 1623 3325 semper
1644 3254 1811 3311 vivens
1839 3238 1888 3308 C
1918 3252 2179 3320 clarifico,
2212 3253 2313 3310 tria
2341 3252 2558 3325 quidem
2588 3262 2712 3309 sunt
2742 3254 2901 3309 verba
2920 3297 2934 3321 ,
2967 3254 3057 3310 sed
3089 3270 3252 3309 unum
3283 3269 3502 3311 sensum

243 3340 311 3393 ad
335 3339 768 3411 interpellandum
790 3342 957 3397 Deum
989 3341 1201 3398 Patrem
1224 3361 1317 3415 pro
1344 3346 1488 3401 nobis
1512 3346 1667 3419 (Heb.
1689 3349 1811 3420 vn).

242 3429 422 3487 Semel
451 3433 664 3502 quidem
694 3448 760 3489 ex
791 3435 1096 3491 hominibus
1124 3445 1452 3507 assumptus,
1480 3452 1692 3510 semper
1716 3456 1815 3511 pro

242 3522 550 3579 hominibus
579 3526 896 3597 interpellat.
935 3526 1133 3582 lterum
1164 3529 1306 3598 quod
1347 3529 1499 3596 dicit,
1530 3538 1591 3584 ut
1625 3529 1817 3586 oderat

244 3618 382 3674 dona
418 3626 474 3672 et
517 3619 780 3675 sacriﬁcia
812 3636 907 3691 pro
935 3621 1192 3691 peccatis,
1224 3636 1290 3677 ex
1332 3632 1484 3694 parte
1530 3640 1816 3681 commune

243 3718 343 3774 est,
369 3717 423 3764 et
446 3722 511 3764 ex
536 3719 689 3779 parte
718 3712 958 3778 minime,
981 3720 1140 3783 atque
1165 3712 1441 3769 dissimile.
1471 3714 1607 3771 Nam
1636 3716 1687 3770 in
1715 3718 1816 3771 hoc

245 3803 389 3871 quod
415 3801 663 3856 Christus
692 3798 1015 3856 sacriﬁcium
1038 3803 1231 3858 obtulit
1250 3819 1347 3874 pro
1374 3807 1554 3877 populi
1584 3806 1816 3872 delictis,

247 3894 389 3966 quod
436 3902 489 3949 et
532 3893 609 3948 illi
655 3895 885 3964 agebant
926 3895 1170 3964 quaedam
1207 3899 1512 3953 communio
1562 3908 1644 3953 est
1679 3917 1692 3952 :
1725 3901 1822 3957 sed

249 3987 303 4041 in
330 3987 430 4039 hoc
458 3985 599 4055 quod
623 3985 710 4039 ille
740 4000 837 4054 pro
865 4000 923 4039 se
952 4001 1058 4040 non
1080 3986 1295 4052 obtulit,
1320 3987 1457 4042 sicut
1484 3988 1555 4042 illi
1587 4004 1685 4059 pro
1710 3990 1821 4045 suis

249 4077 457 4133 delictis
493 4078 697 4133 hostias
736 4077 1050 4145 offerebant,
1079 4081 1189 4150 jam
1220 4096 1327 4135 non
1372 4089 1455 4136 est
1488 4083 1818 4139 communio.

247 4164 303 4221 In
321 4169 421 4222 hoc
442 4184 652 4239 quoque
664 4167 1036 4224 dissimilitudo
1052 4169 1253 4235 existit,
1271 4170 1395 4240 quia
1428 4171 1503 4227 illi
1535 4172 1821 4229 irrationa-

248 4256 371 4312 bilia
385 4255 680 4313 olferebant
691 4258 973 4326 sacriﬁcia,
988 4260 1149 4316 boves
1166 4259 1819 4332 scilicet,arietes,bircos,

248 4358 302 4406 et
324 4358 517 4406 caetera
543 4351 667 4406 talia
694 4369 710 4420 ;
735 4350 980 4408 Christus
1004 4366 1134 4409 vero
1164 4354 1483 4411 rationabile
1504 4355 1703 4411 animal
1723 4373 1822 4429 pro

248 4444 413 4499 totius
442 4445 625 4500 mundi
656 4446 831 4501 salute
856 4444 1082 4513 obtulit,
1114 4447 1219 4502 hoc
1266 4452 1382 4514 est,
1428 4448 1696 4519 seipsum,
1729 4448 1824 4522 qui

248 4543 331 4591 est
359 4526 526 4607 agnus
555 4536 956 4606 immaculatus,
989 4538 1143 4610 juxta
1173 4541 1314 4610 quod
1350 4538 1617 4609 Joannes,
1644 4541 1773 4599 dicit
1804 4563 1819 4598 :

1921 3347 2175 3403 habentia
2207 3364 2219 3398 :
2254 3346 2398 3417 quod
2435 3361 2543 3400 uno
2571 3346 2736 3400 verbo
2776 3344 2961 3400 Graece
3011 3342 3377 3411 concluditur,
3417 3346 3501 3400 di-

1922 3438 2093 3494 cendo
2123 3435 2334 3503 ὲδόξασε
2371 3451 2388 3489 ;
2421 3430 2564 3492 unde
2592 3436 2647 3491 in
2674 3418 3027 3505 interpretum
3055 3435 3316 3490 varietate
3346 3434 3504 3489 aliter

1921 3542 2085 3602 atque
2116 3532 2272 3586 aliter
2316 3532 2371 3586 in
2410 3530 2603 3584 Latino
2629 3529 2862 3600 positum
2892 3527 3141 3583 habetur.
3184 3526 3318 3582 Nam
3360 3527 3506 3598 quod

1922 3625 1976 3680 in
2006 3624 2295 3696 Evangelio
2326 3622 2652 3692 evangelista
2688 3621 2820 3677 dicit
2856 3620 3139 3676 Dominum
3169 3620 3371 3676 dixisse
3396 3638 3409 3674 :
3442 3618 3505 3677 Si

1921 3732 2014 3785 ego
2037 3715 2270 3785 glori/ica
2294 3702 2563 3785 meipsum,
2586 3713 2754 3785 gloria
2776 3729 2888 3767 mea
2910 3711 3040 3767 nihil
3062 3722 3134 3766 est
3161 3709 3342 3783 (Jodn.
3360 3712 3502 3784 vin),

1922 3804 2013 3859 hic
2058 3803 2346 3874 Apostolus
2397 3802 2838 3858 clariﬁcationem
2898 3801 3211 3856 nominavit.
3257 3799 3506 3857 Christus

1923 3910 2052 3965 ergo
2086 3894 2433 3964 semetipsum
2464 3910 2568 3948 non
2606 3884 2949 3957 clariﬁcavit,
2980 3891 3031 3945 id
3059 3901 3141 3946 est
3166 3906 3273 3945 non
3305 3890 3507 3962 gloriﬁ-

1926 3987 2088 4051 cavit,
2119 3994 2178 4041 ut
2207 4002 2237 4039 a
2267 3968 2559 4055 semetipso
2587 3984 2822 4054 pontifex
2854 3983 3024 4045 ﬁeret,
3051 3974 3504 4052 pontiﬁcaiusque

1927 4077 2187 4133 honorem
2215 4075 2457 4143 haberet,
2489 4075 2617 4144 quia
2647 4090 2753 4129 non
2778 4083 2895 4143 erat
2923 4088 2953 4127 a
2981 4073 3176 4142 seipso.
3207 4071 3267 4131 Et
3296 4072 3398 4126 hoc
3422 4080 3508 4127 est

1926 4169 2068 4237 quod
2097 4165 2212 4238 ipse
2242 4167 2295 4222 in
2323 4164 2617 4237 Evangelio
2644 4163 2803 4238 dicit:
2824 4162 2948 4216 Non
2975 4162 3088 4215 veni
3116 4178 3148 4213 a
3176 4159 3389 4231 meipso,
3417 4160 3505 4215 sed

1926 4236 2015 4312 ille
2052 4236 2133 4311 me
2171 4257 2308 4312 misit
2353 4236 2532 4329 (Joan.
2564 4253 2684 4328 vn).
2735 4236 2802 4309 Et
2846 4253 3041 4307 iterum
3078 4268 3090 4304 :
3136 4248 3249 4321 Ego
3287 4250 3507 4323 gloriam

1926 4365 2097 4404 meam
2136 4364 2239 4403 non
2266 4362 2473 4418 quwro,
2504 4353 2578 4401 est
2606 4346 2697 4413 qui
2738 4344 2995 4416 glori/ient
3038 4360 3151 4410 me,
3182 4341 3343 4397 Pater
3363 4359 3507 4398 meus

1928 4437 2111 4514 (Joan.
2139 4437 2281 4509 vni).
2323 4436 2477 4495 Sicut
2514 4450 2644 4507 ergo
2688 4449 2719 4490 a
2767 4434 2944 4504 scipso
2976 4448 3081 4488 non
3115 4430 3281 4497 venit,
3308 4432 3433 4503 quia
3474 4448 3507 4488 a

1930 4533 2107 4604 seipso
2150 4547 2255 4587 non
2300 4538 2455 4596 erat,
2493 4544 2754 4600 suamque
2809 4527 3034 4597 gloriam
3064 4541 3169 4581 non
3210 4526 3505 4597 quaerebat,

248 4605 599 4700 Ecce—agnus
649 4628 788 4697 Dei,
839 4605 955 4686 ecce
991 4605 1107 4703 ‘qui
1173 4605 1308 4686 tollit
1369 4605 1819 4703 peccata'mundi

1929 4625 2001 4682 ita
2033 4624 2381 4695 semetipsum
2411 4632 2518 4679 non
2558 4617 2908 4686 clariﬁcavit,
2940 4627 2997 4675 ut
3039 4616 3383 4690 pontiﬁcatus
3413 4616 3507 4672 ho-

240 4708 432 4793 (Ιοαη.
480 4722 543 4791 ι).
591 4721 817 4793 Reliqua
861 4738 980 4794 quin
1024 4723 1135 4794 jam
1180 4732 1497 4794 sequuntur,
1546 4741 1649 4780 non
1698 4735 1825 4782 sunt
1929 4726 2115 4774 norem
2143 4732 2171 4769 a
2203 4716 2380 4797 seipse
2409 4714 2663 4780 haberet,
2692 4713 2785 4769 sed
2808 4726 2837 4785 a
2865 4710 3027 4767 Patre
3054 4709 3378 4767 clariﬁcatus
3402 4716 3504 4775 est,

248 4813 574 4868 communia.
606 4810 817 4869 Etenim
873 4814 1016 4885 quod
1040 4815 1191 4881 dicit,
1220 4815 1309 4885 qui
1340 4818 1510 4886 possit
1538 4817 1825 4876 compulere
1928 4808 2020 4879 qui
2051 4806 2259 4862 locutus
2286 4796 2368 4861 est
2395 4805 2461 4860 ad
2484 4812 2607 4860 eum
2636 4803 2723 4859 die
2744 4804 3114 4874 baptismatis,
3142 4802 3328 4857 dicens
3356 4817 3369 4854 :
3406 4796 3508 4854 Hic

247 4903 335 4959 his
362 4905 452 4975 qui
497 4905 751 4978 ignorant.
790 4912 845 4961 et
887 4914 1090 4973 errant,
1131 4908 1234 4961 hoc
1260 4914 1343 4962 est
1384 4909 1479 4980 qui
1513 4907 1826 4981 ignoranter
1927 4911 2006 4957 εει
2051 4895 2224 4953 Filius
2273 4908 2418 4953 me“
2467 4895 2720 4960 άίίεσεαεο
2776 4895 2832 4949 δη
2886 4911 2988 4966 quo
3038 4893 3165 4947 mihi
3220 4888 3511 4981 εοηιρίαίξυί

247 5002 475 5065 peccant
500 5003 555 5050 et
579 5002 763 5050 errant
791 5013 804 5050 :
836 4994 1090 5066 quoniam
1115 5007 1171 5050 et
1207 4995 1322 5066 ipse
1349 4979 1714 5054 circumdatus
1739 5004 1825 5054 est
1929 4990 2146 5069 (Matth.
2176 4991 2281 5063 ni).
2314 4990 2445 5059 Qua:
2482 4987 2796 5046 clariﬁcatio
2835 4987 2948 5042 sive
2990 4983 3306 5057 gloriﬁcatio
3343 4979 3511 5037 multo

249 5086 561 5144 inﬁrmitate
592 5087 790 5154 carnis,
834 5087 886 5142 in
919 5101 1023 5158 qua
1062 5086 1257 5142 tentari
1296 5089 1471 5158 potuit
1507 5102 1603 5157 per
1642 5090 1824 5144 omnia
1928 5094 2056 5141 ante
2082 5096 2179 5155 per
2210 5076 2554 5153 prephetain,
2582 5077 2788 5151 Spiritu
2814 5072 3001 5134 sancto
3029 5075 3346 5147 inspirante,
3375 5087 3512 5144 prte-

245 5195 349 5252 pro
376 5181 724 5237 similitudine
755 5180 935 5236 carnis
971 5179 1178 5251 peccati
1213 5176 1415 5248 absque
1441 5189 1683 5250 peccato.
1723 5178 1825 5238 Hic
1925 5178 2070 5233 dicta
2100 5184 2200 5241 cst,
2232 5174 2540 5245 loquentem
2568 5172 2624 5228 in
2654 5178 2885 5243 persona
2918 5167 3040 5223 Filii
3073 5166 3203 5233 Dei,
3236 5173 3292 5220 et
3317 5162 3509 5217 dicen-

242 5271 355 5344 jam
384 5275 701 5331 excellentia
735 5282 817 5330 est
858 5274 1136 5345 pertinens
1178 5273 1245 5328 ad
1277 5271 1575 5339 Christum,
1616 5272 1683 5328 de
1717 5288 1823 5344 qua
1925 5282 2035 5328 tem
2064 5288 2077 5324 :
2105 5268 2362 5324 Dominus
2405 5266 2539 5321 dixit
2574 5263 2644 5321 ad
2669 5264 2771 5330 me,
2803 5257 2977 5317 Filius
3018 5274 3164 5314 meus
3201 5272 3253 5311 es
3292 5264 3381 5320 tu,
3419 5266 3510 5325 ego

245 5365 406 5438 paulo
432 5367 679 5438 superius
726 5366 936 5438 plenius
974 5366 1348 5423 disseruimus.
1388 5363 1491 5421 Per
1533 5365 1638 5422 hoc
1678 5368 1822 5424 enim
1927 5362 2082 5418 hodie
2106 5360 2261 5434 genui
2302 5371 2350 5414 te
2383 5357 2559 5451 (Psal.
2599 5354 2685 5451 ιι).
2731 5352 2800 5411 Ει
2842 5355 2981 5451 quia
3008 5346 3363 5422 omnipotenti

246 5463 391 5534 quod
419 5461 615 5517 similia
649 5476 841 5532 passus
866 5469 969 5529 est,
999 5470 1190 5532 potens
1215 5470 1295 5517 est
1332 5461 1567 5532 compati
1596 5478 1610 5529 ;
1641 5469 1696 5517 et
1723 5478 1824 5534 per
1926 5454 2110 5512 omnia
2155 5451 2366 5519 futura,
2414 5450 2569 5522 quasi
2610 5448 2724 5519 jam
2767 5447 3041 5546 praeterita
3088 5451 3180 5500 aut
3223 5445 3514 5546 praecutit

244 5532 353 5611 hoc
381 5556 523 5625 quod
548 5557 688 5611 Deus
709 5566 811 5619 est,
845 5554 899 5609 in
926 5562 1155 5626 utraque
1185 5553 1489 5610 substantia
1520 5561 1711 5626 potens
1726 5532 1825 5610 est
1927 5553 2086 5613 sunt,
2117 5544 2259 5617 quod
2296 5545 2346 5599 ei
2387 5550 2511 5616 post
2540 5543 2865 5613 baptismum
2893 5536 3170 5603 dicturus,
3215 5532 3370 5608 quasi
3396 5532 3515 5606 jam

247 5648 514 5705 misereri.
563 5648 715 5717 Quod
754 5663 883 5704 vero
931 5646 1203 5718 adiunxit,
1240 5655 1293 5703 et
1338 5655 1622 5719 propterea
1665 5647 1826 5703 debet

247 5740 709 5815 quemadmodum.
729 5748 784 5794 et
818 5755 914 5810 pro
947 5739 1166 5809 populo,
1195 5739 1272 5793 ita
1301 5739 1463 5793 etiam
1491 5753 1590 5809 pro
1617 5748 1821 5794 semet—

1930 5640 2135 5696 dictum
2171 5639 2424 5694 habebat.
2452 5636 2791 5708 Quapropter
2831 5633 3026 5690 merito
3069 5628 3343 5704 praeterito
3376 5635 3513 5685 tem-

1927 5747 2062 5804 pore
2088 5747 2216 5787 usus
2243 5738 2347 5797 est,
2379 5730 2628 5801 inquiens
2660 5748 2672 5783 :
2714 5727 2974 5785 Dominus
3003 5724 3140 5782 dixit
3168 5724 3237 5780 ad
3266 5736 3374 5779 me.
3401 5717 3513 5775 No-

246 5826 367 5901 ipso
392 5826 589 5887 oﬁ‘erre
612 5813 710 5902 pro
735 5829 994 5903 peccatis,
1025 5830 1129 5885 hoc
1158 5828 1227 5884 ad
1256 5828 1567 5886 sacerdotes
1598 5827 1821 5900 legales,
1846 5856 1895 5912 di
1931 5827 2077 5882 mine
2106 5833 2287 5880 autem
2316 5823 2528 5880 Domini
2556 5821 2722 5879 Deum
2753 5821 2972 5877 Patrem
3015 5817 3314 5905 intelligere
3352 5813 3514 5871 debe-
