3952 6340
183 423 291 480 85ῗ

823 417 1185 477 EXPOSITIO
1228 422 1292 475 ΙΝ
1334 421 1480 478 EPP.
1522 426 1579 477 S.
1621 423 1846 480 PAULI.
1889 456 1957 465 —-—
1995 425 2062 480 ΙΝ
2101 427 2320 484 EPIST.
2359 431 2451 484 AD
2493 429 2694 486 HEBR.

3337 435 3444 493 858

183 537 436 606 quoniam
464 532 741 588 imbecilles
763 533 891 604 {acti
915 535 1034 588 estis
1056 534 1125 588 ad
1145 534 1486 588 audiendum.
1510 535 1601 590 Illa
1625 535 1759 590 diiﬁ-
1786 541 1841 600 Α
1865 553 1964 592 nec
1997 539 2099 594 scit
2138 541 2212 595 ita
2249 551 2308 595 ut
2354 545 2589 613 expedit,
2641 544 3022 600 discretionem
3075 545 3256 603 facere
3301 547 3448 604 inter

181 631 363 687 cultas
394 628 780 698 interpretandi
811 643 1118 683 sermonem
1143 641 1304 696 quem
1339 628 1404 682 de
1426 627 1564 682 Filio
1589 629 1768 682 incar-

177 730 318 778 nato
342 720 592 785 instituit,
617 735 722 776 non
753 717 854 772 fuit
881 719 934 773 in
959 718 1075 787 ejus
1099 719 1398 789 ignorantia
1423 718 1509 772 cui
1531 717 1766 772 revelata

180 823 317 871 sunt
340 812 594 884 mysteria
623 827 652 866 a
677 811 890 866 saeculis
906 811 1242 877 abscondita,
1264 810 1355 865 sed
1376 810 1556 874 potius
1576 810 1630 864 in
1653 809 1766 864 illo-

179 922 310 960 rum
327 903 602 968 tarditate,
620 902 714 969 qui
743 901 1064 966 imbecilles,
1083 901 1135 956 id
1164 910 1248 956 est
1271 901 1468 955 inﬁrmi
1491 901 1544 954 in
1570 900 1694 965 ﬁde,
1711 907 1768 955 et

181 997 408 1068 fragiles
441 1011 605 1050 sensu
635 995 704 1049 ad
753 993 1157 1064 intelligendum
1194 993 1460 1064 profunda
1505 994 1766 1064 mysteria

178 1090 431 1150 tuorum.
461 1087 553 1157 qui
579 1087 742 1142 etiam
771 1101 869 1156 pro
891 1094 1132 1157 tempore
1173 1086 1416 1157 magistri
1467 1087 1769 1141 debuerant

179 1198 328 1246 esse,
358 1179 502 1234 unde
529 1187 582 1232 et
621 1179 736 1248 ipse
771 1179 949 1234 reddit
973 1191 1192 1233 causam
1232 1177 1420 1234 dicens
1453 1197 1465 1232 :
1499 1178 1766 1244 Quoniam

179 1272 486 1330 imbecilles
513 1271 641 1326 facti
671 1271 802 1326 estis
827 1273 895 1326 ad
927 1270 1283 1336 audiendum,
1311 1285 1377 1326 ac
1409 1270 1602 1326 deinde
1641 1270 1768 1326 sub-

172 1364 361 1434 juugit
393 1380 408 1416 :

257 1451 470 1506 Etenim
496 1466 615 1504 cum
637 1449 888 1504 deberetis
914 1449 1153 1520 magistri
1177 1465 1289 1504 esse
1309 1458 1519 1520 prapter
1542 1459 1766 1520 tempus,

177 1542 447 1599 subaudis
473 1557 580 1612 quo
609 1556 745 1612 pene
778 1541 846 1596 ab
879 1540 1035 1596 initio
1061 1540 1233 1612 legem
1266 1541 1531 1597 habuistis
1563 1551 1619 1596 et
1639 1556 1766 1610 pro-

177 1636 402 1705 phetas,
434 1648 644 1687 rursum
665 1631 909 1702 indigetis
929 1638 986 1684 ut
1005 1631 1300 1685 doceamini
1343 1648 1374 1686 a
1400 1645 1508 1697 me,
1540 1631 1770 1700 aliisque

177 1724 462 1796 apostolis,
493 1741 610 1795 qua:
635 1724 737 1778 sint
759 1723 1011 1778 elementa
1033 1722 1233 1777 exordii
1253 1739 1550 1777 sermonum
1571 1722 1692 1788 Dei,
1719 1732 1768 1777 et

177 1819 311 1889 facti
339 1819 462 1872 estis
491 1816 676 1888 quibus
698 1815 832 1870 lacte
860 1831 990 1886 opus
1019 1815 1116 1881 sit,
1163 1831 1268 1869 non
1297 1813 1464 1868 solido
1507 1814 1641 1869 cibo.
1686 1813 1769 1868 Ad

1871 630 2071 684 bonum
2103 639 2160 686 et
2188 631 2410 699 malum,
2439 635 2720 704 redditque
2741 651 2962 690 causam
2994 651 3200 706 quare:
3235 635 3447 694 Parvu-
3517 635 3532 649 ’

1869 719 1951 773 lus
1988 729 2063 774 est
2109 721 2265 787 enim,
2296 723 2551 778 subaudis
2587 739 2744 779 sensu
2773 733 2829 779 et
2854 725 3146 782 intellectu.
3176 725 3444 797 Perfecto-

1869 827 1986 864 rum
2007 821 2178 865 autem
2207 812 2484 867 hominum
2507 823 2580 868 est
2605 813 2806 870 solidus
2828 817 2992 883 cibus,
3014 817 3070 872 id
3097 827 3181 874 est
3202 819 3293 889 qui
3320 835 3442 889 per-

1868 897 2040 955 fectos
2067 900 2269 956 habent
2310 917 2522 967 sensus,
2571 903 2784 959 illorum
2829 913 2915 962 est
2951 908 3062 962 alta
3109 917 3164 964 et
3215 910 3448 966 obscura

1868 993 2070 1048 sentire
2097 995 2356 1066 mysteria
2401 997 2467 1049 de
2515 995 2811 1052 Divinitate
2863 999 3250 1071 omnipotentis
3303 1002 3444 1069 Dei;

1866 1082 2010 1136 unde
2031 1091 2088 1137 et
2111 1085 2356 1152 sequitur
2387 1102 2400 1138 :
2442 1084 2661 1150 Eorum,
2688 1087 2808 1142 dico
2834 1103 2955 1145 esse
2980 1091 3210 1146 solidum
3241 1093 3444 1162 cibum,

1866 1173 1956 1242 qui
1976 1188 2070 1242 pro
2093 1175 2466 1229 consuetudine
2488 1175 2738 1233 lectionis
2765 1180 3073 1235 exercitatos
3108 1183 3297 1237 habent
3325 1201 3446 1239 sen-

1868 1279 1978 1330 sus,
2010 1265 2113 1320 hoc
2138 1273 2224 1320 est
2243 1267 2437 1322 studiis
2459 1267 2762 1324 litterarum
2788 1279 3065 1339 extensos,
3088 1275 3157 1327 ad
3182 1275 3452 1329 discretio-

1867 1371 1984 1408 nem
2009 1355 2129 1411 boni
2159 1374 2221 1410 ac
2244 1358 2394 1424 mali,
2444 1373 2657 1415 necnon
2693 1361 2761 1416 ad
2791 1362 3172 1418 discretionem
3204 1365 3452 1420 veritatis

1868 1461 1934 1502 ac
1953 1449 2224 1504 haeretica:
2248 1451 2560 1520 pravitatis.
2611 1451 2764 1508 Sicut
2809 1455 2953 1510 enim
3003 1457 3259 1526 parvulus
3312 1458 3454 1511 inter

1870 1540 2048 1595 cibum
2069 1549 2125 1596 et
2145 1543 2323 1597 cibum
2348 1542 2658 1600 discernere
2680 1547 2871 1613 nescit,
2896 1557 2951 1603 et
2972 1563 3114 1619 saepe
3136 1550 3189 1603 in
3214 1548 3450 1604 innoxiis

1869 1632 2147 1688 sumendis
2177 1635 2314 1690 cibis
2361 1637 2702 1706 periclitatur
2749 1641 2795 1695 si
2845 1656 2954 1696 non
3009 1642 3362 1712 prohibeatur
3417 1656 3449 1696 a

1869 1727 2104 1792 seniore,
2137 1727 2209 1782 ita
2240 1728 2492 1785 indoctus
2527 1731 2757 1801 quisque
2779 1733 2873 1803 qui
2918 1733 3301 1790 discretionem
3358 1735 3452 1789 do-

1871 1817 2169 1871 ctrinarum
2200 1819 2394 1886 nescit,
2427 1819 2585 1876 facile
2615 1812 2881 1893 decipitur
2928 1832 3091 1895 atque
3130 1826 3183 1880 in
3235 1826 3322 1880 via
3367 1841 3454 1881 er-

175 1923 278 1963 eos
303 1907 543 1976 loquitur
576 1905 670 1975 qui
696 1905 786 1961 diu
816 1911 1096 1960 morantes
1127 1903 1182 1958 in
1226 1903 1342 1976 lege
1363 1945 1379 1970 ,
1408 1904 1766 1959 exercitatum
1792 1897 1842 1958 Β
1869 1909 2010 1963 roris
2038 1909 2394 1979 periclitatur.
2424 1912 2766 1984 Quapropter
2791 1916 2941 1981 dicit,
2983 1918 3108 1987 quia
3154 1919 3332 1973 omnis
3358 1919 3452 1988 qui

178 2012 406 2053 sensum
457 1996 759 2051 debuerant
796 1993 998 2050 habere
1029 1994 1094 2050 de
1141 1994 1375 2049 adventu
1421 1993 1622 2049 Christi
1668 2009 1768 2063 per

177 2091 330 2146 dicta
358 2089 492 2160 legis
514 2097 568 2144 et
596 2089 1003 2158 prophetarum,
1027 2102 1126 2156 per
1154 2087 1382 2157 gratiam
1414 2099 1628 2157 quoque
1647 2101 1768 2156 quae

171 2200 280 2255 per
318 2198 443 2237 eum
466 2179 814 2236 credentibus
843 2181 1005 2235 allata
1034 2188 1138 2235 est.
1171 2179 1274 2247 Qui
1303 2189 1453 2235 certe
1500 2195 1623 2235 cum
1667 2180 1766 2234 dc-

172 2277 429 2332 buissent
477 2275 724 2348 magistri
779 2289 902 2330 esse
958 2274 1240 2346 gentilium
1286 2284 1508 2346 propter
1555 2284 1766 2345 tempus

171 2368 534 2438 prirteritum,
570 2368 624 2422 in
671 2383 779 2437 quo
816 2366 1000 2421 omnia
1043 2367 1291 2436 superius
1342 2375 1640 2421 memorata
1671 2366 1768 2420 ha-

170 2456 432 2519 buerunt,
461 2471 677 2511 rursum
729 2454 1040 2526 indigebant
1075 2463 1135 2509 ut
1177 2455 1502 2511 docerentur
1557 2455 1627 2510 ab
1673 2455 1766 2510 illo

172 2547 504 2615 ueterisque
539 2545 796 2616 apostolis
848 2559 968 2613 qua:
1005 2544 1116 2599 sint
1142 2543 1410 2599 elementa
1455 2557 1766 2598 sermonum

172 2638 297 2694 Dei.
331 2637 610 2692 Elementa
646 2635 901 2692 dicuntur
927 2635 1084 2706 quasi
1125 2636 1482 2701 elevamenta,
1513 2651 1580 2691 eo
1621 2635 1767 2704 quod

171 2748 243 2788 ex
283 2732 418 2802 ipsis
441 2739 640 2787 caetera
669 2729 936 2802 originem
968 2741 1203 2794 sumant,
1229 2729 1384 2784 initia
1430 2729 1679 2784 videlicet
1711 2736 1766 2783 et

170 2826 530 2881 fundamenta
548 2833 948 2879 creaturarum.
973 2823 1015 2876 A
1047 2822 1369 2893 quibusdam
1400 2823 1562 2876 etiam
1579 2822 1766 2876 dicun-

173 2928 266 2974 tur
276 2918 530 2972 elimenta
549 2930 644 2986 per
666 2916 720 2970 id
749 2923 833 2970 est
853 2914 1010 2985 quasi
1033 2913 1444 2980 fabricamenta,
1460 2915 1605 2970 abeo
1619 2914 1762 2984 quod

167 3019 260 3065 est
286 3009 452 3066 elimo
485 3007 694 3072 elimas,
723 3005 880 3076 quasi
909 3022 976 3062 ex
1003 3006 1084 3062 eis
1111 3006 1379 3062 fabricata
1404 3007 1514 3062 sint
1559 3007 1760 3062 omnia.

169 3105 277 3160 Hic
325 3112 511 3158 autem
560 3101 815 3157 elimeuta
866 3101 980 3157 sive
1026 3101 1291 3157 elementa
1345 3103 1554 3158 duobus
1587 3103 1762 3159 modis

165 3211 464 3272 possumus
493 3193 812 3264 intelligere,
843 3193 894 3248 id
917 3204 1002 3250 est
1027 3201 1088 3246 ut
1123 3193 1268 3263 ipsos
1316 3193 1662 3248 characteres
1705 3203 1761 3248 et

165 3261 644 3362 pronuntiationes
672 3261 1014 3351 litterarum,
1055 3299 1085 3339 a
1125 3261 1320 3353 quibus
1359 3285 1640 3339 exordium
1673 3299 1762 3338 su-
1789 3261 1834 3325 (ἶ

115 3387 126 3395 “
166 3390 332 3438 munt
353 3393 632 3435 sermones
658 3376 742 3432 vel
769 3386 917 3432 certe
954 3376 1068 3446 ipsa
1115 3376 1267 3431 initia
1318 3384 1373 3432 et
1412 3375 1762 3432 fundamenta

167 3475 506 3544 ﬁdei.Quasi
534 3475 739 3531 diceret
773 3491 787 3528 :
818 3472 930 3528 Hoc
962 3473 1213 3544 indigetis
1239 3481 1297 3527 ut
1317 3474 1616 3529 doceamini
1641 3490 1763 3545 quae

169 3571 287 3627 sint
312 3571 578 3626 elementa
608 3567 914 3623 litterarum
939 3565 1023 3622 vel
1055 3565 1208 3620 initia
1239 3566 1380 3626 ﬁdei,
1426 3579 1548 3622 cum
1601 3567 1766 3623 debe-

169 3663 310 3718 retis
340 3660 761 3732 profunditatem
801 3658 1182 3730 mysteriorum
1225 3657 1573 3728 intelligendo
1612 3675 1764 3715 scru-

171 3755 310 3819 tari,
344 3764 400 3808 et
425 3753 648 3822 perfecti
677 3767 797 3808 esse
826 3752 898 3821 in
946 3750 1070 3805 ﬁde.
1128 3749 1280 3805 Facti
1326 3751 1481 3816 estis,
1545 3751 1760 3821 inquit,

175 3844 340 3916 quasi
371 3843 614 3910 infantes,
641 3845 839 3916 quibus
871 3843 1011 3898 lacte
1049 3857 1186 3911 opus
1213 3842 1313 3906 sit,
1334 3842 1388 3896 id
1413 3851 1497 3897 est
1530 3843 1763 3912 simplici

172 3947 237 3993 et
267 3936 386 3990 rudi
412 3935 675 4000 doctrina,
706 3951 812 3990 non
839 3935 1009 3991 solido
1033 3935 1176 4001 cibo,
1205 3935 1258 3990 id
1284 3941 1367 3990 est
1400 3934 1638 4004 perfecta
1669 3936 1764 3990 do-

166 4028 352 4083 ctrina
391 4027 778 4098 profundisque
822 4025 1163 4084 sermonibus
1187 4025 1271 4080 vel
1300 4026 1594 4098 mysteriis.
1627 4025 1765 4082 Bea-

167 4129 264 4176 tus
287 4119 580 4191 Apostolus
609 4121 749 4176 hanc
779 4120 940 4175 habet
965 4119 1434 4184 consuetudinem,
1464 4127 1524 4172 ut
1553 4119 1766 4189 simpli-

163 4226 296 4268 cem
349 4212 654 4266 doctrinam
706 4211 868 4267 lactis
913 4211 1131 4266 nomine
1177 4210 1443 4282 designet,
1468 4210 1764 4280 perfectam

165 4314 383 4372 autem,
407 4305 637 4362 solidum
660 4304 840 4361 cibum
865 4305 1124 4376 appellet;
1155 4305 1296 4361 unde
1317 4305 1447 4360 dicit
1471 4305 1766 4362 Corinthiis

165 4399 355 4454 adhuc
382 4399 563 4454 minus
587 4398 842 4468 perfectis
874 4397 924 4470 (I
958 4396 1080 4453 Cor.
1119 4397 1202 4467 Ill)
1231 4415 1244 4450 :
1271 4395 1378 4451 Lac
1413 4398 1554 4452 vobis
1587 4409 1765 4468 potum

166 4491 322 4557 dedi,
350 4507 455 4546 non
487 4508 683 4557 escam,
711 4491 835 4561 quia
864 4491 1094 4545 necdum
1137 4489 1366 4559 potestis
1414 4504 1627 4558 capere.
1657 4488 1766 4546 Lac

157 4599 308 4654 ergo
339 4582 600 4654 simplicis
624 4582 882 4638 doctrinae
907 4590 990 4637 est
1017 4580 1322 4635 incarnatio
1347 4579 1471 4634 Filii
1505 4579 1619 4644 Dei,
1641 4595 1766 4650 pas-

155 4675 282 4740 sio,
311 4689 480 4738 mors,
505 4674 830 4730 resurrectio
857 4672 1023 4737 illius,
1053 4672 1300 4727 ascensio
1329 4672 1384 4726 in
1407 4671 1612 4727 ccelos:
1643 4670 1767 4726 soli-

159 4772 279 4827 dus
335 4785 468 4824 vero
510 4769 664 4824 cibus
713 4767 940 4839 perfecti
996 4768 1264 4823 sermonis
1315 4774 1400 4821 est
1449 4765 1766 4837 mysterium

156 4847 772 4931 Trinitatis,quomodo
796 4859 966 4914 Filius
992 4868 1294 4914 comternus
1323 4857 1396 4912 sit
1422 4855 1590 4911 Patrii
1633 4871 1767 4925 quo-

161 4953 341 5010 modo
373 4951 608 5023 Spiritus
637 4959 858 5008 sanctus
883 4951 1141 5023 procedat
1170 4951 1238 5005 ab
1257 4958 1512 5021 utroque,
1547 4957 1604 5004 et
1632 4961 1768 5019 quo-

158 5045 340 5101 modo
364 5052 477 5100 tres
502 5045 614 5100 sint
660 5045 713 5100 in
751 5043 1019 5115 personis,
1065 5050 1119 5097 et
1162 5057 1305 5096 unus
1358 5043 1413 5095 in
1465 5041 1766 5097 substantia

161 5134 430 5193 Deitatis.
451 5133 566 5190 Sed
580 5135 672 5204 qui
701 5151 807 5192 non
834 5141 1012 5204 potest
1035 5133 1336 5203 intelligere
1363 5133 1505 5202 quod
1534 5147 1770 5202 evange-

161 5227 300 5284 lista
337 5227 415 5284 ait
454 5243 470 5279 :
521 5223 746 5280 Verbum
773 5241 896 5279 caro
919 5226 1121 5296 factum
1155 5233 1252 5287 est,
1276 5222 1544 5291 quomodo
1571 5222 1770 5293 poterit

162 5317 243 5373 ad
275 5317 620 5372 altitudinem
647 5315 914 5372 sermonis
953 5313 1070 5384 ejus
1121 5314 1427 5385 pervenire,
1479 5313 1570 5366 ubi
1622 5311 1700 5366 ait
1749 5325 1764 5366 :

166 5410 242 5465 In
267 5409 528 5480 principio
543 5420 654 5466 erat
682 5407 948 5463 Verbum?
966 5417 1014 5462 et
1047 5405 1270 5461 Verbum
1287 5415 1398 5459 erat
1419 5405 1560 5476 apud
1577 5404 1765 5471 Deum,

157 5514 220 5558 et
261 5503 404 5557 Deus
432 5511 544 5578 erat
595 5501 815 5558 Verbum
840 5502 1021 5574 (Joan.
1046 5505 1110 5573 l).
1141 5500 1402 5570 Sequitur
1433 5517 1446 5553 :

249 5615 442 5671 Omnis
465 5617 602 5670 enim
633 5615 719 5686 qui
749 5615 900 5668 lactis
929 5623 1004 5668 est
1029 5607 1307 5682 particeps,
1337 5610 1388 5664 id
1419 5618 1503 5665 est
1557 5607 1766 5679 simpli-

162 5714 261 5768 cis
301 5718 515 5764 tantum
555 5710 836 5774 doctrinae,
873 5723 1055 5778 expers
1099 5715 1173 5760 est
1221 5705 1473 5758 sermonis
1518 5703 1769 5772 justititr,

159 5803 418 5868 noceat,
446 5797 654 5854 alienus
681 5808 765 5854 est
805 5815 834 5853 a
871 5797 1198 5852 discretione
1250 5794 1502 5864 perfectae
1525 5793 1768 5862 justitiae,

167 5893 313 5972 quia
343 5891 586 5950 nondum
613 5900 794 5965 potsst
825 5897 1108 5962 penetrare
1137 5903 1340 5942 arcana
1387 5886 1769 5958 mysteriorum

1791 4632 1844 4693 D

1870 1999 2030 2056 lactis
2057 2009 2140 2056 est
2167 2003 2462 2074 particeps,
2493 2021 2688 2076 expers
2734 2017 2818 2062 est
2873 2011 3140 2064 sermonis
3183 2009 3450 2080 justitiaa:

1868 2094 2010 2163 quod
2035 2095 2178 2149 enim
2209 2096 2262 2150 in
2289 2096 2429 2152 lacte
2473 2106 2527 2153 et
2567 2099 2739 2155 solido
2769 2100 2910 2166 cibo,
2934 2102 3036 2156 hoc
3063 2102 3115 2156 in
3149 2103 3366 2158 indocto
3401 2109 3456 2158 et

1870 2188 2114 2258 sapiente
2155 2187 2352 2244 diﬁ‘ert.
2384 2190 2536 2246 Sicut
2560 2192 2644 2247 lac
2669 2193 2909 2264 parvulis
2937 2196 3208 2266 congruit,
3239 2203 3292 2250 et
3322 2196 3453 2251 soli-

1869 2281 1969 2335 dus
1994 2281 2147 2336 cibus
2174 2291 2335 2337 aetate
2365 2283 2638 2354 perfectis,
2657 2286 2730 2340 ita
2755 2285 2984 2341 indoctis
3007 2287 3227 2360 humilis
3250 2302 3454 2354 sermo,

1867 2381 1922 2426 et
1954 2373 2290 2443 sapientibus
2321 2391 2579 2432 arcanum
2605 2379 2922 2450 mysterium
2962 2395 3122 2435 nosse
3153 2381 3408 2436 convenit
3437 2399 3452 2434 :

1867 2463 1960 2532 qui
2003 2465 2331 2520 exercitatos
2373 2467 2576 2521 habent
2616 2483 2812 2524 sensus
2861 2470 3040 2524 studio
3074 2469 3344 2526 lectionis.
3375 2470 3453 2524 Ex

1865 2569 1968 2609 usu
2000 2555 2218 2624 quidem
2246 2556 2493 2612 lectionis
2514 2566 2570 2614 et
2597 2557 2867 2630 frequenti
2911 2557 3264 2615 meditatione
3310 2559 3454 2615 divi-

1866 2663 2059 2702 narum
2091 2647 2517 2718 Scripturarum,
2547 2651 2858 2706 elﬁciuntur
2882 2668 3076 2709 sensus
3105 2653 3277 2709 nostri
3301 2667 3456 2707 exer-

1867 2739 2022 2794 citati
2062 2747 2115 2794 et
2137 2742 2348 2796 extensi
2377 2743 2444 2797 ad
2473 2743 2679 2812 majora
2707 2745 3052 2818 intelligenda
3086 2764 3099 2800 :
3134 2745 3279 2801 unde
3303 2745 3458 2800 Psal-

1863 2832 2026 2888 mista
2057 2833 2275 2888 beatum
2299 2848 2418 2889 esse
2445 2834 2620 2889 virum
2668 2837 2818 2903 dicit,
2845 2837 3001 2908 qui...
3042 2838 3097 2892 in
3117 2836 3227 2908 lege
3247 2835 3460 2893 Domini

1866 2923 2157 2978 meditatur
2179 2923 2263 2976 die
2281 2939 2344 2976 ac
2369 2935 2516 2978 nocte
2543 2923 2716 2994 (Psal.
2747 2926 2809 2998 ι).

2491 3081 2718 3138 CAPUT
2753 3081 2842 3137 Vl.

1941 3189 2271 3260 Quapropter
2298 3192 2690 3248 intermittentes
2729 3194 3082 3252 inchoationis
3113 3197 3310 3254 Christi
3346 3217 3457 3256 ser-

1863 3299 2089 3350 monem,
2143 3285 2214 3338 ad
2254 3285 2566 3355 perfectiora
2612 3287 2870 3356 feramur.
2919 3289 3280 3362 Quapropter,
3329 3295 3458 3364 quia

1863 3377 2190 3432 exercitatos
2219 3393 2414 3435 sensus
2441 3381 2598 3436 decet
2622 3396 2722 3437 nos
2749 3382 2954 3439 habere
2983 3384 3039 3439 in
3069 3385 3187 3457 lege
3216 3386 3456 3454 Domini,

1865 3471 2292 3528 intermittentes
2347 3488 2656 3530 sermonem
2713 3475 3077 3534 inchoationis
3129 3478 3330 3535 Christi
3391 3481 3459 3536 ad

1862 3570 2127 3642 profunda
2163 3581 2219 3626 et
2256 3572 2365 3627 alta
2415 3574 2675 3646 mysteria
2726 3573 2954 3630 Deitatis
2995 3576 3113 3646 ejus
3168 3577 3456 3632 ducamur.

1865 3665 2186 3721 Sermonem
2239 3667 2601 3723 inchoationis
2629 3666 2831 3724 Christi
2875 3679 3032 3725 vocat
3069 3670 3282 3725 initium
3307 3669 3459 3736 ﬁdei,

1864 3757 2278 3813 instructionem
2336 3757 2589 3813 videlicet
2655 3759 2722 3814 de
2792 3760 3072 3814 nativitate
3128 3759 3328 3815 Christi
3393 3760 3460 3815 de

1862 3848 2135 3918 passione,
2173 3847 2240 3902 de
2292 3848 2714 3913 resurrectione,
2760 3856 2923 3918 atque
2959 3831 3276 3903 ascensione
3313 3847 3456 3922 ejus,

1865 3947 1918 3994 et
1955 3939 2126 4008 gratia
2183 3939 2546 4008 baptismatis.
2593 3938 2744 3994 Sicut
2793 3939 2938 3994 enim
2981 3954 3105 3995 eum
3161 3941 3253 4010 qui
3307 3940 3457 3996 litte-

1865 4031 1942 4085 ris
2004 4039 2086 4086 est
2160 4028 2503 4096 imbuendus,
2559 4029 2826 4084 elementa
2883 4029 3191 4086 litterarum
3250 4038 3464 4100 oportet

1862 4122 2103 4192 primum
2144 4120 2354 4186 audire,
2409 4120 2487 4198 sic
2541 4129 2596 4174 et
2642 4119 2986 4176 Christianus
3030 4121 3188 4176 debet
3237 4121 3325 4176 his
3375 4121 3498 4175 in-’

1866 4213 2003 4269 strui
2046 4213 2222 4283 primo
2271 4213 2537 4279 omnium,
2589 4221 2645 4267 et
2695 4213 3042 4282 postmodum
3092 4213 3159 4267 ad
3202 4213 3462 4284 mysteria

1865 4303 2178 4358 Divinitatis
2203 4304 2411 4358 venire.
2459 4301 2581 4358 Non
2625 4320 2836 4358 rursum
2862 4304 3115 4374 jacientes
3150 4303 3464 4372 fundamen-

1867 4405 1978 4450 tum
2021 4395 2334 4466 paenitentiat
2367 4396 2432 4450 ab
2463 4395 2704 4466 operibus
2735 4395 2974 4461 mortuis,
3017 4406 3062 4449 et
3091 4395 3242 4465 ﬁdei,
3264 4395 3461 4451 funda-

1867 4495 2137 4553 mentum,
2185 4485 2447 4542 subaudis
2491 4501 2597 4542 non
2629 4502 2844 4542 rursum
2867 4485 3152 4555 jacientes,
3184 4487 3252 4542 ad
3272 4487 3462 4544 Deum.

1867 4579 2306 4634 Fundamentum
2335 4579 2676 4650 poenitentia:
2722 4587 2882 4634 vocat
2924 4581 3069 4636 unde
3107 4580 3342 4651 primum
3378 4581 3463 4636 iu-
3501 4593 3503 4595 '

1871 4672 2008 4728 strui
2038 4671 2199 4727 debet
2223 4671 2314 4742 qui
2346 4672 2704 4742 baptizandus
2730 4682 2834 4738 est,
2861 4671 2908 4726 si
2943 4680 3124 4727 tamen
3149 4674 3218 4728 ad
3250 4672 3466 4728 aetatem

1870 4765 2265 4834 intelligibilem
2292 4765 2566 4835 pervenit,
2600 4765 2700 4820 hoc
2721 4774 2807 4820 est
2847 4773 2908 4819 ut
2947 4765 3136 4821 credat
3177 4765 3464 4821 Dominum

1869 4857 2052 4914 Jesum
2097 4858 2372 4914 Christum
2403 4859 2648 4929 genitum
2674 4872 2740 4912 ex
2768 4856 2878 4912 Deo
2903 4855 3071 4912 Patre
3112 4866 3237 4912 ante
3282 4855 3466 4911 omnia

1871 4951 2088 5015 saecula,
2147 4958 2335 5004 natum
2391 4949 2458 5004 de
2500 4947 2670 5003 Maria
2691 4947 2904 5018 virgine
2930 4946 2988 5002 in
3020 4946 3126 5002 ﬁne
3160 4956 3465 5018 temporum

1859 5057 1970 5116 pro
2015 5043 2192 5098 salute
2233 5041 2447 5113 generis
2489 5041 2734 5106 humani,
2767 5040 2886 5094 sine
2913 5039 3120 5094 semine
3160 5036 3306 5105 viri;
3336 5053 3464 5109 pas-

1873 5149 2016 5200 sum,
2063 5141 2358 5198 mortuum,
2405 5132 2773 5188 resurrexisse
2807 5132 2968 5187 tertia
3006 5130 3114 5198 die,
3153 5123 3471 5185 ascendisse

1873 5231 1942 5284 ad
1976 5226 2170 5292 caelos,
2200 5233 2490 5282 venturum
2523 5226 2590 5280 ad
2613 5223 2880 5294 judicium
2920 5229 2983 5278 ut
3019 5210 3214 5278 reddat
3251 5219 3464 5276 unicui-

1872 5337 1977 5391 que
1998 5317 2294 5376 secundum
2317 5332 2480 5388 opera
2498 5332 2614 5383 sua,
2632 5316 3090 5370 resurrectionem
3110 5314 3468 5382 corporum'et

1872 5412 2366 5469 immutabililatem
2401 5412 2733 5477 animarum,
2769 5411 2942 5465 bonos
2983 5405 3256 5478 ingloria,
3296 5404 3470 5460 malos

1875 5505 1930 5560 in
1949 5505 2128 5575 poenis
2148 5518 2390 5569 manere,
2412 5502 2834 5572 omnipotentem
2859 5502 3028 5555 Deum
3055 5497 3353 5553 trinitatem
3378 5497 3470 5555 ha-

1875 5599 2005 5654 bere
2019 5599 2072 5652 in
2087 5598 2349 5668 personis,
2367 5597 2629 5651 unitatem
2645 5595 2700 5650 in
2718 5592 3040 5649 substantia.
3055 5588 3350 5662 Postqd‘am
3365 5591 3469 5646 ista

1878 5695 2061 5749 omnia
2109 5691 2389 5748 confessus
2427 5689 2590 5745 fuerit
2628 5704 2685 5743 se
2727 5690 2974 5752 credere,
3017 5685 3175 5742 debet
3216 5684 3467 5740 conﬁteri

1881 5797 2102 5861 peccata
2134 5805 2250 5854 sua,
2277 5789 2462 5857 sicque
2486 5783 2813 5856 injungenda
2836 5789 2922 5838 est
2949 5781 2999 5837 ei
3027 5779 3343 5853 pmnitentia
3371 5789 3467 5835 aut

1883 5883 2264 5956 quadraginta,
2307 5888 2399 5935 aut
2441 5876 2655 5950 viginti,
2682 5883 2776 5932 aut
2813 5881 3024 5947 septem
3051 5872 3287 5943 dierum,
3323 5872 3467 5935 sicut

3947 1191 3949 1286 ί

3947 2133 3949 2244 1
