3974 6444
536 430 643 492 859

996 418 1355 477 HAYMONIS
1394 417 1875 473 HALBERSTAT.
1918 416 2135 471 EPISC.
2176 415 2328 472 OPP.
2366 414 2548 469 PARS
2584 413 2627 469 l.
2661 441 2734 454 --
2765 410 3122 469 COMMENT.
3160 410 3331 467 BlBL.

3711 404 3833 461 860

534 538 591 594 in
619 538 963 608 passiouibus
1003 545 1315 592 sanctorum
1354 533 1602 603 legimus,
1634 548 1698 587 ac
1728 532 1921 586 deinde
1948 530 2108 585 debet
2132 532 2184 592 Α
2210 542 2379 594 mum,
2410 542 2536 582 mox
2580 527 2863 582 subintulit
2904 527 3131 582 dicens:
3186 523 3517 596 lmpossibile
3538 533 3628 578 est
3671 524 3833 578 enim

535 628 816 699 baptizari,
862 626 1251 683 abrenuntians
1284 625 1498 680 diabolo
1537 634 1593 679 et
1627 625 1876 679 omnibus
1897 623 2109 693 pompis

533 717 669 788 ejus,
699 720 1054 787 omnibusque
1071 719 1327 788 operibus
1350 718 1485 787 ejus.
1520 716 1832 786 Baptizatus
1855 731 1982 770 vero
2011 716 2104 770 de-

530 810 624 865 bet
655 808 864 879 plenius
907 808 1100 863 instrui
1145 809 1211 864 de
1236 807 1548 874 Diviuitate,
1584 815 1643 861 ut
1678 807 1861 862 credat
1890 805 2108 861 Patrem

532 900 869 971 unigenitum
915 901 1220 970 Filiumque
1255 900 1516 970 genitum,
1563 898 1822 970 Spiritum
1859 907 2107 955 sanctum

531 1005 632 1047 nec
672 992 911 1062 genitum
940 1006 1040 1048 nec
1068 992 1385 1063 ingenitum,
1430 992 1526 1046 sed
1554 990 1623 1045 ab
1648 999 1876 1062 utroque
1917 1005 2108 1060 proce-

532 1081 788 1137 dentem:
823 1082 1004 1153 regula
1041 1098 1255 1153 quoque
1304 1082 1517 1138 vivendi
1560 1082 1855 1138 secundum
1899 1081 2106 1136 doctri-

528 1185 656 1226 nam
712 1173 1079 1244 evangelicam
1133 1183 1301 1244 atque
1357 1173 1706 1243 apostolicam
1760 1188 1866 1242 qua
1917 1172 2111 1227 debeat

531 1279 693 1335 agere
725 1266 886 1331 bona,
924 1275 979 1322 et
1006 1268 1176 1322 vitare
1208 1266 1370 1322 mala.
1399 1266 1534 1334 Quia
1556 1282 1684 1335 ergo
1713 1264 1881 1320 Judaei
1910 1265 2108 1335 quibus

530 1356 818 1427 Apostolus
850 1359 925 1414 ita
965 1360 1235 1416 scribebat
1255 1361 1370 1427 jam
1394 1360 1655 1430 baptizati
1687 1367 1860 1423 erant,
1890 1356 2109 1428 jamque

532 1448 943 1505 fundamentum
1003 1452 1250 1521 superius
1322 1450 1654 1521 descriptum
1713 1458 2104 1520 perceperant,

531 1541 783 1598 hortatur
815 1543 938 1599 illos
972 1545 1040 1600 ad
1079 1545 1180 1599 ista
1225 1543 1429 1612 majora
1466 1545 1707 1610 tendere,
1753 1553 1809 1599 et
1833 1560 1969 1615 opus
1998 1560 2107 1600 non

479 1624 489 1636 ’
534 1649 656 1691 esse
706 1644 768 1691 ut
818 1638 1012 1692 iterum
1052 1637 1181 1692 illud
1225 1637 1633 1692 fundamentum
1673 1637 2008 1707 paenitentiae
2053 1644 2110 1692 et

533 1724 660 1781 ﬁdei
685 1727 754 1782 ad
782 1728 947 1782 Deum
970 1728 1202 1798 jaciatur
1230 1729 1285 1784 in
1320 1729 1445 1784 illis.
1469 1729 1678 1784 Idcirco
1706 1738 1886 1783 autem
1912 1728 2104 1783 funda-

536 1828 773 1874 mentum
795 1821 1126 1890 paenitentize
1149 1822 1203 1875 id
1228 1830 1407 1887 vocat,
1434 1821 1582 1890 quia,
1612 1821 1754 1875 sicut
1772 1819 1974 1875 dictum
2001 1828 2104 1885 est,

2208 636 2295 674 eos
2317 620 2406 690 qui
2451 619 2609 674 semel
2642 628 2762 674 sunt
2792 618 3099 684 illuminati,
3129 617 3388 673 subaudis
3435 630 3537 686 per
3565 613 3830 685 gratiam

2209 712 2380 768 sancti
2411 712 2644 783 Spiritus
2670 712 2725 766 in
2754 712 3078 781 baptismate
3107 710 3251 775 ﬁdei,
3275 718 3626 780 gustavenmt
3651 708 3830 763 etiam

2207 806 2404 859 donum
2442 803 2663 869 caeleste,
2701 803 2804 859 hoc
2857 813 2962 868 est,
3019 802 3397 858 remissionem
3448 808 3829 871 peccatorum

2207 904 2564 965 perceperunt
2605 896 2661 950 in
2705 895 3050 965 baptismate,
3110 895 3224 949 sive
3256 894 3831 949 communicaverunt

2207 989 2420 1057 corpori
2448 997 2504 1042 et
2524 987 2772 1059 sanguini
2794 987 3007 1042 Domini
3032 994 3152 1057 post
3179 986 3532 1056 baptismum,
3563 993 3621 1037 et
3645 983 3831 1054 parti-

2207 1083 2344 1152 cipes
2367 1082 2498 1152 facti
2525 1091 2646 1136 sunt
2671 1079 2902 1150 Spiritus
2922 1081 3111 1143 sancti,
3159 1081 3213 1135 in
3242 1079 3641 1135 distnbutione
3670 1077 3827 1131 scili-

2205 1180 2297 1226 cet
2349 1172 2634 1238 donorum,
2695 1180 3033 1241 gustaverunt
3078 1169 3416 1225 nihilominus
3464 1169 3675 1222 bonum
3723 1166 3825 1221 Dei

2207 1264 2436 1330 verbum,
2480 1265 2533 1319 id
2553 1272 2635 1319 est
2657 1264 2960 1320 doctrinam
2987 1264 3357 1336 evangelicum
3388 1262 3818 1326 intellexerunt,

2207 1356 2520 1427 virtutesque
2557 1357 2737 1412 διεδηιὶ
2772 1368 2996 1421 venturi,
3035 1357 3090 1412 id
3117 1367 3201 1411 cst
3228 1356 3699 1428 gloriﬁcationem
3735 1368 3822 1408 re-

2207 1450 2578 1513 surrectionis,
2606 1450 2882 1520 vitamque
2930 1449 3205 1515 futuram;
3245 1459 3295 1504 et
3340 1447 3585 1520 prolapsi
3627 1458 3757 1502 sunt
3786 1462 3816 1501 a

2207 1542 2313 1600 ﬁde
2336 1542 2559 1610 Christi,
2585 1546 2832 1613 negando
2857 1543 3029 1609 illum,
3077 1551 3172 1598 aut
3198 1542 3365 1599 etiam
3395 1542 3462 1596 ad
3496 1540 3814 1596 criminalia

2202 1646 2427 1707 peccata
2475 1638 2735 1708 prolapsi,
2790 1639 3029 1692 renovari
3072 1637 3264 1692 iterum
3308 1635 3380 1690 ad
3416 1636 3808 1705 ρωηὶιεπιὶαπι,

2205 1724 2311 1783 hoc
2338 1737 2438 1790 est,
2471 1744 2641 1784 novos
2668 1728 2786 1783 ﬁeri
2812 1744 2910 1798 per
2936 1728 3328 1798 paenitentiam,
3358 1726 3633 1782 subaudis
3658 1742 3689 1779 a
3719 1742 3808 1780 su-

2208 1818 2532 1887 perioribus,
2584 1818 2913 1888 impossibile
2943 1826 3044 1873 est.
3093 1815 3433 1886 lmpossibile
3459 1824 3571 1879 est,
3598 1816 3800 1884 inquit,

531 1909 870 1979 baptizandis
900 1911 1215 1980 pmnitentia
1239 1912 1388 1981 prius
1415 1910 1814 1980 iujungebatur.
1856 1910 2009 1969 Unde
2049 1911 2104 1965 in
2133 1893 2184 1957 Β
2212 1909 2407 1965 iterum
2438 1912 2685 1966 renovari
2733 1926 2892 1981 posse
2936 1927 3030 1967 eos
3070 1926 3169 1982 per
3210 1910 3600 1980 paenitentiam
3619 1918 3676 1961 et
3701 1923 3800 1977 per

532 1998 757 2055 Actibus
784 2001 1153 2071 apostolorum
1196 2002 1386 2057 beatus
1411 2001 1606 2057 Petrus
1650 2002 1780 2057 dicit
1817 1999 2019 2071 Iudaeis
2041 2001 2111 2056 ad

532 2089 694 2146 ﬁdem
738 2094 1184 2149 concurrentibus
1219 2109 1233 2147 :
1280 2092 1647 2149 Pwnitentiam
1683 2094 1821 2163 agite
1854 2103 1900 2147 et
1944 2092 2111 2162 bapti-

534 2190 683 2236 setur
716 2185 1072 2255 unusquisque
1107 2180 1329 2240 vestium
1368 2182 1507 2255 (Act.
1534 2184 1617 2254 ιι).
1674 2182 2107 2239 Fundamentum

532 2286 746 2343 quoque
774 2273 896 2330 ﬁdei
932 2276 997 2330 ad
1029 2276 1194 2330 Deum
1219 2285 1321 2342 est,
1349 2277 1475 2346 quia
1506 2276 1639 2332 ﬁdes
1665 2292 1771 2346 qua
1801 2277 2109 2331 accedimus

532 2366 600 2420 ad
640 2365 830 2433 Deum,
865 2367 1268 2423 fundamentum
1295 2377 1381 2424 est
1404 2368 1645 2424 omnium
1672 2369 1954 2423 virtutum.
1989 2368 2108 2424 Non

532 2453 692 2509 debet
717 2470 858 2523 esse,
889 2457 1084 2527 inquit,
1115 2474 1338 2513 necesse
1372 2467 1432 2512 ut
1467 2459 1663 2514 iterum
1687 2459 1956 2528 jaciamus
1987 2457 2108 2513 fun-

530 2540 845 2599 damentum
886 2546 1215 2616 paenitentiae
1241 2549 1308 2602 ab
1333 2548 1588 2618 operibus
1612 2550 1863 2615 mortuis,
1895 2558 1950 2604 et
1980 2548 2105 2604 fun-

533 2633 844 2689 damentum
886 2636 1029 2703 ﬁdei,
1060 2652 1157 2706 per
1186 2652 1347 2706 quam
1382 2638 1593 2692 accedit
1630 2639 1698 2693 ad
1746 2640 1915 2694 Deum
1962 2639 2107 2709 quod

533 2726 588 2781 in
615 2729 769 2783 vobis
787 2729 995 2796 jactum
1038 2739 1121 2785 est
1166 2742 1455 2800 antequam
1490 2730 1558 2784 ad
1589 2731 1838 2799 baptismi
1875 2734 2104 2804 gratiam

534 2820 839 2876 venissetis.
880 2820 1263 2877 Paenitentiam
1315 2826 1382 2878 ab
1410 2824 1662 2894 operibus
1692 2826 1918 2881 mortuis
1947 2841 2104 2897 agere

530 2921 611 2965 est
657 2912 770 2982 ipsa
813 2928 974 2983 opera
1020 2914 1158 2969 mala
1195 2931 1293 2985 per
1338 2916 1708 2985 paenitentiam
1755 2916 1956 2982 delere,
1984 2933 2104 2988 qua:

533 3004 769 3058 animam
800 3006 1215 3061 mortilicabant.
1257 3007 1431 3076 Opera
1478 3023 1710 3077 namque
1751 3008 1941 3062 mortis
1978 3017 2106 3064 sunt

528 3105 769 3165 peccata.
787 3096 917 3152 Nam
938 3099 1075 3153 sicut
1098 3098 1275 3152 anima
1302 3099 1603 3153 viviﬁcatur
1622 3099 1722 3153 ﬁde
1746 3098 1975 3169 aliisque
1995 3101 2103 3154 vir-

528 3186 746 3250 tutibus,
776 3187 849 3241 ita
874 3188 1189 3243 inﬁdelitate
1209 3189 1439 3243 moritur
1459 3198 1513 3244 et
1533 3190 1790 3259 peccatis.
1811 3189 2098 3259 Sequitur;

2206 2002 2552 2071 baptismum,
2600 2003 2691 2073 qui
2719 2010 3009 2073 postquam
3049 2004 3231 2057 omnia
3261 2016 3385 2071 qua
3412 2000 3676 2069 superius
3696 2012 3801 2052 me-

2208 2103 2418 2149 morata
2455 2103 2581 2149 sunt
2618 2104 2996 2165 perceperunt,
3025 2094 3263 2165 prolapsi
3288 2100 3419 2147 sunt
3466 2092 3540 2146 ad
3573 2092 3797 2146 immun-

2207 2187 2395 2242 ditiam
2414 2186 2775 2242 criminalium
2814 2196 3161 2257 peccatorum
3186 2194 3281 2240 aut
3302 2186 3471 2240 etiam
3500 2184 3575 2238 ad
3610 2184 3792 2237 inﬁde-

2205 2276 2431 2332 litatem.
2464 2275 2580 2330 Non
2604 2277 2737 2330 dixit
2763 2275 2977 2331 difﬁcile
2999 2283 3102 2341 est,
3132 2275 3226 2331 sed
3257 2273 3628 2344 impossibile.
3659 2272 3794 2338 Quod

2204 2369 2350 2424 enim
2386 2367 2601 2423 difﬁcile
2628 2376 2730 2432 est,
2780 2378 3053 2438 utcunque
3093 2376 3275 2437 potest
3314 2366 3425 2434 agi.
3462 2363 3798 2434 lmpossibile

2204 2476 2337 2515 vero
2364 2468 2445 2515 cst
2466 2461 2608 2529 quod
2654 2460 2800 2516 nullo
2829 2461 2989 2516 modo
3033 2460 3154 2515 ﬁeri
3206 2467 3405 2529 potest.
3448 2458 3600 2524 Quid
3632 2456 3791 2523 ergo?

2205 2552 2435 2608 Exclusa
2459 2564 2542 2606 est
2572 2553 2885 2622 poenitentia
2909 2560 3031 2622 post
3075 2552 3404 2621 baptismum
3433 2559 3494 2603 et
3520 2550 3678 2602 venia
3703 2548 3789 2600 de—

2205 2645 2498 2700 lictorum?
2556 2645 2729 2699 Absit.
2760 2644 2878 2700 Duo
2923 2643 3188 2714 siquidem
3235 2656 3437 2713 genera
3466 2650 3606 2695 sunt
3639 2638 3796 2709 pinni-

2204 2739 2408 2802 tentiae,
2434 2753 2597 2791 unum
2623 2737 2840 2806 quidem
2871 2746 2997 2791 ante
3022 2736 3369 2803 baptismum,
3401 2732 3558 2802 quod
3582 2740 3641 2785 et
3672 2744 3797 2799 pne-

2205 2830 2412 2900 paratio
2440 2828 2694 2899 baptismi
2729 2836 2905 2897 potest
2951 2826 3229 2897 appellari,
3279 2826 3346 2879 de
3394 2838 3510 2893 quo
3554 2823 3795 2892 superius

2205 2920 2439 2975 diximus
2480 2920 2606 2988 quia
2638 2917 2933 2988 iujungitur
2971 2917 3074 2971 illis
3112 2915 3204 2985 qui
3234 2915 3620 2975 instruuntur,
3652 2924 3795 2965 ante-

2203 3030 2363 3083 quam
2398 3014 2463 3067 ad
2492 3013 2815 3082 baptismum
2868 3009 3206 3079 perveniant,
3244 3007 3386 3077 quod
3433 3008 3637 3061 beatus
3666 3008 3795 3074 Apo-

2204 3104 2372 3160 stolus
2401 3105 2491 3159 hic
2525 3103 2760 3158 excludit
2789 3103 2996 3165 dicens,
3052 3117 3161 3155 non
3213 3114 3374 3171 posse
3407 3099 3619 3152 iterum
3644 3114 3792 3151 reno-

2203 3198 2320 3250 vari
2351 3211 2450 3265 per
2473 3193 2867 3265 paenitentiam,
2919 3202 3185 3262 quatenus
3212 3190 3537 3262 pteuiteutia
3586 3198 3793 3258 peracta

598 3277 721 3334 Non
771 3298 980 3336 rursum
1042 3282 1298 3351 jacientes
1356 3282 1754 3351 fundamentum
1819 3282 2103 3352 baptisma-
2128 3255 2174 3320 Ο
2206 3255 2401 3340 iterum
2430 3255 2806 3355 baptizeutur:
2837 3283 3079 3338 Alterum
3107 3255 3285 3336 autrim
3312 3295 3488 3351 genus
3525 3255 3792 3347 paeniten-

523 3382 634 3426 tum
673 3372 943 3427 doctrinm.
974 3372 1403 3428 Fundamentum
1432 3373 1818 3443 baptismatum
1844 3373 2103 3428 doctrinae

527 3474 610 3522 est
644 3465 910 3519 institutio
938 3473 992 3519 et
1029 3465 1272 3519 doctrina
1310 3464 1676 3535 baptismatis,
1703 3463 1949 3518 videlicet
1975 3465 2103 3533 quid

527 3557 806 3611 contineat
836 3557 889 3610 in
913 3571 971 3612 se
994 3556 1285 3626 baptisma,
1313 3564 1367 3612 et
1398 3557 1533 3626 quid
1572 3553 1817 3610 conferat
1848 3556 1914 3609 ad
1943 3555 2101 3610 ﬁdem

532 3648 932 3703 accedentibus.
965 3648 1071 3704 Sed
1096 3649 1236 3717 quod
1263 3648 1397 3703 dixit
1431 3646 1623 3717 plurali
1664 3660 1890 3701 numero
1932 3648 2097 3717 bapti-

529 3744 759 3791 smatum
811 3737 1239 3801 fundamentum,
1287 3752 1387 3808 pro
1421 3738 1686 3792 varietate
1719 3736 2101 3806 accipientium

528 3832 728 3901 posuit,
758 3848 863 3888 non
885 3832 1026 3903 quod
1054 3831 1208 3901 plura
1240 3831 1566 3902 baptismata
1598 3831 1826 3886 debeant
1852 3829 2101 3899 intelligi,

528 3925 621 3980 sed
668 3940 869 3980 unum:
901 3925 1026 3995 quia
1075 3924 1217 3980 sicut
1261 3940 1403 3980 unus
1444 3934 1527 3979 est
1572 3923 1730 3986 Deus,
1778 3932 1832 3978 et
1865 3939 1970 3978 una
2020 3932 2104 3979 est

529 4017 696 4081 ﬁdes,
757 4017 831 4072 ita
879 4033 1042 4071 unum
1100 4017 1387 4088 baptisma.
1446 4017 1801 4087 Impositionis
1854 4032 2103 4070 manuum

528 4106 934 4163 fundamentum
974 4122 1081 4162 non
1118 4108 1377 4164 debemus
1420 4123 1607 4162 rursus
1644 4108 1842 4162 facere.
1879 4105 2105 4177 Imposi—

531 4200 731 4255 tionem
763 4216 1019 4254 manuum
1054 4200 1288 4270 appellat
1326 4200 1789 4255 conﬁrmationem
1820 4213 1914 4270 per
1941 4215 2102 4271 quam

529 4290 842 4361 plenissime
897 4292 1138 4348 creditur
1195 4293 1540 4362 accipiendus
1593 4292 1825 4362 Spiritus
1854 4301 2101 4357 sanctus,

535 4384 677 4458 quod
710 4391 830 4458 post
855 4383 1188 4459 baptismum
1211 4385 1277 4444 ad
1306 4383 1769 4445 conﬁrmationem
1799 4383 2020 4445 unitatis
2044 4384 2105 4445 iu

532 4481 771 4537 Ecclesia
791 4498 822 4536 a
850 4482 1195 4552 pontiﬁcibus
1220 4481 1334 4537 ﬁeri
1359 4482 1513 4537 solet.
1552 4481 1647 4537 His
1682 4482 1844 4553 igitur
1867 4481 2103 4551 perfecte

530 4575 584 4628 in
620 4573 859 4629 Ecclesia
897 4574 1183 4643 perceptis,
1223 4573 1355 4628 ﬁdes
1388 4574 1801 4629 resurrectionis
1830 4582 1885 4627 et
1912 4571 2101 4641 iudicii

528 4664 698 4721 futuri
730 4665 975 4721 habenda
1015 4673 1117 4720 est.
1158 4663 1309 4722 Unde
1351 4667 1623 4737 subjungit
1664 4665 1975 4735 Apostolus,
2020 4665 2100 4721 di-

530 4772 696 4814 cens:
725 4757 799 4810 Ac
837 4757 1226 4811 resurrectionis
1269 4766 1597 4811 mortuorum
1620 4767 1667 4812 et
1687 4756 1880 4826 judicii
1920 4756 2100 4811 aeterni

526 4847 934 4906 fundamentum
962 4863 1068 4902 non
1096 4848 1306 4904 debetis
1324 4846 1532 4915 jacere,
1555 4857 1617 4903 ut
1646 4847 1841 4903 iterum
1870 4848 2100 4904 instrua-

528 4940 659 4995 mini
689 4941 754 4995 de
781 4938 885 4996 ﬁde
904 4938 1171 5011 generalis
1209 4940 1623 4995 resurrectionis
1657 4948 1711 4995 et
1734 4937 1927 5007 iudicii
1955 4939 2099 5010 quod

527 5033 741 5089 dabitur
757 5030 920 5105 iustis
945 5033 1149 5105 pariter
1169 5041 1225 5087 et
1245 5032 1483 5102 injustis,
1522 5033 1680 5103 quasi
1701 5033 1815 5104 jam
1841 5048 1948 5089 non
1980 5033 2100 5090 sitis

524 5127 592 5184 de
645 5128 732 5183 his
771 5128 1039 5185 instructi.
1086 5126 1500 5198 Notandumque
1551 5125 1619 5180 ad
1661 5125 1844 5180 omnia
1885 5139 2101 5196 semper

525 5220 951 5279 subaudiendum
979 5234 1101 5278 esse
1135 5229 1193 5275 et
1228 5234 1336 5276 non
1365 5232 1582 5274 rursum
1611 5215 1880 5286 jacientes
1909 5214 2098 5270 funda-

527 5320 789 5369 mentum.

595 5422 664 5477 Et
689 5424 784 5477 hoc
820 5422 1092 5493 faciemus,
1118 5422 1165 5475 si
1192 5420 1401 5492 quidem
1448 5418 1740 5489 permiserit
1786 5414 1960 5480 Deus,
1993 5416 2099 5471 hoc

523 5520 631 5578 est,
660 5520 714 5567 et
743 5514 808 5565 ad
840 5512 1040 5579 majora
1088 5527 1185 5566 vos
1213 5511 1494 5573 ducemus,
1534 5518 1593 5563 et
1621 5510 1687 5564 de
1737 5508 1820 5563 bis
1848 5507 2099 5563 omnibus

524 5619 645 5677 quae
663 5600 1114 5667 enumeravimus,
1166 5601 1477 5673 plenissime
1500 5600 1833 5656 .docebimus
1856 5612 1954 5652 vos
1976 5637 1993 5663 ,
2039 5606 2100 5652 ut

525 5712 632 5752 non
680 5696 752 5752 sit
801 5697 995 5752 iterum
1041 5712 1263 5753 necesse
1292 5711 1359 5751 ex
1386 5702 1498 5750 toto
1532 5702 1639 5747 eta
1668 5691 1844 5760 capite
1896 5703 2097 5760 ponere

522 5776 950 5844 fundamentum.
1001 5787 1081 5844 Ne
1127 5804 1255 5844 vero
1304 5786 1606 5842 nullatenus
1635 5784 1756 5855 quis
1802 5783 2095 5846 secundum

492 5876 613 5941 uel
647 5878 869 5939 tertium
918 5879 1256 5939 existimaret
1304 5885 1431 5953 post
1476 5884 1698 5950 peccata
1736 5874 1853 5933 ﬁeri
1892 5876 2103 5947 baptis-.

2207 3380 2293 3434 tiae
2314 3389 2396 3433 est
2421 3394 2528 3448 quo
2566 3388 2685 3448 post
2730 3378 3053 3446 baptismum
3105 3374 3353 3430 delentur
3414 3382 3650 3443 peccata
3683 3384 3793 3439 qua:

2203 3472 2392 3527 beatus
2421 3471 2708 3541 Apostolus
2736 3470 2956 3524 minime
2996 3469 3248 3525 excludit.
3283 3466 3477 3521 Terret
3506 3480 3647 3535 ergo
3691 3479 3795 3517 osu-

2204 3582 2299 3622 nes
2332 3575 2392 3620 ut
2446 3567 2670 3621 timeant
2717 3574 2837 3635 post
2883 3564 3135 3635 baptismi
3174 3562 3407 3633 gratiam
3459 3560 3794 3629 gravioribus

2203 3658 2440 3728 peccatis
2467 3673 2527 3712 se
2558 3657 2855 3726 implicare,
2886 3658 3009 3724 quia
3055 3670 3161 3710 non
3192 3661 3367 3722 potest
3411 3650 3533 3705 ﬁeri
3568 3649 3791 3705 secunda

2203 3752 2320 3806 vice
2347 3749 2624 3804 renovatio
2653 3765 2750 3820 per
2788 3749 3061 3804 lavacrum
3089 3745 3453 3815 baptismatis.
3491 3741 3637 3797 Nam
3670 3744 3793 3797 sicut

2203 3842 2450 3899 Christus
2478 3840 2645 3896 semel
2693 3849 2937 3896 mortuus
2964 3880 2979 3905 ,
3026 3847 3083 3894 et
3125 3837 3290 3893 semel
3325 3852 3649 3906 resurgens,
3691 3834 3787 3902 jam

2205 3947 2310 3988 non
2340 3932 2567 3987 moritur
2591 3929 2764 4002 (Rom.
2794 3928 2895 3998 vi),
2927 3930 3001 3983 ita
3030 3927 3195 3984 semel
3235 3928 3412 3997 gratia
3454 3924 3787 3995 baptismatis

2202 4024 2407 4095 agenda
2452 4031 2559 4087 est,
2607 4036 2708 4076 nec
2750 4028 2927 4091 potest
2958 4019 3166 4085 iterari,
3198 4019 3301 4074 nisi
3338 4019 3568 4072 dubium
3618 4018 3787 4077 fuerit,

2202 4128 2510 4172 utrumnam
2565 4116 2687 4186 quis
2714 4125 2905 4186 captus
2951 4116 3019 4169 ab
3048 4115 3295 4170 hostibus
3348 4113 3420 4168 sit
3461 4114 3786 4187 baptizatus.

2203 4208 2469 4264 Renovari
2500 4215 2682 4263 autem
2726 4207 2864 4261 dixit
2901 4221 3101 4262 novum
3156 4204 3297 4271 ﬁeri,
3352 4203 3567 4265 Νογιιω
3622 4218 3789 4263 autem

2204 4306 2319 4361 ﬁeri
2344 4306 2613 4362 hominem
2644 4304 2785 4368 sacri
2810 4301 3147 4380 baptismatis
3170 4317 3272 4371 est,
3298 4306 3365 4360 de
3391 4320 3505 4375 quo
3529 4305 3788 4372 Prophet-

2201 4397 2334 4459 dicit
2358 4415 2374 4450 ὲ
2409 4395 2758 4458 “exorabitur
2781 4412 2839 4456 ut
2870 4399 3060 4471 aquilw
3076 4399 3323 4468 juventus
3349 4406 3441 4449 tua
3473 4394 3653 4465 (Psal.
3679 4391 3785 4459 cu).

2203 4496 2537 4566 lmpossibile
2571 4507 2673 4559 est,
2714 4494 2962 4563 inquam,
2992 4493 3189 4547 iterum
3220 4487 3472 4543 renovari
3516 4501 3680 4557 posse
3701 4484 3789 4538 aii-

2202 4604 2362 4657 quem
2390 4603 2488 4658 per
2523 4585 2897 4656 paenitentiam
2932 4598 3051 4652 qua:
3095 4583 3158 4636 lit
3197 4589 3323 4635 ante
3346 4577 3683 4647 baptismum
3728 4572 3789 4631 ad

2204 4682 2306 4736 hoc
2336 4690 2394 4735 ut
2416 4680 2615 4734 iterum
2646 4670 2950 4748 baptizetur
2994 4673 3310 4746 poenitentia
3332 4672 3578 4742 expleta.
3611 4669 3711 4737 Qui
3731 4682 3789 4721 ea

2202 4789 2321 4845 quae
2347 4788 2509 4843 supra
2532 4778 2955 4827 commemorata
2984 4777 3109 4822 sunt
3132 4773 3517 4836 perceperunt,
3542 4763 3788 4816 virtutes-

2201 4879 2308 4935 que
2344 4863 2527 4920 saaculi
2556 4862 2770 4918 venturi
2793 4866 3163 4932 gustaverunt.
3194 4856 3345 4925 Quod
3366 4855 3523 4919 dicit,
3553 4865 3791 4927 gustareb

2203 4964 2330 5012 runt
2361 4956 2585 5009 virtutes
2614 4954 2795 5009 saeculi
2822 4952 3059 5015 venturi,
3089 4948 3197 5005 tale
3224 4956 3327 5013 est,
3357 4962 3423 5002 ac
3445 4948 3496 5001 si
3545 4946 3748 5001 diceret
3774 4962 3787 4996 :

2203 5047 2261 5102 Si
2290 5056 2655 5117 cognoverunt
2685 5044 2827 5115 quod
2851 5045 2907 5099 in
2950 5041 3348 5099 resurrectione
3372 5039 3593 5094 venturi
3621 5035 3789 5094 saecuﬁ

2202 5146 2328 5191 sunt
2351 5135 2509 5190 electi
2536 5136 2668 5189 sicut
2689 5134 2861 5204 angeli
2882 5132 2980 5187 Dei
3004 5133 3061 5187 in
3087 5131 3213 5185 creto
3237 5146 3255 5185 .'
3285 5138 3340 5184 et
3370 5130 3520 5199 quod
3534 5130 3671 5199 justi
3693 5124 3793 5196 [ἄν

2198 5227 2389 5299 gebunt
2404 5226 2539 5280 sicut
2552 5223 2631 5279 sol
2649 5226 2705 5277 in
2718 5240 2875 5294 regno
2889 5220 3069 5276 Patris
3081 5236 3261 5276 eorum
3280 5218 3509 5290 (Matth.
3532 5236 3611 5275 xu
3621 5262 3633 5281 ,
3655 5219 3789 5285 ml),

2200 5319 2350 5374 nullo
2370 5317 2527 5372 modo
2555 5323 2783 5386 possunt
2810 5316 3009 5370 iterum
3033 5314 3106 5367 ita
3128 5311 3377 5368 renovari
3406 5327 3510 5382 per
3535 5312 3793 5382 peniten-

2202 5412 2355 5474 tiam,
2369 5418 2531 5479 etper
2551 5408 2876 5477 baptismum
2904 5406 3158 5460 iteratum
3176 5406 3223 5459 si
3244 5406 3598 5474 peccaverint
3617 5402 3791 5459 crini~

2207 5502 2329 5556 nale
2353 5507 2656 5572 peccatum,
2681 5500 2823 5554 sicut
2848 5499 2902 5552 in
2926 5498 3103 5567 primo
3122 5497 3448 5568 baptismate
3469 5498 3597 5551 novi
3621 5494 3791 5550 ασαή

2205 5603 2348 5649 sunt.
2376 5592 2545 5647 Erant
2567 5591 2712 5646 enim
2742 5592 2833 5661 qui
2857 5590 3110 5647 volebant
3141 5591 3471 5661 baptismum
3498 5592 3693 5647 iterare
3712 5589 3791 5641 dio

2204 5693 2389 5740 centes
2417 5702 2429 5737 :
2458 5683 2729 5753 Quidquid
2752 5698 3051 5752 peccavero
3070 5698 3176 5737 non
3202 5690 3285 5737 est
3315 5682 3445 5735 mibi
3468 5697 3639 5745 cuiae,
3670 5694 3795 5749 quo

2202 5777 2349 5833 niam
2375 5776 2685 5847 praecipiam
2714 5790 2801 5830 me
2840 5774 3119 5844 baptizare
3146 5789 3356 5839 rursus,
3406 5782 3466 5827 et
3492 5772 3794 5827 renovabat

2202 5877 2347 5925 totus
2388 5865 2528 5923 sicut
2561 5865 2732 5937 prius.
2770 5865 2923 5935 Quod
2958 5865 3249 5935 Apostolus
3291 5865 3525 5935 denegat
3561 5878 3631 5920 ex
3680 5870 3792 5918 tato
