3974 6444
194 432 299 494 861

900 438 1260 497 EXPOSl'l‘lO
1295 429 1364 497 lN
1402 439 1551 496 EPP.
1593 439 1650 495 S.
1692 437 1918 495 PAULI.
1954 473 2023 484 —
2056 442 2125 498 ΙΝ
2163 443 2380 502 EPIST.
2420 445 2513 500 AD
2548 442 2752 501 HEBR.

194 547 346 607 nullo
375 548 535 607 modo
581 562 740 621 posse
773 549 909 606 ﬁeri.
942 552 1020 607 Et
1064 554 1188 622 quia
1217 553 1387 608 virtus
1432 552 1771 623 baptismatis
1796 557 1844 615 Α
1875 563 1992 609 ret:
2038 554 2154 609 Non
2187 556 2402 625 quidem
2444 558 2682 627 quandiu
2714 556 2945 625 spatium
2973 555 3267 623 paenitendi
3290 554 3454 612 habet

194 643 255 700 in
309 660 471 700 cruce
538 653 593 701 et
646 646 921 716 sepultura
982 638 1183 703 Christi
1239 649 1474 703 maxime
1538 654 1770 712 constat,

190 738 422 812 proinde
455 739 753 807 subiunxit.

266 830 501 885 Rursum
552 832 908 901 cruciﬁgentes
955 834 1288 904 sibimetipsis
1342 830 1393 885 F
1394 832 1543 887 ilium
1584 831 1681 887 Dei
1722 841 1772 887 et

191 924 418 978 ostentui
444 923 707 979 habentes.
761 924 963 982 Tamen
988 941 1094 980 non
1135 926 1255 981 ideo
1277 927 1571 997 denegatur
1601 926 1773 994 paeni-

192 1018 386 1082 tentia,
439 1017 563 1086 quia
613 1018 739 1074 licet
780 1035 889 1075 non
942 1028 1269 1076 renoventur
1319 1020 1372 1074 in
1425 1020 1768 1090 baptismate,

191 1106 389 1160 iterum
433 1107 814 1178 indulgentiam
871 1122 1047 1166 tamen
1092 1112 1346 1167 valebunt
1388 1112 1631 1182 accipere
1673 1128 1771 1183 per

190 1197 583 1254 confessionem
614 1212 978 1271 peccatorum,
1008 1218 1107 1272 per
1128 1203 1508 1268 humilitatem,
1541 1219 1636 1273 per
1661 1216 1770 1272 pte-

189 1288 495 1354 nitentiam,
526 1303 624 1359 per
649 1291 1045 1364 eleemosynam
1076 1294 1121 1349 si
1171 1294 1401 1349 habetur
1435 1294 1681 1359 facultas,
1713 1301 1770 1350 et

189 1379 238 1434 si
266 1380 563 1434 dimiserint
594 1380 851 1438 fratribus
871 1384 926 1438 in
956 1397 1015 1439 se
1043 1383 1408 1453 peccantibus.
1450 1384 1548 1451 Qui
1572 1385 1765 1440 iterum

186 1471 455 1542 baptizari
484 1472 685 1539 volunt,
721 1482 978 1544 quantum
1018 1476 1073 1530 in
1102 1491 1160 1531 se
1204 1485 1307 1541 est,
1335 1474 1608 1531 Christum
1635 1491 1769 1545 quo-

186 1578 297 1633 que
326 1564 518 1620 iterum
547 1565 859 1637 cruciﬁgere
901 1568 1088 1622 volunt
1128 1576 1183 1624 et
1224 1568 1483 1625 derisioni
1544 1570 1763 1636 habere,

187 1654 296 1709 hoc
335 1662 416 1709 est
462 1655 604 1709 enim
654 1655 801 1710 illum
828 1658 1062 1713 ostentui
1111 1657 1331 1713 habere.
1382 1657 1488 1713 Sed
1534 1674 1640 1714 non
1673 1672 1769 1729 po-

191 1750 297 1797 test
334 1742 470 1809 ﬁeri,
519 1744 772 1813 quoniam
826 1747 965 1802 sicut
1014 1746 1260 1802 Christus
1304 1747 1470 1803 semel
1522 1758 1768 1804 mortuus

188 1844 271 1891 est
312 1837 368 1891 in
398 1852 558 1892 carne
585 1838 637 1891 in
664 1853 843 1904 cruce,
886 1839 959 1894 ita
992 1848 1047 1895 et
1088 1856 1185 1896 nos
1216 1840 1384 1895 semel
1414 1841 1551 1895 mori
1574 1855 1765 1912 possu-

188 1943 312 1983 mus
335 1928 389 1983 in
427 1928 745 1998 baptismate
766 1939 1005 2000 peccato.

263 2019 425 2075 Terra
452 2022 588 2075 enim
609 2037 743 2092 stepe
762 2039 917 2092 super
938 2039 990 2077 se
1015 2022 1296 2077 venientem
1322 2021 1494 2076 bibens
1523 2021 1759 2089 imbrem,

185 2119 235 2164 et
264 2126 514 2180 generatis
543 2110 757 2178 herbam
786 2119 1128 2181 opportunam
1157 2110 1263 2166 illis
1291 2127 1323 2164 a
1343 2111 1527 2181 quibus
1552 2111 1759 2178 colitur,

184 2201 370 2271 accipit
400 2200 802 2256 benedictionem
823 2219 854 2256 a
882 2201 1012 2257 Deo.
1052 2201 1164 2258 Hoc
1188 2202 1559 2273 paradigmate
1585 2202 1763 2273 arguit

183 2291 397 2348 Iudaeos
442 2292 533 2363 qui
595 2307 735 2363 saepe
794 2292 1049 2348 biberunt
1099 2292 1328 2347 imbrem
1381 2293 1618 2349 caelestis
1667 2294 1762 2347 do-

183 2386 391 2452 ctrinae,
423 2385 515 2441 sed
540 2401 811 2457 nunquam
837 2386 1076 2458 germina
1107 2386 1226 2442 ﬁdei
1250 2385 1619 2455 bonorumque
1641 2402 1765 2457 ope-

180 2495 304 2534 rum
334 2479 689 2549 protulerunt.
726 2479 884 2535 Ponit
922 2487 1100 2534 autem
1136 2480 1371 2548 primum
1401 2480 1761 2547 comparatio-

182 2584 307 2625 nem
337 2569 404 2624 de
430 2569 570 2624 bona
607 2578 768 2633 terra,
814 2585 877 2625 ac
906 2570 1098 2625 deinde
1135 2570 1202 2623 de
1248 2570 1413 2624 mala.
1462 2568 1651 2634 Terra,
1679 2570 1762 2625 in-

181 2660 318 2729 quit,
369 2658 559 2715 hibens
588 2660 836 2724 imbrem,
879 2660 930 2714 id
960 2668 1042 2715 est
1063 2671 1263 2715 sancta:
1305 2669 1357 2715 et
1385 2660 1539 2715 bona:
1572 2660 1760 2715 volun-

181 2752 311 2807 tatis
335 2751 511 2805 anima
563 2750 833 2821 accipiens
877 2752 1105 2822 gratiam
1149 2751 1384 2821 Spiritus
1412 2752 1618 2817 sancti,
1662 2752 1761 2806 im-

179 2842 440 2911 bremque
462 2840 765 2895 divinorum
790 2841 1126 2910 eloquiorum
1153 2849 1207 2895 et
1239 2856 1502 2913 generans
1530 2842 1756 2896 herbam

180 2941 559 3000 opportunam,
588 2930 690 2986 hoc
736 2939 821 2986 est
848 2932 1071 2985 virtutes
1100 2931 1287 2995 bonas,
1315 2931 1584 2999 ﬁdemque
1617 2944 1756 3000 per-

181 3023 379 3079 fectam
420 3022 699 3094 proferens
726 3024 837 3079 suis
865 3024 1327 3093 praedicatoribus,
1364 3038 1392 3077 a
1422 3024 1617 3093 quibus
1664 3038 1759 3076 ex-

181 3115 397 3181 colitur,
438 3116 551 3171 sive
578 3115 896 3186 sibimetipsi
923 3115 1116 3185 accipit
1160 3115 1587 3169 benedictionem
1636 3114 1760 3168 vitae

180 3216 416 3275 aeternae,
458 3207 542 3264 vel
594 3207 972 3263 abundantiam
1027 3207 1308 3272 virtutum,
1356 3216 1409 3261 et
1458 3204 1622 3260 refert
1646 3204 1759 3260 fru-

1876 647 2234 701 maledictioni
2263 649 2507 715 proxima
2527 657 2632 712 est,
2676 648 2771 703 sed
2801 648 2846 703 si
2884 647 3243 717 permanserit
3272 648 3325 701 in
3347 648 3454 704 ini-

1873 742 2079 811 quitate
2107 757 2222 806 sua,
2251 743 2609 797 combustioni
2635 744 2823 798 aeterni
2850 743 3097 813 supplicii
3126 741 3445 810 subjaeebit.

1871 833 1999 889 Haec
2019 834 2163 889 enim
2208 835 2508 889 combustio
2549 851 2653 888 non
2684 834 2788 889 erit
2816 835 2920 890 nisi
2962 834 3044 888 bis
3071 833 3161 902 qui
3190 848 3357 902 usque
3392 834 3452 890 in

1872 927 2032 981 tinem
2062 927 2187 981 vitae
2207 941 2316 982 sua:
2356 926 2749 995 permanserint
2783 926 2835 979 in
2867 926 3101 995 peccatis
3128 926 3278 979 suis:
3323 926 3450 994 quia

1868 1019 1925 1073 in
1971 1032 2290 1087 quacunque
2346 1018 2431 1072 die
2477 1031 2773 1073 conversus
2826 1016 2988 1071 fuerit
3020 1027 3291 1086 peccator,
3340 1017 3449 1071 vita

1868 1110 2037 1174 vivet,
2068 1118 2123 1164 et
2146 1125 2252 1165 non
2282 1109 2561 1164 morietur.
2601 1109 2893 1177 Postquam
2918 1106 3241 1163 snﬁicienter
3269 1109 3449 1162 incre-

1868 1202 2018 1270 pavit
2051 1215 2161 1262 eos,
2204 1200 2395 1255 terruit
2437 1215 2501 1254 ac
2530 1198 2819 1268 percussit,
2872 1198 3195 1251 blandiendo
3251 1198 3446 1251 iterum

1870 1291 2162 1361 alloquitur
2208 1306 2325 1356 eos,
2360 1306 2428 1346 ne
2454 1292 2766 1361 desperatos
2803 1289 3088 1353 redderet;
3120 1290 3213 1343 sed
3266 1298 3448 1343 tamen

1870 1397 2044 1452 neque
2096 1382 2150 1436 in
2178 1381 2428 1437 omnibus
2456 1382 2724 1446 adulatur,
2755 1393 2929 1449 neque
2976 1379 3030 1433 in
3054 1377 3305 1433 omnibus
3326 1391 3450 1448 per-

1870 1475 2024 1528 cutit.
2058 1473 2197 1528 Dicit
2220 1488 2347 1544 ergo
2377 1488 2391 1525 :

1940 1566 2261 1647 Con/iditum
2284 1574 2456 1619 autem
2479 1565 2544 1619 de
2568 1565 2725 1629 vobis,
2766 1563 3107 1628 dilectissimi,
3135 1560 3352 1615 meliora
3398 1569 3449 1615 et

1866 1660 2118 1715 viciniora
2137 1658 2313 1722 saluti,
2339 1659 2541 1712 tametsi
2564 1659 2638 1710 ita
2665 1657 2943 1727 loquimur.
2976 1656 3112 1722 Quia
3134 1671 3241 1710 non
3267 1654 3452 1709 habuit

1866 1750 2010 1805 unde
2043 1766 2137 1805 eos
2164 1751 2230 1803 ad
2261 1764 2497 1819 pnesens
2518 1748 2782 1813 laudaret,
2812 1749 2995 1802 laudat
3024 1763 3118 1803 eos
3152 1748 3221 1803 de
3249 1762 3344 1816 spe
3374 1745 3451 1800 fu-

1868 1848 2113 1895 turorum
2137 1856 2298 1911 quam
2350 1841 2582 1895 habebat
2623 1840 2690 1894 de
2715 1839 2835 1901 illis,
2867 1838 3020 1908 quasi
3049 1838 3256 1892 diceret
3283 1854 3297 1890 :
3330 1835 3447 1893 Non

1791 1928 1837 1989 Β
1864 1931 2094 1988 dicimus
2117 1934 2219 1988 hoc
2254 1932 2414 1986 veluti
2461 1940 2710 2002 putantes
2757 1946 2850 1985 vos
2879 1931 3050 2000 spinis
3094 1930 3305 1999 plenos,
3352 1928 3450 1984 sed

1867 2023 2118 2077 timentes
2165 2037 2231 2076 ne
2267 2020 2401 2076 tales
2441 2021 2768 2077 eﬂiciamini.
2818 2021 3005 2075 Melius
3033 2030 3116 2075 est
3164 2021 3307 2075 enim
3353 2033 3449 2074 vos

1862 2110 2041 2166 verbis
2071 2111 2285 2174 terreri,
2317 2112 2566 2180 quamde
2605 2113 2765 2166 rebus
2794 2111 3037 2165 deleatis.
3065 2111 3275 2181 Optima
3308 2124 3450 2179 quae.

1861 2214 1966 2272 que
1994 2216 2158 2271 opera
2187 2202 2254 2256 de
2275 2201 2428 2257 vobis
2450 2201 2787 2267 conﬁdimus,
2819 2212 3115 2273 vestraque
3142 2202 3300 2257 saluti
3323 2216 3446 2270 pro-

1862 2290 2044 2348 ﬁcua:
2088 2293 2337 2361 quamvis
2388 2293 2462 2346 ita
2499 2292 2802 2362 loquamur.
2837 2292 2970 2347 Nam
3022 2294 3165 2362 quod
3200 2292 3449 2363 superius

1862 2383 2095 2436 diximus
2115 2382 2183 2436 de
2205 2383 2431 2452 reproba
2458 2392 2601 2437 terra
2618 2393 2673 2438 et
2693 2383 3151 2439 combustionibus
3176 2386 3446 2454 proxima,

1861 2486 1968 2526 non
1996 2472 2061 2526 de
2100 2474 2256 2527 vobis
2298 2474 2401 2529 hoc
2438 2473 2674 2528 diximus
2700 2515 2715 2540 ,
2751 2477 2876 2543 quia
2923 2476 3144 2530 meliora
3182 2476 3250 2530 de
3290 2476 3446 2533 vobis

1861 2564 2151 2618 credimus.
2207 2564 2442 2620 Reduxit
2466 2580 2679 2635 quoque
2708 2566 2787 2620 eis
2808 2567 3077 2635 praeterita
3106 2568 3241 2621 bona
3280 2582 3446 2637 opera

1861 2655 2072 2710 illorum
2108 2656 2162 2710 in
2193 2657 2531 2722 memoriam,
2560 2666 2613 2711 et
2638 2666 2899 2727 quatenus
2925 2672 2986 2711 ex
3014 2658 3299 2726 praeteritis
3324 2674 3447 2729 pos-

1862 2755 1945 2802 set
1971 2748 2238 2802 adducere
2268 2749 2335 2802 ad
2364 2749 2504 2803 bona
2535 2764 2779 2818 quaeque,
2818 2749 2938 2805 ideo
2964 2750 3238 2817 subjnnxit
3263 2768 3275 2804 .

1933 2836 2058 2889 Non
2102 2838 2236 2890 enim
2282 2838 2505 2906 injustas
2533 2847 2617 2893 est
2658 2839 2816 2903 Deus,
2860 2850 2915 2894 ut
2944 2842 3278 2895 obliviscatur
3321 2858 3445 2912 ape-

1864 2926 1936 2979 ris
1982 2927 2135 2979 vestri
2161 2936 2209 2979 et
2239 2927 2550 2990 dilectionis,
2594 2945 2750 2998 quam
2794 2930 3088 2984 ostendistis
3134 2932 3189 2984 in
3241 2931 3445 2985 nomine

1861 3016 1998 3080 eius.
2027 3016 2116 3086 qui
2143 3018 2475 3072 ministrastis
2502 3022 2694 3073 sanctis
2721 3031 2767 3074 et
2795 3023 3117 3075 ministratis.
3145 3024 3282 3077 Ecce
3311 3039 3444 3091 quo-

1864 3107 2024 3161 modo
2050 3108 2309 3162 recreavit
2336 3108 2543 3164 animos
2570 3125 2757 3164 eorum
2801 3119 2853 3164 et
2881 3112 3189 3165 reformavit
3213 3129 3226 3165 :
3256 3122 3445 3181 priete-

1864 3198 1966 3251 rita
2022 3198 2157 3253 bona
2186 3215 2348 3268 opera
2387 3203 2452 3255 ad
2480 3208 2712 3255 mentem
2742 3215 3041 3265 revocans;
3096 3205 3223 3271 quia
3248 3204 3301 3257 in
3327 3218 3444 3258 oms

182 3308 304 3356 ctus
355 3300 672 3367 tricesimos,
720 3299 1120 3372 sexagesimus,
1169 3299 1477 3369 pariterque
1523 3298 1757 3353 centesi-
1787 3283 1835 3350 C
1867 3289 2195 3358 bipatentem
2228 3289 2391 3344 Deum
2414 3289 2615 3345 oblivio
2640 3307 2744 3347 non
2788 3293 2956 3355 cadit,
3002 3294 3121 3348 ideo
3148 3311 3255 3349 non
3302 3295 3441 3349 obli-

181 3406 323 3446 mos.
372 3389 513 3446 Nihil
551 3391 692 3447 enim
725 3392 1076 3463 opportunius
1123 3389 1227 3444 ﬁde
1252 3388 1489 3461 perfecta
1522 3389 1759 3443 ﬁdelium

182 3483 275 3538 Dei
327 3498 448 3540 cum
486 3484 591 3539 vita
623 3484 849 3555 Optima.
879 3482 1165 3538 Profercns
1187 3498 1313 3553 ergo
1341 3480 1625 3553 Apostolus
1657 3481 1760 3537 hoc

181 3574 485 3646 exemplum
524 3576 590 3632 de
624 3576 804 3631 anima
834 3575 1055 3632 ﬂorente
1108 3575 1159 3629 in
1193 3574 1496 3640 virtutibus,
1555 3574 1759 3646 Deique

181 3666 553 3722 benedictione
593 3667 770 3738 digna,
816 3682 939 3722 mox
969 3666 1241 3736 subiunxit
1280 3665 1423 3720 aliud
1446 3666 1758 3736 paradigma

182 3759 249 3814 de
275 3759 364 3813 illa
392 3774 511 3828 qua:
547 3770 698 3813 suam
743 3758 968 3829 negligit
996 3758 1243 3819 salutem,
1293 3757 1420 3812 dum
1448 3756 1759 3827 frequenter

180 3853 411 3907 imbrem
438 3849 677 3904 ccelestis
697 3848 953 3905 doctrinm.
982 3851 1153 3919 possit
1174 3849 1447 3917 suscipere
1473 3867 1485 3902 :

256 3939 538 4009 Proferens
560 3948 734 3993 autem
762 3940 936 4004 spinas
962 3955 1023 3992 ac
1051 3939 1290 4004 tribulos,
1324 3938 1539 4007 reprobo
1591 3948 1666 3992 est
1708 3945 1760 3993 ct

185 4027 532 4084 maledictioni
566 4029 821 4099 proxima.
870 4027 975 4084 Per
1012 4028 1193 4098 spinas
1241 4043 1305 4083 ac
1354 4027 1580 4082 tribulos
1622 4043 1760 4098 pun-

184 4123 391 4175 ctiones
446 4128 787 4191 peccatorum
834 4136 1120 4191 possumus
1174 4118 1507 4191 intelligere,
1564 4119 1759 4216 quibus

182 4214 438 4286 pangitur
487 4214 709 4279 anima,
764 4214 829 4269 de
875 4214 1070 4284 quibus
1118 4213 1375 4268 Dominus
1421 4212 1556 4267 dixit
1594 4212 1757 4267 Adm’:

183 4300 346 4356 Terra
370 4311 457 4358 tua
484 4304 660 4373 spinas
684 4319 746 4357 ac
772 4302 989 4357 tribulos
1017 4303 1323 4374 geminabit
1347 4302 1441 4357 tibi
1461 4300 1612 4374 (Gen.
1648 4300 1754 4373 tu),

180 4394 234 4447 iri
270 4404 372 4459 est,
422 4410 549 4450 caro
598 4403 686 4449 tua
726 4395 1043 4466 punctiones
1072 4404 1415 4465 peccatorum
1447 4403 1501 4449 et
1539 4394 1758 4449 aculeos

180 4487 432 4541 vitiorum
461 4487 698 4556 proferet
736 4488 849 4543 tibi.
903 4486 1027 4543 Sive
1056 4504 1153 4559 per
1182 4488 1364 4559 spinas
1404 4495 1457 4542 et
1504 4487 1755 4551 tribulos,

180 4591 340 4632 curas
367 4574 685 4646 superﬂuas,
731 4575 1222 4647 sollicitudinesque
1250 4577 1405 4631 istius
1434 4576 1613 4630 sicculi
1659 4578 1755 4634 de-

178 4667 370 4722 bemus
392 4666 674 4737 accipere,
727 4667 793 4722 de
829 4666 1024 4736 quibus
1068 4668 1326 4723 Dominus
1367 4668 1419 4722 in
1468 4668 1757 4740 Evangelio

180 4757 352 4813 dicit:
400 4756 556 4812 Curre
605 4757 763 4813 istius
802 4758 981 4813 saeculi
1034 4767 1089 4813 et
1122 4758 1511 4816 sollicitudines
1542 4762 1757 4817 divitia-

178 4862 300 4902 rum
326 4847 589 4903 suﬁ’ocant
613 4848 859 4913 verbum,
889 4849 965 4903 ita
993 4858 1051 4904 ut
1075 4850 1464 4907 infructuosum
1503 4853 1756 4909 reddatur

180 4937 396 5009 (Matth.
439 4936 583 5009 xui).
640 4938 835 4993 Anima
895 4938 1058 5009 igitur
1115 4940 1396 5009 proferens
1439 4944 1756 5012 punctiones

178 5038 549 5102 peccatorum,
575 5031 827 5101 curisque
851 5031 1027 5086 saeculi
1058 5038 1114 5086 et
1132 5031 1583 5090 sollicitudinibus
1619 5036 1757 5091 divi-

178 5122 383 5176 tiarum
424 5129 703 5191 occupata,
765 5122 991 5192 reproha
1036 5130 1149 5187 est,
1196 5122 1299 5177 hoc
1327 5132 1429 5189 est,
1466 5122 1621 5180 laude
1669 5126 1755 5180 in-

178 5213 340 5284 digna
362 5220 419 5267 et
447 5211 809 5268 maledictioni
857 5214 1121 5284 proxima.
1167 5213 1579 5285 Notandumque
1628 5217 1754 5287 quia

180 5319 290 5359 non
322 5303 475 5369 dixit,
529 5304 810 5360 maledicta
839 5313 942 5372 est,
975 5306 1069 5362 sed
1101 5306 1459 5361 maledictioni
1488 5308 1752 5376 proxima.

179 5395 429 5464 Quandiu
457 5395 602 5450 enim
628 5406 933 5452 reservatur
976 5398 1041 5451 ad
1069 5397 1441 5468 paenitentiam
1467 5399 1620 5466 quasi
1649 5415 1754 5455 non

178 5496 266 5543 est
310 5486 590 5543 maledicta
615 5504 629 5540 :
658 5488 742 5542 sin
770 5503 896 5543 vero
916 5489 1287 5558 paenitentiam
1315 5488 1547 5543 noluerit
1570 5504 1752 5560 agere,

174 5579 290 5653 jam
337 5578 619 5634 maledicta
663 5579 785 5634 erit.
838 5577 988 5634 Unde
1036 5589 1091 5633 et
1130 5579 1409 5650 sequitur,
1443 5580 1594 5649 cujus
1631 5596 1754 5634 con-

179 5671 482 5735 summatio,
505 5671 557 5725 id
586 5677 670 5724 est
698 5670 818 5723 ﬁnis
850 5668 990 5724 illius
1012 5670 1203 5724 animm
1234 5670 1287 5723 in
1327 5684 1493 5738 pravo
1512 5684 1674 5738 opere
1701 5679 1755 5725 et

180 5764 579 5837 perseverantia
607 5763 658 5817 in
686 5763 826 5817 malo
854 5776 1021 5831 usque
1045 5763 1111 5816 ad
1136 5762 1339 5817 exitum
1367 5764 1508 5829 vita,
1537 5765 1590 5817 in
1615 5781 1754 5820 corn-

180 5856 507 5924 bustionent,
548 5854 802 5913 subaudis
829 5854 969 5924 ignis
1010 5854 1198 5909 aeterni
1231 5854 1355 5911 erit.
1401 5853 1565 5922 Quasi
1610 5857 1754 5914 dice-

1866 3381 2089 3436 viscitur
2108 3395 2333 3450 operum
2362 3391 2416 3436 et
2454 3383 2696 3437 laborum
2734 3384 2967 3440 ﬁdelium
2998 3400 3237 3449 suorum,
3287 3393 3341 3439 et
3387 3385 3441 3440 in

1863 3472 1966 3527 hoc
1992 3483 2076 3527 est
2103 3473 2302 3540 justus,
2332 3474 2456 3542 quia
2485 3484 2791 3528 remunerat
2838 3476 3036 3531 electos
3085 3491 3213 3532 suos
3258 3492 3353 3544 pro
3383 3490 3445 3532 se

1861 3561 2187 3618 laborantes.
2231 3562 2289 3618 Si
2319 3564 2462 3617 enim
2500 3565 2909 3620 oblivisceretur
2945 3581 3168 3636 operum
3199 3566 3439 3634 illorum,

1860 3670 1962 3711 nec
1986 3671 2080 3712 eos
2114 3663 2502 3721 remuneraret,
2537 3664 2807 3726 utcunque
2863 3655 3093 3725 injustas
3134 3666 3439 3726 putaretur,

1861 3747 2003 3817 quod
2060 3748 2279 3803 omnino
2323 3747 2473 3804 nefas
2518 3758 2600 3803 est
2643 3749 2847 3805 dicere:
2909 3750 3062 3806 Unde
3106 3752 3439 3820 Apostolus:

1859 3835 2001 3899 Non,
2029 3836 2222 3905 inquit,
2254 3835 2485 3907 injustus
2513 3846 2597 3892 est
2626 3839 2788 3903 Dens,
2814 3847 2874 3892 ut
2894 3840 3244 3895 obliviscatur
3263 3841 3444 3910 operis

1860 3926 2167 3995 laborisque
2216 3929 2403 3991 vestri,
2455 3936 2511 3983 et
2557 3927 2857 3983 dilectionis
2905 3946 3066 3999 quam
3121 3932 3438 3986 ostendistis

1860 4030 1960 4085 pro
1981 4029 2164 4069 amore
2191 4015 2426 4070 nominis
2449 4017 2567 4085 ejus
2589 4016 2644 4071 in
2675 4018 2902 4071 invicem
2934 4028 2989 4073 et
3014 4019 3071 4072 in
3103 4034 3310 4083 omnes,
3344 4021 3438 4088 qui

1859 4105 2209 4162 ministrastis
2263 4107 2486 4173 sanctis,
2533 4116 2588 4162 et
2636 4108 2812 4163 adhuc
2864 4110 3157 4163 secundum
3201 4119 3442 4165 vestrum

1859 4212 2019 4269 posse
2052 4198 2391 4254 ministratis.
2414 4200 2492 4254 De
2520 4198 2623 4253 illis
2649 4199 2848 4254 sanctis
2876 4199 3022 4263 dicit,
3050 4200 3140 4270 qui
3163 4200 3444 4256 venientes

1860 4293 1928 4346 ad
1979 4291 2137 4348 ﬁdem
2167 4290 2402 4357 Christi,
2445 4291 2727 4362 exspoliati
2779 4302 2904 4347 sunt
2949 4292 3018 4348 ab
3060 4292 3183 4349 aliis
3218 4292 3442 4361 Judmis,

1861 4397 1995 4452 quos
2026 4382 2207 4437 laudat
2232 4383 2286 4437 in
2321 4370 2420 4439 hac
2445 4383 2705 4453 Epistola,
2737 4383 2960 4439 dicens:
3000 4382 3262 4453 Rapinam
3285 4383 3445 4439 bono-

1862 4491 1975 4527 rum
2004 4482 2286 4528 vestrorum
2309 4491 2427 4529 cum
2455 4475 2648 4545 gaudio
2681 4475 2979 4544 suscepistis
3028 4473 3213 4546 (Hebr.
3239 4474 3295 4541 x)
3324 4492 3337 4528 :
3389 4483 3444 4531 et

1863 4567 1929 4623 de
1958 4567 2151 4635 quibus
2201 4566 2365 4621 lsaias
2403 4566 2560 4637 longe
2595 4576 2719 4621 ante
2761 4566 3120 4637 praedixerat:
3154 4566 3218 4620 Et
3247 4566 3336 4634 qui
3366 4582 3444 4621 re-

1780 4636 2031 4725 Dcesst't,
2081 4659 2362 4730 inquiens,
2408 4677 2442 4714 a
2486 4659 2624 4714 malo
2671 4636 2976 4715 Judazorum
3027 4659 3222 4731 praedae
3269 4659 3445 4730 patuit

1862 4756 1997 4829 (Isa.
2035 4759 2169 4829 ιιι).
2220 4757 2343 4813 lstis
2390 4757 2593 4812 talibus
2628 4756 2963 4827 exspoliatis,
2993 4757 3049 4812 hi
3074 4756 3167 4825 qui
3193 4771 3297 4811 non
3328 4754 3443 4811 fue-

1864 4856 1990 4903 rant
2019 4848 2300 4919 exspoliati
2318 4888 2331 4911 ,
2360 4856 2520 4919 prout
2546 4855 2795 4917 poterant
2824 4847 3217 4901 ministrabant.
3266 4844 3444 4912 Quare

1862 4955 1991 4995 vero
2036 4948 2365 5009 quantumve
2403 4940 2726 4995 desidcrium
2774 4940 2999 4996 haberet
3034 4938 3101 4995 de
3149 4938 3322 4996 salute
3345 4953 3442 4994 eo-

1864 5046 1983 5086 rum
2012 5071 2028 5099 ,
2075 5032 2426 5102 sequentibus
2486 5032 2668 5089 verbis
2713 5048 2781 5088 ex
2825 5041 2979 5103 parte
3022 5032 3309 5104 exprimit,
3359 5032 3442 5088 di-

1862 5135 1993 5176 cens
2019 5140 2032 5175 :
2764 5176 2772 5183 .
3238 5121 3242 5124 ’

1932 5207 2182 5281 Cupimus
2243 5220 2417 5266 autem
2477 5228 2888 5285 unumquemque
2931 5223 3159 5269 vestrum
3210 5212 3445 5269 eamdem

1860 5302 2124 5358 ostendere
2157 5302 2597 5371 sollicitudinem,
2647 5306 2903 5361 subaudis
2952 5320 3115 5375 quam
3149 5313 3297 5360 retro
3342 5304 3442 5360 lia-

1858 5392 2072 5456 buistis.
2102 5392 2171 5446 ad
2195 5393 2532 5464 expletionem
2564 5396 2672 5465 spei
2715 5412 2875 5466 usque
2916 5396 2971 5451 in
3011 5396 3165 5465 ﬁnem
3199 5395 3320 5451 vitae
3349 5410 3441 5450 ve-

1858 5492 2006 5549 strae,
2035 5484 2147 5538 sive
2170 5484 2272 5539 diei
2310 5483 2522 5553 iudicii,
2556 5496 2609 5539 ut
2640 5504 2740 5540 non
2767 5504 2947 5558 segnes
2979 5486 3293 5557 e/ﬁciamini,
3338 5486 3444 5541 hoc

1855 5584 1937 5631 est
1961 5576 2096 5646 pigri
2124 5585 2178 5630 et
2207 5577 2422 5632 desides
2449 5577 2499 5630 in
2530 5578 2674 5634 bono
2703 5594 2864 5647 opere
2886 5587 2941 5633 et
2978 5578 3031 5632 in
3058 5578 3327 5633 mandatis
3347 5576 3442 5633 Dei

1853 5667 2215 5738 perliciendis.
2264 5667 2672 5734 Dcsideramns,
2716 5669 2910 5739 inquit,
2959 5683 3056 5722 vos
3090 5684 3193 5723 non
3236 5675 3444 5722 tantum

1856 5758 1999 5837 circa
2032 5758 2212 5822 verba,
2246 5758 2339 5811 sed
2376 5758 2540 5813 etiam
2566 5758 2620 5811 in
2653 5758 2945 5813 virtutibus
2967 5758 3297 5823 conversari,
3337 5770 3443 5812 non

1859 5851 2009 5924 quasi
2054 5849 2321 5921 praeterita
2351 5864 2521 5921 opera
2559 5858 2745 5907 vestra
2785 5849 3087 5923 culpantes,
3137 5850 3232 5908 sed
3272 5856 3331 5906 ut
3376 5849 3451 5911 de
