3974 6444
507 412 650 475 τιοδ
1010 404 1364 477 nuneros
1403 399 1889 483 HA'LBEllSTAT.
1929 398 2147 457 EPISC.
2187 396 2338 455 ora.
2380 356 2582 454 pnas.
2625 398 2744 453 ι..-
2777 390 3134 455 coenam.
3174 395 3346 461 BIBL.
3752 398 3857 455 est

516 524 740 582 futuris
768 520 982 579 solliciti
1030 520 1150 576 sitis
1197 521 1588 587 admonentes;
1636 519 1740 576 hoc
1785 525 1890 583 est,
1940 516 2129 587 quales
2155 516 2207 578 Α
2230 515 2387 571 Ιιοηιο
2433 515 2659 570 mendax
2699 513 2872 588 (Psal.
2903 517 3058 588 cxv),
3097 525 3300 586 quanto
3338 515 3513 588 magis
3556 515 3665 572 Dei
3689 514 3853 584 jura-

538 618 721 676 fuistis
741 618 997 688 primum,
1026 614 1161 671 tales
1188 616 1435 685 cupimus
1458 623 1513 671 et
1539 613 1700 671 modo
1741 628 1861 670 esse
1885 620 1942 666 et
1966 611 2022 666 in
2052 609 2132 665 fu-
2238 615 2423 661 mento
2442 607 2603 687 [credi
2633 607 2823 673 debet,
2856 608 2948 679 qui
2978 615 3062 663 est
3100 609 3333 673 veritas,
3372 617 3429 663 et
3463 608 3559 678 qui
3593 622 3711 663 nec
3742 607 3854 665 falli

540 717 746 775 turum.
775 707 844 761 Et
883 721 989 762 non
1030 706 1166 762 dixit
1210 707 1354 773 volo,
1402 707 1547 777 quod
1572 715 1657 763 est
1687 705 2028 771 auctoritatis
2054 703 2135 759 di-
2235 708 2416 767 potest
2459 713 2561 754 nec
2604 700 2844 767 mentiri,
2900 709 2955 756 et
2982 702 3071 757 cui
3118 702 3338 771 insuper
3376 702 3493 756 sine
3517 702 3853 772 iuramento

538 799 698 863 vime,
753 796 849 853 sed
891 797 1037 868 quod
1085 806 1205 853 erat
1237 805 1479 868 paternae
1515 798 1839 866 dilectionis,
1881 798 1987 854 hoc
2006 804 2129 853 est:

514 882 787 961 icupimus
826 906 1266 962 unumquemque
1308 900 1552 947 vestrum
1578 893 1823 948 eamdem
1867 908 1995 964 erga
2019 892 2132 948 fra-

526 994 652 1047 tres
700 1001 917 1057 semper
963 987 1251 1042 ostendere
1291 987 1637 1045 dilectionem
1680 1004 1841 1059 quam
1872 989 2002 1045 olim
2032 989 2132 1045 ha-

538 1077 734 1133 buistis
762 1078 830 1134 ad
860 1079 1278 1150 completionem
1319 1080 1435 1150 spei
1483 1080 1536 1134 in
1575 1089 1833 1137 aeternam
1887 1098 2135 1138 resurre-

516 1167 773 1239 ‘Actionem
805 1186 818 1222 :
843 1168 1079 1239 expletio
1109 1170 1253 1224 enim
1282 1171 1396 1241 spei
1420 1180 1508 1249 ρει
1535 1172 1751 1242 adeptio
1784 1188 1967 1228 rerum
1996 1189 2134 1243 quas

537 1274 640 1314 nos
677 1268 1070 1315 consecuturos
1119 1276 1423 1331 speramus.
1483 1261 1676 1317 Verum
1721 1265 2011 1319 imitatores
2040 1282 2130 1320 eo-

530 1364 676 1417 rum,
724 1348 982 1404 subaudis
1013 1349 1258 1420 cupimus
1276 1366 1372 1405 vos
1397 1364 1538 1413 esse,
1589 1352 1680 1423 qui
1705 1353 1811 1422 fide
1848 1363 1897 1408 et
1932 1356 2133 1424 patien-

536 1445 613 1499 tia
637 1445 1018 1500 Iiwreditabunt
1044 1447 1433 1517 promissiones.
1486 1446 1746 1503 Hortatur
1790 1449 1987 1505 iterum
2036 1466 2132 1507 eos

539 1543 598 1591 ut
626 1534 730 1592 ﬁde
756 1553 865 1593 non
892 1537 1018 1593 ﬁcta
1041 1547 1097 1594 et
1116 1539 1373 1608 patientia
1394 1540 1634 1611 perfecta
1663 1550 1976 1612 exspectent
2007 1557 2132 1613 pro-

542 1628 836 1686 missiones
884 1629 1016 1696 Dei,
1057 1639 1112 1686 et
1154 1632 1527 1688 haereditatem
1577 1649 1740 1704 quam
1786 1616 1993 1690 san'ctis
2016 1635 2128 1691 suis

536 1725 806 1795 promisit.
850 1725 1003 1793 Quod
1047 1725 1333 1796 dupliciter
1360 1727 1531 1796 accipi
1564 1735 1762 1797 potest,
1809 1727 2024 1785 scilicet
2070 1736 2131 1782 ut

538 1817 808 1874 referatur
847 1819 916 1874 ad
961 1819 1304 1888 patriarchas
1358 1828 1415 1875 et
1444 1827 1665 1876 sanctos
1703 1819 1916 1876 Veteris
1941 1819 2131 1877 Testa-

2236 789 2383 843 credi
2427 792 2667 860 oportet!
2720 789 3010 857 Homines,
3057 793 3263 862 inquit,
3313 808 3412 864 per
3439 794 3731 865 majorem
3770 796 3849 851 sui

2229 876 2447 949 juraut,
2473 884 2577 938 hoc
2605 892 2722 950 est,
2750 900 2850 956 per
2894 885 3084 951 Deum,
3115 886 3205 956 qui
3231 895 3317 941 est
3358 901 3552 942 eorum
3600 898 3846 945 creator.

2234 971 2609 1030 Juramentum
2665 991 2881 1048 quoque
2929 985 3013 1032 est
3062 977 3186 1033 ﬁnis
3232 979 3409 1033 omnis
3467 980 3849 1037 contentionis

2234 1081 2423 1123 eorum
2464 1069 2531 1124 ad
2579 1069 3076 1137 conﬁrmationem,
3128 1072 3255 1141 quia
3312 1087 3411 1143 per
3456 1071 3845 1142 juramentum

2234 1158 2559 1214 credendum
2602 1170 2705 1226 est,
2730 1176 2832 1217 nec
2870 1162 3033 1218 debet
3072 1164 3414 1233 postmodum
3459 1165 3699 1234 querela
3733 1165 3844 1239 ﬁeri

2226 1246 2534 1318 iuramento
2555 1251 2841 1321 completo,
2867 1253 2959 1308 sed
2982 1253 3106 1309 ﬁnis
3125 1254 3493 1311 contentionis
3521 1255 3702 1311 debet
3728 1272 3843 1312 esse

2225 1338 2596 1409 juramentum
2627 1344 2728 1399 sub
2750 1343 3181 1399 conﬁrmatione.

2303 1431 2372 1486 In
2412 1450 2535 1504 quo,
2580 1433 2837 1489 subaudis
2872 1433 3211 1503 iuramento,
3247 1434 3332 1489 vel
3372 1444 3677 1506 propterea
3718 1440 3835 1508 quis

2232 1524 2574 1579 conﬁrmatio
2614 1524 2693 1580 rei
2721 1524 3091 1595 juramentum
3131 1534 3240 1589 est,
3273 1525 3454 1580 volens
3486 1527 3638 1581 Deus
3668 1539 3837 1582 osten-

2230 1614 2353 1669 dere
2378 1614 2731 1669 abundantius
2757 1616 3171 1671 immobilitatem
3195 1616 3405 1670 consilii
3424 1618 3515 1671 sui
3538 1619 3830 1673 heredibus

2227 1708 2620 1781 pollicitationis
2641 1750 2656 1775 ,
2687 1710 2741 1764 id
2770 1719 2852 1766 est
2890 1710 3136 1781 patribus
3162 1711 3277 1765 sive
3310 1710 3702 1781 promissionis
3729 1713 3830 1767 bs:-

2229 1803 2467 1868 redibus,
2492 1803 2803 1872 interposuit
2837 1801 3246 1873 jusjurandum,
3297 1813 3358 1857 ut
3407 1820 3516 1874 per
3564 1806 3695 1860 duas
3739 1823 3822 1864 τε

535 1908 725 1973 menti,
750 1909 844 1978 qui
871 1908 1071 1964 multas
1093 1909 1482 1979 promissiones
1511 1917 1837 1980 acceperunt
1870 1910 1937 1965 de
1973 1910 2123 1966 Chri-

2228 1894 2551 1961 immobilcs,
2605 1895 2799 1965 quibus
2842 1895 3179 1965 impossibile
3224 1903 3309 1951 est
3355 1896 3539 1951 Deum
3576 1901 3816 1965 mentiri,

524 2008 641 2065 isto,
664 2009 719 2054 et
746 1998 815 2054 de
839 2000 1155 2056 haereditate
1177 2007 1337 2055 terrae
1360 2000 1826 2070 repromissionis:
1851 2001 1944 2071 qui
1966 1999 2126 2057 ﬁdem

534 2089 797 2147 habentes
824 2089 1145 2162 perfectam,
1179 2107 1285 2161 qua
1325 2092 1673 2147 crediderunt
1702 2093 1869 2148 Deum
1903 2092 2127 2162 implere

516 2196 695 2262 posse
734 2197 855 2252 quas
913 2183 1205 2253 promisit,
1256 2192 1312 2238 et
1359 2183 1675 2253 patientiam
1718 2183 2122 2250 solidissimam,

518 2290 643 2353 qua
682 2275 869 2331 nonin
898 2291 977 2343 se,
1011 2276 1108 2332 sed
1143 2275 1197 2332 in
1229 2275 1355 2333 ﬁliis
1376 2277 1490 2333 suis
1514 2278 1905 2348 promissiones
1935 2294 2126 2348 exspe-

520 2356 820 2425 fctaverunt
847 2369 1171 2440 implendas,
1200 2377 1518 2425 meruerunt
1554 2368 1715 2425 amici
1760 2370 1853 2426 Dei
1889 2385 2030 2435 esse,
2072 2381 2127 2426 et

535 2460 593 2516 in
623 2460 757 2527 ﬁliis,
774 2460 888 2518 suis
915 2461 1133 2517 easdem
1160 2462 1552 2533 promissiones
1567 2460 1914 2517 baereditare.
1943 2460 2128 2517 Potest

534 2562 592 2609 et
638 2553 707 2632 ad
753 2553 1030 2624 apostolos
1076 2554 1322 2624 aliosque
1372 2561 1589 2609 sanctos
1626 2551 1841 2619 referri,
1895 2554 1986 2624 qui
2028 2570 2128 2624 per

537 2642 699 2719 ﬁdem
713 2652 768 2699 et
785 2644 1099 2716 patientiam
1117 2652 1431 2700 meruerunt
1445 2644 1719 2714 consequi,
1739 2652 1794 2699 et
1805 2644 2127 2702 hmredilare

537 2736 925 2810 promissiones
974 2745 1190 2792 aeternae
1235 2736 1632 2792 benedictionis
1668 2751 1701 2790 a
1747 2737 1976 2793 Domino
2021 2737 2125 2793 sibi

524 2827 897 2903 omnibusque
940 2826 1187 2883 ﬁdelibus
1213 2828 1529 2900 promissas.

542 2956 543 2959 η
606 2915 830 2970 ΑὸναΙιιε
856 2933 1078 2989 namque
1089 2918 1396 2988 promittens
1416 2916 1578 2985 Deus,
1600 2920 1851 2989 quoniam
1870 2920 2125 2975 neminem

522 3006 716 3069 ,ltabuit
750 3007 1004 3077 majorem
1029 3024 1122 3078 per
1147 3024 1298 3079 quem
1331 3008 1539 3078 juraret
1557 3050 1572 3077 ,
1589 3008 1791 3080 juravit
1821 3026 1913 3080 per
1939 3020 2127 3065 semet-

524 3101 740 3171 ipsum,
790 3100 967 3155 dicens
993 3116 1013 3154 :
1053 3099 1176 3154 Nisi
1218 3099 1521 3155 benedicens
1572 3100 1870 3167 benedicam
1910 3101 2034 3167 tibi,
2076 3110 2125 3155 et

536 3191 893 3265 multiplicans
913 3190 1271 3263 multiplicabo
1307 3202 1375 3247 te.
1409 3191 1481 3248 Ut
1508 3191 1718 3247 ﬁrmius
1746 3191 2127 3247 corroboraret

2227 1986 2584 2044 fortissimum
2633 1987 2884 2044 solatium
2913 1989 3241 2054 habeamus,
3277 1988 3331 2043 id
3363 1997 3451 2043 est
3495 1988 3815 2049 ﬁrmiter.illi

2226 2082 2532 2146 credamus,
2552 2080 2641 2152 qui
2668 2081 2999 2151 confugimus
3021 2081 3291 2137 credendo
3312 2081 3385 2135 ad
3408 2083 3699 2136 tenendam
3713 2100 3808 2151 prc-

2224 2173 2448 2244 positam
2478 2188 2652 2244 spem,
2700 2174 2804 2228 hoc
2848 2180 2935 2227 est
2974 2172 3043 2226 ad
3099 2172 3475 2243 accipiendam
3503 2176 3807 2245 promissam

2225 2266 2605 2323 remissionem
2648 2264 2735 2321 vel
2762 2265 3274 2321 remunerationem.
3316 2267 3469 2321 Duas
3516 2282 3611 2321 res
3642 2268 3800 2322 itum-

2222 2357 2363 2415 biles
2408 2358 2499 2413 hic
2547 2357 2809 2413 debemus
2854 2355 3103 2425 accipere
3146 2355 3583 2425 promissionem
3627 2357 3719 2412 Dei
3758 2358 3811 2411 de

2225 2447 2465 2516 Christo,
2489 2463 2595 2519 qua
2618 2448 2791 2503 dixit:
2824 2445 2893 2502 In
2913 2447 3107 2501 semine
3128 2456 3217 2501 tuo
3248 2447 3635 2502 benedicentur
3653 2465 3809 2504 mnes

2224 2555 2419 2616 gentes,
2450 2551 2505 2600 et
2520 2541 2896 2612 jusjurandum
2926 2539 3069 2599 illius
3094 2540 3237 2611 quod
3269 2540 3410 2595 dixit
3437 2558 3453 2597 :
3490 2540 3607 2596 Per
3627 2552 3809 2595 meust-

2225 2638 2396 2709 ipsum
2421 2638 2605 2708 ,ἰαναυὶ
2649 2637 2761 2691 tibi.
2802 2635 3096 2692 Promissio
3137 2635 3282 2692 enim
3329 2634 3479 2690 illius
3527 2647 3617 2691 est
3646 2637 3810 2692 immo-

2224 2726 2371 2792 bilis,
2402 2726 2527 2796 quia
2555 2741 2660 2781 non
2689 2726 2866 2797 potuit
2892 2726 3129 2792 mutari,
3160 2733 3215 2781 et
3247 2724 3637 2794 juramentum
3689 2728 3810 2782 illius

2223 2816 2522 2873 veridicum
2561 2824 2664 2873 est.
2696 2816 2925 2885 Quidam
2956 2818 3101 2873 enim
3133 2834 3297 2873 unam
3327 2834 3444 2873 rem
3492 2820 3809 2875 immobilem

2226 2906 2450 2977 intelligi
2495 2906 2686 2962 velunt
2714 2907 3130 2978 promissionem
3157 2916 3213 2963 et
3232 2906 3617 2976 juramentum
3646 2910 3806 2966 illius:

2226 2996 2450 3052 alteram
2481 3005 2661 3051 autem
2695 2996 3111 3067 completionem
3138 2998 3308 3067 ipsius
3334 3000 3440 3055 rei.
3479 2998 3809 3071 Propositus

2226 3101 2356 3142 vero
2384 3102 2557 3158 spem,
2589 3087 2719 3142 dicit
2736 3087 3021 3143 veritatem
3053 3104 3234 3144 rerum
3266 3099 3575 3162 gestarum,
3600 3094 3811 3163 promis-

2227 3176 2433 3232 sionem
2463 3176 2715 3232 videlicet
2764 3178 2957 3247 patrize
3003 3178 3270 3248 caelestis,
3318 3179 3389 3235 ad
3438 3197 3610 3252 quam
3650 3182 3809 3253 perci-

530 3263 599 3347 uea
629 3299 750 3356 qua:
777 3283 1024 3355 superius
1055 3283 1267 3339 dixerat
1311 3285 1378 3339 de
1420 3284 1625 3340 sanctis
1662 3288 1806 3354 quod
1835 3283 2124 3339 haeredita-
2151 3263 2198 3327 ο
2227 3268 2479 3338 Ρίθηάθηι
2511 3267 2851 3339 confugimus
2876 3284 2977 3339 ρει·
3000 3268 3182 3326 ﬁdem.

534 3376 671 3453 bunt
696 3376 1085 3448 promissiones
1114 3375 1207 3431 Dei
1235 3374 1338 3431 ﬁde
1371 3384 1426 3431 et
1467 3375 1746 3446 patientia,
1778 3375 1984 3431 idcirco
2012 3374 2124 3430 uti-

534 3477 624 3533 tur
643 3469 922 3543 exemplis.
956 3468 1064 3525 Sed
1089 3468 1227 3523 mira
1250 3477 1334 3525 est
1361 3468 1624 3538 sapientia
1640 3466 1755 3537 ejus
1780 3486 1793 3522 :
1817 3466 2124 3539 Aliquando

534 3563 681 3619 enim
728 3562 979 3618 laudibus
1023 3562 1331 3619 extollendo
1375 3561 1650 3616 blanditur
1682 3562 1783 3627 eis,
1834 3561 2124 3632 aliquando

538 3655 843 3711 terroribus
883 3662 1069 3712 terret.
1116 3654 1255 3710 Nam
1294 3654 1350 3710 in
1397 3654 1765 3725 superioribus
1802 3662 1973 3710 terret
2005 3668 2119 3722 eos,

531 3760 610 3811 ne
632 3745 877 3803 inﬁdeles
904 3755 1108 3814 essent,
1136 3755 1193 3803 et
1228 3748 1407 3804 minus
1431 3745 1632 3803 creduli
1674 3746 2124 3819 promissionibus

534 3837 661 3906 Dei,
685 3854 830 3896 nunc
848 3846 1028 3897 autem
1058 3839 1317 3912 exemplis
1350 3840 1603 3896 hortatur
1636 3839 1704 3895 ad
1728 3839 2043 3910 patientiam
2069 3845 2127 3895 et

538 3928 701 3987 ﬁdem
741 3940 801 3987 ut
846 3931 1214 3987 indubitanter
1263 3932 1520 3999 credant,
1549 3946 1656 3987 non
1693 3931 1864 3989 solum
1901 3931 2012 3988 Deo
2036 3930 2123 3987 di-

531 4006 718 4099 icente,
747 4036 935 4081 verum
958 4022 1120 4077 etiam
1142 4022 1361 4093 jurante
1380 4037 1476 4092 per
1512 4023 1879 4094 semetipsum.
1912 4020 1969 4077 Si
1992 4037 2120 4095 pro-

535 4114 785 4170 mittente
810 4113 919 4168 Deo
945 4113 1188 4183 iniquum
1210 4122 1298 4169 est
1318 4129 1424 4169 non
1445 4114 1687 4180 credere,
1712 4129 1877 4185 quam
1897 4114 2123 4185 impium

535 4215 621 4263 est
644 4208 753 4262 Deo
775 4206 991 4276 jurante
1011 4205 1169 4261 ﬁdem
1190 4221 1299 4263 non
1320 4208 1761 4264 accommodare!
1791 4207 1999 4263 Juravit
2021 4223 2119 4262 au-

537 4305 648 4372 tem
690 4284 832 4352 Deus
868 4295 1029 4351 Pater
1055 4297 1285 4353 Abrahae
1312 4314 1410 4369 per
1451 4300 1796 4370 semetipsum
1817 4341 1832 4366 ,
1865 4299 1992 4370 quia
2024 4313 2120 4354 ne-

538 4385 745 4441 minem
784 4384 972 4441 habuit
998 4385 1254 4456 majorem
1284 4402 1380 4457 per
1416 4404 1577 4458 quem
1616 4387 1860 4459 juraret,
1891 4389 2117 4445 dicens:

532 4475 663 4555 μ’ἱεὶ
698 4478 999 4534 benedicens
1042 4478 1341 4534 benedicam
1379 4489 1460 4547 te,
1500 4491 1607 4535 etc.
1662 4480 1932 4550 Repetitio
1968 4481 2121 4537 verbi

536 4558 878 4627 conﬁrmatio
903 4579 988 4629 est
1020 4570 1120 4627 rei.
1150 4570 1265 4627 Nisi
1289 4572 1343 4627 in
1385 4572 1490 4627 hoc
1518 4571 1638 4627 loco
1666 4570 1983 4628 aﬁirmative
2018 4588 2119 4645 po-

538 4664 686 4723 nitur
710 4681 807 4737 pro
851 4672 998 4721 certe
1035 4665 1148 4721 sive
1171 4666 1286 4737 {pro
1310 4666 1468 4737 quia,
1498 4672 1553 4721 et
1576 4672 1661 4721 est
1693 4679 1885 4720 sensus
1914 4682 1930 4722 :
1959 4664 2120 4722 Certe

537 4772 751 4829 semper
781 4758 1096 4816 benedicam
1122 4768 1176 4815 te
1204 4760 1259 4815 in
1294 4758 1422 4815 ﬁliis
1448 4759 1554 4815 tuis
1590 4770 1911 4829 semperque
1938 4758 2119 4813 multi-

536 4850 750 4926 plicabo
778 4860 849 4908 te.

609 4944 677 5000 Et
702 4946 779 5001 sic
803 4943 1175 5017 longanimiter
1199 4943 1370 5014 ferens
1398 4944 1618 5016 adeptus
1648 4952 1726 5000 est
1760 4945 2120 5016 repromissio-

534 5054 674 5105 παθη,
696 5038 803 5095 hoc
842 5048 929 5095 est
954 5037 1046 5094 diu
1070 5052 1168 5109 per
1192 5038 1510 5110 patientiam
1549 5039 1819 5096 credendo
1846 5038 2120 5096 sustinens

535 5139 861 5193 consecutus
898 5137 983 5187 est
1026 5130 1440 5202 promissionem
1480 5131 1536 5187 in
1579 5132 1701 5188 ﬁliis
1729 5132 1841 5188 suis
1875 5131 1941 5187 de
1970 5140 2115 5186 terra

536 5222 1003 5295 repromissionis,
1045 5237 1208 5293 quam
1252 5222 1302 5278 ei
1341 5223 1608 5293 promisit,
1636 5225 1863 5280 dicens:
1899 5222 2116 5277 Terram

535 5317 672 5379 [tunc
694 5318 786 5373 tibi
806 5318 940 5373 dabo
962 5326 1009 5373 et
1029 5316 1155 5385 [iliis
1185 5317 1287 5371 tuis
1311 5314 1465 5388 (Gen.
1491 5316 1636 5389 xm),
1665 5326 1719 5371 et
1748 5318 1966 5387 insuper
1992 5330 2117 5387 pro-

537 5408 846 5466 missionem
890 5412 956 5466 de
996 5407 1246 5476 Christo,
1284 5409 1351 5464 de
1392 5423 1500 5479 quo
1538 5409 1615 5464 ait
1646 5426 1659 5461 :
1688 5408 1755 5463 In
1788 5409 1982 5462 semine
2026 5402 2116 5463 tuo

539 5499 902 5556 benedicentur
926 5517 1101 5555 omnes
1137 5510 1312 5572 gentes
1342 5497 1493 5573 (Gen.
1521 5500 1679 5572 χχιι).
1708 5498 1964 5569 Sequitur
1992 5518 2006 5553 :

612 5591 859 5647 Homines
896 5594 1035 5647 enim
1072 5609 1167 5663 per
1209 5592 1464 5662 majorem
1492 5592 1576 5645 sui
1614 5591 1803 5661 jurant
1834 5601 1923 5645 :et
1947 5591 2114 5647 omnis

540 5686 899 5740 controversia:
924 5700 1110 5738 eorum
1134 5682 1256 5753 ﬁnis
1284 5683 1353 5738 ad
1381 5682 1825 5751 conﬁrmationem
1855 5691 1928 5736 est
1950 5683 2103 5752 juran

540 5782 788 5830 mentum.
828 5774 993 5843 stsi
1040 5776 1288 5831 diceret:
1324 5774 1383 5831 Si
1427 5774 1735 5831 hominibus
1777 5775 1831 5829 in
1874 5773 2113 5831 futurum

526 5858 799 5955 creditur,
833 5865 903 5922 de
937 5865 1135 5938 quibus
1174 5881 1276 5939 per
1302 5864 1625 5938 Prophetam
1670 5866 1888 5935 dicitur,
1929 5864 2113 5921 Omnis

2300 3360 2475 3427 Quam
2503 3376 2653 3430 spem
2680 3361 2815 3416 sicut
2848 3362 3134 3437 anchoram
3160 3364 3412 3420 habemus
3435 3368 3644 3421 animo:
3664 3376 3809 3420 tua

2225 3468 2289 3505 ac
2316 3450 2548 3520 ﬁrmum.
2594 3450 2747 3506 Sicut
2788 3451 3025 3507 anchora
3062 3454 3298 3524 projects
3337 3471 3367 3510 a
3399 3458 3532 3510 navi
3563 3474 3672 3513 non
3697 3474 3805 3529 per-

2225 3542 2395 3597 mittit
2421 3557 2543 3598 eam
2570 3540 2910 3598 circumferri
2954 3559 3129 3614 neque
3162 3545 3483 3615 periclitari,
3518 3547 3656 3604 licet
3682 3548 3806 3603 venti

2225 3643 2602 3711 commoveant
2626 3649 2768 3702 eam,
2801 3637 2895 3691 sed
2929 3635 3132 3707 jactata
3178 3636 3410 3693 ﬁrmiter
3445 3649 3609 3695 tenet
3634 3656 3805 3696 nam

2226 3726 2371 3782 inter
2398 3725 2666 3798 procellas
2708 3734 2763 3782 et
2798 3724 3018 3794 ﬂuctus,
3061 3727 3134 3782 ita
3174 3728 3310 3783 ﬁdes
3357 3742 3459 3799 spe
3507 3728 3806 3786 futuram

2223 3817 2493 3875 bonorum
2536 3819 2787 3875 roborata
2812 3859 2829 3885 ,
2873 3817 3057 3875 ﬁrmat
3101 3829 3339 3876 mentem
3385 3831 3653 3878 nostram
3688 3824 3808 3878 inter

2222 3925 2484 3983 prospera
2503 3910 2665 3981 hujus
2684 3910 2865 3966 saeculi
2886 3910 3216 3976 et'adversa,
3233 3919 3289 3965 et
3317 3910 3625 3967 introducit
3651 3928 3745 3967 nos
3762 3912 3804 3966 in

2224 4003 2460 4075 speciem
2482 4018 2687 4068 rerum,
2703 4018 2867 4074 quam
2890 4002 3050 4058 modo
3064 4002 3168 4057 ﬁde
3187 4010 3242 4057 et
3260 4017 3355 4072 spe
3377 4012 3661 4060 tenemus.
3676 4004 3805 4060 ideo-

2221 4112 2329 4167 que
2357 4095 2502 4151 addit
2526 4094 2815 4166 Apostolus
2842 4094 3027 4151 dicens
3054 4113 3067 4149 :
3102 4095 3170 4149 Et
3198 4094 3525 4150 incedentem
3556 4113 3722 4168 usque
3748 4096 3805 4149 sd

2221 4178 2475 4243 iﬂteriora
2496 4183 2788 4241 velaminis.
2819 4186 3081 4241 Interiora
3108 4184 3393 4241 velaminis
3422 4196 3593 4242 vocat
3613 4198 3803 4244 secuta

2222 4277 2377 4350 regni
2423 4276 2687 4333 caelorum
2740 4284 2795 4331 et
2839 4277 3034 4348 gaudia
3078 4277 3269 4352 patriae
3316 4276 3586 4335 celestis.
3633 4278 3803 4334 Vela:-

2220 4367 2367 4422 enim
2409 4367 2555 4437 quod
2591 4375 2710 4422 erat
2752 4375 2880 4422 ante
2920 4374 3107 4422 sancta
3152 4375 3494 4434 sanctorum,
3551 4370 3807 4442 signiﬁcat

2220 4460 2448 4528 coelum;
2480 4472 2602 4531 quae
2638 4475 2769 4517 vero
2793 4469 2949 4515 erant
2995 4460 3137 4515 intra
3179 4459 3389 4526 velum,
3433 4471 3659 4517 secreta
3697 4469 3804 4517 sunt

2222 4554 2375 4625 regni
2410 4552 2692 4609 caelorum.
2735 4551 2872 4622 Spes
2898 4560 3079 4607 autem
3118 4552 3379 4608 interiora
3404 4554 3701 4611 velaminis
3724 4569 3805 4626 pe

2144 4630 2198 4692 Β
2222 4654 2420 4712 nctrat,
2442 4645 2569 4701 dum
2589 4658 2689 4716 per
2711 4644 2910 4700 mentis
2931 4644 3443 4716 contemplationem
3468 4644 3659 4703 futura
3678 4649 3805 4704 bons

2223 4737 2505 4807 conspicit,
2536 4736 2664 4791 dum
2687 4735 2931 4792 ccelestia
2960 4737 3183 4806 prmmia
3214 4738 3419 4808 absque
3454 4739 3573 4794 ulla
3600 4740 3802 4795 dubita-

2222 4829 2369 4885 tione
2397 4828 2572 4885 credit
2593 4828 2695 4885 sibi
2712 4830 3018 4898 provenire,
3041 4836 3243 4899 sperat,
3264 4838 3434 4896 amat,
3450 4833 3803 4902 operibusque

2193 4922 2457 4978 'ostendit
2499 4922 2641 4991 quod
2671 4922 2860 4978 credat
2901 4931 2955 4976 et
2983 4921 3113 4990 quid
3157 4930 3357 4991 speret.
3390 4921 3450 4977 Si
3491 4923 3638 4981 hanc
3663 4940 3800 4997 spe-

2223 5030 2331 5071 non
2362 5014 2744 5081 habuerimus,
2774 5014 2961 5084 utique
2986 5014 3417 5085 submergemur,
3449 5031 3562 5071 non
3606 5026 3800 5071 tantum

2225 5108 2280 5164 in
2300 5105 2649 5177 spiritalibus,
2673 5120 2862 5161 verum
2882 5105 3045 5160 etiam
3072 5104 3126 5158 in
3155 5103 3491 5171 carnalibus,
3520 5106 3664 5161 sicut
3689 5106 3801 5162 sub-

2224 5211 2501 5275 mergetur
2548 5201 2703 5257 navis
2760 5216 2868 5257 non
2916 5201 3122 5256 habens
3167 5200 3431 5270 jactatam
3489 5203 3797 5258 auebat-am.

2225 5295 2332 5353 Sed
2367 5296 2411 5351 si
2451 5294 2565 5349 voci
2593 5292 2876 5363 Prophetas
2917 5291 3319 5347 obaudierimus
3350 5290 3557 5348 dicenti
3601 5313 3615 5347 :
3652 5292 3799 5347 lacte

2221 5406 2380 5462 super
2398 5388 2682 5443 Dominum
2704 5402 2883 5439 curam
2909 5393 3075 5451 tuam,
3103 5393 3153 5440 et
3181 5386 3292 5455 ipse
3315 5393 3364 5438 te
3383 5386 3613 5439 enutriet
3631 5382 3796 5455 (Psal.

2222 5484 2357 5555 LIV),
2413 5491 2542 5536 tunc
2586 5486 2770 5535 nostra
2816 5492 2941 5547 spes
2977 5475 3085 5531 ﬁxa
3124 5477 3180 5531 in
3226 5478 3487 5532 interiora
3525 5477 3799 5534 velaminis

2221 5575 2367 5630 nulla
2389 5572 2706 5629 inﬁdelitate
2735 5569 2905 5639 mergi
2932 5569 3148 5638 poterit.
3183 5569 3439 5639 Sequitur
3469 5584 3486 5621 :

2292 5671 2392 5726 Ubi
2433 5686 2727 5743 prtecursor
2753 5684 2847 5741 pro
2890 5668 3035 5721 nobis
3076 5667 3304 5722 introivit
3346 5667 3526 5731 Iesus,
3568 5666 3797 5737 ρθπιὶία

2217 5765 2410 5836 factus,
2421 5774 2475 5821 et
2491 5765 2812 5820 constitutus
2824 5780 2854 5817 a
2871 5762 2976 5816 Deo
2994 5760 3149 5814 Patre
3163 5762 3217 5813 in
3228 5769 3503 5823 cateruam,
3517 5759 3795 5813 secunda-

2218 5858 2453 5915 ordinem
2469 5853 2864 5912 Melchisedech.
2885 5852 2956 5910 Ut
2979 5851 3270 5910 ﬁrmiorem
3296 5850 3452 5907 nobis
3465 5867 3616 5922 spem
3638 5850 3798 5905 athle-
