3974 6442
186 433 296 496 865

853 431 1218 490 EXPOSITIO
1255 432 1323 489 IN
1361 430 1514 488 EPP.
1557 430 1616 489 S.
1654 428 1884 489 PAULI.
1922 461 1991 471 —
2028 429 2097 486 IN
2136 429 2360 489 EPIST.
2400 433 2495 488 AD
2530 432 2734 489 HEBB.

3365 432 3473 499 868

185 560 293 621 ret,
320 551 442 608 ideo
464 551 567 607 hoc
591 523 910 607 de'Christo
929 551 1229 621 subjunxit.
1258 550 1566 605 Prmcursor
1592 557 1772 603 autem
1799 554 1851 613 Α
1878 546 2012 612 Dan,
2043 562 2153 603 non
2182 549 2238 603 in
2285 551 2372 605 via
2421 552 2747 608 reversionis
2789 552 2980 608 habuit
3008 552 3308 612 Jerusalem
3332 599 3347 623 ,
3375 544 3474 616 sed

187 634 387 701 dicitur
415 658 444 697 a
482 642 772 713 praeeundo
816 650 872 696 et
916 640 1331 712 praecurrendo,
1360 648 1527 695 etest
1549 637 1776 707 alicujus

185 751 523 810 przecursor,
579 735 718 791 sicut
757 733 993 790 Joannes
1039 734 1260 790 Christi.
1312 731 1775 789 Considerandum

186 839 393 895 autem,
419 829 548 899 quia
571 844 679 884 non
707 828 842 883 dicit
880 827 1219 899 simpliciter,
1250 826 1493 882 introivit
1529 824 1687 881 Jesus
1719 824 1776 881 in

185 924 446 978 interiora
471 921 783 986 velaminis,
810 922 905 977 sed
945 937 1067 977 cum
1111 921 1508 985 additamento,
1544 920 1770 976 dicens:

185 1014 294 1071 Ubi
338 1028 644 1084 praecursor
687 1027 788 1083 pro
830 1013 989 1070 nobis
1034 1012 1311 1079 introivit,
1359 1012 1524 1068 veluti
1571 1014 1775 1095 absque

182 1105 351 1161 dubio
396 1120 497 1161 nos
524 1113 771 1177 Oporteat
803 1105 1056 1176 prosequi
1084 1119 1477 1175 praecursorem
1504 1113 1770 1160 nostrum.

180 1197 583 1255 Przecursorem
628 1214 757 1255 vero
804 1206 859 1254 et
903 1205 1327 1268 consequentes,
1371 1200 1427 1253 in
1454 1198 1644 1254 eadem
1686 1198 1775 1252 via

181 1307 308 1349 esse
330 1294 601 1348 convenit.
639 1292 889 1348 Christus
928 1292 1111 1361 itaque
1136 1306 1428 1363 resurgens
1461 1305 1493 1346 a
1522 1291 1770 1357 mortuis,

178 1385 540 1456 praecucurrit
562 1400 661 1440 nos
688 1386 754 1441 ad
798 1384 1138 1440 altitudinem
1172 1385 1457 1451 caelorum,
1493 1383 1775 1456 factusque

179 1485 270 1532 est
316 1476 471 1532 nobis
520 1491 845 1549 praecursor,
896 1477 1188 1547 aperlendo
1236 1479 1394 1535 nobis
1445 1479 1671 1545 ctelum,
1719 1487 1776 1535 et

179 1567 379 1639 gaudia
407 1567 597 1638 patriae
643 1566 880 1623 ctelestis
925 1568 1217 1623 reddendo.
1252 1569 1309 1624 Si
1352 1584 1483 1642 ergo
1526 1569 1773 1625 volumus

179 1657 443 1728 subsequi
471 1672 865 1729 praecursorem
904 1667 1173 1725 nostrum,
1207 1660 1466 1716 debemus
1494 1660 1633 1716 sicut
1660 1660 1769 1728 ille,

178 1757 239 1805 et
261 1750 361 1821 ipsi
388 1749 685 1806 ambulare.
715 1750 829 1807 Hoc
848 1760 1027 1807 autem
1051 1752 1118 1806 ad
1148 1761 1397 1808 naturam
1418 1753 1774 1812 humanitatis

176 1839 305 1897 Filii
340 1841 436 1896 Dei
479 1840 744 1908 refertur,
794 1842 849 1896 in
887 1859 994 1913 qua
1038 1844 1390 1914 semetipsum
1429 1845 1623 1901 obtulit
1662 1846 1774 1903 Deo

1878 639 2057 710 potius
2093 639 2270 696 Salem
2302 643 2556 713 oppidum
2597 658 2763 714 supra
2801 655 3182 701 memoratum.
3228 644 3470 706 Primam

1876 735 2087 805 quidem
2133 735 2223 806 qui
2278 736 2653 807 interpretatur
2711 730 2804 792 rei:
2858 738 3095 807 iustitiae,
3134 740 3322 796 deinde
3378 758 3472 798 rex

1877 821 2054 880 Salem
2088 825 2231 896 quod
2270 835 2346 879 est
2386 842 2479 880 rex
2510 828 2654 896 pacis
2677 867 2693 892 ,
2729 827 2844 882 sine
2896 837 3078 899 patre,
3120 831 3232 886 sine
3269 841 3467 900 matre,

1876 914 1988 970 sine
2033 915 2367 987 genealogia,
2419 932 2583 987 neque
2632 917 2840 972 initium
2891 919 3134 988 dierum,
3187 938 3351 991 neque
3397 922 3469 993 ﬁ-

1878 1022 1994 1060 nem
2041 1006 2237 1061 habens
2288 1006 2424 1061 vita.
2476 1004 2632 1076 Saepe
2684 1007 2876 1064 beatus
2911 1008 3199 1079 Apostolus
3236 1010 3461 1068 Melchi-

1876 1098 2072 1152 sedech
2135 1098 2191 1152 in
2254 1107 2439 1168 typum
2499 1098 2713 1154 Domini
2784 1099 3072 1158 salvatoris
3144 1103 3459 1161 introducit.

1876 1188 2133 1256 Quamvis
2188 1189 2335 1245 enim
2383 1204 2523 1260 pene
2564 1204 2755 1247 omnes
2800 1192 2976 1248 sancti
3033 1203 3091 1249 et
3139 1195 3464 1265 patriarchae

1874 1288 1933 1337 et
1960 1281 2238 1352 prophetae
2275 1283 2472 1352 prioris
2498 1284 2788 1353 temporis,
2832 1284 2888 1339 in
2919 1284 3099 1356 aliqua
3145 1302 3207 1344 re
3233 1287 3463 1360 ﬁguram

1875 1374 2077 1429 Christi
2131 1375 2534 1444 expresserim,
2592 1384 2771 1431 tamen
2822 1374 3215 1433 Melchisedech
3258 1379 3464 1449 specia-

1874 1465 1998 1531 lius,
2048 1465 2140 1535 qui
2184 1481 2291 1522 non
2343 1466 2446 1522 fuit
2492 1466 2560 1522 de
2606 1481 2805 1538 genere
2832 1465 3193 1540 .Judaeorum,
3240 1469 3295 1524 in
3339 1478 3467 1542 typo

1874 1557 2155 1628 prmeessit
2180 1557 2546 1614 sacerdotium
2583 1557 2708 1614 Filii
2728 1559 2846 1626 Dei,
2873 1560 2939 1615 de
2974 1576 3083 1632 quo
3110 1560 3254 1618 Deus
3303 1562 3466 1619 Pater

1874 1649 2006 1705 dicit
2029 1649 2084 1704 in
2115 1648 2332 1705 Psalmo
2364 1668 2377 1705 :
2408 1649 2490 1704 Tu
2519 1666 2574 1705 es
2599 1651 2841 1706 sacerdos
2867 1652 2925 1706 in
2973 1661 3231 1709 (etet-num
3273 1650 3463 1710 secun-

1874 1739 2002 1794 dum
2034 1741 2271 1797 ordinem
2299 1739 2679 1797 Melchisedech
2711 1740 2889 1814 (Psat.
2919 1742 3055 1815 arx).
3085 1741 3343 1800 Ordinem
3369 1759 3466 1801 au-

1875 1842 1983 1890 tem
2008 1835 2126 1906 ejus
2151 1834 2336 1892 multis
2359 1835 2534 1892 modis
2582 1836 2929 1907 interpretari
2976 1852 3284 1909 possumus,
3315 1840 3462 1898 sicut

175 1934 331 1991 Patri
370 1935 425 1990 in
454 1950 550 1991 ara
569 1936 751 1992 crucis
788 1937 1116 1993 sacrificium
1141 1939 1331 1995 salutis
1351 1950 1570 1996 nostrae.
1594 1940 1766 2009 Quare

1869 1927 1983 2000 jam
2007 1931 2379 2002 supradictum
2403 1938 2511 1997 est,
2541 1929 2747 1986 scilicet
2766 1930 3081 2001 quod'solus
3104 1947 3202 1988 rex
3229 1932 3393 1989 fuerit
3409 1939 3466 1990 et

176 2024 434 2083 Christus
477 2028 773 2084 secundum
819 2029 1066 2085 ordinem
1112 2029 1509 2088 Melchisedech
1560 2033 1774 2091 dicatur

179 2118 417 2176 existere
443 2122 715 2189 sacerdos,
757 2122 891 2177 satis
919 2130 1128 2193 aperte,
1157 2131 1219 2178 ut
1245 2139 1389 2191 reor,
1422 2125 1582 2196 paulo
1609 2108 1771 2196 supe-

178 2211 299 2266 rius
324 2220 603 2268 ostensum
639 2222 741 2269 est.
773 2212 880 2269 Sed
908 2215 1051 2285 quod
1080 2215 1218 2271 dixit
1246 2216 1498 2273 introisse
1535 2217 1686 2273 illum
1716 2219 1772 2274 in

178 2302 442 2369 interiora
464 2304 784 2371 velaminis,
829 2320 983 2362 more
1010 2306 1327 2376 pontiﬁcum
1360 2307 1668 2365 Judaeorum
1694 2309 1775 2365 lo-

179 2393 386 2462 quitur,
412 2394 505 2466 qui
532 2395 698 2452 semel
723 2397 777 2451 in
799 2412 941 2452 anno
965 2398 1406 2469 ingrebiebantur
1424 2401 1568 2456 intra
1593 2401 1772 2457 velum

177 2484 238 2540 in
265 2484 464 2541 Sancta
509 2495 820 2543 sanctorum
846 2488 1052 2543 oraturi
1089 2488 1145 2544 in
1185 2490 1384 2560 templo
1417 2506 1516 2562 pro
1551 2491 1769 2563 populo,

176 2576 261 2631 sic
277 2585 332 2632 et
354 2577 602 2634 Christus
622 2589 830 2634 secreta
852 2581 1001 2651 regni
1024 2580 1287 2637 caelorum
1313 2591 1771 2654 penetrans,'orat

176 2668 395 2725 assidue
422 2676 522 2740 pro
560 2669 734 2726 salute
754 2670 990 2727 ﬁdelium
1020 2688 1260 2728 suorum.

780 2788 1008 2849 CAPUT
1060 2792 1170 2849 VII.

254 2877 356 2932 Hic
395 2880 537 2934 enim
580 2879 961 2936 Melchisedech
1006 2900 1097 2938 rex
1142 2883 1340 2951 Salem,
1386 2888 1630 2941 sacerdos
1673 2888 1772 2945 Dei

176 2972 393 3037 summi,
428 2973 684 3030 subaudis
722 2972 846 3039 fuit,
887 2975 977 3046 qui
1021 2974 1241 3031 obviavit
1271 2976 1497 3032 Abraha:
1539 2995 1771 3050 regresso

176 3083 210 3120 a
236 3066 377 3119 ccede
403 3082 602 3137 regum,
625 3075 672 3120 et
695 3066 954 3121 benedixit
978 3067 1047 3135 ei,
1073 3068 1159 3122 cui
1191 3078 1241 3123 et
1284 3069 1513 3125 decimas
1538 3072 1773 3127 omnium

176 3158 354 3212 divisit
382 3157 670 3213 Abraham.
703 3159 946 3215 Tradunt
974 3157 1183 3217 Hebraei
1211 3161 1386 3233 ipsum
1415 3162 1541 3218 Sem
1567 3165 1772 3235 prirnu-

177 3250 419 3323 geuitum
446 3248 581 3318 Noe,
613 3250 783 3306 ﬁlium
812 3252 906 3322 qui
954 3267 1020 3308 eo
1064 3261 1304 3325 tempore
1341 3270 1448 3326 quo
1481 3264 1639 3311 natus
1681 3264 1766 3312 est
1793 3286 1839 3351 Ο

176 3344 477 3412 Abraham,
508 3345 948 3405 habueritannos
968 3346 1144 3402 aetatis
1184 3347 1443 3403 ducentos
1472 3348 1767 3419 nonaginta

178 3437 348 3503 duos,
389 3431 563 3508 eoque
607 3447 851 3509 tempore
894 3453 1002 3510 quo
1035 3448 1287 3495 mortuus
1333 3446 1418 3495 est
1455 3438 1764 3506 Abraham,

175 3528 431 3584 habuerit
449 3545 622 3586 annos
649 3530 971 3602 quingentos
1006 3531 1285 3604 sexaginta
1314 3531 1570 3602 quinque,
1609 3540 1666 3587 et
1690 3532 1766 3588 ita

176 3622 539 3693 supervixerit
613 3622 889 3679 Abraham
971 3622 1129 3679 armis
1184 3623 1445 3694 tringinta
1504 3623 1762 3693 quinque.

175 3713 384 3782 Quibus
432 3713 694 3786 expletis,
742 3713 874 3769 lacti
915 3722 1042 3769 sunt
1092 3729 1283 3769 omnes
1328 3714 1444 3769 dies
1485 3713 1610 3768 vitae
1654 3730 1765 3771 suae

175 3805 420 3863 sexcenti
470 3805 617 3859 anni.
662 3803 771 3858 Nec
797 3818 918 3858 esse
958 3804 1174 3868 mirum,
1211 3803 1257 3857 si
1286 3803 1518 3858 Abrahae
1547 3803 1764 3857 obviam

175 3898 526 3971 processerit,
558 3898 717 3967 eique
749 3909 943 3966 panem
985 3904 1041 3950 et
1078 3895 1265 3949 viuum
1295 3894 1589 3960 obtulerit,
1620 3894 1766 3965 quod

178 3990 435 4062 abnepoti
480 4004 578 4046 suo
613 3987 747 4059 jure.
772 3987 1116 4057 paternitatis
1145 3986 1410 4050 debebat,
1444 3994 1500 4040 et
1540 3985 1766 4042 benedi-

177 4084 322 4140 xerit
361 4082 446 4149 ei,
485 4080 829 4150 decimasque
869 4078 1065 4149 praedae
1109 4086 1272 4149 atque
1315 4076 1556 4133 victoriae
1585 4076 1653 4131 ab
1698 4090 1766 4132 eo

177 4175 475 4247 acceperit,
502 4174 645 4230 sicut
673 4172 928 4229 sacerdos
954 4170 1149 4226 summi
1174 4170 1269 4225 Dei
1297 4168 1496 4225 excelsi
1524 4185 1629 4224 non
1666 4166 1766 4222 fal-

176 4284 363 4328 sorum
385 4267 608 4323 deorum
627 4272 683 4321 et
704 4264 993 4329 idolorum,
1016 4262 1108 4332 qui
1132 4261 1235 4316 fuit
1252 4261 1415 4316 etiam
1438 4276 1534 4316 rex
1558 4258 1761 4316 Salem.

178 4360 360 4419 Salem
396 4367 576 4414 autem
601 4355 773 4429 (sicut
809 4358 999 4411 beatus
1042 4352 1402 4424 Hieronymus
1441 4350 1605 4422 dicit)
1652 4365 1763 4405 non

175 4463 260 4508 est
285 4448 523 4521 putanda
547 4446 869 4512 Jerusalem,
902 4453 960 4500 ut
985 4444 1249 4515 Josephus
1273 4442 1760 4515 bistoriographus,

178 4552 595 4613 nostrorumque
634 4539 966 4595 arbitrantur
1009 4537 1261 4607 plurimi,
1290 4536 1383 4592 sed
1416 4534 1569 4605 juxta
1610 4534 1765 4607 oppi-

176 4636 304 4692 dum
344 4641 428 4690 est
474 4630 842 4704 Scythopolim
879 4646 999 4701 quae
1042 4644 1213 4700 usque
1257 4629 1418 4685 hodie
1466 4626 1841 4715 appellatur”

176 4725 358 4782 Salem
388 4724 501 4781 sive
532 4722 720 4787 Salim,
754 4722 822 4776 de
850 4735 959 4792 quo
997 4720 1167 4793 (teste
1194 4720 1353 4775 beato
1393 4719 1760 4792 Hieronymo)

175 4818 230 4873 in
264 4815 554 4887 Evangelio
587 4813 785 4886 legitur
814 4832 828 4867 :
858 4811 991 4867 Erat
1029 4821 1203 4867 autem
1227 4812 1460 4868 Joannes
1488 4813 1761 4883 baptizans

173 4914 231 4968 in
258 4909 497 4976 Αἰηηοη,
517 4908 676 4978 juxta
710 4904 907 4971 Saiim,
940 4906 1063 4976 quia
1092 4921 1241 4975 aqum
1280 4904 1461 4959 multa:
1501 4915 1653 4960 erant
1687 4905 1766 4960 ibi

175 5002 362 5077 (Joan.
399 5000 501 5070 ιιι).
532 4999 739 5055 Idcirco
760 5004 942 5052 autem
970 4996 1028 5049 ﬁt
1065 4995 1169 5051 ista
1198 4996 1432 5051 varietas
1454 4998 1758 5066 nominum,

172 5098 303 5171 quia
340 5094 551 5151 Hebraei
590 5092 770 5149 multis
794 5092 847 5146 in
878 5090 1010 5146 locis
1037 5105 1135 5160 per
1159 5098 1520 5145 consonantes
1553 5090 1759 5147 solum-

174 5189 338 5245 modo
357 5186 624 5250 scribunt,
649 5183 942 5240 subtractis
958 5181 1257 5249 vocalibus,
1279 5190 1440 5251 atque
1463 5182 1540 5237 ita
1566 5197 1760 5239 secun-

174 5283 307 5342 dum
335 5281 622 5339 arbitrium
650 5279 876 5351 legentis
898 5277 1299 5348 pronuntiatur,
1338 5291 1447 5330 non
1483 5292 1591 5335 uno
1615 5291 1760 5332 sem-

173 5391 277 5448 per
313 5374 609 5444 eodemque
646 5373 826 5428 modo.
876 5367 1190 5427 Ostenditur
1232 5377 1411 5426 autem
1455 5369 1512 5425 in
1565 5369 1758 5427 eodem

174 5466 377 5539 oppido
411 5465 670 5537 palatium
701 5462 1116 5528 Melchisedech,
1144 5476 1211 5517 ex
1241 5461 1607 5532 magnitudine
1645 5461 1758 5517 rui-

175 5576 372 5617 narum
389 5555 680 5615 ostendens
692 5555 892 5613 veteris
904 5554 1484 5625 operisexcellentiam,
1506 5554 1575 5610 ad
1594 5570 1758 5626 quam

176 5651 457 5709 civitatem
498 5648 612 5703 sive
638 5646 891 5717 oppidum
919 5645 1114 5716 legitur
1148 5647 1311 5703 etiam
1341 5643 1506 5700 Jacob
1533 5646 1756 5700 descen-

177 5749 347 5812 disse,
368 5745 461 5815 qui
484 5741 653 5803 fuitin
677 5751 818 5797 terra
831 5740 1087 5797 Chanaan
1110 5740 1342 5810 regionis
1365 5738 1580 5793 Sichcm
1600 5738 1752 5811 (Gen.

176 5840 353 5909 xxix).
403 5832 863 5909 Considerandum
904 5844 1153 5903 quoque,
1185 5831 1327 5899 quod
1374 5828 1645 5901 Abraham
1688 5828 1755 5883 de

176 5931 327 5989 caede
355 5929 592 5986 hostium
619 5933 925 5990 revertens,
958 5938 1094 5995 quos
1122 5931 1437 5992 persecutus
1473 5931 1557 5975 est
1583 5934 1754 5987 usque

1875 2025 2149 2090 sacerdos,
2174 2033 2232 2081 et
2259 2033 2384 2080 ante
2409 2024 2881 2082 circumcisionem
2916 2025 3135 2084 functus
3160 2028 3466 2088 sacerdotio

1874 2127 1936 2176 ut
1960 2134 2069 2175 non
2097 2127 2286 2191 gentes
2315 2134 2347 2174 a
2373 2117 2597 2187 Judaeis,
2628 2118 2725 2175 sed
2748 2116 2921 2175 Judai
2946 2137 2979 2175 a
3004 2119 3255 2193 gentibus
3283 2136 3464 2178 sacer-

1875 2214 2082 2270 dotium
2129 2213 2458 2285 acciperent,
2507 2227 2685 2283 neque
2732 2221 2929 2269 unctus
2975 2213 3096 2271 oleo
3136 2214 3357 2281 visibili,
3405 2223 3468 2271 ut

1874 2308 2114 2363 mosaica
2139 2314 2410 2378 praecepta
2438 2307 2796 2375 constituunt,
2823 2305 2918 2364 sed
2937 2306 3059 2364 oleo
3087 2307 3465 2366 exsultationis

1873 2398 2106 2470 ﬁdeique
2138 2398 2397 2469 puritate,
2425 2411 2601 2470 neque
2629 2398 2811 2455 carnis
2836 2407 2892 2456 et
2911 2400 3193 2471 sanguinis
3210 2399 3463 2458 victimas

1880 2489 2268 2557 immolaverit,
2299 2488 2396 2546 sed
2423 2503 2565 2561 pane
2592 2496 2647 2545 et
2674 2490 2803 2546 vino
2826 2490 3066 2562 simplici
3092 2505 3349 2562 puroque,
3376 2506 3465 2548 sa-

1873 2580 2081 2637 criﬁcio
2107 2580 2307 2637 Christi
2335 2579 2665 2635 dedicaverit
2697 2580 3079 2646 sacerdotium,
3103 2581 3200 2636 sed
3223 2581 3461 2652 primum

1873 2674 1956 2745 (ut
1976 2671 2251 2745 apostolus
2272 2670 2425 2743 dicit)
2456 2671 2509 2727 in
2540 2672 2643 2728 hoc
2667 2670 2999 2728 assimilatur
3022 2670 3159 2727 Filio
3181 2671 3276 2728 Dei
3293 2714 3319 2747 ,φ
3334 2671 3463 2742 quia

1872 2763 2262 2833 interpretatur
2309 2776 2405 2817 rex
2448 2759 2676 2831 justitize
2726 2778 2742 2816 :
2795 2759 3044 2817 Melcbon
3096 2760 3298 2818 etenim
3345 2761 3463 2818 sive

1871 2853 2063 2911 Melchi
2081 2869 2258 2927 regem
2274 2862 2449 2920 sonat;
2464 2853 2674 2910 Sedech
2692 2852 3022 2925 vero,justus
3035 2854 3150 2911 sive
3155 2853 3464 2925 justitia.Et

1872 2948 1995 3019 quis
2018 2956 2104 3003 est
2129 2962 2291 3002 verus
2313 2961 2409 3001 rex
2444 2944 2689 3015 iustitiae,
2718 2945 2825 3001 nisi
2872 2945 3148 3011 Christus,
3181 2945 3275 3017 qui
3323 2945 3462 3004 dicit

1872 3037 1929 3093 in
1975 3036 2190 3091 Psalmo
2218 3050 2234 3089 :
2261 3033 2375 3106 Ego
2410 3043 2587 3089 autem
2631 3035 2940 3090 constitutus
2974 3052 3091 3090 sum
3138 3051 3232 3090 rex
3285 3035 3350 3090 ab
3400 3053 3462 3092 eo

1874 3127 2046 3202 (Psal.
2090 3125 2174 3200 ιι).
2204 3125 2323 3197 Ipse
2347 3125 2495 3182 enim
2515 3122 2663 3194 ju'ste
2686 3132 2743 3179 et
2767 3132 2917 3180 recte
2951 3123 3089 3196 regit
3109 3132 3166 3180 et
3191 3124 3461 3196 gubernat

1872 3221 2076 3277 electos
2100 3235 2247 3285 suos,
2257 3218 2482 3287 iustitiae
2510 3224 2782 3273 amatores
2797 3215 3040 3283 eﬁ‘ectos,
3054 3216 3250 3273 deinde
3274 3223 3459 3273 autem

1872 3314 2202 3371 assimilatur
2219 3312 2362 3368 Filio
2390 3313 2505 3378 Dei,
2542 3327 2642 3382 per
2667 3312 2771 3367 hoc
2797 3312 2941 3381 quod
2978 3310 3178 3367 dicitur
3218 3324 3313 3366 rex
3360 3325 3458 3381 pa-

1870 3408 1971 3474 cis,
2005 3407 2148 3478 quod
2171 3405 2407 3476 pertinet
2433 3403 2502 3459 ad
2531 3402 2827 3460 Christum.
2853 3402 3034 3459 Salem
3059 3403 3455 3474 interpretatur

1866 3515 1995 3571 pax,
2026 3498 2276 3556 Christus
2306 3499 2471 3570 igitur
2497 3512 2597 3553 nos
2616 3496 2898 3567 justiﬁeat,
2928 3496 3021 3569 qui
3056 3506 3141 3553 est
3166 3511 3259 3553 rex
3287 3495 3455 3569 justi-

1867 3594 1977 3660 tiae,
2003 3600 2060 3648 et
2103 3592 2221 3663 ipse
2244 3589 2498 3662 paciﬁcat
2525 3589 2709 3645 omnia
2739 3603 2860 3660 qua:
2884 3588 2940 3644 in
2969 3587 3129 3645 ctelis
3166 3595 3222 3643 et
3248 3603 3370 3659 qua:
3396 3588 3456 3645 in

1867 3695 2015 3742 terra
2037 3693 2181 3751 sunt,
2210 3684 2303 3755 qui
2326 3681 2602 3740 nascendo
2624 3690 2680 3738 et
2711 3681 2998 3740 moriendo
3034 3690 3092 3738 et
3126 3681 3459 3755 resurgendo

1867 3789 2031 3848 atque
2057 3776 2400 3833 ascendendo
2423 3790 2619 3847 pacem
2648 3775 2830 3831 attulit
2848 3775 3072 3857 mundo,
3118 3776 3213 3846 qui
3260 3790 3457 3832 secuna-

1868 3872 1993 3927 dum
2029 3870 2382 3925 Diviuitatem
2429 3870 2545 3925 sine
2589 3869 2746 3925 initio
2794 3878 2851 3925 et
2904 3870 3025 3926 sine
3069 3868 3179 3926 ﬁne
3208 3870 3323 3926 'rex
3369 3878 3456 3926 est

1866 3969 2072 4016 aeterno
2088 3960 2240 4015 Patri
2262 3965 2583 4027 coaeternus,
2601 3960 2852 4030 quamvis
2874 3974 2943 4016 ex
2970 3962 3255 4032 temporali
3280 3970 3455 4018 matre

1867 4050 2181 4121 temporalis
2210 4058 2373 4106 esset.
2401 4049 2554 4106 Sicut
2577 4052 2722 4106 enim
2744 4050 2902 4106 istius
2926 4050 3327 4107 Melchisedech’
3344 4067 3456 4108 non

1866 4142 2095 4214 legimus
2117 4142 2330 4197 initium
2351 4140 2436 4196 vel
2465 4142 2627 4197 ﬁnem
2650 4141 2706 4197 in
2735 4141 3017 4211 Scriptura
3044 4156 3222 4208 sacra,
3242 4141 3322 4197 sic
3341 4156 3453 4199 non

1866 4236 2115 4292 novimus
2139 4234 2264 4290 Filii
2290 4233 2386 4289 Dei
2417 4233 2632 4289 initium
2653 4233 2739 4289 vel
2769 4233 2954 4301 ﬁnem,
2990 4234 3117 4305 quia
3141 4249 3247 4290 non
3290 4234 3456 4291 habet

1866 4332 2068 4403 aliquid
2095 4332 2292 4387 horum
2324 4331 2378 4386 in
2394 4339 2591 4385 natura
2620 4328 2867 4393 Deitatis,
2893 4338 2948 4384 et
2976 4330 3030 4385 in
3062 4330 3166 4386 hoc
3195 4328 3455 4385 est‘simi-

1865 4424 2055 4491 litudo,
2085 4423 2229 4494 quod
2258 4439 2361 4479 nec
2382 4422 2546 4489 illius,
2583 4438 2685 4478 nec
2713 4421 2871 4478 istius
2899 4422 3113 4477 initium
3142 4421 3340 4493 legitur
3360 4410 3448 4475 vel

1865 4515 1990 4572 ﬁnis
2022 4534 2036 4570 :
2076 4515 2220 4571 illius
2244 4514 2485 4587 quidem,
2517 4513 2643 4584 quia
2689 4528 2799 4569 non
2846 4520 2931 4568 est
2979 4512 3262 4584 scriptum,
3293 4511 3453 4569 istius

1866 4616 2073 4673 autem,
2104 4605 2232 4677 quia
2261 4603 2482 4661 omnino
2511 4617 2620 4659 non
2646 4611 2751 4660 est.
2777 4602 2967 4674 Neque
3008 4602 3153 4659 enim
3199 4600 3299 4658 sub
3342 4594 3451 4672 quo

1865 4708 2025 4755 natus
2050 4706 2137 4754 est
2166 4695 2561 4753 Melchisedech
2593 4694 2811 4767 legitur,
2851 4709 3027 4765 neque
3062 4694 3278 4765 quando
3306 4708 3452 4749 mor-

1862 4798 1988 4847 tuus
2022 4798 2105 4845 est
2131 4795 2408 4853 narratur,
2444 4786 2542 4842 sed
2570 4786 2750 4842 subito
2783 4786 3170 4852 introducitur,
3201 4785 3343 4840 sicut
3374 4788 3451 4840 'et

1862 4882 2064 4939 Helias.
2079 4880 2190 4938 Nec
2208 4880 2429 4937 omnino
2449 4879 2776 4935 credendum
2790 4886 2875 4934 est
2893 4878 3036 4947 quod
3056 4862 3449 4932 Melchisedech

1863 4974 1979 5030 sine
2003 4974 2177 5045 patre,
2205 4980 2300 5029 aut
2325 4972 2443 5028 sine
2471 4979 2651 5026 matre
2685 4976 2848 5034 esset,
2879 4984 3004 5024 cum
3030 4966 3279 5023 Christus
3305 4980 3442 5036 quo-

1861 5072 1967 5140 aue
1995 5067 2291 5124 Secundum
2318 5073 2605 5133 utramque
2633 5071 2904 5125 naturam,
2931 5069 2987 5115 et
3012 5066 3220 5131 patrem
3248 5056 3449 5127 habue-

1864 5163 1937 5217 rit
1956 5170 2012 5217 et
2031 5170 2286 5224 matrem,
2311 5156 2406 5213 sed
2432 5164 2733 5227 propterea
2750 5151 3074 5210 hoc‘dicitur
3098 5146 3447 5219 de'illo,'quia

1864 5252 2041 5310 subito
2056 5250 2415 5307 introducitur
2428 5248 2483 5302 in
2507 5247 2687 5303 divina
2711 5241 3443 5315 Scriptura,’sicutdiximus,‘

1862 5350 1918 5402 et
1960 5340 2287 5417 ‘genealogia
2335 5338 2479 5396 illius
2522 5346 2643 5394 non
2677 5342 3155 5394 commemoratur.
3206 5328 3286 5388 De
3335 5338 3446 5402 quo

1862 5438 2027 5495 etiam
2055 5435 2255 5491 dicitur
2281 5434 2424 5505 quod
2445 5429 2773 5487 assimilatas
2791 5427 2935 5483 Filio
2969 5426 3091 5493 Dei,
3119 5426 3181 5481 in:
3204 5424 3292 5480 bis
3320 5430 3444 5479 'o'md

1860 5532 2021 5588 nibus
2051 5527 2420 5598 superioribus
2440 5524 2619 5592 ’dictis,
2635 5524 2809 5579 manet
2829 5521 3072 5577 sacerdos
3091 5521 3147 5575 in
3162 5526 3441 5583 retentum,

1862 5638 1969 5678 non
1995 5621 2048 5676 in
2071 5636 2148 5684 se,
2174 5618 2269 5675 sed
2292 5619 2346 5674 in
2371 5617 2603 5673 Christo.
2624 5614 2761 5669 Nam
2782 5610 3175 5668 Melchisedech
3196 5602 3442 5664 murinus

1859 5710 1961 5776 est,
1988 5712 2083 5767 sed
2111 5711 2279 5782 ﬁgura
2315 5708 2433 5781 ejus
2481 5705 2811 5763 aeternaliter
2866 5702 3439 5759 in“Cln‘isto“‘mahet.

1861 5800 2165 5858 Similit‘udo
2196 5798 2510 5855 autemhic
2550 5800 2660 5853 non
2707 5806 2816 5866 pro
2848 5782 3156 5867 {equaiitate
3197 5790 3439 5869 parum.

1859 5892 2297 5965 sed‘p'roligura.
2380 5892 2403 5909 "
2486 5902 2495 5921 ’
2998 5900 3021 5923 ’·
3320 5884 3443 5933 “’"r'
