  <div class='ocr_page' id='page_1' title='image "/cluster/home/n/w/nwhite01/storage/ocr_20150623/117/hvd.32044015466899/439.png"; bbox 0 0 3974 6456; ppageno 0'>
   <div class='ocr_carea' id='block_1_1' title="bbox 538 427 645 489">
    <p class='ocr_par' dir='ltr' id='par_1_1' title="bbox 538 427 645 489">
     <span class='ocr_line' id='line_1_1' title="bbox 538 427 645 489; baseline -0.037 -1"><span class='ocrx_word' id='word_1_1' title='bbox 538 427 645 489; x_wconf 81' lang='grc'><strong>867</strong></span> 
     </span>
    </p>
   </div>
   <div class='ocr_carea' id='block_1_2' title="bbox 1006 412 3345 484">
    <p class='ocr_par' dir='ltr' id='par_1_2' title="bbox 1006 412 3345 484">
     <span class='ocr_line' id='line_1_2' title="bbox 1006 412 3345 484; baseline -0.005 0"><span class='ocrx_word' id='word_1_2' title='bbox 1006 423 1360 484; x_wconf 80' lang='lat' dir='ltr'><strong>HAYMONIS</strong></span> <span class='ocrx_word' id='word_1_3' title='bbox 1398 420 1881 479; x_wconf 80' lang='lat' dir='ltr'><strong>HALBERSTAT.</strong></span> <span class='ocrx_word' id='word_1_4' title='bbox 1923 418 2139 474; x_wconf 83' lang='lat' dir='ltr'><strong>EPlSC.</strong></span> <span class='ocrx_word' id='word_1_5' title='bbox 2181 414 2333 474; x_wconf 88' lang='lat' dir='ltr'><strong>OPP.</strong></span> <span class='ocrx_word' id='word_1_6' title='bbox 2375 413 2557 475; x_wconf 82' lang='lat' dir='ltr'><strong>PARS</strong></span> <span class='ocrx_word' id='word_1_7' title='bbox 2592 416 2635 472; x_wconf 91' lang='lat' dir='ltr'><strong>l.</strong></span> <span class='ocrx_word' id='word_1_8' title='bbox 2664 446 2739 459; x_wconf 91' lang='lat'><strong>—-</strong></span> <span class='ocrx_word' id='word_1_9' title='bbox 2773 412 3131 474; x_wconf 81' lang='lat' dir='ltr'><strong>COMMENT.</strong></span> <span class='ocrx_word' id='word_1_10' title='bbox 3171 415 3345 473; x_wconf 86' lang='lat' dir='ltr'><strong>BIBL.</strong></span> 
     </span>
    </p>
   </div>
   <div class='ocr_carea' id='block_1_3' title="bbox 613 529 3819 610">
    <p class='ocr_par' dir='ltr' id='par_1_3' title="bbox 613 529 3819 610">
     <span class='ocr_line' id='line_1_3' title="bbox 613 529 3819 610; baseline -0.003 -12"><span class='ocrx_word' id='word_1_11' title='bbox 613 541 903 599; x_wconf 76' lang='lat' dir='ltr'><strong>Intuemini</strong></span> <span class='ocrx_word' id='word_1_12' title='bbox 924 550 1096 595; x_wconf 81' lang='lat' dir='ltr'><strong>autem</strong></span> <span class='ocrx_word' id='word_1_13' title='bbox 1122 549 1349 610; x_wconf 86' lang='lat' dir='ltr'><strong>quantus</strong></span> <span class='ocrx_word' id='word_1_14' title='bbox 1375 538 1438 592; x_wconf 88' lang='lat' dir='ltr'><strong>sit</strong></span> <span class='ocrx_word' id='word_1_15' title='bbox 1461 538 1579 601; x_wconf 88' lang='lat' dir='ltr'><strong>hic,</strong></span> <span class='ocrx_word' id='word_1_16' title='bbox 1600 537 1686 590; x_wconf 83' lang='lat' dir='ltr'><strong>cui</strong></span> <span class='ocrx_word' id='word_1_17' title='bbox 1714 534 1943 589; x_wconf 75' lang='lat' dir='ltr'><strong>decimas</strong></span> <span class='ocrx_word' id='word_1_18' title='bbox 1979 531 2120 585; x_wconf 85' lang='lat' dir='ltr'><strong>dedit</strong></span> <span class='ocrx_word' id='word_1_19' title='bbox 2146 539 2197 597; x_wconf 73' lang='grc' dir='ltr'><strong>Α</strong></span> <span class='ocrx_word' id='word_1_20' title='bbox 2223 545 2386 600; x_wconf 84' lang='lat' dir='ltr'><strong>quam</strong></span> <span class='ocrx_word' id='word_1_21' title='bbox 2436 546 2466 585; x_wconf 90' lang='lat' dir='ltr'><strong>a</strong></span> <span class='ocrx_word' id='word_1_22' title='bbox 2512 529 2738 586; x_wconf 82' lang='lat' dir='ltr'><strong>meliore</strong></span> <span class='ocrx_word' id='word_1_23' title='bbox 2785 530 3217 599; x_wconf 75' lang='lat' dir='ltr'><strong>benedictionem</strong></span> <span class='ocrx_word' id='word_1_24' title='bbox 3261 531 3526 603; x_wconf 72' lang='lat' dir='ltr'><strong>percepit.</strong></span> <span class='ocrx_word' id='word_1_25' title='bbox 3568 530 3819 593; x_wconf 73' lang='lat' dir='ltr'><strong>Proinde</strong></span> 
     </span>
    </p>
   </div>
   <div class='ocr_carea' id='block_1_4' title="bbox 541 626 2119 709">
    <p class='ocr_par' dir='ltr' id='par_1_4' title="bbox 541 626 2119 709">
     <span class='ocr_line' id='line_1_4' title="bbox 541 626 2119 709; baseline -0.011 -14"><span class='ocrx_word' id='word_1_26' title='bbox 541 641 610 695; x_wconf 69' lang='lat' dir='ltr'><strong>de</strong></span> <span class='ocrx_word' id='word_1_27' title='bbox 636 636 911 709; x_wconf 70' lang='lat' dir='ltr'><strong>pra&#39;cipuis</strong></span> <span class='ocrx_word' id='word_1_28' title='bbox 947 633 1211 687; x_wconf 79' lang='lat' dir='ltr'><strong>Abraham</strong></span> <span class='ocrx_word' id='word_1_29' title='bbox 1235 630 1559 700; x_wconf 73' lang='lat' dir='ltr'><strong>patriarcha.</strong></span> <span class='ocrx_word' id='word_1_30' title='bbox 1588 626 1868 681; x_wconf 87' lang='lat' dir='ltr'><strong>Convertit</strong></span> <span class='ocrx_word' id='word_1_31' title='bbox 1910 639 2119 679; x_wconf 88' lang='lat' dir='ltr'><strong>sermo-</strong></span> 
     </span>
    </p>
   </div>
   <div class='ocr_carea' id='block_1_5' title="bbox 539 716 2122 792">
    <p class='ocr_par' dir='ltr' id='par_1_5' title="bbox 539 716 2122 792">
     <span class='ocr_line' id='line_1_5' title="bbox 539 716 2122 792; baseline -0.011 -7"><span class='ocrx_word' id='word_1_32' title='bbox 539 745 665 785; x_wconf 88' lang='lat' dir='ltr'><strong>nem</strong></span> <span class='ocrx_word' id='word_1_33' title='bbox 696 740 851 781; x_wconf 87' lang='lat' dir='ltr'><strong>suum</strong></span> <span class='ocrx_word' id='word_1_34' title='bbox 876 725 943 777; x_wconf 88' lang='lat' dir='ltr'><strong>ad</strong></span> <span class='ocrx_word' id='word_1_35' title='bbox 972 737 1066 776; x_wconf 89' lang='lat' dir='ltr'><strong>eos</strong></span> <span class='ocrx_word' id='word_1_36' title='bbox 1087 737 1179 791; x_wconf 87' lang='lat' dir='ltr'><strong>qut</strong></span> <span class='ocrx_word' id='word_1_37' title='bbox 1211 720 1580 792; x_wconf 87' lang='lat' dir='ltr'><strong>glorianturse</strong></span> <span class='ocrx_word' id='word_1_38' title='bbox 1598 719 1738 772; x_wconf 79' lang='lat' dir='ltr'><strong>filios</strong></span> <span class='ocrx_word' id='word_1_39' title='bbox 1754 731 1876 771; x_wconf 87' lang='lat' dir='ltr'><strong>esse</strong></span> <span class='ocrx_word' id='word_1_40' title='bbox 1893 716 2122 770; x_wconf 67' lang='lat' dir='ltr'><strong>Abrahre</strong></span> 
     </span>
    </p>
   </div>
   <div class='ocr_carea' id='block_1_6' title="bbox 536 808 2124 884">
    <p class='ocr_par' dir='ltr' id='par_1_6' title="bbox 536 808 2124 884">
     <span class='ocr_line' id='line_1_6' title="bbox 536 808 2124 884; baseline -0.009 -8"><span class='ocrx_word' id='word_1_41' title='bbox 536 832 591 877; x_wconf 88' lang='lat' dir='ltr'><strong>et</strong></span> <span class='ocrx_word' id='word_1_42' title='bbox 619 819 952 874; x_wconf 90' lang='lat' dir='ltr'><strong>nobilitatem</strong></span> <span class='ocrx_word' id='word_1_43' title='bbox 976 814 1191 884; x_wconf 79' lang='lat' dir='ltr'><strong>generis</strong></span> <span class='ocrx_word' id='word_1_44' title='bbox 1212 814 1279 867; x_wconf 87' lang='lat' dir='ltr'><strong>ab</strong></span> <span class='ocrx_word' id='word_1_45' title='bbox 1304 812 1395 868; x_wconf 89' lang='lat' dir='ltr'><strong>illo</strong></span> <span class='ocrx_word' id='word_1_46' title='bbox 1417 813 1615 866; x_wconf 83' lang='lat' dir='ltr'><strong>ducere</strong></span> <span class='ocrx_word' id='word_1_47' title='bbox 1635 827 1694 865; x_wconf 90' lang='lat' dir='ltr'><strong>se</strong></span> <span class='ocrx_word' id='word_1_48' title='bbox 1716 808 1941 879; x_wconf 83' lang='lat' dir='ltr'><strong>iactant.</strong></span> <span class='ocrx_word' id='word_1_49' title='bbox 1968 808 2124 878; x_wconf 79' lang='lat' dir='ltr'><strong>Unde</strong></span> 
     </span>
    </p>
   </div>
   <div class='ocr_carea' id='block_1_7' title="bbox 539 901 2121 978">
    <p class='ocr_par' dir='ltr' id='par_1_7' title="bbox 539 901 2121 978">
     <span class='ocr_line' id='line_1_7' title="bbox 539 901 2121 978; baseline -0.007 -14"><span class='ocrx_word' id='word_1_50' title='bbox 539 911 592 964; x_wconf 90' lang='lat' dir='ltr'><strong>in</strong></span> <span class='ocrx_word' id='word_1_51' title='bbox 624 908 917 978; x_wconf 81' lang='lat' dir='ltr'><strong>Evangelio</strong></span> <span class='ocrx_word' id='word_1_52' title='bbox 949 907 1177 959; x_wconf 91' lang='lat' dir='ltr'><strong>Domino</strong></span> <span class='ocrx_word' id='word_1_53' title='bbox 1230 920 1354 958; x_wconf 91' lang='lat' dir='ltr'><strong>eum</strong></span> <span class='ocrx_word' id='word_1_54' title='bbox 1406 918 1723 973; x_wconf 70' lang='lat' dir='ltr'><strong>prmponere</strong></span> <span class='ocrx_word' id='word_1_55' title='bbox 1764 901 2121 965; x_wconf 74' lang='lat' dir='ltr'><strong>conabantur,</strong></span> 
     </span>
    </p>
   </div>
   <div class='ocr_carea' id='block_1_8' title="bbox 537 992 2121 1068">
    <p class='ocr_par' dir='ltr' id='par_1_8' title="bbox 537 992 2121 1068">
     <span class='ocr_line' id='line_1_8' title="bbox 537 992 2121 1068; baseline -0.007 -12"><span class='ocrx_word' id='word_1_56' title='bbox 537 1019 658 1056; x_wconf 83' lang='lat' dir='ltr'><strong>cum</strong></span> <span class='ocrx_word' id='word_1_57' title='bbox 701 1002 984 1056; x_wconf 86' lang='lat' dir='ltr'><strong>dicerent:</strong></span> <span class='ocrx_word' id='word_1_58' title='bbox 1023 996 1279 1068; x_wconf 80' lang='lat' dir='ltr'><strong>Nunquid</strong></span> <span class='ocrx_word' id='word_1_59' title='bbox 1309 1007 1365 1050; x_wconf 90' lang='lat' dir='ltr'><strong>tu</strong></span> <span class='ocrx_word' id='word_1_60' title='bbox 1414 997 1589 1065; x_wconf 84' lang='lat' dir='ltr'><strong>major</strong></span> <span class='ocrx_word' id='word_1_61' title='bbox 1629 1012 1684 1049; x_wconf 88' lang='lat' dir='ltr'><strong>es</strong></span> <span class='ocrx_word' id='word_1_62' title='bbox 1742 992 1903 1047; x_wconf 90' lang='lat' dir='ltr'><strong>Patre</strong></span> <span class='ocrx_word' id='word_1_63' title='bbox 1942 1002 2121 1046; x_wconf 85' lang='lat' dir='ltr'><strong>nostro</strong></span> 
     </span>
    </p>
   </div>
   <div class='ocr_carea' id='block_1_9' title="bbox 534 1084 2125 1160">
    <p class='ocr_par' dir='ltr' id='par_1_9' title="bbox 534 1084 2125 1160">
     <span class='ocr_line' id='line_1_9' title="bbox 534 1084 2125 1160; baseline -0.005 -15"><span class='ocrx_word' id='word_1_64' title='bbox 534 1093 844 1147; x_wconf 84' lang='lat' dir='ltr'><strong>Abraham?</strong></span> <span class='ocrx_word' id='word_1_65' title='bbox 880 1090 1061 1160; x_wconf 80' lang='lat' dir='ltr'><strong>(Joan.</strong></span> <span class='ocrx_word' id='word_1_66' title='bbox 1093 1089 1193 1159; x_wconf 82' lang='lat' dir='ltr'><strong>tv.)</strong></span> <span class='ocrx_word' id='word_1_67' title='bbox 1236 1087 1306 1143; x_wconf 90' lang='lat' dir='ltr'><strong>Ut</strong></span> <span class='ocrx_word' id='word_1_68' title='bbox 1356 1103 1486 1157; x_wconf 86' lang='lat' dir='ltr'><strong>ergo</strong></span> <span class='ocrx_word' id='word_1_69' title='bbox 1525 1086 1738 1140; x_wconf 91' lang='lat' dir='ltr'><strong>illorum</strong></span> <span class='ocrx_word' id='word_1_70' title='bbox 1769 1084 2125 1140; x_wconf 77' lang='lat' dir='ltr'><strong>confunderet</strong></span> 
     </span>
    </p>
   </div>
   <div class='ocr_carea' id='block_1_10' title="bbox 535 1178 2123 1255">
    <p class='ocr_par' dir='ltr' id='par_1_10' title="bbox 535 1178 2123 1255">
     <span class='ocr_line' id='line_1_10' title="bbox 535 1178 2123 1255; baseline -0.007 -14"><span class='ocrx_word' id='word_1_71' title='bbox 535 1186 870 1255; x_wconf 84' lang='lat' dir='ltr'><strong>superbiam,</strong></span> <span class='ocrx_word' id='word_1_72' title='bbox 898 1183 1189 1253; x_wconf 83' lang='lat' dir='ltr'><strong>Apostolus</strong></span> <span class='ocrx_word' id='word_1_73' title='bbox 1225 1181 1361 1235; x_wconf 79' lang='lat' dir='ltr'><strong>dixit</strong></span> <span class='ocrx_word' id='word_1_74' title='bbox 1389 1195 1404 1233; x_wconf 88' lang='lat'><strong>:</strong></span> <span class='ocrx_word' id='word_1_75' title='bbox 1438 1180 1720 1234; x_wconf 86' lang='lat' dir='ltr'><strong>Intuemini</strong></span> <span class='ocrx_word' id='word_1_76' title='bbox 1766 1188 1821 1234; x_wconf 90' lang='lat' dir='ltr'><strong>et</strong></span> <span class='ocrx_word' id='word_1_77' title='bbox 1862 1178 2123 1232; x_wconf 82' lang='lat' dir='ltr'><strong>attendite</strong></span> 
     </span>
    </p>
   </div>
   <div class='ocr_carea' id='block_1_11' title="bbox 535 1271 2120 1348">
    <p class='ocr_par' dir='ltr' id='par_1_11' title="bbox 535 1271 2120 1348">
     <span class='ocr_line' id='line_1_11' title="bbox 535 1271 2120 1348; baseline -0.006 -14"><span class='ocrx_word' id='word_1_78' title='bbox 535 1279 823 1348; x_wconf 78' lang='lat' dir='ltr'><strong>diligenter</strong></span> <span class='ocrx_word' id='word_1_79' title='bbox 853 1287 1091 1347; x_wconf 83' lang='lat' dir='ltr'><strong>quantus</strong></span> <span class='ocrx_word' id='word_1_80' title='bbox 1120 1274 1283 1329; x_wconf 90' lang='lat' dir='ltr'><strong>fuerit</strong></span> <span class='ocrx_word' id='word_1_81' title='bbox 1323 1274 1413 1328; x_wconf 90' lang='lat' dir='ltr'><strong>hic</strong></span> <span class='ocrx_word' id='word_1_82' title='bbox 1442 1272 1837 1329; x_wconf 84' lang='lat' dir='ltr'><strong>Melchisedech</strong></span> <span class='ocrx_word' id='word_1_83' title='bbox 1869 1271 2120 1326; x_wconf 79' lang='lat' dir='ltr'><strong>sacerdos</strong></span> 
     </span>
    </p>
   </div>
   <div class='ocr_carea' id='block_1_12' title="bbox 535 1364 2118 1434">
    <p class='ocr_par' dir='ltr' id='par_1_12' title="bbox 535 1364 2118 1434">
     <span class='ocr_line' id='line_1_12' title="bbox 535 1364 2118 1434; baseline -0.004 -11"><span class='ocrx_word' id='word_1_84' title='bbox 535 1368 631 1423; x_wconf 88' lang='lat' dir='ltr'><strong>Dei</strong></span> <span class='ocrx_word' id='word_1_85' title='bbox 664 1368 881 1432; x_wconf 80' lang='lat' dir='ltr'><strong>sunimi,</strong></span> <span class='ocrx_word' id='word_1_86' title='bbox 913 1367 999 1421; x_wconf 90' lang='lat' dir='ltr'><strong>cui</strong></span> <span class='ocrx_word' id='word_1_87' title='bbox 1030 1366 1269 1419; x_wconf 87' lang='lat' dir='ltr'><strong>decimas</strong></span> <span class='ocrx_word' id='word_1_88' title='bbox 1293 1365 1438 1420; x_wconf 84' lang='lat' dir='ltr'><strong>dedit</strong></span> <span class='ocrx_word' id='word_1_89' title='bbox 1484 1364 1756 1418; x_wconf 79' lang='lat' dir='ltr'><strong>Abraham</strong></span> <span class='ocrx_word' id='word_1_90' title='bbox 1806 1364 2118 1434; x_wconf 79' lang='lat' dir='ltr'><strong>patriarcha</strong></span> 
     </span>
    </p>
   </div>
   <div class='ocr_carea' id='block_1_13' title="bbox 535 1454 2118 1530">
    <p class='ocr_par' dir='ltr' id='par_1_13' title="bbox 535 1454 2118 1530">
     <span class='ocr_line' id='line_1_13' title="bbox 535 1454 2118 1530; baseline -0.003 -15"><span class='ocrx_word' id='word_1_91' title='bbox 535 1461 603 1516; x_wconf 89' lang='lat' dir='ltr'><strong>de</strong></span> <span class='ocrx_word' id='word_1_92' title='bbox 633 1460 941 1530; x_wconf 67' lang='lat' dir='ltr'><strong>praecipuis,</strong></span> <span class='ocrx_word' id='word_1_93' title='bbox 968 1459 1019 1513; x_wconf 92' lang='lat' dir='ltr'><strong>id</strong></span> <span class='ocrx_word' id='word_1_94' title='bbox 1049 1466 1133 1513; x_wconf 84' lang='lat' dir='ltr'><strong>est</strong></span> <span class='ocrx_word' id='word_1_95' title='bbox 1168 1458 1235 1512; x_wconf 90' lang='lat' dir='ltr'><strong>de</strong></span> <span class='ocrx_word' id='word_1_96' title='bbox 1289 1456 1602 1511; x_wconf 82' lang='lat' dir='ltr'><strong>melioribus</strong></span> <span class='ocrx_word' id='word_1_97' title='bbox 1653 1455 1860 1526; x_wconf 86' lang='lat' dir='ltr'><strong>spoliis.</strong></span> <span class='ocrx_word' id='word_1_98' title='bbox 1912 1454 2118 1521; x_wconf 83' lang='lat' dir='ltr'><strong>Quibus</strong></span> 
     </span>
    </p>
   </div>
   <div class='ocr_carea' id='block_1_14' title="bbox 534 1546 2118 1619">
    <p class='ocr_par' dir='ltr' id='par_1_14' title="bbox 534 1546 2118 1619">
     <span class='ocr_line' id='line_1_14' title="bbox 534 1546 2118 1619; baseline -0.001 -15"><span class='ocrx_word' id='word_1_99' title='bbox 534 1551 717 1605; x_wconf 79' lang='lat' dir='ltr'><strong>verbis</strong></span> <span class='ocrx_word' id='word_1_100' title='bbox 754 1550 868 1604; x_wconf 90' lang='lat' dir='ltr'><strong>vult</strong></span> <span class='ocrx_word' id='word_1_101' title='bbox 894 1550 1212 1612; x_wconf 85' lang='lat' dir='ltr'><strong>ostendere,</strong></span> <span class='ocrx_word' id='word_1_102' title='bbox 1240 1546 1463 1616; x_wconf 84' lang='lat' dir='ltr'><strong>majoris</strong></span> <span class='ocrx_word' id='word_1_103' title='bbox 1491 1548 1773 1619; x_wconf 84' lang='lat' dir='ltr'><strong>dignitatis</strong></span> <span class='ocrx_word' id='word_1_104' title='bbox 1803 1557 1857 1603; x_wconf 92' lang='lat' dir='ltr'><strong>et</strong></span> <span class='ocrx_word' id='word_1_105' title='bbox 1894 1549 2118 1603; x_wconf 84' lang='lat' dir='ltr'><strong>honoris</strong></span> 
     </span>
    </p>
   </div>
   <div class='ocr_carea' id='block_1_15' title="bbox 534 1640 2118 1710">
    <p class='ocr_par' dir='ltr' id='par_1_15' title="bbox 534 1640 2118 1710">
     <span class='ocr_line' id='line_1_15' title="bbox 534 1640 2118 1710; baseline -0.003 -13"><span class='ocrx_word' id='word_1_106' title='bbox 534 1644 705 1699; x_wconf 88' lang='lat' dir='ltr'><strong>fuisse</strong></span> <span class='ocrx_word' id='word_1_107' title='bbox 726 1642 1117 1698; x_wconf 82' lang='lat' dir='ltr'><strong>Melchisedech</strong></span> <span class='ocrx_word' id='word_1_108' title='bbox 1142 1655 1303 1710; x_wconf 88' lang='lat' dir='ltr'><strong>quam</strong></span> <span class='ocrx_word' id='word_1_109' title='bbox 1332 1640 1629 1705; x_wconf 81' lang='lat' dir='ltr'><strong>Abraham,</strong></span> <span class='ocrx_word' id='word_1_110' title='bbox 1657 1657 1721 1694; x_wconf 82' lang='lat' dir='ltr'><strong>ac</strong></span> <span class='ocrx_word' id='word_1_111' title='bbox 1752 1655 1851 1709; x_wconf 88' lang='lat' dir='ltr'><strong>per</strong></span> <span class='ocrx_word' id='word_1_112' title='bbox 1879 1642 1980 1695; x_wconf 89' lang='lat' dir='ltr'><strong>hoc</strong></span> <span class='ocrx_word' id='word_1_113' title='bbox 2002 1656 2118 1694; x_wconf 87' lang='lat' dir='ltr'><strong>ma-</strong></span> 
     </span>
    </p>
   </div>
   <div class='ocr_carea' id='block_1_16' title="bbox 528 1731 2118 1807">
    <p class='ocr_par' dir='ltr' id='par_1_16' title="bbox 528 1731 2118 1807">
     <span class='ocr_line' id='line_1_16' title="bbox 528 1731 2118 1807; baseline -0.001 -19"><span class='ocrx_word' id='word_1_114' title='bbox 528 1735 622 1807; x_wconf 89' lang='lat' dir='ltr'><strong>jus</strong></span> <span class='ocrx_word' id='word_1_115' title='bbox 645 1744 699 1788; x_wconf 90' lang='lat' dir='ltr'><strong>et</strong></span> <span class='ocrx_word' id='word_1_116' title='bbox 722 1734 963 1789; x_wconf 82' lang='lat' dir='ltr'><strong>sanctius</strong></span> <span class='ocrx_word' id='word_1_117' title='bbox 992 1732 1109 1787; x_wconf 85' lang='lat' dir='ltr'><strong>fore</strong></span> <span class='ocrx_word' id='word_1_118' title='bbox 1132 1732 1494 1789; x_wconf 82' lang='lat' dir='ltr'><strong>sacerdotium</strong></span> <span class='ocrx_word' id='word_1_119' title='bbox 1510 1731 1710 1787; x_wconf 87' lang='lat' dir='ltr'><strong>Christi</strong></span> <span class='ocrx_word' id='word_1_120' title='bbox 1733 1731 2118 1800; x_wconf 69' lang='lat' dir='ltr'><strong>quamJudzeo-</strong></span> 
     </span>
    </p>
   </div>
   <div class='ocr_carea' id='block_1_17' title="bbox 536 1823 2102 1897">
    <p class='ocr_par' dir='ltr' id='par_1_17' title="bbox 536 1823 2102 1897">
     <span class='ocr_line' id='line_1_17' title="bbox 536 1823 2102 1897; baseline -0.003 -16"><span class='ocrx_word' id='word_1_121' title='bbox 536 1840 675 1891; x_wconf 83' lang='lat' dir='ltr'><strong>rum,</strong></span> <span class='ocrx_word' id='word_1_122' title='bbox 700 1827 853 1897; x_wconf 88' lang='lat' dir='ltr'><strong>quasi</strong></span> <span class='ocrx_word' id='word_1_123' title='bbox 892 1826 1141 1880; x_wconf 86' lang='lat' dir='ltr'><strong>diceret:</strong></span> <span class='ocrx_word' id='word_1_124' title='bbox 1174 1823 1346 1890; x_wconf 84' lang='lat' dir='ltr'><strong>Quem</strong></span> <span class='ocrx_word' id='word_1_125' title='bbox 1373 1839 1469 1878; x_wconf 88' lang='lat' dir='ltr'><strong>vos</strong></span> <span class='ocrx_word' id='word_1_126' title='bbox 1506 1823 1949 1879; x_wconf 80' lang='lat' dir='ltr'><strong>etcellentiorem</strong></span> <span class='ocrx_word' id='word_1_127' title='bbox 1994 1839 2102 1878; x_wconf 79' lang='lat' dir='ltr'><strong>om-</strong></span> 
     </span>
    </p>
   </div>
   <div class='ocr_carea' id='block_1_18' title="bbox 2224 622 3819 703">
    <p class='ocr_par' dir='ltr' id='par_1_18' title="bbox 2224 622 3819 703">
     <span class='ocr_line' id='line_1_18' title="bbox 2224 622 3819 703; baseline 0.004 -25"><span class='ocrx_word' id='word_1_128' title='bbox 2224 622 2399 690; x_wconf 82' lang='lat' dir='ltr'><strong>niajor</strong></span> <span class='ocrx_word' id='word_1_129' title='bbox 2448 639 2512 679; x_wconf 88' lang='lat' dir='ltr'><strong>ac</strong></span> <span class='ocrx_word' id='word_1_130' title='bbox 2543 624 2732 678; x_wconf 90' lang='lat' dir='ltr'><strong>melior</strong></span> <span class='ocrx_word' id='word_1_131' title='bbox 2764 632 2849 679; x_wconf 86' lang='lat' dir='ltr'><strong>est</strong></span> <span class='ocrx_word' id='word_1_132' title='bbox 2895 632 3057 695; x_wconf 84' lang='lat' dir='ltr'><strong>typus</strong></span> <span class='ocrx_word' id='word_1_133' title='bbox 3092 624 3318 692; x_wconf 83' lang='lat' dir='ltr'><strong>Christi,</strong></span> <span class='ocrx_word' id='word_1_134' title='bbox 3345 642 3509 698; x_wconf 78' lang='lat' dir='ltr'><strong>quam</strong></span> <span class='ocrx_word' id='word_1_135' title='bbox 3543 628 3703 685; x_wconf 86' lang='lat' dir='ltr'><strong>illius</strong></span> <span class='ocrx_word' id='word_1_136' title='bbox 3725 630 3819 703; x_wconf 82' lang='lat' dir='ltr'><strong>qui</strong></span> 
     </span>
    </p>
   </div>
   <div class='ocr_carea' id='block_1_19' title="bbox 2224 719 3250 790">
    <p class='ocr_par' dir='ltr' id='par_1_19' title="bbox 2224 719 3250 790">
     <span class='ocr_line' id='line_1_19' title="bbox 2224 719 3250 790; baseline 0.001 -17"><span class='ocrx_word' id='word_1_137' title='bbox 2224 719 2614 790; x_wconf 88' lang='lat' dir='ltr'><strong>promissiones</strong></span> <span class='ocrx_word' id='word_1_138' title='bbox 2646 720 2713 774; x_wconf 90' lang='lat' dir='ltr'><strong>de</strong></span> <span class='ocrx_word' id='word_1_139' title='bbox 2751 719 2968 775; x_wconf 87' lang='lat' dir='ltr'><strong>Christo</strong></span> <span class='ocrx_word' id='word_1_140' title='bbox 2998 719 3250 777; x_wconf 87' lang='lat' dir='ltr'><strong>habebat.</strong></span> 
     </span>
    </p>
   </div>
   <div class='ocr_carea' id='block_1_20' title="bbox 2296 813 3819 886">
    <p class='ocr_par' dir='ltr' id='par_1_20' title="bbox 2296 813 3819 886">
     <span class='ocr_line' id='line_1_20' title="bbox 2296 813 3819 886; baseline 0.003 -19"><span class='ocrx_word' id='word_1_141' title='bbox 2296 813 2365 867; x_wconf 88' lang='lat' dir='ltr'><strong>Et</strong></span> <span class='ocrx_word' id='word_1_142' title='bbox 2416 814 2500 868; x_wconf 92' lang='lat' dir='ltr'><strong>hic</strong></span> <span class='ocrx_word' id='word_1_143' title='bbox 2552 813 2760 886; x_wconf 78' lang='lat' dir='ltr'><strong>quidem</strong></span> <span class='ocrx_word' id='word_1_144' title='bbox 2800 814 3080 867; x_wconf 88' lang='lat' dir='ltr'><strong>morientes</strong></span> <span class='ocrx_word' id='word_1_145' title='bbox 3118 814 3354 869; x_wconf 76' lang='lat' dir='ltr'><strong>homines</strong></span> <span class='ocrx_word' id='word_1_146' title='bbox 3388 814 3629 870; x_wconf 82' lang='lat' dir='ltr'><strong>decimas</strong></span> <span class='ocrx_word' id='word_1_147' title='bbox 3684 818 3819 872; x_wconf 70' lang='lat' dir='ltr'><strong>acd-</strong></span> 
     </span>
    </p>
   </div>
   <div class='ocr_carea' id='block_1_21' title="bbox 2220 906 3815 980">
    <p class='ocr_par' dir='ltr' id='par_1_21' title="bbox 2220 906 3815 980">
     <span class='ocr_line' id='line_1_21' title="bbox 2220 906 3815 980; baseline 0.003 -21"><span class='ocrx_word' id='word_1_148' title='bbox 2220 906 2392 977; x_wconf 82' lang='lat' dir='ltr'><strong>piunt,</strong></span> <span class='ocrx_word' id='word_1_149' title='bbox 2424 907 2496 962; x_wconf 91' lang='lat' dir='ltr'><strong>ibi</strong></span> <span class='ocrx_word' id='word_1_150' title='bbox 2538 916 2711 961; x_wconf 83' lang='lat' dir='ltr'><strong>autem</strong></span> <span class='ocrx_word' id='word_1_151' title='bbox 2756 915 3098 972; x_wconf 75' lang='lat' dir='ltr'><strong>contestatur,</strong></span> <span class='ocrx_word' id='word_1_152' title='bbox 3124 908 3249 977; x_wconf 89' lang='lat' dir='ltr'><strong>quia</strong></span> <span class='ocrx_word' id='word_1_153' title='bbox 3284 908 3424 961; x_wconf 76' lang='lat' dir='ltr'><strong>vivit.</strong></span> <span class='ocrx_word' id='word_1_154' title='bbox 3456 906 3583 974; x_wconf 82' lang='lat' dir='ltr'><strong>Hic,</strong></span> <span class='ocrx_word' id='word_1_155' title='bbox 3620 909 3815 980; x_wconf 81' lang='lat' dir='ltr'><strong>inquit,</strong></span> 
     </span>
    </p>
   </div>
   <div class='ocr_carea' id='block_1_22' title="bbox 2223 996 3820 1069">
    <p class='ocr_par' dir='ltr' id='par_1_22' title="bbox 2223 996 3820 1069">
     <span class='ocr_line' id='line_1_22' title="bbox 2223 996 3820 1069; baseline 0.004 -17"><span class='ocrx_word' id='word_1_156' title='bbox 2223 996 2328 1052; x_wconf 88' lang='lat' dir='ltr'><strong>hoc</strong></span> <span class='ocrx_word' id='word_1_157' title='bbox 2356 1004 2440 1052; x_wconf 90' lang='lat' dir='ltr'><strong>est</strong></span> <span class='ocrx_word' id='word_1_158' title='bbox 2464 997 2516 1052; x_wconf 90' lang='lat' dir='ltr'><strong>in</strong></span> <span class='ocrx_word' id='word_1_159' title='bbox 2546 998 2798 1067; x_wconf 68' lang='lat' dir='ltr'><strong>praesenti</strong></span> <span class='ocrx_word' id='word_1_160' title='bbox 2828 997 3026 1052; x_wconf 69' lang='lat' dir='ltr'><strong>mulo</strong></span> <span class='ocrx_word' id='word_1_161' title='bbox 3048 996 3132 1053; x_wconf 91' lang='lat' dir='ltr'><strong>vel</strong></span> <span class='ocrx_word' id='word_1_162' title='bbox 3160 998 3212 1052; x_wconf 91' lang='lat' dir='ltr'><strong>in</strong></span> <span class='ocrx_word' id='word_1_163' title='bbox 3243 998 3443 1067; x_wconf 91' lang='lat' dir='ltr'><strong>templo</strong></span> <span class='ocrx_word' id='word_1_164' title='bbox 3469 1001 3624 1069; x_wconf 88' lang='lat' dir='ltr'><strong>quod</strong></span> <span class='ocrx_word' id='word_1_165' title='bbox 3646 1002 3820 1059; x_wconf 81' lang='lat' dir='ltr'><strong>adhuc</strong></span> 
     </span>
    </p>
   </div>
   <div class='ocr_carea' id='block_1_23' title="bbox 2224 1090 3819 1164">
    <p class='ocr_par' dir='ltr' id='par_1_23' title="bbox 2224 1090 3819 1164">
     <span class='ocr_line' id='line_1_23' title="bbox 2224 1090 3819 1164; baseline 0.001 -17"><span class='ocrx_word' id='word_1_166' title='bbox 2224 1093 2423 1155; x_wconf 85' lang='lat' dir='ltr'><strong>stabat,</strong></span> <span class='ocrx_word' id='word_1_167' title='bbox 2465 1091 2760 1146; x_wconf 89' lang='lat' dir='ltr'><strong>morientes</strong></span> <span class='ocrx_word' id='word_1_168' title='bbox 2795 1090 3066 1154; x_wconf 88' lang='lat' dir='ltr'><strong>homines,</strong></span> <span class='ocrx_word' id='word_1_169' title='bbox 3105 1090 3201 1145; x_wconf 89' lang='lat' dir='ltr'><strong>ﬁlii</strong></span> <span class='ocrx_word' id='word_1_170' title='bbox 3240 1091 3497 1148; x_wconf 82' lang='lat' dir='ltr'><strong>videlicet</strong></span> <span class='ocrx_word' id='word_1_171' title='bbox 3535 1092 3700 1159; x_wconf 65' lang='lat' dir='ltr'><strong>Lari,</strong></span> <span class='ocrx_word' id='word_1_172' title='bbox 3732 1095 3819 1164; x_wconf 96' lang='lat' dir='ltr'><strong>qui</strong></span> 
     </span>
    </p>
   </div>
   <div class='ocr_carea' id='block_1_24' title="bbox 2222 1183 3815 1255">
    <p class='ocr_par' dir='ltr' id='par_1_24' title="bbox 2222 1183 3815 1255">
     <span class='ocr_line' id='line_1_24' title="bbox 2222 1183 3815 1255; baseline 0.001 -14"><span class='ocrx_word' id='word_1_173' title='bbox 2222 1185 2479 1241; x_wconf 86' lang='lat' dir='ltr'><strong>mortales</strong></span> <span class='ocrx_word' id='word_1_174' title='bbox 2509 1200 2576 1241; x_wconf 85' lang='lat' dir='ltr'><strong>ac</strong></span> <span class='ocrx_word' id='word_1_175' title='bbox 2605 1183 2913 1241; x_wconf 84' lang='lat' dir='ltr'><strong>moribundi</strong></span> <span class='ocrx_word' id='word_1_176' title='bbox 2952 1191 3098 1249; x_wconf 88' lang='lat' dir='ltr'><strong>sunt,</strong></span> <span class='ocrx_word' id='word_1_177' title='bbox 3142 1183 3383 1239; x_wconf 88' lang='lat' dir='ltr'><strong>decimas</strong></span> <span class='ocrx_word' id='word_1_178' title='bbox 3409 1186 3725 1255; x_wconf 87' lang='lat' dir='ltr'><strong>accipiunt,</strong></span> <span class='ocrx_word' id='word_1_179' title='bbox 3750 1187 3815 1242; x_wconf 85' lang='lat' dir='ltr'><strong>ibi</strong></span> 
     </span>
    </p>
   </div>
   <div class='ocr_carea' id='block_1_25' title="bbox 2222 1273 3817 1341">
    <p class='ocr_par' dir='ltr' id='par_1_25' title="bbox 2222 1273 3817 1341">
     <span class='ocr_line' id='line_1_25' title="bbox 2222 1273 3817 1341; baseline 0.001 -9"><span class='ocrx_word' id='word_1_180' title='bbox 2222 1285 2421 1339; x_wconf 86' lang='lat' dir='ltr'><strong>autem,</strong></span> <span class='ocrx_word' id='word_1_181' title='bbox 2478 1277 2529 1331; x_wconf 87' lang='lat' dir='ltr'><strong>id</strong></span> <span class='ocrx_word' id='word_1_182' title='bbox 2573 1282 2657 1330; x_wconf 88' lang='lat' dir='ltr'><strong>est</strong></span> <span class='ocrx_word' id='word_1_183' title='bbox 2698 1276 2753 1330; x_wconf 90' lang='lat' dir='ltr'><strong>in</strong></span> <span class='ocrx_word' id='word_1_184' title='bbox 2794 1273 2901 1329; x_wconf 84' lang='lat' dir='ltr'><strong>alia</strong></span> <span class='ocrx_word' id='word_1_185' title='bbox 2938 1274 3070 1341; x_wconf 88' lang='lat' dir='ltr'><strong>vita,</strong></span> <span class='ocrx_word' id='word_1_186' title='bbox 3100 1274 3190 1329; x_wconf 93' lang='lat' dir='ltr'><strong>vel</strong></span> <span class='ocrx_word' id='word_1_187' title='bbox 3225 1274 3345 1331; x_wconf 87' lang='lat' dir='ltr'><strong>loco</strong></span> <span class='ocrx_word' id='word_1_188' title='bbox 3380 1275 3475 1331; x_wconf 89' lang='lat' dir='ltr'><strong>ubi</strong></span> <span class='ocrx_word' id='word_1_189' title='bbox 3516 1276 3731 1331; x_wconf 86' lang='lat' dir='ltr'><strong>dicitur</strong></span> <span class='ocrx_word' id='word_1_190' title='bbox 3756 1277 3817 1333; x_wconf 85' lang='lat' dir='ltr'><strong>de</strong></span> 
     </span>
    </p>
   </div>
   <div class='ocr_carea' id='block_1_26' title="bbox 2222 1364 3815 1431">
    <p class='ocr_par' dir='ltr' id='par_1_26' title="bbox 2222 1364 3815 1431">
     <span class='ocr_line' id='line_1_26' title="bbox 2222 1364 3815 1431; baseline 0.001 -11"><span class='ocrx_word' id='word_1_191' title='bbox 2222 1365 2439 1421; x_wconf 86' lang='lat' dir='ltr'><strong>Christo</strong></span> <span class='ocrx_word' id='word_1_192' title='bbox 2490 1383 2502 1419; x_wconf 89' lang='lat'><strong>:</strong></span> <span class='ocrx_word' id='word_1_193' title='bbox 2548 1364 2625 1418; x_wconf 87' lang='lat' dir='ltr'><strong>Tu</strong></span> <span class='ocrx_word' id='word_1_194' title='bbox 2668 1381 2721 1418; x_wconf 83' lang='lat' dir='ltr'><strong>es</strong></span> <span class='ocrx_word' id='word_1_195' title='bbox 2760 1364 3005 1419; x_wconf 75' lang='lat' dir='ltr'><strong>sacerdos</strong></span> <span class='ocrx_word' id='word_1_196' title='bbox 3051 1365 3108 1419; x_wconf 86' lang='lat' dir='ltr'><strong>in</strong></span> <span class='ocrx_word' id='word_1_197' title='bbox 3153 1376 3430 1431; x_wconf 75' lang='lat' dir='ltr'><strong>wternum,</strong></span> <span class='ocrx_word' id='word_1_198' title='bbox 3473 1376 3815 1422; x_wconf 76' lang='lat' dir='ltr'><strong>contestatur</strong></span> 
     </span>
    </p>
   </div>
   <div class='ocr_carea' id='block_1_27' title="bbox 2220 1459 3808 1529">
    <p class='ocr_par' dir='ltr' id='par_1_27' title="bbox 2220 1459 3808 1529">
     <span class='ocr_line' id='line_1_27' title="bbox 2220 1459 3808 1529; baseline 0.001 -14"><span class='ocrx_word' id='word_1_199' title='bbox 2220 1460 2364 1515; x_wconf 90' lang='lat' dir='ltr'><strong>Deus</strong></span> <span class='ocrx_word' id='word_1_200' title='bbox 2412 1461 2573 1515; x_wconf 84' lang='lat' dir='ltr'><strong>Pater</strong></span> <span class='ocrx_word' id='word_1_201' title='bbox 2623 1474 2745 1513; x_wconf 91' lang='lat' dir='ltr'><strong>cum</strong></span> <span class='ocrx_word' id='word_1_202' title='bbox 2790 1459 3118 1529; x_wconf 73' lang='lat' dir='ltr'><strong>iuramento,</strong></span> <span class='ocrx_word' id='word_1_203' title='bbox 3175 1460 3303 1529; x_wconf 84' lang='lat' dir='ltr'><strong>quia</strong></span> <span class='ocrx_word' id='word_1_204' title='bbox 3350 1460 3491 1514; x_wconf 88' lang='lat' dir='ltr'><strong>vivit</strong></span> <span class='ocrx_word' id='word_1_205' title='bbox 3540 1460 3808 1517; x_wconf 78' lang='lat' dir='ltr'><strong>Christus.</strong></span> 
     </span>
    </p>
   </div>
   <div class='ocr_carea' id='block_1_28' title="bbox 2222 1550 3812 1623">
    <p class='ocr_par' dir='ltr' id='par_1_28' title="bbox 2222 1550 3812 1623">
     <span class='ocr_line' id='line_1_28' title="bbox 2222 1550 3812 1623; baseline 0.001 -16"><span class='ocrx_word' id='word_1_206' title='bbox 2222 1552 2373 1608; x_wconf 86' lang='lat' dir='ltr'><strong>Unde</strong></span> <span class='ocrx_word' id='word_1_207' title='bbox 2407 1553 2536 1606; x_wconf 88' lang='lat' dir='ltr'><strong>dicit</strong></span> <span class='ocrx_word' id='word_1_208' title='bbox 2574 1550 2860 1606; x_wconf 88' lang='lat' dir='ltr'><strong>Psalmista</strong></span> <span class='ocrx_word' id='word_1_209' title='bbox 2890 1569 2902 1605; x_wconf 90' lang='lat'><strong>:</strong></span> <span class='ocrx_word' id='word_1_210' title='bbox 2941 1551 3153 1606; x_wconf 73' lang='lat' dir='ltr'><strong>Iuravit</strong></span> <span class='ocrx_word' id='word_1_211' title='bbox 3181 1551 3441 1606; x_wconf 76' lang='lat' dir='ltr'><strong>Dominus</strong></span> <span class='ocrx_word' id='word_1_212' title='bbox 3487 1563 3539 1607; x_wconf 86' lang='lat' dir='ltr'><strong>et</strong></span> <span class='ocrx_word' id='word_1_213' title='bbox 3580 1570 3690 1609; x_wconf 73' lang='lat' dir='ltr'><strong>non</strong></span> <span class='ocrx_word' id='word_1_214' title='bbox 3717 1572 3812 1623; x_wconf 75' lang='grc' dir='ltr'><strong>ρω-</strong></span> 
     </span>
    </p>
   </div>
   <div class='ocr_carea' id='block_1_29' title="bbox 2221 1647 3805 1711">
    <p class='ocr_par' dir='ltr' id='par_1_29' title="bbox 2221 1647 3805 1711">
     <span class='ocr_line' id='line_1_29' title="bbox 2221 1647 3805 1711; baseline 0.003 -10"><span class='ocrx_word' id='word_1_215' title='bbox 2221 1647 2399 1701; x_wconf 85' lang='lat' dir='ltr'><strong>nitebit</strong></span> <span class='ocrx_word' id='word_1_216' title='bbox 2444 1663 2588 1711; x_wconf 88' lang='lat' dir='ltr'><strong>eum,</strong></span> <span class='ocrx_word' id='word_1_217' title='bbox 2641 1656 2697 1701; x_wconf 88' lang='lat' dir='ltr'><strong>tu</strong></span> <span class='ocrx_word' id='word_1_218' title='bbox 2744 1663 2797 1700; x_wconf 90' lang='lat' dir='ltr'><strong>es</strong></span> <span class='ocrx_word' id='word_1_219' title='bbox 2842 1648 3174 1702; x_wconf 79' lang='lat' dir='ltr'><strong>sacerdosin</strong></span> <span class='ocrx_word' id='word_1_220' title='bbox 3216 1658 3478 1704; x_wconf 67' lang='lat' dir='ltr'><strong>(sternuas</strong></span> <span class='ocrx_word' id='word_1_221' title='bbox 3527 1653 3805 1706; x_wconf 62' lang='lat' dir='ltr'><strong>secundum</strong></span> 
     </span>
    </p>
   </div>
   <div class='ocr_carea' id='block_1_30' title="bbox 2218 1734 3239 1806">
    <p class='ocr_par' dir='ltr' id='par_1_30' title="bbox 2218 1734 3239 1806">
     <span class='ocr_line' id='line_1_30' title="bbox 2218 1734 3239 1806; baseline -0.001 -13"><span class='ocrx_word' id='word_1_222' title='bbox 2218 1737 2456 1794; x_wconf 76' lang='lat' dir='ltr'><strong>ordinem</strong></span> <span class='ocrx_word' id='word_1_223' title='bbox 2490 1736 2869 1791; x_wconf 80' lang='lat' dir='ltr'><strong>Melchisedech</strong></span> <span class='ocrx_word' id='word_1_224' title='bbox 2899 1734 3074 1806; x_wconf 84' lang='lat' dir='ltr'><strong>(Psal.</strong></span> <span class='ocrx_word' id='word_1_225' title='bbox 3107 1738 3239 1806; x_wconf 66' lang='lat' dir='ltr'><strong>cui.</strong></span> 
     </span>
    </p>
   </div>
   <div class='ocr_carea' id='block_1_31' title="bbox 2290 1827 3803 1903">
    <p class='ocr_par' dir='ltr' id='par_1_31' title="bbox 2290 1827 3803 1903">
     <span class='ocr_line' id='line_1_31' title="bbox 2290 1827 3803 1903; baseline 0.005 -21"><span class='ocrx_word' id='word_1_226' title='bbox 2290 1828 2358 1882; x_wconf 83' lang='lat' dir='ltr'><strong>Et</strong></span> <span class='ocrx_word' id='word_1_227' title='bbox 2389 1838 2445 1881; x_wconf 90' lang='lat' dir='ltr'><strong>ut</strong></span> <span class='ocrx_word' id='word_1_228' title='bbox 2472 1830 2546 1882; x_wconf 81' lang='lat' dir='ltr'><strong>ita</strong></span> <span class='ocrx_word' id='word_1_229' title='bbox 2574 1828 2775 1882; x_wconf 88' lang='lat' dir='ltr'><strong>dictum</strong></span> <span class='ocrx_word' id='word_1_230' title='bbox 2804 1829 2893 1893; x_wconf 87' lang='lat' dir='ltr'><strong>sit,</strong></span> <span class='ocrx_word' id='word_1_231' title='bbox 2924 1845 3016 1899; x_wconf 83' lang='lat' dir='ltr'><strong>per</strong></span> <span class='ocrx_word' id='word_1_232' title='bbox 3036 1827 3304 1885; x_wconf 82' lang='lat' dir='ltr'><strong>Abraham</strong></span> <span class='ocrx_word' id='word_1_233' title='bbox 3330 1840 3380 1886; x_wconf 85' lang='lat' dir='ltr'><strong>et</strong></span> <span class='ocrx_word' id='word_1_234' title='bbox 3408 1829 3542 1885; x_wconf 76' lang='lat' dir='ltr'><strong>Levi</strong></span> <span class='ocrx_word' id='word_1_235' title='bbox 3566 1834 3653 1903; x_wconf 70' lang='lat' dir='ltr'><strong>qui</strong></span> <span class='ocrx_word' id='word_1_236' title='bbox 3673 1833 3803 1889; x_wconf 65' lang='lat' dir='ltr'><strong>dai-</strong></span> 
     </span>
    </p>
   </div>
   <div class='ocr_carea' id='block_1_32' title="bbox 531 1902 3797 1991">
    <p class='ocr_par' dir='ltr' id='par_1_32' title="bbox 531 1902 3797 1991">
     <span class='ocr_line' id='line_1_32' title="bbox 531 1902 3797 1991; baseline 0.002 -19"><span class='ocrx_word' id='word_1_237' title='bbox 531 1918 692 1972; x_wconf 89' lang='lat' dir='ltr'><strong>nibus</strong></span> <span class='ocrx_word' id='word_1_238' title='bbox 757 1916 1070 1970; x_wconf 88' lang='lat' dir='ltr'><strong>hominibus</strong></span> <span class='ocrx_word' id='word_1_239' title='bbox 1126 1915 1429 1978; x_wconf 80' lang='lat' dir='ltr'><strong>aestimatis,</strong></span> <span class='ocrx_word' id='word_1_240' title='bbox 1486 1914 1575 1969; x_wconf 91' lang='lat' dir='ltr'><strong>hic</strong></span> <span class='ocrx_word' id='word_1_241' title='bbox 1627 1913 1866 1971; x_wconf 85' lang='lat' dir='ltr'><strong>decimas</strong></span> <span class='ocrx_word' id='word_1_242' title='bbox 1922 1915 2115 1971; x_wconf 89' lang='lat' dir='ltr'><strong>obtulit</strong></span> <span class='ocrx_word' id='word_1_243' title='bbox 2147 1902 2194 1964; x_wconf 77' lang='grc' dir='ltr'><strong>Β</strong></span> <span class='ocrx_word' id='word_1_244' title='bbox 2222 1934 2335 1973; x_wconf 85' lang='lat' dir='ltr'><strong>mas</strong></span> <span class='ocrx_word' id='word_1_245' title='bbox 2378 1918 2597 1988; x_wconf 83' lang='lat' dir='ltr'><strong>accepit,</strong></span> <span class='ocrx_word' id='word_1_246' title='bbox 2641 1917 2705 1987; x_wconf 85' lang='lat' dir='ltr'><strong>in</strong></span> <span class='ocrx_word' id='word_1_247' title='bbox 2754 1917 2880 1973; x_wconf 88' lang='lat' dir='ltr'><strong>ﬁliis</strong></span> <span class='ocrx_word' id='word_1_248' title='bbox 2910 1918 3046 1984; x_wconf 85' lang='lat' dir='ltr'><strong>suis,</strong></span> <span class='ocrx_word' id='word_1_249' title='bbox 3086 1918 3171 1973; x_wconf 89' lang='lat' dir='ltr'><strong>vel</strong></span> <span class='ocrx_word' id='word_1_250' title='bbox 3222 1922 3437 1991; x_wconf 83' lang='lat' dir='ltr'><strong>accepit</strong></span> <span class='ocrx_word' id='word_1_251' title='bbox 3484 1923 3797 1980; x_wconf 66' lang='lat' dir='ltr'><strong>hactenus:</strong></span> 
     </span>
    </p>
   </div>
   <div class='ocr_carea' id='block_1_33' title="bbox 532 2006 1936 2082">
    <p class='ocr_par' dir='ltr' id='par_1_33' title="bbox 532 2006 1936 2082">
     <span class='ocr_line' id='line_1_33' title="bbox 532 2006 1936 2082; baseline -0.002 -19"><span class='ocrx_word' id='word_1_252' title='bbox 532 2006 951 2069; x_wconf 78' lang='lat' dir='ltr'><strong>Melchisedech,</strong></span> <span class='ocrx_word' id='word_1_253' title='bbox 983 2006 1077 2076; x_wconf 85' lang='lat' dir='ltr'><strong>qui</strong></span> <span class='ocrx_word' id='word_1_254' title='bbox 1110 2007 1162 2062; x_wconf 90' lang='lat' dir='ltr'><strong>in</strong></span> <span class='ocrx_word' id='word_1_255' title='bbox 1201 2006 1373 2082; x_wconf 75' lang='lat' dir='ltr'><strong>figura</strong></span> <span class='ocrx_word' id='word_1_256' title='bbox 1403 2006 1604 2061; x_wconf 74' lang='lat' dir='ltr'><strong>Chrisu</strong></span> <span class='ocrx_word' id='word_1_257' title='bbox 1637 2006 1936 2074; x_wconf 61' lang='lat' dir='ltr'><strong>praecessit.</strong></span> 
     </span>
    </p>
   </div>
   <div class='ocr_carea' id='block_1_34' title="bbox 560 2097 2114 2170">
    <p class='ocr_par' dir='ltr' id='par_1_34' title="bbox 560 2097 2114 2170">
     <span class='ocr_line' id='line_1_34' title="bbox 560 2097 2114 2170; baseline 0 -17"><span class='ocrx_word' id='word_1_258' title='bbox 560 2130 571 2139; x_wconf 86' lang='lat'><em>-</em></span> <span class='ocrx_word' id='word_1_259' title='bbox 608 2100 669 2154; x_wconf 80' lang='lat' dir='ltr'><strong>Et</strong></span> <span class='ocrx_word' id='word_1_260' title='bbox 698 2100 911 2170; x_wconf 83' lang='lat' dir='ltr'><strong>quidem</strong></span> <span class='ocrx_word' id='word_1_261' title='bbox 952 2099 1017 2153; x_wconf 82' lang='lat' dir='ltr'><strong>de</strong></span> <span class='ocrx_word' id='word_1_262' title='bbox 1061 2098 1189 2167; x_wconf 78' lang='lat' dir='ltr'><strong>ﬁliis</strong></span> <span class='ocrx_word' id='word_1_263' title='bbox 1228 2097 1350 2152; x_wconf 85' lang='lat' dir='ltr'><strong>Levi</strong></span> <span class='ocrx_word' id='word_1_264' title='bbox 1396 2100 1746 2153; x_wconf 82' lang='lat' dir='ltr'><strong>sacerdotium</strong></span> <span class='ocrx_word' id='word_1_265' title='bbox 1784 2099 2114 2169; x_wconf 79' lang='lat' dir='ltr'><strong>accipientes,</strong></span> 
     </span>
    </p>
   </div>
   <div class='ocr_carea' id='block_1_35' title="bbox 531 2192 2116 2264">
    <p class='ocr_par' dir='ltr' id='par_1_35' title="bbox 531 2192 2116 2264">
     <span class='ocr_line' id='line_1_35' title="bbox 531 2192 2116 2264; baseline 0 -15"><span class='ocrx_word' id='word_1_266' title='bbox 531 2194 842 2249; x_wconf 84' lang='lat' dir='ltr'><strong>mandatum</strong></span> <span class='ocrx_word' id='word_1_267' title='bbox 870 2193 1058 2249; x_wconf 79' lang='lat' dir='ltr'><strong>habent</strong></span> <span class='ocrx_word' id='word_1_268' title='bbox 1084 2192 1312 2247; x_wconf 84' lang='lat' dir='ltr'><strong>decimas</strong></span> <span class='ocrx_word' id='word_1_269' title='bbox 1333 2210 1537 2248; x_wconf 87' lang='lat' dir='ltr'><strong>sumere</strong></span> <span class='ocrx_word' id='word_1_270' title='bbox 1558 2212 1590 2247; x_wconf 91' lang='lat' dir='ltr'><strong>a</strong></span> <span class='ocrx_word' id='word_1_271' title='bbox 1611 2193 1803 2264; x_wconf 82' lang='lat' dir='ltr'><strong>papqu</strong></span> <span class='ocrx_word' id='word_1_272' title='bbox 1831 2195 2116 2249; x_wconf 85' lang='lat' dir='ltr'><strong>secundum</strong></span> 
     </span>
    </p>
   </div>
   <div class='ocr_carea' id='block_1_36' title="bbox 530 2284 2118 2357">
    <p class='ocr_par' dir='ltr' id='par_1_36' title="bbox 530 2284 2118 2357">
     <span class='ocr_line' id='line_1_36' title="bbox 530 2284 2118 2357; baseline 0 -16"><span class='ocrx_word' id='word_1_273' title='bbox 530 2288 719 2357; x_wconf 83' lang='lat' dir='ltr'><strong>legem,</strong></span> <span class='ocrx_word' id='word_1_274' title='bbox 745 2287 799 2339; x_wconf 88' lang='lat' dir='ltr'><strong>id</strong></span> <span class='ocrx_word' id='word_1_275' title='bbox 834 2296 930 2350; x_wconf 84' lang='lat' dir='ltr'><strong>est,</strong></span> <span class='ocrx_word' id='word_1_276' title='bbox 955 2303 987 2340; x_wconf 89' lang='lat' dir='ltr'><strong>a</strong></span> <span class='ocrx_word' id='word_1_277' title='bbox 1019 2284 1272 2353; x_wconf 76' lang='lat' dir='ltr'><strong>fratribus</strong></span> <span class='ocrx_word' id='word_1_278' title='bbox 1304 2287 1436 2350; x_wconf 82' lang='lat' dir='ltr'><strong>suis,</strong></span> <span class='ocrx_word' id='word_1_279' title='bbox 1460 2303 1760 2355; x_wconf 85' lang='lat' dir='ltr'><strong>quanquam</strong></span> <span class='ocrx_word' id='word_1_280' title='bbox 1783 2297 1829 2341; x_wconf 89' lang='lat' dir='ltr'><strong>et</strong></span> <span class='ocrx_word' id='word_1_281' title='bbox 1852 2288 1950 2357; x_wconf 85' lang='lat' dir='ltr'><strong>ipsi</strong></span> <span class='ocrx_word' id='word_1_282' title='bbox 1973 2289 2118 2341; x_wconf 69' lang='lat' dir='ltr'><strong>exie-</strong></span> 
     </span>
    </p>
   </div>
   <div class='ocr_carea' id='block_1_37' title="bbox 530 2378 2114 2449">
    <p class='ocr_par' dir='ltr' id='par_1_37' title="bbox 530 2378 2114 2449">
     <span class='ocr_line' id='line_1_37' title="bbox 530 2378 2114 2449; baseline 0.001 -15"><span class='ocrx_word' id='word_1_283' title='bbox 530 2380 634 2435; x_wconf 85' lang='lat' dir='ltr'><strong>rint</strong></span> <span class='ocrx_word' id='word_1_284' title='bbox 658 2381 722 2435; x_wconf 87' lang='lat' dir='ltr'><strong>de</strong></span> <span class='ocrx_word' id='word_1_285' title='bbox 756 2379 944 2434; x_wconf 84' lang='lat' dir='ltr'><strong>lumbis</strong></span> <span class='ocrx_word' id='word_1_286' title='bbox 966 2379 1213 2433; x_wconf 66' lang='lat' dir='ltr'><strong>Abrahae.</strong></span> <span class='ocrx_word' id='word_1_287' title='bbox 1255 2378 1426 2433; x_wconf 89' lang='lat' dir='ltr'><strong>Tanta</strong></span> <span class='ocrx_word' id='word_1_288' title='bbox 1452 2388 1555 2443; x_wconf 88' lang='lat' dir='ltr'><strong>est,</strong></span> <span class='ocrx_word' id='word_1_289' title='bbox 1586 2379 1779 2449; x_wconf 88' lang='lat' dir='ltr'><strong>inquit,</strong></span> <span class='ocrx_word' id='word_1_290' title='bbox 1796 2379 2114 2435; x_wconf 84' lang='lat' dir='ltr'><strong>excellentia</strong></span> 
     </span>
    </p>
   </div>
   <div class='ocr_carea' id='block_1_38' title="bbox 528 2471 2118 2543">
    <p class='ocr_par' dir='ltr' id='par_1_38' title="bbox 528 2471 2118 2543">
     <span class='ocr_line' id='line_1_38' title="bbox 528 2471 2118 2543; baseline -0.001 -15"><span class='ocrx_word' id='word_1_291' title='bbox 528 2473 837 2539; x_wconf 85' lang='lat' dir='ltr'><strong>sacerdotii,</strong></span> <span class='ocrx_word' id='word_1_292' title='bbox 862 2481 921 2527; x_wconf 90' lang='lat' dir='ltr'><strong>ut</strong></span> <span class='ocrx_word' id='word_1_293' title='bbox 946 2473 1112 2527; x_wconf 88' lang='lat' dir='ltr'><strong>etiam</strong></span> <span class='ocrx_word' id='word_1_294' title='bbox 1139 2471 1240 2541; x_wconf 85' lang='lat' dir='ltr'><strong>ipsi</strong></span> <span class='ocrx_word' id='word_1_295' title='bbox 1271 2473 1363 2541; x_wconf 86' lang='lat' dir='ltr'><strong>qui</strong></span> <span class='ocrx_word' id='word_1_296' title='bbox 1390 2473 1640 2526; x_wconf 80' lang='lat' dir='ltr'><strong>eumdem</strong></span> <span class='ocrx_word' id='word_1_297' title='bbox 1670 2473 1973 2527; x_wconf 84' lang='lat' dir='ltr'><strong>habuerant</strong></span> <span class='ocrx_word' id='word_1_298' title='bbox 1998 2489 2118 2543; x_wconf 84' lang='lat' dir='ltr'><strong>pro-</strong></span> 
     </span>
    </p>
   </div>
   <div class='ocr_carea' id='block_1_39' title="bbox 529 2563 2118 2636">
    <p class='ocr_par' dir='ltr' id='par_1_39' title="bbox 529 2563 2118 2636">
     <span class='ocr_line' id='line_1_39' title="bbox 529 2563 2118 2636; baseline 0 -17"><span class='ocrx_word' id='word_1_299' title='bbox 529 2565 853 2636; x_wconf 79' lang='lat' dir='ltr'><strong>genitorem,</strong></span> <span class='ocrx_word' id='word_1_300' title='bbox 886 2573 942 2618; x_wconf 87' lang='lat' dir='ltr'><strong>et</strong></span> <span class='ocrx_word' id='word_1_301' title='bbox 979 2564 1048 2618; x_wconf 90' lang='lat' dir='ltr'><strong>ab</strong></span> <span class='ocrx_word' id='word_1_302' title='bbox 1082 2577 1190 2617; x_wconf 90' lang='lat' dir='ltr'><strong>uno</strong></span> <span class='ocrx_word' id='word_1_303' title='bbox 1233 2571 1390 2633; x_wconf 86' lang='lat' dir='ltr'><strong>patre</strong></span> <span class='ocrx_word' id='word_1_304' title='bbox 1435 2563 1828 2618; x_wconf 88' lang='lat' dir='ltr'><strong>descenderant</strong></span> <span class='ocrx_word' id='word_1_305' title='bbox 1857 2577 1870 2616; x_wconf 90' lang='lat'>:</span> <span class='ocrx_word' id='word_1_306' title='bbox 1898 2573 2118 2633; x_wconf 89' lang='lat' dir='ltr'><strong>propter</strong></span> 
     </span>
    </p>
   </div>
   <div class='ocr_carea' id='block_1_40' title="bbox 531 2651 2117 2722">
    <p class='ocr_par' dir='ltr' id='par_1_40' title="bbox 531 2651 2117 2722">
     <span class='ocr_line' id='line_1_40' title="bbox 531 2651 2117 2722; baseline -0.001 -12"><span class='ocrx_word' id='word_1_307' title='bbox 531 2654 869 2710; x_wconf 75' lang='lat' dir='ltr'><strong>excellentia:</strong></span> <span class='ocrx_word' id='word_1_308' title='bbox 898 2654 1152 2709; x_wconf 89' lang='lat' dir='ltr'><strong>meritum</strong></span> <span class='ocrx_word' id='word_1_309' title='bbox 1199 2667 1308 2722; x_wconf 90' lang='lat' dir='ltr'><strong>quo</strong></span> <span class='ocrx_word' id='word_1_310' title='bbox 1354 2652 1606 2708; x_wconf 87' lang='lat' dir='ltr'><strong>meliores</strong></span> <span class='ocrx_word' id='word_1_311' title='bbox 1653 2660 1810 2707; x_wconf 88' lang='lat' dir='ltr'><strong>erant</strong></span> <span class='ocrx_word' id='word_1_312' title='bbox 1860 2651 2117 2709; x_wconf 83' lang='lat' dir='ltr'><strong>fratribus</strong></span> 
     </span>
    </p>
   </div>
   <div class='ocr_carea' id='block_1_41' title="bbox 529 2745 2114 2816">
    <p class='ocr_par' dir='ltr' id='par_1_41' title="bbox 529 2745 2114 2816">
     <span class='ocr_line' id='line_1_41' title="bbox 529 2745 2114 2816; baseline 0.001 -14"><span class='ocrx_word' id='word_1_313' title='bbox 529 2747 863 2816; x_wconf 85' lang='lat' dir='ltr'><strong>suis,utpote</strong></span> <span class='ocrx_word' id='word_1_314' title='bbox 883 2746 1084 2807; x_wconf 87' lang='lat' dir='ltr'><strong>Aaron,</strong></span> <span class='ocrx_word' id='word_1_315' title='bbox 1112 2745 1203 2816; x_wconf 90' lang='lat' dir='ltr'><strong>qui</strong></span> <span class='ocrx_word' id='word_1_316' title='bbox 1223 2745 1366 2800; x_wconf 89' lang='lat' dir='ltr'><strong>inter</strong></span> <span class='ocrx_word' id='word_1_317' title='bbox 1404 2746 1556 2800; x_wconf 85' lang='lat' dir='ltr'><strong>vivos</strong></span> <span class='ocrx_word' id='word_1_318' title='bbox 1586 2753 1640 2799; x_wconf 90' lang='lat' dir='ltr'><strong>et</strong></span> <span class='ocrx_word' id='word_1_319' title='bbox 1677 2754 1917 2800; x_wconf 90' lang='lat' dir='ltr'><strong>mortuos</strong></span> <span class='ocrx_word' id='word_1_320' title='bbox 1944 2755 2114 2813; x_wconf 89' lang='lat' dir='ltr'><strong>stans,</strong></span> 
     </span>
    </p>
   </div>
   <div class='ocr_carea' id='block_1_42' title="bbox 528 2836 2115 2907">
    <p class='ocr_par' dir='ltr' id='par_1_42' title="bbox 528 2836 2115 2907">
     <span class='ocr_line' id='line_1_42' title="bbox 528 2836 2115 2907; baseline 0.001 -15"><span class='ocrx_word' id='word_1_321' title='bbox 528 2837 669 2893; x_wconf 87' lang='lat' dir='ltr'><strong>iram</strong></span> <span class='ocrx_word' id='word_1_322' title='bbox 700 2836 908 2892; x_wconf 86' lang='lat' dir='ltr'><strong>Domini</strong></span> <span class='ocrx_word' id='word_1_323' title='bbox 939 2836 1197 2906; x_wconf 84' lang='lat' dir='ltr'><strong>placavit,</strong></span> <span class='ocrx_word' id='word_1_324' title='bbox 1227 2836 1517 2891; x_wconf 85' lang='lat' dir='ltr'><strong>sacerdotii</strong></span> <span class='ocrx_word' id='word_1_325' title='bbox 1546 2836 1860 2906; x_wconf 78' lang='lat' dir='ltr'><strong>dignitatem</strong></span> <span class='ocrx_word' id='word_1_326' title='bbox 1894 2837 2115 2907; x_wconf 85' lang='lat' dir='ltr'><strong>adipisci</strong></span> 
     </span>
    </p>
   </div>
   <div class='ocr_carea' id='block_1_43' title="bbox 532 2929 2117 3002">
    <p class='ocr_par' dir='ltr' id='par_1_43' title="bbox 532 2929 2117 3002">
     <span class='ocr_line' id='line_1_43' title="bbox 532 2929 2117 3002; baseline 0.001 -16"><span class='ocrx_word' id='word_1_327' title='bbox 532 2938 895 2996; x_wconf 83' lang='lat' dir='ltr'><strong>mererentur,</strong></span> <span class='ocrx_word' id='word_1_328' title='bbox 926 2945 993 2985; x_wconf 90' lang='lat' dir='ltr'><strong>ac</strong></span> <span class='ocrx_word' id='word_1_329' title='bbox 1027 2939 1317 3001; x_wconf 88' lang='lat' dir='ltr'><strong>propterea</strong></span> <span class='ocrx_word' id='word_1_330' title='bbox 1346 2929 1451 2985; x_wconf 91' lang='lat' dir='ltr'><strong>nisi</strong></span> <span class='ocrx_word' id='word_1_331' title='bbox 1474 2929 1868 2985; x_wconf 86' lang='lat' dir='ltr'><strong>Melchisedech</strong></span> <span class='ocrx_word' id='word_1_332' title='bbox 1897 2932 2117 3002; x_wconf 87' lang='lat' dir='ltr'><strong>majoris</strong></span> 
     </span>
    </p>
   </div>
   <div class='ocr_carea' id='block_1_44' title="bbox 526 3020 2116 3093">
    <p class='ocr_par' dir='ltr' id='par_1_44' title="bbox 526 3020 2116 3093">
     <span class='ocr_line' id='line_1_44' title="bbox 526 3020 2116 3093; baseline -0.001 -15"><span class='ocrx_word' id='word_1_333' title='bbox 526 3022 810 3093; x_wconf 78' lang='lat' dir='ltr'><strong>dignitatis</strong></span> <span class='ocrx_word' id='word_1_334' title='bbox 837 3030 982 3077; x_wconf 85' lang='lat' dir='ltr'><strong>esset</strong></span> <span class='ocrx_word' id='word_1_335' title='bbox 1014 3037 1177 3092; x_wconf 91' lang='lat' dir='ltr'><strong>quam</strong></span> <span class='ocrx_word' id='word_1_336' title='bbox 1214 3020 1512 3087; x_wconf 87' lang='lat' dir='ltr'><strong>Abraham,</strong></span> <span class='ocrx_word' id='word_1_337' title='bbox 1545 3036 1887 3091; x_wconf 87' lang='lat' dir='ltr'><strong>nequaquam</strong></span> <span class='ocrx_word' id='word_1_338' title='bbox 1942 3022 2116 3078; x_wconf 86' lang='lat' dir='ltr'><strong>Abra-</strong></span> 
     </span>
    </p>
   </div>
   <div class='ocr_carea' id='block_1_45' title="bbox 526 3113 2116 3185">
    <p class='ocr_par' dir='ltr' id='par_1_45' title="bbox 526 3113 2116 3185">
     <span class='ocr_line' id='line_1_45' title="bbox 526 3113 2116 3185; baseline 0 -15"><span class='ocrx_word' id='word_1_339' title='bbox 526 3116 652 3171; x_wconf 83' lang='lat' dir='ltr'><strong>ham</strong></span> <span class='ocrx_word' id='word_1_340' title='bbox 682 3114 999 3185; x_wconf 73' lang='lat' dir='ltr'><strong>alienigena:</strong></span> <span class='ocrx_word' id='word_1_341' title='bbox 1021 3114 1261 3169; x_wconf 89' lang='lat' dir='ltr'><strong>decimas</strong></span> <span class='ocrx_word' id='word_1_342' title='bbox 1291 3113 1558 3176; x_wconf 88' lang='lat' dir='ltr'><strong>dedisset,</strong></span> <span class='ocrx_word' id='word_1_343' title='bbox 1584 3114 1726 3168; x_wconf 90' lang='lat' dir='ltr'><strong>sicut</strong></span> <span class='ocrx_word' id='word_1_344' title='bbox 1752 3114 1936 3169; x_wconf 86' lang='lat' dir='ltr'><strong>Aaron</strong></span> <span class='ocrx_word' id='word_1_345' title='bbox 1995 3130 2116 3170; x_wconf 88' lang='lat' dir='ltr'><strong>ma-</strong></span> 
     </span>
    </p>
   </div>
   <div class='ocr_carea' id='block_1_46' title="bbox 515 3204 2115 3279">
    <p class='ocr_par' dir='ltr' id='par_1_46' title="bbox 515 3204 2115 3279">
     <span class='ocr_line' id='line_1_46' title="bbox 515 3204 2115 3279; baseline -0.003 -15"><span class='ocrx_word' id='word_1_346' title='bbox 515 3207 655 3279; x_wconf 88' lang='lat' dir='ltr'><strong>joris</strong></span> <span class='ocrx_word' id='word_1_347' title='bbox 688 3207 863 3262; x_wconf 91' lang='lat' dir='ltr'><strong>meriti</strong></span> <span class='ocrx_word' id='word_1_348' title='bbox 888 3204 1175 3278; x_wconf 89' lang='lat' dir='ltr'><strong>fuitquam</strong></span> <span class='ocrx_word' id='word_1_349' title='bbox 1226 3205 1424 3260; x_wconf 86' lang='lat' dir='ltr'><strong>fratres</strong></span> <span class='ocrx_word' id='word_1_350' title='bbox 1464 3204 1605 3259; x_wconf 92' lang='lat' dir='ltr'><strong>illius</strong></span> <span class='ocrx_word' id='word_1_351' title='bbox 1655 3205 1987 3274; x_wconf 88' lang='lat' dir='ltr'><strong>reliquarum</strong></span> <span class='ocrx_word' id='word_1_352' title='bbox 2019 3207 2115 3260; x_wconf 86' lang='lat' dir='ltr'><strong>tri-</strong></span> 
     </span>
    </p>
   </div>
   <div class='ocr_carea' id='block_1_47' title="bbox 524 3296 2115 3369">
    <p class='ocr_par' dir='ltr' id='par_1_47' title="bbox 524 3296 2115 3369">
     <span class='ocr_line' id='line_1_47' title="bbox 524 3296 2115 3369; baseline -0.003 -13"><span class='ocrx_word' id='word_1_353' title='bbox 524 3300 713 3363; x_wconf 82' lang='lat' dir='ltr'><strong>buum.</strong></span> <span class='ocrx_word' id='word_1_354' title='bbox 769 3297 912 3354; x_wconf 90' lang='lat' dir='ltr'><strong>Dicit</strong></span> <span class='ocrx_word' id='word_1_355' title='bbox 946 3313 1098 3369; x_wconf 89' lang='lat' dir='ltr'><strong>ergo,</strong></span> <span class='ocrx_word' id='word_1_356' title='bbox 1154 3308 1211 3353; x_wconf 89' lang='lat' dir='ltr'><strong>et</strong></span> <span class='ocrx_word' id='word_1_357' title='bbox 1255 3297 1472 3367; x_wconf 89' lang='lat' dir='ltr'><strong>quidem</strong></span> <span class='ocrx_word' id='word_1_358' title='bbox 1515 3298 1580 3351; x_wconf 89' lang='lat' dir='ltr'><strong>de</strong></span> <span class='ocrx_word' id='word_1_359' title='bbox 1629 3297 1753 3352; x_wconf 84' lang='lat' dir='ltr'><strong>ﬁliis</strong></span> <span class='ocrx_word' id='word_1_360' title='bbox 1801 3296 1930 3353; x_wconf 87' lang='lat' dir='ltr'><strong>Levi</strong></span> <span class='ocrx_word' id='word_1_361' title='bbox 1962 3299 2115 3354; x_wconf 75' lang='lat' dir='ltr'><strong>‘aeci-</strong></span> 
     </span>
    </p>
   </div>
   <div class='ocr_carea' id='block_1_48' title="bbox 524 3387 2113 3464">
    <p class='ocr_par' dir='ltr' id='par_1_48' title="bbox 524 3387 2113 3464">
     <span class='ocr_line' id='line_1_48' title="bbox 524 3387 2113 3464; baseline -0.001 -19"><span class='ocrx_word' id='word_1_362' title='bbox 524 3393 737 3464; x_wconf 88' lang='lat' dir='ltr'><strong>pientes</strong></span> <span class='ocrx_word' id='word_1_363' title='bbox 757 3391 1141 3456; x_wconf 89' lang='lat' dir='ltr'><strong>sacerdotium,</strong></span> <span class='ocrx_word' id='word_1_364' title='bbox 1165 3390 1307 3444; x_wconf 88' lang='lat' dir='ltr'><strong>sicut</strong></span> <span class='ocrx_word' id='word_1_365' title='bbox 1330 3387 1537 3458; x_wconf 87' lang='lat' dir='ltr'><strong>accepit</strong></span> <span class='ocrx_word' id='word_1_366' title='bbox 1563 3387 1743 3443; x_wconf 87' lang='lat' dir='ltr'><strong>Aaron</strong></span> <span class='ocrx_word' id='word_1_367' title='bbox 1774 3396 1829 3443; x_wconf 91' lang='lat' dir='ltr'><strong>et</strong></span> <span class='ocrx_word' id='word_1_368' title='bbox 1857 3389 1949 3443; x_wconf 84' lang='lat' dir='ltr'><strong>filii</strong></span> <span class='ocrx_word' id='word_1_369' title='bbox 1972 3388 2113 3457; x_wconf 82' lang='lat' dir='ltr'><strong>ejus,</strong></span> 
     </span>
    </p>
   </div>
   <div class='ocr_carea' id='block_1_49' title="bbox 526 3480 2112 3552">
    <p class='ocr_par' dir='ltr' id='par_1_49' title="bbox 526 3480 2112 3552">
     <span class='ocr_line' id='line_1_49' title="bbox 526 3480 2112 3552; baseline -0.003 -12"><span class='ocrx_word' id='word_1_370' title='bbox 526 3485 840 3540; x_wconf 86' lang='lat' dir='ltr'><strong>mandatum</strong></span> <span class='ocrx_word' id='word_1_371' title='bbox 867 3491 922 3537; x_wconf 94' lang='lat' dir='ltr'><strong>et</strong></span> <span class='ocrx_word' id='word_1_372' title='bbox 949 3491 1275 3552; x_wconf 72' lang='lat' dir='ltr'><strong>prmceptum</strong></span> <span class='ocrx_word' id='word_1_373' title='bbox 1326 3481 1531 3535; x_wconf 85' lang='lat' dir='ltr'><strong>habent</strong></span> <span class='ocrx_word' id='word_1_374' title='bbox 1588 3481 1887 3535; x_wconf 89' lang='lat' dir='ltr'><strong>secundum</strong></span> <span class='ocrx_word' id='word_1_375' title='bbox 1939 3480 2112 3552; x_wconf 81' lang='lat' dir='ltr'><strong>legem</strong></span> 
     </span>
    </p>
   </div>
   <div class='ocr_carea' id='block_1_50' title="bbox 527 3570 2113 3643">
    <p class='ocr_par' dir='ltr' id='par_1_50' title="bbox 527 3570 2113 3643">
     <span class='ocr_line' id='line_1_50' title="bbox 527 3570 2113 3643; baseline -0.003 -10"><span class='ocrx_word' id='word_1_376' title='bbox 527 3590 748 3633; x_wconf 81' lang='lat' dir='ltr'><strong>sumere</strong></span> <span class='ocrx_word' id='word_1_377' title='bbox 776 3573 1075 3630; x_wconf 84' lang='lat' dir='ltr'><strong>deeimasa</strong></span> <span class='ocrx_word' id='word_1_378' title='bbox 1103 3572 1334 3643; x_wconf 86' lang='lat' dir='ltr'><strong>pepulo,</strong></span> <span class='ocrx_word' id='word_1_379' title='bbox 1381 3570 1534 3641; x_wconf 88' lang='lat' dir='ltr'><strong>quasi</strong></span> <span class='ocrx_word' id='word_1_380' title='bbox 1583 3571 1835 3626; x_wconf 89' lang='lat' dir='ltr'><strong>meliores</strong></span> <span class='ocrx_word' id='word_1_381' title='bbox 1882 3572 2007 3638; x_wconf 90' lang='lat' dir='ltr'><strong>illis,</strong></span> <span class='ocrx_word' id='word_1_382' title='bbox 2056 3580 2113 3630; x_wconf 85' lang='lat' dir='ltr'><strong>et</strong></span> 
     </span>
    </p>
   </div>
   <div class='ocr_carea' id='block_1_51' title="bbox 525 3663 2112 3732">
    <p class='ocr_par' dir='ltr' id='par_1_51' title="bbox 525 3663 2112 3732">
     <span class='ocr_line' id='line_1_51' title="bbox 525 3663 2112 3732; baseline -0.002 -8"><span class='ocrx_word' id='word_1_383' title='bbox 525 3671 632 3724; x_wconf 88' lang='lat' dir='ltr'><strong>hoc</strong></span> <span class='ocrx_word' id='word_1_384' title='bbox 655 3683 686 3721; x_wconf 87' lang='lat' dir='ltr'><strong>a</strong></span> <span class='ocrx_word' id='word_1_385' title='bbox 717 3666 976 3720; x_wconf 87' lang='lat' dir='ltr'><strong>fratribus</strong></span> <span class='ocrx_word' id='word_1_386' title='bbox 999 3665 1131 3729; x_wconf 87' lang='lat' dir='ltr'><strong>suis,</strong></span> <span class='ocrx_word' id='word_1_387' title='bbox 1160 3681 1281 3720; x_wconf 87' lang='lat' dir='ltr'><strong>cum</strong></span> <span class='ocrx_word' id='word_1_388' title='bbox 1312 3679 1482 3718; x_wconf 88' lang='lat' dir='ltr'><strong>unum</strong></span> <span class='ocrx_word' id='word_1_389' title='bbox 1511 3663 1870 3732; x_wconf 76' lang='lat' dir='ltr'><strong>eamdemque</strong></span> <span class='ocrx_word' id='word_1_390' title='bbox 1902 3664 2112 3721; x_wconf 84' lang='lat' dir='ltr'><strong>habuis-</strong></span> 
     </span>
    </p>
   </div>
   <div class='ocr_carea' id='block_1_52' title="bbox 528 3753 2109 3828">
    <p class='ocr_par' dir='ltr' id='par_1_52' title="bbox 528 3753 2109 3828">
     <span class='ocr_line' id='line_1_52' title="bbox 528 3753 2109 3828; baseline -0.003 -15"><span class='ocrx_word' id='word_1_391' title='bbox 528 3766 651 3814; x_wconf 90' lang='lat' dir='ltr'><strong>sent</strong></span> <span class='ocrx_word' id='word_1_392' title='bbox 684 3756 1105 3828; x_wconf 80' lang='lat' dir='ltr'><strong>progenitorem,</strong></span> <span class='ocrx_word' id='word_1_393' title='bbox 1128 3755 1283 3826; x_wconf 75' lang='lat' dir='ltr'><strong>juxta</strong></span> <span class='ocrx_word' id='word_1_394' title='bbox 1307 3753 1450 3824; x_wconf 87' lang='lat' dir='ltr'><strong>quod</strong></span> <span class='ocrx_word' id='word_1_395' title='bbox 1466 3753 1754 3823; x_wconf 82' lang='lat' dir='ltr'><strong>Apostolus</strong></span> <span class='ocrx_word' id='word_1_396' title='bbox 1780 3753 2109 3821; x_wconf 83' lang='lat' dir='ltr'><strong>manifestat,</strong></span> 
     </span>
    </p>
   </div>
   <div class='ocr_carea' id='block_1_53' title="bbox 528 3843 2114 3917">
    <p class='ocr_par' dir='ltr' id='par_1_53' title="bbox 528 3843 2114 3917">
     <span class='ocr_line' id='line_1_53' title="bbox 528 3843 2114 3917; baseline -0.002 -11"><span class='ocrx_word' id='word_1_397' title='bbox 528 3848 713 3906; x_wconf 81' lang='lat' dir='ltr'><strong>dicens</strong></span> <span class='ocrx_word' id='word_1_398' title='bbox 745 3862 759 3902; x_wconf 89' lang='lat'><strong>:</strong></span> <span class='ocrx_word' id='word_1_399' title='bbox 801 3848 1117 3917; x_wconf 78' lang='lat' dir='ltr'><strong>Quanquam</strong></span> <span class='ocrx_word' id='word_1_400' title='bbox 1148 3856 1205 3902; x_wconf 89' lang='lat' dir='ltr'><strong>et</strong></span> <span class='ocrx_word' id='word_1_401' title='bbox 1242 3845 1345 3916; x_wconf 86' lang='lat' dir='ltr'><strong>ipsi</strong></span> <span class='ocrx_word' id='word_1_402' title='bbox 1381 3843 1581 3905; x_wconf 83' lang='lat' dir='ltr'><strong>fratres</strong></span> <span class='ocrx_word' id='word_1_403' title='bbox 1610 3844 1740 3900; x_wconf 90' lang='lat' dir='ltr'><strong>Levi</strong></span> <span class='ocrx_word' id='word_1_404' title='bbox 1773 3846 2007 3901; x_wconf 85' lang='lat' dir='ltr'><strong>exierint</strong></span> <span class='ocrx_word' id='word_1_405' title='bbox 2046 3848 2114 3903; x_wconf 92' lang='lat' dir='ltr'><strong>de</strong></span> 
     </span>
    </p>
   </div>
   <div class='ocr_carea' id='block_1_54' title="bbox 524 3944 981 4002">
    <p class='ocr_par' dir='ltr' id='par_1_54' title="bbox 524 3944 981 4002">
     <span class='ocr_line' id='line_1_54' title="bbox 524 3944 981 4002; baseline -0.004 -1"><span class='ocrx_word' id='word_1_406' title='bbox 524 3946 727 4002; x_wconf 73' lang='lat' dir='ltr'><strong>lumbis</strong></span> <span class='ocrx_word' id='word_1_407' title='bbox 746 3944 981 4000; x_wconf 65' lang='lat' dir='ltr'><strong>Abrahae</strong></span> 
     </span>
    </p>
   </div>
   <div class='ocr_carea' id='block_1_55' title="bbox 595 4032 2113 4110">
    <p class='ocr_par' dir='ltr' id='par_1_55' title="bbox 595 4032 2113 4110">
     <span class='ocr_line' id='line_1_55' title="bbox 595 4032 2113 4110; baseline -0.003 -16"><span class='ocrx_word' id='word_1_408' title='bbox 595 4038 761 4110; x_wconf 82' lang='lat' dir='ltr'><strong>Cujus</strong></span> <span class='ocrx_word' id='word_1_409' title='bbox 784 4048 957 4093; x_wconf 87' lang='lat' dir='ltr'><strong>autem</strong></span> <span class='ocrx_word' id='word_1_410' title='bbox 985 4035 1271 4109; x_wconf 85' lang='lat' dir='ltr'><strong>generatio,</strong></span> <span class='ocrx_word' id='word_1_411' title='bbox 1319 4034 1373 4091; x_wconf 88' lang='lat' dir='ltr'><strong>id</strong></span> <span class='ocrx_word' id='word_1_412' title='bbox 1412 4043 1497 4090; x_wconf 89' lang='lat' dir='ltr'><strong>est</strong></span> <span class='ocrx_word' id='word_1_413' title='bbox 1540 4032 1957 4099; x_wconf 84' lang='lat' dir='ltr'><strong>Melchisedech,</strong></span> <span class='ocrx_word' id='word_1_414' title='bbox 2009 4051 2113 4089; x_wconf 86' lang='lat' dir='ltr'><strong>non</strong></span> 
     </span>
    </p>
   </div>
   <div class='ocr_carea' id='block_1_56' title="bbox 523 4126 2113 4195">
    <p class='ocr_par' dir='ltr' id='par_1_56' title="bbox 523 4126 2113 4195">
     <span class='ocr_line' id='line_1_56' title="bbox 523 4126 2113 4195; baseline -0.004 -7"><span class='ocrx_word' id='word_1_415' title='bbox 523 4142 906 4189; x_wconf 86' lang='lat' dir='ltr'><strong>annumeratur</strong></span> <span class='ocrx_word' id='word_1_416' title='bbox 932 4132 987 4185; x_wconf 87' lang='lat' dir='ltr'><strong>in</strong></span> <span class='ocrx_word' id='word_1_417' title='bbox 1018 4130 1112 4195; x_wconf 86' lang='lat' dir='ltr'><strong>eis,</strong></span> <span class='ocrx_word' id='word_1_418' title='bbox 1163 4129 1217 4184; x_wconf 92' lang='lat' dir='ltr'><strong>id</strong></span> <span class='ocrx_word' id='word_1_419' title='bbox 1264 4135 1350 4183; x_wconf 86' lang='lat' dir='ltr'><strong>est</strong></span> <span class='ocrx_word' id='word_1_420' title='bbox 1390 4127 1446 4182; x_wconf 90' lang='lat' dir='ltr'><strong>in</strong></span> <span class='ocrx_word' id='word_1_421' title='bbox 1494 4126 1621 4182; x_wconf 88' lang='lat' dir='ltr'><strong>ﬁliis</strong></span> <span class='ocrx_word' id='word_1_422' title='bbox 1676 4126 1824 4191; x_wconf 88' lang='lat' dir='ltr'><strong>Levi,</strong></span> <span class='ocrx_word' id='word_1_423' title='bbox 1883 4126 2113 4182; x_wconf 87' lang='lat' dir='ltr'><strong>decimas</strong></span> 
     </span>
    </p>
   </div>
   <div class='ocr_carea' id='block_1_57' title="bbox 523 4218 2114 4295">
    <p class='ocr_par' dir='ltr' id='par_1_57' title="bbox 523 4218 2114 4295">
     <span class='ocr_line' id='line_1_57' title="bbox 523 4218 2114 4295; baseline -0.004 -16"><span class='ocrx_word' id='word_1_424' title='bbox 523 4226 745 4295; x_wconf 85' lang='lat' dir='ltr'><strong>sumpsit</strong></span> <span class='ocrx_word' id='word_1_425' title='bbox 772 4223 836 4277; x_wconf 89' lang='lat' dir='ltr'><strong>ab</strong></span> <span class='ocrx_word' id='word_1_426' title='bbox 865 4222 1151 4286; x_wconf 79' lang='lat' dir='ltr'><strong>Abraham,</strong></span> <span class='ocrx_word' id='word_1_427' title='bbox 1177 4229 1224 4275; x_wconf 86' lang='lat' dir='ltr'><strong>et</strong></span> <span class='ocrx_word' id='word_1_428' title='bbox 1248 4219 1407 4285; x_wconf 86' lang='lat' dir='ltr'><strong>hunc,</strong></span> <span class='ocrx_word' id='word_1_429' title='bbox 1452 4219 1505 4274; x_wconf 90' lang='lat' dir='ltr'><strong>id</strong></span> <span class='ocrx_word' id='word_1_430' title='bbox 1537 4227 1623 4273; x_wconf 84' lang='lat' dir='ltr'><strong>est</strong></span> <span class='ocrx_word' id='word_1_431' title='bbox 1666 4218 1940 4275; x_wconf 87' lang='lat' dir='ltr'><strong>Abraham</strong></span> <span class='ocrx_word' id='word_1_432' title='bbox 1960 4260 1974 4285; x_wconf 89' lang='lat'><strong>,</strong></span> <span class='ocrx_word' id='word_1_433' title='bbox 2022 4220 2114 4291; x_wconf 89' lang='lat' dir='ltr'><strong>qui</strong></span> 
     </span>
    </p>
   </div>
   <div class='ocr_carea' id='block_1_58' title="bbox 524 4311 2116 4384">
    <p class='ocr_par' dir='ltr' id='par_1_58' title="bbox 524 4311 2116 4384">
     <span class='ocr_line' id='line_1_58' title="bbox 524 4311 2116 4384; baseline -0.001 -15"><span class='ocrx_word' id='word_1_434' title='bbox 524 4315 741 4369; x_wconf 83' lang='lat' dir='ltr'><strong>habebat</strong></span> <span class='ocrx_word' id='word_1_435' title='bbox 784 4312 1208 4384; x_wconf 84' lang='lat' dir='ltr'><strong>repromissiones</strong></span> <span class='ocrx_word' id='word_1_436' title='bbox 1252 4312 1319 4367; x_wconf 89' lang='lat' dir='ltr'><strong>de</strong></span> <span class='ocrx_word' id='word_1_437' title='bbox 1368 4311 1506 4367; x_wconf 86' lang='lat' dir='ltr'><strong>Filio</strong></span> <span class='ocrx_word' id='word_1_438' title='bbox 1554 4311 1670 4375; x_wconf 89' lang='lat' dir='ltr'><strong>Dei,</strong></span> <span class='ocrx_word' id='word_1_439' title='bbox 1719 4311 1980 4366; x_wconf 68' lang='lat' dir='ltr'><strong>benedixit</strong></span> <span class='ocrx_word' id='word_1_440' title='bbox 2025 4312 2116 4367; x_wconf 88' lang='lat' dir='ltr'><strong>ille</strong></span> 
     </span>
    </p>
   </div>
   <div class='ocr_carea' id='block_1_59' title="bbox 524 4403 2114 4461">
    <p class='ocr_par' dir='ltr' id='par_1_59' title="bbox 524 4403 2114 4461">
     <span class='ocr_line' id='line_1_59' title="bbox 524 4403 2114 4461; baseline -0.001 0"><span class='ocrx_word' id='word_1_441' title='bbox 524 4406 937 4461; x_wconf 81' lang='lat' dir='ltr'><strong>Melchisedech.</strong></span> <span class='ocrx_word' id='word_1_442' title='bbox 971 4405 1070 4461; x_wconf 90' lang='lat' dir='ltr'><strong>Hic</strong></span> <span class='ocrx_word' id='word_1_443' title='bbox 1099 4404 1337 4460; x_wconf 89' lang='lat' dir='ltr'><strong>ostendit</strong></span> <span class='ocrx_word' id='word_1_444' title='bbox 1378 4403 1820 4459; x_wconf 89' lang='lat' dir='ltr'><strong>incircumcisum</strong></span> <span class='ocrx_word' id='word_1_445' title='bbox 1862 4404 2114 4460; x_wconf 89' lang='lat' dir='ltr'><strong>sacerdo-</strong></span> 
     </span>
    </p>
   </div>
   <div class='ocr_carea' id='block_1_60' title="bbox 523 4495 2109 4563">
    <p class='ocr_par' dir='ltr' id='par_1_60' title="bbox 523 4495 2109 4563">
     <span class='ocr_line' id='line_1_60' title="bbox 523 4495 2109 4563; baseline -0.001 -11"><span class='ocrx_word' id='word_1_446' title='bbox 523 4507 655 4563; x_wconf 89' lang='lat' dir='ltr'><strong>tem,</strong></span> <span class='ocrx_word' id='word_1_447' title='bbox 688 4498 1012 4553; x_wconf 88' lang='lat' dir='ltr'><strong>circumciso</strong></span> <span class='ocrx_word' id='word_1_448' title='bbox 1041 4497 1322 4555; x_wconf 83' lang='lat' dir='ltr'><strong>sacerdote</strong></span> <span class='ocrx_word' id='word_1_449' title='bbox 1351 4496 1521 4553; x_wconf 91' lang='lat' dir='ltr'><strong>multo</strong></span> <span class='ocrx_word' id='word_1_450' title='bbox 1549 4511 1673 4552; x_wconf 86' lang='lat' dir='ltr'><strong>esse</strong></span> <span class='ocrx_word' id='word_1_451' title='bbox 1716 4495 2109 4551; x_wconf 90' lang='lat' dir='ltr'><strong>sublimiorem.</strong></span> 
     </span>
    </p>
   </div>
   <div class='ocr_carea' id='block_1_61' title="bbox 2214 2009 3799 2080">
    <p class='ocr_par' dir='ltr' id='par_1_61' title="bbox 2214 2009 3799 2080">
     <span class='ocr_line' id='line_1_61' title="bbox 2214 2009 3799 2080; baseline 0.004 -15"><span class='ocrx_word' id='word_1_452' title='bbox 2214 2009 2477 2065; x_wconf 87' lang='lat' dir='ltr'><strong>fratribus</strong></span> <span class='ocrx_word' id='word_1_453' title='bbox 2516 2009 2648 2071; x_wconf 86' lang='lat' dir='ltr'><strong>suis,</strong></span> <span class='ocrx_word' id='word_1_454' title='bbox 2683 2010 2971 2066; x_wconf 81' lang='lat' dir='ltr'><strong>decimatas</strong></span> <span class='ocrx_word' id='word_1_455' title='bbox 3004 2020 3079 2066; x_wconf 86' lang='lat' dir='ltr'><strong>est</strong></span> <span class='ocrx_word' id='word_1_456' title='bbox 3107 2025 3138 2066; x_wconf 86' lang='lat' dir='ltr'><strong>a</strong></span> <span class='ocrx_word' id='word_1_457' title='bbox 3180 2010 3615 2080; x_wconf 84' lang='lat' dir='ltr'><strong>Melchisedech,</strong></span> <span class='ocrx_word' id='word_1_458' title='bbox 3654 2016 3799 2071; x_wconf 64' lang='lat' dir='ltr'><strong>adhuc</strong></span> 
     </span>
    </p>
   </div>
   <div class='ocr_carea' id='block_1_62' title="bbox 2214 2100 3793 2176">
    <p class='ocr_par' dir='ltr' id='par_1_62' title="bbox 2214 2100 3793 2176">
     <span class='ocr_line' id='line_1_62' title="bbox 2214 2100 3793 2176; baseline 0.004 -20"><span class='ocrx_word' id='word_1_459' title='bbox 2214 2102 2354 2156; x_wconf 87' lang='lat' dir='ltr'><strong>enim</strong></span> <span class='ocrx_word' id='word_1_460' title='bbox 2397 2102 2451 2154; x_wconf 85' lang='lat' dir='ltr'><strong>in</strong></span> <span class='ocrx_word' id='word_1_461' title='bbox 2487 2100 2696 2166; x_wconf 80' lang='lat' dir='ltr'><strong>lumbis,</strong></span> <span class='ocrx_word' id='word_1_462' title='bbox 2737 2101 2841 2156; x_wconf 90' lang='lat' dir='ltr'><strong>hoc</strong></span> <span class='ocrx_word' id='word_1_463' title='bbox 2882 2110 2967 2156; x_wconf 86' lang='lat' dir='ltr'><strong>est</strong></span> <span class='ocrx_word' id='word_1_464' title='bbox 3017 2104 3315 2174; x_wconf 72' lang='lat' dir='ltr'><strong>propagine</strong></span> <span class='ocrx_word' id='word_1_465' title='bbox 3365 2106 3629 2172; x_wconf 84' lang='lat' dir='ltr'><strong>seminis,</strong></span> <span class='ocrx_word' id='word_1_466' title='bbox 3660 2109 3793 2176; x_wconf 70' lang='lat' dir='ltr'><strong>ponis</strong></span> 
     </span>
    </p>
   </div>
   <div class='ocr_carea' id='block_1_63' title="bbox 2215 2190 3791 2264">
    <p class='ocr_par' dir='ltr' id='par_1_63' title="bbox 2215 2190 3791 2264">
     <span class='ocr_line' id='line_1_63' title="bbox 2215 2190 3791 2264; baseline 0.005 -20"><span class='ocrx_word' id='word_1_467' title='bbox 2215 2201 2331 2251; x_wconf 85' lang='lat' dir='ltr'><strong>erat</strong></span> <span class='ocrx_word' id='word_1_468' title='bbox 2355 2190 2484 2245; x_wconf 88' lang='lat' dir='ltr'><strong>Levi</strong></span> <span class='ocrx_word' id='word_1_469' title='bbox 2510 2190 2723 2261; x_wconf 86' lang='lat' dir='ltr'><strong>quando</strong></span> <span class='ocrx_word' id='word_1_470' title='bbox 2754 2190 2976 2247; x_wconf 75' lang='lat' dir='ltr'><strong>obuiauit</strong></span> <span class='ocrx_word' id='word_1_471' title='bbox 3008 2192 3055 2246; x_wconf 90' lang='lat' dir='ltr'><strong>ei</strong></span> <span class='ocrx_word' id='word_1_472' title='bbox 3090 2192 3501 2250; x_wconf 79' lang='lat' dir='ltr'><strong>Melchisedech.</strong></span> <span class='ocrx_word' id='word_1_473' title='bbox 3542 2196 3791 2264; x_wconf 66' lang='lat' dir='ltr'><strong>Qum</strong></span> 
     </span>
    </p>
   </div>
   <div class='ocr_carea' id='block_1_64' title="bbox 2202 2282 3791 2353">
    <p class='ocr_par' dir='ltr' id='par_1_64' title="bbox 2202 2282 3791 2353">
     <span class='ocr_line' id='line_1_64' title="bbox 2202 2282 3791 2353; baseline 0.004 -14"><span class='ocrx_word' id='word_1_474' title='bbox 2202 2283 2351 2339; x_wconf 81' lang='lat' dir='ltr'><strong>dicit</strong></span> <span class='ocrx_word' id='word_1_475' title='bbox 2376 2282 2507 2339; x_wconf 90' lang='lat' dir='ltr'><strong>Levi</strong></span> <span class='ocrx_word' id='word_1_476' title='bbox 2541 2284 2867 2339; x_wconf 89' lang='lat' dir='ltr'><strong>decimatum</strong></span> <span class='ocrx_word' id='word_1_477' title='bbox 2908 2299 2941 2338; x_wconf 86' lang='lat' dir='ltr'><strong>a</strong></span> <span class='ocrx_word' id='word_1_478' title='bbox 2968 2283 3383 2353; x_wconf 89' lang='lat' dir='ltr'><strong>Melchisedech,</strong></span> <span class='ocrx_word' id='word_1_479' title='bbox 3413 2302 3550 2343; x_wconf 84' lang='lat' dir='ltr'><strong>cum</strong></span> <span class='ocrx_word' id='word_1_480' title='bbox 3582 2290 3791 2344; x_wconf 67' lang='lat' dir='ltr'><strong>nonda</strong></span> 
     </span>
    </p>
   </div>
   <div class='ocr_carea' id='block_1_65' title="bbox 2217 2377 3795 2447">
    <p class='ocr_par' dir='ltr' id='par_1_65' title="bbox 2217 2377 3795 2447">
     <span class='ocr_line' id='line_1_65' title="bbox 2217 2377 3795 2447; baseline 0.006 -18"><span class='ocrx_word' id='word_1_481' title='bbox 2217 2384 2378 2430; x_wconf 87' lang='lat' dir='ltr'><strong>natus</strong></span> <span class='ocrx_word' id='word_1_482' title='bbox 2408 2385 2575 2443; x_wconf 81' lang='lat' dir='ltr'><strong>esset,</strong></span> <span class='ocrx_word' id='word_1_483' title='bbox 2612 2377 2917 2447; x_wconf 72' lang='lat' dir='ltr'><strong>praesertim</strong></span> <span class='ocrx_word' id='word_1_484' title='bbox 2967 2393 3092 2433; x_wconf 90' lang='lat' dir='ltr'><strong>cum</strong></span> <span class='ocrx_word' id='word_1_485' title='bbox 3137 2386 3193 2433; x_wconf 88' lang='lat' dir='ltr'><strong>et</strong></span> <span class='ocrx_word' id='word_1_486' title='bbox 3233 2377 3379 2434; x_wconf 89' lang='lat' dir='ltr'><strong>ﬁlius</strong></span> <span class='ocrx_word' id='word_1_487' title='bbox 3415 2378 3535 2435; x_wconf 88' lang='lat' dir='ltr'><strong>fuit</strong></span> <span class='ocrx_word' id='word_1_488' title='bbox 3562 2382 3795 2438; x_wconf 75' lang='lat' dir='ltr'><strong>naturalis</strong></span> 
     </span>
    </p>
   </div>
   <div class='ocr_carea' id='block_1_66' title="bbox 2217 2468 3790 2540">
    <p class='ocr_par' dir='ltr' id='par_1_66' title="bbox 2217 2468 3790 2540">
     <span class='ocr_line' id='line_1_66' title="bbox 2217 2468 3790 2540; baseline 0.003 -15"><span class='ocrx_word' id='word_1_489' title='bbox 2217 2468 2420 2525; x_wconf 86' lang='lat' dir='ltr'><strong>Jacob?</strong></span> <span class='ocrx_word' id='word_1_490' title='bbox 2471 2469 2672 2539; x_wconf 88' lang='lat' dir='ltr'><strong>Utique</strong></span> <span class='ocrx_word' id='word_1_491' title='bbox 2718 2485 2827 2524; x_wconf 93' lang='lat' dir='ltr'><strong>non</strong></span> <span class='ocrx_word' id='word_1_492' title='bbox 2875 2478 2960 2525; x_wconf 89' lang='lat' dir='ltr'><strong>est</strong></span> <span class='ocrx_word' id='word_1_493' title='bbox 3018 2470 3074 2524; x_wconf 92' lang='lat' dir='ltr'><strong>in</strong></span> <span class='ocrx_word' id='word_1_494' title='bbox 3128 2483 3188 2526; x_wconf 87' lang='lat' dir='ltr'><strong>se</strong></span> <span class='ocrx_word' id='word_1_495' title='bbox 3245 2471 3588 2540; x_wconf 76' lang='lat' dir='ltr'><strong>decimatas,</strong></span> <span class='ocrx_word' id='word_1_496' title='bbox 3629 2475 3711 2530; x_wconf 80' lang='lat' dir='ltr'><strong>sed</strong></span> <span class='ocrx_word' id='word_1_497' title='bbox 3742 2475 3790 2529; x_wconf 72' lang='lat' dir='ltr'><strong>in</strong></span> 
     </span>
    </p>
   </div>
   <div class='ocr_carea' id='block_1_67' title="bbox 2216 2559 3795 2634">
    <p class='ocr_par' dir='ltr' id='par_1_67' title="bbox 2216 2559 3795 2634">
     <span class='ocr_line' id='line_1_67' title="bbox 2216 2559 3795 2634; baseline 0.003 -17"><span class='ocrx_word' id='word_1_498' title='bbox 2216 2560 2494 2617; x_wconf 87' lang='lat' dir='ltr'><strong>Abraham</strong></span> <span class='ocrx_word' id='word_1_499' title='bbox 2522 2602 2538 2628; x_wconf 91' lang='lat'><strong>,</strong></span> <span class='ocrx_word' id='word_1_500' title='bbox 2588 2561 2655 2616; x_wconf 89' lang='lat' dir='ltr'><strong>de</strong></span> <span class='ocrx_word' id='word_1_501' title='bbox 2704 2559 2860 2630; x_wconf 89' lang='lat' dir='ltr'><strong>cujus</strong></span> <span class='ocrx_word' id='word_1_502' title='bbox 2906 2562 3164 2632; x_wconf 78' lang='lat' dir='ltr'><strong>progenie</strong></span> <span class='ocrx_word' id='word_1_503' title='bbox 3223 2561 3535 2621; x_wconf 80' lang='lat' dir='ltr'><strong>descendit.</strong></span> <span class='ocrx_word' id='word_1_504' title='bbox 3594 2568 3795 2634; x_wconf 68' lang='lat' dir='ltr'><strong>Quando</strong></span> 
     </span>
    </p>
   </div>
   <div class='ocr_carea' id='block_1_68' title="bbox 2218 2652 3798 2722">
    <p class='ocr_par' dir='ltr' id='par_1_68' title="bbox 2218 2652 3798 2722">
     <span class='ocr_line' id='line_1_68' title="bbox 2218 2652 3798 2722; baseline 0.004 -15"><span class='ocrx_word' id='word_1_505' title='bbox 2218 2653 2366 2707; x_wconf 90' lang='lat' dir='ltr'><strong>enim</strong></span> <span class='ocrx_word' id='word_1_506' title='bbox 2395 2653 2673 2707; x_wconf 85' lang='lat' dir='ltr'><strong>Abraham</strong></span> <span class='ocrx_word' id='word_1_507' title='bbox 2701 2652 2940 2707; x_wconf 87' lang='lat' dir='ltr'><strong>decimas</strong></span> <span class='ocrx_word' id='word_1_508' title='bbox 2964 2652 3159 2708; x_wconf 89' lang='lat' dir='ltr'><strong>obtulit</strong></span> <span class='ocrx_word' id='word_1_509' title='bbox 3194 2652 3633 2722; x_wconf 72' lang='lat' dir='ltr'><strong>Melchisedech,</strong></span> <span class='ocrx_word' id='word_1_510' title='bbox 3655 2658 3706 2713; x_wconf 91' lang='lat' dir='ltr'><strong>in</strong></span> <span class='ocrx_word' id='word_1_511' title='bbox 3726 2658 3798 2713; x_wconf 68' lang='lat' dir='ltr'><strong>ihs</strong></span> 
     </span>
    </p>
   </div>
   <div class='ocr_carea' id='block_1_69' title="bbox 2217 2742 3796 2821">
    <p class='ocr_par' dir='ltr' id='par_1_69' title="bbox 2217 2742 3796 2821">
     <span class='ocr_line' id='line_1_69' title="bbox 2217 2742 3796 2821; baseline 0.004 -21"><span class='ocrx_word' id='word_1_512' title='bbox 2217 2758 2407 2800; x_wconf 89' lang='lat' dir='ltr'><strong>omnes</strong></span> <span class='ocrx_word' id='word_1_513' title='bbox 2438 2744 2531 2798; x_wconf 87' lang='lat' dir='ltr'><strong>ﬁlii</strong></span> <span class='ocrx_word' id='word_1_514' title='bbox 2573 2742 2691 2812; x_wconf 84' lang='lat' dir='ltr'><strong>ejus</strong></span> <span class='ocrx_word' id='word_1_515' title='bbox 2741 2743 3005 2799; x_wconf 86' lang='lat' dir='ltr'><strong>dederunt</strong></span> <span class='ocrx_word' id='word_1_516' title='bbox 3055 2762 3068 2799; x_wconf 88' lang='lat'><strong>:</strong></span> <span class='ocrx_word' id='word_1_517' title='bbox 3124 2756 3457 2817; x_wconf 84' lang='lat' dir='ltr'><strong>quapropter</strong></span> <span class='ocrx_word' id='word_1_518' title='bbox 3500 2750 3642 2805; x_wconf 86' lang='lat' dir='ltr'><strong>dicit</strong></span> <span class='ocrx_word' id='word_1_519' title='bbox 3676 2750 3796 2821; x_wconf 83' lang='lat' dir='ltr'><strong>Apo-</strong></span> 
     </span>
    </p>
   </div>
   <div class='ocr_carea' id='block_1_70' title="bbox 2217 2836 3797 2910">
    <p class='ocr_par' dir='ltr' id='par_1_70' title="bbox 2217 2836 3797 2910">
     <span class='ocr_line' id='line_1_70' title="bbox 2217 2836 3797 2910; baseline 0.004 -17"><span class='ocrx_word' id='word_1_520' title='bbox 2217 2837 2407 2902; x_wconf 87' lang='lat' dir='ltr'><strong>stolus,</strong></span> <span class='ocrx_word' id='word_1_521' title='bbox 2433 2836 2559 2908; x_wconf 88' lang='lat' dir='ltr'><strong>quia</strong></span> <span class='ocrx_word' id='word_1_522' title='bbox 2595 2836 2721 2891; x_wconf 89' lang='lat' dir='ltr'><strong>Levi</strong></span> <span class='ocrx_word' id='word_1_523' title='bbox 2763 2836 2854 2909; x_wconf 90' lang='lat' dir='ltr'><strong>qui</strong></span> <span class='ocrx_word' id='word_1_524' title='bbox 2891 2836 3129 2893; x_wconf 84' lang='lat' dir='ltr'><strong>decimas</strong></span> <span class='ocrx_word' id='word_1_525' title='bbox 3151 2841 3363 2910; x_wconf 88' lang='lat' dir='ltr'><strong>accepit</strong></span> <span class='ocrx_word' id='word_1_526' title='bbox 3384 2841 3439 2896; x_wconf 92' lang='lat' dir='ltr'><strong>in</strong></span> <span class='ocrx_word' id='word_1_527' title='bbox 3473 2842 3611 2900; x_wconf 85' lang='lat' dir='ltr'><strong>ﬁliis</strong></span> <span class='ocrx_word' id='word_1_528' title='bbox 3648 2846 3752 2900; x_wconf 85' lang='lat' dir='ltr'><strong>suis</strong></span> <span class='ocrx_word' id='word_1_529' title='bbox 3774 2860 3797 2899; x_wconf 75' lang='grc' dir='ltr'><strong>ι</strong></span> 
     </span>
    </p>
   </div>
   <div class='ocr_carea' id='block_1_71' title="bbox 2217 2926 3797 2998">
    <p class='ocr_par' dir='ltr' id='par_1_71' title="bbox 2217 2926 3797 2998">
     <span class='ocr_line' id='line_1_71' title="bbox 2217 2926 3797 2998; baseline 0.004 -16"><span class='ocrx_word' id='word_1_530' title='bbox 2217 2926 2480 2983; x_wconf 83' lang='lat' dir='ltr'><strong>fratribus</strong></span> <span class='ocrx_word' id='word_1_531' title='bbox 2526 2928 2659 2994; x_wconf 90' lang='lat' dir='ltr'><strong>suis,</strong></span> <span class='ocrx_word' id='word_1_532' title='bbox 2693 2928 2995 2983; x_wconf 89' lang='lat' dir='ltr'><strong>decimatus</strong></span> <span class='ocrx_word' id='word_1_533' title='bbox 3035 2936 3119 2983; x_wconf 89' lang='lat' dir='ltr'><strong>est</strong></span> <span class='ocrx_word' id='word_1_534' title='bbox 3155 2943 3254 2998; x_wconf 85' lang='lat' dir='ltr'><strong>per</strong></span> <span class='ocrx_word' id='word_1_535' title='bbox 3280 2929 3569 2987; x_wconf 85' lang='lat' dir='ltr'><strong>Abraham</strong></span> <span class='ocrx_word' id='word_1_536' title='bbox 3616 2936 3729 2990; x_wconf 81' lang='lat' dir='ltr'><strong>sive</strong></span> <span class='ocrx_word' id='word_1_537' title='bbox 3753 2936 3797 2989; x_wconf 85' lang='lat' dir='ltr'><strong>in</strong></span> 
     </span>
    </p>
   </div>
   <div class='ocr_carea' id='block_1_72' title="bbox 2217 3018 3801 3095">
    <p class='ocr_par' dir='ltr' id='par_1_72' title="bbox 2217 3018 3801 3095">
     <span class='ocr_line' id='line_1_72' title="bbox 2217 3018 3801 3095; baseline 0.004 -20"><span class='ocrx_word' id='word_1_538' title='bbox 2217 3019 2515 3075; x_wconf 88' lang='lat' dir='ltr'><strong>Abraham.</strong></span> <span class='ocrx_word' id='word_1_539' title='bbox 2565 3018 2773 3088; x_wconf 82' lang='lat' dir='ltr'><strong>Quibus</strong></span> <span class='ocrx_word' id='word_1_540' title='bbox 2822 3020 3005 3075; x_wconf 91' lang='lat' dir='ltr'><strong>verbis</strong></span> <span class='ocrx_word' id='word_1_541' title='bbox 3041 3019 3369 3089; x_wconf 88' lang='lat' dir='ltr'><strong>declaratur,</strong></span> <span class='ocrx_word' id='word_1_542' title='bbox 3420 3025 3559 3095; x_wconf 86' lang='lat' dir='ltr'><strong>quia</strong></span> <span class='ocrx_word' id='word_1_543' title='bbox 3598 3028 3801 3081; x_wconf 52' lang='lat' dir='ltr'><strong>nisisa.</strong></span> 
     </span>
    </p>
   </div>
   <div class='ocr_carea' id='block_1_73' title="bbox 2178 3104 3800 3182">
    <p class='ocr_par' dir='ltr' id='par_1_73' title="bbox 2178 3104 3800 3182">
     <span class='ocr_line' id='line_1_73' title="bbox 2178 3104 3800 3182; baseline 0.003 -15"><span class='ocrx_word' id='word_1_544' title='bbox 2178 3104 2520 3167; x_wconf 47' lang='lat' dir='ltr'><strong>&#39;cerdotium</strong></span> <span class='ocrx_word' id='word_1_545' title='bbox 2572 3109 2968 3166; x_wconf 85' lang='lat' dir='ltr'><strong>Melchisedech</strong></span> <span class='ocrx_word' id='word_1_546' title='bbox 3025 3104 3118 3182; x_wconf 85' lang='lat' dir='ltr'><strong>qui</strong></span> <span class='ocrx_word' id='word_1_547' title='bbox 3173 3110 3228 3165; x_wconf 94' lang='lat' dir='ltr'><strong>in</strong></span> <span class='ocrx_word' id='word_1_548' title='bbox 3287 3111 3461 3180; x_wconf 79' lang='lat' dir='ltr'><strong>ﬁgura</strong></span> <span class='ocrx_word' id='word_1_549' title='bbox 3523 3116 3800 3171; x_wconf 71' lang='lat' dir='ltr'><strong>sacer-dedi</strong></span> 
     </span>
    </p>
   </div>
   <div class='ocr_carea' id='block_1_74' title="bbox 2142 3255 2189 3318">
    <p class='ocr_par' dir='ltr' id='par_1_74' title="bbox 2142 3255 2189 3318">
     <span class='ocr_line' id='line_1_74' title="bbox 2142 3255 2189 3318; baseline 0 0"><span class='ocrx_word' id='word_1_550' title='bbox 2142 3255 2189 3318; x_wconf 87' lang='lat' dir='ltr'><strong>C</strong></span> 
     </span>
    </p>
   </div>
   <div class='ocr_carea' id='block_1_75' title="bbox 2229 3200 3800 3280">
    <p class='ocr_par' dir='ltr' id='par_1_75' title="bbox 2229 3200 3800 3280">
     <span class='ocr_line' id='line_1_75' title="bbox 2229 3200 3800 3280; baseline 0.001 -20"><span class='ocrx_word' id='word_1_551' title='bbox 2229 3203 2433 3260; x_wconf 86' lang='lat' dir='ltr'><strong>Christi</strong></span> <span class='ocrx_word' id='word_1_552' title='bbox 2484 3203 2783 3273; x_wconf 72' lang='lat' dir='ltr'><strong>prazcessit,</strong></span> <span class='ocrx_word' id='word_1_553' title='bbox 2814 3200 3037 3271; x_wconf 84' lang='lat' dir='ltr'><strong>majoris</strong></span> <span class='ocrx_word' id='word_1_554' title='bbox 3081 3203 3358 3275; x_wconf 75' lang='lat' dir='ltr'><strong>dignitatis</strong></span> <span class='ocrx_word' id='word_1_555' title='bbox 3406 3215 3580 3271; x_wconf 83' lang='lat' dir='ltr'><strong>esset,</strong></span> <span class='ocrx_word' id='word_1_556' title='bbox 3612 3224 3800 3280; x_wconf 73' lang='lat' dir='ltr'><strong>nequa-</strong></span> 
     </span>
    </p>
   </div>
   <div class='ocr_carea' id='block_1_76' title="bbox 2219 3294 3801 3368">
    <p class='ocr_par' dir='ltr' id='par_1_76' title="bbox 2219 3294 3801 3368">
     <span class='ocr_line' id='line_1_76' title="bbox 2219 3294 3801 3368; baseline 0.006 -19"><span class='ocrx_word' id='word_1_557' title='bbox 2219 3312 2381 3367; x_wconf 88' lang='lat' dir='ltr'><strong>quam</strong></span> <span class='ocrx_word' id='word_1_558' title='bbox 2411 3294 2686 3351; x_wconf 88' lang='lat' dir='ltr'><strong>Abraham</strong></span> <span class='ocrx_word' id='word_1_559' title='bbox 2722 3310 3020 3365; x_wconf 90' lang='lat' dir='ltr'><strong>omnesque</strong></span> <span class='ocrx_word' id='word_1_560' title='bbox 3048 3295 3143 3350; x_wconf 84' lang='lat' dir='ltr'><strong>ﬁlii</strong></span> <span class='ocrx_word' id='word_1_561' title='bbox 3172 3296 3292 3368; x_wconf 88' lang='lat' dir='ltr'><strong>ejus</strong></span> <span class='ocrx_word' id='word_1_562' title='bbox 3323 3296 3395 3352; x_wconf 88' lang='lat' dir='ltr'><strong>ab</strong></span> <span class='ocrx_word' id='word_1_563' title='bbox 3423 3298 3522 3354; x_wconf 90' lang='lat' dir='ltr'><strong>illo</strong></span> <span class='ocrx_word' id='word_1_564' title='bbox 3565 3301 3801 3359; x_wconf 79' lang='lat' dir='ltr'><strong>decimati</strong></span> 
     </span>
    </p>
   </div>
   <div class='ocr_carea' id='block_1_77' title="bbox 2216 3385 3802 3448">
    <p class='ocr_par' dir='ltr' id='par_1_77' title="bbox 2216 3385 3802 3448">
     <span class='ocr_line' id='line_1_77' title="bbox 2216 3385 3802 3448; baseline 0.004 -6"><span class='ocrx_word' id='word_1_565' title='bbox 2216 3394 2415 3442; x_wconf 86' lang='lat' dir='ltr'><strong>essent.</strong></span> <span class='ocrx_word' id='word_1_566' title='bbox 2445 3385 2583 3439; x_wconf 91' lang='lat' dir='ltr'><strong>Dum</strong></span> <span class='ocrx_word' id='word_1_567' title='bbox 2608 3385 2756 3441; x_wconf 87' lang='lat' dir='ltr'><strong>enim</strong></span> <span class='ocrx_word' id='word_1_568' title='bbox 2780 3386 3147 3441; x_wconf 89' lang='lat' dir='ltr'><strong>sacerdotium</strong></span> <span class='ocrx_word' id='word_1_569' title='bbox 3178 3402 3206 3440; x_wconf 88' lang='lat' dir='ltr'><strong>a</strong></span> <span class='ocrx_word' id='word_1_570' title='bbox 3237 3388 3561 3447; x_wconf 88' lang='lat' dir='ltr'><strong>sacerdotio</strong></span> <span class='ocrx_word' id='word_1_571' title='bbox 3589 3393 3802 3448; x_wconf 78' lang='lat' dir='ltr'><strong>decima-</strong></span> 
     </span>
    </p>
   </div>
   <div class='ocr_carea' id='block_1_78' title="bbox 2218 3476 3665 3548">
    <p class='ocr_par' dir='ltr' id='par_1_78' title="bbox 2218 3476 3665 3548">
     <span class='ocr_line' id='line_1_78' title="bbox 2218 3476 3665 3548; baseline 0.003 -15"><span class='ocrx_word' id='word_1_572' title='bbox 2218 3488 2328 3544; x_wconf 80' lang='lat' dir='ltr'><strong>tur,</strong></span> <span class='ocrx_word' id='word_1_573' title='bbox 2354 3476 2577 3547; x_wconf 90' lang='lat' dir='ltr'><strong>majoris</strong></span> <span class='ocrx_word' id='word_1_574' title='bbox 2608 3477 2887 3548; x_wconf 81' lang='lat' dir='ltr'><strong>dignitatis</strong></span> <span class='ocrx_word' id='word_1_575' title='bbox 2923 3493 3089 3532; x_wconf 89' lang='lat' dir='ltr'><strong>unum</strong></span> <span class='ocrx_word' id='word_1_576' title='bbox 3120 3476 3293 3534; x_wconf 88' lang='lat' dir='ltr'><strong>altero</strong></span> <span class='ocrx_word' id='word_1_577' title='bbox 3321 3483 3665 3538; x_wconf 87' lang='lat' dir='ltr'><strong>ostenditur.</strong></span> 
     </span>
    </p>
   </div>
   <div class='ocr_carea' id='block_1_79' title="bbox 2289 3571 3803 3641">
    <p class='ocr_par' dir='ltr' id='par_1_79' title="bbox 2289 3571 3803 3641">
     <span class='ocr_line' id='line_1_79' title="bbox 2289 3571 3803 3641; baseline 0.005 -15"><span class='ocrx_word' id='word_1_578' title='bbox 2289 3571 2351 3627; x_wconf 86' lang='lat' dir='ltr'><strong>Si</strong></span> <span class='ocrx_word' id='word_1_579' title='bbox 2402 3586 2524 3641; x_wconf 88' lang='lat' dir='ltr'><strong>ergo</strong></span> <span class='ocrx_word' id='word_1_580' title='bbox 2566 3572 2950 3625; x_wconf 85' lang='lat' dir='ltr'><strong>consummatio</strong></span> <span class='ocrx_word' id='word_1_581' title='bbox 2992 3587 3084 3641; x_wconf 85' lang='lat' dir='ltr'><strong>per</strong></span> <span class='ocrx_word' id='word_1_582' title='bbox 3126 3573 3484 3628; x_wconf 79' lang='lat' dir='ltr'><strong>sacerdotium</strong></span> <span class='ocrx_word' id='word_1_583' title='bbox 3534 3575 3803 3633; x_wconf 64' lang='lat' dir='ltr'><strong>Levitidis</strong></span> 
     </span>
    </p>
   </div>
   <div class='ocr_carea' id='block_1_80' title="bbox 2215 3661 3803 3737">
    <p class='ocr_par' dir='ltr' id='par_1_80' title="bbox 2215 3661 3803 3737">
     <span class='ocr_line' id='line_1_80' title="bbox 2215 3661 3803 3737; baseline 0.004 -20"><span class='ocrx_word' id='word_1_584' title='bbox 2215 3671 2326 3717; x_wconf 89' lang='lat' dir='ltr'><strong>erat</strong></span> <span class='ocrx_word' id='word_1_585' title='bbox 2345 3661 2589 3733; x_wconf 81' lang='lat' dir='ltr'><strong>(populus</strong></span> <span class='ocrx_word' id='word_1_586' title='bbox 2609 3662 2745 3715; x_wconf 90' lang='lat' dir='ltr'><strong>enim</strong></span> <span class='ocrx_word' id='word_1_587' title='bbox 2769 3661 2864 3715; x_wconf 86' lang='lat' dir='ltr'><strong>sub</strong></span> <span class='ocrx_word' id='word_1_588' title='bbox 2887 3663 3000 3732; x_wconf 88' lang='lat' dir='ltr'><strong>ipso</strong></span> <span class='ocrx_word' id='word_1_589' title='bbox 3023 3661 3185 3732; x_wconf 88' lang='lat' dir='ltr'><strong>legem</strong></span> <span class='ocrx_word' id='word_1_590' title='bbox 3217 3664 3466 3734; x_wconf 85' lang='lat' dir='ltr'><strong>accepit),</strong></span> <span class='ocrx_word' id='word_1_591' title='bbox 3489 3669 3633 3737; x_wconf 80' lang='lat' dir='ltr'><strong>quid</strong></span> <span class='ocrx_word' id='word_1_592' title='bbox 3655 3670 3803 3723; x_wconf 69' lang='lat' dir='ltr'><strong>adhuc</strong></span> 
     </span>
    </p>
   </div>
   <div class='ocr_carea' id='block_1_81' title="bbox 2216 3753 3799 3823">
    <p class='ocr_par' dir='ltr' id='par_1_81' title="bbox 2216 3753 3799 3823">
     <span class='ocr_line' id='line_1_81' title="bbox 2216 3753 3799 3823; baseline 0.003 -12"><span class='ocrx_word' id='word_1_593' title='bbox 2216 3756 2566 3811; x_wconf 85' lang='lat' dir='ltr'><strong>necessarium</strong></span> <span class='ocrx_word' id='word_1_594' title='bbox 2630 3753 2730 3823; x_wconf 77' lang='lat' dir='ltr'><strong>fuit</strong></span> <span class='ocrx_word' id='word_1_595' title='bbox 2776 3754 3062 3808; x_wconf 83' lang='lat' dir='ltr'><strong>secundum</strong></span> <span class='ocrx_word' id='word_1_596' title='bbox 3130 3755 3365 3809; x_wconf 85' lang='lat' dir='ltr'><strong>ordinem</strong></span> <span class='ocrx_word' id='word_1_597' title='bbox 3433 3757 3799 3815; x_wconf 67' lang='lat' dir='ltr'><strong>Melchisedech</strong></span> 
     </span>
    </p>
   </div>
   <div class='ocr_carea' id='block_1_82' title="bbox 2215 3845 3801 3916">
    <p class='ocr_par' dir='ltr' id='par_1_82' title="bbox 2215 3845 3801 3916">
     <span class='ocr_line' id='line_1_82' title="bbox 2215 3845 3801 3916; baseline 0.001 -13"><span class='ocrx_word' id='word_1_598' title='bbox 2215 3848 2379 3903; x_wconf 85' lang='lat' dir='ltr'><strong>alium</strong></span> <span class='ocrx_word' id='word_1_599' title='bbox 2409 3861 2687 3916; x_wconf 78' lang='lat' dir='ltr'><strong>exsurgere</strong></span> <span class='ocrx_word' id='word_1_600' title='bbox 2708 3845 3029 3899; x_wconf 86' lang='lat' dir='ltr'><strong>sacerdotem</strong></span> <span class='ocrx_word' id='word_1_601' title='bbox 3059 3855 3105 3898; x_wconf 91' lang='lat' dir='ltr'><strong>et</strong></span> <span class='ocrx_word' id='word_1_602' title='bbox 3130 3861 3233 3899; x_wconf 89' lang='lat' dir='ltr'><strong>non</strong></span> <span class='ocrx_word' id='word_1_603' title='bbox 3261 3847 3563 3903; x_wconf 79' lang='lat' dir='ltr'><strong>secundum</strong></span> <span class='ocrx_word' id='word_1_604' title='bbox 3589 3853 3801 3905; x_wconf 65' lang='lat' dir='ltr'><strong>ordines</strong></span> 
     </span>
    </p>
   </div>
   <div class='ocr_carea' id='block_1_83' title="bbox 2217 3935 3799 4003">
    <p class='ocr_par' dir='ltr' id='par_1_83' title="bbox 2217 3935 3799 4003">
     <span class='ocr_line' id='line_1_83' title="bbox 2217 3935 3799 4003; baseline 0.003 -9"><span class='ocrx_word' id='word_1_605' title='bbox 2217 3939 2395 3994; x_wconf 85' lang='lat' dir='ltr'><strong>Aaron</strong></span> <span class='ocrx_word' id='word_1_606' title='bbox 2422 3938 2568 3991; x_wconf 77' lang='lat' dir='ltr'><strong>dici?</strong></span> <span class='ocrx_word' id='word_1_607' title='bbox 2599 3935 2880 3991; x_wconf 84' lang='lat' dir='ltr'><strong>Translata</strong></span> <span class='ocrx_word' id='word_1_608' title='bbox 2902 3937 3041 3993; x_wconf 85' lang='lat' dir='ltr'><strong>enim</strong></span> <span class='ocrx_word' id='word_1_609' title='bbox 3067 3937 3386 4003; x_wconf 84' lang='lat' dir='ltr'><strong>sacerdotio,</strong></span> <span class='ocrx_word' id='word_1_610' title='bbox 3427 3957 3649 3998; x_wconf 78' lang='lat' dir='ltr'><strong>necesse</strong></span> <span class='ocrx_word' id='word_1_611' title='bbox 3673 3953 3799 3999; x_wconf 68' lang='lat' dir='ltr'><strong>estut</strong></span> 
     </span>
    </p>
   </div>
   <div class='ocr_carea' id='block_1_84' title="bbox 2218 4025 3801 4100">
    <p class='ocr_par' dir='ltr' id='par_1_84' title="bbox 2218 4025 3801 4100">
     <span class='ocr_line' id='line_1_84' title="bbox 2218 4025 3801 4100; baseline 0.003 -15"><span class='ocrx_word' id='word_1_612' title='bbox 2218 4040 2265 4085; x_wconf 87' lang='lat' dir='ltr'><strong>et</strong></span> <span class='ocrx_word' id='word_1_613' title='bbox 2309 4030 2434 4100; x_wconf 85' lang='lat' dir='ltr'><strong>legis</strong></span> <span class='ocrx_word' id='word_1_614' title='bbox 2468 4026 2746 4081; x_wconf 86' lang='lat' dir='ltr'><strong>translatio</strong></span> <span class='ocrx_word' id='word_1_615' title='bbox 2784 4027 2897 4096; x_wconf 82' lang='lat' dir='ltr'><strong>fiat.</strong></span> <span class='ocrx_word' id='word_1_616' title='bbox 2931 4025 3070 4081; x_wconf 86' lang='lat' dir='ltr'><strong>Hinc</strong></span> <span class='ocrx_word' id='word_1_617' title='bbox 3108 4027 3300 4097; x_wconf 90' lang='lat' dir='ltr'><strong>incipit</strong></span> <span class='ocrx_word' id='word_1_618' title='bbox 3324 4027 3441 4095; x_wconf 89' lang='lat' dir='ltr'><strong>jam</strong></span> <span class='ocrx_word' id='word_1_619' title='bbox 3477 4031 3801 4100; x_wconf 74' lang='lat' dir='ltr'><strong>pleniusdif-</strong></span> 
     </span>
    </p>
   </div>
   <div class='ocr_carea' id='block_1_85' title="bbox 2217 4117 3802 4186">
    <p class='ocr_par' dir='ltr' id='par_1_85' title="bbox 2217 4117 3802 4186">
     <span class='ocr_line' id='line_1_85' title="bbox 2217 4117 3802 4186; baseline 0.003 -11"><span class='ocrx_word' id='word_1_620' title='bbox 2217 4119 2479 4179; x_wconf 86' lang='lat' dir='ltr'><strong>ferentias</strong></span> <span class='ocrx_word' id='word_1_621' title='bbox 2506 4117 2637 4173; x_wconf 82' lang='lat' dir='ltr'><strong>Novi</strong></span> <span class='ocrx_word' id='word_1_622' title='bbox 2680 4117 3015 4172; x_wconf 88' lang='lat' dir='ltr'><strong>Testamenti</strong></span> <span class='ocrx_word' id='word_1_623' title='bbox 3046 4118 3333 4173; x_wconf 89' lang='lat' dir='ltr'><strong>ostendere</strong></span> <span class='ocrx_word' id='word_1_624' title='bbox 3362 4120 3591 4186; x_wconf 88' lang='lat' dir='ltr'><strong>dicens,</strong></span> <span class='ocrx_word' id='word_1_625' title='bbox 3621 4124 3666 4179; x_wconf 80' lang='lat' dir='ltr'><strong>si</strong></span> <span class='ocrx_word' id='word_1_626' title='bbox 3693 4140 3802 4179; x_wconf 78' lang='lat' dir='ltr'><strong>cou-</strong></span> 
     </span>
    </p>
   </div>
   <div class='ocr_carea' id='block_1_86' title="bbox 2217 4208 3799 4285">
    <p class='ocr_par' dir='ltr' id='par_1_86' title="bbox 2217 4208 3799 4285">
     <span class='ocr_line' id='line_1_86' title="bbox 2217 4208 3799 4285; baseline 0.004 -17"><span class='ocrx_word' id='word_1_627' title='bbox 2217 4212 2528 4276; x_wconf 90' lang='lat' dir='ltr'><strong>summatio,</strong></span> <span class='ocrx_word' id='word_1_628' title='bbox 2570 4211 2622 4265; x_wconf 91' lang='lat' dir='ltr'><strong>id</strong></span> <span class='ocrx_word' id='word_1_629' title='bbox 2654 4217 2735 4266; x_wconf 88' lang='lat' dir='ltr'><strong>est</strong></span> <span class='ocrx_word' id='word_1_630' title='bbox 2758 4208 3021 4281; x_wconf 88' lang='lat' dir='ltr'><strong>perfectio</strong></span> <span class='ocrx_word' id='word_1_631' title='bbox 3047 4211 3172 4265; x_wconf 80' lang='lat' dir='ltr'><strong>vitae</strong></span> <span class='ocrx_word' id='word_1_632' title='bbox 3194 4219 3360 4284; x_wconf 89' lang='lat' dir='ltr'><strong>atque</strong></span> <span class='ocrx_word' id='word_1_633' title='bbox 3376 4210 3799 4285; x_wconf 82' lang='lat' dir='ltr'><strong>justiﬁeationis,</strong></span> 
     </span>
    </p>
   </div>
   <div class='ocr_carea' id='block_1_87' title="bbox 2215 4303 3802 4378">
    <p class='ocr_par' dir='ltr' id='par_1_87' title="bbox 2215 4303 3802 4378">
     <span class='ocr_line' id='line_1_87' title="bbox 2215 4303 3802 4378; baseline 0.008 -18"><span class='ocrx_word' id='word_1_634' title='bbox 2215 4321 2315 4378; x_wconf 91' lang='lat' dir='ltr'><strong>per</strong></span> <span class='ocrx_word' id='word_1_635' title='bbox 2368 4304 2735 4360; x_wconf 87' lang='lat' dir='ltr'><strong>sacerdotium</strong></span> <span class='ocrx_word' id='word_1_636' title='bbox 2782 4303 3080 4359; x_wconf 88' lang='lat' dir='ltr'><strong>Leviticum</strong></span> <span class='ocrx_word' id='word_1_637' title='bbox 3113 4303 3237 4372; x_wconf 91' lang='lat' dir='ltr'><strong>fuit,</strong></span> <span class='ocrx_word' id='word_1_638' title='bbox 3278 4308 3412 4377; x_wconf 90' lang='lat' dir='ltr'><strong>quid</strong></span> <span class='ocrx_word' id='word_1_639' title='bbox 3452 4326 3690 4370; x_wconf 82' lang='lat' dir='ltr'><strong>necesse</strong></span> <span class='ocrx_word' id='word_1_640' title='bbox 3720 4314 3802 4369; x_wconf 84' lang='lat' dir='ltr'><strong>fuit</strong></span> 
     </span>
    </p>
   </div>
   <div class='ocr_carea' id='block_1_88' title="bbox 2220 4398 3800 4469">
    <p class='ocr_par' dir='ltr' id='par_1_88' title="bbox 2220 4398 3800 4469">
     <span class='ocr_line' id='line_1_88' title="bbox 2220 4398 3800 4469; baseline 0.006 -17"><span class='ocrx_word' id='word_1_641' title='bbox 2220 4398 2383 4453; x_wconf 89' lang='lat' dir='ltr'><strong>alium</strong></span> <span class='ocrx_word' id='word_1_642' title='bbox 2447 4412 2742 4469; x_wconf 81' lang='lat' dir='ltr'><strong>exsurgere</strong></span> <span class='ocrx_word' id='word_1_643' title='bbox 2795 4398 3136 4452; x_wconf 87' lang='lat' dir='ltr'><strong>sacerdotem</strong></span> <span class='ocrx_word' id='word_1_644' title='bbox 3200 4402 3506 4457; x_wconf 87' lang='lat' dir='ltr'><strong>secundum</strong></span> <span class='ocrx_word' id='word_1_645' title='bbox 3571 4408 3800 4464; x_wconf 77' lang='lat' dir='ltr'><strong>ordinem</strong></span> 
     </span>
    </p>
   </div>
   <div class='ocr_carea' id='block_1_89' title="bbox 2218 4490 3799 4572">
    <p class='ocr_par' dir='ltr' id='par_1_89' title="bbox 2218 4490 3799 4572">
     <span class='ocr_line' id='line_1_89' title="bbox 2218 4490 3799 4572; baseline 0.004 -24"><span class='ocrx_word' id='word_1_646' title='bbox 2218 4491 2648 4548; x_wconf 83' lang='lat' dir='ltr'><strong>Melchisedech?</strong></span> <span class='ocrx_word' id='word_1_647' title='bbox 2674 4491 2809 4546; x_wconf 85' lang='lat' dir='ltr'><strong>Nam</strong></span> <span class='ocrx_word' id='word_1_648' title='bbox 2833 4491 2959 4561; x_wconf 89' lang='lat' dir='ltr'><strong>quia</strong></span> <span class='ocrx_word' id='word_1_649' title='bbox 2985 4490 3164 4547; x_wconf 81' lang='lat' dir='ltr'><strong>Aaron</strong></span> <span class='ocrx_word' id='word_1_650' title='bbox 3189 4493 3428 4563; x_wconf 89' lang='lat' dir='ltr'><strong>primum</strong></span> <span class='ocrx_word' id='word_1_651' title='bbox 3462 4507 3599 4568; x_wconf 89' lang='lat' dir='ltr'><strong>post</strong></span> <span class='ocrx_word' id='word_1_652' title='bbox 3649 4501 3799 4572; x_wconf 70' lang='lat' dir='ltr'><strong>legem</strong></span> 
     </span>
    </p>
   </div>
   <div class='ocr_carea' id='block_1_90' title="bbox 525 4583 3801 4681">
    <p class='ocr_par' dir='ltr' id='par_1_90' title="bbox 525 4583 3801 4681">
     <span class='ocr_line' id='line_1_90' title="bbox 525 4583 3801 4681; baseline 0.001 -39"><span class='ocrx_word' id='word_1_653' title='bbox 525 4590 807 4658; x_wconf 84' lang='lat' dir='ltr'><strong>Quomodo</strong></span> <span class='ocrx_word' id='word_1_654' title='bbox 828 4604 959 4661; x_wconf 85' lang='lat' dir='ltr'><strong>ergo</strong></span> <span class='ocrx_word' id='word_1_655' title='bbox 1005 4591 1109 4646; x_wconf 89' lang='lat' dir='ltr'><strong>hoc</strong></span> <span class='ocrx_word' id='word_1_656' title='bbox 1164 4588 1504 4646; x_wconf 73' lang='lat' dir='ltr'><strong>ostenditur?</strong></span> <span class='ocrx_word' id='word_1_657' title='bbox 1565 4589 1781 4657; x_wconf 89' lang='lat' dir='ltr'><strong>Utique,</strong></span> <span class='ocrx_word' id='word_1_658' title='bbox 1819 4588 1946 4658; x_wconf 87' lang='lat' dir='ltr'><strong>quia</strong></span> <span class='ocrx_word' id='word_1_659' title='bbox 1997 4590 2113 4658; x_wconf 88' lang='lat' dir='ltr'><strong>ipse</strong></span> <span class='ocrx_word' id='word_1_660' title='bbox 2134 4615 2192 4681; x_wconf 65' lang='grc' dir='ltr'><strong>Β</strong></span> <span class='ocrx_word' id='word_1_661' title='bbox 2218 4587 2399 4643; x_wconf 85' lang='lat' dir='ltr'><strong>datam</strong></span> <span class='ocrx_word' id='word_1_662' title='bbox 2432 4586 2769 4641; x_wconf 88' lang='lat' dir='ltr'><strong>sacerdotem</strong></span> <span class='ocrx_word' id='word_1_663' title='bbox 2797 4583 2965 4639; x_wconf 91' lang='lat' dir='ltr'><strong>fuisse</strong></span> <span class='ocrx_word' id='word_1_664' title='bbox 2989 4585 3056 4640; x_wconf 90' lang='lat' dir='ltr'><strong>de</strong></span> <span class='ocrx_word' id='word_1_665' title='bbox 3082 4584 3225 4639; x_wconf 90' lang='lat' dir='ltr'><strong>tribu</strong></span> <span class='ocrx_word' id='word_1_666' title='bbox 3247 4585 3397 4653; x_wconf 84' lang='lat' dir='ltr'><strong>Levi,</strong></span> <span class='ocrx_word' id='word_1_667' title='bbox 3430 4589 3570 4644; x_wconf 90' lang='lat' dir='ltr'><strong>nulli</strong></span> <span class='ocrx_word' id='word_1_668' title='bbox 3597 4591 3801 4647; x_wconf 76' lang='lat' dir='ltr'><strong>dubium</strong></span> 
     </span>
    </p>
   </div>
   <div class='ocr_carea' id='block_1_91' title="bbox 522 4679 2109 4751">
    <p class='ocr_par' dir='ltr' id='par_1_91' title="bbox 522 4679 2109 4751">
     <span class='ocr_line' id='line_1_91' title="bbox 522 4679 2109 4751; baseline 0.001 -13"><span class='ocrx_word' id='word_1_669' title='bbox 522 4680 654 4738; x_wconf 92' lang='lat' dir='ltr'><strong>Levi</strong></span> <span class='ocrx_word' id='word_1_670' title='bbox 682 4697 748 4737; x_wconf 80' lang='lat' dir='ltr'><strong>ex</strong></span> <span class='ocrx_word' id='word_1_671' title='bbox 774 4698 881 4751; x_wconf 92' lang='lat' dir='ltr'><strong>quo</strong></span> <span class='ocrx_word' id='word_1_672' title='bbox 905 4681 1237 4737; x_wconf 86' lang='lat' dir='ltr'><strong>sacerdotale</strong></span> <span class='ocrx_word' id='word_1_673' title='bbox 1265 4696 1437 4751; x_wconf 83' lang='lat' dir='ltr'><strong>genus</strong></span> <span class='ocrx_word' id='word_1_674' title='bbox 1467 4690 1647 4735; x_wconf 89' lang='lat' dir='ltr'><strong>ortum</strong></span> <span class='ocrx_word' id='word_1_675' title='bbox 1675 4691 1780 4745; x_wconf 90' lang='lat' dir='ltr'><strong>est,</strong></span> <span class='ocrx_word' id='word_1_676' title='bbox 1803 4679 2109 4739; x_wconf 76' lang='lat' dir='ltr'><strong>decimatas</strong></span> 
     </span>
    </p>
   </div>
   <div class='ocr_carea' id='block_1_92' title="bbox 523 4771 2110 4842">
    <p class='ocr_par' dir='ltr' id='par_1_92' title="bbox 523 4771 2110 4842">
     <span class='ocr_line' id='line_1_92' title="bbox 523 4771 2110 4842; baseline -0.003 -12"><span class='ocrx_word' id='word_1_677' title='bbox 523 4783 609 4830; x_wconf 86' lang='lat' dir='ltr'><strong>est</strong></span> <span class='ocrx_word' id='word_1_678' title='bbox 629 4788 658 4827; x_wconf 88' lang='lat' dir='ltr'><strong>a</strong></span> <span class='ocrx_word' id='word_1_679' title='bbox 699 4772 1093 4830; x_wconf 87' lang='lat' dir='ltr'><strong>Melchisedech</strong></span> <span class='ocrx_word' id='word_1_680' title='bbox 1122 4772 1175 4827; x_wconf 91' lang='lat' dir='ltr'><strong>in</strong></span> <span class='ocrx_word' id='word_1_681' title='bbox 1213 4772 1412 4828; x_wconf 89' lang='lat' dir='ltr'><strong>lumbis</strong></span> <span class='ocrx_word' id='word_1_682' title='bbox 1433 4771 1797 4842; x_wconf 87' lang='lat' dir='ltr'><strong>progenitoris</strong></span> <span class='ocrx_word' id='word_1_683' title='bbox 1831 4771 1936 4837; x_wconf 91' lang='lat' dir='ltr'><strong>sui,</strong></span> <span class='ocrx_word' id='word_1_684' title='bbox 1965 4772 2110 4841; x_wconf 85' lang='lat' dir='ltr'><strong>jam-</strong></span> 
     </span>
    </p>
   </div>
   <div class='ocr_carea' id='block_1_93' title="bbox 523 4862 2107 4937">
    <p class='ocr_par' dir='ltr' id='par_1_93' title="bbox 523 4862 2107 4937">
     <span class='ocr_line' id='line_1_93' title="bbox 523 4862 2107 4937; baseline 0.001 -17"><span class='ocrx_word' id='word_1_685' title='bbox 523 4881 628 4937; x_wconf 87' lang='lat' dir='ltr'><strong>que</strong></span> <span class='ocrx_word' id='word_1_686' title='bbox 648 4874 768 4922; x_wconf 85' lang='lat' dir='ltr'><strong>erat</strong></span> <span class='ocrx_word' id='word_1_687' title='bbox 793 4866 1068 4922; x_wconf 87' lang='lat' dir='ltr'><strong>Abraham</strong></span> <span class='ocrx_word' id='word_1_688' title='bbox 1108 4863 1487 4927; x_wconf 86' lang='lat' dir='ltr'><strong>circumcisus,</strong></span> <span class='ocrx_word' id='word_1_689' title='bbox 1523 4862 1746 4933; x_wconf 87' lang='lat' dir='ltr'><strong>jamque</strong></span> <span class='ocrx_word' id='word_1_690' title='bbox 1789 4863 2107 4933; x_wconf 86' lang='lat' dir='ltr'><strong>promissio-</strong></span> 
     </span>
    </p>
   </div>
   <div class='ocr_carea' id='block_1_94' title="bbox 522 4954 2166 5028">
    <p class='ocr_par' dir='ltr' id='par_1_94' title="bbox 522 4954 2166 5028">
     <span class='ocr_line' id='line_1_94' title="bbox 522 4954 2166 5028; baseline -0.002 -13"><span class='ocrx_word' id='word_1_691' title='bbox 522 4975 647 5015; x_wconf 90' lang='lat' dir='ltr'><strong>nem</strong></span> <span class='ocrx_word' id='word_1_692' title='bbox 684 4974 717 5014; x_wconf 87' lang='lat' dir='ltr'><strong>a</strong></span> <span class='ocrx_word' id='word_1_693' title='bbox 744 4960 857 5015; x_wconf 89' lang='lat' dir='ltr'><strong>Deo</strong></span> <span class='ocrx_word' id='word_1_694' title='bbox 884 4968 1170 5028; x_wconf 88' lang='lat' dir='ltr'><strong>acceperat</strong></span> <span class='ocrx_word' id='word_1_695' title='bbox 1197 4955 1341 5026; x_wconf 92' lang='lat' dir='ltr'><strong>quod</strong></span> <span class='ocrx_word' id='word_1_696' title='bbox 1388 4954 1445 5010; x_wconf 89' lang='lat' dir='ltr'><strong>in</strong></span> <span class='ocrx_word' id='word_1_697' title='bbox 1486 4955 1695 5011; x_wconf 88' lang='lat' dir='ltr'><strong>semine</strong></span> <span class='ocrx_word' id='word_1_698' title='bbox 1729 4954 1849 5025; x_wconf 86' lang='lat' dir='ltr'><strong>ejus</strong></span> <span class='ocrx_word' id='word_1_699' title='bbox 1890 4956 2111 5013; x_wconf 88' lang='lat' dir='ltr'><strong>benedi-</strong></span> <span class='ocrx_word' id='word_1_700' title='bbox 2161 4989 2166 4994; x_wconf 92' lang='lat'><strong>-</strong></span> 
     </span>
    </p>
   </div>
   <div class='ocr_carea' id='block_1_95' title="bbox 523 5048 2110 5123">
    <p class='ocr_par' dir='ltr' id='par_1_95' title="bbox 523 5048 2110 5123">
     <span class='ocr_line' id='line_1_95' title="bbox 523 5048 2110 5123; baseline -0.004 -14"><span class='ocrx_word' id='word_1_701' title='bbox 523 5059 718 5109; x_wconf 89' lang='lat' dir='ltr'><strong>centur</strong></span> <span class='ocrx_word' id='word_1_702' title='bbox 749 5066 939 5108; x_wconf 90' lang='lat' dir='ltr'><strong>omnes</strong></span> <span class='ocrx_word' id='word_1_703' title='bbox 963 5059 1173 5123; x_wconf 83' lang='lat' dir='ltr'><strong>gentes,</strong></span> <span class='ocrx_word' id='word_1_704' title='bbox 1208 5050 1425 5121; x_wconf 87' lang='lat' dir='ltr'><strong>quando</strong></span> <span class='ocrx_word' id='word_1_705' title='bbox 1468 5048 1783 5104; x_wconf 87' lang='lat' dir='ltr'><strong>benedictus</strong></span> <span class='ocrx_word' id='word_1_706' title='bbox 1809 5056 1893 5104; x_wconf 89' lang='lat' dir='ltr'><strong>est</strong></span> <span class='ocrx_word' id='word_1_707' title='bbox 1915 5063 1944 5103; x_wconf 88' lang='lat' dir='ltr'><strong>a</strong></span> <span class='ocrx_word' id='word_1_708' title='bbox 1981 5048 2110 5105; x_wconf 83' lang='lat' dir='ltr'><strong>Mel-</strong></span> 
     </span>
    </p>
   </div>
   <div class='ocr_carea' id='block_1_96' title="bbox 527 5140 2109 5206">
    <p class='ocr_par' dir='ltr' id='par_1_96' title="bbox 527 5140 2109 5206">
     <span class='ocr_line' id='line_1_96' title="bbox 527 5140 2109 5206; baseline -0.001 -7"><span class='ocrx_word' id='word_1_709' title='bbox 527 5144 814 5200; x_wconf 86' lang='lat' dir='ltr'><strong>chisedech</strong></span> <span class='ocrx_word' id='word_1_710' title='bbox 839 5144 1121 5201; x_wconf 87' lang='lat' dir='ltr'><strong>sacerdote</strong></span> <span class='ocrx_word' id='word_1_711' title='bbox 1173 5141 1578 5206; x_wconf 89' lang='lat' dir='ltr'><strong>incircumciso,</strong></span> <span class='ocrx_word' id='word_1_712' title='bbox 1611 5140 1745 5195; x_wconf 89' lang='lat' dir='ltr'><strong>dans</strong></span> <span class='ocrx_word' id='word_1_713' title='bbox 1773 5140 1821 5195; x_wconf 90' lang='lat' dir='ltr'><strong>ei</strong></span> <span class='ocrx_word' id='word_1_714' title='bbox 1867 5140 2109 5197; x_wconf 86' lang='lat' dir='ltr'><strong>decimas</strong></span> 
     </span>
    </p>
   </div>
   <div class='ocr_carea' id='block_1_97' title="bbox 526 5232 2104 5306">
    <p class='ocr_par' dir='ltr' id='par_1_97' title="bbox 526 5232 2104 5306">
     <span class='ocr_line' id='line_1_97' title="bbox 526 5232 2104 5306; baseline -0.001 -17"><span class='ocrx_word' id='word_1_715' title='bbox 526 5235 695 5290; x_wconf 89' lang='lat' dir='ltr'><strong>totius</strong></span> <span class='ocrx_word' id='word_1_716' title='bbox 720 5237 932 5306; x_wconf 64' lang='lat' dir='ltr'><strong>przedaa.</strong></span> <span class='ocrx_word' id='word_1_717' title='bbox 964 5234 1298 5291; x_wconf 88' lang='lat' dir='ltr'><strong>Benedicens</strong></span> <span class='ocrx_word' id='word_1_718' title='bbox 1321 5241 1504 5289; x_wconf 84' lang='lat' dir='ltr'><strong>autem</strong></span> <span class='ocrx_word' id='word_1_719' title='bbox 1535 5248 1660 5289; x_wconf 87' lang='lat' dir='ltr'><strong>eum</strong></span> <span class='ocrx_word' id='word_1_720' title='bbox 1694 5232 2104 5296; x_wconf 80' lang='lat' dir='ltr'><strong>Melchisedech,</strong></span> 
     </span>
    </p>
   </div>
   <div class='ocr_carea' id='block_1_98' title="bbox 528 5325 2106 5399">
    <p class='ocr_par' dir='ltr' id='par_1_98' title="bbox 528 5325 2106 5399">
     <span class='ocr_line' id='line_1_98' title="bbox 528 5325 2106 5399; baseline -0.001 -17"><span class='ocrx_word' id='word_1_721' title='bbox 528 5327 662 5382; x_wconf 84' lang='lat' dir='ltr'><strong>dixit</strong></span> <span class='ocrx_word' id='word_1_722' title='bbox 687 5325 836 5399; x_wconf 84' lang='lat' dir='ltr'><strong>(Gen.</strong></span> <span class='ocrx_word' id='word_1_723' title='bbox 882 5329 996 5398; x_wconf 82' lang='lat' dir='ltr'><strong>xw)</strong></span> <span class='ocrx_word' id='word_1_724' title='bbox 1028 5348 1042 5383; x_wconf 87' lang='lat'><strong>:</strong></span> <span class='ocrx_word' id='word_1_725' title='bbox 1072 5327 1398 5382; x_wconf 87' lang='lat' dir='ltr'><strong>Benedictus</strong></span> <span class='ocrx_word' id='word_1_726' title='bbox 1421 5326 1694 5381; x_wconf 89' lang='lat' dir='ltr'><strong>Abraham</strong></span> <span class='ocrx_word' id='word_1_727' title='bbox 1736 5325 1848 5380; x_wconf 88' lang='lat' dir='ltr'><strong>Deo</strong></span> <span class='ocrx_word' id='word_1_728' title='bbox 1871 5325 2106 5392; x_wconf 79' lang='lat' dir='ltr'><strong>excelso,</strong></span> 
     </span>
    </p>
   </div>
   <div class='ocr_carea' id='block_1_99' title="bbox 528 5416 2110 5491">
    <p class='ocr_par' dir='ltr' id='par_1_99' title="bbox 528 5416 2110 5491">
     <span class='ocr_line' id='line_1_99' title="bbox 528 5416 2110 5491; baseline -0.001 -20"><span class='ocrx_word' id='word_1_729' title='bbox 528 5434 637 5489; x_wconf 88' lang='lat' dir='ltr'><strong>quo</strong></span> <span class='ocrx_word' id='word_1_730' title='bbox 662 5428 996 5491; x_wconf 78' lang='lat' dir='ltr'><strong>protegente,</strong></span> <span class='ocrx_word' id='word_1_731' title='bbox 1028 5421 1215 5477; x_wconf 86' lang='lat' dir='ltr'><strong>hostes</strong></span> <span class='ocrx_word' id='word_1_732' title='bbox 1240 5421 1294 5475; x_wconf 90' lang='lat' dir='ltr'><strong>in</strong></span> <span class='ocrx_word' id='word_1_733' title='bbox 1323 5435 1483 5474; x_wconf 87' lang='lat' dir='ltr'><strong>manu</strong></span> <span class='ocrx_word' id='word_1_734' title='bbox 1520 5417 1637 5486; x_wconf 86' lang='lat' dir='ltr'><strong>ejus</strong></span> <span class='ocrx_word' id='word_1_735' title='bbox 1670 5416 1928 5487; x_wconf 89' lang='lat' dir='ltr'><strong>prostrati</strong></span> <span class='ocrx_word' id='word_1_736' title='bbox 1960 5424 2110 5483; x_wconf 89' lang='lat' dir='ltr'><strong>sunt,</strong></span> 
     </span>
    </p>
   </div>
   <div class='ocr_carea' id='block_1_100' title="bbox 529 5511 1659 5585">
    <p class='ocr_par' dir='ltr' id='par_1_100' title="bbox 529 5511 1659 5585">
     <span class='ocr_line' id='line_1_100' title="bbox 529 5511 1659 5585; baseline 0.001 -21"><span class='ocrx_word' id='word_1_737' title='bbox 529 5519 583 5565; x_wconf 90' lang='lat' dir='ltr'><strong>et</strong></span> <span class='ocrx_word' id='word_1_738' title='bbox 610 5511 712 5566; x_wconf 86' lang='lat' dir='ltr'><strong>alia</strong></span> <span class='ocrx_word' id='word_1_739' title='bbox 743 5528 862 5582; x_wconf 68' lang='lat' dir='ltr'><strong>qua:</strong></span> <span class='ocrx_word' id='word_1_740' title='bbox 888 5524 1187 5585; x_wconf 88' lang='lat' dir='ltr'><strong>sequuntur</strong></span> <span class='ocrx_word' id='word_1_741' title='bbox 1212 5515 1266 5569; x_wconf 92' lang='lat' dir='ltr'><strong>in</strong></span> <span class='ocrx_word' id='word_1_742' title='bbox 1296 5515 1487 5568; x_wconf 86' lang='lat' dir='ltr'><strong>eodem</strong></span> <span class='ocrx_word' id='word_1_743' title='bbox 1524 5513 1659 5568; x_wconf 91' lang='lat' dir='ltr'><strong>loco.</strong></span> 
     </span>
    </p>
   </div>
   <div class='ocr_carea' id='block_1_101' title="bbox 602 5602 2111 5674">
    <p class='ocr_par' dir='ltr' id='par_1_101' title="bbox 602 5602 2111 5674">
     <span class='ocr_line' id='line_1_101' title="bbox 602 5602 2111 5674; baseline 0 -15"><span class='ocrx_word' id='word_1_744' title='bbox 602 5602 733 5659; x_wconf 87' lang='lat' dir='ltr'><strong>Sine</strong></span> <span class='ocrx_word' id='word_1_745' title='bbox 760 5603 869 5658; x_wconf 90' lang='lat' dir='ltr'><strong>ulla</strong></span> <span class='ocrx_word' id='word_1_746' title='bbox 902 5608 1038 5662; x_wconf 87' lang='lat' dir='ltr'><strong>enim</strong></span> <span class='ocrx_word' id='word_1_747' title='bbox 1070 5606 1482 5662; x_wconf 85' lang='lat' dir='ltr'><strong>contradictione</strong></span> <span class='ocrx_word' id='word_1_748' title='bbox 1508 5603 1647 5674; x_wconf 88' lang='lat' dir='ltr'><strong>quod</strong></span> <span class='ocrx_word' id='word_1_749' title='bbox 1671 5605 1842 5658; x_wconf 86' lang='lat' dir='ltr'><strong>minus</strong></span> <span class='ocrx_word' id='word_1_750' title='bbox 1868 5613 2111 5659; x_wconf 84' lang='lat' dir='ltr'><strong>estame-</strong></span> 
     </span>
    </p>
   </div>
   <div class='ocr_carea' id='block_1_102' title="bbox 528 5694 2111 5768">
    <p class='ocr_par' dir='ltr' id='par_1_102' title="bbox 528 5694 2111 5768">
     <span class='ocr_line' id='line_1_102' title="bbox 528 5694 2111 5768; baseline 0.003 -22"><span class='ocrx_word' id='word_1_751' title='bbox 528 5694 656 5749; x_wconf 80' lang='lat' dir='ltr'><strong>liore</strong></span> <span class='ocrx_word' id='word_1_752' title='bbox 685 5696 1023 5753; x_wconf 80' lang='lat' dir='ltr'><strong>benedicitur.</strong></span> <span class='ocrx_word' id='word_1_753' title='bbox 1064 5700 1229 5768; x_wconf 87' lang='lat' dir='ltr'><strong>Quasi</strong></span> <span class='ocrx_word' id='word_1_754' title='bbox 1279 5700 1483 5754; x_wconf 87' lang='lat' dir='ltr'><strong>diceret</strong></span> <span class='ocrx_word' id='word_1_755' title='bbox 1513 5716 1525 5751; x_wconf 91' lang='lat'>:</span> <span class='ocrx_word' id='word_1_756' title='bbox 1558 5697 1819 5753; x_wconf 87' lang='lat' dir='ltr'><strong>Omnibus</strong></span> <span class='ocrx_word' id='word_1_757' title='bbox 1856 5697 1978 5754; x_wconf 90' lang='lat' dir='ltr'><strong>luce</strong></span> <span class='ocrx_word' id='word_1_758' title='bbox 2001 5696 2111 5753; x_wconf 89' lang='lat' dir='ltr'><strong>cla-</strong></span> 
     </span>
    </p>
   </div>
   <div class='ocr_carea' id='block_1_103' title="bbox 531 5787 2108 5860">
    <p class='ocr_par' dir='ltr' id='par_1_103' title="bbox 531 5787 2108 5860">
     <span class='ocr_line' id='line_1_103' title="bbox 531 5787 2108 5860; baseline 0.005 -23"><span class='ocrx_word' id='word_1_759' title='bbox 531 5800 642 5837; x_wconf 77' lang='lat' dir='ltr'><strong>rius</strong></span> <span class='ocrx_word' id='word_1_760' title='bbox 701 5789 933 5853; x_wconf 84' lang='lat' dir='ltr'><strong>videtur,</strong></span> <span class='ocrx_word' id='word_1_761' title='bbox 979 5793 1123 5860; x_wconf 87' lang='lat' dir='ltr'><strong>quod</strong></span> <span class='ocrx_word' id='word_1_762' title='bbox 1176 5792 1358 5845; x_wconf 89' lang='lat' dir='ltr'><strong>minor</strong></span> <span class='ocrx_word' id='word_1_763' title='bbox 1412 5806 1439 5844; x_wconf 88' lang='lat' dir='ltr'><strong>a</strong></span> <span class='ocrx_word' id='word_1_764' title='bbox 1496 5787 1701 5858; x_wconf 87' lang='lat' dir='ltr'><strong>majore</strong></span> <span class='ocrx_word' id='word_1_765' title='bbox 1750 5790 2108 5845; x_wconf 88' lang='lat' dir='ltr'><strong>benedicitur.</strong></span> 
     </span>
    </p>
   </div>
   <div class='ocr_carea' id='block_1_104' title="bbox 532 5874 2110 5953">
    <p class='ocr_par' dir='ltr' id='par_1_104' title="bbox 532 5874 2110 5953">
     <span class='ocr_line' id='line_1_104' title="bbox 532 5874 2110 5953; baseline 0.004 -23"><span class='ocrx_word' id='word_1_766' title='bbox 532 5874 679 5932; x_wconf 77' lang='lat' dir='ltr'><strong>l&#39;nde</strong></span> <span class='ocrx_word' id='word_1_767' title='bbox 728 5880 998 5935; x_wconf 85' lang='lat' dir='ltr'><strong>Abraham</strong></span> <span class='ocrx_word' id='word_1_768' title='bbox 1048 5882 1204 5953; x_wconf 90' lang='lat' dir='ltr'><strong>quasi</strong></span> <span class='ocrx_word' id='word_1_769' title='bbox 1253 5881 1433 5937; x_wconf 90' lang='lat' dir='ltr'><strong>minor</strong></span> <span class='ocrx_word' id='word_1_770' title='bbox 1474 5898 1501 5936; x_wconf 92' lang='lat' dir='ltr'><strong>a</strong></span> <span class='ocrx_word' id='word_1_771' title='bbox 1555 5880 1943 5938; x_wconf 77' lang='lat' dir='ltr'><strong>Melchisedech</strong></span> <span class='ocrx_word' id='word_1_772' title='bbox 1987 5890 2110 5937; x_wconf 88' lang='lat' dir='ltr'><strong>tan-</strong></span> 
     </span>
    </p>
   </div>
   <div class='ocr_carea' id='block_1_105' title="bbox 2214 4676 3800 4747">
    <p class='ocr_par' dir='ltr' id='par_1_105' title="bbox 2214 4676 3800 4747">
     <span class='ocr_line' id='line_1_105' title="bbox 2214 4676 3800 4747; baseline 0.001 -11"><span class='ocrx_word' id='word_1_773' title='bbox 2214 4686 2319 4744; x_wconf 87' lang='lat' dir='ltr'><strong>est,</strong></span> <span class='ocrx_word' id='word_1_774' title='bbox 2376 4679 2497 4733; x_wconf 84' lang='lat' dir='ltr'><strong>ideo</strong></span> <span class='ocrx_word' id='word_1_775' title='bbox 2555 4677 2919 4733; x_wconf 86' lang='lat' dir='ltr'><strong>sacerdotium</strong></span> <span class='ocrx_word' id='word_1_776' title='bbox 2976 4692 3082 4747; x_wconf 87' lang='lat' dir='ltr'><strong>quo</strong></span> <span class='ocrx_word' id='word_1_777' title='bbox 3136 4676 3355 4733; x_wconf 83' lang='lat' dir='ltr'><strong>functus</strong></span> <span class='ocrx_word' id='word_1_778' title='bbox 3388 4690 3479 4736; x_wconf 79' lang='lat' dir='ltr'><strong>est</strong></span> <span class='ocrx_word' id='word_1_779' title='bbox 3514 4681 3800 4738; x_wconf 81' lang='lat' dir='ltr'><strong>Leviticum</strong></span> 
     </span>
    </p>
   </div>
   <div class='ocr_carea' id='block_1_106' title="bbox 2215 4769 3799 4844">
    <p class='ocr_par' dir='ltr' id='par_1_106' title="bbox 2215 4769 3799 4844">
     <span class='ocr_line' id='line_1_106' title="bbox 2215 4769 3799 4844; baseline 0.001 -15"><span class='ocrx_word' id='word_1_780' title='bbox 2215 4772 2519 4835; x_wconf 84' lang='lat' dir='ltr'><strong>nominavit</strong></span> <span class='ocrx_word' id='word_1_781' title='bbox 2542 4770 2928 4836; x_wconf 89' lang='lat' dir='ltr'><strong>sacerdotium,</strong></span> <span class='ocrx_word' id='word_1_782' title='bbox 2968 4769 3053 4825; x_wconf 91' lang='lat' dir='ltr'><strong>vel</strong></span> <span class='ocrx_word' id='word_1_783' title='bbox 3076 4779 3243 4836; x_wconf 88' lang='lat' dir='ltr'><strong>certe,</strong></span> <span class='ocrx_word' id='word_1_784' title='bbox 3277 4772 3406 4841; x_wconf 90' lang='lat' dir='ltr'><strong>quia</strong></span> <span class='ocrx_word' id='word_1_785' title='bbox 3450 4774 3575 4844; x_wconf 85' lang='lat' dir='ltr'><strong>ipse</strong></span> <span class='ocrx_word' id='word_1_786' title='bbox 3604 4775 3730 4832; x_wconf 81' lang='lat' dir='ltr'><strong>Levi</strong></span> <span class='ocrx_word' id='word_1_787' title='bbox 3754 4777 3799 4831; x_wconf 85' lang='lat' dir='ltr'><strong>in</strong></span> 
     </span>
    </p>
   </div>
   <div class='ocr_carea' id='block_1_107' title="bbox 2215 4862 3803 4939">
    <p class='ocr_par' dir='ltr' id='par_1_107' title="bbox 2215 4862 3803 4939">
     <span class='ocr_line' id='line_1_107' title="bbox 2215 4862 3803 4939; baseline 0.001 -17"><span class='ocrx_word' id='word_1_788' title='bbox 2215 4864 2342 4922; x_wconf 89' lang='lat' dir='ltr'><strong>ﬁliis</strong></span> <span class='ocrx_word' id='word_1_789' title='bbox 2374 4863 2723 4934; x_wconf 90' lang='lat' dir='ltr'><strong>suisjunctus</strong></span> <span class='ocrx_word' id='word_1_790' title='bbox 2751 4872 2835 4917; x_wconf 87' lang='lat' dir='ltr'><strong>est</strong></span> <span class='ocrx_word' id='word_1_791' title='bbox 2879 4862 2996 4932; x_wconf 91' lang='lat' dir='ltr'><strong>ipso</strong></span> <span class='ocrx_word' id='word_1_792' title='bbox 3040 4862 3366 4918; x_wconf 86' lang='lat' dir='ltr'><strong>sacerdotio.</strong></span> <span class='ocrx_word' id='word_1_793' title='bbox 3404 4864 3549 4921; x_wconf 83' lang='lat' dir='ltr'><strong>Nam</strong></span> <span class='ocrx_word' id='word_1_794' title='bbox 3584 4872 3803 4939; x_wconf 78' lang='lat' dir='ltr'><strong>abnepo-</strong></span> 
     </span>
    </p>
   </div>
   <div class='ocr_carea' id='block_1_108' title="bbox 2216 4951 3802 5028">
    <p class='ocr_par' dir='ltr' id='par_1_108' title="bbox 2216 4951 3802 5028">
     <span class='ocr_line' id='line_1_108' title="bbox 2216 4951 3802 5028; baseline 0.003 -15"><span class='ocrx_word' id='word_1_795' title='bbox 2216 4966 2298 5013; x_wconf 90' lang='lat' dir='ltr'><strong>tes</strong></span> <span class='ocrx_word' id='word_1_796' title='bbox 2322 4954 2465 5011; x_wconf 89' lang='lat' dir='ltr'><strong>illius</strong></span> <span class='ocrx_word' id='word_1_797' title='bbox 2493 4960 2850 5025; x_wconf 85' lang='lat' dir='ltr'><strong>susceperunt</strong></span> <span class='ocrx_word' id='word_1_798' title='bbox 2876 4952 3026 5020; x_wconf 91' lang='lat' dir='ltr'><strong>illud,</strong></span> <span class='ocrx_word' id='word_1_799' title='bbox 3054 4951 3269 5027; x_wconf 81' lang='lat' dir='ltr'><strong>Moyses</strong></span> <span class='ocrx_word' id='word_1_800' title='bbox 3293 4955 3511 5015; x_wconf 89' lang='lat' dir='ltr'><strong>scilicet</strong></span> <span class='ocrx_word' id='word_1_801' title='bbox 3532 4972 3592 5016; x_wconf 86' lang='lat' dir='ltr'><strong>et</strong></span> <span class='ocrx_word' id='word_1_802' title='bbox 3613 4963 3802 5028; x_wconf 79' lang='lat' dir='ltr'><strong>Aaron,</strong></span> 
     </span>
    </p>
   </div>
   <div class='ocr_carea' id='block_1_109' title="bbox 2218 5047 3800 5122">
    <p class='ocr_par' dir='ltr' id='par_1_109' title="bbox 2218 5047 3800 5122">
     <span class='ocr_line' id='line_1_109' title="bbox 2218 5047 3800 5122; baseline 0.003 -15"><span class='ocrx_word' id='word_1_803' title='bbox 2218 5065 2345 5107; x_wconf 90' lang='lat' dir='ltr'><strong>cum</strong></span> <span class='ocrx_word' id='word_1_804' title='bbox 2395 5050 2621 5122; x_wconf 90' lang='lat' dir='ltr'><strong>reliquis</strong></span> <span class='ocrx_word' id='word_1_805' title='bbox 2671 5047 2931 5104; x_wconf 88' lang='lat' dir='ltr'><strong>fratribus</strong></span> <span class='ocrx_word' id='word_1_806' title='bbox 2973 5047 3088 5103; x_wconf 90' lang='lat' dir='ltr'><strong>suis</strong></span> <span class='ocrx_word' id='word_1_807' title='bbox 3114 5064 3181 5104; x_wconf 77' lang='lat' dir='ltr'><strong>ex</strong></span> <span class='ocrx_word' id='word_1_808' title='bbox 3225 5049 3420 5106; x_wconf 87' lang='lat' dir='ltr'><strong>eadem</strong></span> <span class='ocrx_word' id='word_1_809' title='bbox 3466 5055 3639 5110; x_wconf 90' lang='lat' dir='ltr'><strong>tribu.</strong></span> <span class='ocrx_word' id='word_1_810' title='bbox 3681 5055 3800 5110; x_wconf 70' lang='lat' dir='ltr'><strong>Nam</strong></span> 
     </span>
    </p>
   </div>
   <div class='ocr_carea' id='block_1_110' title="bbox 2211 5140 3801 5216">
    <p class='ocr_par' dir='ltr' id='par_1_110' title="bbox 2211 5140 3801 5216">
     <span class='ocr_line' id='line_1_110' title="bbox 2211 5140 3801 5216; baseline 0.003 -17"><span class='ocrx_word' id='word_1_811' title='bbox 2211 5144 2342 5201; x_wconf 89' lang='lat' dir='ltr'><strong>Levi</strong></span> <span class='ocrx_word' id='word_1_812' title='bbox 2398 5144 2587 5216; x_wconf 79' lang='lat' dir='ltr'><strong>genuit</strong></span> <span class='ocrx_word' id='word_1_813' title='bbox 2626 5142 2820 5207; x_wconf 86' lang='lat' dir='ltr'><strong>Caath,</strong></span> <span class='ocrx_word' id='word_1_814' title='bbox 2873 5140 3045 5197; x_wconf 86' lang='lat' dir='ltr'><strong>Caath</strong></span> <span class='ocrx_word' id='word_1_815' title='bbox 3105 5158 3235 5199; x_wconf 88' lang='lat' dir='ltr'><strong>vero</strong></span> <span class='ocrx_word' id='word_1_816' title='bbox 3286 5143 3539 5212; x_wconf 85' lang='lat' dir='ltr'><strong>Amram,</strong></span> <span class='ocrx_word' id='word_1_817' title='bbox 3592 5150 3801 5203; x_wconf 71' lang='lat' dir='ltr'><strong>Amnm</strong></span> 
     </span>
    </p>
   </div>
   <div class='ocr_carea' id='block_1_111' title="bbox 2213 5233 3802 5312">
    <p class='ocr_par' dir='ltr' id='par_1_111' title="bbox 2213 5233 3802 5312">
     <span class='ocr_line' id='line_1_111' title="bbox 2213 5233 3802 5312; baseline 0.002 -19"><span class='ocrx_word' id='word_1_818' title='bbox 2213 5245 2394 5293; x_wconf 87' lang='lat' dir='ltr'><strong>autem</strong></span> <span class='ocrx_word' id='word_1_819' title='bbox 2422 5237 2607 5306; x_wconf 84' lang='lat' dir='ltr'><strong>genuit</strong></span> <span class='ocrx_word' id='word_1_820' title='bbox 2635 5234 2853 5306; x_wconf 84' lang='lat' dir='ltr'><strong>Moysen</strong></span> <span class='ocrx_word' id='word_1_821' title='bbox 2879 5242 2933 5289; x_wconf 91' lang='lat' dir='ltr'><strong>et</strong></span> <span class='ocrx_word' id='word_1_822' title='bbox 2962 5233 3163 5290; x_wconf 87' lang='lat' dir='ltr'><strong>Aaron.</strong></span> <span class='ocrx_word' id='word_1_823' title='bbox 3210 5234 3448 5309; x_wconf 83' lang='lat' dir='ltr'><strong>Ideoque</strong></span> <span class='ocrx_word' id='word_1_824' title='bbox 3481 5239 3620 5295; x_wconf 89' lang='lat' dir='ltr'><strong>dicit</strong></span> <span class='ocrx_word' id='word_1_825' title='bbox 3649 5257 3802 5312; x_wconf 88' lang='lat' dir='ltr'><strong>popu—</strong></span> 
     </span>
    </p>
   </div>
   <div class='ocr_carea' id='block_1_112' title="bbox 2213 5325 3802 5405">
    <p class='ocr_par' dir='ltr' id='par_1_112' title="bbox 2213 5325 3802 5405">
     <span class='ocr_line' id='line_1_112' title="bbox 2213 5325 3802 5405; baseline 0.004 -25"><span class='ocrx_word' id='word_1_826' title='bbox 2213 5327 2323 5382; x_wconf 88' lang='lat' dir='ltr'><strong>lum</strong></span> <span class='ocrx_word' id='word_1_827' title='bbox 2388 5327 2488 5383; x_wconf 91' lang='lat' dir='ltr'><strong>sub</strong></span> <span class='ocrx_word' id='word_1_828' title='bbox 2544 5326 2661 5397; x_wconf 91' lang='lat' dir='ltr'><strong>ipso</strong></span> <span class='ocrx_word' id='word_1_829' title='bbox 2718 5326 3023 5381; x_wconf 89' lang='lat' dir='ltr'><strong>sacerdotio</strong></span> <span class='ocrx_word' id='word_1_830' title='bbox 3075 5325 3248 5398; x_wconf 86' lang='lat' dir='ltr'><strong>legem</strong></span> <span class='ocrx_word' id='word_1_831' title='bbox 3304 5331 3624 5401; x_wconf 86' lang='lat' dir='ltr'><strong>accepisse,</strong></span> <span class='ocrx_word' id='word_1_832' title='bbox 3685 5333 3802 5405; x_wconf 74' lang='lat' dir='ltr'><strong>quia</strong></span> 
     </span>
    </p>
   </div>
   <div class='ocr_carea' id='block_1_113' title="bbox 2212 5416 3805 5493">
    <p class='ocr_par' dir='ltr' id='par_1_113' title="bbox 2212 5416 3805 5493">
     <span class='ocr_line' id='line_1_113' title="bbox 2212 5416 3805 5493; baseline 0.003 -19"><span class='ocrx_word' id='word_1_833' title='bbox 2212 5417 2426 5490; x_wconf 82' lang='lat' dir='ltr'><strong>Moyses</strong></span> <span class='ocrx_word' id='word_1_834' title='bbox 2474 5427 2530 5471; x_wconf 88' lang='lat' dir='ltr'><strong>et</strong></span> <span class='ocrx_word' id='word_1_835' title='bbox 2579 5418 2760 5471; x_wconf 85' lang='lat' dir='ltr'><strong>Aaron</strong></span> <span class='ocrx_word' id='word_1_836' title='bbox 2792 5416 3070 5489; x_wconf 88' lang='lat' dir='ltr'><strong>principes</strong></span> <span class='ocrx_word' id='word_1_837' title='bbox 3117 5425 3278 5475; x_wconf 87' lang='lat' dir='ltr'><strong>erant</strong></span> <span class='ocrx_word' id='word_1_838' title='bbox 3320 5417 3428 5474; x_wconf 89' lang='lat' dir='ltr'><strong>illis</strong></span> <span class='ocrx_word' id='word_1_839' title='bbox 3474 5425 3805 5493; x_wconf 81' lang='lat' dir='ltr'><strong>temporibus</strong></span> 
     </span>
    </p>
   </div>
   <div class='ocr_carea' id='block_1_114' title="bbox 2213 5509 3806 5581">
    <p class='ocr_par' dir='ltr' id='par_1_114' title="bbox 2213 5509 3806 5581">
     <span class='ocr_line' id='line_1_114' title="bbox 2213 5509 3806 5581; baseline 0.005 -17"><span class='ocrx_word' id='word_1_840' title='bbox 2213 5510 2269 5564; x_wconf 91' lang='lat' dir='ltr'><strong>in</strong></span> <span class='ocrx_word' id='word_1_841' title='bbox 2309 5509 2543 5580; x_wconf 88' lang='lat' dir='ltr'><strong>populo;</strong></span> <span class='ocrx_word' id='word_1_842' title='bbox 2579 5509 2669 5580; x_wconf 90' lang='lat' dir='ltr'><strong>qui</strong></span> <span class='ocrx_word' id='word_1_843' title='bbox 2724 5509 2895 5580; x_wconf 88' lang='lat' dir='ltr'><strong>ipsam</strong></span> <span class='ocrx_word' id='word_1_844' title='bbox 2946 5509 3121 5581; x_wconf 87' lang='lat' dir='ltr'><strong>legem</strong></span> <span class='ocrx_word' id='word_1_845' title='bbox 3178 5509 3709 5571; x_wconf 81' lang='lat' dir='ltr'><strong>administraverant</strong></span> <span class='ocrx_word' id='word_1_846' title='bbox 3743 5516 3806 5571; x_wconf 77' lang='lat' dir='ltr'><strong>de</strong></span> 
     </span>
    </p>
   </div>
   <div class='ocr_carea' id='block_1_115' title="bbox 2213 5601 3804 5672">
    <p class='ocr_par' dir='ltr' id='par_1_115' title="bbox 2213 5601 3804 5672">
     <span class='ocr_line' id='line_1_115' title="bbox 2213 5601 3804 5672; baseline 0.006 -15"><span class='ocrx_word' id='word_1_847' title='bbox 2213 5602 2355 5657; x_wconf 89' lang='lat' dir='ltr'><strong>tribu</strong></span> <span class='ocrx_word' id='word_1_848' title='bbox 2391 5601 2713 5659; x_wconf 88' lang='lat' dir='ltr'><strong>sacerdotali</strong></span> <span class='ocrx_word' id='word_1_849' title='bbox 2744 5611 3024 5658; x_wconf 78' lang='lat' dir='ltr'><strong>exeuntes.</strong></span> <span class='ocrx_word' id='word_1_850' title='bbox 3051 5602 3192 5672; x_wconf 84' lang='lat' dir='ltr'><strong>Ergo</strong></span> <span class='ocrx_word' id='word_1_851' title='bbox 3224 5608 3533 5661; x_wconf 69' lang='lat' dir='ltr'><strong>sacerdotio</strong></span> <span class='ocrx_word' id='word_1_852' title='bbox 3566 5607 3804 5667; x_wconf 83' lang='lat' dir='ltr'><strong>Levitico</strong></span> 
     </span>
    </p>
   </div>
   <div class='ocr_carea' id='block_1_116' title="bbox 2213 5693 3806 5766">
    <p class='ocr_par' dir='ltr' id='par_1_116' title="bbox 2213 5693 3806 5766">
     <span class='ocr_line' id='line_1_116' title="bbox 2213 5693 3806 5766; baseline 0.003 -17"><span class='ocrx_word' id='word_1_853' title='bbox 2213 5695 2384 5751; x_wconf 91' lang='lat' dir='ltr'><strong>multo</strong></span> <span class='ocrx_word' id='word_1_854' title='bbox 2416 5695 2605 5752; x_wconf 86' lang='lat' dir='ltr'><strong>melior</strong></span> <span class='ocrx_word' id='word_1_855' title='bbox 2639 5706 2724 5752; x_wconf 89' lang='lat' dir='ltr'><strong>est</strong></span> <span class='ocrx_word' id='word_1_856' title='bbox 2758 5696 2892 5751; x_wconf 90' lang='lat' dir='ltr'><strong>ordo</strong></span> <span class='ocrx_word' id='word_1_857' title='bbox 2936 5694 3227 5751; x_wconf 85' lang='lat' dir='ltr'><strong>sacerdotii</strong></span> <span class='ocrx_word' id='word_1_858' title='bbox 3265 5693 3691 5765; x_wconf 83' lang='lat' dir='ltr'><strong>Melchisedech,</strong></span> <span class='ocrx_word' id='word_1_859' title='bbox 3719 5698 3806 5766; x_wconf 81' lang='lat' dir='ltr'><strong>qui</strong></span> 
     </span>
    </p>
   </div>
   <div class='ocr_carea' id='block_1_117' title="bbox 2216 5788 3805 5866">
    <p class='ocr_par' dir='ltr' id='par_1_117' title="bbox 2216 5788 3805 5866">
     <span class='ocr_line' id='line_1_117' title="bbox 2216 5788 3805 5866; baseline 0.005 -21"><span class='ocrx_word' id='word_1_860' title='bbox 2216 5798 2399 5860; x_wconf 85' lang='lat' dir='ltr'><strong>typum</strong></span> <span class='ocrx_word' id='word_1_861' title='bbox 2426 5790 2651 5863; x_wconf 83' lang='lat' dir='ltr'><strong>gerebat</strong></span> <span class='ocrx_word' id='word_1_862' title='bbox 2681 5790 2982 5845; x_wconf 85' lang='lat' dir='ltr'><strong>sacerdotis</strong></span> <span class='ocrx_word' id='word_1_863' title='bbox 3033 5788 3204 5843; x_wconf 88' lang='lat' dir='ltr'><strong>nostri</strong></span> <span class='ocrx_word' id='word_1_864' title='bbox 3231 5806 3246 5842; x_wconf 91' lang='lat'><strong>:</strong></span> <span class='ocrx_word' id='word_1_865' title='bbox 3282 5805 3639 5866; x_wconf 78' lang='lat' dir='ltr'><strong>nequaquam</strong></span> <span class='ocrx_word' id='word_1_866' title='bbox 3663 5797 3805 5853; x_wconf 86' lang='lat' dir='ltr'><strong>enim</strong></span> 
     </span>
    </p>
   </div>
   <div class='ocr_carea' id='block_1_118' title="bbox 2216 5878 3801 5946">
    <p class='ocr_par' dir='ltr' id='par_1_118' title="bbox 2216 5878 3801 5946">
     <span class='ocr_line' id='line_1_118' title="bbox 2216 5878 3801 5946; baseline -0.001 -8"><span class='ocrx_word' id='word_1_867' title='bbox 2216 5882 2441 5939; x_wconf 77' lang='lat' dir='ltr'><strong>dixisset</strong></span> <span class='ocrx_word' id='word_1_868' title='bbox 2494 5883 2789 5939; x_wconf 86' lang='lat' dir='ltr'><strong>secundum</strong></span> <span class='ocrx_word' id='word_1_869' title='bbox 2823 5883 3068 5939; x_wconf 86' lang='lat' dir='ltr'><strong>ordinem</strong></span> <span class='ocrx_word' id='word_1_870' title='bbox 3117 5880 3536 5946; x_wconf 85' lang='lat' dir='ltr'><strong>Melchisedech.</strong></span> <span class='ocrx_word' id='word_1_871' title='bbox 3586 5889 3641 5945; x_wconf 78' lang='lat' dir='ltr'><strong>si</strong></span> <span class='ocrx_word' id='word_1_872' title='bbox 3676 5878 3801 5937; x_wconf 77' lang='lat' dir='ltr'><strong>illud</strong></span> 
     </span>
    </p>
   </div>
  </div>
