3974 6454
209 432 311 498 869

905 446 1273 507 EXPOSlTlO
1309 450 1376 505 IN
1416 449 1565 505 EPP.
1607 449 1664 506 S.
1705 449 2025 507 PAULL—
2060 453 2130 509 IN
2167 456 2386 515 EPIST.
2427 460 2520 515 AD
2555 460 2760 516 HEBR.

3335 469 3443 528 870

212 561 568 618 sacerdotium
611 562 790 618 Aaron
818 564 1028 619 ‘melius
1072 574 1235 630 esset,
1266 567 1366 620 sub
1400 580 1508 634 quo
1552 565 1776 634 populus
1804 566 1854 626 Α
1878 564 1999 629 bus,
2032 566 2085 619 in
2111 568 2436 626 discretione
2484 573 2748 638 ciborum,
2793 574 3002 630 dierum
3027 593 3092 633 ac
3116 586 3437 653 temporum,

210 650 507 708 Jutlteorum
526 652 695 722 legem
725 655 951 724 accepit.
979 655 1033 710 Si
1061 665 1237 709 autem
1262 657 1615 711 sacerdotium
1644 657 1775 725 legis

211 741 520 796 translatum
577 752 661 797 est
719 745 785 797 ad
838 746 1114 799 Christum
1179 749 1468 801 secundum
1528 748 1773 800 ordinem

211 830 614 897 Melchisedech,
654 850 871 889 necesse
900 847 981 891 est
1008 847 1064 891 ut
1094 848 1147 891 et
1185 839 1315 908 legis
1345 840 1625 893 translatio
1656 839 1768 904 ﬂat,

210 923 307 978 hoc
333 932 435 987 est,
467 940 495 977 a
522 925 636 994 lege
682 925 846 996 Moysi
881 943 1097 981 necesse
1130 938 1211 982 est
1234 930 1464 982 transire
1502 931 1568 982 ad
1600 931 1771 999 legem

210 1014 494 1085 Evangelii.
548 1017 728 1085 Neque
760 1020 900 1071 enim
932 1030 1105 1088 potest
1134 1021 1384 1081 sacerdos
1414 1021 1536 1073 sine
1576 1020 1690 1090 lege
1716 1028 1771 1074 et

206 1110 318 1163 sine
347 1109 693 1164 Testamento
719 1127 837 1164 esse
864 1122 917 1166 et
940 1114 1055 1166 sine
1082 1113 1384 1182 praeceptis.
1415 1113 1652 1167 Summis
1683 1114 1767 1167 ni-

206 1199 349 1253 sibus
387 1200 665 1254 laborabat
715 1202 1003 1270 Apostolus
1041 1211 1098 1254 ut
1143 1220 1171 1254 a
1215 1202 1330 1268 lege
1370 1202 1531 1273 Moysi
1567 1202 1768 1258 faceret

203 1303 292 1342 eos
320 1290 551 1344 transire
602 1292 668 1345 ad
715 1291 887 1362 legem
943 1292 1237 1364 Evangelii,
1288 1309 1319 1347 a
1363 1293 1669 1348 carnalibus
1697 1294 1764 1349 ad

202 1379 516 1449 spiritualia.

268 1469 335 1523 In
378 1487 483 1540 quo
536 1471 669 1525 enim
695 1472 805 1525 han:
847 1472 1115 1538 dicuntur,
1154 1474 1219 1527 de
1247 1473 1352 1528 alia
1388 1474 1525 1528 tribu
1572 1485 1666 1538 est,
1698 1476 1762 1530 de

194 1575 300 1630 qua
340 1561 515 1615 nullus
556 1572 712 1615 altari
756 1574 945 1631 prwsto
975 1564 1095 1632 fuit.
1141 1563 1482 1634 Manifestum
1516 1577 1591 1620 est
1620 1568 1759 1622 enim

197 1652 331 1721 quod
358 1670 421 1706 ex
446 1651 482 1705 .l
488 1652 617 1707 udas
647 1662 791 1707 ortus
819 1656 885 1709 sit
915 1654 1169 1709 Dominus
1194 1668 1385 1719 noster,
1415 1658 1590 1729 inqua
1620 1660 1758 1713 tribu

199 1742 327 1796 nihil
378 1744 442 1796 de
495 1746 848 1799 sacerdotibus
894 1746 1099 1817 Moyses
1142 1747 1343 1805 locutus
1397 1760 1490 1803 est.
1549 1750 1608 1805 In
1650 1766 1759 1821 quo

194 1833 335 1886 enim
361 1832 454 1898 ait,
485 1834 599 1888 haec
626 1835 894 1899 dicuntur,
931 1837 983 1890 id
1008 1846 1111 1902 est,
1149 1838 1214 1893 de
1239 1854 1345 1908 quo
1371 1839 1457 1894 hic
1481 1840 1752 1907 dicuntur,

1876 656 2059 710 dicens
2087 675 2099 710 :
2137 658 2288 712 Mane
2312 671 2461 714 extra
2486 672 2685 728 castra,
2720 666 2835 720 lava
2865 682 3063 735 corpus
3092 677 3239 725 tuum
3271 690 3283 726 :
3307 677 3441 728 olnr

1874 738 1977 801 h'oc
2006 748 2086 801 vel
2109 748 2260 812 illud,
2289 752 2499 807 abstine
2528 756 2595 809 ab
2635 756 2717 810 his
2739 758 2891 820 cibis,
2918 760 3143 815 observa
3172 762 3272 818 ista
3304 774 3438 821 tem-

1872 850 2027 903 pora,
2066 848 2367 909 caateraque
2415 843 2500 896 bis
2539 844 2757 912 similia,
2798 865 2915 917 qua:
2947 853 3123 907 omnia
3168 867 3340 912 morte
3369 859 3437 915 ﬁ-

1872 925 2066 979 nienda
2102 939 2292 993 erant;
2328 930 2529 986 Christi
2577 945 2756 991 autem
2798 943 3155 999 sacerdotium
3195 949 3437 1017 spiritale

1870 1024 1973 1079 est,
2015 1026 2069 1070 et
2118 1022 2409 1074 secundum
2451 1025 2699 1080 virtutem
2752 1029 2875 1082 vitae
2921 1031 3243 1102 insolubilis,
3270 1040 3323 1093 id
3354 1051 3438 1096 est

1869 1110 2165 1165 Secundum
2210 1114 2505 1180 potentiam
2552 1116 2670 1171 vita:
2709 1117 3084 1190 indelicientis,
3136 1143 3255 1197 quae
3291 1131 3436 1187 nullo

1867 1193 2256 1255 interveniente
2292 1205 2484 1259 mortis
2509 1215 2655 1261 metu
2688 1208 2818 1263 solvi
2849 1215 3063 1280 poterit.
3100 1193 3272 1275 Habet
3290 1223 3433 1278 enim

1867 1285 2115 1343 Christus
2158 1290 2209 1344 in
2253 1307 2311 1346 se
2338 1294 2501 1348 vitam
2552 1297 2910 1365 insolubilem,
2939 1304 3061 1370 quia
3093 1312 3338 1374 quamvis
3366 1313 3433 1366 ad

1866 1384 2075 1446 tempus
2118 1391 2362 1437 mortuus
2424 1396 2567 1441 esset
2619 1388 2672 1441 in
2722 1403 2919 1456 carne,
2972 1400 3145 1450 tamen
3194 1398 3323 1452 vivit
3380 1402 3432 1455 iu

1862 1474 2120 1522 aeternum
2167 1471 2470 1539 divinitate,
2512 1485 2567 1532 et
2609 1478 2829 1549 insuper
2875 1483 3210 1543 humanitate
3245 1500 3434 1559 :post-

1862 1572 2021 1625 quam
2056 1560 2226 1615 victor
2256 1579 2284 1616 a
2316 1568 2543 1621 mortuis
2570 1572 2889 1639 resurrexit,
2921 1575 3058 1630 unde
3093 1576 3233 1634 Deus
3270 1581 3431 1638 Pater

1861 1658 2196 1706 contestatur
2216 1653 2474 1723 jurando,
2518 1660 2640 1728 quia
2670 1661 2819 1723 vivit,
2862 1664 3047 1721 dicens
3081 1683 3178 1736 per
3204 1668 3429 1727 Psalmi-

1859 1746 1998 1793 stam
2032 1759 2044 1793 :
2076 1742 2155 1796 Tu
2190 1759 2250 1799 es
2279 1748 2531 1805 sacerdos
2552 1749 2606 1804 in
2634 1758 2918 1809 teternum.

1931 1831 2244 1903 chrobatio
2273 1842 2477 1909 quidem
2505 1843 2566 1910 ﬁt
2586 1847 2921 1914 prazcedeutis
2941 1853 3197 1920 mandati,
3224 1855 3325 1912 hoc
3347 1868 3431 1914 est

191 1925 334 1994 quod
381 1933 464 1983 est
513 1927 766 1985 sacerdos
802 1928 857 1981 in
904 1937 1183 1992 aeternum,
1234 1932 1516 1986 Dominum
1547 1934 1753 2004 signili-
1783 1921 1832 1983 B
1861 1921 1994 1995 legis
2022 1925 2185 1998 Moysi
2224 1942 2427 2000 propter
2458 1935 2813 2003 inﬁrmitatem
2844 1940 2956 2009 ejus
2985 1953 3032 1997 et
3066 1945 3423 2003 inutilitatem.

191 2030 320 2070 cans
343 2014 698 2082 Salvatorem,
715 2019 778 2072 de
806 2018 909 2072 alia
935 2020 1074 2073 tribu
1101 2028 1205 2086 est,
1228 2036 1387 2089 quam
1409 2024 1751 2092 sacerdotali,

189 2104 257 2160 de
280 2104 363 2160 illa
384 2106 630 2162 videlicet
665 2108 732 2162 de
752 2123 859 2177 qua
898 2109 1076 2164 nullus
1099 2109 1255 2165 altari
1283 2120 1480 2181 μηδιο
1506 2111 1625 2178 fuit,
1652 2116 1754 2171 hoc

189 2203 293 2259 est,
328 2197 394 2252 de
419 2198 558 2253 tribu
585 2197 741 2263 Juda.
796 2200 911 2255 Non
953 2202 1097 2256 enim
1132 2204 1320 2258 ordine
1360 2208 1749 2271 tantummodo,

188 2299 361 2355 neque
394 2286 742 2344 Testamento
766 2291 851 2345 vel
896 2294 1195 2363 praeceptis,
1236 2304 1499 2351 mutatum
1529 2309 1630 2361 est,
1657 2299 1755 2355 sed

185 2376 351 2432 etiam
407 2380 570 2435 tribu.
604 2381 669 2434 Et
713 2384 978 2452 quomodo
1023 2385 1340 2440 translatum
1368 2395 1452 2442 est
1498 2390 1751 2444 sacerdo-

182 2467 317 2521 tium
342 2468 407 2522 de
436 2470 577 2525 tribu
605 2470 659 2524 in
690 2471 908 2537 tribum,
954 2473 1020 2528 de
1050 2475 1366 2530 sacerdotali
1405 2476 1653 2531 videlicet
1682 2478 1751 2535 ad

184 2559 438 2630 regalem,
466 2570 524 2615 ut
557 2563 743 2618 eadem
782 2564 897 2632 ipsa
932 2564 1002 2620 sit
1026 2572 1080 2618 et
1108 2566 1302 2634 regalis
1325 2574 1380 2621 et
1400 2567 1749 2627 sacerdotalis

181 2649 239 2704 in
269 2651 501 2716 Christo,
533 2654 626 2723 qui
663 2664 747 2709 est
780 2670 871 2709 rex
918 2664 973 2710 et
1002 2657 1290 2713 sacerdos?
1314 2656 1528 2713 Intuere
1554 2669 1747 2730 myste-

179 2748 341 2800 rium.
359 2748 538 2803 Primo
564 2748 664 2802 fuit
677 2748 855 2819 regale
868 2750 1225 2805 sacerdotium
1253 2750 1305 2804 in
1328 2750 1742 2819 Melchisedech,

176 2841 477 2894 secundum
514 2841 955 2909 consequentiam
994 2841 1153 2911 hujus
1190 2843 1477 2907 sermonis,
1508 2846 1744 2899 secundo

176 2938 358 2985 autem
405 2930 509 2984 fuit
551 2931 908 2987 sacerdotium
950 2931 1284 2988 solummodo
1326 2934 1658 2989 sacerdotale
1687 2935 1742 2990 in

173 3021 377 3085 Aaron,
412 3022 569 3079 tertio
612 3031 793 3079 autem
822 3022 921 3078 luit
958 3023 1153 3080 iterum
1180 3025 1359 3094 regale
1380 3027 1742 3083 sacerdotium

174 3109 232 3163 in
260 3108 493 3174 Christo,
535 3110 675 3165 sicut
715 3119 770 3165 et
810 3110 1001 3180 primo.
1054 3111 1205 3168 Unde
1226 3122 1281 3167 et
1313 3112 1741 3171 Ecclesia'modo

173 3199 357 3269 regale
385 3202 742 3257 sacerdotium
768 3203 949 3268 habet,
980 3203 1191 3261 dicente
1222 3204 1421 3260 Petro:
1467 3204 1563 3262 Vos
1600 3208 1737 3262 enim

1855 2014 2227 2075 Inﬁrmitatem
2273 2022 2460 2092 utique
2487 2023 2537 2077 in
2562 2024 2665 2081 hoc
2699 2027 2933 2085 habebat
2976 2031 3056 2086 lex
3088 2048 3103 2089 :
3132 2035 3254 2103 quia
3299 2052 3423 2107 ope-

1858 2114 2038 2161 t‘antcs
2082 2124 2190 2163 non
2245 2111 2460 2167 valebat
2504 2116 2775 2185 adjuvare,
2824 2120 3168 2179 inutilitatem
3207 2142 3335 2184 vero
3370 2130 3423 2186 in

1855 2194 1978 2260 hoc,
2011 2199 2135 2265 quia
2168 2202 2368 2256 nemini
2410 2219 2634 2274 regnum
2658 2210 2917 2266 crelorum
2944 2213 3156 2271 valebat
3189 2219 3419 2288 aperire.

1855 2283 2008 2375 :Unde
2035 2291 2277 2358 sequitur
2314 2308 2327 2346 :
2372 2292 2522 2348 Nihil
2567 2299 2702 2351 enim
2752 2303 2820 2354 ad
2873 2304 3156 2375 perfectum
3202 2283 3420 2367 adduxit

1851 2372 1952 2467 lex.
1970 2375 2108 2443 Quid
2134 2381 2300 2447 enim,
2331 2384 2463 2437 nihil
2497 2386 2696 2454 profuit
2719 2389 2838 2445 lex?
2857 2372 3058 2464 prol‘uit
3085 2398 3300 2467 quidem
3326 2401 3420 2457 ali-

1850 2466 1977 2560 quid
2008 2483 2233 2539 corpora
2276 2475 2605 2541 mundando,
2646 2493 2863 2549 peccata
2906 2485 3045 2542 levia
3092 2466 3417 2560 relaxando;

1850 2556 1943 2653 sed
1987 2558 2120 2612 nihil
2151 2562 2219 2615 ad
2263 2562 2365 2618 hoc
2412 2565 2633 2634 profuit,
2688 2581 2745 2626 ut
2792 2574 3062 2642 perfectos
3097 2577 3277 2637 facere
3321 2556 3419 2653 po;

1848 2648 2041 2704 tuisset
2072 2653 2368 2709 servientes
2405 2656 2456 2709 in
2497 2672 2581 2723 ea,
2622 2663 2874 2730 quoniam
2904 2669 3149 2736 graviora
3190 2648 3414 2743 peccata

1847 2751 1953 2834 non
1989 2739 2224 2807 tollebat,
2267 2759 2364 2798 nec
2405 2744 2628 2814 januam
2657 2752 2804 2821 regni
2838 2755 3075 2813 ccclestis
3104 2739 3262 2816 alicui
3293 2780 3418 2834 ape-

1847 2827 2039 2919 riebat.
2066 2829 2403 2904 Quapropter
2450 2841 2733 2907 reprobata
2758 2852 2862 2909 est,
2897 2855 2954 2900 ut
2982 2849 3170 2919 gratia:
3196 2827 3418 2911 daretur

1844 2915 2017 2984 locus,
2060 2920 2112 2975 in
2159 2938 2264 2991 qua
2311 2926 2570 2994 perfectio
2618 2915 3047 3001 constat;utilis
3077 2944 3290 3012 quidem
3317 2947 3419 3004 fuit

1847 3011 2003 3065 tidem
2054 3012 2379 3073 habentibus
2428 3020 2484 3074 in
2541 3021 2774 3090 Christo,
2831 3045 2943 3084 non
2986 3011 3220 3105 illisqui
3251 3046 3412 3101 totam

1782 3122 1798 3136 ν
1845 3114 1993 3169 spem
2022 3116 2172 3157 suam
2202 3105 2255 3159 in
2287 3104 2402 3173 ejus
2440 3111 2748 3169 carnalibus
2769 3104 3231 3179 observationibus
3252 3141 3415 3195 pone-

1844 3189 1993 3247 bant.
2041 3193 2368 3251 lntroductio
2417 3216 2534 3254 vero
2582 3204 2810 3260 melioris
2856 3211 2984 3278 spei,
3025 3189 3282 3272 subaudis
3331 3230 3415 3274 est

170 3309 334 3366 genus
350 3292 589 3365 electura,
620 3294 789 3370 regale
813 3296 1160 3356 sacerdotium
1189 3297 1237 3374 (Ι
1261 3297 1403 3359 Ρειν.
1438 3314 1508 3370 it;
1544 3299 1734 3361 Matth.

1845 3284 2001 3339 modo
2023 3286 2076 3339 in
2098 3290 2294 3358 gratia,
2309 3308 2401 3360 per
2419 3308 2574 3363 quam
2596 3310 2744 3366 spem
2765 3301 3118 3368 proximamus
3135 3308 3202 3361 ad
3222 3309 3410 3364 Deum.

170 3390 387 3461 xxvui).
419 3390 610 3447 Tribus
637 3406 765 3462 ergo
788 3391 922 3447 Juda
948 3406 1014 3447 ex
1036 3407 1139 3461 qua
1186 3394 1443 3450 Dominus
1480 3406 1633 3451 ortus
1657 3405 1739 3452 est

168 3496 271 3550 per
298 3483 558 3554 virginem
583 3483 834 3549 Mariam,
884 3499 1006 3540 cum
1049 3500 1262 3555 semper
1309 3486 1457 3555 regia
1487 3497 1655 3553 esset,
1685 3495 1739 3543 et

165 3587 444 3642 nunquam
472 3572 841 3640 sacerdotalis,
891 3574 949 3629 in
993 3572 1208 3630 Christo
1239 3575 1341 3639 fuit
1372 3584 1662 3646 utrumque
1682 3585 1737 3631 et

168 3661 367 3731 regalis
393 3670 447 3717 et
468 3665 835 3731 sacerdotalis,
868 3665 1126 3721 translato
1169 3682 1237 3722 ex
1283 3675 1394 3722 toto
1431 3670 1737 3725 sacerdotio

165 3769 198 3806 a
232 3753 372 3806 tribu
399 3752 548 3819 Levi,
577 3770 696 3823 quae
717 3764 870 3809 antea
902 3757 1249 3812 sacerdotalis
1278 3766 1414 3813 erat.

241 3841 310 3895 Et
359 3843 581 3913 amplius
619 3845 789 3898 adhuc
842 3847 1175 3915 manifestum
1214 3860 1312 3913 est,
1356 3851 1401 3903 si
1450 3852 1736 3906 secundum

162 3933 412 3989 ordinem
440 3933 815 3989 Melchisedech
830 3947 1073 4006 exsurgat
1102 3937 1239 3995 alius
1261 3940 1502 3993 sacerdos
1522 3942 1609 4009 qui
1634 3957 1737 3995 non

166 4023 456 4077 secundum
492 4022 650 4092 legem
691 4025 929 4078 mandati
955 4025 1181 4080 carnalis
1212 4026 1382 4096 [actus
1408 4036 1501 4091 est,
1533 4028 1622 4082 sed
1652 4045 1731 4082 se—

166 4116 399 4170 cundum
437 4116 677 4170 uirtutem
722 4118 836 4170 vita
874 4116 1186 4175 insolubilis.
1236 4114 1568 4173 Contestatur
1598 4119 1736 4173 enim

164 4209 312 4265 Deus
340 4208 499 4264 Pater
538 4208 763 4279 loquens
790 4208 858 4263 ad
893 4208 1086 4264 Filium
1117 4212 1364 4280 quoniam
1391 4222 1450 4263 tu
1474 4227 1526 4266 es
1559 4227 1732 4265 sacer-

160 4301 260 4354 dos
317 4300 371 4355 in
412 4310 666 4355 aeternum
712 4300 995 4354 secundum
1043 4301 1277 4355 ordinem
1333 4300 1730 4361 Melchisedech.

161 4390 417 4447 Defectus
446 4391 693 4447 dictionis
741 4394 844 4446 isto
887 4391 941 4444 in
971 4390 1089 4446 loco
1118 4390 1350 4446 habetur
1392 4392 1523 4446 satis
1550 4407 1734 4447 neces-

156 4482 362 4547 sarius,
403 4491 731 4551 quapropter
779 4498 922 4538 nunc
960 4482 1168 4537 dicatur
1213 4482 1286 4537 ita
1336 4499 1349 4536 :
1399 4483 1469 4537 Et
1507 4484 1731 4554 amplius

157 4571 338 4626 adhuc
383 4572 713 4642 manifestum
762 4581 859 4638 est,
910 4572 1187 4638 subaudis,
1231 4573 1569 4630 destructum
1609 4591 1729 4632 esse

155 4663 522 4717 sacerdotium
572 4663 726 4734 legis,
758 4678 855 4734 per
900 4664 1005 4718 hoc
1046 4664 1189 4733 quod
1227 4662 1474 4720 Christus
1513 4680 1617 4720 non
1643 4682 1728 4720 se-

156 4754 399 4809 cundum
450 4752 693 4809 ordinem
732 4753 912 4809 Aaron
969 4754 1165 4809 dicitur
1224 4756 1467 4810 sacerdos
1514 4773 1623 4810 esse
1672 4758 1727 4812 in

152 4858 436 4911 mter-num,
464 4847 551 4901 sed
574 4847 858 4901 secundum
883 4848 1118 4902 ordinem
1147 4847 1555 4914 Melchisedech;
1589 4863 1724 4919 qua-

149 4946 385 5009 propter
403 4939 505 4993 hoc
528 4952 543 4991 :
565 4937 691 5009 quia
712 4939 779 4992 de
802 4938 944 4994 tribu
971 4937 1099 4993 Levi
1126 4955 1234 4994 non
1263 4939 1382 4995 fuit.
1408 4939 1559 5008 Quod
1580 4941 1724 4996 enim

153 5032 315 5093 dicit,
339 5031 382 5085 si
410 5030 700 5085 secundum
730 5030 974 5086 ordinem
1003 5030 1393 5087 Melchisedech
1410 5042 1725 5102 exsurgeret

148 5124 611 5190 alius‘sacerdos,
661 5138 770 5178 non
805 5123 1098 5181 dubitative
1141 5123 1395 5193 loquitur,
1435 5126 1528 5182 sed
1577 5125 1722 5179 atIir-

148 5215 384 5281 mauro,
423 5214 576 5285 quasi
603 5214 808 5271 diceret
841 5232 853 5266 :
885 5214 1128 5284 Amplius
1160 5214 1334 5268 adhuc
1361 5227 1458 5284 per
1496 5215 1597 5269 hoc
1626 5213 1721 5268 de-

145 5314 495 5365 monstratur
516 5306 846 5361 destructum
873 5321 993 5362 esse
1026 5306 1389 5362 sacerdotium
1422 5306 1572 5378 legis,
1597 5307 1721 5375 quia

144 5402 454 5459 Secundum
483 5399 729 5455 ordinem
771 5399 1166 5456 Melchisedech
1195 5399 1430 5456 surrexit
1478 5398 1725 5455 Christus

145 5494 301 5550 alius
331 5492 607 5557 sacerdos,
636 5493 726 5561 qui
763 5507 869 5547 non
911 5495 1204 5548 secundum
1232 5492 1466 5548 carnalis
1486 5491 1724 5546 mandati

143 5587 332 5657 legent
362 5586 535 5641 factus
565 5595 651 5643 est
688 5588 940 5645 sacerdos
979 5590 1119 5644 sicut
1143 5589 1343 5644 Aaron.
1380 5588 1580 5659 Legem
1607 5604 1729 5644 car-

142 5680 300 5737 nalis
332 5682 566 5737 mandati
595 5694 765 5746 vocat,
810 5683 935 5752 quia
962 5699 1030 5738 ex
1059 5685 1292 5739 maxima
1320 5692 1473 5754 parte
1495 5682 1727 5738 carnalis

141 5780 297 5836 erat,
324 5772 562 5827 carnalia
587 5776 997 5845 praecipienszin
1039 5778 1466 5843 circumcisione,
1491 5778 1543 5832 in
1575 5794 1726 5831 mun-

140 5866 376 5924 datioue
410 5867 676 5935 corporis,
728 5866 777 5922 in
812 5867 1000 5922 hostiis
1033 5876 1088 5923 et
1117 5867 1479 5923 oblationibus
1499 5869 1726 5922 carnali-

1841 3384 2037 3447 liaL-uit
2063 3390 2278 3465 quidem
2310 3392 2394 3454 lex
2418 3410 2588 3470 spent,
2615 3399 2707 3461 sed
2736 3414 2845 3460 non
2879 3403 3034 3463 talem
3059 3409 3271 3482 qualem
3292 3428 3411 3488 grav

1840 3486 1912 3541 tia
1962 3490 2230 3556 prmstitit.
2299 3491 2600 3562 Sperabam
2659 3499 2801 3553 enim
2852 3500 3268 3575 beneplacentes
3302 3486 3408 3567 vle-

1837 3596 2063 3653 gemque
2087 3588 2450 3643 custodientes
2476 3591 2750 3660 possidere
2770 3603 2965 3651 terram
2994 3609 3046 3654 et
3065 3599 3220 3668 juxta
3244 3604 3406 3662 illud:

1838 3675 1893 3732 Si
1926 3678 2206 3736 volueritis
2240 3682 2378 3736 bona
2412 3691 2569 3739 terra:
2594 3688 2906 3755 comedetis,
2930 3692 3171 3763 nihilque
3215 3712 3411 3754 atrum-

1835 3786 2028 3827 uosum
2054 3776 2193 3842 patri
2224 3790 2484 3845 prospere
2520 3779 2721 3847 vivere,
2747 3783 2885 3837 sicut
2909 3784 3112 3841 dictum
3138 3797 3223 3843 est
3257 3805 3272 3844 :
3300 3792 3403 3860 Qui

1837 3860 2028 3917 fecerit
2074 3878 2139 3918 ea
2186 3866 2346 3919 vivet.
2391 3866 2489 3921 Hic
2535 3879 2715 3925 autem
2761 3886 3042 3940 speramus
3080 3894 3093 3928 :
3127 3880 3253 3946 quia
3295 3882 3410 3951 pla-

1838 3960 2022 4005 centes
2070 3961 2123 4006 et
2170 3953 2489 4024 Evangelica
2538 3970 2803 4030 praecepta
2852 3966 3247 4031 custodientes,
3300 3988 3409 4028 non

1839 4047 2039 4093 terram
2090 4042 2512 4110 possidebimus,
2563 4048 2658 4102 sed
2698 4049 2933 4116 omium;
2974 4053 3193 4124 insuper
3244 4061 3408 4116 etiam

1836 4129 1977 4197 quod
2008 4129 2146 4185 cutio
2182 4131 2352 4187 multo
2387 4134 2579 4190 melius
2602 4144 2702 4202 est,
2728 4153 3010 4209 speramus
3035 4147 3266 4213 proximi
3299 4148 3409 4207 Deo

1835 4220 2154 4287 consistere,
2183 4222 2250 4277 ad
2280 4222 2453 4292 ipsum
2484 4234 2768 4294 paternum
2798 4230 2988 4287 solium
3023 4237 3306 4304 pervenire
3353 4250 3407 4296 et

1834 4312 2144 4377 ministrare
2168 4314 2216 4368 ei
2241 4330 2364 4370 cum
2392 4318 2591 4383 Sanctis
2616 4320 2839 4389 angelis,
2859 4321 3013 4391 juxta
3046 4328 3188 4396 quod
3221 4327 3405 4388 Salva-

1833 4412 1920 4465 tor
1960 4406 2035 4463 ait
2084 4407 2139 4462 in
2189 4408 2518 4480 Evangelia:
2547 4409 2843 4483 Fulgebunt
2878 4417 3013 4485 justi
3050 4421 3185 4475 sicut
3233 4424 3311 4478 sol
3351 4427 3406 4482 iu

1834 4513 1992 4566 regno
2038 4494 2216 4553 Patris
2237 4500 2340 4565 sui,
2389 4512 2642 4574 eruntque
2688 4505 2824 4559 sicut
2863 4510 3035 4578 angeli
3069 4511 3160 4571 Dei
3198 4514 3252 4568 in
3280 4516 3405 4571 ctelo

1835 4585 2048 4657 (Matth.
2101 4606 2222 4655 xm,
2262 4591 2372 4663 45).
2412 4591 2525 4648 Hoc
2565 4610 2694 4650 vero
2720 4600 3100 4666 sacerdotium,
3142 4619 3237 4672 per
3265 4608 3404 4675 quod

1836 4679 1976 4741 hanc
2022 4680 2248 4750 gloriam
2289 4686 2590 4753 possessuri
2623 4702 2824 4752 sumus,
2873 4707 2977 4745 non
3008 4702 3092 4749 est
3126 4696 3242 4753 sine
3258 4698 3405 4768 jure-

1827 4771 2075 4840 jurando,
2134 4783 2192 4827 ut
2250 4774 2461 4829 ﬁrmam
2516 4777 2605 4831 Dei
2652 4781 3058 4849 promissionem
3102 4790 3400 4848 credamus.

1837 4860 1987 4915 Unde
2011 4861 2298 4932 Apostolus
2347 4866 2564 4919 subdit:
2596 4867 2664 4921 Et
2714 4881 2966 4940 quantum
3014 4886 3109 4940 est,
3151 4880 3406 4937 subaudis

1831 4951 2074 5019 firmum,
2105 4955 2244 5009 istud
2272 4958 2633 5013 sacerdotium
2657 4958 2857 5017 Christi
2886 4965 2951 5019 de
2977 4981 3083 5035 quo
3113 4966 3401 5039 loquimur,

1831 5045 2017 5113 utique
2065 5045 2290 5100 multum
2318 5057 2420 5114 est,
2458 5051 2580 5119 quia
2624 5069 2729 5107 non
2773 5055 2885 5109 sine
2920 5056 3272 5127 jurejurando
3312 5063 3406 5120 lir-

1835 5148 2038 5191 matum
2089 5146 2189 5192 est.
2225 5138 2332 5192 Alii
2372 5141 2577 5211 quidem
2616 5144 2729 5197 sine
2758 5145 3110 5215 jurejurando
3134 5151 3262 5218 [acti
3282 5166 3401 5212 sunt

1832 5230 2125 5283 sacerdotes
2171 5237 2230 5285 ut
2258 5231 2439 5287 Aaron
2495 5233 2696 5303 ﬁliique
2720 5235 2856 5304 ejus,
2884 5239 3079 5308 quibus
3123 5241 3263 5299 Deus
3295 5262 3401 5303 non

1826 5318 2032 5389 juravit
2079 5320 2222 5389 quod
2261 5331 2445 5377 essent
2489 5326 2798 5382 sacerdotes
2836 5328 2890 5383 iu
2925 5338 3402 5394 :cternumsecun-

1829 5411 1956 5466 dum
1988 5412 2232 5469 ordinem
2263 5412 2416 5485 legis,
2465 5416 2549 5469 hic
2575 5427 2767 5481 autent,
2816 5418 2867 5473 id
2897 5428 2980 5475 est
3006 5419 3251 5481 Christus
3283 5444 3402 5484 cum

1824 5501 2177 5571 jurejurando
2203 5505 2455 5559 sacerdos
2482 5505 2659 5562 lactus
2681 5515 2765 5561 est
2791 5524 2883 5577 per
2909 5526 3046 5577 eum,
3075 5513 3179 5571 hoc
3196 5525 3277 5573 est
3304 5533 3402 5589 per

1832 5592 2001 5659 Deum
2028 5603 2234 5663 patrem
2257 5597 2346 5667 qui
2369 5598 2501 5651 dixit
2529 5598 2598 5652 ad
2626 5597 2775 5654 illum
2803 5614 2822 5652 :
2843 5600 3050 5658 Iuravit
3079 5605 3332 5666 Dominus
3349 5620 3398 5668 et

1833 5699 1935 5736 non
1965 5684 2223 5753 paenitebit
2255 5703 2395 5751 eain,
2444 5688 2495 5741 id
2541 5696 2625 5742 est
2649 5704 2755 5744 non
2783 5694 3013 5747 mutabit
3031 5706 3397 5764 juramentum

1826 5786 2009 5835 Suum,
2041 5775 2294 5843 quoniam
2333 5785 2387 5828 tu
2411 5793 2462 5829 es
2488 5779 2804 5833 sacerdosin
2832 5776 3082 5838 (sternam
3114 5790 3399 5847 secundum

1833 5864 2064 5920 ordinem
2119 5854 2512 5923 Melchisedech.
2567 5870 2635 5925 In
2675 5881 2875 5927 tantum
2922 5878 3152 5937 melioris
3219 5882 3401 5943 Testa-
