3974 6444
529 452 633 514 871

997 433 1350 497 HAYMONIS
1386 426 1868 490 HALBERSTAT.
1912 420 2129 480 EPISC.
2173 417 2327 476 OPP.
2359 415 2562 474 PARS.
2599 417 2640 472 Ι.
2664 445 2737 457 -
2771 412 3128 473 COMMENT.
3164 413 3340 471 BIBL.

3718 415 3833 475 87!

532 564 693 623 menti
735 575 954 635 sponsor
981 557 1095 612 sive
1129 551 1426 624 promissor
1473 548 1644 618 factus
1690 553 1765 598 est
1799 538 2108 605 Jesuspsci-
2134 540 2185 599 Α
2212 541 2434 635 peccato
2465 540 2647 634 natus,
2679 539 2735 586 et
2759 531 2877 586 sine
2910 535 3136 635 peccato
3162 530 3230 633 ab
3259 529 3366 585 hoc
3392 529 3598 635 mundo
3628 538 3830 585 trans-

490 651 494 654 ’
535 659 662 716 licet
682 658 735 711 in
764 633 1026 723 quantum
1058 661 1180 702 cum
1210 639 1560 713 jurejurando
1606 637 1703 691 Dei
1745 633 1921 690 Patris
1957 645 2112 686 suum

535 747 895 807 sacerdotium
921 750 1091 797 tenet.
1128 739 1184 792 ln
1203 744 1467 808 quantum
1499 730 1862 788 sacerdotium
1889 723 2113 790 Christi,

534 841 678 912 quod
721 836 1032 906 iuramento
1079 831 1175 886 Dei
1229 837 1312 884 est
1362 826 1654 890 sancitum,
1710 837 1807 877 sua
1857 817 2120 889 dignitate

533 928 793 1001 praecellit
832 923 1196 982 sacerdotium
1234 920 1367 990 legis
1403 916 1621 980 veteris,
1654 915 1708 968 in
1743 919 1954 967 tantum
1983 921 2118 978 prae-

535 1020 681 1076 cellit
708 1017 874 1072 etiam
903 1014 1078 1086 gratia
1106 1009 1381 1082 Evangelii
1411 1008 1582 1079 legem
1610 1004 1798 1075 Moysi.

609 1111 675 1164 Et
703 1109 796 1164 alii
820 1108 1028 1180 quidem
1056 1104 1230 1175 plures
1271 1101 1398 1171 facti
1424 1107 1547 1153 sunt
1574 1094 1899 1154 sacerdotes,
1921 1089 2118 1145 idcirco

533 1201 671 1270 quod
686 1208 851 1255 morte
879 1195 1275 1269 prohiberentur
1286 1203 1612 1262 permanere,
1637 1186 1722 1239 hic
1735 1191 1932 1247 autem,
1960 1179 2014 1234 id
2037 1183 2122 1233 est

542 1293 790 1349 Christus
810 1291 895 1345 cui
925 1288 1090 1343 Pater
1107 1285 1243 1341 dis-it
1272 1298 1394 1338 cum
1418 1277 1723 1350 jejurando,
1755 1273 1837 1328 Tu
1857 1287 1918 1328 es
1945 1283 2122 1325 sacer-

537 1386 634 1440 dos
658 1383 714 1438 in
737 1390 1022 1444 aeternum,
1063 1393 1122 1432 eo
1154 1373 1291 1446 quod
1313 1378 1523 1426 maneat
1552 1369 1608 1422 in
1634 1375 1909 1428 azternum,
1934 1359 2125 1429 sempi-

537 1487 742 1532 ternum
781 1473 932 1527 habet
971 1467 1342 1525 sacerdotium.
1369 1465 1515 1518 Duas
1558 1458 1713 1530 ponit
1746 1456 1836 1511 hic
1871 1452 2123 1539 diﬁ‘eren-

539 1569 661 1632 tias,
705 1568 896 1620 beatus
943 1561 1250 1632 Apostolus,
1300 1557 1425 1627 quia
1482 1551 1737 1609 sacerdos
1787 1549 2123 1603 noster'non

539 1659 698 1712 habet
730 1658 890 1712 ﬁnem
919 1656 1057 1708 sicut
1089 1651 1346 1706 sacerdos
1376 1648 1511 1719 legis
1534 1686 1549 1711 ,
1587 1653 1644 1700 et
1681 1641 1808 1712 quia
1836 1655 1956 1694 cum
1981 1637 2125 1706 jure-

532 1749 766 1819 jurando
824 1760 978 1802 suum
1025 1743 1390 1799 sacerdotium
1437 1748 1788 1809 possessurus
1840 1738 1944 1786 est.
1987 1727 2124 1795 Quia

538 1843 685 1898 enim
729 1839 1039 1896 sacerdotes
1071 1836 1206 1906 legis
1247 1831 1506 1889 mortales
1543 1835 1732 1894 erant,
1761 1826 1946 1896 plures
1993 1819 2124 1876 facti

540 1942 668 1988 sunt
703 1931 1012 1987 sacerdotes
1051 1928 1106 1982 in
1127 1899 1268 1997 vipsa
1321 1924 1472 1994 lege,
1515 1921 1656 1976 sicut
1702 1918 1885 1974 Aaron
1926 1925 1983 1973 et
2023 1915 2121 1970 ﬁlii
2151 1899 2200 1961 Β

538 2024 683 2093 ejus,
745 2023 946 2079 idcirco
990 2019 1135 2090 quod
1183 2024 1358 2071 morte
1405 2011 1666 2084 praeventi
1712 2008 2126 2079 prohiberentur

540 2132 858 2188 permanere
879 2116 932 2169 in
957 2111 1281 2170 sacerdotio.
1309 2107 1533 2163 Mortuis
1548 2105 1692 2162 enim
1714 2102 1980 2174 patribus,
2003 2116 2124 2157 suc-

544 2208 808 2264 cedebant
846 2205 943 2260 ﬁlii
969 2206 1025 2259 in
1059 2206 1237 2260 locum
1254 2202 1525 2271 ipsorum;
1557 2194 1717 2251 Jesus
1745 2201 1923 2248 autem
1955 2191 2123 2258 solus,

540 2302 670 2373 quia
711 2297 1032 2354 immortalis
1068 2304 1183 2361 est,
1229 2294 1620 2362 sempiternum
1663 2288 1826 2342 habet
1872 2285 2126 2341 sacerdo-

544 2393 700 2457 tium,
734 2405 834 2446 nec
875 2388 1042 2444 ullum
1079 2388 1280 2443 habere
1323 2383 1520 2455 poterit
1561 2380 2012 2449 subsequentem,
2059 2392 2126 2432 eo

543 2488 688 2560 quod
724 2486 837 2557 ipse
878 2490 1096 2540 maneat
1136 2483 1189 2536 in
1219 2489 1498 2535 :eternum.
1543 2477 1801 2546 Sequitur
1831 2493 1844 2529 :
1878 2472 2030 2529 Unde
2076 2482 2127 2528 et

544 2579 746 2634 salvare
771 2577 827 2632 in
853 2585 1154 2647 perpetuum
1172 2581 1337 2643 potest
1360 2570 1659 2624 accedentes
1682 2584 1774 2638 per
1793 2568 2126 2636 semetipsum

548 2670 616 2724 ad
635 2669 822 2732 Deum,
852 2682 1053 2736 semper
1071 2666 1244 2718 vivens
1267 2661 1336 2717 ad
1363 2657 1802 2729 interpellandum
1822 2673 1915 2727 pro
1944 2655 2125 2721 nobis;

548 2759 725 2821 unde,
760 2755 964 2826 inquit,
996 2754 1123 2824 quia
1162 2751 1414 2807 Christus
1450 2751 1502 2804 in
1533 2758 1798 2803 aeternum
1831 2754 2042 2811 manet,
2073 2753 2128 2799 et

550 2849 940 2919 sempiternum
969 2846 1135 2900 habet
1157 2842 1521 2898 sacerdotium
1543 2880 1557 2905 ,
1577 2853 1792 2908 semper
1820 2837 2129 2908 interpellat

549 2958 649 3012 pro
676 2940 833 2996 nobis
861 2953 1179 3010 semperque
1213 2944 1394 3006 potest
1420 2934 1648 2990 salvare.
1684 2932 1821 3000 Quia
1847 2947 1979 2987 vero
2003 2932 2126 3003 qui-

548 3036 672 3090 dam
713 3033 924 3088 codices
956 3031 1174 3095 habent,
1226 3027 1489 3083 accedens
1531 3040 1629 3096 per
1673 3024 2022 3093 semetipsum
2061 3021 2130 3077 ad

547 3109 751 3192 Deum,
811 3123 1029 3196 quidam
1079 3137 1210 3177 vero
1260 3118 1456 3191 plurali
1501 3131 1727 3172 numero
1789 3116 2126 3181 accedentes,

548 3226 837 3288 utrumque
865 3214 1030 3285 recipi
1060 3220 1256 3285 potest.
1299 3210 1549 3266 Christus
1587 3222 1716 3278 ergo
1745 3203 1990 3277 pontifex
2027 3221 2128 3260 no-

552 3321 815 3377 ster,'non
842 3325 940 3381 per
967 3308 1136 3363 alium
1164 3305 1479 3378 pontiﬁcem
1522 3301 1784 3372 majorem
1824 3317 1882 3358 se
1925 3301 2134 3357 accedit

554 3404 814 3459 ad‘Deum
843 3403 1083 3466 Patrem,
1125 3399 1220 3455 sed
1244 3414 1342 3470 per
1367 3397 1718 3466 semetipsum
1735 3436 1750 3460 ,
1790 3395 2017 3464 ideoque
2037 3410 2134 3463 po-

557 3504 660 3551 test
710 3493 924 3548 salvare
995 3492 1053 3546 in
1099 3504 1157 3546 se
1205 3489 1509 3545 credentes.
1547 3488 1732 3542 Potest
1760 3495 1814 3541 et
1861 3486 1934 3541 ita
1971 3485 2129 3540 intel-

552 3585 644 3656 ligi
681 3584 822 3655 quod
856 3583 1018 3649 dicit,
1057 3582 1268 3636 salvare
1308 3582 1361 3636 in
1400 3589 1715 3652 perpetuum
1759 3587 1938 3648 potest
1979 3592 2134 3633 acce-

557 3679 746 3732 dentes
785 3692 883 3748 per
937 3674 1284 3745 semetipsum
1336 3673 1402 3728 ad
1467 3673 1656 3727 Deum.
1714 3670 1823 3726 Nos
1873 3670 1964 3741 qui
2011 3669 2134 3740 puri

561 3769 808 3825 homines
849 3783 1037 3824 sumus
1060 3808 1074 3832 ,
1100 3781 1198 3836 per
1227 3765 1378 3820 illum
1407 3762 1713 3819 accedimus
1739 3761 1807 3816 ad
1839 3758 2006 3814 Deum
2038 3758 2134 3814 Pa-

561 3869 728 3925 trem,
771 3857 898 3928 quia
941 3855 1202 3912 Mediator
1231 3862 1417 3910 noster
1455 3852 1693 3907 existens
1733 3850 1939 3906 assistit
1962 3847 2135 3903 vultui

561 3954 656 4007 Dei
707 3967 804 4023 pro
841 3951 1030 4016 nobis,
1080 3949 1318 4020 dirigens
1357 3963 1453 4018 per
1495 3947 1644 4001 illum
1691 3959 1878 4016 preces
1918 3951 2135 3998 nostras

560 4045 626 4097 ad
649 4041 818 4097 Deum
844 4039 1078 4094 Patrem.
1110 4038 1266 4096 Unde
1286 4045 1340 4093 et
1361 4039 1669 4092 sacerdotes
1698 4034 1951 4090 Ecclesia:
1978 4031 2136 4086 altari

560 4133 882 4189 assistentes
905 4131 1091 4186 dicunt
1122 4148 1135 4184 :
1168 4129 1414 4198 Suscipe,
1453 4127 1710 4192 Domine,
1745 4134 1928 4181 sancte
1949 4123 2134 4190 Pater,

562 4239 751 4294 preces
798 4221 981 4293 populi
1033 4221 1110 4276 tui
1168 4235 1265 4291 per
1310 4217 1595 4274 Dominum
1649 4224 1895 4272 nostrum
1951 4213 2134 4269 Jesum

561 4315 834 4370 ChriStum
868 4312 1062 4370 Filium
1093 4321 1261 4368 tuum.
1294 4311 1362 4366 Et
1381 4311 1508 4380 quia
1537 4326 1736 4380 semper
1761 4309 1912 4373 vivit,
1938 4322 2138 4377 semper

564 4403 897 4476 interpellans
945 4419 1044 4474 pro
1074 4403 1245 4458 nobis.
1289 4401 1395 4456 Alii
1421 4416 1549 4456 vero
1585 4399 1867 4471 pontiﬁces
1907 4399 1998 4469 qui
2030 4413 2139 4454 non

567 4510 780 4565 semper
811 4505 1000 4559 erunt,
1031 4510 1138 4550 non
1180 4508 1393 4564 semper
1431 4491 1806 4561 interpellant;
1836 4489 2140 4560 interpellat

566 4594 748 4641 autem
767 4601 864 4655 pro
879 4587 1032 4640 nobis
1051 4601 1148 4656 per
1175 4587 1278 4640 hoc
1297 4584 1438 4654 quod
1459 4593 1705 4638 naturam
1731 4583 2018 4652 assumpsit
2039 4584 2138 4636 hu-

569 4691 805 4738 manam,
838 4691 997 4744 quam
1026 4677 1238 4731 assidue
1266 4677 1498 4732 ostendit
1523 4674 1693 4729 vultui
1716 4673 1808 4728 Dei
1838 4688 1936 4743 pro
1964 4673 2136 4740 nobis,

569 4778 626 4823 ut
652 4768 975 4825 misereatur
997 4769 1292 4825 secundum
1319 4779 1605 4839 utramque
1631 4768 2010 4824 substantiam.
2038 4767 2140 4822 Ta-

563 4860 630 4916 lis
659 4861 795 4916 enim
826 4861 1027 4915 dicebat
1052 4869 1108 4914 ut
1133 4861 1278 4916 nobis
1308 4871 1438 4915 esset
1466 4859 1702 4930 pontifex
1723 4869 1962 4925 sanctus,
1988 4860 2141 4913 inno-

565 4969 708 5017 cens,
735 4951 1061 5023 impollutus,
1092 4961 1390 5023 segregatus
1419 4969 1451 5005 a
1484 4949 1860 5021 peccatoribus,
1895 4961 1950 5006 et
1977 4949 2144 5005 excel-

565 5043 675 5097 sior
713 5042 852 5097 ctelis
875 5041 1065 5112 factus.
1097 5041 1211 5096 Non
1234 5056 1451 5096 eramus
1477 5040 1643 5111 digni,
1674 5056 1775 5096 nec
1795 5043 2142 5112 promereba-

569 5149 690 5188 mur
717 5133 877 5188 talem
908 5133 1106 5188 habere
1126 5131 1458 5202 pontiﬁcem,
1486 5132 1580 5187 sed
1602 5147 1822 5189 necesse
1851 5141 1968 5188 erat
1988 5135 2144 5190 nobis

571 5232 633 5277 nt
656 5221 815 5277 talem
841 5221 1160 5277 haberemus
1183 5220 1495 5291 pontiﬁcem
1513 5262 1530 5291 ,
1554 5222 1646 5291 qui
1677 5231 1821 5278 esset
1841 5231 2062 5278 sanctus
2088 5223 2146 5279 in

567 5312 816 5368 interiori
887 5313 1104 5367 homine
1163 5313 1423 5367 innocens
1491 5312 1772 5377 manibus,
1839 5313 2147 5383 impollutus

568 5419 817 5474 corpore,
849 5413 1162 5477 segregatus
1203 5420 1234 5458 a
1269 5403 1643 5473 peccatoribus
1665 5443 1679 5468 ,
1721 5403 1775 5458 id
1797 5411 1879 5457 est
1901 5403 1969 5457 ab
1997 5405 2146 5460 omni

569 5504 793 5567 peccato
821 5495 1074 5550 immunis
1095 5503 1149 5550 et
1179 5510 1209 5549 a
1239 5494 1654 5550 conversatione
1678 5501 2026 5564 peccatorum
2059 5510 2142 5551 se-

573 5594 818 5656 paratus.
848 5586 902 5639 In
929 5587 1031 5639 hoc
1058 5585 1200 5640 enim
1238 5585 1337 5639 fuit
1365 5593 1644 5655 seperatus
1677 5600 1708 5637 a
1741 5585 2138 5653 peccatoribus,

573 5676 700 5745 quia
748 5675 836 5729 alii
872 5675 1116 5731 homines
1161 5690 1281 5731 cum
1312 5685 1532 5746 peccato
1567 5675 1944 5744 concipiuntur
1974 5684 2030 5731 et
2049 5691 2144 5729 na-

575 5773 833 5831 scuntur,
864 5774 1026 5836 atque
1066 5766 1134 5821 ab
1175 5768 1276 5822 hoc
1315 5767 1508 5823 saeculo
1559 5781 1682 5820 cum
1712 5774 1937 5837 peccato
1970 5775 2144 5821 trans-

577 5862 745 5920 eunt,
790 5855 880 5912 hic
910 5865 1088 5911 autem
1129 5859 1245 5913 sine
1275 5867 1494 5926 peccato
1533 5865 1615 5913 est
1655 5863 1976 5926 conceptus,
2019 5855 2138 5911 sine

2217 626 2335 691 ivit,
2361 623 2617 695 quoniam
2648 631 2920 694 peccatum
2960 637 3065 676 non
3091 620 3236 691 fecit,
3265 638 3356 675 nec
3385 622 3540 676 dolus
3565 623 3824 678 iuremus

2216 727 2289 771 est
2335 717 2391 768 in
2437 732 2525 769 ore
2546 714 2679 785 ejus.
2733 698 2932 768 Faétus
2988 723 3165 766 autem
3209 721 3284 766 est
3339 711 3596 768 excelsior
3649 712 3824 778 colis,

2217 807 2432 876 quando
2466 805 2880 878 quadragesima
2911 804 2997 860 die
3036 803 3366 859 admiranda:
3410 820 3522 859 sua:
3562 805 3825 860 résurre-

2219 897 2414 953 ctionis
2464 912 2627 967 super
2649 911 2841 952 omnes
2859 895 3060 962 caelos,
3090 903 3147 951 et
3171 910 3334 964 super
3362 910 3558 949 omnes
3583 895 3824 950 ordines

2219 989 2521 1046 caelestium
2551 988 2837 1059 spirituum
2875 988 3116 1043 elevatus
3155 999 3237 1042 est
3261 986 3330 1042 ad
3359 1002 3702 1042 consessum
3739 1004 3828 1059 pa-

2221 1089 2388 1138 terna:
2417 1079 2747 1150 maiestatis,
2782 1079 2874 1136 ubi
2908 1081 3063 1137 sedet
3087 1095 3233 1135 nunc
3264 1079 3319 1134 in
3343 1079 3705 1150 plenitudine
3733 1083 3826 1136 bo-

2219 1174 2370 1229 noris
2410 1181 2466 1228 et
2511 1173 2716 1244 gloriae.
2759 1173 2948 1228 Potest
2984 1182 3038 1228 et
3076 1173 3152 1228 ita
3194 1172 3418 1244 intelligi
3447 1173 3604 1242 quod
3643 1174 3823 1228 dicit:

2222 1265 2368 1322 Talis
2405 1267 2611 1320 dicebat
2646 1277 2702 1320 ut
2734 1267 2881 1321 nobis
2921 1275 3053 1320 esset
3077 1265 3348 1336 pontifex,
3376 1264 3538 1335 quasi
3565 1265 3821 1319 diceret:

2221 1360 2390 1416 Judtei
2417 1359 2564 1414 velut
2601 1359 2745 1414 servi
2772 1374 2870 1430 per
2897 1359 3148 1413 timorem
3176 1357 3311 1430 legis
3343 1358 3455 1413 Deo
3483 1358 3822 1421 servientes,

2222 1454 2420 1525 legales
2448 1453 2731 1522 pontiﬁces
2749 1453 3073 1517 habuerunt,
3104 1452 3204 1506 sibi
3234 1466 3531 1507 conservos
3557 1450 3822 1505 mortales

2221 1563 2285 1603 ac
2309 1556 2642 1617 peccatores,
2666 1547 2758 1616 qui
2780 1561 2878 1616 pro
2898 1544 3202 1614 semetipsis
3221 1543 3476 1598 similiter
3500 1543 3824 1615 indigebant

2223 1637 2448 1702 oll'errc,
2473 1654 2572 1694 nos
2610 1645 2793 1692 autem
2827 1635 3254 1706 quibus.dictum
3281 1644 3366 1690 est
3396 1653 3411 1688 :
3445 1633 3585 1688 lam
3615 1652 3722 1688 non
3747 1636 3819 1686 di-

2223 1748 2340 1786 cam
2365 1747 2454 1785 vos
2487 1746 2690 1795 servos,
2731 1729 2822 1783 sed
2848 1728 3045 1782 amicos
3073 1743 3215 1781 meos
3252 1725 3440 1798 (Joan.
3468 1725 3572 1799 xv)
3593 1768 3610 1790 ,
3649 1737 3704 1781 et
3733 1727 3814 1796 qui

2225 1821 2322 1877 ﬁlii
2347 1821 2443 1878 Dei
2469 1836 2657 1876 sumus
2687 1820 2973 1876 serviendo
3001 1819 3078 1873 illi
3102 1832 3290 1874 amore
3321 1817 3645 1884 ﬁliationis,
3675 1820 3812 1874 decet

2227 1923 2288 1969 ut
2341 1914 2637 1970 habeamus
2698 1911 2996 1982 pontiﬁcem
3050 1909 3425 1975 immortalem,
3488 1921 3806 1981 segregatim:

2225 2021 2258 2056 a
2275 2001 2666 2085 peccatoribus.
2697 1999 2953 2071 Sequitur
2982 2018 2995 2054 :
3023 1998 3128 2066 Qui
3156 2015 3263 2053 non
3285 1999 3442 2054 habet
3466 2000 3712 2070 quotidie
3736 2018 3809 2054 ne-

2225 2097 2541 2160 cessitatem,
2576 2093 3016 2164 quemadmodum
3038 2090 3332 2146 sacerdotes
3368 2090 3532 2162 legis,
3555 2092 3706 2162 prius
3732 2110 3804 2162 pro

2225 2187 2334 2241 suis
2356 2184 2559 2240 delictis
2591 2186 2788 2240 hostias
2824 2185 3012 2255 offerre
3033 2224 3048 2248 ,
3091 2183 3281 2237 deinde
3315 2199 3412 2253 pro
3459 2166 3674 2254 populi.
3713 2181 3796 2236 Ηκ

2225 2279 2363 2332 enim
2391 2277 2510 2347 fecit
2545 2276 2701 2332 semel
2739 2276 2965 2346 seipsum
3006 2275 3270 2344 oﬂ'erendo
3319 2275 3604 2331 Dominus
3646 2285 3797 2330 noster

2225 2369 2383 2426 Jesus
2427 2369 2695 2425 Christus.
2745 2367 2885 2435 Quid
2923 2366 3086 2422 fecit?
3129 2366 3328 2437 Utique
3370 2366 3585 2421 obtulit
3621 2367 3801 2422 sacriﬁ-

2228 2461 2372 2515 cium
2399 2476 2508 2516 non
2527 2475 2628 2530 pro
2654 2459 2770 2514 suis
2797 2458 3030 2524 dilectis,
3059 2457 3153 2512 sed
3179 2472 3277 2527 pro
3310 2456 3557 2525 nostris,
3582 2466 3629 2512 et
3646 2454 3795 2512 semel

2227 2553 2331 2610 hoc
2361 2554 2488 2609 fecit
2515 2569 2621 2609 non
2642 2551 2892 2622 amplius,
2917 2552 3045 2622 quia
3069 2550 3225 2606 semel
3247 2562 3504 2606 mortuus
3527 2568 3625 2623 pro
3643 2568 3798 2622 pecea-

2229 2643 2294 2698 tis
2325 2642 2514 2697 nostris
2536 2682 2550 2707 ,
2565 2642 2684 2712 jam
2716 2657 2821 2696 non
2848 2642 3104 2708 moritur,
3136 2656 3276 2696 mors
3311 2641 3396 2694 illi
3425 2641 3582 2696 ultra
3602 2659 3701 2696 nos
3726 2642 3802 2693 do-

2228 2735 2516 2790 minabitur
2576 2731 2749 2806 (Rom.
2811 2749 2898 2800 vi,
2953 2733 3030 2803 9).
3085 2732 3526 2816 Magnitudinem
3571 2733 3803 2790 sacriﬁcii

2231 2828 2434 2885 Christi
2472 2827 2560 2884 hic
2604 2827 2873 2895 ostendit,
2900 2829 3044 2898 quod
3087 2828 3251 2883 semel
3290 2828 3568 2897 oblatum,
3620 2837 3803 2884 tantum

2229 2918 2542 2992 praevaluit,
2570 2927 2831 2990 quantum
2865 2919 3048 2974 omnia
3079 2917 3341 2974 sacriﬁcia
3369 2919 3579 2992 legalia
3601 2937 3710 2976 non
3733 2936 3807 2974 ra-

2231 3012 2471 3069 luerunt.
2494 3011 2673 3068 Unum
2703 3012 2849 3067 enim
2869 3011 2991 3076 fuit,
3019 3021 3074 3067 et
3105 3011 3272 3068 semel
3291 3012 3571 3079 oblatum,
3602 3025 3665 3069 et
3689 3012 3808 3068 suﬁ-

2233 3102 2308 3157 cit
2336 3103 2392 3157 in
2432 3101 2822 3172 sempiternum
2857 3101 2925 3155 ad
2969 3100 3204 3156 tollenda
3233 3102 3414 3156 omnia
3442 3114 3684 3173 peccata
3709 3119 3807 3158 cre-

2234 3196 2493 3252 dentium.
2551 3194 2840 3250 Pontiﬁces
2897 3203 3078 3250 autem
3134 3192 3447 3250 Judazorum
3502 3208 3808 3265 peccatores

2159 3257 2205 3322 C
2237 3297 2409 3354 erant,
2463 3296 2516 3342 et
2561 3288 2682 3343 ideo
2725 3303 2948 3344 necesse
2990 3287 3264 3343 habebant
3301 3303 3402 3358 pro
3445 3257 3575 3347 sdis
3620 3291 3807 3346 delidis

2234 3379 2442 3434 hostias
2470 3377 2664 3434 oﬁ‘erre
2683 3417 2699 3444 ,
2725 3384 2781 3433 et
2803 3379 2922 3434 ideo
2946 3378 3215 3434 sacriﬁcia
3240 3377 3326 3434 illa
3351 3379 3650 3437 hominem
3674 3382 3808 3451 justi-

2234 3469 2400 3525 ﬁcare
2432 3485 2540 3526 non
2565 3478 2844 3539 poterant,
2877 3470 3004 3541 quia
3042 3465 3426 3528 inconveniens
3450 3482 3625 3540 erat,
3649 3483 3704 3529 ut
3724 3489 3808 3554 pro

2233 3566 2451 3622 homine
2477 3567 2728 3622 rationali
2753 3567 3067 3624 irrationale
3090 3569 3290 3624 animal
3313 3569 3646 3628 offerretur.
3675 3573 3807 3641 Qua-

2235 3657 2456 3712 rebatur
2479 3657 2720 3729 pontifex
2743 3659 2860 3714 sine
2880 3667 3108 3730 peccato
3126 3697 3144 3727 ,
3169 3670 3225 3714 et
3244 3661 3424 3716 hostia
3449 3663 3802 3726 rationabilis,

2236 3764 2336 3804 nec
2388 3750 2798 3816 inveniebatur;
2849 3750 3103 3806 inventus
3157 3761 3243 3806 est
3285 3761 3467 3806 autem
3515 3770 3670 3810 unus
3712 3755 3806 3809 sine

2236 3849 2458 3912 peccato
2485 3843 2626 3897 Deus
2653 3850 2710 3897 et
2733 3843 2913 3906 homo,
2943 3851 2998 3898 et
3020 3843 3215 3898 obtulit
3235 3845 3474 3915 seipsum
3497 3847 3805 3903 rationabile

2237 3931 2564 3988 sacriﬁcium
2604 3948 2702 4004 pro
2736 3932 2911 3988 salute
2939 3933 3174 3988 hominis
3201 3935 3507 3991 rationalis.
3554 3937 3673 3992 Leo:
3697 3939 3808 3991 enim

2237 4024 2468 4079 homines
2514 4025 2780 4079 constituit
2819 4025 3112 4080 sacerdotes
3155 4026 3513 4095 inﬁrmitatem
3562 4031 3805 4083 habentes.

2239 4115 2380 4170 Dicit
2430 4116 2575 4171 enim
2623 4117 2882 4172 Dominus
2945 4116 3014 4171 ad
3063 4116 3282 4188 Moysen
3329 4117 3383 4172 in
3425 4118 3557 4190 lege
3598 4139 3613 4175 :
3653 4120 3808 4190 Coges

2237 4207 2417 4263 Aaron
2450 4217 2506 4263 et
2545 4208 2683 4264 ﬁlios
2709 4208 2982 4280 ejus’mihi
3023 4201 3424 4265 in‘sacerdotes
3453 4210 3670 4281 (Exod.
3701 4228 3806 4273 nx,

2239 4299 2362 4370 50);
2392 4301 2486 4357 sed
2510 4302 2634 4370 quia
2663 4301 2740 4356 illi
2771 4300 3168 4367 inﬁrmitatem,
3199 4301 3302 4356 hoc
3331 4310 3437 4366 est,
3471 4314 3710 4372 peccata
3733 4306 3808 4359 ha-

2239 4392 2440 4448 bebant
2476 4393 2670 4462 quibus
2690 4388 3066 4447 inﬁrmabatur
3099 4392 3312 4447 illorum
3334 4392 3554 4459 anima,
3611 4409 3810 4451 necesse

2239 4486 2509 4541 habebant
2546 4493 2607 4539 ut
2645 4500 2743 4556 pro
2775 4483 2992 4555 populi,
3033 4485 3106 4538 ita
3137 4484 3300 4540 etiam
3332 4500 3432 4555 pro
3471 4487 3596 4543 suis
3622 4488 3810 4543 delictis

2242 4579 2448 4633 hostias
2469 4575 2740 4632 oil‘errent.
2775 4577 2880 4632 iste
2915 4586 3094 4631 autem
3124 4586 3232 4631 tam
3264 4587 3456 4648 potens
3480 4589 3612 4645 est,
3642 4591 3807 4636 utnon

2242 4671 2505 4740 indigeret
2549 4683 2647 4739 pro
2689 4684 2748 4723 se
2791 4667 2987 4724 oﬁ'erre
3012 4710 3026 4732 ,
3068 4670 3160 4724 sed
3195 4670 3415 4739 insuper
3443 4673 3622 4728 semel
3651 4673 3811 4727 oblato

2240 4778 2350 4818 sua:
2364 4762 2542 4816 carnis
2563 4761 2848 4828 sacriﬁcio,
2874 4762 3114 4816 omnium
3131 4761 3290 4817 saluti
3313 4762 3621 4819 sufﬁceret.
3645 4766 3810 4821 Semo

2241 4863 2415 4908 autem
2433 4853 2818 4923 jurisjurandi,
2845 4854 2933 4924 qui
2953 4864 3068 4923 post
3087 4853 3250 4924 legem
3269 4864 3366 4920 est,
3382 4853 3597 4912 Filium
3611 4861 3666 4912 in
3681 4870 3810 4911 teter.

2241 4961 2366 5000 num
2403 4943 2689 5014 perfectum
2713 4984 2729 5010 ,
2766 4945 3022 5001 subaudis
3051 4945 3318 5013 ostendit,
3367 4947 3486 5002 sive
3522 4951 3811 5019 perfectum

2241 5040 2520 5096 constituit
2550 5038 2884 5094 sacerdotem
2924 5054 3032 5095 non
3069 5039 3384 5095 inlirmitate
3406 5052 3726 5111 gravatum.
3754 5045 3815 5097 si.

2245 5131 2431 5186 cutlex
2451 5131 2732 5185 constituit
2745 5131 3032 5186 suos.Post
3044 5131 3214 5202 legem
3230 5130 3407 5188 factus
3427 5141 3516 5189 est
3536 5150 3720 5190 sermo
3733 5133 3813 5189 Dei

2244 5221 2421 5277 Patris
2445 5221 2514 5276 ad
2535 5221 2705 5276 David
2729 5222 2794 5276 de
2817 5220 3032 5276 Christo
3055 5235 3175 5275 cum
3191 5221 3553 5292 jurejurando
3582 5225 3677 5281 ubi
3701 5225 3816 5280 dici-

2245 5323 2334 5367 tur
2374 5330 2388 5366 :
2424 5311 2633 5368 Juravit
2679 5312 2936 5368 Dominus
2954 5322 3008 5369 et
3038 5328 3143 5368 non
3182 5313 3472 5384 paenitebit
3501 5332 3661 5381 eum,
3695 5329 3814 5381 etc.

2245 5403 2398 5476 ponit
2428 5404 2514 5458 hic
2539 5403 2767 5474 amplius
2797 5402 2916 5458 Filii
2946 5419 3140 5460 nomen
3171 5406 3238 5460 ad
3268 5406 3678 5465 distinctionem
3713 5425 3814 5464 ser-

2246 5511 2438 5551 vorum
2473 5495 2563 5565 qui
2591 5493 2807 5550 luerunt
2835 5496 2890 5550 in
2910 5497 3045 5567 lege,
3075 5497 3167 5567 qui
3195 5499 3336 5552 servi
3359 5499 3562 5556 inﬁrmi
3585 5502 3812 5559 fuerunt.

2249 5586 2362 5642 sive
2377 5587 2502 5655 quia
2521 5598 2854 5657 peccatores,
2871 5587 2982 5642 sive
3005 5589 3129 5658 quia
3143 5589 3399 5644 mortales
3419 5600 3600 5657 erant,
3624 5593 3812 5647 Filium

2249 5692 2378 5733 vero
2405 5676 2700 5747 perfectum
2728 5681 2962 5735 ostendit
2995 5683 3118 5749 quia
3150 5693 3368 5750 semper
3394 5681 3564 5736 vivit.
3593 5695 3648 5737 et
3677 5697 3812 5738 sem-

2247 5784 2345 5840 per
2371 5769 2488 5825 sine
2514 5780 2734 5841 peccato
2759 5780 2858 5827 est.
