3974 6484
171 407 275 467 873

755 521 982 579 CAPUT
1032 521 1162 579 VIII.

241 610 537 684 Capitulum
580 625 753 667 autem
781 631 937 684 super
962 633 1023 670 ea
1056 633 1173 687 qua:
1200 618 1473 687 dicuntur,
1518 618 1621 674 hoc
1644 612 1748 682 est,

167 707 418 780 repetitio
443 721 606 777 super
629 720 693 761 ea
725 723 844 776 qum
870 708 1124 764 dicuntur
1157 709 1224 766 de
1252 711 1487 767 Christo.
1518 710 1636 779 Quo
1673 711 1753 766 di-

167 806 256 852 cto
275 797 545 869 signiﬁcat
581 797 785 869 aliquid
833 814 1104 854 summum
1153 810 1209 856 et
1237 818 1489 875 magnum
1515 814 1570 859 et
1595 803 1752 875 quasi

165 903 264 959 per
299 888 802 960 recapitulationem
855 891 1215 961 praecedentis
1260 894 1640 964 disputationis
1684 893 1754 949 ad

167 995 281 1033 rem
303 979 473 1048 ipsam
502 980 717 1036 deducit
739 982 1062 1038 auditorem.
1090 982 1269 1038 Talem
1297 986 1548 1042 habemus
1575 972 1752 1058 ponti-

165 1074 312 1142 licem
339 1074 551 1142 qualem
587 1074 848 1131 subaudis
899 1076 1149 1146 superius
1201 1077 1461 1145 diximus,
1504 1062 1753 1134 sanctum

167 1166 454 1233 videlicet,
504 1167 881 1236 innocentem,
948 1171 1285 1241 impollutum
1335 1181 1676 1245 segregatum
1720 1189 1753 1228 a

170 1259 550 1330 peccatoribus
569 1269 624 1314 et
650 1261 862 1330 qualem
907 1261 1081 1317 adhuc
1106 1263 1304 1319 dicturi
1342 1282 1531 1321 sumus
1567 1266 1621 1320 in
1670 1281 1756 1321 se-

165 1349 477 1421 quentibus,
496 1352 585 1421 qui
610 1350 839 1405 consedit
875 1353 928 1405 in
953 1352 1168 1407 dextera
1196 1354 1335 1408 sedis
1372 1356 1753 1425 magnitudinis

167 1440 224 1494 in
244 1439 400 1504 caelis,
427 1450 728 1495 sanctorum
754 1443 1009 1506 minister,
1037 1454 1086 1497 et
1115 1444 1441 1499 tabernaculi
1484 1446 1586 1500 veri
1613 1446 1754 1516 quod

164 1531 282 1601 ﬁxit
302 1531 441 1587 Deus
473 1542 522 1586 et
557 1550 661 1587 non
690 1535 863 1588 homo.
893 1534 1087 1595 Sedeat
1110 1536 1497 1607 magnitudinis
1525 1537 1578 1591 in
1603 1537 1755 1593 cwlis

165 1622 422 1679 debemus
452 1625 696 1694 accipere
717 1625 1107 1695 plenitudinem
1144 1637 1388 1697 paterna:
1431 1630 1750 1700 majestatis,

164 1717 350 1787 inqua
375 1716 544 1771 Filius
586 1717 682 1772 Dei
733 1718 905 1781 sedet,
955 1734 1076 1789 qua:
1103 1721 1268 1775 etiam
1311 1721 1622 1793 designatur
1657 1737 1757 1792 per

164 1808 442 1864 dexteram
491 1808 600 1864 Nec
620 1819 703 1865 est
725 1810 1004 1880 pueriliter
1029 1813 1424 1883 accipiendum,
1448 1816 1592 1884 quod
1611 1814 1754 1872 Deus

857 405 1221 467 EXI’OSITIO
1256 408 1322 465 IN
1361 408 1511 467 EPP.
1555 409 1612 468 S.
1655 405 1882 465 PAULI.
1925 438 1989 449 —
2027 408 2093 463 IN
2129 408 2347 466 EPIST.
2387 408 2479 466 AD
2519 409 2722 467 HEBR.

3325 412 3432 468 επ

1776 530 1825 588 Α
1853 522 1979 592 quia
2002 522 2147 597 carie
2175 534 2229 579 et
2255 534 2522 580 vetustate
2565 532 2939 593 consumptum
2965 533 3067 587 est,
3088 512 3196 578 nec
3220 506 3437 611 semper

1854 613 2049 669 durare
2076 615 2266 685 potuit,
2305 614 2532 688 ideoque
2588 616 2992 672 tabernaculum
3026 634 3210 673 verum
3237 619 3434 674 cmlnm

1852 712 2031 769 vocat,
2063 704 2317 775 quoniam
2349 705 2404 760 in
2436 717 2696 761 aeternum
2733 707 2920 772 stabit,
2980 709 3234 780 nullaque
3284 722 3438 767 vetuo

1851 804 1994 851 state
2016 805 2382 852 consumetur.
2414 797 2602 853 Potest
2627 809 2681 853 et
2707 799 2884 854 altiori
2915 815 3073 855 sensu
3100 798 3437 876 intelligi,'ut

1854 886 2262 942 tabernaculum
2312 902 2497 941 verum
2546 890 2877 956 accipiantur
2904 890 3097 967 anima:
3120 880 3391 962 justorum
3418 934 3434 957 ,

1853 979 2049 1048 quibus
2068 979 2180 1049 ipse
2206 965 2491 1033 Filins'Dei
2513 978 2705 1048 gaudia
2736 980 2925 1049 patria:
2957 965 3193 1038 caelestis
3213 982 3438 1037 admini-

1854 1079 2011 1136 strat,
2038 1080 2093 1126 et
2114 1071 2167 1125 in
2189 1072 2387 1142 quibus
2419 1071 2532 1141 ipse
2560 1071 2804 1126 habitare
2828 1071 3099 1142 dignatur,
3118 1072 3271 1142 juxta
3295 1074 3439 1145 quod

1852 1178 1949 1234 per
1964 1164 2282 1234 prophetam
2311 1162 2544 1220 dicitur:
2573 1162 2886 1217 Inhabitabo
2914 1164 2967 1218 in
2996 1164 3100 1219 illis
3119 1177 3165 1219 et
3197 1168 3439 1222 inambu-

1854 1252 1973 1308 laba
2018 1253 2101 1324 (ιι
2127 1251 2248 1308 Cor.
2273 1270 2347 1320 Vl,
2373 1254 2481 1326 to).
2507 1254 2575 1310 Et
2600 1256 2889 1326 Apostolus
2920 1257 3027 1312 ειη
3065 1246 3310 1315 interiore
3339 1262 3437 1315 ho-

1855 1348 1993 1399 mine
2016 1346 2255 1399 habitare
2283 1342 2548 1401 Cltrtstum
2577 1365 2667 1417 per
2690 1348 2847 1417 [idem
2894 1350 2949 1402 in
2987 1351 3229 1405 cordibus
3259 1354 3438 1408 vestris

1856 1434 2015 1509 (Eph.
2048 1453 2129 1502 tn,
2162 1430 2363 1508 17).⁷Ει
2380 1430 2407 1491 L:
2448 1437 2714 1510 Templnm
2738 1440 2836 1495 Dei
2871 1452 3107 1496 sanctum
3154 1435 3231 1497 est
3256 1483 3271 1509 ,
3300 1444 3443 1513 quod

1855 1528 1976 1582 estis
2017 1546 2105 1583 vos
2134 1528 2182 1600 (Ι
2209 1528 2329 1583 Cor.
2355 1546 2438 1596 ut,
2468 1531 2573 1603 I7).
2610 1532 2793 1586 Omnis
2823 1533 2957 1587 enim
2993 1528 3230 1606 penu/ea:
3256 1535 3326 1589 ad
3353 1536 3438 1606 of-

1855 1618 2073 1687 ferenda
2100 1606 2314 1683 munera
2346 1621 2702 1682 constituitur,
2732 1623 2868 1675 unde
2892 1639 3094 1699 necesse
3119 1634 3192 1677 est
3243 1618 3290 1701 et
3317 1622 3441 1705 huic

1858 1712 2047 1765 habere
2092 1711 2292 1783 aliquid
2334 1706 2489 1782 quod
2510 1714 2717 1782 οπερ-αι.
2752 1712 2867 1769 Non
2900 1716 3044 1771 enim
3090 1712 3441 1787 potest'esse

1862 1802 2115 1858 sacerdos
2163 1796 2285 1857 nisi
2318 1803 2515 1858 habeat
2542 1805 2683 1874 quod
2728 1805 2940 1861 oll‘erat.
2997 1805 3286 1864 Pontiﬁces
3314 1826 3443 1865 vero

163 1894 325 1952 Pater
349 1897 627 1953 dexveram
684 1909 779 1953 aut
822 1901 1099 1956 sinistram
1141 1904 1359 1968 habeat,
1400 1906 1491 1975 qui
1535 1906 1756 1975 spiritus
1786 1901 1831 1961 B
1859 1905 2071 1952 veteres
2108 1886 2392 1952 SDCéI‘tIOIll
2432 1899 2724 1952 secundum
2762 1910 3088 1970 prmceptum
3137 1900 3267 1972 legis
3316 1919 3441 1958 mu-

163 1994 245 2040 esl
278 1987 455 2040 omnia
480 1987 727 2057 implens,
775 1997 833 2043 ut
881 1989 954 2044 ita
996 1992 1180 2047 sedeat
1233 1992 1403 2048 Filius
1444 1994 1498 2049 in
1529 1994 1752 2050 dextera

164 2077 323 2144 illius,
370 2080 511 2135 sicut
554 2080 690 2136 solet
718 2080 887 2136 Filius
917 2085 1107 2139 sedere
1146 2084 1301 2154 juxta
1331 2086 1547 2142 Patrem
1594 2103 1750 2143 suum

163 2183 344 2240 regem
372 2187 387 2236 ;
417 2171 509 2226 sed
538 2173 680 2227 sicut
704 2173 959 2240 diximus,
990 2175 1380 2246 plenitudinem
1428 2178 1749 2248 majestatis,

160 2276 535 2333 summamque
565 2264 792 2336 gloriam
813 2265 1166 2323 beatitudinis
1190 2278 1244 2324 et
1265 2271 1640 2339 prosperitatis
1662 2274 1753 2327 de-

160 2354 354 2412 bemus
401 2372 499 2427 per
527 2358 806 2414 dexteram
840 2358 1162 2433 intelligere,
1195 2363 1247 2419 in
1297 2360 1405 2435 qua
1458 2365 1628 2422 Filius
1657 2367 1753 2422 Dei

161 2449 333 2501 sedet.
360 2447 562 2504 Sedere
585 2460 766 2506 autem
791 2450 913 2506 Filii
937 2468 1039 2523 pro
1068 2454 1316 2510 habitare
1339 2452 1578 2525 ponitur.
1608 2458 1752 2513 Pon-

163 2536 295 2594 til'ex
339 2554 469 2608 ergo
495 2550 681 2597 noster
709 2543 799 2611 qui
850 2536 1094 2601 consedit
1122 2545 1175 2599 in
1205 2561 1416 2605 summa
1447 2549 1616 2619 gloria
1665 2566 1754 2620 pa-

161 2631 671 2700 ternzemajestatis,
723 2635 777 2687 in
830 2634 984 2691 caelis
1029 2647 1340 2693 sanctorum
1370 2640 1619 2696 minister
1646 2652 1748 2697 est.

161 2720 313 2790 Quod
341 2720 549 2778 duobus
574 2733 750 2794 petest
788 2726 961 2781 modis
996 2728 1171 2797 accipi
1219 2746 1232 2780 :
1285 2730 1511 2785 veniens
1553 2731 1752 2803 quippe

160 2815 422 2871 Dominus
446 2816 526 2871 in.
558 2818 844 2885 mundum,
880 2834 979 2890 per
1016 2820 1412 2878 incarnationis
1459 2824 1748 2879 exhibitio-

160 2920 308 2971 nem,
341 2906 673 2963 ministravit
701 2909 906 2964 sanctis
936 2910 1193 2981 apostolis
1223 2912 1453 2982 aliisque
1481 2913 1748 2979 ﬁdelibus,

162 3006 219 3053 et
247 2998 406 3052 etiam
440 2998 530 3069 qui
575 3003 753 3057 adhuc
798 3000 966 3058 futuri
1013 3012 1161 3069 sunt,
1201 3019 1395 3074 panem
1443 3003 1753 3065 refectionis

160 3089 314 3145 verbi
358 3090 638 3162 spiritalis,
669 3100 724 3147 et
756 3103 944 3162 potum
991 3093 1253 3151 doctrinae
1277 3095 1623 3166 evangelicae,
1670 3097 1751 3151 di-

162 3195 331 3236 cens:
357 3178 418 3237 Si
446 3182 562 3251 quis
589 3182 720 3247 sitit,
761 3183 930 3238 veniat
966 3183 1037 3239 ad
1077 3200 1158 3239 me
1178 3195 1225 3239 et
1267 3184 1405 3239 bibat
1446 3184 1628 3257 (Joan.
1651 3202 1748 3255 vn,

1860 2004 1991 2045 nera
2012 1999 2067 2045 et
2090 1989 2296 2046 hostias
2323 2006 2421 2061 pro
2448 1992 2558 2047 suis
2595 2002 2650 2047 et
2679 2009 2777 2062 pro
2806 1994 2986 2064 populi
3014 1993 3312 2050 ollerebant
3341 1995 3437 2052 de-

1856 2077 2015 2132 lictis.
2047 2076 2295 2133 Christus
2336 2096 2485 2144 vero,
2514 2096 2636 2135 eum
2665 2082 2717 2136 in
2766 2084 3092 2155 sempiterna
3141 2084 3442 2142 divinitatis

1855 2185 1968 2225 sua:
2010 2181 2200 2226 natura
2249 2188 2355 2227 non
2408 2175 2634 2229 haberet
2675 2176 2817 2247 quod
2847 2176 3086 2243 oll'erret,
3118 2178 3347 2250 sumpsit
3371 2195 3442 2237 ex

1855 2262 2011 2317 nobis
2033 2264 2174 2333 quod
2221 2280 2319 2334 pro
2348 2266 2505 2321 nobis
2531 2265 2767 2334 ollerret,
2799 2268 2853 2323 id
2893 2277 2976 2324 est
3004 2286 3223 2326 carnem
3252 2274 3443 2328 huma-

1856 2368 2002 2419 nam,
2035 2350 2268 2424 seipsuut
2303 2356 2549 2413 videlicet
2588 2375 2747 2428 quem
2794 2359 2986 2416 obtulit
3036 2361 3087 2415 in
3117 2378 3211 2417 ara
3238 2363 3441 2420 crucis.

1855 2442 1993 2510 Quid
2007 2460 2135 2513 ergo
2156 2454 2259 2498 tam
2277 2455 2456 2517 aptum
2474 2447 2824 2504 immolatiuni
2841 2466 3003 2520 quam
3018 2467 3146 2507 caro
3164 2453 3445 2509 rationalis

1853 2550 1952 2606 pro
1984 2537 2278 2591 rationali?
2312 2537 2377 2592 Et
2401 2539 2531 2608 qttid
2559 2550 2667 2594 tam
2716 2543 2971 2597 mundum
3014 2559 3114 2615 pro
3152 2538 3445 2602 immundis

1855 2642 2016 2698 quam
2042 2644 2260 2683 carnem
2285 2630 2400 2684 sine
2453 2631 2558 2685 ulla
2587 2631 2908 2704 contagione
2951 2633 3185 2693 offerre?
3215 2637 3282 2692 Et
3310 2624 3443 2709 quo?

1856 2719 2001 2772 niam
2029 2729 2263 2788 quatuor
2294 2721 2344 2774 in
2371 2722 2517 2776 omni
2551 2724 2821 2779 sacriﬁcio
2846 2726 3240 2783 consideranda
3272 2721 3437 2785 suti't:

1855 2809 2105 2864 videlicet
2127 2811 2211 2865 cui
2240 2810 2451 2878 ollerat,
2482 2828 2511 2867 a
2539 2830 2646 2885 quo
2678 2812 2957 2884 oll'eratur,
2989 2822 3133 2890 quod
3158 2820 3441 2890 ol‘l‘eratur,

1853 2914 1952 2970 pro
1979 2901 2172 2970 quibus
2196 2901 2489 2967 oll‘eratur,
2519 2906 2633 2961 hanc
2652 2907 2814 2962 etiam
2846 2925 3133 2980 possumus
3166 2913 3256 2969 hic
3290 2929 3445 2984 repeo

1856 2994 1965 3048 rire
1993 2994 2128 3048 satis
2155 2995 2453 3064 eleganter.
2494 2994 2629 3063 Quia
2658 3000 2803 3053 enim
2834 2999 2961 3056 nulli
2990 3001 3319 3059 sacriﬁcium
3347 3005 3444 3060 de-

1854 3085 2013 3139 betur
2035 3085 2137 3141 nisi
2170 3085 2269 3141 soli
2309 3102 2436 3142 vero
2480 3087 2623 3152 Deo,
2666 3089 2904 3160 pontifex
2956 3103 3140 3150 noster
3183 3096 3442 3155 mundam

1858 3175 2091 3231 hostiam
2118 3191 2217 3247 pro
2243 3179 2398 3234 nobis
2432 3179 2541 3236 Deo
2570 3179 2718 3236 Patri
2764 3183 2975 3248 obtulit,
3031 3186 3174 3244 idem
3203 3178 3445 3247 existens

162 3271 277 3342 37),
310 3280 367 3327 et
394 3290 407 3326 :
442 3271 623 3328 Venite
651 3271 722 3327 ad
754 3291 836 3329 me
859 3291 1034 3331 omnes
1064 3278 1153 3346 qui
1182 3276 1436 3332 laboratis
1476 3287 1524 3332 ει
1561 3262 1762 3333 onerati
1789 3260 1833 3324 Ο
1866 3272 2118 3327 sacerdos
2148 3280 2202 3327 et
2225 3273 2570 3357 sacriﬁcium.
2604 3273 2773 3331 Olfert
2795 3277 2960 3333 etiam
2982 3270 3309 3339 sacriﬁcium
3331 3281 3446 3339 Deo

163 3366 288 3421 estis
304 3406 321 3432 ,
350 3377 398 3422 et
428 3383 519 3440 ego
542 3368 776 3453 rgﬁc'iam
801 3386 889 3425 vos
925 3369 1151 3442 (Matth.
1176 3388 1231 3428 ιι
1247 3412 1263 3438 ,
1285 3371 1411 3444 28).
1438 3372 1764 3447 Ministravit

166 3457 275 3516 illis
305 3460 466 3517 etiam
489 3463 872 3518 documentum
900 3461 1026 3518 ﬁdei
1049 3472 1103 3520 et
1130 3464 1361 3536 gratiam
1398 3464 1759 3534 baptismatis,

165 3561 223 3607 et
253 3552 474 3626 insuper
504 3555 646 3625 quod
677 3555 851 3627 majus
877 3553 979 3609 fuit
1007 3565 1409 3611 sacramentum
1435 3556 1761 3626 redemptio-

167 3645 257 3701 nis
279 3660 377 3722 per
396 3647 702 3718 passionem
728 3663 879 3703 suam
901 3654 955 3702 et
980 3648 1359 3728 cognitionem.
1376 3648 1758 3720 mysteriorum

169 3737 226 3792 in
248 3737 367 3808 lege
385 3748 442 3793 et
470 3740 771 3809 prephetis,
801 3754 866 3794 ac
892 3748 1075 3809 postea
1109 3755 1204 3795 sua
1245 3742 1564 3795 ascensione
1593 3740 1757 3794 mini-

167 3827 365 3882 stravit
389 3828 544 3881 nobis
567 3829 770 3881 aditum
800 3829 991 3896 patria:
1029 3828 1289 3883 caelestis.
1341 3829 1484 3884 Eeee
1530 3832 1674 3900 quod
1705 3839 1760 3884 et

168 3915 301 3987 quid
331 3918 655 3971 ministravit
691 3918 880 3972 electis
913 3921 1027 3975 suis
1079 3935 1349 3990 apparens
1399 3925 1621 3976 mundo.
1668 3923 1757 3975 Di-

166 4016 328 4061 catur
348 4015 402 4061 et
425 4007 618 4062 aliter:
656 4006 967 4062 Sanctorum
1012 4009 1249 4063 minister
1278 4009 1383 4063 erit
1412 4010 1464 4064 in
1496 4010 1758 4089 futurum,

167 4100 388 4168 quando
419 4100 764 4171 semetipsum
822 4101 1152 4159 ministrabit
1188 4101 1293 4154 illis
1332 4110 1391 4155 ut
1431 4110 1762 4172 cognoscant

164 4206 295 4248 eum
325 4208 449 4247 cum
478 4191 637 4247 Patre
659 4202 713 4247 et
753 4192 957 4262 Spiritu
1003 4201 1209 4257 sancto,
1250 4193 1407 4247 sicuti
1456 4203 1562 4257 est,
1608 4193 1758 4246 scili-

164 4295 258 4344 cet
287 4302 410 4343 cum
435 4286 719 4342 tradiderit
742 4301 962 4358 regnum
986 4302 1142 4341 suum
1172 4285 1282 4342 Deo
1314 4296 1369 4340 et
1398 4287 1563 4341 Patri.
1609 4286 1759 4342 Unde

164 4393 224 4433 tn
254 4376 545 4448 Evangelia
594 4379 660 4432 de
703 4393 763 4433 se
805 4378 905 4432 sub
952 4393 1184 4449 persona
1229 4378 1636 4448 patrisfamilias
1681 4379 1760 4433 lo-

163 4485 344 4544 quens
370 4473 499 4527 dicit
525 4489 538 4525 :
586 4474 750 4526 Amen
792 4471 908 4526 dico
932 4473 1086 4541 _vobis
1116 4472 1257 4543 quod
1283 4474 1561 4543 praciuget
1608 4489 1680 4535 se,
1709 4483 1756 4527 et

163 4567 326 4637 faciet
360 4564 477 4620 illos
505 4566 850 4631 discumbere,
895 4575 942 4619 et
988 4566 1246 4619 transiens
1287 4564 1599 4618 ministrabit
1630 4564 1756 4618 illis.

167 4662 325 4731 (Luc.
344 4678 441 4727 sn,
456 4662 567 4732 57.)
597 4660 852 4716 Transire
864 4661 1008 4716 enim
1029 4659 1248 4723 dicitur,
1272 4658 1398 4728 quia
1415 4658 1615 4714 electos
1636 4673 1762 4714 suos

166 4761 238 4811 de
261 4756 466 4826 judicio
489 4756 555 4809 ad
584 4770 807 4824 regnum
838 4754 1072 4808 transire
1122 4751 1304 4819 faciet,
1352 4751 1434 4807 vel
1460 4766 1491 4805 a
1516 4759 1763 4806 eontem-

163 4850 408 4921 plalionc
437 4846 793 4918 humanitatis
821 4847 888 4901 ad
915 4846 1279 4915 cognitionem
1309 4844 1606 4900 divinitatis
1628 4859 1759 4899 suae.

167 4941 503 5010 Ministrabit
533 4940 640 4995 illis
662 4954 867 4996 cumse
912 4949 965 4992 et
997 4937 1215 4992 Patrem
1247 4954 1371 4992 cum
1402 4937 1609 5007 Spiritu
1644 4954 1767 4993 san-

167 5047 266 5091 cto
290 5037 371 5091 eis
420 5033 742 5099 monstrabit
782 5049 799 5098 ;
843 5048 969 5088 nam
1003 5030 1155 5085 cibus
1174 5038 1229 5084 et
1255 5030 1364 5084 vita
1393 5029 1607 5084 illorum
1630 5030 1765 5085 visio

167 5137 376 5183 sach
422 5127 706 5182 Trinitatis
748 5126 885 5189 erit,
918 5123 1059 5179 sicut
1105 5121 1220 5191 ipse
1248 5119 1378 5174 dicit
1411 5120 1479 5174 ad
1508 5118 1761 5175 Patrem:

169 5220 305 5276 Ilaec
348 5229 433 5275 est
458 5221 567 5274 vita
597 5227 819 5280 :2le113,
848 5224 910 5270 ut
946 5220 1271 5285 cognoscant
1314 5219 1365 5265 te
1408 5208 1763 5279 cum_Spiritn

169 5320 385 5373 sancto,
435 5317 490 5363 et
533 5308 717 5364 Jesum
760 5307 1036 5364 Christum
1072 5316 1233 5372 quem
1285 5301 1478 5355 misisti
1513 5314 1678 5353 unum
1709 5309 1766 5353 et

167 5420 370 5461 verum
394 5404 585 5458 Deum.
614 5401 968 5457 Tabernaculi
1013 5413 1228 5469 quoque
1253 5397 1367 5452 veri
1397 5395 1646 5451 minister
1678 5405 1762 5451 est

166 5495 322 5565 quod
350 5493 631 5549 constituit
655 5492 766 5546 sive
791 5490 1093 5560 composuit
1120 5480 1262 5543 Deus
1281 5495 1461 5541 etnon
1492 5488 1673 5550 homo,
1706 5485 1759 5541 id

171 5595 266 5640 est
290 5584 417 5640 cmli
444 5583 587 5653 quod
614 5581 729 5652 ipse
759 5581 915 5635 nobis
955 5579 1303 5634 administrat
1323 5587 1381 5631 ut
1409 5575 1657 5633 claritate
1680 5578 1755 5631 si-

171 5678 371 5733 derum
399 5675 540 5730 iilius
562 5675 911 5729 illustremur.
939 5668 1364 5725 Tabernaculum
1394 5668 1590 5725 etenim
1617 5669 1758 5739 quod

166 5772 421 5831 Beseleel
444 5766 746 5839 composuit
774 5766 826 5818 in
853 5765 1088 5827 deserto,
1123 5763 1235 5817 sive
1254 5761 1396 5831 quod
1418 5779 1447 5816 a
1471 5760 1759 5817 Salomone

173 5869 388 5930 factum
410 5875 509 5927 est
532 5864 585 5918 in
616 5871 758 5915 terra
795 5855 1244 5928 repromissionis,
1272 5869 1379 5910 non
1429 5854 1530 5909 fuit
1567 5871 1755 5912 verum

499 5956 774 6016 Ριτιοι.
830 5948 1083 6011 CXVII.

1864 3360 2012 3437 Patri
2037 3374 2319 3436 acceptum
2346 3380 2442 3435 per
2467 3366 2767 3423 Ecelesiam
2798 3383 2970 3424 suam.
2994 3371 3130 3429 Dum
3165 3372 3313 3445 enim
3343 3392 3447 3435 nos

1861 3452 2139 3512 oﬂ'erimus
2166 3467 2505 3513 sacramenta
2556 3474 2800 3530 corporis
2827 3458 2966 3529 ejus,
2997 3462 3112 3534 ipse
3157 3463 3333 3523 offert.
3380 3467 3445 3526 Si

1859 3562 1981 3617 ergo
2011 3557 2139 3602 esset
2169 3564 2324 3618 super
2351 3562 2567 3615 terram,
2606 3553 2865 3607 subaudis
2893 3556 3146 3612 sacerdos
3197 3568 3446 3618 terrenus

1860 3640 2155 3695 secundum
2179 3640 2424 3696 ordinem
2454 3641 2659 3706 Aaron,
2686 3660 2777 3697 nec
2801 3655 2931 3698 esset
2957 3647 3221 3714 sacerdos,
3247 3663 3445 3706 secun-

1860 3732 1987 3787 dttm
2032 3734 2276 3787 ordinem
2331 3732 2747 3801 Melchisedech,
2781 3753 2898 3790 cum
2941 3752 3108 3794 essent
3133 3743 3445 3799 sacerdotes

1860 3823 2085 3880 Levitici
2126 3826 2340 3896 generis
2384 3828 2474 3896 qui
2517 3829 2761 3895 o/ferreut
2807 3832 3094 3885 secundum
3131 3831 3293 3903 legem
3322 3814 3447 3891 mu-

1862 3934 2012 3980 uera,
2050 3921 2139 3988 qui
2180 3919 2466 3989 exemplari
2510 3931 2557 3974 et
2583 3922 2777 3976 umbra:
2804 3924 3096 3979 deserviunt
3137 3927 3444 3996 caelestium,

1859 4010 1993 4062 sicut
2021 4026 2324 4078 responsum
2350 4022 2422 4064 est
2455 4012 2626 4083 Moysi
2646 4030 2764 4066 cum
2796 4027 3202 4071 consummasset
3233 4032 3298 4073 ac
3322 4035 3447 4090 per-

1862 4097 2082 4152 fecisset
2099 4101 2495 4155 tabernaculum
2524 4103 2746 4156 oraculi.
2797 4104 2853 4159 Si
2875 4115 3019 4160 esset
3043 4116 3288 4165 terreuus
3312 4126 3447 4181 pon-

1865 4188 1991 4244 tifex
2018 4206 2180 4259 super
2203 4201 2426 4255 terram,
2449 4193 2803 4259 sicutAaron,
2830 4197 2910 4249 vel
2931 4196 3126 4267 aliquis
3146 4201 3443 4277 secundum

1861 4282 1978 4352 ejus
2014 4283 2257 4336 ordinem
2314 4284 2637 4338 immortalis
2665 4296 2719 4340 et
2758 4288 2874 4341 sine
2908 4298 3149 4359 peccato,
3194 4293 3285 4363 qui
3330 4294 3447 4349 suis

1861 4374 2142 4429 sacrtli.iis
2164 4375 2428 4445 potuisset
2466 4378 2727 4433 mundare
2754 4395 2924 4450 genus
2972 4364 3293 4447 humanum,
3322 4368 3446 4457 per-

1859 4468 2167 4538 I'ectutnque
2209 4470 2457 4536 reddere,
2513 4488 2618 4526 non
2666 4483 2810 4526 esset
2853 4475 3036 4544 utique
3070 4478 3326 4532 sacerdos
3359 4494 3446 4555 se-

1864 4562 2099 4617 cundum
2148 4562 2395 4622 ordinent
2447 4562 2836 4631 Melchisedech
2887 4566 2940 4620 itt
2989 4575 3287 4634 aeternum,
3316 4570 3445 4641 quia

1865 4654 1997 4709 satis
2025 4665 2207 4710 essent
2236 4656 2328 4726 qui
2360 4656 2617 4713 ollernent
2646 4659 2837 4728 legalia
2882 4677 3127 4719 munera.
3180 4664 3287 4721 Sed
3317 4666 3445 4737 quia

1863 4744 2041 4799 Aaron
2073 4755 2126 4800 et
2154 4746 2246 4800 ﬁlii
2273 4747 2390 4817 ejus
2419 4748 2675 4804 mortales
2702 4760 2858 4808 erant
2875 4762 2930 4807 et
2950 4762 3290 4821 peccatores,
3313 4773 3447 4827 qua-

1865 4846 2087 4906 propter
2133 4852 2237 4891 non
2284 4848 2531 4913 poterant
2587 4855 2757 4907 genus
2809 4843 3101 4897 humanum
3143 4830 3443 4913 perfectum

1866 4928 2113 4989 reddere,
2168 4929 2290 4982 ideo
2324 4930 2470 4983 venit
2511 4928 2760 4986 Christus
2803 4932 2919 4989 sine
2968 4946 3213 5001 peccato,“
3257 4938 3351 5007 qui
3389 4938 3444 4992 in

1866 5029 2126 5073 aeternum
2154 5035 2311 5074 suum
2356 5022 2718 5079 sacerdotium
2751 5032 2975 5089 teneret,
3032 5041 3238 5097 suaque
3275 5030 3446 5084 sacri-

1868 5112 1989 5166 ﬁcio
2013 5128 2183 5183 genus
2233 5115 2521 5169 humanum
2564 5115 2953 5187 perfectissime
3004 5119 3307 5182 mundaret,
3337 5136 3444 5176 non

1866 5204 1987 5265 talis
2022 5206 2210 5275 quales
2236 5206 2449 5262 luerunt
2485 5208 2558 5260 illi
2586 5208 2676 5278 qui
2715 5208 3008 5281 exemplari
3037 5219 3091 5262 et
3131 5212 3333 5267 umbrae
3354 5212 3448 5268 de-

1863 5303 2106 5357 serviunt
2135 5298 2451 5355 caelestium.
2476 5366 2481 5369 τ
2508 5297 2795 5371 Exemplar
2839 5309 2924 5354 est
2959 5299 3128 5371 ﬁgura
3148 5310 3207 5356 et
3252 5302 3446 5367 simili-

1865 5391 1992 5446 tudo
2017 5405 2114 5461 per
2138 5393 2279 5460 quod
2307 5389 2408 5443 alia
2432 5389 2752 5453 ostenditur,
2782 5389 2921 5444 sicut
2967 5392 3144 5463 imago
3188 5408 3446 5463 expressa

1866 5484 1918 5538 in
1954 5481 2182 5554 pariete,
2204 5480 2481 5552 exemplar
2502 5493 2586 5536 est
2613 5490 2670 5534 et
2695 5482 2863 5550 ﬁgura
2896 5480 3007 5534 veri
3035 5481 3287 5536 hominis.
3339 5481 3445 5538 Sa-

1864 5577 2115 5631 cerdotes
2136 5575 2298 5643 igitur
2324 5572 2632 5653 Judatorum
2659 5572 2976 5647 exemplari,
3008 5573 3062 5627 id
3085 5584 3168 5630 est
3189 5574 3374 5647 ﬁgurae
3390 5587 3448 5634 et

1864 5670 2071 5727 umbra:
2094 5667 2394 5725 CG‘IBSIlIIll]
2433 5668 2814 5738 mysteriorum
2873 5664 3271 5741 deserviebant,
3318 5669 3445 5739 quia

1844 5761 2045 5830 ~omnia
2069 5759 2157 5815 illa
2181 5758 2562 5815 similitudines
2582 5768 2637 5813 et
2662 5756 2846 5825 ﬁgurae
2879 5766 3033 5833 erant
3063 5757 3289 5833 istorum
3326 5775 3448 5830 quae

1864 5856 1921 5912 in
1949 5852 2185 5911 Ecclesia
2208 5852 2366 5908 modo
2392 5852 2447 5905 in
2468 5849 2695 5905 veritate
2715 5838 2969 5927 aguntur.
2992 5846 3245 5933 (Qtelestia
3266 5860 3447 5911 autem

3090 5939 3169 6003 28
