3974 6446
529 428 644 498 875

1002 398 1356 491 HAYMONlS
1394 430 1869 489 HALBERSTAT.
1912 429 2132 487 EPlSC.
2155 427 2329 486 ‘OPP.
2372 426 2551 484 PARS
2590 425 2630 483 1.
2656 457 2726 469 —
2763 422 3121 483 COMMENT.
3162 423 3333 480 BlBL.

3718 419 3828 477 876

540 556 801 633 mysteria
832 555 963 614 dicit
1007 552 1291 625 spiritalia,
1324 552 1465 623 quod
1496 552 1874 607 observatores
1909 564 2038 604 suos
2063 548 2116 602 in
2147 552 2193 609 Α
2224 543 2404 600 ferens
2448 544 2751 613 iterumque
2790 541 2967 612 populi
3005 540 3074 595 ad
3114 538 3303 601 Deum,
3350 537 3421 590 ita
3469 545 3527 591 et
3565 532 3828 588 Christus

539 652 769 707 veritate
814 645 881 703 ad
928 645 1168 702 caelestia
1220 645 1442 699 ducunt.
1485 641 1673 696 Nonne
1703 640 1920 696 cmleste
1948 639 2121 694 altare

540 750 624 797 est
646 741 778 796 fides
810 745 1018 803 nostra,
1050 736 1103 790 in
1130 750 1235 806 qua
1277 730 1552 791 offerimus
1577 731 1818 802 quotidie
1846 728 2120 785 orationes

530 840 757 887 nostras
778 826 930 884 Deo?
985 824 1111 879 Vide
1134 823 1373 898 (inquit),
1420 822 1595 876 omnia
1633 821 1792 892 facito
1836 818 2120 874 secundum

536 920 805 992 exemplar
829 917 969 991 quod
1010 916 1103 972 tibi
1128 926 1390 970 ostensum
1421 922 1495 967 est
1538 912 1591 967 in
1634 919 1825 964 monte.
1856 909 2123 976 Quoniam

532 1014 758 1069 auditus
805 1019 989 1067 noster
1034 1009 1215 1063 minus
1264 1014 1421 1076 aptus
1467 1018 1586 1060 esse
1622 1002 1833 1057 videtur
1862 1001 1929 1055 ad
1955 1000 2122 1054 disci-

536 1106 743 1176 plinam
773 1101 1174 1174 percipiendam
1192 1113 1355 1169 quam
1373 1097 1545 1161 visus,
1568 1093 1843 1149 non‘enim
1872 1092 1925 1146 in
1944 1090 2125 1144 animo

540 1192 983 1251 commendamus
1013 1203 1131 1260 quae
1163 1187 1427 1251 audimus,
1459 1182 1727 1254 quomodo
1752 1181 1838 1236 illa
1866 1195 1984 1252 quae
2011 1180 2126 1249 ipso

543 1290 661 1344 \‘isu
690 1285 1036 1360 percipimus,
1061 1281 1181 1337 ideo
1202 1295 1310 1335 non
1333 1278 1502 1333 solum
1526 1275 1733 1340 auditu,
1753 1288 1940 1328 verum
1962 1271 2125 1327 etiam

543 1381 659 1436 visu
682 1384 1113 1434 demonstratum
1163 1379 1247 1426 est
1291 1369 1458 1440 Moysi
1509 1382 1538 1422 a
1583 1365 1810 1422 Domino
1842 1365 1898 1418 in
1947 1370 2127 1418 monte

546 1467 955 1527 tabernaculum
979 1483 992 1519 :
1022 1463 1164 1535 quod
1210 1459 1451 1516 facturus
1478 1465 1597 1514 erat
1615 1462 1939 1526 cooperante
1966 1452 2125 1507 Bese-

541 1557 666 1618 leel.
710 1559 863 1617 Unde
891 1554 1088 1612 dicitei
1115 1571 1129 1608 :
1162 1552 1294 1608 Vide
1317 1558 1375 1605 ut
1413 1549 1595 1605 omnia
1641 1546 1811 1602 facias
1832 1543 2125 1600 secundum

547 1658 694 1711 illam
725 1649 1130 1710 similitudinem
1179 1662 1297 1717 qum
1328 1642 1422 1698 tibi
1463 1643 1518 1697 in
1563 1650 1748 1697 monte
1782 1647 1995 1694 ostensa
2022 1643 2125 1691 est.

545 1750 697 1819 Quod
719 1757 898 1803 autem
920 1743 1067 1808 dicit,
1094 1737 1609 1818 intelligendumest
1649 1741 1759 1789 tam
1783 1731 1849 1786 de
1878 1729 2130 1784 taberna—

545 1816 650 1894 culi
673 1833 1080 1894 constructione
1098 1842 1461 1897 vasorumque
1487 1816 1626 1896 ejus,
1655 1836 1818 1894 quam
1848 1818 1915 1875 de
1953 1816 2125 1874 sacri-

484 1939 494 1949 ‘
545 1930 681 1985 liciis
701 1937 756 1983 et
779 1923 972 1981 hostiis
996 1936 1116 1993 quae
1139 1919 1214 1976 ibi
1242 1917 1478 1975 oblaturi
1501 1922 1704 1972 essent.

542 2020 547 2023 ’
618 2022 774 2077 Nune
794 2031 966 2074 autem
998 2014 1183 2072 melius
1213 2012 1425 2068 sortitus
1445 2020 1522 2064 est
1560 2004 1927 2069 ministerium,
1954 2015 2129 2056 sacer—

545 2117 678 2172 dotii
705 2113 960 2169 videlicet
998 2107 1339 2180 dignitatem,
1382 2110 1578 2174 quanto
1626 2108 1673 2154 et
1704 2095 1935 2153 melioris
1973 2102 2129 2147 testa-

545 2210 705 2263 tuenti
736 2205 995 2261 mediator
1019 2208 1116 2266 est,
1164 2196 1307 2269 quod
1344 2196 1399 2249 in
1430 2190 1729 2247 melioribus
1769 2183 2129 2259 repromissio-

540 2293 700 2357 nibus
744 2297 1011 2354 sancitum
1061 2301 1158 2359 est,
1185 2292 1289 2347 hoc
1327 2297 1411 2345 est
1452 2286 1749 2350 firmatum,
1792 2287 2051 2338 statutum
2079 2284 2134 2333 et

547 2394 961 2449 corroboratum
987 2402 1001 2441 :
1031 2385 1212 2452 Vides,
1252 2381 1445 2452 inquit,
1476 2386 1684 2449 quanto
1710 2373 1902 2429 melior
1927 2378 2008 2425 est
2032 2371 2132 2424 ista

542 2482 843 2540 “celebratio
874 2479 962 2535 illa
1002 2492 1120 2548 qua:
1155 2489 1298 2530 nunc
1335 2467 1593 2540 temporis
1645 2465 1923 2536 agebatur.
1955 2459 2136 2530 Siqui—

551 2578 673 2633 dem
705 2575 798 2630 illa
850 2570 1129 2641 exemplar
1153 2575 1209 2624 et
1241 2566 1443 2637 figura,
1477 2563 1578 2617 ista
1617 2559 1818 2615 veritas
1849 2564 1953 2621 est,
1997 2554 2139 2610 sicut

544 2670 607 2723 in
649 2662 938 2735 Evangelio
991 2659 1221 2715 dicitur:
1264 2653 1373 2708 Lex
1392 2668 1482 2722 per
1505 2648 1718 2719 Moysen
1748 2645 1870 2699 data
1891 2653 1988 2709 est,
2017 2657 2138 2713 gra-

546 2762 627 2812 tia
660 2766 705 2811 et
731 2732 916 2810 veritas
944 2765 1036 2822 per
1060 2747 1244 2803 Iesum
1289 2742 1559 2799 Christum
1603 2737 1743 2808 facta
1769 2744 1842 2790 est
1879 2732 2059 2806 (Joan.
2096 2747 2134 2798 ι,

553 2848 666 2920 Π).
709 2845 884 2911 Nunc,
916 2845 1021 2901 hoc
1044 2851 1144 2907 est,
1175 2840 1229 2895 in
1283 2840 1385 2895 hac
1412 2832 1705 2892 novissima
1734 2829 1920 2885 mundi
1957 2835 2137 2890 aetate,

556 2916 706 2995 tanto
728 2934 920 2992 melius
945 2931 1305 2989 ministerium
1329 2924 1615 2984 sacerdotii
1643 2921 1865 2979 sortitus
1884 2927 1965 2976 est
1984 2916 2139 2995 Chri-

547 3026 689 3095 stus,
719 3042 881 3099 quam
912 3024 1102 3081 fuisset
1130 3021 1260 3078 illud
1313 3018 1504 3091 legale,
1552 3021 1755 3086 quanto
1797 3020 1851 3067 et
1902 3008 2142 3065 melioris

552 3097 862 3177 testamenti
897 3123 981 3172 est
1008 3114 1292 3170 mediator.
1342 3109 1555 3177 Quanto
1580 3104 1805 3161 meliora
1833 3107 1957 3158 sunt
1983 3097 2145 3155 ctele-

546 3214 655 3270 ‘stia
707 3208 958 3273 terrenis,
1006 3213 1207 3260 aeterna
1258 3197 1666 3272 temporalibus,
1724 3201 1873 3250 tanto
1905 3189 2145 3246 melioris

2222 634 2385 691 'verba
2425 634 2517 689 Dei
2547 632 2724 688 Patris
2753 632 2908 687 nobis
2936 630 3149 695 retulit,
3180 630 3487 697 iterumque
3513 633 3718 680 nostra
3748 640 3830 679 re-

2222 720 2326 780 fert
2356 726 2423 780 ad
2451 724 2639 780 Deum.
2694 722 2988 778 Transiens
3030 719 3317 792 Apostolus
3361 733 3391 772 a
3436 716 3740 772 sacerdote
3777 726 3831 770 et

2222 814 2512 878 sacrificio,
2544 822 2670 869 tunc
2697 813 2912 868 demum
2940 807 3250 867 testamenti
3276 806 3651 865 ditl'erentiam
3679 804 3827 873 facit,

2224 903 2409 959 dicens
2435 921 2448 956 :
2480 902 2616 957 Nam
2639 901 2685 955 si
2714 900 2847 955 illud
2867 901 3013 972 prius
3045 908 3426 955 testamentum
3452 899 3620 968 culpa
3649 914 3830 951 cacas-

2224 1005 2319 1061 set,
2354 1012 2456 1050 non
2488 996 2664 1065 utique
2690 993 2906 1048 secundi
2935 992 3242 1048 testamenti
3272 989 3416 1076 locus
3440 990 3829 1060 inquii-eretur,

2179 1110 2194 1126 -
2226 1086 2330 1143 hoc
2354 1094 2457 1151 est,
2498 1086 2544 1141 si
2581 1085 2726 1141 aliud
2773 1092 3153 1140 testamentum
3205 1082 3341 1153 legis
3377 1088 3611 1151 peccata
3650 1091 3831 1151 posset

2227 1180 2458 1244 auferre,
2493 1189 2551 1236 ut
2575 1182 2956 1237 observatores
2985 1179 3068 1235 sui
3100 1176 3451 1248 inculpabiles
3479 1182 3701 1238 essent,
3730 1189 3828 1229 non

2228 1270 2450 1326 secundi
2501 1270 2808 1327 testamenti
2868 1269 3016 1324 locus
3065 1283 3208 1324 nunc
3264 1265 3666 1336 inquireretur.
3729 1263 3829 1319 Sed

2226 1367 2353 1436 quia
2386 1365 2513 1420 illud
2543 1379 2648 1420 non
2684 1362 2786 1418 fuit
2812 1362 3131 1434 perfectum,
3175 1361 3268 1415 illo
3302 1359 3539 1421 sublato,
3579 1359 3830 1413 inventus

2228 1467 2312 1514 est
2337 1458 2490 1514 locus
2527 1465 2685 1528 aptus
2724 1455 2945 1511 secundi
2987 1453 3322 1518 testamenti,
3351 1452 3497 1507 sicut
3523 1457 3825 1521 vituperans

2228 1564 2336 1615 eos,
2381 1549 2435 1604 id
2476 1556 2561 1602 est
2599 1564 2704 1603 non
2750 1547 3055 1617 approbans
3095 1545 3286 1616 dignos
3328 1542 3517 1608 laude,
3560 1541 3695 1595 dfcit
3738 1556 3828 1610 per

2229 1643 2545 1713 prophetam
2573 1660 2586 1696 :
2615 1641 2747 1695 Ecce
2775 1640 2884 1694 dies
2906 1640 3125 1701 venient,
3158 1637 3282 1690 dicit
3312 1634 3619 1697 Dominus;
3644 1643 3693 1687 et
3714 1650 3826 1688 coe-

2230 1724 2500 1790 summabo
2525 1751 2680 1805 super
2709 1733 2924 1790 domum
2951 1730 3139 1795 Israel,
3181 1742 3227 1786 et
3256 1746 3416 1799 super
3438 1730 3666 1785 domum
3691 1728 3822 1783 luds

2231 1837 2598 1883 testamentum
2676 1842 2916 1890 novum;
2967 1841 3071 1879 ηοη
3123 1822 3410 1877 secundum
3466 1829 3818 1876 testamentum

2163 1912 2207 1972 Β
2234 1920 2373 1992 quod
2396 1918 2497 1989 feci
2522 1934 2639 1972 cum
2665 1916 2901 1988 patribus
2931 1932 3108 1970 eorum
3146 1915 3204 1969 in
3236 1914 3322 1968 die
3362 1930 3473 1982 qua
3514 1910 3815 1983 apprehendi

2231 2027 2444 2071 manum
2472 2007 2687 2063 illorum
2729 2017 2787 2061 ut
2830 2007 3099 2062 educerem
3131 2022 3217 2060 eos
3258 2004 3323 2058 de
3368 2015 3523 2058 terra
3572 2003 3811 2073 dimi:

2229 2104 2476 2176 quoniam
2506 2102 2604 2173 ipsi
2633 2117 2735 2156 non
2767 2108 3161 2170 permanserunt
3183 2099 3235 2152 in
3260 2107 3589 2152 testamento
3620 2113 3743 2157 mea,
3770 2107 3807 2148 α

2231 2200 2323 2267 ego
2355 2194 2560 2266 neglexi
2591 2210 2699 2260 eos,
2730 2193 2805 2247 ait
2850 2191 3107 2247 Dominus
3151 2190 3313 2246 Deus.
3346 2189 3498 2245 Ecce
3543 2189 3669 2245 dies
3706 2189 3806 2243 Rari

2233 2284 2588 2349 Testamenti,
2628 2290 2685 2339 et
2717 2281 2920 2337 ultimae
2956 2278 3137 2337 szeculi
3177 2279 3355 2335 aetatis
3388 2278 3663 2342 venient,
3709 2276 3804 2331 dim

2234 2378 2515 2444 Dominus,
2548 2384 2606 2433 et
2629 2374 3037 2441 consummabo,
3066 2372 3120 2428 id
3143 2379 3225 2429 est
3244 2370 3542 2442 perﬁciam
3569 2385 3721 2440 Stater
3738 2370 3812 2424 do-

2236 2470 2384 2522 mum
2411 2465 2575 2523 Israel
2600 2472 2655 2521 et
2680 2478 2843 2535 super
2869 2463 3087 2519 domum
3113 2460 3248 2517 Juda
3276 2461 3689 2516 Testamentum
3712 2456 3805 2511 No-

2235 2573 2384 2613 vum.
2443 2556 2716 2625 Quantum
2758 2554 2826 2610 ad
2864 2554 3100 2609 litteram
3152 2551 3413 2622 pertinet,
3467 2566 3579 2621 per
3623 2551 3811 2605 domum

2238 2651 2404 2708 Israel
2433 2651 2621 2706 decem
2661 2649 2834 2705 tribus
2868 2647 3257 2719 intelliguntur,
3289 2662 3413 2717 quae
3446 2654 3815 2716 separaverunt

2239 2760 2300 2802 se
2328 2761 2359 2801 a
2387 2745 2546 2801 domo
2569 2742 2740 2799 David
2771 2742 3103 2813 temporibus
3123 2740 3415 2796 Jeroboam
3448 2759 3467 2794 :
3502 2757 3608 2811 per
3628 2740 3815 2796 ὐοκιιιιιι

2241 2848 2421 2893 autem
2444 2836 2608 2902 'Juda,
2654 2836 2774 2891 dua:
2797 2834 2967 2890 tribus
2995 2832 3130 2889 Juda
3154 2842 3207 2888 et
3230 2832 3528 2903 Benjamin
3555 2848 3682 2887 cum
3703 2830 3818 2884 uilia

2242 2926 2585 2993 sacerdotali,
2638 2942 2760 2996 qum
2792 2925 3137 2981 adhmserunt
3178 2922 3362 2978 domui
3400 2921 3602 2977 David.
3658 2917 3821 2975 Altiori

2244 3028 2422 3074 autem
2462 3014 2734 3072 intellectu
2769 3029 2870 3085 per
2908 3022 3194 3083 utramque
3217 3012 3437 3067 domum
3467 3010 3736 3066 debemus
3759 3010 3822 3063 in-

2243 3108 2485 3179 telligere
2528 3121 2717 3161 omnes
2765 3113 2874 3159 tam
2921 3119 2989 3158 ex
3033 3100 3232 3157 Iudaeis
3269 3114 3435 3173 quam
3480 3116 3556 3156 ex
3595 3099 3822 3171 gentiles

2243 3199 2560 3261 credentes,
2597 3194 2690 3265 qui
2731 3195 2898 3249 Deum
2935 3200 3081 3248 recte
3120 3190 3425 3260 conﬁtendo
3469 3189 3650 3261 (quod
3690 3190 3825 3243 inter-

554 3299 868 3360 testamenti
890 3299 1046 3355 dator
1081 3303 1130 3352 et
1161 3292 1430 3350 mediator
1455 3297 1539 3345 est
1576 3287 1752 3353 Jesus,
1774 3293 1829 3341 et
1854 3291 2003 3340 tanto
2024 3295 2142 3336 me-
2169 3289 2214 3352 (ς
2244 3296 2489 3358 prelalur
2515 3283 2700 3357 ludas)
2740 3284 2852 3338 veri
2884 3282 3140 3338 lsraelitse
3179 3291 3322 3346 sunt,
3369 3282 3478 3337 hoc
3528 3291 3641 3345 est,
3682 3279 3823 3334 Deum

552 3394 781 3452 lioribus
824 3385 1277 3462 promissionibus
1304 3379 1685 3437 confirmatum
1730 3383 1814 3433 est
1844 3373 2005 3429 istud.
2041 3369 2144 3426 Te-

556 3493 887 3544 stamentum
913 3476 1115 3534 etenim
1142 3474 1312 3529 Vetus
1336 3482 1547 3528 terrena
1576 3484 1641 3524 ac
1671 3463 1988 3538 temporalia
2024 3477 2146 3532 pro-

557 3574 828 3639 mittebat,
856 3568 1079 3626 dicens:
1115 3564 1174 3620 Si
1211 3562 1475 3619 volueritis
1496 3569 1542 3615 et
1570 3556 1843 3612 audieritis
1868 3570 1974 3620 me,
2008 3552 2145 3606 bona

552 3678 714 3723 teme
742 3658 1017 3719 comedetis
1058 3656 1157 3729 (Is.
1182 3672 1221 3721 ι,
1247 3654 1358 3727 19).
1388 3653 1494 3708 Et:
1544 3647 1774 3706 Observa
1820 3662 1935 3720 qute
1967 3644 2147 3717 praeci-

550 3758 653 3829 tpio
680 3755 798 3822 tibi,
826 3762 882 3808 ut
902 3752 975 3808 sis
997 3749 1263 3821 longaevus
1297 3760 1454 3816 super
1479 3751 1670 3798 terram
1697 3736 1893 3829 (Exod.
1915 3753 2008 3802 xx,
2032 3731 2144 3806 i2),

544 3828 866 3917 ceteraque
902 3843 989 3900 bis
1016 3839 1236 3907 similia,
1281 3835 1603 3910 promittens
1629 3828 1950 3902 temporalia
1985 3832 2147 3897 atque

543 3951 799 3998 Aterrena.
828 3934 1037 3991 Novum
1058 3945 1188 3987 vero
1218 3927 1362 4000 quod
1387 3939 1483 3998 per
1509 3922 1784 3980 Christum
1813 3920 1997 3977 datum
2043 3923 2145 3981 est,

561 4025 831 4102 promittit
872 4039 937 4079 ac
986 4020 1175 4077 tribuit
1200 4015 1447 4075 coelestia
1490 4021 1546 4070 et
1594 4021 1821 4077 aeterna,
1874 4008 2150 4076 vitamque

547 4097 861 4195 ’perfeetam
884 4131 985 4187 per
1030 4112 1259 4185 gratiam
1289 4105 1648 4179 baptismatis,
1677 4110 1734 4158 et
1763 4101 1920 4157 fidem
1966 4097 2152 4154 Domi-

557 4190 703 4271 iiicae
735 4206 1027 4283 passionis,
1054 4200 1427 4258 remissionem
1460 4194 1711 4251 videlicet
1735 4190 1978 4248 omnium
2026 4202 2153 4260 pee-

552 4281 837 4367 ‘catorum.
854 4299 992 4356 Dicit
1005 4308 1236 4365 namque
1250 4289 1596 4362 evangelista:
1614 4283 1979 4341 Ptenitentiam
1993 4281 2150 4352 agite,

556 4390 1001 4468 'appropinquabit
1029 4387 1165 4444 enim
1200 4398 1412 4454 regnum
1444 4379 1692 4435 calorum
1723 4373 1938 4468 (Manli.
1964 4387 2048 4438 ιιι,
2070 4370 2148 4441 2).

558 4460 675 4545 Ἰέίε
704 4460 806 4552 Qui
836 4460 1113 4538 crediderit
1158 4486 1207 4531 et
1258 4472 1555 4544 baptizatus
1601 4467 1782 4539 fuerit,
1835 4461 2011 4520 salvus
2054 4460 2153 4516 erit

560 4577 767 4649 '(Marc.
793 4569 1039 4641 “1.16).
1066 4568 1193 4623 .Et:
1245 4562 1383 4631 Quia
1427 4569 1576 4616 erunt
1622 4556 1771 4613 electi
1802 4555 1937 4609 sicut
1979 4551 2153 4624 angeli

2246 3384 2431 3433 mente
2452 3375 2715 3441 videntes,
2740 3374 2936 3444 quibus
2958 3373 3218 3428 Dominus
3246 3372 3481 3443 perfecit
3508 3380 3684 3441 atque
3703 3385 3825 3427 com-

2244 3473 2409 3547 plevit
2436 3472 2644 3527 Novum
2664 3471 3089 3533 Testamentum,
3112 3468 3336 3538 gratiam
3360 3467 3582 3523 scilicet
3601 3467 3822 3536 Evange-

2248 3564 2325 3620 lii.
2381 3563 2786 3620 Testamentum
2814 3570 2992 3616 autem
3022 3559 3230 3614 Novum
3261 3559 3465 3614 dicitur
3496 3558 3571 3614 ad
3596 3558 3827 3614 differ-ea-

2250 3656 2378 3713 tiam
2408 3653 2641 3711 Veteris.
2683 3652 2753 3709 Ut
2778 3667 2908 3708 vero
2930 3651 3090 3707 altius
3125 3652 3402 3715 dicamus,
3443 3650 3622 3706 Vetus
3662 3650 3824 3706 Testa-

2248 3756 2489 3803 mentum
2511 3744 2580 3802 ob
2604 3746 2703 3800 hoc
2726 3745 2942 3807 dicitur,
2959 3758 3025 3799 eo
3048 3742 3189 3813 quod
3211 3741 3490 3797 hominem
3507 3742 3566 3797 in
3578 3750 3827 3797 vetustate

2248 3837 2455 3908 peccati
2506 3836 2770 3908 positum,
2821 3850 3019 3889 novum
3068 3834 3292 3890 reddere
3340 3847 3450 3887 non
3498 3834 3827 3888 valebatzst

2250 3943 2383 3984 vero
2406 3927 2613 3982 Novum
2642 3925 3047 3981 Testamentum
3078 3923 3279 3978 dictum
3310 3931 3417 3987 est,
3443 3938 3517 3978 eo
3535 3926 3691 3995 quod
3716 3936 3827 3978 retr-

2252 4035 2367 4076 rem
2406 4018 2703 4083 hominem,
2746 4017 2797 4072 id
2838 4025 2921 4070 est
2958 4022 3179 4086 peccato
3209 4014 3410 4068 veteris
3439 4014 3696 4070 hominis
3727 4016 3827 4069 Ma:

2251 4110 2722 4175 commaculatum,
2754 4122 2953 4163 novum
2986 4104 3182 4161 efﬁciat
3215 4104 3270 4159 in
3301 4104 3639 4173 baptismate
3670 4121 3760 4176 per
3779 4104 3827 4156 ti-

2253 4201 2375 4259 dem
2398 4200 2692 4258 Dominica:
2721 4197 3008 4270 passionis,
3040 4196 3184 4268 quod
3216 4212 3322 4251 non
3347 4206 3434 4252 est
3455 4196 3640 4253 simile
3670 4198 3832 4252 Testa-

2252 4302 2437 4350 mento
2467 4291 2649 4350 Veteri
2668 4332 2684 4357 ,
2718 4292 2863 4361 quod
2887 4288 3015 4344 fecit
3034 4304 3157 4344 eum
3183 4287 3434 4359 patribus
3462 4303 3664 4343 eorum
3696 4288 3829 4354 :qui:

2256 4384 2385 4443 illud
2419 4394 2628 4440 terrena
2657 4381 3003 4455 promittebat
3032 4397 3096 4437 ac
3121 4379 3460 4451 temporalia,
3484 4392 3545 4436 et
3575 4381 3832 4453 praecipie-

2255 4479 2348 4537 bat
2373 4478 2631 4543 c..rnalia,
2661 4477 2802 4532 istud
2830 4490 2957 4531 vero
2990 4484 3192 4530 aeterna
3220 4483 3274 4530 et
3299 4474 3554 4529 etnlestia
3586 4473 3831 4546 promittit

2254 4568 2573 4642 praecipiens
2608 4564 2930 4637 spiritualia.
2979 4561 3132 4631 Quod
3158 4578 3289 4619 vero
3318 4563 3454 4617 dicit
3483 4576 3500 4616 :
3538 4562 3607 4617 In
3640 4564 3729 4617 die
3749 4578 3832 4631 eu

560 4642 669 4722 «Dei
688 4667 740 4720 in
768 4662 892 4719 coelo
932 4659 1126 4731 (Marc.
1150 4670 1250 4720 ιιι,
1278 4651 1394 4722 25).
1423 4651 1492 4705 Et
1539 4649 1761 4717 insuper
1788 4643 1932 4714 quod
1981 4642 2141 4713 majus

2257 4659 2573 4733 apprehendi
2601 4672 2812 4712 manum
2839 4655 3075 4721 illorum,
3109 4666 3163 4710 ut
3202 4671 3289 4709 eos
3322 4654 3576 4709 ducerem
3616 4656 3682 4710 de
3717 4667 3831 4707 terra

560 4764 673 4823 est,
698 4753 841 4826 quod
863 4751 1060 4808 dicitur
1082 4747 1136 4801 in
1165 4740 1456 4813 Evangelio
1477 4736 1719 4794 Joannis.
1749 4733 2035 4804 Quotquot,
2068 4732 2153 4785 in-

547 4823 1041 4919 equit,’receperunt
1070 4853 1206 4902 eum,
1265 4832 1407 4888 dedit
1455 4831 1529 4885 eis
1556 4835 1863 4900 potestatem
1886 4824 2026 4895 ﬁlios
2060 4823 2156 4877 Dei

548 4939 687 5008 εῇρνὶ
713 4935 899 5008 (Joan.
930 4947 1006 4998 ιι,
1034 4927 1153 5001 12).

627 5046 786 5101 .Ecce
799 5040 1068 5113 quomodo
1083 5035 1317 5091 melioris
1345 5028 1635 5086 testamenti
1659 5026 1911 5083 mediator
1928 5032 1985 5079 et
2004 5023 2161 5078 dator

562 5150 656 5194 (Si
680 5135 965 5199 tChristus,
1004 5139 1060 5186 et
1087 5126 1354 5200 quomodo
1396 5121 1695 5178 melioribus
1734 5115 2162 5189 promissionibus

567 5227 963 5283 confirmatum
983 5232 1087 5278 est.
1106 5219 1167 5275 In
1200 5219 1303 5274 hoe
1330 5230 1541 5286 quoque
1568 5212 1762 5268 melius
1799 5208 2158 5266 sacerdotium

558 5320 931 5382 ‘sortitusest,
960 5312 1087 5384 quia
1115 5310 1245 5367 illud
1270 5305 1564 5377 temporale
1587 5304 1711 5370 fuit,
1733 5301 1876 5357 istud
1898 5310 1984 5356 est
2004 5309 2163 5355 aeter-

577 5423 748 5474 num;
784 5406 911 5462 illud
940 5418 1043 5459 non
1066 5406 1280 5473 poterat
1312 5394 1585 5452 hominem
1604 5392 1906 5463 justitieare
1945 5404 2047 5444 nec
2076 5403 2162 5442 re-

579 5513 745 5570 gnum
774 5496 1031 5554 cmlorum
1061 5492 1174 5549 suis
1212 5484 1652 5555 observatoribus
1694 5494 1973 5548 reserare;
2017 5480 2159 5537 istud

556 5603 712 5646 ~vero
744 5584 980 5658 perfecte
1011 5580 1275 5654 iustificat
1297 5576 1593 5641 hominem,
1631 5572 1934 5642 statimque
1980 5570 2030 5626 ei
2078 5585 2159 5625 res

581 5694 749 5751 gnum
788 5676 1046 5734 ctelorum
1080 5671 1277 5744 aperit.
1329 5668 1591 5726 Mediator
1633 5673 1816 5722 autem
1851 5664 2162 5720 testamenti

574 5772 883 5845 appellatur
905 5767 1187 5835 Dominus,
1215 5764 1341 5837 quia
1365 5763 1509 5820 sicut
1534 5758 1743 5832 Moyses
1770 5758 2037 5814 mediator
2063 5755 2166 5814 fuit

565 5867 729 5924 inter
758 5866 927 5923 Deum
953 5870 1008 5918 et
1030 5858 1309 5935 populum,
1349 5855 1514 5915 verba
1554 5853 1653 5911 Dei
1693 5851 1761 5909 ad
1800 5851 2056 5924 populum
2085 5866 2167 5908 re-

2261 4754 2482 4824 Aiggpti
2503 4750 2638 4822 (Jer.
2662 4765 2812 4815 χχχι,
2835 4749 2949 4819 5‘2),
2971 4763 3221 4819 magnam
3242 4747 3681 4804 familiaritatem
3703 4760 3832 4804 sum

2262 4845 2603 4914 omnipotens
2622 4841 2765 4896 Deus
2793 4840 3045 4906 ostendit,
3075 4854 3235 4910 quam
3262 4839 3513 4894 exhibuit
3542 4839 3620 4894 illi
3640 4839 3831 4912 populo

2264 4938 2413 4995 More
2450 4937 2595 4992 enim
2639 4935 2923 4990 mulierum
2965 4932 3204 5002 loquitur
3242 4947 3427 4988 sermo
3465 4933 3705 4999 divinus,
3735 4946 3834 5002 qu:

2265 5011 2669 5100 apprehendere
2696 5025 2869 5081 solent
2894 5023 3240 5095 parvulorum
3280 5037 3497 5089 manus,
3538 5034 3597 5078 et
3625 5025 3835 5093 plerum-

2265 5131 2371 5187 que
2399 5117 2466 5171 ad
2492 5131 2550 5171 se
2584 5116 2907 5177 conducere,
2937 5113 3253 5183 plerumque
3282 5113 3448 5168 etiam
3485 5113 3599 5169 huc
3629 5116 3837 5183 illucque

2263 5210 2617 5266 sustentando
2647 5223 2715 5263 ne
2744 5208 3012 5274 labantur,
3047 5216 3251 5278 utpote
3277 5206 3463 5262 firmos
3489 5222 3721 5279 gressus
3746 5224 3836 5263 non

2263 5303 2525 5359 habentes
2555 5300 2749 5355 adhuc.
2803 5300 2860 5354 Si
2891 5300 3232 5371 omnipotens
3262 5299 3424 5366 Deus,
3469 5316 3602 5355 cum
3646 5300 3730 5356 ille
3760 5313 3841 5371 po.

2260 5396 2420 5469 pulus
2454 5393 2677 5466 puerilis
2711 5407 2776 5447 ae
2805 5391 3060 5463 parvulus
3096 5402 3241 5448 esset
3270 5410 3284 5446 ;
3309 5391 3437 5461 quia
3484 5407 3671 5463 neque
3706 5405 3842 5462 gra.

2264 5503 2357 5544 sus
2390 5486 2543 5541 bona:
2583 5482 2915 5555 operationis
2961 5483 3209 5547 habebat,
3264 5497 3440 5554 neque
3479 5484 3839 5540 fortitudinem

2264 5593 2369 5649 qua
2393 5592 2451 5633 se
2476 5584 2659 5648 posset
2685 5573 2968 5630 exsolvere
2996 5589 3024 5627 a
3041 5573 3170 5645 jugo
3199 5574 3655 5645 opprimentium,
3684 5584 3843 5630 tem-

2265 5670 2344 5726 dit
2363 5683 2583 5724 manum
2613 5682 2767 5722 suam
2796 5666 2866 5731 ei,
2900 5679 3152 5738 magnum
3180 5664 3429 5721 videlicet
3456 5666 3718 5722 auxilium
3744 5666 3843 5735 pit.L

2266 5762 2396 5817 tatis
2423 5774 2555 5829 sure,
2585 5767 2638 5814 et
2669 5757 2907 5814 extraxit
2927 5772 3049 5812 eum
3074 5754 3142 5811 de
3165 5755 3385 5812 fornace
3405 5755 3612 5823 ferrea,
3639 5760 3845 5813 trahens

2271 5853 2337 5911 ad
2370 5852 2731 5924 cognitionem
2768 5864 2920 5904 suam
2982 5857 3033 5904 et
3075 5848 3303 5919 amplius
3339 5863 3527 5904 amore
3564 5864 3689 5905 eum
3738 5846 3843 5901 diﬁ-
