  <div class='ocr_page' id='page_1' title='image "/cluster/home/n/w/nwhite01/storage/ocr_20150623/117/hvd.32044015466899/445.png"; bbox 0 0 3974 6464; ppageno 0'>
   <div class='ocr_carea' id='block_1_1' title="bbox 534 405 652 465">
    <p class='ocr_par' dir='ltr' id='par_1_1' title="bbox 534 405 652 465">
     <span class='ocr_line' id='line_1_1' title="bbox 534 405 652 465; baseline 0.008 -2"><span class='ocrx_word' id='word_1_1' title='bbox 534 405 652 465; x_wconf 69' lang='grc'><strong>879</strong></span> 
     </span>
    </p>
   </div>
   <div class='ocr_carea' id='block_1_2' title="bbox 1010 406 3331 472">
    <p class='ocr_par' dir='ltr' id='par_1_2' title="bbox 1010 406 3331 472">
     <span class='ocr_line' id='line_1_2' title="bbox 1010 406 3331 472; baseline 0.003 -10"><span class='ocrx_word' id='word_1_2' title='bbox 1010 406 1364 463; x_wconf 72' lang='lat' dir='ltr'><strong>BAYMONIS</strong></span> <span class='ocrx_word' id='word_1_3' title='bbox 1407 406 1882 465; x_wconf 75' lang='lat' dir='ltr'><strong>HALBEBSTAT.</strong></span> <span class='ocrx_word' id='word_1_4' title='bbox 1924 408 2139 466; x_wconf 84' lang='lat' dir='ltr'><strong>EPISC.</strong></span> <span class='ocrx_word' id='word_1_5' title='bbox 2176 410 2327 467; x_wconf 84' lang='lat' dir='ltr'><strong>OPP.</strong></span> <span class='ocrx_word' id='word_1_6' title='bbox 2368 410 2548 469; x_wconf 76' lang='lat' dir='ltr'><strong>PARS</strong></span> <span class='ocrx_word' id='word_1_7' title='bbox 2588 412 2628 467; x_wconf 87' lang='lat' dir='ltr'><strong>l.</strong></span> <span class='ocrx_word' id='word_1_8' title='bbox 2661 441 2731 456; x_wconf 86' lang='lat'><strong>—-</strong></span> <span class='ocrx_word' id='word_1_9' title='bbox 2768 411 3123 471; x_wconf 75' lang='lat' dir='ltr'><strong>COMMENT.</strong></span> <span class='ocrx_word' id='word_1_10' title='bbox 3163 414 3331 472; x_wconf 81' lang='lat' dir='ltr'><strong>BIBL.</strong></span> 
     </span>
    </p>
   </div>
   <div class='ocr_carea' id='block_1_3' title="bbox 3725 416 3839 472">
    <p class='ocr_par' dir='ltr' id='par_1_3' title="bbox 3725 416 3839 472">
     <span class='ocr_line' id='line_1_3' title="bbox 3725 416 3839 472; baseline 0 0"><span class='ocrx_word' id='word_1_11' title='bbox 3725 416 3839 472; x_wconf 74' lang='lat'><strong>8-80</strong></span> 
     </span>
    </p>
   </div>
   <div class='ocr_carea' id='block_1_4' title="bbox 544 515 3838 599">
    <p class='ocr_par' dir='ltr' id='par_1_4' title="bbox 544 515 3838 599">
     <span class='ocr_line' id='line_1_4' title="bbox 544 515 3838 599; baseline 0.002 -21"><span class='ocrx_word' id='word_1_12' title='bbox 544 522 745 579; x_wconf 75' lang='lat' dir='ltr'><strong>Dividit</strong></span> <span class='ocrx_word' id='word_1_13' title='bbox 774 521 917 592; x_wconf 78' lang='lat' dir='ltr'><strong>enim</strong></span> <span class='ocrx_word' id='word_1_14' title='bbox 958 520 1086 576; x_wconf 89' lang='lat' dir='ltr'><strong>illud</strong></span> <span class='ocrx_word' id='word_1_15' title='bbox 1125 520 1379 591; x_wconf 90' lang='lat' dir='ltr'><strong>templum</strong></span> <span class='ocrx_word' id='word_1_16' title='bbox 1418 520 1722 577; x_wconf 88' lang='lat' dir='ltr'><strong>Salomonis</strong></span> <span class='ocrx_word' id='word_1_17' title='bbox 1761 521 1949 578; x_wconf 88' lang='lat' dir='ltr'><strong>beatus</strong></span> <span class='ocrx_word' id='word_1_18' title='bbox 1979 523 2126 595; x_wconf 78' lang='lat' dir='ltr'><strong>Apo-</strong></span> <span class='ocrx_word' id='word_1_19' title='bbox 2155 530 2202 587; x_wconf 77' lang='grc' dir='ltr'>Α</span> <span class='ocrx_word' id='word_1_20' title='bbox 2232 533 2563 590; x_wconf 88' lang='lat' dir='ltr'><strong>sanctorum,</strong></span> <span class='ocrx_word' id='word_1_21' title='bbox 2591 535 2845 583; x_wconf 89' lang='lat' dir='ltr'><strong>oraturus</strong></span> <span class='ocrx_word' id='word_1_22' title='bbox 2877 542 2976 599; x_wconf 90' lang='lat' dir='ltr'><strong>pro</strong></span> <span class='ocrx_word' id='word_1_23' title='bbox 3001 528 3219 599; x_wconf 89' lang='lat' dir='ltr'><strong>populo,</strong></span> <span class='ocrx_word' id='word_1_24' title='bbox 3243 538 3293 585; x_wconf 87' lang='lat' dir='ltr'><strong>et</strong></span> <span class='ocrx_word' id='word_1_25' title='bbox 3332 515 3600 586; x_wconf 76' lang='lat' dir='ltr'><strong>Dominus</strong></span> <span class='ocrx_word' id='word_1_26' title='bbox 3638 540 3838 586; x_wconf 84' lang='lat' dir='ltr'><strong>noster</strong></span> 
     </span>
    </p>
   </div>
   <div class='ocr_carea' id='block_1_5' title="bbox 530 609 2121 686">
    <p class='ocr_par' dir='ltr' id='par_1_5' title="bbox 530 609 2121 686">
     <span class='ocr_line' id='line_1_5' title="bbox 530 609 2121 686; baseline 0.001 -16"><span class='ocrx_word' id='word_1_27' title='bbox 530 616 714 672; x_wconf 54' lang='lat' dir='ltr'><strong>&#39;stolus</strong></span> <span class='ocrx_word' id='word_1_28' title='bbox 753 614 806 670; x_wconf 91' lang='lat' dir='ltr'><strong>in</strong></span> <span class='ocrx_word' id='word_1_29' title='bbox 849 613 953 669; x_wconf 91' lang='lat' dir='ltr'><strong>duo</strong></span> <span class='ocrx_word' id='word_1_30' title='bbox 995 612 1340 681; x_wconf 87' lang='lat' dir='ltr'><strong>tabernacula</strong></span> <span class='ocrx_word' id='word_1_31' title='bbox 1373 632 1386 669; x_wconf 88' lang='lat'><strong>:</strong></span> <span class='ocrx_word' id='word_1_32' title='bbox 1419 624 1474 670; x_wconf 94' lang='lat' dir='ltr'><strong>et</strong></span> <span class='ocrx_word' id='word_1_33' title='bbox 1514 609 1748 685; x_wconf 84' lang='lat' dir='ltr'><strong>primum</strong></span> <span class='ocrx_word' id='word_1_34' title='bbox 1785 615 2002 686; x_wconf 82' lang='lat' dir='ltr'><strong>quidem</strong></span> <span class='ocrx_word' id='word_1_35' title='bbox 2041 626 2121 672; x_wconf 86' lang='lat' dir='ltr'><strong>ta-</strong></span> 
     </span>
    </p>
   </div>
   <div class='ocr_carea' id='block_1_6' title="bbox 541 702 2123 776">
    <p class='ocr_par' dir='ltr' id='par_1_6' title="bbox 541 702 2123 776">
     <span class='ocr_line' id='line_1_6' title="bbox 541 702 2123 776; baseline 0.001 -15"><span class='ocrx_word' id='word_1_36' title='bbox 541 703 885 761; x_wconf 85' lang='lat' dir='ltr'><strong>bernaculum</strong></span> <span class='ocrx_word' id='word_1_37' title='bbox 913 702 1143 774; x_wconf 75' lang='lat' dir='ltr'><strong>appellat</strong></span> <span class='ocrx_word' id='word_1_38' title='bbox 1177 703 1323 760; x_wconf 80' lang='lat' dir='ltr'><strong>illam</strong></span> <span class='ocrx_word' id='word_1_39' title='bbox 1367 714 1577 775; x_wconf 81' lang='lat' dir='ltr'><strong>partem</strong></span> <span class='ocrx_word' id='word_1_40' title='bbox 1622 705 1804 776; x_wconf 92' lang='lat' dir='ltr'><strong>templi</strong></span> <span class='ocrx_word' id='word_1_41' title='bbox 1846 707 1934 761; x_wconf 90' lang='lat' dir='ltr'><strong>ubi</strong></span> <span class='ocrx_word' id='word_1_42' title='bbox 1966 716 2123 763; x_wconf 89' lang='lat' dir='ltr'><strong>erant</strong></span> 
     </span>
    </p>
   </div>
   <div class='ocr_carea' id='block_1_7' title="bbox 538 784 2119 877">
    <p class='ocr_par' dir='ltr' id='par_1_7' title="bbox 538 784 2119 877">
     <span class='ocr_line' id='line_1_7' title="bbox 538 784 2119 877; baseline -0.001 -23"><span class='ocrx_word' id='word_1_43' title='bbox 538 796 871 861; x_wconf 82' lang='lat' dir='ltr'><strong>candelabra</strong></span> <span class='ocrx_word' id='word_1_44' title='bbox 889 803 943 850; x_wconf 91' lang='lat' dir='ltr'><strong>et</strong></span> <span class='ocrx_word' id='word_1_45' title='bbox 966 784 1173 857; x_wconf 84' lang='lat' dir='ltr'><strong>mensa,</strong></span> <span class='ocrx_word' id='word_1_46' title='bbox 1202 810 1372 873; x_wconf 29' lang='lat' dir='ltr'><strong>super.</strong></span> <span class='ocrx_word' id='word_1_47' title='bbox 1405 812 1565 864; x_wconf 89' lang='lat' dir='ltr'><strong>quam</strong></span> <span class='ocrx_word' id='word_1_48' title='bbox 1609 792 1950 865; x_wconf 80' lang='lat' dir='ltr'><strong>pohebantur</strong></span> <span class='ocrx_word' id='word_1_49' title='bbox 1984 784 2119 877; x_wconf 35' lang='lat' dir='ltr'><strong>duo-2</strong></span> 
     </span>
    </p>
   </div>
   <div class='ocr_carea' id='block_1_8' title="bbox 537 884 2123 957">
    <p class='ocr_par' dir='ltr' id='par_1_8' title="bbox 537 884 2123 957">
     <span class='ocr_line' id='line_1_8' title="bbox 537 884 2123 957; baseline -0.001 -15"><span class='ocrx_word' id='word_1_50' title='bbox 537 886 712 942; x_wconf 83' lang='lat' dir='ltr'><strong>decim</strong></span> <span class='ocrx_word' id='word_1_51' title='bbox 744 900 911 955; x_wconf 88' lang='lat' dir='ltr'><strong>panes</strong></span> <span class='ocrx_word' id='word_1_52' title='bbox 938 886 1119 950; x_wconf 78' lang='lat' dir='ltr'><strong>calidi,</strong></span> <span class='ocrx_word' id='word_1_53' title='bbox 1153 901 1245 941; x_wconf 78' lang='lat' dir='ltr'><strong>sex</strong></span> <span class='ocrx_word' id='word_1_54' title='bbox 1282 885 1430 950; x_wconf 90' lang='lat' dir='ltr'><strong>hinc,</strong></span> <span class='ocrx_word' id='word_1_55' title='bbox 1462 895 1516 940; x_wconf 94' lang='lat' dir='ltr'><strong>et</strong></span> <span class='ocrx_word' id='word_1_56' title='bbox 1540 901 1635 940; x_wconf 82' lang='lat' dir='ltr'><strong>sex</strong></span> <span class='ocrx_word' id='word_1_57' title='bbox 1670 884 1814 952; x_wconf 90' lang='lat' dir='ltr'><strong>inde,</strong></span> <span class='ocrx_word' id='word_1_58' title='bbox 1862 894 1917 941; x_wconf 91' lang='lat' dir='ltr'><strong>et</strong></span> <span class='ocrx_word' id='word_1_59' title='bbox 1957 900 2123 957; x_wconf 88' lang='lat' dir='ltr'><strong>super</strong></span> 
     </span>
    </p>
   </div>
   <div class='ocr_carea' id='block_1_9' title="bbox 532 964 2123 1046">
    <p class='ocr_par' dir='ltr' id='par_1_9' title="bbox 532 964 2123 1046">
     <span class='ocr_line' id='line_1_9' title="bbox 532 964 2123 1046; baseline 0.003 -18"><span class='ocrx_word' id='word_1_60' title='bbox 532 993 704 1045; x_wconf 77' lang='lat' dir='ltr'><strong>panes</strong></span> <span class='ocrx_word' id='word_1_61' title='bbox 736 964 856 1030; x_wconf 57' lang='lat' dir='ltr'><strong>duae</strong></span> <span class='ocrx_word' id='word_1_62' title='bbox 885 976 1077 1046; x_wconf 71' lang='lat' dir='ltr'><strong>patina:</strong></span> <span class='ocrx_word' id='word_1_63' title='bbox 1101 991 1300 1039; x_wconf 61' lang='lat' dir='ltr'><strong>aureae,</strong></span> <span class='ocrx_word' id='word_1_64' title='bbox 1331 975 1498 1045; x_wconf 73' lang='lat' dir='ltr'><strong>plenze</strong></span> <span class='ocrx_word' id='word_1_65' title='bbox 1526 977 1682 1040; x_wconf 82' lang='lat' dir='ltr'><strong>thure</strong></span> <span class='ocrx_word' id='word_1_66' title='bbox 1714 993 1728 1031; x_wconf 89' lang='lat'><strong>:</strong></span> <span class='ocrx_word' id='word_1_67' title='bbox 1759 992 1862 1030; x_wconf 90' lang='lat' dir='ltr'><strong>una</strong></span> <span class='ocrx_word' id='word_1_68' title='bbox 1890 975 2033 1037; x_wconf 90' lang='lat' dir='ltr'><strong>hinc,</strong></span> <span class='ocrx_word' id='word_1_69' title='bbox 2067 986 2123 1032; x_wconf 91' lang='lat' dir='ltr'><strong>et</strong></span> 
     </span>
    </p>
   </div>
   <div class='ocr_carea' id='block_1_10' title="bbox 535 1052 2116 1138">
    <p class='ocr_par' dir='ltr' id='par_1_10' title="bbox 535 1052 2116 1138">
     <span class='ocr_line' id='line_1_10' title="bbox 535 1052 2116 1138; baseline 0.002 -18"><span class='ocrx_word' id='word_1_70' title='bbox 535 1066 705 1124; x_wconf 84' lang='lat' dir='ltr'><strong>altera</strong></span> <span class='ocrx_word' id='word_1_71' title='bbox 726 1052 874 1134; x_wconf 74' lang='lat' dir='ltr'><strong>inde,</strong></span> <span class='ocrx_word' id='word_1_72' title='bbox 893 1076 1116 1138; x_wconf 77' lang='lat' dir='ltr'><strong>eratque</strong></span> <span class='ocrx_word' id='word_1_73' title='bbox 1137 1068 1209 1123; x_wconf 92' lang='lat' dir='ltr'><strong>ibi</strong></span> <span class='ocrx_word' id='word_1_74' title='bbox 1233 1083 1263 1121; x_wconf 92' lang='lat' dir='ltr'><strong>a</strong></span> <span class='ocrx_word' id='word_1_75' title='bbox 1288 1068 1512 1123; x_wconf 89' lang='lat' dir='ltr'><strong>sabbato</strong></span> <span class='ocrx_word' id='word_1_76' title='bbox 1534 1082 1702 1137; x_wconf 87' lang='lat' dir='ltr'><strong>usque</strong></span> <span class='ocrx_word' id='word_1_77' title='bbox 1723 1068 1790 1122; x_wconf 91' lang='lat' dir='ltr'><strong>ad</strong></span> <span class='ocrx_word' id='word_1_78' title='bbox 1814 1067 2116 1132; x_wconf 88' lang='lat' dir='ltr'><strong>sabbatum.</strong></span> 
     </span>
    </p>
   </div>
   <div class='ocr_carea' id='block_1_11' title="bbox 534 1142 2113 1237">
    <p class='ocr_par' dir='ltr' id='par_1_11' title="bbox 534 1142 2113 1237">
     <span class='ocr_line' id='line_1_11' title="bbox 534 1142 2113 1237; baseline -0.001 -22"><span class='ocrx_word' id='word_1_79' title='bbox 534 1170 592 1216; x_wconf 89' lang='lat' dir='ltr'><strong>et</strong></span> <span class='ocrx_word' id='word_1_80' title='bbox 636 1169 753 1216; x_wconf 91' lang='lat' dir='ltr'><strong>erat</strong></span> <span class='ocrx_word' id='word_1_81' title='bbox 789 1160 863 1216; x_wconf 85' lang='lat' dir='ltr'><strong>ibi</strong></span> <span class='ocrx_word' id='word_1_82' title='bbox 915 1144 1086 1237; x_wconf 80' lang='lat' dir='ltr'><strong>altare</strong></span> <span class='ocrx_word' id='word_1_83' title='bbox 1126 1172 1350 1213; x_wconf 90' lang='lat' dir='ltr'><strong>aureum</strong></span> <span class='ocrx_word' id='word_1_84' title='bbox 1375 1197 1390 1221; x_wconf 94' lang='lat'><strong>,</strong></span> <span class='ocrx_word' id='word_1_85' title='bbox 1429 1156 1518 1212; x_wconf 91' lang='lat' dir='ltr'><strong>ubi</strong></span> <span class='ocrx_word' id='word_1_86' title='bbox 1562 1150 1890 1212; x_wconf 64' lang='lat' dir='ltr'><strong>offerebatur</strong></span> <span class='ocrx_word' id='word_1_87' title='bbox 1930 1142 2113 1213; x_wconf 57' lang='lat' dir='ltr'><strong>incen-~</strong></span> 
     </span>
    </p>
   </div>
   <div class='ocr_carea' id='block_1_12' title="bbox 522 1251 2121 1325">
    <p class='ocr_par' dir='ltr' id='par_1_12' title="bbox 522 1251 2121 1325">
     <span class='ocr_line' id='line_1_12' title="bbox 522 1251 2121 1325; baseline -0.001 -16"><span class='ocrx_word' id='word_1_88' title='bbox 522 1268 656 1323; x_wconf 74' lang='lat' dir='ltr'><strong>sum</strong></span> <span class='ocrx_word' id='word_1_89' title='bbox 682 1251 1051 1325; x_wconf 75' lang='lat' dir='ltr'><strong>thymiamatis</strong></span> <span class='ocrx_word' id='word_1_90' title='bbox 1082 1265 1244 1305; x_wconf 88' lang='lat' dir='ltr'><strong>mane</strong></span> <span class='ocrx_word' id='word_1_91' title='bbox 1281 1258 1335 1306; x_wconf 91' lang='lat' dir='ltr'><strong>et</strong></span> <span class='ocrx_word' id='word_1_92' title='bbox 1365 1264 1602 1320; x_wconf 86' lang='lat' dir='ltr'><strong>vespere,</strong></span> <span class='ocrx_word' id='word_1_93' title='bbox 1646 1265 1769 1304; x_wconf 92' lang='lat' dir='ltr'><strong>cum</strong></span> <span class='ocrx_word' id='word_1_94' title='bbox 1817 1265 1923 1321; x_wconf 88' lang='lat' dir='ltr'><strong>qua</strong></span> <span class='ocrx_word' id='word_1_95' title='bbox 1967 1260 2121 1320; x_wconf 87' lang='lat' dir='ltr'><strong>parte</strong></span> 
     </span>
    </p>
   </div>
   <div class='ocr_carea' id='block_1_13' title="bbox 533 1340 2120 1417">
    <p class='ocr_par' dir='ltr' id='par_1_13' title="bbox 533 1340 2120 1417">
     <span class='ocr_line' id='line_1_13' title="bbox 533 1340 2120 1417; baseline -0.004 -15"><span class='ocrx_word' id='word_1_96' title='bbox 533 1345 718 1417; x_wconf 89' lang='lat' dir='ltr'><strong>templi</strong></span> <span class='ocrx_word' id='word_1_97' title='bbox 745 1343 1149 1414; x_wconf 83' lang='lat' dir='ltr'><strong>comprehendit</strong></span> <span class='ocrx_word' id='word_1_98' title='bbox 1173 1340 1344 1397; x_wconf 89' lang='lat' dir='ltr'><strong>altare</strong></span> <span class='ocrx_word' id='word_1_99' title='bbox 1364 1340 1819 1404; x_wconf 87' lang='lat' dir='ltr'><strong>holocaustorum,</strong></span> <span class='ocrx_word' id='word_1_100' title='bbox 1842 1341 1984 1413; x_wconf 89' lang='lat' dir='ltr'><strong>quod</strong></span> <span class='ocrx_word' id='word_1_101' title='bbox 2001 1349 2120 1396; x_wconf 88' lang='lat' dir='ltr'><strong>erat</strong></span> 
     </span>
    </p>
   </div>
   <div class='ocr_carea' id='block_1_14' title="bbox 531 1429 2120 1515">
    <p class='ocr_par' dir='ltr' id='par_1_14' title="bbox 531 1429 2120 1515">
     <span class='ocr_line' id='line_1_14' title="bbox 531 1429 2120 1515; baseline -0.004 -23"><span class='ocrx_word' id='word_1_102' title='bbox 531 1435 636 1492; x_wconf 97' lang='lat' dir='ltr'><strong>sub</strong></span> <span class='ocrx_word' id='word_1_103' title='bbox 670 1434 795 1491; x_wconf 89' lang='lat' dir='ltr'><strong>divo</strong></span> <span class='ocrx_word' id='word_1_104' title='bbox 822 1443 963 1515; x_wconf 40' lang='lat' dir='ltr'><strong>‘ante</strong></span> <span class='ocrx_word' id='word_1_105' title='bbox 1003 1432 1147 1489; x_wconf 83' lang='lat' dir='ltr'><strong>fores</strong></span> <span class='ocrx_word' id='word_1_106' title='bbox 1189 1430 1446 1502; x_wconf 87' lang='lat' dir='ltr'><strong>templum</strong></span> <span class='ocrx_word' id='word_1_107' title='bbox 1491 1429 1728 1494; x_wconf 87' lang='lat' dir='ltr'><strong>Domini,</strong></span> <span class='ocrx_word' id='word_1_108' title='bbox 1767 1430 1818 1484; x_wconf 92' lang='lat' dir='ltr'><strong>in</strong></span> <span class='ocrx_word' id='word_1_109' title='bbox 1854 1429 1997 1500; x_wconf 89' lang='lat' dir='ltr'><strong>quod</strong></span> <span class='ocrx_word' id='word_1_110' title='bbox 2040 1440 2120 1485; x_wconf 78' lang='lat' dir='ltr'><strong>ta-</strong></span> 
     </span>
    </p>
   </div>
   <div class='ocr_carea' id='block_1_15' title="bbox 531 1521 2115 1595">
    <p class='ocr_par' dir='ltr' id='par_1_15' title="bbox 531 1521 2115 1595">
     <span class='ocr_line' id='line_1_15' title="bbox 531 1521 2115 1595; baseline -0.005 -11"><span class='ocrx_word' id='word_1_111' title='bbox 531 1526 884 1593; x_wconf 75' lang='lat' dir='ltr'><strong>bernaculum</strong></span> <span class='ocrx_word' id='word_1_112' title='bbox 907 1525 1052 1581; x_wconf 92' lang='lat' dir='ltr'><strong>licite</strong></span> <span class='ocrx_word' id='word_1_113' title='bbox 1073 1523 1512 1595; x_wconf 78' lang='lat' dir='ltr'><strong>ingrediebantur</strong></span> <span class='ocrx_word' id='word_1_114' title='bbox 1524 1521 1765 1593; x_wconf 88' lang='lat' dir='ltr'><strong>quotidie</strong></span> <span class='ocrx_word' id='word_1_115' title='bbox 1787 1522 2115 1586; x_wconf 79' lang='lat' dir='ltr'><strong>sacerdotes,</strong></span> 
     </span>
    </p>
   </div>
   <div class='ocr_carea' id='block_1_16' title="bbox 532 1613 2115 1693">
    <p class='ocr_par' dir='ltr' id='par_1_16' title="bbox 532 1613 2115 1693">
     <span class='ocr_line' id='line_1_16' title="bbox 532 1613 2115 1693; baseline -0.006 -17"><span class='ocrx_word' id='word_1_116' title='bbox 532 1629 589 1676; x_wconf 90' lang='lat' dir='ltr'><strong>et</strong></span> <span class='ocrx_word' id='word_1_117' title='bbox 626 1618 820 1693; x_wconf 82' lang='lat' dir='ltr'><strong>reliqui</strong></span> <span class='ocrx_word' id='word_1_118' title='bbox 851 1615 1118 1693; x_wconf 87' lang='lat' dir='ltr'><strong>ministri;</strong></span> <span class='ocrx_word' id='word_1_119' title='bbox 1161 1614 1458 1671; x_wconf 88' lang='lat' dir='ltr'><strong>secundum</strong></span> <span class='ocrx_word' id='word_1_120' title='bbox 1487 1623 1669 1668; x_wconf 88' lang='lat' dir='ltr'><strong>autem</strong></span> <span class='ocrx_word' id='word_1_121' title='bbox 1710 1613 2115 1691; x_wconf 82' lang='lat' dir='ltr'><strong>tabernaculum</strong></span> 
     </span>
    </p>
   </div>
   <div class='ocr_carea' id='block_1_17' title="bbox 532 1692 2114 1779">
    <p class='ocr_par' dir='ltr' id='par_1_17' title="bbox 532 1692 2114 1779">
     <span class='ocr_line' id='line_1_17' title="bbox 532 1692 2114 1779; baseline -0.006 -14"><span class='ocrx_word' id='word_1_122' title='bbox 532 1711 649 1767; x_wconf 87' lang='lat' dir='ltr'><strong>vult</strong></span> <span class='ocrx_word' id='word_1_123' title='bbox 675 1692 901 1779; x_wconf 72' lang='lat' dir='ltr'><strong>intelligi</strong></span> <span class='ocrx_word' id='word_1_124' title='bbox 934 1706 1134 1762; x_wconf 89' lang='lat' dir='ltr'><strong>Sancta</strong></span> <span class='ocrx_word' id='word_1_125' title='bbox 1164 1714 1501 1770; x_wconf 89' lang='lat' dir='ltr'><strong>sanctorum,</strong></span> <span class='ocrx_word' id='word_1_126' title='bbox 1532 1703 1677 1758; x_wconf 91' lang='lat' dir='ltr'><strong>illam</strong></span> <span class='ocrx_word' id='word_1_127' title='bbox 1707 1702 1960 1758; x_wconf 77' lang='lat' dir='ltr'><strong>videlicet</strong></span> <span class='ocrx_word' id='word_1_128' title='bbox 1986 1717 2114 1772; x_wconf 87' lang='lat' dir='ltr'><strong>par-</strong></span> 
     </span>
    </p>
   </div>
   <div class='ocr_carea' id='block_1_18' title="bbox 531 1784 2113 1871">
    <p class='ocr_par' dir='ltr' id='par_1_18' title="bbox 531 1784 2113 1871">
     <span class='ocr_line' id='line_1_18' title="bbox 531 1784 2113 1871; baseline -0.007 -13"><span class='ocrx_word' id='word_1_129' title='bbox 531 1814 641 1859; x_wconf 90' lang='lat' dir='ltr'><strong>tem</strong></span> <span class='ocrx_word' id='word_1_130' title='bbox 687 1784 867 1871; x_wconf 85' lang='lat' dir='ltr'><strong>templi</strong></span> <span class='ocrx_word' id='word_1_131' title='bbox 907 1812 1028 1867; x_wconf 65' lang='lat' dir='ltr'><strong>quae</strong></span> <span class='ocrx_word' id='word_1_132' title='bbox 1063 1796 1401 1871; x_wconf 78' lang='lat' dir='ltr'><strong>dividebatur</strong></span> <span class='ocrx_word' id='word_1_133' title='bbox 1434 1794 1641 1865; x_wconf 85' lang='lat' dir='ltr'><strong>pariete</strong></span> <span class='ocrx_word' id='word_1_134' title='bbox 1675 1793 1864 1865; x_wconf 77' lang='lat' dir='ltr'><strong>viginti</strong></span> <span class='ocrx_word' id='word_1_135' title='bbox 1902 1792 2113 1849; x_wconf 87' lang='lat' dir='ltr'><strong>cubito-</strong></span> 
     </span>
    </p>
   </div>
   <div class='ocr_carea' id='block_1_19' title="bbox 2222 616 3835 692">
    <p class='ocr_par' dir='ltr' id='par_1_19' title="bbox 2222 616 3835 692">
     <span class='ocr_line' id='line_1_19' title="bbox 2222 616 3835 692; baseline 0.004 -22"><span class='ocrx_word' id='word_1_136' title='bbox 2222 616 2461 686; x_wconf 78' lang='lat' dir='ltr'><strong>pontifex</strong></span> <span class='ocrx_word' id='word_1_137' title='bbox 2507 633 2629 674; x_wconf 92' lang='lat' dir='ltr'><strong>cum</strong></span> <span class='ocrx_word' id='word_1_138' title='bbox 2673 620 2936 690; x_wconf 78' lang='lat' dir='ltr'><strong>sanguine</strong></span> <span class='ocrx_word' id='word_1_139' title='bbox 2971 620 3243 690; x_wconf 86' lang='lat' dir='ltr'><strong>passionis</strong></span> <span class='ocrx_word' id='word_1_140' title='bbox 3281 636 3409 685; x_wconf 79' lang='lat' dir='ltr'><strong>suae,</strong></span> <span class='ocrx_word' id='word_1_141' title='bbox 3453 621 3657 677; x_wconf 81' lang='lat' dir='ltr'><strong>eadem</strong></span> <span class='ocrx_word' id='word_1_142' title='bbox 3702 638 3835 692; x_wconf 79' lang='lat' dir='ltr'><strong>pas-</strong></span> 
     </span>
    </p>
   </div>
   <div class='ocr_carea' id='block_1_20' title="bbox 2222 707 3833 781">
    <p class='ocr_par' dir='ltr' id='par_1_20' title="bbox 2222 707 3833 781">
     <span class='ocr_line' id='line_1_20' title="bbox 2222 707 3833 781; baseline 0.002 -19"><span class='ocrx_word' id='word_1_143' title='bbox 2222 707 2374 762; x_wconf 88' lang='lat' dir='ltr'><strong>sione</strong></span> <span class='ocrx_word' id='word_1_144' title='bbox 2412 716 2653 776; x_wconf 87' lang='lat' dir='ltr'><strong>peraeta,</strong></span> <span class='ocrx_word' id='word_1_145' title='bbox 2681 717 2922 764; x_wconf 89' lang='lat' dir='ltr'><strong>reserato</strong></span> <span class='ocrx_word' id='word_1_146' title='bbox 2955 709 3117 774; x_wconf 62' lang='lat' dir='ltr'><strong>caelo,</strong></span> <span class='ocrx_word' id='word_1_147' title='bbox 3145 707 3344 764; x_wconf 86' lang='lat' dir='ltr'><strong>Sancta</strong></span> <span class='ocrx_word' id='word_1_148' title='bbox 3371 708 3704 765; x_wconf 81' lang='lat' dir='ltr'><strong>sanctorum</strong></span> <span class='ocrx_word' id='word_1_149' title='bbox 3740 725 3833 781; x_wconf 84' lang='lat' dir='ltr'><strong>pe-</strong></span> 
     </span>
    </p>
   </div>
   <div class='ocr_carea' id='block_1_21' title="bbox 2222 800 3829 875">
    <p class='ocr_par' dir='ltr' id='par_1_21' title="bbox 2222 800 3829 875">
     <span class='ocr_line' id='line_1_21' title="bbox 2222 800 3829 875; baseline 0.004 -22"><span class='ocrx_word' id='word_1_150' title='bbox 2222 801 2479 863; x_wconf 88' lang='lat' dir='ltr'><strong>netravit,</strong></span> <span class='ocrx_word' id='word_1_151' title='bbox 2509 800 2597 855; x_wconf 91' lang='lat' dir='ltr'><strong>ubi</strong></span> <span class='ocrx_word' id='word_1_152' title='bbox 2626 802 2843 857; x_wconf 82' lang='lat' dir='ltr'><strong>assidue</strong></span> <span class='ocrx_word' id='word_1_153' title='bbox 2867 800 3034 857; x_wconf 91' lang='lat' dir='ltr'><strong>Deum</strong></span> <span class='ocrx_word' id='word_1_154' title='bbox 3066 812 3273 873; x_wconf 89' lang='lat' dir='ltr'><strong>patrem</strong></span> <span class='ocrx_word' id='word_1_155' title='bbox 3299 813 3486 859; x_wconf 82' lang='lat' dir='ltr'><strong>exorat</strong></span> <span class='ocrx_word' id='word_1_156' title='bbox 3508 821 3619 875; x_wconf 88' lang='lat' dir='ltr'><strong>pro</strong></span> <span class='ocrx_word' id='word_1_157' title='bbox 3648 806 3829 861; x_wconf 83' lang='lat' dir='ltr'><strong>nobis.</strong></span> 
     </span>
    </p>
   </div>
   <div class='ocr_carea' id='block_1_22' title="bbox 2220 885 3830 961">
    <p class='ocr_par' dir='ltr' id='par_1_22' title="bbox 2220 885 3830 961">
     <span class='ocr_line' id='line_1_22' title="bbox 2220 885 3830 961; baseline 0.006 -21"><span class='ocrx_word' id='word_1_158' title='bbox 2220 885 2278 940; x_wconf 87' lang='lat' dir='ltr'><strong>In</strong></span> <span class='ocrx_word' id='word_1_159' title='bbox 2306 886 2505 942; x_wconf 85' lang='lat' dir='ltr'><strong>Sancta</strong></span> <span class='ocrx_word' id='word_1_160' title='bbox 2543 898 2854 944; x_wconf 90' lang='lat' dir='ltr'><strong>sanctorum</strong></span> <span class='ocrx_word' id='word_1_161' title='bbox 2894 899 3011 943; x_wconf 90' lang='lat' dir='ltr'><strong>erat</strong></span> <span class='ocrx_word' id='word_1_162' title='bbox 3039 889 3388 955; x_wconf 87' lang='lat' dir='ltr'><strong>thuribulum,</strong></span> <span class='ocrx_word' id='word_1_163' title='bbox 3412 891 3544 961; x_wconf 83' lang='lat' dir='ltr'><strong>quia</strong></span> <span class='ocrx_word' id='word_1_164' title='bbox 3569 890 3830 949; x_wconf 78' lang='lat' dir='ltr'><strong>Christus</strong></span> 
     </span>
    </p>
   </div>
   <div class='ocr_carea' id='block_1_23' title="bbox 2223 975 3830 1051">
    <p class='ocr_par' dir='ltr' id='par_1_23' title="bbox 2223 975 3830 1051">
     <span class='ocr_line' id='line_1_23' title="bbox 2223 975 3830 1051; baseline 0.004 -20"><span class='ocrx_word' id='word_1_165' title='bbox 2223 975 2274 1032; x_wconf 88' lang='lat' dir='ltr'><strong>in</strong></span> <span class='ocrx_word' id='word_1_166' title='bbox 2312 979 2535 1034; x_wconf 85' lang='lat' dir='ltr'><strong>secretis</strong></span> <span class='ocrx_word' id='word_1_167' title='bbox 2565 979 2757 1048; x_wconf 77' lang='lat' dir='ltr'><strong>patria:</strong></span> <span class='ocrx_word' id='word_1_168' title='bbox 2793 979 3034 1034; x_wconf 77' lang='lat' dir='ltr'><strong>ctelestis</strong></span> <span class='ocrx_word' id='word_1_169' title='bbox 3072 981 3322 1035; x_wconf 89' lang='lat' dir='ltr'><strong>consistit</strong></span> <span class='ocrx_word' id='word_1_170' title='bbox 3358 996 3459 1051; x_wconf 87' lang='lat' dir='ltr'><strong>per</strong></span> <span class='ocrx_word' id='word_1_171' title='bbox 3492 997 3673 1051; x_wconf 84' lang='lat' dir='ltr'><strong>quem</strong></span> <span class='ocrx_word' id='word_1_172' title='bbox 3710 998 3830 1037; x_wconf 85' lang='lat' dir='ltr'><strong>ora-</strong></span> 
     </span>
    </p>
   </div>
   <div class='ocr_carea' id='block_1_24' title="bbox 2220 1068 3828 1143">
    <p class='ocr_par' dir='ltr' id='par_1_24' title="bbox 2220 1068 3828 1143">
     <span class='ocr_line' id='line_1_24' title="bbox 2220 1068 3828 1143; baseline 0.004 -20"><span class='ocrx_word' id='word_1_173' title='bbox 2220 1068 2397 1125; x_wconf 88' lang='lat' dir='ltr'><strong>tiones</strong></span> <span class='ocrx_word' id='word_1_174' title='bbox 2447 1078 2662 1125; x_wconf 91' lang='lat' dir='ltr'><strong>nostras</strong></span> <span class='ocrx_word' id='word_1_175' title='bbox 2717 1069 2783 1125; x_wconf 92' lang='lat' dir='ltr'><strong>ad</strong></span> <span class='ocrx_word' id='word_1_176' title='bbox 2841 1070 3005 1126; x_wconf 87' lang='lat' dir='ltr'><strong>Deum</strong></span> <span class='ocrx_word' id='word_1_177' title='bbox 3059 1070 3272 1130; x_wconf 87' lang='lat' dir='ltr'><strong>Patrem</strong></span> <span class='ocrx_word' id='word_1_178' title='bbox 3316 1073 3637 1143; x_wconf 80' lang='lat' dir='ltr'><strong>dirigimus.</strong></span> <span class='ocrx_word' id='word_1_179' title='bbox 3689 1074 3828 1130; x_wconf 76' lang='lat' dir='ltr'><strong>Area</strong></span> 
     </span>
    </p>
   </div>
   <div class='ocr_carea' id='block_1_25' title="bbox 2221 1159 3830 1231">
    <p class='ocr_par' dir='ltr' id='par_1_25' title="bbox 2221 1159 3830 1231">
     <span class='ocr_line' id='line_1_25' title="bbox 2221 1159 3830 1231; baseline 0.004 -17"><span class='ocrx_word' id='word_1_180' title='bbox 2221 1159 2530 1215; x_wconf 81' lang='lat' dir='ltr'><strong>testamenti</strong></span> <span class='ocrx_word' id='word_1_181' title='bbox 2573 1161 2923 1216; x_wconf 89' lang='lat' dir='ltr'><strong>circumtecta</strong></span> <span class='ocrx_word' id='word_1_182' title='bbox 2969 1175 3035 1216; x_wconf 75' lang='lat' dir='ltr'><strong>ex</strong></span> <span class='ocrx_word' id='word_1_183' title='bbox 3082 1161 3230 1217; x_wconf 91' lang='lat' dir='ltr'><strong>omni</strong></span> <span class='ocrx_word' id='word_1_184' title='bbox 3270 1172 3423 1231; x_wconf 90' lang='lat' dir='ltr'><strong>parte</strong></span> <span class='ocrx_word' id='word_1_185' title='bbox 3469 1179 3659 1227; x_wconf 86' lang='lat' dir='ltr'><strong>auro,</strong></span> <span class='ocrx_word' id='word_1_186' title='bbox 3705 1180 3830 1220; x_wconf 77' lang='lat' dir='ltr'><strong>caro</strong></span> 
     </span>
    </p>
   </div>
   <div class='ocr_carea' id='block_1_26' title="bbox 2220 1249 3829 1321">
    <p class='ocr_par' dir='ltr' id='par_1_26' title="bbox 2220 1249 3829 1321">
     <span class='ocr_line' id='line_1_26' title="bbox 2220 1249 3829 1321; baseline 0.004 -17"><span class='ocrx_word' id='word_1_187' title='bbox 2220 1258 2303 1304; x_wconf 84' lang='lat' dir='ltr'><strong>est</strong></span> <span class='ocrx_word' id='word_1_188' title='bbox 2336 1249 2549 1304; x_wconf 86' lang='lat' dir='ltr'><strong>Domini</strong></span> <span class='ocrx_word' id='word_1_189' title='bbox 2579 1250 2755 1305; x_wconf 85' lang='lat' dir='ltr'><strong>nostri</strong></span> <span class='ocrx_word' id='word_1_190' title='bbox 2796 1249 3117 1317; x_wconf 90' lang='lat' dir='ltr'><strong>Salvatoris,</strong></span> <span class='ocrx_word' id='word_1_191' title='bbox 3144 1249 3235 1321; x_wconf 88' lang='lat' dir='ltr'><strong>qui</strong></span> <span class='ocrx_word' id='word_1_192' title='bbox 3264 1262 3457 1307; x_wconf 88' lang='lat' dir='ltr'><strong>auctor</strong></span> <span class='ocrx_word' id='word_1_193' title='bbox 3488 1262 3584 1308; x_wconf 72' lang='lat' dir='ltr'><strong>est</strong></span> <span class='ocrx_word' id='word_1_194' title='bbox 3626 1256 3829 1310; x_wconf 80' lang='lat' dir='ltr'><strong>utrius-</strong></span> 
     </span>
    </p>
   </div>
   <div class='ocr_carea' id='block_1_27' title="bbox 2220 1340 3826 1414">
    <p class='ocr_par' dir='ltr' id='par_1_27' title="bbox 2220 1340 3826 1414">
     <span class='ocr_line' id='line_1_27' title="bbox 2220 1340 3826 1414; baseline 0.005 -20"><span class='ocrx_word' id='word_1_195' title='bbox 2220 1357 2325 1411; x_wconf 89' lang='lat' dir='ltr'><strong>que</strong></span> <span class='ocrx_word' id='word_1_196' title='bbox 2367 1341 2713 1405; x_wconf 84' lang='lat' dir='ltr'><strong>testamenti.</strong></span> <span class='ocrx_word' id='word_1_197' title='bbox 2762 1350 2818 1398; x_wconf 89' lang='lat' dir='ltr'><strong>et</strong></span> <span class='ocrx_word' id='word_1_198' title='bbox 2859 1341 2950 1413; x_wconf 91' lang='lat' dir='ltr'><strong>qui</strong></span> <span class='ocrx_word' id='word_1_199' title='bbox 2995 1340 3224 1398; x_wconf 77' lang='lat' dir='ltr'><strong>intei&#39;ius</strong></span> <span class='ocrx_word' id='word_1_200' title='bbox 3271 1341 3464 1414; x_wconf 90' lang='lat' dir='ltr'><strong>plenus</strong></span> <span class='ocrx_word' id='word_1_201' title='bbox 3506 1354 3642 1400; x_wconf 85' lang='lat' dir='ltr'><strong>erat</strong></span> <span class='ocrx_word' id='word_1_202' title='bbox 3684 1346 3826 1402; x_wconf 73' lang='lat' dir='ltr'><strong>Divi-</strong></span> 
     </span>
    </p>
   </div>
   <div class='ocr_carea' id='block_1_28' title="bbox 2218 1429 3821 1504">
    <p class='ocr_par' dir='ltr' id='par_1_28' title="bbox 2218 1429 3821 1504">
     <span class='ocr_line' id='line_1_28' title="bbox 2218 1429 3821 1504; baseline 0.005 -19"><span class='ocrx_word' id='word_1_203' title='bbox 2218 1429 2421 1497; x_wconf 90' lang='lat' dir='ltr'><strong>nitate,</strong></span> <span class='ocrx_word' id='word_1_204' title='bbox 2461 1440 2517 1488; x_wconf 92' lang='lat' dir='ltr'><strong>et</strong></span> <span class='ocrx_word' id='word_1_205' title='bbox 2555 1431 2792 1488; x_wconf 81' lang='lat' dir='ltr'><strong>exterius</strong></span> <span class='ocrx_word' id='word_1_206' title='bbox 2830 1431 3129 1504; x_wconf 78' lang='lat' dir='ltr'><strong>refulgebat</strong></span> <span class='ocrx_word' id='word_1_207' title='bbox 3170 1434 3369 1490; x_wconf 84' lang='lat' dir='ltr'><strong>virtute</strong></span> <span class='ocrx_word' id='word_1_208' title='bbox 3414 1434 3821 1493; x_wconf 82' lang='lat' dir='ltr'><strong>miraculorum</strong></span> 
     </span>
    </p>
   </div>
   <div class='ocr_carea' id='block_1_29' title="bbox 2216 1521 3818 1594">
    <p class='ocr_par' dir='ltr' id='par_1_29' title="bbox 2216 1521 3818 1594">
     <span class='ocr_line' id='line_1_29' title="bbox 2216 1521 3818 1594; baseline 0.002 -18"><span class='ocrx_word' id='word_1_209' title='bbox 2216 1523 2615 1594; x_wconf 83' lang='lat' dir='ltr'><strong>verborumque</strong></span> <span class='ocrx_word' id='word_1_210' title='bbox 2656 1521 2980 1578; x_wconf 62' lang='lat' dir='ltr'><strong>caelestium.</strong></span> <span class='ocrx_word' id='word_1_211' title='bbox 3030 1523 3087 1578; x_wconf 86' lang='lat' dir='ltr'><strong>in</strong></span> <span class='ocrx_word' id='word_1_212' title='bbox 3135 1539 3266 1578; x_wconf 88' lang='lat' dir='ltr'><strong>auro</strong></span> <span class='ocrx_word' id='word_1_213' title='bbox 3312 1524 3461 1579; x_wconf 87' lang='lat' dir='ltr'><strong>enim</strong></span> <span class='ocrx_word' id='word_1_214' title='bbox 3508 1525 3662 1579; x_wconf 86' lang='lat' dir='ltr'><strong>solet</strong></span> <span class='ocrx_word' id='word_1_215' title='bbox 3711 1526 3818 1580; x_wconf 86' lang='lat' dir='ltr'><strong>cla-</strong></span> 
     </span>
    </p>
   </div>
   <div class='ocr_carea' id='block_1_30' title="bbox 2219 1612 3816 1686">
    <p class='ocr_par' dir='ltr' id='par_1_30' title="bbox 2219 1612 3816 1686">
     <span class='ocr_line' id='line_1_30' title="bbox 2219 1612 3816 1686; baseline 0.004 -21"><span class='ocrx_word' id='word_1_216' title='bbox 2219 1613 2349 1668; x_wconf 80' lang='lat' dir='ltr'><strong>ritas</strong></span> <span class='ocrx_word' id='word_1_217' title='bbox 2401 1612 2669 1669; x_wconf 85' lang='lat' dir='ltr'><strong>sermonis</strong></span> <span class='ocrx_word' id='word_1_218' title='bbox 2721 1613 3030 1685; x_wconf 83' lang='lat' dir='ltr'><strong>designari,</strong></span> <span class='ocrx_word' id='word_1_219' title='bbox 3095 1613 3236 1669; x_wconf 88' lang='lat' dir='ltr'><strong>sicut</strong></span> <span class='ocrx_word' id='word_1_220' title='bbox 3292 1614 3589 1686; x_wconf 84' lang='lat' dir='ltr'><strong>Sapientia</strong></span> <span class='ocrx_word' id='word_1_221' title='bbox 3650 1617 3816 1672; x_wconf 84' lang='lat' dir='ltr'><strong>dicit:</strong></span> 
     </span>
    </p>
   </div>
   <div class='ocr_carea' id='block_1_31' title="bbox 2215 1702 3814 1776">
    <p class='ocr_par' dir='ltr' id='par_1_31' title="bbox 2215 1702 3814 1776">
     <span class='ocr_line' id='line_1_31' title="bbox 2215 1702 3814 1776; baseline 0.004 -17"><span class='ocrx_word' id='word_1_222' title='bbox 2215 1702 2549 1776; x_wconf 83' lang='lat' dir='ltr'><strong>Concupisce</strong></span> <span class='ocrx_word' id='word_1_223' title='bbox 2596 1705 2920 1775; x_wconf 85' lang='lat' dir='ltr'><strong>sapientiam</strong></span> <span class='ocrx_word' id='word_1_224' title='bbox 2972 1704 3111 1760; x_wconf 88' lang='lat' dir='ltr'><strong>sicut</strong></span> <span class='ocrx_word' id='word_1_225' title='bbox 3161 1721 3371 1760; x_wconf 90' lang='lat' dir='ltr'><strong>aurum.</strong></span> <span class='ocrx_word' id='word_1_226' title='bbox 3442 1706 3608 1763; x_wconf 80' lang='lat' dir='ltr'><strong>Urna</strong></span> <span class='ocrx_word' id='word_1_227' title='bbox 3660 1724 3814 1765; x_wconf 76' lang='lat' dir='ltr'><strong>aurea</strong></span> 
     </span>
    </p>
   </div>
   <div class='ocr_carea' id='block_1_32' title="bbox 2216 1795 3805 1867">
    <p class='ocr_par' dir='ltr' id='par_1_32' title="bbox 2216 1795 3805 1867">
     <span class='ocr_line' id='line_1_32' title="bbox 2216 1795 3805 1867; baseline 0.003 -18"><span class='ocrx_word' id='word_1_228' title='bbox 2216 1795 2423 1850; x_wconf 83' lang='lat' dir='ltr'><strong>habens</strong></span> <span class='ocrx_word' id='word_1_229' title='bbox 2461 1810 2677 1860; x_wconf 89' lang='lat' dir='ltr'><strong>manna,</strong></span> <span class='ocrx_word' id='word_1_230' title='bbox 2726 1795 2978 1852; x_wconf 86' lang='lat' dir='ltr'><strong>Christus</strong></span> <span class='ocrx_word' id='word_1_231' title='bbox 3021 1805 3122 1862; x_wconf 90' lang='lat' dir='ltr'><strong>est,</strong></span> <span class='ocrx_word' id='word_1_232' title='bbox 3167 1796 3220 1852; x_wconf 89' lang='lat' dir='ltr'><strong>in</strong></span> <span class='ocrx_word' id='word_1_233' title='bbox 3264 1813 3373 1867; x_wconf 91' lang='lat' dir='ltr'><strong>quo</strong></span> <span class='ocrx_word' id='word_1_234' title='bbox 3421 1814 3641 1854; x_wconf 85' lang='lat' dir='ltr'><strong>manna</strong></span> <span class='ocrx_word' id='word_1_235' title='bbox 3668 1799 3805 1854; x_wconf 83' lang='lat' dir='ltr'><strong>Diri-</strong></span> 
     </span>
    </p>
   </div>
   <div class='ocr_carea' id='block_1_33' title="bbox 524 1880 3809 1969">
    <p class='ocr_par' dir='ltr' id='par_1_33' title="bbox 524 1880 3809 1969">
     <span class='ocr_line' id='line_1_33' title="bbox 524 1880 3809 1969; baseline -0.001 -20"><span class='ocrx_word' id='word_1_236' title='bbox 524 1908 648 1949; x_wconf 86' lang='lat' dir='ltr'><strong>rum</strong></span> <span class='ocrx_word' id='word_1_237' title='bbox 684 1899 740 1946; x_wconf 95' lang='lat' dir='ltr'><strong>et</strong></span> <span class='ocrx_word' id='word_1_238' title='bbox 771 1889 909 1969; x_wconf 84' lang='lat' dir='ltr'><strong>velo,</strong></span> <span class='ocrx_word' id='word_1_239' title='bbox 947 1887 1090 1958; x_wconf 88' lang='lat' dir='ltr'><strong>quod</strong></span> <span class='ocrx_word' id='word_1_240' title='bbox 1126 1884 1394 1956; x_wconf 86' lang='lat' dir='ltr'><strong>pendebat</strong></span> <span class='ocrx_word' id='word_1_241' title='bbox 1431 1892 1558 1939; x_wconf 87' lang='lat' dir='ltr'><strong>ante</strong></span> <span class='ocrx_word' id='word_1_242' title='bbox 1599 1883 1863 1954; x_wconf 88' lang='lat' dir='ltr'><strong>parietem</strong></span> <span class='ocrx_word' id='word_1_243' title='bbox 1904 1882 1993 1938; x_wconf 91' lang='lat' dir='ltr'><strong>ubi</strong></span> <span class='ocrx_word' id='word_1_244' title='bbox 2030 1883 2111 1937; x_wconf 91' lang='lat' dir='ltr'><strong>in-</strong></span> <span class='ocrx_word' id='word_1_245' title='bbox 2141 1881 2186 1940; x_wconf 89' lang='lat' dir='ltr'><strong><em>B</em></strong></span> <span class='ocrx_word' id='word_1_246' title='bbox 2213 1880 2396 1940; x_wconf 90' lang='lat' dir='ltr'><strong>uitatis</strong></span> <span class='ocrx_word' id='word_1_247' title='bbox 2431 1894 2536 1950; x_wconf 90' lang='lat' dir='ltr'><strong>est,</strong></span> <span class='ocrx_word' id='word_1_248' title='bbox 2575 1884 2669 1955; x_wconf 90' lang='lat' dir='ltr'><strong>qui</strong></span> <span class='ocrx_word' id='word_1_249' title='bbox 2709 1884 2882 1940; x_wconf 88' lang='lat' dir='ltr'><strong>dixit:</strong></span> <span class='ocrx_word' id='word_1_250' title='bbox 2920 1883 3036 1958; x_wconf 84' lang='lat' dir='ltr'><strong>Ego</strong></span> <span class='ocrx_word' id='word_1_251' title='bbox 3076 1902 3191 1941; x_wconf 87' lang='lat' dir='ltr'><strong>sum</strong></span> <span class='ocrx_word' id='word_1_252' title='bbox 3235 1890 3389 1959; x_wconf 86' lang='lat' dir='ltr'><strong>panis</strong></span> <span class='ocrx_word' id='word_1_253' title='bbox 3427 1890 3588 1944; x_wconf 74' lang='lat' dir='ltr'><strong>rivus</strong></span> <span class='ocrx_word' id='word_1_254' title='bbox 3634 1894 3722 1962; x_wconf 70' lang='lat' dir='ltr'><strong>qui</strong></span> <span class='ocrx_word' id='word_1_255' title='bbox 3750 1892 3809 1948; x_wconf 75' lang='lat' dir='ltr'><strong>de</strong></span> 
     </span>
    </p>
   </div>
   <div class='ocr_carea' id='block_1_34' title="bbox 526 1970 2108 2050">
    <p class='ocr_par' dir='ltr' id='par_1_34' title="bbox 526 1970 2108 2050">
     <span class='ocr_line' id='line_1_34' title="bbox 526 1970 2108 2050; baseline -0.003 -13"><span class='ocrx_word' id='word_1_256' title='bbox 526 1984 797 2040; x_wconf 88' lang='lat' dir='ltr'><strong>trinsecus</strong></span> <span class='ocrx_word' id='word_1_257' title='bbox 837 1990 956 2036; x_wconf 88' lang='lat' dir='ltr'><strong>erat</strong></span> <span class='ocrx_word' id='word_1_258' title='bbox 997 1994 1123 2033; x_wconf 85' lang='lat' dir='ltr'><strong>arca</strong></span> <span class='ocrx_word' id='word_1_259' title='bbox 1160 1976 1352 2050; x_wconf 80' lang='lat' dir='ltr'><strong>Moysi,</strong></span> <span class='ocrx_word' id='word_1_260' title='bbox 1390 1970 1675 2032; x_wconf 83' lang='lat' dir='ltr'><strong>continens</strong></span> <span class='ocrx_word' id='word_1_261' title='bbox 1711 1975 1766 2030; x_wconf 87' lang='lat' dir='ltr'><strong>in</strong></span> <span class='ocrx_word' id='word_1_262' title='bbox 1805 1988 1865 2030; x_wconf 89' lang='lat' dir='ltr'><strong>se</strong></span> <span class='ocrx_word' id='word_1_263' title='bbox 1902 1975 2108 2032; x_wconf 88' lang='lat' dir='ltr'><strong>tabulas</strong></span> 
     </span>
    </p>
   </div>
   <div class='ocr_carea' id='block_1_35' title="bbox 526 2058 2105 2142">
    <p class='ocr_par' dir='ltr' id='par_1_35' title="bbox 526 2058 2105 2142">
     <span class='ocr_line' id='line_1_35' title="bbox 526 2058 2105 2142; baseline -0.003 -14"><span class='ocrx_word' id='word_1_264' title='bbox 526 2058 673 2142; x_wconf 81' lang='lat' dir='ltr'><strong>legis</strong></span> <span class='ocrx_word' id='word_1_265' title='bbox 704 2081 760 2130; x_wconf 91' lang='lat' dir='ltr'><strong>et</strong></span> <span class='ocrx_word' id='word_1_266' title='bbox 794 2058 993 2128; x_wconf 84' lang='lat' dir='ltr'><strong>urnam</strong></span> <span class='ocrx_word' id='word_1_267' title='bbox 1034 2084 1277 2133; x_wconf 89' lang='lat' dir='ltr'><strong>auream,</strong></span> <span class='ocrx_word' id='word_1_268' title='bbox 1307 2069 1361 2123; x_wconf 91' lang='lat' dir='ltr'><strong>in</strong></span> <span class='ocrx_word' id='word_1_269' title='bbox 1398 2082 1505 2138; x_wconf 87' lang='lat' dir='ltr'><strong>qua</strong></span> <span class='ocrx_word' id='word_1_270' title='bbox 1545 2075 1662 2122; x_wconf 89' lang='lat' dir='ltr'><strong>erat</strong></span> <span class='ocrx_word' id='word_1_271' title='bbox 1703 2083 1928 2134; x_wconf 88' lang='lat' dir='ltr'><strong>manna,</strong></span> <span class='ocrx_word' id='word_1_272' title='bbox 1956 2069 2105 2139; x_wconf 81' lang='lat' dir='ltr'><strong>virga</strong></span> 
     </span>
    </p>
   </div>
   <div class='ocr_carea' id='block_1_36' title="bbox 515 2161 2105 2239">
    <p class='ocr_par' dir='ltr' id='par_1_36' title="bbox 515 2161 2105 2239">
     <span class='ocr_line' id='line_1_36' title="bbox 515 2161 2105 2239; baseline -0.003 -18"><span class='ocrx_word' id='word_1_273' title='bbox 515 2181 739 2236; x_wconf 75' lang='lat' dir='ltr'><strong>quoque</strong></span> <span class='ocrx_word' id='word_1_274' title='bbox 788 2165 969 2239; x_wconf 81' lang='lat' dir='ltr'><strong>Aaron</strong></span> <span class='ocrx_word' id='word_1_275' title='bbox 1016 2177 1136 2232; x_wconf 83' lang='lat' dir='ltr'><strong>quae</strong></span> <span class='ocrx_word' id='word_1_276' title='bbox 1180 2161 1517 2239; x_wconf 84' lang='lat' dir='ltr'><strong>fronduerat.</strong></span> <span class='ocrx_word' id='word_1_277' title='bbox 1580 2161 1701 2233; x_wconf 83' lang='lat' dir='ltr'><strong>ipsa</strong></span> <span class='ocrx_word' id='word_1_278' title='bbox 1748 2171 1929 2217; x_wconf 86' lang='lat' dir='ltr'><strong>autem</strong></span> <span class='ocrx_word' id='word_1_279' title='bbox 1977 2178 2105 2218; x_wconf 88' lang='lat' dir='ltr'><strong>area</strong></span> 
     </span>
    </p>
   </div>
   <div class='ocr_carea' id='block_1_37' title="bbox 514 2238 2114 2326">
    <p class='ocr_par' dir='ltr' id='par_1_37' title="bbox 514 2238 2114 2326">
     <span class='ocr_line' id='line_1_37' title="bbox 514 2238 2114 2326; baseline -0.001 -15"><span class='ocrx_word' id='word_1_280' title='bbox 514 2258 686 2326; x_wconf 81' lang='lat' dir='ltr'><strong>plano</strong></span> <span class='ocrx_word' id='word_1_281' title='bbox 738 2256 1015 2311; x_wconf 85' lang='lat' dir='ltr'><strong>schemate</strong></span> <span class='ocrx_word' id='word_1_282' title='bbox 1061 2262 1179 2309; x_wconf 90' lang='lat' dir='ltr'><strong>erat</strong></span> <span class='ocrx_word' id='word_1_283' title='bbox 1221 2238 1400 2318; x_wconf 86' lang='lat' dir='ltr'><strong>facta,</strong></span> <span class='ocrx_word' id='word_1_284' title='bbox 1458 2253 1687 2324; x_wconf 87' lang='lat' dir='ltr'><strong>ideoque</strong></span> <span class='ocrx_word' id='word_1_285' title='bbox 1732 2268 1895 2323; x_wconf 86' lang='lat' dir='ltr'><strong>super</strong></span> <span class='ocrx_word' id='word_1_286' title='bbox 1933 2238 2114 2325; x_wconf 80' lang='lat' dir='ltr'><strong>ipsattt</strong></span> 
     </span>
    </p>
   </div>
   <div class='ocr_carea' id='block_1_38' title="bbox 522 2331 2104 2415">
    <p class='ocr_par' dir='ltr' id='par_1_38' title="bbox 522 2331 2104 2415">
     <span class='ocr_line' id='line_1_38' title="bbox 522 2331 2104 2415; baseline -0.004 -13"><span class='ocrx_word' id='word_1_287' title='bbox 522 2331 651 2402; x_wconf 23' lang='lat' dir='ltr'><strong>erat.</strong></span> <span class='ocrx_word' id='word_1_288' title='bbox 685 2346 865 2402; x_wconf 89' lang='lat' dir='ltr'><strong>tabula</strong></span> <span class='ocrx_word' id='word_1_289' title='bbox 908 2360 1072 2400; x_wconf 87' lang='lat' dir='ltr'><strong>aurea</strong></span> <span class='ocrx_word' id='word_1_290' title='bbox 1094 2359 1214 2415; x_wconf 81' lang='lat' dir='ltr'><strong>quae</strong></span> <span class='ocrx_word' id='word_1_291' title='bbox 1251 2336 1623 2415; x_wconf 84' lang='lat' dir='ltr'><strong>appellabatur</strong></span> <span class='ocrx_word' id='word_1_292' title='bbox 1648 2342 2104 2413; x_wconf 88' lang='lat' dir='ltr'><strong>propitiatorium,</strong></span> 
     </span>
    </p>
   </div>
   <div class='ocr_carea' id='block_1_39' title="bbox 505 2420 2115 2512">
    <p class='ocr_par' dir='ltr' id='par_1_39' title="bbox 505 2420 2115 2512">
     <span class='ocr_line' id='line_1_39' title="bbox 505 2420 2115 2512; baseline -0.005 -15"><span class='ocrx_word' id='word_1_293' title='bbox 505 2455 588 2497; x_wconf 67' lang='grc' dir='ltr'><strong>τα)</strong></span> <span class='ocrx_word' id='word_1_294' title='bbox 627 2441 769 2512; x_wconf 89' lang='lat' dir='ltr'><strong>quod</strong></span> <span class='ocrx_word' id='word_1_295' title='bbox 807 2439 931 2495; x_wconf 90' lang='lat' dir='ltr'><strong>inde</strong></span> <span class='ocrx_word' id='word_1_296' title='bbox 971 2439 1285 2508; x_wconf 84' lang='lat' dir='ltr'><strong>loqueretur</strong></span> <span class='ocrx_word' id='word_1_297' title='bbox 1323 2435 1584 2493; x_wconf 88' lang='lat' dir='ltr'><strong>Dominus</strong></span> <span class='ocrx_word' id='word_1_298' title='bbox 1622 2434 1788 2506; x_wconf 79' lang='lat' dir='ltr'><strong>Moysi</strong></span> <span class='ocrx_word' id='word_1_299' title='bbox 1834 2444 1888 2490; x_wconf 90' lang='lat' dir='ltr'><strong>et</strong></span> <span class='ocrx_word' id='word_1_300' title='bbox 1932 2420 2115 2491; x_wconf 38' lang='lat' dir='ltr'><strong>sacer:</strong></span> 
     </span>
    </p>
   </div>
   <div class='ocr_carea' id='block_1_40' title="bbox 508 2526 2102 2602">
    <p class='ocr_par' dir='ltr' id='par_1_40' title="bbox 508 2526 2102 2602">
     <span class='ocr_line' id='line_1_40' title="bbox 508 2526 2102 2602; baseline -0.004 -14"><span class='ocrx_word' id='word_1_301' title='bbox 508 2532 757 2597; x_wconf 74' lang='lat' dir='ltr'><strong>dotibus,</strong></span> <span class='ocrx_word' id='word_1_302' title='bbox 799 2540 855 2587; x_wconf 92' lang='lat' dir='ltr'><strong>et</strong></span> <span class='ocrx_word' id='word_1_303' title='bbox 893 2545 1055 2602; x_wconf 89' lang='lat' dir='ltr'><strong>super</strong></span> <span class='ocrx_word' id='word_1_304' title='bbox 1098 2530 1269 2599; x_wconf 88' lang='lat' dir='ltr'><strong>ipsam</strong></span> <span class='ocrx_word' id='word_1_305' title='bbox 1312 2542 1493 2583; x_wconf 91' lang='lat' dir='ltr'><strong>arcam</strong></span> <span class='ocrx_word' id='word_1_306' title='bbox 1522 2537 1677 2582; x_wconf 89' lang='lat' dir='ltr'><strong>erant</strong></span> <span class='ocrx_word' id='word_1_307' title='bbox 1707 2528 1813 2582; x_wconf 93' lang='lat' dir='ltr'><strong>duo</strong></span> <span class='ocrx_word' id='word_1_308' title='bbox 1841 2526 2102 2582; x_wconf 85' lang='lat' dir='ltr'><strong>cherubin</strong></span> 
     </span>
    </p>
   </div>
   <div class='ocr_carea' id='block_1_41' title="bbox 522 2618 2102 2697">
    <p class='ocr_par' dir='ltr' id='par_1_41' title="bbox 522 2618 2102 2697">
     <span class='ocr_line' id='line_1_41' title="bbox 522 2618 2102 2697; baseline -0.006 -16"><span class='ocrx_word' id='word_1_309' title='bbox 522 2640 642 2697; x_wconf 61' lang='lat' dir='ltr'><strong>qua:</strong></span> <span class='ocrx_word' id='word_1_310' title='bbox 684 2624 786 2680; x_wconf 90' lang='lat' dir='ltr'><strong>alis</strong></span> <span class='ocrx_word' id='word_1_311' title='bbox 827 2623 943 2680; x_wconf 84' lang='lat' dir='ltr'><strong>suis</strong></span> <span class='ocrx_word' id='word_1_312' title='bbox 980 2620 1379 2678; x_wconf 82' lang='lat' dir='ltr'><strong>obumbrabant</strong></span> <span class='ocrx_word' id='word_1_313' title='bbox 1421 2618 1659 2674; x_wconf 90' lang='lat' dir='ltr'><strong>tabulam</strong></span> <span class='ocrx_word' id='word_1_314' title='bbox 1703 2618 2061 2689; x_wconf 86' lang='lat' dir='ltr'><strong>propitiatorii</strong></span> <span class='ocrx_word' id='word_1_315' title='bbox 2087 2658 2102 2683; x_wconf 91' lang='lat'><strong>,</strong></span> 
     </span>
    </p>
   </div>
   <div class='ocr_carea' id='block_1_42' title="bbox 521 2706 2103 2786">
    <p class='ocr_par' dir='ltr' id='par_1_42' title="bbox 521 2706 2103 2786">
     <span class='ocr_line' id='line_1_42' title="bbox 521 2706 2103 2786; baseline -0.008 -15"><span class='ocrx_word' id='word_1_316' title='bbox 521 2712 804 2786; x_wconf 71' lang='lat' dir='ltr'><strong>versisque</strong></span> <span class='ocrx_word' id='word_1_317' title='bbox 845 2712 1083 2769; x_wconf 74' lang='lat' dir='ltr'><strong>vultibus</strong></span> <span class='ocrx_word' id='word_1_318' title='bbox 1129 2708 1491 2779; x_wconf 88' lang='lat' dir='ltr'><strong>respiciebant</strong></span> <span class='ocrx_word' id='word_1_319' title='bbox 1539 2707 1595 2762; x_wconf 90' lang='lat' dir='ltr'><strong>in</strong></span> <span class='ocrx_word' id='word_1_320' title='bbox 1645 2706 2103 2778; x_wconf 83' lang='lat' dir='ltr'><strong>propitiatorium,</strong></span> 
     </span>
    </p>
   </div>
   <div class='ocr_carea' id='block_1_43' title="bbox 525 2798 2103 2868">
    <p class='ocr_par' dir='ltr' id='par_1_43' title="bbox 525 2798 2103 2868">
     <span class='ocr_line' id='line_1_43' title="bbox 525 2798 2103 2868; baseline -0.01 0"><span class='ocrx_word' id='word_1_321' title='bbox 525 2814 585 2868; x_wconf 83' lang='lat' dir='ltr'><strong>in</strong></span> <span class='ocrx_word' id='word_1_322' title='bbox 618 2811 761 2867; x_wconf 87' lang='lat' dir='ltr'><strong>istud</strong></span> <span class='ocrx_word' id='word_1_323' title='bbox 794 2807 1090 2864; x_wconf 88' lang='lat' dir='ltr'><strong>secundum</strong></span> <span class='ocrx_word' id='word_1_324' title='bbox 1148 2801 1590 2868; x_wconf 84' lang='lat' dir='ltr'><strong>tabernaculum,</strong></span> <span class='ocrx_word' id='word_1_325' title='bbox 1638 2800 1740 2856; x_wconf 90' lang='lat' dir='ltr'><strong>hoc</strong></span> <span class='ocrx_word' id='word_1_326' title='bbox 1779 2808 1862 2856; x_wconf 89' lang='lat' dir='ltr'><strong>est</strong></span> <span class='ocrx_word' id='word_1_327' title='bbox 1907 2798 2103 2854; x_wconf 88' lang='lat' dir='ltr'><strong>Sancta</strong></span> 
     </span>
    </p>
   </div>
   <div class='ocr_carea' id='block_1_44' title="bbox 518 2890 2105 2969">
    <p class='ocr_par' dir='ltr' id='par_1_44' title="bbox 518 2890 2105 2969">
     <span class='ocr_line' id='line_1_44' title="bbox 518 2890 2105 2969; baseline -0.011 -6"><span class='ocrx_word' id='word_1_328' title='bbox 518 2913 1039 2968; x_wconf 81' lang='lat' dir='ltr'><strong>sanctorum,nemo</strong></span> <span class='ocrx_word' id='word_1_329' title='bbox 1075 2896 1284 2969; x_wconf 75' lang='lat' dir='ltr'><strong>ingredi</strong></span> <span class='ocrx_word' id='word_1_330' title='bbox 1321 2894 1572 2960; x_wconf 90' lang='lat' dir='ltr'><strong>audebat,</strong></span> <span class='ocrx_word' id='word_1_331' title='bbox 1610 2891 1714 2948; x_wconf 91' lang='lat' dir='ltr'><strong>nisi</strong></span> <span class='ocrx_word' id='word_1_332' title='bbox 1748 2892 1896 2948; x_wconf 80' lang='lat' dir='ltr'><strong>solus</strong></span> <span class='ocrx_word' id='word_1_333' title='bbox 1928 2890 2105 2962; x_wconf 88' lang='lat' dir='ltr'><strong>ponti-</strong></span> 
     </span>
    </p>
   </div>
   <div class='ocr_carea' id='block_1_45' title="bbox 517 2981 2104 3060">
    <p class='ocr_par' dir='ltr' id='par_1_45' title="bbox 517 2981 2104 3060">
     <span class='ocr_line' id='line_1_45' title="bbox 517 2981 2104 3060; baseline -0.011 -4"><span class='ocrx_word' id='word_1_334' title='bbox 517 3000 609 3055; x_wconf 76' lang='lat' dir='ltr'><strong>l‘ex</strong></span> <span class='ocrx_word' id='word_1_335' title='bbox 646 2995 812 3055; x_wconf 87' lang='lat' dir='ltr'><strong>semel</strong></span> <span class='ocrx_word' id='word_1_336' title='bbox 846 2995 902 3050; x_wconf 93' lang='lat' dir='ltr'><strong>in</strong></span> <span class='ocrx_word' id='word_1_337' title='bbox 939 3006 1102 3055; x_wconf 89' lang='lat' dir='ltr'><strong>anno,</strong></span> <span class='ocrx_word' id='word_1_338' title='bbox 1137 2990 1230 3060; x_wconf 90' lang='lat' dir='ltr'><strong>qui</strong></span> <span class='ocrx_word' id='word_1_339' title='bbox 1263 2995 1483 3058; x_wconf 89' lang='lat' dir='ltr'><strong>accepto</strong></span> <span class='ocrx_word' id='word_1_340' title='bbox 1517 2984 1777 3057; x_wconf 81' lang='lat' dir='ltr'><strong>sanguine</strong></span> <span class='ocrx_word' id='word_1_341' title='bbox 1804 2983 1857 3039; x_wconf 94' lang='lat' dir='ltr'><strong>in</strong></span> <span class='ocrx_word' id='word_1_342' title='bbox 1887 2981 2104 3038; x_wconf 83' lang='lat' dir='ltr'><strong>vasculo</strong></span> 
     </span>
    </p>
   </div>
   <div class='ocr_carea' id='block_1_46' title="bbox 518 3070 2098 3161">
    <p class='ocr_par' dir='ltr' id='par_1_46' title="bbox 518 3070 2098 3161">
     <span class='ocr_line' id='line_1_46' title="bbox 518 3070 2098 3161; baseline -0.014 -13"><span class='ocrx_word' id='word_1_343' title='bbox 518 3088 927 3161; x_wconf 77' lang='lat' dir='ltr'><strong>&#39;ngrediebatur</strong></span> <span class='ocrx_word' id='word_1_344' title='bbox 969 3070 1408 3138; x_wconf 22' lang='lat' dir='ltr'><strong>intus-oraturus</strong></span> <span class='ocrx_word' id='word_1_345' title='bbox 1451 3091 1549 3147; x_wconf 88' lang='lat' dir='ltr'><strong>pro</strong></span> <span class='ocrx_word' id='word_1_346' title='bbox 1591 3074 1820 3147; x_wconf 91' lang='lat' dir='ltr'><strong>populo,</strong></span> <span class='ocrx_word' id='word_1_347' title='bbox 1868 3072 2098 3142; x_wconf 86' lang='lat' dir='ltr'><strong>septima</strong></span> 
     </span>
    </p>
   </div>
   <div class='ocr_carea' id='block_1_47' title="bbox 520 3165 2100 3244">
    <p class='ocr_par' dir='ltr' id='par_1_47' title="bbox 520 3165 2100 3244">
     <span class='ocr_line' id='line_1_47' title="bbox 520 3165 2100 3244; baseline -0.014 -3"><span class='ocrx_word' id='word_1_348' title='bbox 520 3183 725 3241; x_wconf 73' lang='lat' dir='ltr'><strong>decima</strong></span> <span class='ocrx_word' id='word_1_349' title='bbox 766 3177 1018 3234; x_wconf 75' lang='lat' dir='ltr'><strong>videlicet</strong></span> <span class='ocrx_word' id='word_1_350' title='bbox 1061 3175 1148 3230; x_wconf 92' lang='lat' dir='ltr'><strong>die</strong></span> <span class='ocrx_word' id='word_1_351' title='bbox 1191 3170 1403 3244; x_wconf 83' lang='lat' dir='ltr'><strong>septimi</strong></span> <span class='ocrx_word' id='word_1_352' title='bbox 1462 3169 1664 3224; x_wconf 87' lang='lat' dir='ltr'><strong>mensis</strong></span> <span class='ocrx_word' id='word_1_353' title='bbox 1722 3183 1753 3222; x_wconf 91' lang='lat' dir='ltr'><strong>a</strong></span> <span class='ocrx_word' id='word_1_354' title='bbox 1807 3165 2100 3223; x_wconf 83' lang='lat' dir='ltr'><strong>festivitate</strong></span> 
     </span>
    </p>
   </div>
   <div class='ocr_carea' id='block_1_48' title="bbox 2212 1975 3805 2055">
    <p class='ocr_par' dir='ltr' id='par_1_48' title="bbox 2212 1975 3805 2055">
     <span class='ocr_line' id='line_1_48' title="bbox 2212 1975 3805 2055; baseline 0.007 -26"><span class='ocrx_word' id='word_1_355' title='bbox 2212 1975 2339 2030; x_wconf 72' lang='lat' dir='ltr'><strong>caelo</strong></span> <span class='ocrx_word' id='word_1_356' title='bbox 2376 1977 2619 2032; x_wconf 81' lang='lat' dir='ltr'><strong>descendi</strong></span> <span class='ocrx_word' id='word_1_357' title='bbox 2682 1975 2873 2049; x_wconf 81' lang='lat' dir='ltr'><strong>(Joan.</strong></span> <span class='ocrx_word' id='word_1_358' title='bbox 2925 1993 3011 2045; x_wconf 81' lang='lat' dir='ltr'><strong>vr,</strong></span> <span class='ocrx_word' id='word_1_359' title='bbox 3053 1978 3180 2049; x_wconf 66' lang='lat'><strong>4|).</strong></span> <span class='ocrx_word' id='word_1_360' title='bbox 3241 1979 3405 2051; x_wconf 76' lang='lat' dir='ltr'><strong>Virga</strong></span> <span class='ocrx_word' id='word_1_361' title='bbox 3459 1981 3657 2039; x_wconf 81' lang='lat' dir='ltr'><strong>Aaron</strong></span> <span class='ocrx_word' id='word_1_362' title='bbox 3700 2001 3805 2055; x_wconf 64' lang='lat' dir='ltr'><strong>qua</strong></span> 
     </span>
    </p>
   </div>
   <div class='ocr_carea' id='block_1_49' title="bbox 2208 2062 3802 2143">
    <p class='ocr_par' dir='ltr' id='par_1_49' title="bbox 2208 2062 3802 2143">
     <span class='ocr_line' id='line_1_49' title="bbox 2208 2062 3802 2143; baseline 0.006 -25"><span class='ocrx_word' id='word_1_363' title='bbox 2208 2062 2560 2129; x_wconf 82' lang='lat' dir='ltr'><strong>fronduerat,</strong></span> <span class='ocrx_word' id='word_1_364' title='bbox 2614 2067 2902 2122; x_wconf 89' lang='lat' dir='ltr'><strong>sacerdotii</strong></span> <span class='ocrx_word' id='word_1_365' title='bbox 2953 2068 3188 2139; x_wconf 77' lang='lat' dir='ltr'><strong>dignitas</strong></span> <span class='ocrx_word' id='word_1_366' title='bbox 3236 2077 3359 2133; x_wconf 89' lang='lat' dir='ltr'><strong>est,</strong></span> <span class='ocrx_word' id='word_1_367' title='bbox 3414 2086 3547 2140; x_wconf 70' lang='lat' dir='ltr'><strong>quin</strong></span> <span class='ocrx_word' id='word_1_368' title='bbox 3603 2090 3802 2143; x_wconf 77' lang='lat' dir='ltr'><strong>semper</strong></span> 
     </span>
    </p>
   </div>
   <div class='ocr_carea' id='block_1_50' title="bbox 2207 2152 3793 2229">
    <p class='ocr_par' dir='ltr' id='par_1_50' title="bbox 2207 2152 3793 2229">
     <span class='ocr_line' id='line_1_50' title="bbox 2207 2152 3793 2229; baseline 0.006 -20"><span class='ocrx_word' id='word_1_369' title='bbox 2207 2152 2364 2210; x_wconf 86' lang='lat' dir='ltr'><strong>ﬂoret</strong></span> <span class='ocrx_word' id='word_1_370' title='bbox 2402 2156 2454 2210; x_wconf 92' lang='lat' dir='ltr'><strong>in</strong></span> <span class='ocrx_word' id='word_1_371' title='bbox 2495 2153 2736 2222; x_wconf 87' lang='lat' dir='ltr'><strong>Christo,</strong></span> <span class='ocrx_word' id='word_1_372' title='bbox 2774 2158 2887 2213; x_wconf 84' lang='lat' dir='ltr'><strong>sive</strong></span> <span class='ocrx_word' id='word_1_373' title='bbox 2919 2159 3156 2229; x_wconf 84' lang='lat' dir='ltr'><strong>potentia</strong></span> <span class='ocrx_word' id='word_1_374' title='bbox 3192 2159 3525 2229; x_wconf 87' lang='lat' dir='ltr'><strong>imperialis.</strong></span> <span class='ocrx_word' id='word_1_375' title='bbox 3580 2161 3711 2218; x_wconf 66' lang='lat' dir='ltr'><strong>Due</strong></span> <span class='ocrx_word' id='word_1_376' title='bbox 3738 2175 3793 2217; x_wconf 73' lang='lat' dir='ltr'><strong>ta-</strong></span> 
     </span>
    </p>
   </div>
   <div class='ocr_carea' id='block_1_51' title="bbox 2207 2242 3788 2307">
    <p class='ocr_par' dir='ltr' id='par_1_51' title="bbox 2207 2242 3788 2307">
     <span class='ocr_line' id='line_1_51' title="bbox 2207 2242 3788 2307; baseline 0.005 -8"><span class='ocrx_word' id='word_1_377' title='bbox 2207 2242 2345 2299; x_wconf 78' lang='lat' dir='ltr'><strong>bulae</strong></span> <span class='ocrx_word' id='word_1_378' title='bbox 2386 2245 2694 2300; x_wconf 88' lang='lat' dir='ltr'><strong>testamenti</strong></span> <span class='ocrx_word' id='word_1_379' title='bbox 2734 2245 2788 2300; x_wconf 90' lang='lat' dir='ltr'><strong>in</strong></span> <span class='ocrx_word' id='word_1_380' title='bbox 2827 2260 2954 2301; x_wconf 89' lang='lat' dir='ltr'><strong>arca</strong></span> <span class='ocrx_word' id='word_1_381' title='bbox 2994 2248 3099 2301; x_wconf 91' lang='lat' dir='ltr'><strong>duo</strong></span> <span class='ocrx_word' id='word_1_382' title='bbox 3136 2255 3263 2302; x_wconf 90' lang='lat' dir='ltr'><strong>sunt</strong></span> <span class='ocrx_word' id='word_1_383' title='bbox 3300 2256 3650 2305; x_wconf 83' lang='lat' dir='ltr'><strong>testamenta</strong></span> <span class='ocrx_word' id='word_1_384' title='bbox 3687 2269 3788 2307; x_wconf 73' lang='lat' dir='ltr'><strong>coa-</strong></span> 
     </span>
    </p>
   </div>
   <div class='ocr_carea' id='block_1_52' title="bbox 2208 2334 3795 2410">
    <p class='ocr_par' dir='ltr' id='par_1_52' title="bbox 2208 2334 3795 2410">
     <span class='ocr_line' id='line_1_52' title="bbox 2208 2334 3795 2410; baseline 0.004 -20"><span class='ocrx_word' id='word_1_385' title='bbox 2208 2334 2453 2391; x_wconf 83' lang='lat' dir='ltr'><strong>sistentia</strong></span> <span class='ocrx_word' id='word_1_386' title='bbox 2498 2336 2551 2390; x_wconf 93' lang='lat' dir='ltr'><strong>in</strong></span> <span class='ocrx_word' id='word_1_387' title='bbox 2599 2336 2836 2391; x_wconf 87' lang='lat' dir='ltr'><strong>Christo.</strong></span> <span class='ocrx_word' id='word_1_388' title='bbox 2882 2336 3158 2408; x_wconf 88' lang='lat' dir='ltr'><strong>Sequitur,</strong></span> <span class='ocrx_word' id='word_1_389' title='bbox 3207 2355 3365 2408; x_wconf 82' lang='lat' dir='ltr'><strong>super</strong></span> <span class='ocrx_word' id='word_1_390' title='bbox 3396 2357 3530 2410; x_wconf 74' lang='lat' dir='ltr'><strong>qua:</strong></span> <span class='ocrx_word' id='word_1_391' title='bbox 3564 2354 3723 2407; x_wconf 72' lang='lat' dir='ltr'><strong>erant,</strong></span> <span class='ocrx_word' id='word_1_392' title='bbox 3754 2343 3795 2395; x_wconf 82' lang='lat' dir='ltr'><strong>id</strong></span> 
     </span>
    </p>
   </div>
   <div class='ocr_carea' id='block_1_53' title="bbox 2211 2428 3792 2499">
    <p class='ocr_par' dir='ltr' id='par_1_53' title="bbox 2211 2428 3792 2499">
     <span class='ocr_line' id='line_1_53' title="bbox 2211 2428 3792 2499; baseline 0.002 -16"><span class='ocrx_word' id='word_1_393' title='bbox 2211 2437 2295 2483; x_wconf 88' lang='lat' dir='ltr'><strong>est</strong></span> <span class='ocrx_word' id='word_1_394' title='bbox 2336 2442 2500 2498; x_wconf 87' lang='lat' dir='ltr'><strong>super</strong></span> <span class='ocrx_word' id='word_1_395' title='bbox 2538 2442 2742 2493; x_wconf 87' lang='lat' dir='ltr'><strong>arcam,</strong></span> <span class='ocrx_word' id='word_1_396' title='bbox 2770 2428 2875 2483; x_wconf 92' lang='lat' dir='ltr'><strong>duo</strong></span> <span class='ocrx_word' id='word_1_397' title='bbox 2916 2428 3165 2483; x_wconf 80' lang='lat' dir='ltr'><strong>cherubin</strong></span> <span class='ocrx_word' id='word_1_398' title='bbox 3206 2428 3393 2499; x_wconf 71' lang='lat' dir='ltr'><strong>gloria:</strong></span> <span class='ocrx_word' id='word_1_399' title='bbox 3440 2430 3792 2487; x_wconf 52' lang='lat' dir='ltr'><strong>obumbratis</strong></span> 
     </span>
    </p>
   </div>
   <div class='ocr_carea' id='block_1_54' title="bbox 2203 2518 3783 2591">
    <p class='ocr_par' dir='ltr' id='par_1_54' title="bbox 2203 2518 3783 2591">
     <span class='ocr_line' id='line_1_54' title="bbox 2203 2518 3783 2591; baseline 0.003 -19"><span class='ocrx_word' id='word_1_400' title='bbox 2203 2518 2646 2589; x_wconf 79' lang='lat' dir='ltr'><strong>propitiatorium.</strong></span> <span class='ocrx_word' id='word_1_401' title='bbox 2690 2519 2806 2573; x_wconf 94' lang='lat' dir='ltr'><strong>Duo</strong></span> <span class='ocrx_word' id='word_1_402' title='bbox 2843 2519 3104 2574; x_wconf 91' lang='lat' dir='ltr'><strong>cherubin</strong></span> <span class='ocrx_word' id='word_1_403' title='bbox 3151 2520 3385 2590; x_wconf 77' lang='lat' dir='ltr'><strong>tegentis</strong></span> <span class='ocrx_word' id='word_1_404' title='bbox 3430 2536 3783 2591; x_wconf 71' lang='lat' dir='ltr'><strong>arcam,qu:a</strong></span> 
     </span>
    </p>
   </div>
   <div class='ocr_carea' id='block_1_55' title="bbox 2207 2606 3794 2679">
    <p class='ocr_par' dir='ltr' id='par_1_55' title="bbox 2207 2606 3794 2679">
     <span class='ocr_line' id='line_1_55' title="bbox 2207 2606 3794 2679; baseline 0.005 -19"><span class='ocrx_word' id='word_1_405' title='bbox 2207 2606 2639 2679; x_wconf 86' lang='lat' dir='ltr'><strong>interpretantur</strong></span> <span class='ocrx_word' id='word_1_406' title='bbox 2683 2609 2962 2678; x_wconf 91' lang='lat' dir='ltr'><strong>plenitudo</strong></span> <span class='ocrx_word' id='word_1_407' title='bbox 3006 2610 3265 2676; x_wconf 57' lang='lat' dir='ltr'><strong>scientiae,</strong></span> <span class='ocrx_word' id='word_1_408' title='bbox 3312 2611 3425 2666; x_wconf 88' lang='lat' dir='ltr'><strong>duo</strong></span> <span class='ocrx_word' id='word_1_409' title='bbox 3481 2622 3613 2668; x_wconf 83' lang='lat' dir='ltr'><strong>sunt</strong></span> <span class='ocrx_word' id='word_1_410' title='bbox 3646 2623 3794 2668; x_wconf 82' lang='lat' dir='ltr'><strong>testa-</strong></span> 
     </span>
    </p>
   </div>
   <div class='ocr_carea' id='block_1_56' title="bbox 2205 2696 3795 2776">
    <p class='ocr_par' dir='ltr' id='par_1_56' title="bbox 2205 2696 3795 2776">
     <span class='ocr_line' id='line_1_56' title="bbox 2205 2696 3795 2776; baseline 0.003 -23"><span class='ocrx_word' id='word_1_411' title='bbox 2205 2696 2406 2765; x_wconf 87' lang='lat' dir='ltr'><strong>menta,</strong></span> <span class='ocrx_word' id='word_1_412' title='bbox 2432 2700 2486 2755; x_wconf 91' lang='lat' dir='ltr'><strong>in</strong></span> <span class='ocrx_word' id='word_1_413' title='bbox 2521 2700 2719 2771; x_wconf 89' lang='lat' dir='ltr'><strong>quibus</strong></span> <span class='ocrx_word' id='word_1_414' title='bbox 2756 2700 3035 2772; x_wconf 89' lang='lat' dir='ltr'><strong>plenitudo</strong></span> <span class='ocrx_word' id='word_1_415' title='bbox 3071 2709 3152 2756; x_wconf 85' lang='lat' dir='ltr'><strong>est</strong></span> <span class='ocrx_word' id='word_1_416' title='bbox 3190 2703 3436 2758; x_wconf 77' lang='lat' dir='ltr'><strong>scientia:</strong></span> <span class='ocrx_word' id='word_1_417' title='bbox 3474 2719 3604 2774; x_wconf 73' lang='lat' dir='ltr'><strong>qua:</strong></span> <span class='ocrx_word' id='word_1_418' title='bbox 3632 2713 3795 2776; x_wconf 75' lang='lat' dir='ltr'><strong>tegunt</strong></span> 
     </span>
    </p>
   </div>
   <div class='ocr_carea' id='block_1_57' title="bbox 2203 2791 3795 2865">
    <p class='ocr_par' dir='ltr' id='par_1_57' title="bbox 2203 2791 3795 2865">
     <span class='ocr_line' id='line_1_57' title="bbox 2203 2791 3795 2865; baseline 0.001 -17"><span class='ocrx_word' id='word_1_419' title='bbox 2203 2791 2502 2858; x_wconf 87' lang='lat' dir='ltr'><strong>Christum,</strong></span> <span class='ocrx_word' id='word_1_420' title='bbox 2523 2792 2614 2862; x_wconf 88' lang='lat' dir='ltr'><strong>qui</strong></span> <span class='ocrx_word' id='word_1_421' title='bbox 2634 2799 2719 2847; x_wconf 90' lang='lat' dir='ltr'><strong>est</strong></span> <span class='ocrx_word' id='word_1_422' title='bbox 2734 2791 3047 2863; x_wconf 89' lang='lat' dir='ltr'><strong>propitiatio</strong></span> <span class='ocrx_word' id='word_1_423' title='bbox 3059 2807 3159 2863; x_wconf 87' lang='lat' dir='ltr'><strong>pro</strong></span> <span class='ocrx_word' id='word_1_424' title='bbox 3171 2795 3415 2864; x_wconf 85' lang='lat' dir='ltr'><strong>peccatis</strong></span> <span class='ocrx_word' id='word_1_425' title='bbox 3429 2795 3669 2860; x_wconf 82' lang='lat' dir='ltr'><strong>nostris,</strong></span> <span class='ocrx_word' id='word_1_426' title='bbox 3687 2795 3795 2865; x_wconf 80' lang='lat' dir='ltr'><strong>quia</strong></span> 
     </span>
    </p>
   </div>
   <div class='ocr_carea' id='block_1_58' title="bbox 2203 2884 3796 2958">
    <p class='ocr_par' dir='ltr' id='par_1_58' title="bbox 2203 2884 3796 2958">
     <span class='ocr_line' id='line_1_58' title="bbox 2203 2884 3796 2958; baseline 0.001 -16"><span class='ocrx_word' id='word_1_427' title='bbox 2203 2888 2259 2943; x_wconf 91' lang='lat' dir='ltr'><strong>in</strong></span> <span class='ocrx_word' id='word_1_428' title='bbox 2302 2887 2482 2941; x_wconf 87' lang='lat' dir='ltr'><strong>divina</strong></span> <span class='ocrx_word' id='word_1_429' title='bbox 2531 2884 2812 2956; x_wconf 89' lang='lat' dir='ltr'><strong>Scriptura</strong></span> <span class='ocrx_word' id='word_1_430' title='bbox 2850 2885 3017 2941; x_wconf 82' lang='lat' dir='ltr'><strong>latet:</strong></span> <span class='ocrx_word' id='word_1_431' title='bbox 3050 2886 3113 2940; x_wconf 85' lang='lat' dir='ltr'><strong>de</strong></span> <span class='ocrx_word' id='word_1_432' title='bbox 3141 2886 3350 2958; x_wconf 81' lang='lat' dir='ltr'><strong>quibus,</strong></span> <span class='ocrx_word' id='word_1_433' title='bbox 3385 2889 3659 2943; x_wconf 86' lang='lat' dir='ltr'><strong>omnibus</strong></span> <span class='ocrx_word' id='word_1_434' title='bbox 3689 2889 3796 2943; x_wconf 81' lang='lat' dir='ltr'><strong>sab-</strong></span> 
     </span>
    </p>
   </div>
   <div class='ocr_carea' id='block_1_59' title="bbox 2205 2977 3796 3050">
    <p class='ocr_par' dir='ltr' id='par_1_59' title="bbox 2205 2977 3796 3050">
     <span class='ocr_line' id='line_1_59' title="bbox 2205 2977 3796 3050; baseline 0.001 -17"><span class='ocrx_word' id='word_1_435' title='bbox 2205 2978 2361 3034; x_wconf 89' lang='lat' dir='ltr'><strong>audis</strong></span> <span class='ocrx_word' id='word_1_436' title='bbox 2404 2977 2533 3048; x_wconf 90' lang='lat' dir='ltr'><strong>quid</strong></span> <span class='ocrx_word' id='word_1_437' title='bbox 2578 2977 2822 3050; x_wconf 84' lang='lat' dir='ltr'><strong>mysterii</strong></span> <span class='ocrx_word' id='word_1_438' title='bbox 2873 2977 2926 3031; x_wconf 90' lang='lat' dir='ltr'><strong>in</strong></span> <span class='ocrx_word' id='word_1_439' title='bbox 2973 2992 3031 3033; x_wconf 91' lang='lat' dir='ltr'><strong>se</strong></span> <span class='ocrx_word' id='word_1_440' title='bbox 3078 2978 3314 3044; x_wconf 89' lang='lat' dir='ltr'><strong>habeat,</strong></span> <span class='ocrx_word' id='word_1_441' title='bbox 3367 2994 3480 3033; x_wconf 83' lang='lat' dir='ltr'><strong>non</strong></span> <span class='ocrx_word' id='word_1_442' title='bbox 3533 2990 3615 3034; x_wconf 78' lang='lat' dir='ltr'><strong>est</strong></span> <span class='ocrx_word' id='word_1_443' title='bbox 3660 2982 3796 3034; x_wconf 65' lang='lat' dir='ltr'><strong>modo</strong></span> 
     </span>
    </p>
   </div>
   <div class='ocr_carea' id='block_1_60' title="bbox 2201 3064 3796 3141">
    <p class='ocr_par' dir='ltr' id='par_1_60' title="bbox 2201 3064 3796 3141">
     <span class='ocr_line' id='line_1_60' title="bbox 2201 3064 3796 3141; baseline 0.001 -18"><span class='ocrx_word' id='word_1_444' title='bbox 2201 3069 2480 3123; x_wconf 75' lang='lat' dir='ltr'><strong>dicendum</strong></span> <span class='ocrx_word' id='word_1_445' title='bbox 2517 3084 2610 3139; x_wconf 81' lang='lat' dir='ltr'><strong>per</strong></span> <span class='ocrx_word' id='word_1_446' title='bbox 2643 3068 2874 3139; x_wconf 81' lang='lat' dir='ltr'><strong>singula.</strong></span> <span class='ocrx_word' id='word_1_447' title='bbox 2920 3067 3189 3124; x_wconf 84' lang='lat' dir='ltr'><strong>Fortassis</strong></span> <span class='ocrx_word' id='word_1_448' title='bbox 3234 3064 3357 3125; x_wconf 87' lang='lat' dir='ltr'><strong>ideo</strong></span> <span class='ocrx_word' id='word_1_449' title='bbox 3398 3070 3657 3136; x_wconf 82' lang='lat' dir='ltr'><strong>reticuit,</strong></span> <span class='ocrx_word' id='word_1_450' title='bbox 3683 3071 3796 3141; x_wconf 74' lang='lat' dir='ltr'><strong>quia</strong></span> 
     </span>
    </p>
   </div>
   <div class='ocr_carea' id='block_1_61' title="bbox 2203 3160 3794 3233">
    <p class='ocr_par' dir='ltr' id='par_1_61' title="bbox 2203 3160 3794 3233">
     <span class='ocr_line' id='line_1_61' title="bbox 2203 3160 3794 3233; baseline 0.001 -18"><span class='ocrx_word' id='word_1_451' title='bbox 2203 3160 2388 3216; x_wconf 90' lang='lat' dir='ltr'><strong>multis</strong></span> <span class='ocrx_word' id='word_1_452' title='bbox 2427 3160 2770 3216; x_wconf 88' lang='lat' dir='ltr'><strong>sermonibus</strong></span> <span class='ocrx_word' id='word_1_453' title='bbox 2813 3176 2949 3232; x_wconf 91' lang='lat' dir='ltr'><strong>opus</strong></span> <span class='ocrx_word' id='word_1_454' title='bbox 2986 3160 3239 3225; x_wconf 82' lang='lat' dir='ltr'><strong>habebat,</strong></span> <span class='ocrx_word' id='word_1_455' title='bbox 3266 3161 3381 3218; x_wconf 87' lang='lat' dir='ltr'><strong>sive</strong></span> <span class='ocrx_word' id='word_1_456' title='bbox 3405 3163 3548 3233; x_wconf 86' lang='lat' dir='ltr'><strong>quia</strong></span> <span class='ocrx_word' id='word_1_457' title='bbox 3578 3163 3794 3220; x_wconf 74' lang='lat' dir='ltr'><strong>necdum</strong></span> 
     </span>
    </p>
   </div>
   <div class='ocr_carea' id='block_1_62' title="bbox 503 3239 3103 3345">
    <p class='ocr_par' dir='ltr' id='par_1_62' title="bbox 503 3239 3103 3345">
     <span class='ocr_line' id='line_1_62' title="bbox 503 3239 3103 3345; baseline -0.009 -15"><span class='ocrx_word' id='word_1_458' title='bbox 503 3239 791 3345; x_wconf 77' lang='lat' dir='ltr'><strong>,paschali,</strong></span> <span class='ocrx_word' id='word_1_459' title='bbox 841 3285 962 3340; x_wconf 80' lang='lat' dir='ltr'><strong>quae</strong></span> <span class='ocrx_word' id='word_1_460' title='bbox 1009 3268 1124 3322; x_wconf 88' lang='lat' dir='ltr'><strong>dies</strong></span> <span class='ocrx_word' id='word_1_461' title='bbox 1167 3239 1539 3335; x_wconf 78' lang='lat' dir='ltr'><strong>appellabatur</strong></span> <span class='ocrx_word' id='word_1_462' title='bbox 1583 3260 1798 3330; x_wconf 89' lang='lat' dir='ltr'><strong>quidem</strong></span> <span class='ocrx_word' id='word_1_463' title='bbox 1837 3257 2097 3329; x_wconf 88' lang='lat' dir='ltr'><strong>propitia-</strong></span> <span class='ocrx_word' id='word_1_464' title='bbox 2127 3239 2172 3305; x_wconf 86' lang='lat' dir='ltr'><strong>C</strong></span> <span class='ocrx_word' id='word_1_465' title='bbox 2202 3261 2360 3308; x_wconf 90' lang='lat' dir='ltr'><strong>erant</strong></span> <span class='ocrx_word' id='word_1_466' title='bbox 2398 3267 2628 3324; x_wconf 90' lang='lat' dir='ltr'><strong>capaces</strong></span> <span class='ocrx_word' id='word_1_467' title='bbox 2664 3252 2847 3308; x_wconf 91' lang='lat' dir='ltr'><strong>omnia</strong></span> <span class='ocrx_word' id='word_1_468' title='bbox 2890 3267 3103 3324; x_wconf 89' lang='lat' dir='ltr'><strong>capere.</strong></span> 
     </span>
    </p>
   </div>
   <div class='ocr_carea' id='block_1_63' title="bbox 517 3353 2100 3431">
    <p class='ocr_par' dir='ltr' id='par_1_63' title="bbox 517 3353 2100 3431">
     <span class='ocr_line' id='line_1_63' title="bbox 517 3353 2100 3431; baseline -0.008 -11"><span class='ocrx_word' id='word_1_469' title='bbox 517 3366 714 3431; x_wconf 85' lang='lat' dir='ltr'><strong>tionis,</strong></span> <span class='ocrx_word' id='word_1_470' title='bbox 773 3363 827 3419; x_wconf 92' lang='lat' dir='ltr'><strong>in</strong></span> <span class='ocrx_word' id='word_1_471' title='bbox 882 3361 1181 3418; x_wconf 84' lang='lat' dir='ltr'><strong>crastinum</strong></span> <span class='ocrx_word' id='word_1_472' title='bbox 1231 3365 1412 3412; x_wconf 90' lang='lat' dir='ltr'><strong>autem</strong></span> <span class='ocrx_word' id='word_1_473' title='bbox 1463 3354 1792 3426; x_wconf 86' lang='lat' dir='ltr'><strong>sequebatur</strong></span> <span class='ocrx_word' id='word_1_474' title='bbox 1835 3353 2100 3408; x_wconf 87' lang='lat' dir='ltr'><strong>festivitas</strong></span> 
     </span>
    </p>
   </div>
   <div class='ocr_carea' id='block_1_64' title="bbox 518 3444 2100 3520">
    <p class='ocr_par' dir='ltr' id='par_1_64' title="bbox 518 3444 2100 3520">
     <span class='ocr_line' id='line_1_64' title="bbox 518 3444 2100 3520; baseline -0.008 -11"><span class='ocrx_word' id='word_1_475' title='bbox 518 3456 1016 3513; x_wconf 81' lang='lat' dir='ltr'><strong>tabernaculorum.</strong></span> <span class='ocrx_word' id='word_1_476' title='bbox 1063 3448 1431 3520; x_wconf 90' lang='lat' dir='ltr'><strong>Spiritualiter</strong></span> <span class='ocrx_word' id='word_1_477' title='bbox 1471 3454 1650 3502; x_wconf 88' lang='lat' dir='ltr'><strong>autem</strong></span> <span class='ocrx_word' id='word_1_478' title='bbox 1698 3444 1826 3501; x_wconf 92' lang='lat' dir='ltr'><strong>illud</strong></span> <span class='ocrx_word' id='word_1_479' title='bbox 1865 3445 2100 3515; x_wconf 87' lang='lat' dir='ltr'><strong>primum</strong></span> 
     </span>
    </p>
   </div>
   <div class='ocr_carea' id='block_1_65' title="bbox 508 3535 2099 3608">
    <p class='ocr_par' dir='ltr' id='par_1_65' title="bbox 508 3535 2099 3608">
     <span class='ocr_line' id='line_1_65' title="bbox 508 3535 2099 3608; baseline -0.008 -8"><span class='ocrx_word' id='word_1_480' title='bbox 508 3544 928 3602; x_wconf 64' lang='lat' dir='ltr'><strong>tabernaculum</strong></span> <span class='ocrx_word' id='word_1_481' title='bbox 966 3541 1056 3595; x_wconf 91' lang='lat' dir='ltr'><strong>ubi</strong></span> <span class='ocrx_word' id='word_1_482' title='bbox 1098 3540 1412 3596; x_wconf 84' lang='lat' dir='ltr'><strong>sacerdotes</strong></span> <span class='ocrx_word' id='word_1_483' title='bbox 1452 3537 1599 3593; x_wconf 90' lang='lat' dir='ltr'><strong>licite</strong></span> <span class='ocrx_word' id='word_1_484' title='bbox 1640 3535 2099 3608; x_wconf 81' lang='lat' dir='ltr'><strong>ingrediebantur,</strong></span> 
     </span>
    </p>
   </div>
   <div class='ocr_carea' id='block_1_66' title="bbox 522 3626 2102 3706">
    <p class='ocr_par' dir='ltr' id='par_1_66' title="bbox 522 3626 2102 3706">
     <span class='ocr_line' id='line_1_66' title="bbox 522 3626 2102 3706; baseline -0.009 -13"><span class='ocrx_word' id='word_1_485' title='bbox 522 3647 722 3694; x_wconf 79' lang='lat' dir='ltr'><strong>statum</strong></span> <span class='ocrx_word' id='word_1_486' title='bbox 750 3634 1032 3706; x_wconf 74' lang='lat' dir='ltr'><strong>praesentis</strong></span> <span class='ocrx_word' id='word_1_487' title='bbox 1055 3631 1310 3687; x_wconf 70' lang='lat' dir='ltr'><strong>Ecclesia:</strong></span> <span class='ocrx_word' id='word_1_488' title='bbox 1345 3627 1632 3699; x_wconf 75' lang='lat' dir='ltr'><strong>significat,</strong></span> <span class='ocrx_word' id='word_1_489' title='bbox 1664 3627 1754 3683; x_wconf 89' lang='lat' dir='ltr'><strong>ubi</strong></span> <span class='ocrx_word' id='word_1_490' title='bbox 1787 3635 1911 3685; x_wconf 87' lang='lat' dir='ltr'><strong>sunt</strong></span> <span class='ocrx_word' id='word_1_491' title='bbox 1949 3626 2102 3696; x_wconf 89' lang='lat' dir='ltr'><strong>plura</strong></span> 
     </span>
    </p>
   </div>
   <div class='ocr_carea' id='block_1_67' title="bbox 523 3720 2102 3793">
    <p class='ocr_par' dir='ltr' id='par_1_67' title="bbox 523 3720 2102 3793">
     <span class='ocr_line' id='line_1_67' title="bbox 523 3720 2102 3793; baseline -0.007 -8"><span class='ocrx_word' id='word_1_492' title='bbox 523 3729 897 3793; x_wconf 83' lang='lat' dir='ltr'><strong>candelabra,</strong></span> <span class='ocrx_word' id='word_1_493' title='bbox 970 3727 1145 3783; x_wconf 89' lang='lat' dir='ltr'><strong>sancti</strong></span> <span class='ocrx_word' id='word_1_494' title='bbox 1202 3722 1456 3779; x_wconf 89' lang='lat' dir='ltr'><strong>videlicet</strong></span> <span class='ocrx_word' id='word_1_495' title='bbox 1520 3720 1949 3793; x_wconf 69' lang='lat' dir='ltr'><strong>praedicatores,</strong></span> <span class='ocrx_word' id='word_1_496' title='bbox 2011 3720 2102 3790; x_wconf 90' lang='lat' dir='ltr'><strong>qui</strong></span> 
     </span>
    </p>
   </div>
   <div class='ocr_carea' id='block_1_68' title="bbox 522 3815 2104 3888">
    <p class='ocr_par' dir='ltr' id='par_1_68' title="bbox 522 3815 2104 3888">
     <span class='ocr_line' id='line_1_68' title="bbox 522 3815 2104 3888; baseline -0.003 -11"><span class='ocrx_word' id='word_1_497' title='bbox 522 3824 627 3878; x_wconf 79' lang='lat' dir='ltr'><strong>sibi</strong></span> <span class='ocrx_word' id='word_1_498' title='bbox 654 3831 708 3879; x_wconf 90' lang='lat' dir='ltr'><strong>et</strong></span> <span class='ocrx_word' id='word_1_499' title='bbox 733 3822 854 3885; x_wconf 85' lang='lat' dir='ltr'><strong>aliis</strong></span> <span class='ocrx_word' id='word_1_500' title='bbox 893 3822 1081 3877; x_wconf 90' lang='lat' dir='ltr'><strong>lucent</strong></span> <span class='ocrx_word' id='word_1_501' title='bbox 1103 3820 1269 3876; x_wconf 84' lang='lat' dir='ltr'><strong>verbo</strong></span> <span class='ocrx_word' id='word_1_502' title='bbox 1310 3828 1365 3874; x_wconf 94' lang='lat' dir='ltr'><strong>et</strong></span> <span class='ocrx_word' id='word_1_503' title='bbox 1402 3818 1684 3888; x_wconf 79' lang='lat' dir='ltr'><strong>exemplis,</strong></span> <span class='ocrx_word' id='word_1_504' title='bbox 1712 3815 1798 3872; x_wconf 85' lang='lat' dir='ltr'><strong>vel</strong></span> <span class='ocrx_word' id='word_1_505' title='bbox 1825 3817 1985 3873; x_wconf 91' lang='lat' dir='ltr'><strong>etiam</strong></span> <span class='ocrx_word' id='word_1_506' title='bbox 2013 3815 2104 3872; x_wconf 90' lang='lat' dir='ltr'><strong>ubi</strong></span> 
     </span>
    </p>
   </div>
   <div class='ocr_carea' id='block_1_69' title="bbox 520 3898 2103 3983">
    <p class='ocr_par' dir='ltr' id='par_1_69' title="bbox 520 3898 2103 3983">
     <span class='ocr_line' id='line_1_69' title="bbox 520 3898 2103 3983; baseline -0.004 -14"><span class='ocrx_word' id='word_1_507' title='bbox 520 3924 650 3970; x_wconf 77' lang='lat' dir='ltr'><strong>sunt</strong></span> <span class='ocrx_word' id='word_1_508' title='bbox 691 3913 831 3969; x_wconf 87' lang='lat' dir='ltr'><strong>dona</strong></span> <span class='ocrx_word' id='word_1_509' title='bbox 878 3898 1114 3983; x_wconf 82' lang='lat' dir='ltr'><strong>Spiritus</strong></span> <span class='ocrx_word' id='word_1_510' title='bbox 1159 3910 1365 3976; x_wconf 89' lang='lat' dir='ltr'><strong>sancti,</strong></span> <span class='ocrx_word' id='word_1_511' title='bbox 1419 3909 1615 3980; x_wconf 91' lang='lat' dir='ltr'><strong>quibus</strong></span> <span class='ocrx_word' id='word_1_512' title='bbox 1658 3909 1895 3963; x_wconf 85' lang='lat' dir='ltr'><strong>fidelium</strong></span> <span class='ocrx_word' id='word_1_513' title='bbox 1943 3907 2103 3964; x_wconf 90' lang='lat' dir='ltr'><strong>corda</strong></span> 
     </span>
    </p>
   </div>
   <div class='ocr_carea' id='block_1_70' title="bbox 519 4000 2101 4076">
    <p class='ocr_par' dir='ltr' id='par_1_70' title="bbox 519 4000 2101 4076">
     <span class='ocr_line' id='line_1_70' title="bbox 519 4000 2101 4076; baseline -0.004 -13"><span class='ocrx_word' id='word_1_514' title='bbox 519 4007 913 4071; x_wconf 85' lang='lat' dir='ltr'><strong>illuminautnr,</strong></span> <span class='ocrx_word' id='word_1_515' title='bbox 957 4004 1050 4076; x_wconf 88' lang='lat' dir='ltr'><strong>qui</strong></span> <span class='ocrx_word' id='word_1_516' title='bbox 1091 4019 1190 4076; x_wconf 86' lang='lat' dir='ltr'><strong>per</strong></span> <span class='ocrx_word' id='word_1_517' title='bbox 1222 4004 1384 4060; x_wconf 74' lang='lat' dir='ltr'><strong>fidem</strong></span> <span class='ocrx_word' id='word_1_518' title='bbox 1422 4006 1477 4060; x_wconf 91' lang='lat' dir='ltr'><strong>in</strong></span> <span class='ocrx_word' id='word_1_519' title='bbox 1511 4002 1749 4059; x_wconf 85' lang='lat' dir='ltr'><strong>Ecclesia</strong></span> <span class='ocrx_word' id='word_1_520' title='bbox 1779 4000 2101 4058; x_wconf 89' lang='lat' dir='ltr'><strong>consistunt.</strong></span> 
     </span>
    </p>
   </div>
   <div class='ocr_carea' id='block_1_71' title="bbox 520 4094 2104 4166">
    <p class='ocr_par' dir='ltr' id='par_1_71' title="bbox 520 4094 2104 4166">
     <span class='ocr_line' id='line_1_71' title="bbox 520 4094 2104 4166; baseline -0.006 -10"><span class='ocrx_word' id='word_1_521' title='bbox 520 4100 589 4156; x_wconf 89' lang='lat' dir='ltr'><strong>Et</strong></span> <span class='ocrx_word' id='word_1_522' title='bbox 629 4100 696 4157; x_wconf 78' lang='lat' dir='ltr'><strong>de</strong></span> <span class='ocrx_word' id='word_1_523' title='bbox 737 4114 917 4156; x_wconf 85' lang='lat' dir='ltr'><strong>mensa</strong></span> <span class='ocrx_word' id='word_1_524' title='bbox 945 4139 960 4164; x_wconf 93' lang='lat'><strong>,</strong></span> <span class='ocrx_word' id='word_1_525' title='bbox 1010 4098 1190 4154; x_wconf 84' lang='lat' dir='ltr'><strong>divina</strong></span> <span class='ocrx_word' id='word_1_526' title='bbox 1239 4097 1493 4153; x_wconf 85' lang='lat' dir='ltr'><strong>videlicet</strong></span> <span class='ocrx_word' id='word_1_527' title='bbox 1518 4094 1799 4166; x_wconf 84' lang='lat' dir='ltr'><strong>Scriptura</strong></span> <span class='ocrx_word' id='word_1_528' title='bbox 1824 4136 1839 4161; x_wconf 89' lang='lat'><strong>,</strong></span> <span class='ocrx_word' id='word_1_529' title='bbox 1889 4095 1956 4149; x_wconf 87' lang='lat' dir='ltr'><strong>de</strong></span> <span class='ocrx_word' id='word_1_530' title='bbox 1998 4111 2104 4165; x_wconf 88' lang='lat' dir='ltr'><strong>qua</strong></span> 
     </span>
    </p>
   </div>
   <div class='ocr_carea' id='block_1_72' title="bbox 520 4188 2102 4259">
    <p class='ocr_par' dir='ltr' id='par_1_72' title="bbox 520 4188 2102 4259">
     <span class='ocr_line' id='line_1_72' title="bbox 520 4188 2102 4259; baseline -0.006 -10"><span class='ocrx_word' id='word_1_531' title='bbox 520 4192 806 4249; x_wconf 83' lang='lat' dir='ltr'><strong>Psalmista</strong></span> <span class='ocrx_word' id='word_1_532' title='bbox 844 4191 976 4247; x_wconf 88' lang='lat' dir='ltr'><strong>dicit</strong></span> <span class='ocrx_word' id='word_1_533' title='bbox 1015 4210 1028 4245; x_wconf 89' lang='lat'><strong>:</strong></span> <span class='ocrx_word' id='word_1_534' title='bbox 1059 4188 1276 4244; x_wconf 86' lang='lat' dir='ltr'><strong>Parasti</strong></span> <span class='ocrx_word' id='word_1_535' title='bbox 1311 4190 1364 4244; x_wconf 87' lang='lat' dir='ltr'><strong>in</strong></span> <span class='ocrx_word' id='word_1_536' title='bbox 1400 4199 1674 4259; x_wconf 83' lang='lat' dir='ltr'><strong>conspectu</strong></span> <span class='ocrx_word' id='word_1_537' title='bbox 1704 4204 1819 4242; x_wconf 82' lang='lat' dir='ltr'><strong>meo</strong></span> <span class='ocrx_word' id='word_1_538' title='bbox 1850 4203 2102 4241; x_wconf 82' lang='lat' dir='ltr'><strong>mensam.</strong></span> 
     </span>
    </p>
   </div>
   <div class='ocr_carea' id='block_1_73' title="bbox 507 4278 2103 4355">
    <p class='ocr_par' dir='ltr' id='par_1_73' title="bbox 507 4278 2103 4355">
     <span class='ocr_line' id='line_1_73' title="bbox 507 4278 2103 4355; baseline -0.004 -18"><span class='ocrx_word' id='word_1_539' title='bbox 507 4282 697 4355; x_wconf 76' lang='lat' dir='ltr'><strong>~(Psal.</strong></span> <span class='ocrx_word' id='word_1_540' title='bbox 724 4298 859 4349; x_wconf 64' lang='grc' dir='ltr'>χχιι,</span> <span class='ocrx_word' id='word_1_541' title='bbox 884 4281 963 4354; x_wconf 80' lang='grc'><strong>5).</strong></span> <span class='ocrx_word' id='word_1_542' title='bbox 1008 4280 1103 4335; x_wconf 86' lang='lat' dir='ltr'><strong>Est</strong></span> <span class='ocrx_word' id='word_1_543' title='bbox 1144 4289 1201 4335; x_wconf 92' lang='lat' dir='ltr'><strong>et</strong></span> <span class='ocrx_word' id='word_1_544' title='bbox 1239 4279 1533 4350; x_wconf 87' lang='lat' dir='ltr'><strong>propositio</strong></span> <span class='ocrx_word' id='word_1_545' title='bbox 1560 4294 1757 4349; x_wconf 87' lang='lat' dir='ltr'><strong>panum</strong></span> <span class='ocrx_word' id='word_1_546' title='bbox 1799 4278 1852 4331; x_wconf 90' lang='lat' dir='ltr'><strong>in</strong></span> <span class='ocrx_word' id='word_1_547' title='bbox 1897 4291 2103 4340; x_wconf 88' lang='lat' dir='ltr'><strong>mensa,</strong></span> 
     </span>
    </p>
   </div>
   <div class='ocr_carea' id='block_1_74' title="bbox 511 4366 2108 4440">
    <p class='ocr_par' dir='ltr' id='par_1_74' title="bbox 511 4366 2108 4440">
     <span class='ocr_line' id='line_1_74' title="bbox 511 4366 2108 4440; baseline -0.006 -8"><span class='ocrx_word' id='word_1_548' title='bbox 511 4373 829 4432; x_wconf 69' lang='lat' dir='ltr'><strong>intellectus</strong></span> <span class='ocrx_word' id='word_1_549' title='bbox 862 4371 1112 4429; x_wconf 87' lang='lat' dir='ltr'><strong>videlicet</strong></span> <span class='ocrx_word' id='word_1_550' title='bbox 1147 4386 1317 4426; x_wconf 85' lang='lat' dir='ltr'><strong>sacrae</strong></span> <span class='ocrx_word' id='word_1_551' title='bbox 1360 4369 1676 4440; x_wconf 84' lang='lat' dir='ltr'><strong>Scripturae,</strong></span> <span class='ocrx_word' id='word_1_552' title='bbox 1722 4382 1830 4438; x_wconf 92' lang='lat' dir='ltr'><strong>quo</strong></span> <span class='ocrx_word' id='word_1_553' title='bbox 1865 4366 2108 4438; x_wconf 89' lang='lat' dir='ltr'><strong>quotidie</strong></span> 
     </span>
    </p>
   </div>
   <div class='ocr_carea' id='block_1_75' title="bbox 515 4460 2106 4533">
    <p class='ocr_par' dir='ltr' id='par_1_75' title="bbox 515 4460 2106 4533">
     <span class='ocr_line' id='line_1_75' title="bbox 515 4460 2106 4533; baseline -0.008 -11"><span class='ocrx_word' id='word_1_554' title='bbox 515 4465 837 4533; x_wconf 65' lang='lat' dir='ltr'><strong>reﬁciuntur</strong></span> <span class='ocrx_word' id='word_1_555' title='bbox 869 4464 1064 4519; x_wconf 72' lang='lat' dir='ltr'><strong>anima:</strong></span> <span class='ocrx_word' id='word_1_556' title='bbox 1094 4462 1350 4517; x_wconf 90' lang='lat' dir='ltr'><strong>lidelium.</strong></span> <span class='ocrx_word' id='word_1_557' title='bbox 1379 4460 1673 4514; x_wconf 88' lang='lat' dir='ltr'><strong>Possumus</strong></span> <span class='ocrx_word' id='word_1_558' title='bbox 1703 4466 1759 4512; x_wconf 91' lang='lat' dir='ltr'><strong>et</strong></span> <span class='ocrx_word' id='word_1_559' title='bbox 1790 4472 1887 4528; x_wconf 87' lang='lat' dir='ltr'><strong>per</strong></span> <span class='ocrx_word' id='word_1_560' title='bbox 1912 4471 2106 4527; x_wconf 86' lang='lat' dir='ltr'><strong>panem</strong></span> 
     </span>
    </p>
   </div>
   <div class='ocr_carea' id='block_1_76' title="bbox 2274 3361 3799 3435">
    <p class='ocr_par' dir='ltr' id='par_1_76' title="bbox 2274 3361 3799 3435">
     <span class='ocr_line' id='line_1_76' title="bbox 2274 3361 3799 3435; baseline 0.004 -19"><span class='ocrx_word' id='word_1_561' title='bbox 2274 3361 2374 3417; x_wconf 80' lang='lat' dir='ltr'><strong>His</strong></span> <span class='ocrx_word' id='word_1_562' title='bbox 2407 3378 2526 3417; x_wconf 75' lang='lat' dir='ltr'><strong>vero</strong></span> <span class='ocrx_word' id='word_1_563' title='bbox 2565 3363 2641 3415; x_wconf 87' lang='lat' dir='ltr'><strong>ita</strong></span> <span class='ocrx_word' id='word_1_564' title='bbox 2672 3362 2971 3433; x_wconf 81' lang='lat' dir='ltr'><strong>compositis</strong></span> <span class='ocrx_word' id='word_1_565' title='bbox 3002 3370 3058 3418; x_wconf 88' lang='lat' dir='ltr'><strong>et</strong></span> <span class='ocrx_word' id='word_1_566' title='bbox 3088 3364 3375 3429; x_wconf 89' lang='lat' dir='ltr'><strong>ordinatis,</strong></span> <span class='ocrx_word' id='word_1_567' title='bbox 3411 3381 3549 3435; x_wconf 69' lang='lat' dir='ltr'><strong>qum</strong></span> <span class='ocrx_word' id='word_1_568' title='bbox 3581 3367 3799 3423; x_wconf 66' lang='lat' dir='ltr'><strong>diximus</strong></span> 
     </span>
    </p>
   </div>
   <div class='ocr_carea' id='block_1_77' title="bbox 2203 3441 3791 3535">
    <p class='ocr_par' dir='ltr' id='par_1_77' title="bbox 2203 3441 3791 3535">
     <span class='ocr_line' id='line_1_77' title="bbox 2203 3441 3791 3535; baseline 0.003 -24"><span class='ocrx_word' id='word_1_569' title='bbox 2203 3470 2323 3511; x_wconf 88' lang='lat' dir='ltr'><strong>esse</strong></span> <span class='ocrx_word' id='word_1_570' title='bbox 2360 3466 2479 3535; x_wconf 84' lang='lat' dir='ltr'><strong>tam</strong></span> <span class='ocrx_word' id='word_1_571' title='bbox 2522 3455 2575 3510; x_wconf 93' lang='lat' dir='ltr'><strong>in</strong></span> <span class='ocrx_word' id='word_1_572' title='bbox 2618 3455 2794 3526; x_wconf 87' lang='lat' dir='ltr'><strong>primo</strong></span> <span class='ocrx_word' id='word_1_573' title='bbox 2836 3455 3181 3511; x_wconf 83' lang='lat' dir='ltr'><strong>tabernaculo</strong></span> <span class='ocrx_word' id='word_1_574' title='bbox 3222 3441 3403 3527; x_wconf 15' lang='lat' dir='ltr'><strong>quam.</strong></span> <span class='ocrx_word' id='word_1_575' title='bbox 3432 3458 3495 3511; x_wconf 88' lang='lat' dir='ltr'><strong>in</strong></span> <span class='ocrx_word' id='word_1_576' title='bbox 3544 3459 3791 3524; x_wconf 82' lang='lat' dir='ltr'><strong>secundo,</strong></span> 
     </span>
    </p>
   </div>
   <div class='ocr_carea' id='block_1_78' title="bbox 2205 3548 3795 3624">
    <p class='ocr_par' dir='ltr' id='par_1_78' title="bbox 2205 3548 3795 3624">
     <span class='ocr_line' id='line_1_78' title="bbox 2205 3548 3795 3624; baseline 0.002 -20"><span class='ocrx_word' id='word_1_577' title='bbox 2205 3548 2310 3604; x_wconf 89' lang='lat' dir='ltr'><strong>hoc</strong></span> <span class='ocrx_word' id='word_1_578' title='bbox 2350 3558 2433 3605; x_wconf 90' lang='lat' dir='ltr'><strong>est</strong></span> <span class='ocrx_word' id='word_1_579' title='bbox 2475 3549 2529 3604; x_wconf 91' lang='lat' dir='ltr'><strong>in</strong></span> <span class='ocrx_word' id='word_1_580' title='bbox 2588 3548 2804 3604; x_wconf 83' lang='lat' dir='ltr'><strong>Sanctis</strong></span> <span class='ocrx_word' id='word_1_581' title='bbox 2876 3557 3225 3614; x_wconf 88' lang='lat' dir='ltr'><strong>sanctorum,</strong></span> <span class='ocrx_word' id='word_1_582' title='bbox 3278 3550 3331 3605; x_wconf 84' lang='lat' dir='ltr'><strong>in</strong></span> <span class='ocrx_word' id='word_1_583' title='bbox 3378 3552 3564 3621; x_wconf 82' lang='lat' dir='ltr'><strong>priori</strong></span> <span class='ocrx_word' id='word_1_584' title='bbox 3605 3554 3795 3624; x_wconf 65' lang='lat' dir='ltr'><strong>quidet:</strong></span> 
     </span>
    </p>
   </div>
   <div class='ocr_carea' id='block_1_79' title="bbox 2206 3640 3797 3716">
    <p class='ocr_par' dir='ltr' id='par_1_79' title="bbox 2206 3640 3797 3716">
     <span class='ocr_line' id='line_1_79' title="bbox 2206 3640 3797 3716; baseline 0.002 -21"><span class='ocrx_word' id='word_1_585' title='bbox 2206 3640 2567 3706; x_wconf 85' lang='lat' dir='ltr'><strong>tabernaculo,</strong></span> <span class='ocrx_word' id='word_1_586' title='bbox 2606 3640 2709 3698; x_wconf 90' lang='lat' dir='ltr'><strong>hoc</strong></span> <span class='ocrx_word' id='word_1_587' title='bbox 2739 3649 2823 3695; x_wconf 89' lang='lat' dir='ltr'><strong>est</strong></span> <span class='ocrx_word' id='word_1_588' title='bbox 2858 3641 2912 3695; x_wconf 92' lang='lat' dir='ltr'><strong>in</strong></span> <span class='ocrx_word' id='word_1_589' title='bbox 2953 3641 3037 3695; x_wconf 93' lang='lat' dir='ltr'><strong>illa</strong></span> <span class='ocrx_word' id='word_1_590' title='bbox 3073 3652 3225 3712; x_wconf 87' lang='lat' dir='ltr'><strong>parte</strong></span> <span class='ocrx_word' id='word_1_591' title='bbox 3261 3641 3449 3712; x_wconf 90' lang='lat' dir='ltr'><strong>templi</strong></span> <span class='ocrx_word' id='word_1_592' title='bbox 3491 3644 3554 3697; x_wconf 86' lang='lat' dir='ltr'><strong>in</strong></span> <span class='ocrx_word' id='word_1_593' title='bbox 3597 3660 3703 3716; x_wconf 79' lang='lat' dir='ltr'><strong>qua</strong></span> <span class='ocrx_word' id='word_1_594' title='bbox 3734 3644 3797 3698; x_wconf 79' lang='lat' dir='ltr'><strong>al-</strong></span> 
     </span>
    </p>
   </div>
   <div class='ocr_carea' id='block_1_80' title="bbox 2208 3732 3798 3803">
    <p class='ocr_par' dir='ltr' id='par_1_80' title="bbox 2208 3732 3798 3803">
     <span class='ocr_line' id='line_1_80' title="bbox 2208 3732 3798 3803; baseline 0.002 -17"><span class='ocrx_word' id='word_1_595' title='bbox 2208 3741 2323 3787; x_wconf 90' lang='lat' dir='ltr'><strong>tare</strong></span> <span class='ocrx_word' id='word_1_596' title='bbox 2367 3732 2574 3787; x_wconf 92' lang='lat' dir='ltr'><strong>incensi</strong></span> <span class='ocrx_word' id='word_1_597' title='bbox 2614 3742 2771 3798; x_wconf 89' lang='lat' dir='ltr'><strong>erat,</strong></span> <span class='ocrx_word' id='word_1_598' title='bbox 2819 3740 2873 3787; x_wconf 92' lang='lat' dir='ltr'><strong>et</strong></span> <span class='ocrx_word' id='word_1_599' title='bbox 2917 3742 3041 3788; x_wconf 90' lang='lat' dir='ltr'><strong>ante</strong></span> <span class='ocrx_word' id='word_1_600' title='bbox 3083 3734 3238 3803; x_wconf 84' lang='lat' dir='ltr'><strong>cujus</strong></span> <span class='ocrx_word' id='word_1_601' title='bbox 3279 3733 3448 3790; x_wconf 88' lang='lat' dir='ltr'><strong>etiam</strong></span> <span class='ocrx_word' id='word_1_602' title='bbox 3499 3734 3658 3792; x_wconf 75' lang='lat' dir='ltr'><strong>fores</strong></span> <span class='ocrx_word' id='word_1_603' title='bbox 3696 3744 3798 3791; x_wconf 79' lang='lat' dir='ltr'><strong>erat</strong></span> 
     </span>
    </p>
   </div>
   <div class='ocr_carea' id='block_1_81' title="bbox 2207 3821 3795 3892">
    <p class='ocr_par' dir='ltr' id='par_1_81' title="bbox 2207 3821 3795 3892">
     <span class='ocr_line' id='line_1_81' title="bbox 2207 3821 3795 3892; baseline 0 -14"><span class='ocrx_word' id='word_1_604' title='bbox 2207 3822 2379 3878; x_wconf 88' lang='lat' dir='ltr'><strong>altare</strong></span> <span class='ocrx_word' id='word_1_605' title='bbox 2420 3821 2891 3887; x_wconf 88' lang='lat' dir='ltr'><strong>holocaustorum,</strong></span> <span class='ocrx_word' id='word_1_606' title='bbox 2933 3839 3135 3892; x_wconf 79' lang='lat' dir='ltr'><strong>semper</strong></span> <span class='ocrx_word' id='word_1_607' title='bbox 3173 3823 3463 3878; x_wconf 83' lang='lat' dir='ltr'><strong>introibant</strong></span> <span class='ocrx_word' id='word_1_608' title='bbox 3512 3826 3795 3880; x_wconf 71' lang='lat' dir='ltr'><strong>sacerdota</strong></span> 
     </span>
    </p>
   </div>
   <div class='ocr_carea' id='block_1_82' title="bbox 2206 3913 3794 3986">
    <p class='ocr_par' dir='ltr' id='par_1_82' title="bbox 2206 3913 3794 3986">
     <span class='ocr_line' id='line_1_82' title="bbox 2206 3913 3794 3986; baseline 0.001 -16"><span class='ocrx_word' id='word_1_609' title='bbox 2206 3915 2585 3985; x_wconf 80' lang='lat' dir='ltr'><strong>sacriﬁciorum</strong></span> <span class='ocrx_word' id='word_1_610' title='bbox 2621 3916 2786 3986; x_wconf 73' lang='lat' dir='ltr'><strong>oﬁicia</strong></span> <span class='ocrx_word' id='word_1_611' title='bbox 2823 3926 3263 3970; x_wconf 82' lang='lat' dir='ltr'><strong>consummantes.</strong></span> <span class='ocrx_word' id='word_1_612' title='bbox 3312 3913 3433 3971; x_wconf 81' lang='lat' dir='ltr'><strong>Non</strong></span> <span class='ocrx_word' id='word_1_613' title='bbox 3477 3929 3574 3973; x_wconf 84' lang='lat' dir='ltr'><strong>est</strong></span> <span class='ocrx_word' id='word_1_614' title='bbox 3616 3920 3689 3973; x_wconf 80' lang='lat' dir='ltr'><strong>ita</strong></span> <span class='ocrx_word' id='word_1_615' title='bbox 3728 3920 3794 3972; x_wconf 78' lang='lat' dir='ltr'><strong>ia-</strong></span> 
     </span>
    </p>
   </div>
   <div class='ocr_carea' id='block_1_83' title="bbox 2209 4007 3796 4079">
    <p class='ocr_par' dir='ltr' id='par_1_83' title="bbox 2209 4007 3796 4079">
     <span class='ocr_line' id='line_1_83' title="bbox 2209 4007 3796 4079; baseline 0 -16"><span class='ocrx_word' id='word_1_616' title='bbox 2209 4007 2552 4078; x_wconf 81' lang='lat' dir='ltr'><strong>tclligendum</strong></span> <span class='ocrx_word' id='word_1_617' title='bbox 2606 4008 2750 4078; x_wconf 90' lang='lat' dir='ltr'><strong>quod</strong></span> <span class='ocrx_word' id='word_1_618' title='bbox 2809 4008 2860 4061; x_wconf 90' lang='lat' dir='ltr'><strong>in</strong></span> <span class='ocrx_word' id='word_1_619' title='bbox 2913 4008 3113 4077; x_wconf 87' lang='lat' dir='ltr'><strong>templo</strong></span> <span class='ocrx_word' id='word_1_620' title='bbox 3164 4024 3332 4079; x_wconf 86' lang='lat' dir='ltr'><strong>super</strong></span> <span class='ocrx_word' id='word_1_621' title='bbox 3372 4009 3559 4065; x_wconf 89' lang='lat' dir='ltr'><strong>altare</strong></span> <span class='ocrx_word' id='word_1_622' title='bbox 3608 4010 3796 4066; x_wconf 68' lang='lat' dir='ltr'><strong>incens&#39;</strong></span> 
     </span>
    </p>
   </div>
   <div class='ocr_carea' id='block_1_84' title="bbox 2207 4096 3797 4170">
    <p class='ocr_par' dir='ltr' id='par_1_84' title="bbox 2207 4096 3797 4170">
     <span class='ocr_line' id='line_1_84' title="bbox 2207 4096 3797 4170; baseline 0.001 -17"><span class='ocrx_word' id='word_1_623' title='bbox 2207 4098 2412 4154; x_wconf 88' lang='lat' dir='ltr'><strong>hostias</strong></span> <span class='ocrx_word' id='word_1_624' title='bbox 2446 4096 2705 4152; x_wconf 77' lang='lat' dir='ltr'><strong>offerrent</strong></span> <span class='ocrx_word' id='word_1_625' title='bbox 2734 4109 2828 4153; x_wconf 90' lang='lat' dir='ltr'><strong>aut</strong></span> <span class='ocrx_word' id='word_1_626' title='bbox 2862 4099 2949 4153; x_wconf 92' lang='lat' dir='ltr'><strong>ubi</strong></span> <span class='ocrx_word' id='word_1_627' title='bbox 2989 4098 3316 4170; x_wconf 80' lang='lat' dir='ltr'><strong>perlicerent</strong></span> <span class='ocrx_word' id='word_1_628' title='bbox 3343 4102 3631 4157; x_wconf 81' lang='lat' dir='ltr'><strong>sacriﬁcia</strong></span> <span class='ocrx_word' id='word_1_629' title='bbox 3663 4103 3797 4156; x_wconf 74' lang='lat' dir='ltr'><strong>victi-</strong></span> 
     </span>
    </p>
   </div>
   <div class='ocr_carea' id='block_1_85' title="bbox 2207 4189 3798 4263">
    <p class='ocr_par' dir='ltr' id='par_1_85' title="bbox 2207 4189 3798 4263">
     <span class='ocr_line' id='line_1_85' title="bbox 2207 4189 3798 4263; baseline 0.001 -19"><span class='ocrx_word' id='word_1_630' title='bbox 2207 4204 2440 4255; x_wconf 88' lang='lat' dir='ltr'><strong>marum,</strong></span> <span class='ocrx_word' id='word_1_631' title='bbox 2488 4189 2582 4244; x_wconf 92' lang='lat' dir='ltr'><strong>sed</strong></span> <span class='ocrx_word' id='word_1_632' title='bbox 2629 4190 2810 4260; x_wconf 90' lang='lat' dir='ltr'><strong>potius</strong></span> <span class='ocrx_word' id='word_1_633' title='bbox 2850 4191 3242 4246; x_wconf 77' lang='lat' dir='ltr'><strong>sacriﬁciorum</strong></span> <span class='ocrx_word' id='word_1_634' title='bbox 3286 4191 3463 4247; x_wconf 82' lang='lat' dir='ltr'><strong>oﬂicia</strong></span> <span class='ocrx_word' id='word_1_635' title='bbox 3521 4208 3798 4263; x_wconf 79' lang='lat' dir='ltr'><strong>possumus</strong></span> 
     </span>
    </p>
   </div>
   <div class='ocr_carea' id='block_1_86' title="bbox 2208 4278 3801 4353">
    <p class='ocr_par' dir='ltr' id='par_1_86' title="bbox 2208 4278 3801 4353">
     <span class='ocr_line' id='line_1_86' title="bbox 2208 4278 3801 4353; baseline 0 -18"><span class='ocrx_word' id='word_1_636' title='bbox 2208 4280 2456 4349; x_wconf 87' lang='lat' dir='ltr'><strong>accipere</strong></span> <span class='ocrx_word' id='word_1_637' title='bbox 2494 4278 2793 4343; x_wconf 89' lang='lat' dir='ltr'><strong>incensum,</strong></span> <span class='ocrx_word' id='word_1_638' title='bbox 2839 4279 2904 4334; x_wconf 89' lang='lat' dir='ltr'><strong>ad</strong></span> <span class='ocrx_word' id='word_1_639' title='bbox 2945 4281 3086 4350; x_wconf 89' lang='lat' dir='ltr'><strong>quod</strong></span> <span class='ocrx_word' id='word_1_640' title='bbox 3117 4279 3456 4336; x_wconf 76' lang='lat' dir='ltr'><strong>oﬂ‘eremlum</strong></span> <span class='ocrx_word' id='word_1_641' title='bbox 3481 4283 3801 4353; x_wconf 68' lang='lat' dir='ltr'><strong>semperm-</strong></span> 
     </span>
    </p>
   </div>
   <div class='ocr_carea' id='block_1_87' title="bbox 2207 4373 3800 4444">
    <p class='ocr_par' dir='ltr' id='par_1_87' title="bbox 2207 4373 3800 4444">
     <span class='ocr_line' id='line_1_87' title="bbox 2207 4373 3800 4444; baseline 0.002 -16"><span class='ocrx_word' id='word_1_642' title='bbox 2207 4373 2596 4444; x_wconf 86' lang='lat' dir='ltr'><strong>grediebantur</strong></span> <span class='ocrx_word' id='word_1_643' title='bbox 2635 4373 2948 4429; x_wconf 90' lang='lat' dir='ltr'><strong>sacerdotes</strong></span> <span class='ocrx_word' id='word_1_644' title='bbox 2980 4389 3139 4429; x_wconf 90' lang='lat' dir='ltr'><strong>mane</strong></span> <span class='ocrx_word' id='word_1_645' title='bbox 3165 4383 3221 4428; x_wconf 91' lang='lat' dir='ltr'><strong>et</strong></span> <span class='ocrx_word' id='word_1_646' title='bbox 3244 4389 3499 4444; x_wconf 86' lang='lat' dir='ltr'><strong>vespere,</strong></span> <span class='ocrx_word' id='word_1_647' title='bbox 3533 4376 3660 4431; x_wconf 81' lang='lat' dir='ltr'><strong>sive</strong></span> <span class='ocrx_word' id='word_1_648' title='bbox 3686 4390 3800 4431; x_wconf 74' lang='lat' dir='ltr'><strong>eoa-</strong></span> 
     </span>
    </p>
   </div>
   <div class='ocr_carea' id='block_1_88' title="bbox 2209 4464 3798 4537">
    <p class='ocr_par' dir='ltr' id='par_1_88' title="bbox 2209 4464 3798 4537">
     <span class='ocr_line' id='line_1_88' title="bbox 2209 4464 3798 4537; baseline 0 -17"><span class='ocrx_word' id='word_1_649' title='bbox 2209 4475 2477 4520; x_wconf 91' lang='lat' dir='ltr'><strong>summato</strong></span> <span class='ocrx_word' id='word_1_650' title='bbox 2524 4475 2579 4521; x_wconf 91' lang='lat' dir='ltr'><strong>et</strong></span> <span class='ocrx_word' id='word_1_651' title='bbox 2624 4464 2866 4536; x_wconf 81' lang='lat' dir='ltr'><strong>perfecto</strong></span> <span class='ocrx_word' id='word_1_652' title='bbox 2911 4465 3178 4521; x_wconf 82' lang='lat' dir='ltr'><strong>sacriﬁcio</strong></span> <span class='ocrx_word' id='word_1_653' title='bbox 3224 4464 3349 4521; x_wconf 83' lang='lat' dir='ltr'><strong>ante</strong></span> <span class='ocrx_word' id='word_1_654' title='bbox 3390 4466 3666 4537; x_wconf 87' lang='lat' dir='ltr'><strong>templum</strong></span> <span class='ocrx_word' id='word_1_655' title='bbox 3692 4508 3707 4531; x_wconf 87' lang='lat'><strong>,</strong></span> <span class='ocrx_word' id='word_1_656' title='bbox 3752 4467 3798 4520; x_wconf 81' lang='lat' dir='ltr'><strong>ia</strong></span> 
     </span>
    </p>
   </div>
   <div class='ocr_carea' id='block_1_89' title="bbox 520 4549 3800 4655">
    <p class='ocr_par' dir='ltr' id='par_1_89' title="bbox 520 4549 3800 4655">
     <span class='ocr_line' id='line_1_89' title="bbox 520 4549 3800 4655; baseline -0.004 -32"><span class='ocrx_word' id='word_1_657' title='bbox 520 4557 820 4629; x_wconf 70' lang='lat' dir='ltr'><strong>intelligere</strong></span> <span class='ocrx_word' id='word_1_658' title='bbox 870 4571 1070 4627; x_wconf 82' lang='lat' dir='ltr'><strong>corpus</strong></span> <span class='ocrx_word' id='word_1_659' title='bbox 1113 4562 1167 4610; x_wconf 75' lang='lat' dir='ltr'><strong>et</strong></span> <span class='ocrx_word' id='word_1_660' title='bbox 1210 4553 1528 4625; x_wconf 76' lang='lat' dir='ltr'><strong>sanguinem</strong></span> <span class='ocrx_word' id='word_1_661' title='bbox 1574 4550 1820 4616; x_wconf 82' lang='lat' dir='ltr'><strong>Domini.</strong></span> <span class='ocrx_word' id='word_1_662' title='bbox 1864 4549 2006 4622; x_wconf 84' lang='lat' dir='ltr'><strong>quod</strong></span> <span class='ocrx_word' id='word_1_663' title='bbox 2048 4549 2102 4604; x_wconf 86' lang='lat' dir='ltr'><strong>in</strong></span> <span class='ocrx_word' id='word_1_664' title='bbox 2131 4596 2182 4655; x_wconf 64' lang='grc' dir='ltr'>Β</span> <span class='ocrx_word' id='word_1_665' title='bbox 2210 4557 2366 4613; x_wconf 88' lang='lat' dir='ltr'><strong>altari</strong></span> <span class='ocrx_word' id='word_1_666' title='bbox 2424 4558 2860 4613; x_wconf 85' lang='lat' dir='ltr'><strong>bolocaustorum</strong></span> <span class='ocrx_word' id='word_1_667' title='bbox 2886 4598 2902 4622; x_wconf 93' lang='lat'><strong>,</strong></span> <span class='ocrx_word' id='word_1_668' title='bbox 2962 4572 3178 4627; x_wconf 86' lang='lat' dir='ltr'><strong>semper</strong></span> <span class='ocrx_word' id='word_1_669' title='bbox 3235 4557 3700 4627; x_wconf 67' lang='lat' dir='ltr'><strong>ingrediebantur</strong></span> <span class='ocrx_word' id='word_1_670' title='bbox 3753 4558 3800 4612; x_wconf 74' lang='lat' dir='ltr'><strong>in</strong></span> 
     </span>
    </p>
   </div>
   <div class='ocr_carea' id='block_1_90' title="bbox 523 4648 1173 4723">
    <p class='ocr_par' dir='ltr' id='par_1_90' title="bbox 523 4648 1173 4723">
     <span class='ocr_line' id='line_1_90' title="bbox 523 4648 1173 4723; baseline -0.005 -18"><span class='ocrx_word' id='word_1_671' title='bbox 523 4648 763 4723; x_wconf 81' lang='lat' dir='ltr'><strong>Ecclesia</strong></span> <span class='ocrx_word' id='word_1_672' title='bbox 805 4659 1173 4705; x_wconf 85' lang='lat' dir='ltr'><strong>consecratur.</strong></span> 
     </span>
    </p>
   </div>
   <div class='ocr_carea' id='block_1_91' title="bbox 598 4734 2100 4801">
    <p class='ocr_par' dir='ltr' id='par_1_91' title="bbox 598 4734 2100 4801">
     <span class='ocr_line' id='line_1_91' title="bbox 598 4734 2100 4801; baseline -0.003 -8"><span class='ocrx_word' id='word_1_673' title='bbox 598 4737 722 4796; x_wconf 79' lang='lat' dir='ltr'><strong>Post</strong></span> <span class='ocrx_word' id='word_1_674' title='bbox 760 4741 1106 4796; x_wconf 83' lang='lat' dir='ltr'><strong>velamentum</strong></span> <span class='ocrx_word' id='word_1_675' title='bbox 1140 4750 1316 4795; x_wconf 83' lang='lat' dir='ltr'><strong>autem</strong></span> <span class='ocrx_word' id='word_1_676' title='bbox 1355 4737 1643 4793; x_wconf 83' lang='lat' dir='ltr'><strong>secundum</strong></span> <span class='ocrx_word' id='word_1_677' title='bbox 1685 4734 2100 4801; x_wconf 80' lang='lat' dir='ltr'><strong>tabernaculum,</strong></span> 
     </span>
    </p>
   </div>
   <div class='ocr_carea' id='block_1_92' title="bbox 523 4828 2105 4903">
    <p class='ocr_par' dir='ltr' id='par_1_92' title="bbox 523 4828 2105 4903">
     <span class='ocr_line' id='line_1_92' title="bbox 523 4828 2105 4903; baseline -0.007 -14"><span class='ocrx_word' id='word_1_678' title='bbox 523 4833 781 4890; x_wconf 80' lang='lat' dir='ltr'><strong>subaudis</strong></span> <span class='ocrx_word' id='word_1_679' title='bbox 822 4841 927 4896; x_wconf 88' lang='lat' dir='ltr'><strong>est,</strong></span> <span class='ocrx_word' id='word_1_680' title='bbox 970 4830 1112 4903; x_wconf 86' lang='lat' dir='ltr'><strong>quod</strong></span> <span class='ocrx_word' id='word_1_681' title='bbox 1150 4830 1346 4884; x_wconf 83' lang='lat' dir='ltr'><strong>dicitur</strong></span> <span class='ocrx_word' id='word_1_682' title='bbox 1388 4828 1586 4884; x_wconf 87' lang='lat' dir='ltr'><strong>Sancta</strong></span> <span class='ocrx_word' id='word_1_683' title='bbox 1625 4836 1962 4889; x_wconf 84' lang='lat' dir='ltr'><strong>sanctorum,</strong></span> <span class='ocrx_word' id='word_1_684' title='bbox 2009 4843 2105 4879; x_wconf 85' lang='lat' dir='ltr'><strong>au-</strong></span> 
     </span>
    </p>
   </div>
   <div class='ocr_carea' id='block_1_93' title="bbox 521 4915 2107 4979">
    <p class='ocr_par' dir='ltr' id='par_1_93' title="bbox 521 4915 2107 4979">
     <span class='ocr_line' id='line_1_93' title="bbox 521 4915 2107 4979; baseline -0.007 0"><span class='ocrx_word' id='word_1_685' title='bbox 521 4939 666 4979; x_wconf 79' lang='lat' dir='ltr'><strong>reum</strong></span> <span class='ocrx_word' id='word_1_686' title='bbox 700 4921 892 4977; x_wconf 79' lang='lat' dir='ltr'><strong>habens</strong></span> <span class='ocrx_word' id='word_1_687' title='bbox 927 4918 1252 4975; x_wconf 81' lang='lat' dir='ltr'><strong>thuribulum</strong></span> <span class='ocrx_word' id='word_1_688' title='bbox 1286 4927 1331 4971; x_wconf 87' lang='lat' dir='ltr'><strong>et</strong></span> <span class='ocrx_word' id='word_1_689' title='bbox 1357 4934 1535 4971; x_wconf 83' lang='lat' dir='ltr'><strong>arcam</strong></span> <span class='ocrx_word' id='word_1_690' title='bbox 1565 4916 1853 4971; x_wconf 79' lang='lat' dir='ltr'><strong>testamenti</strong></span> <span class='ocrx_word' id='word_1_691' title='bbox 1884 4915 2107 4969; x_wconf 79' lang='lat' dir='ltr'><strong>circum-</strong></span> 
     </span>
    </p>
   </div>
   <div class='ocr_carea' id='block_1_94' title="bbox 523 5006 2107 5082">
    <p class='ocr_par' dir='ltr' id='par_1_94' title="bbox 523 5006 2107 5082">
     <span class='ocr_line' id='line_1_94' title="bbox 523 5006 2107 5082; baseline -0.005 -13"><span class='ocrx_word' id='word_1_692' title='bbox 523 5024 711 5070; x_wconf 79' lang='lat' dir='ltr'><strong>tcctam</strong></span> <span class='ocrx_word' id='word_1_693' title='bbox 736 5030 800 5068; x_wconf 78' lang='lat' dir='ltr'><strong>ea;</strong></span> <span class='ocrx_word' id='word_1_694' title='bbox 825 5013 966 5067; x_wconf 91' lang='lat' dir='ltr'><strong>omni</strong></span> <span class='ocrx_word' id='word_1_695' title='bbox 998 5021 1144 5082; x_wconf 78' lang='lat' dir='ltr'><strong>parte</strong></span> <span class='ocrx_word' id='word_1_696' title='bbox 1171 5026 1322 5072; x_wconf 83' lang='lat' dir='ltr'><strong>auro,</strong></span> <span class='ocrx_word' id='word_1_697' title='bbox 1351 5008 1403 5064; x_wconf 88' lang='lat' dir='ltr'><strong>iu</strong></span> <span class='ocrx_word' id='word_1_698' title='bbox 1429 5025 1534 5079; x_wconf 86' lang='lat' dir='ltr'><strong>qua</strong></span> <span class='ocrx_word' id='word_1_699' title='bbox 1557 5025 1691 5063; x_wconf 90' lang='lat' dir='ltr'><strong>urna</strong></span> <span class='ocrx_word' id='word_1_700' title='bbox 1713 5022 1875 5063; x_wconf 86' lang='lat' dir='ltr'><strong>aurea</strong></span> <span class='ocrx_word' id='word_1_701' title='bbox 1903 5006 2107 5061; x_wconf 87' lang='lat' dir='ltr'><strong>habens</strong></span> 
     </span>
    </p>
   </div>
   <div class='ocr_carea' id='block_1_95' title="bbox 524 5100 2108 5175">
    <p class='ocr_par' dir='ltr' id='par_1_95' title="bbox 524 5100 2108 5175">
     <span class='ocr_line' id='line_1_95' title="bbox 524 5100 2108 5175; baseline -0.005 -13"><span class='ocrx_word' id='word_1_702' title='bbox 524 5120 747 5172; x_wconf 87' lang='lat' dir='ltr'><strong>manna,</strong></span> <span class='ocrx_word' id='word_1_703' title='bbox 790 5115 838 5160; x_wconf 86' lang='lat' dir='ltr'><strong>ct</strong></span> <span class='ocrx_word' id='word_1_704' title='bbox 879 5104 1025 5175; x_wconf 81' lang='lat' dir='ltr'><strong>virga</strong></span> <span class='ocrx_word' id='word_1_705' title='bbox 1066 5103 1246 5157; x_wconf 80' lang='lat' dir='ltr'><strong>Aaron</strong></span> <span class='ocrx_word' id='word_1_706' title='bbox 1284 5117 1403 5173; x_wconf 77' lang='lat' dir='ltr'><strong>qua:</strong></span> <span class='ocrx_word' id='word_1_707' title='bbox 1446 5100 1776 5172; x_wconf 77' lang='lat' dir='ltr'><strong>fronduerat,</strong></span> <span class='ocrx_word' id='word_1_708' title='bbox 1821 5110 1869 5155; x_wconf 79' lang='lat' dir='ltr'><strong>et</strong></span> <span class='ocrx_word' id='word_1_709' title='bbox 1915 5100 2108 5154; x_wconf 66' lang='lat' dir='ltr'><strong>tabulis</strong></span> 
     </span>
    </p>
   </div>
   <div class='ocr_carea' id='block_1_96' title="bbox 520 5193 2109 5267">
    <p class='ocr_par' dir='ltr' id='par_1_96' title="bbox 520 5193 2109 5267">
     <span class='ocr_line' id='line_1_96' title="bbox 520 5193 2109 5267; baseline -0.003 -17"><span class='ocrx_word' id='word_1_710' title='bbox 520 5193 836 5255; x_wconf 70' lang='lat' dir='ltr'><strong>testamenti.</strong></span> <span class='ocrx_word' id='word_1_711' title='bbox 908 5195 985 5250; x_wconf 89' lang='lat' dir='ltr'><strong>De</strong></span> <span class='ocrx_word' id='word_1_712' title='bbox 1030 5196 1117 5251; x_wconf 80' lang='lat' dir='ltr'><strong>his</strong></span> <span class='ocrx_word' id='word_1_713' title='bbox 1174 5194 1403 5267; x_wconf 79' lang='lat' dir='ltr'><strong>singulis</strong></span> <span class='ocrx_word' id='word_1_714' title='bbox 1451 5195 1722 5266; x_wconf 87' lang='lat' dir='ltr'><strong>quomodo</strong></span> <span class='ocrx_word' id='word_1_715' title='bbox 1771 5203 1825 5248; x_wconf 91' lang='lat' dir='ltr'><strong>et</strong></span> <span class='ocrx_word' id='word_1_716' title='bbox 1873 5193 2109 5263; x_wconf 88' lang='lat' dir='ltr'><strong>qualiter</strong></span> 
     </span>
    </p>
   </div>
   <div class='ocr_carea' id='block_1_97' title="bbox 513 5282 2110 5354">
    <p class='ocr_par' dir='ltr' id='par_1_97' title="bbox 513 5282 2110 5354">
     <span class='ocr_line' id='line_1_97' title="bbox 513 5282 2110 5354; baseline -0.004 -11"><span class='ocrx_word' id='word_1_717' title='bbox 513 5295 707 5343; x_wconf 78' lang='lat' dir='ltr'><strong>essent</strong></span> <span class='ocrx_word' id='word_1_718' title='bbox 739 5286 1009 5351; x_wconf 86' lang='lat' dir='ltr'><strong>ordinata,</strong></span> <span class='ocrx_word' id='word_1_719' title='bbox 1039 5286 1336 5341; x_wconf 88' lang='lat' dir='ltr'><strong>secundum</strong></span> <span class='ocrx_word' id='word_1_720' title='bbox 1379 5284 1613 5339; x_wconf 85' lang='lat' dir='ltr'><strong>litteram</strong></span> <span class='ocrx_word' id='word_1_721' title='bbox 1656 5283 1817 5353; x_wconf 88' lang='lat' dir='ltr'><strong>paulo</strong></span> <span class='ocrx_word' id='word_1_722' title='bbox 1859 5282 2110 5354; x_wconf 88' lang='lat' dir='ltr'><strong>superius</strong></span> 
     </span>
    </p>
   </div>
   <div class='ocr_carea' id='block_1_98' title="bbox 510 5376 2108 5451">
    <p class='ocr_par' dir='ltr' id='par_1_98' title="bbox 510 5376 2108 5451">
     <span class='ocr_line' id='line_1_98' title="bbox 510 5376 2108 5451; baseline -0.001 -19"><span class='ocrx_word' id='word_1_723' title='bbox 510 5378 853 5434; x_wconf 56' lang='lat' dir='ltr'><strong>elucidatum</strong></span> <span class='ocrx_word' id='word_1_724' title='bbox 892 5386 1375 5451; x_wconf 30' lang='lat' dir='ltr'><strong>cst,.quaprnpter</strong></span> <span class='ocrx_word' id='word_1_725' title='bbox 1400 5376 1701 5447; x_wconf 87' lang='lat' dir='ltr'><strong>spiritualia</strong></span> <span class='ocrx_word' id='word_1_726' title='bbox 1741 5376 1999 5448; x_wconf 86' lang='lat' dir='ltr'><strong>mysteria</strong></span> <span class='ocrx_word' id='word_1_727' title='bbox 2031 5377 2108 5431; x_wconf 77' lang='lat' dir='ltr'><strong>vi-</strong></span> 
     </span>
    </p>
   </div>
   <div class='ocr_carea' id='block_1_99' title="bbox 520 5467 2105 5547">
    <p class='ocr_par' dir='ltr' id='par_1_99' title="bbox 520 5467 2105 5547">
     <span class='ocr_line' id='line_1_99' title="bbox 520 5467 2105 5547; baseline -0.003 -21"><span class='ocrx_word' id='word_1_728' title='bbox 520 5470 768 5528; x_wconf 79' lang='lat' dir='ltr'><strong>deamus.</strong></span> <span class='ocrx_word' id='word_1_729' title='bbox 814 5469 998 5547; x_wconf 78' lang='lat' dir='ltr'><strong>Velum</strong></span> <span class='ocrx_word' id='word_1_730' title='bbox 1030 5479 1155 5541; x_wconf 92' lang='lat' dir='ltr'><strong>post</strong></span> <span class='ocrx_word' id='word_1_731' title='bbox 1182 5472 1323 5541; x_wconf 90' lang='lat' dir='ltr'><strong>quod</strong></span> <span class='ocrx_word' id='word_1_732' title='bbox 1354 5477 1475 5525; x_wconf 87' lang='lat' dir='ltr'><strong>erat</strong></span> <span class='ocrx_word' id='word_1_733' title='bbox 1507 5467 1933 5530; x_wconf 88' lang='lat' dir='ltr'><strong>tabernaculum,</strong></span> <span class='ocrx_word' id='word_1_734' title='bbox 1965 5468 2105 5537; x_wconf 87' lang='lat' dir='ltr'><strong>quod</strong></span> 
     </span>
    </p>
   </div>
   <div class='ocr_carea' id='block_1_100' title="bbox 522 5557 2105 5633">
    <p class='ocr_par' dir='ltr' id='par_1_100' title="bbox 522 5557 2105 5633">
     <span class='ocr_line' id='line_1_100' title="bbox 522 5557 2105 5633; baseline -0.003 -17"><span class='ocrx_word' id='word_1_735' title='bbox 522 5558 903 5633; x_wconf 77' lang='lat' dir='ltr'><strong>appellabatur</strong></span> <span class='ocrx_word' id='word_1_736' title='bbox 949 5558 1149 5615; x_wconf 87' lang='lat' dir='ltr'><strong>Sancta</strong></span> <span class='ocrx_word' id='word_1_737' title='bbox 1177 5567 1515 5623; x_wconf 90' lang='lat' dir='ltr'><strong>sanctorum,</strong></span> <span class='ocrx_word' id='word_1_738' title='bbox 1564 5572 1728 5612; x_wconf 88' lang='lat' dir='ltr'><strong>causa</strong></span> <span class='ocrx_word' id='word_1_739' title='bbox 1772 5572 1884 5612; x_wconf 66' lang='lat' dir='ltr'><strong>suae</strong></span> <span class='ocrx_word' id='word_1_740' title='bbox 1925 5557 2105 5628; x_wconf 86' lang='lat' dir='ltr'><strong>digni-</strong></span> 
     </span>
    </p>
   </div>
   <div class='ocr_carea' id='block_1_101' title="bbox 522 5648 2106 5717">
    <p class='ocr_par' dir='ltr' id='par_1_101' title="bbox 522 5648 2106 5717">
     <span class='ocr_line' id='line_1_101' title="bbox 522 5648 2106 5717; baseline -0.005 -9"><span class='ocrx_word' id='word_1_741' title='bbox 522 5652 675 5716; x_wconf 83' lang='lat' dir='ltr'><strong>ta‘tis,</strong></span> <span class='ocrx_word' id='word_1_742' title='bbox 702 5650 845 5706; x_wconf 80' lang='lat' dir='ltr'><strong>sicut</strong></span> <span class='ocrx_word' id='word_1_743' title='bbox 867 5658 924 5705; x_wconf 90' lang='lat' dir='ltr'><strong>et</strong></span> <span class='ocrx_word' id='word_1_744' title='bbox 944 5649 1166 5706; x_wconf 87' lang='lat' dir='ltr'><strong>Cantica</strong></span> <span class='ocrx_word' id='word_1_745' title='bbox 1190 5649 1554 5715; x_wconf 81' lang='lat' dir='ltr'><strong>eanticomm,</strong></span> <span class='ocrx_word' id='word_1_746' title='bbox 1581 5648 1852 5717; x_wconf 84' lang='lat' dir='ltr'><strong>signiﬁcat</strong></span> <span class='ocrx_word' id='word_1_747' title='bbox 1885 5648 2106 5713; x_wconf 75' lang='lat' dir='ltr'><strong>ctutum,</strong></span> 
     </span>
    </p>
   </div>
   <div class='ocr_carea' id='block_1_102' title="bbox 522 5746 2109 5819">
    <p class='ocr_par' dir='ltr' id='par_1_102' title="bbox 522 5746 2109 5819">
     <span class='ocr_line' id='line_1_102' title="bbox 522 5746 2109 5819; baseline 0.001 -19"><span class='ocrx_word' id='word_1_748' title='bbox 522 5754 652 5819; x_wconf 80' lang='lat' dir='ltr'><strong>post</strong></span> <span class='ocrx_word' id='word_1_749' title='bbox 688 5746 834 5817; x_wconf 89' lang='lat' dir='ltr'><strong>quod</strong></span> <span class='ocrx_word' id='word_1_750' title='bbox 874 5746 1294 5802; x_wconf 69' lang='lat' dir='ltr'><strong>sunt&#39;interiura</strong></span> <span class='ocrx_word' id='word_1_751' title='bbox 1334 5746 1527 5818; x_wconf 63' lang='lat' dir='ltr'><strong>patriai</strong></span> <span class='ocrx_word' id='word_1_752' title='bbox 1566 5746 1823 5802; x_wconf 73' lang='lat' dir='ltr'><strong>etelestis.</strong></span> <span class='ocrx_word' id='word_1_753' title='bbox 1887 5746 2109 5801; x_wconf 84' lang='lat' dir='ltr'><strong>Elevato</strong></span> 
     </span>
    </p>
   </div>
   <div class='ocr_carea' id='block_1_103' title="bbox 520 5822 2107 5903">
    <p class='ocr_par' dir='ltr' id='par_1_103' title="bbox 520 5822 2107 5903">
     <span class='ocr_line' id='line_1_103' title="bbox 520 5822 2107 5903; baseline -0.004 -6"><span class='ocrx_word' id='word_1_754' title='bbox 520 5835 670 5898; x_wconf 71' lang='lat' dir='ltr'><strong>nlo.</strong></span> <span class='ocrx_word' id='word_1_755' title='bbox 694 5837 1098 5899; x_wconf 66' lang='lat' dir='ltr'><strong>incrediebatur</strong></span> <span class='ocrx_word' id='word_1_756' title='bbox 1118 5822 1360 5901; x_wconf 78' lang='lat' dir='ltr'><strong>pontifex</strong></span> <span class='ocrx_word' id='word_1_757' title='bbox 1386 5840 1508 5897; x_wconf 82' lang='lat' dir='ltr'><strong>cum</strong></span> <span class='ocrx_word' id='word_1_758' title='bbox 1534 5840 1796 5903; x_wconf 70' lang='lat' dir='ltr'><strong>sanguine</strong></span> <span class='ocrx_word' id='word_1_759' title='bbox 1832 5841 1885 5895; x_wconf 92' lang='lat' dir='ltr'><strong>in</strong></span> <span class='ocrx_word' id='word_1_760' title='bbox 1908 5840 2107 5896; x_wconf 81' lang='lat' dir='ltr'><strong>Sancta</strong></span> 
     </span>
    </p>
   </div>
   <div class='ocr_carea' id='block_1_104' title="bbox 2209 4650 3800 4723">
    <p class='ocr_par' dir='ltr' id='par_1_104' title="bbox 2209 4650 3800 4723">
     <span class='ocr_line' id='line_1_104' title="bbox 2209 4650 3800 4723; baseline -0.004 -13"><span class='ocrx_word' id='word_1_761' title='bbox 2209 4653 2463 4723; x_wconf 90' lang='lat' dir='ltr'><strong>templum</strong></span> <span class='ocrx_word' id='word_1_762' title='bbox 2504 4668 2627 4707; x_wconf 91' lang='lat' dir='ltr'><strong>cum</strong></span> <span class='ocrx_word' id='word_1_763' title='bbox 2671 4652 2910 4708; x_wconf 90' lang='lat' dir='ltr'><strong>incenso.</strong></span> <span class='ocrx_word' id='word_1_764' title='bbox 2959 4650 3144 4707; x_wconf 87' lang='lat' dir='ltr'><strong>Potest</strong></span> <span class='ocrx_word' id='word_1_765' title='bbox 3198 4660 3254 4706; x_wconf 89' lang='lat' dir='ltr'><strong>et</strong></span> <span class='ocrx_word' id='word_1_766' title='bbox 3294 4652 3461 4707; x_wconf 90' lang='lat' dir='ltr'><strong>tertio</strong></span> <span class='ocrx_word' id='word_1_767' title='bbox 3507 4653 3681 4707; x_wconf 82' lang='lat' dir='ltr'><strong>modo</strong></span> <span class='ocrx_word' id='word_1_768' title='bbox 3727 4652 3800 4705; x_wconf 84' lang='lat' dir='ltr'><strong>in-</strong></span> 
     </span>
    </p>
   </div>
   <div class='ocr_carea' id='block_1_105' title="bbox 2210 4740 3801 4816">
    <p class='ocr_par' dir='ltr' id='par_1_105' title="bbox 2210 4740 3801 4816">
     <span class='ocr_line' id='line_1_105' title="bbox 2210 4740 3801 4816; baseline -0.002 -16"><span class='ocrx_word' id='word_1_769' title='bbox 2210 4745 2414 4813; x_wconf 81' lang='lat' dir='ltr'><strong>telligi,</strong></span> <span class='ocrx_word' id='word_1_770' title='bbox 2464 4753 2522 4799; x_wconf 91' lang='lat' dir='ltr'><strong>ut</strong></span> <span class='ocrx_word' id='word_1_771' title='bbox 2575 4743 2760 4816; x_wconf 87' lang='lat' dir='ltr'><strong>(sicut</strong></span> <span class='ocrx_word' id='word_1_772' title='bbox 2797 4743 3045 4812; x_wconf 87' lang='lat' dir='ltr'><strong>superius</strong></span> <span class='ocrx_word' id='word_1_773' title='bbox 3091 4741 3370 4810; x_wconf 78' lang='lat' dir='ltr'><strong>diximus)</strong></span> <span class='ocrx_word' id='word_1_774' title='bbox 3429 4758 3561 4797; x_wconf 87' lang='lat' dir='ltr'><strong>cum</strong></span> <span class='ocrx_word' id='word_1_775' title='bbox 3612 4740 3801 4811; x_wconf 76' lang='lat' dir='ltr'><strong>templo</strong></span> 
     </span>
    </p>
   </div>
   <div class='ocr_carea' id='block_1_106' title="bbox 2210 4833 3805 4902">
    <p class='ocr_par' dir='ltr' id='par_1_106' title="bbox 2210 4833 3805 4902">
     <span class='ocr_line' id='line_1_106' title="bbox 2210 4833 3805 4902; baseline -0.002 -12"><span class='ocrx_word' id='word_1_776' title='bbox 2210 4836 2381 4891; x_wconf 87' lang='lat' dir='ltr'><strong>altare</strong></span> <span class='ocrx_word' id='word_1_777' title='bbox 2414 4836 2577 4901; x_wconf 83' lang='lat' dir='ltr'><strong>etiam</strong></span> <span class='ocrx_word' id='word_1_778' title='bbox 2613 4835 3049 4889; x_wconf 87' lang='lat' dir='ltr'><strong>holocaustornm</strong></span> <span class='ocrx_word' id='word_1_779' title='bbox 3086 4833 3597 4902; x_wconf 81' lang='lat' dir='ltr'><strong>comprehenderit,</strong></span> <span class='ocrx_word' id='word_1_780' title='bbox 3626 4850 3693 4887; x_wconf 85' lang='lat' dir='ltr'><strong>ac</strong></span> <span class='ocrx_word' id='word_1_781' title='bbox 3718 4848 3805 4902; x_wconf 80' lang='lat' dir='ltr'><strong>per</strong></span> 
     </span>
    </p>
   </div>
   <div class='ocr_carea' id='block_1_107' title="bbox 2211 4923 3802 4997">
    <p class='ocr_par' dir='ltr' id='par_1_107' title="bbox 2211 4923 3802 4997">
     <span class='ocr_line' id='line_1_107' title="bbox 2211 4923 3802 4997; baseline -0.004 -15"><span class='ocrx_word' id='word_1_782' title='bbox 2211 4926 2315 4983; x_wconf 90' lang='lat' dir='ltr'><strong>hoc</strong></span> <span class='ocrx_word' id='word_1_783' title='bbox 2345 4941 2375 4981; x_wconf 92' lang='lat' dir='ltr'><strong>a</strong></span> <span class='ocrx_word' id='word_1_784' title='bbox 2408 4934 2561 4996; x_wconf 87' lang='lat' dir='ltr'><strong>parte</strong></span> <span class='ocrx_word' id='word_1_785' title='bbox 2598 4935 2769 4980; x_wconf 91' lang='lat' dir='ltr'><strong>totum</strong></span> <span class='ocrx_word' id='word_1_786' title='bbox 2796 4923 3025 4979; x_wconf 89' lang='lat' dir='ltr'><strong>voluerit</strong></span> <span class='ocrx_word' id='word_1_787' title='bbox 3059 4923 3551 4997; x_wconf 86' lang='lat' dir='ltr'><strong>comprehendere.</strong></span> <span class='ocrx_word' id='word_1_788' title='bbox 3590 4924 3802 4981; x_wconf 76' lang='lat' dir='ltr'><strong>Utrum-</strong></span> 
     </span>
    </p>
   </div>
   <div class='ocr_carea' id='block_1_108' title="bbox 2211 5013 3804 5087">
    <p class='ocr_par' dir='ltr' id='par_1_108' title="bbox 2211 5013 3804 5087">
     <span class='ocr_line' id='line_1_108' title="bbox 2211 5013 3804 5087; baseline -0.003 -15"><span class='ocrx_word' id='word_1_789' title='bbox 2211 5032 2316 5087; x_wconf 91' lang='lat' dir='ltr'><strong>que</strong></span> <span class='ocrx_word' id='word_1_790' title='bbox 2358 5026 2538 5071; x_wconf 85' lang='lat' dir='ltr'><strong>tamen</strong></span> <span class='ocrx_word' id='word_1_791' title='bbox 2581 5032 2680 5087; x_wconf 91' lang='lat' dir='ltr'><strong>pro</strong></span> <span class='ocrx_word' id='word_1_792' title='bbox 2723 5031 2850 5071; x_wconf 89' lang='lat' dir='ltr'><strong>vero</strong></span> <span class='ocrx_word' id='word_1_793' title='bbox 2896 5015 3070 5086; x_wconf 87' lang='lat' dir='ltr'><strong>accipi</strong></span> <span class='ocrx_word' id='word_1_794' title='bbox 3113 5024 3307 5085; x_wconf 91' lang='lat' dir='ltr'><strong>potest.</strong></span> <span class='ocrx_word' id='word_1_795' title='bbox 3354 5013 3425 5069; x_wconf 85' lang='lat' dir='ltr'><strong>In</strong></span> <span class='ocrx_word' id='word_1_796' title='bbox 3453 5017 3694 5070; x_wconf 76' lang='lat' dir='ltr'><strong>secunda</strong></span> <span class='ocrx_word' id='word_1_797' title='bbox 3719 5033 3804 5069; x_wconf 71' lang='lat' dir='ltr'><strong>as-</strong></span> 
     </span>
    </p>
   </div>
   <div class='ocr_carea' id='block_1_109' title="bbox 2212 5103 3805 5175">
    <p class='ocr_par' dir='ltr' id='par_1_109' title="bbox 2212 5103 3805 5175">
     <span class='ocr_line' id='line_1_109' title="bbox 2212 5103 3805 5175; baseline -0.004 -14"><span class='ocrx_word' id='word_1_798' title='bbox 2212 5118 2314 5161; x_wconf 86' lang='lat' dir='ltr'><strong>tem</strong></span> <span class='ocrx_word' id='word_1_799' title='bbox 2350 5104 2504 5159; x_wconf 80' lang='lat' dir='ltr'><strong>semel</strong></span> <span class='ocrx_word' id='word_1_800' title='bbox 2547 5106 2601 5159; x_wconf 85' lang='lat' dir='ltr'><strong>in</strong></span> <span class='ocrx_word' id='word_1_801' title='bbox 2641 5122 2778 5159; x_wconf 86' lang='lat' dir='ltr'><strong>anno</strong></span> <span class='ocrx_word' id='word_1_802' title='bbox 2819 5104 2960 5158; x_wconf 83' lang='lat' dir='ltr'><strong>solus</strong></span> <span class='ocrx_word' id='word_1_803' title='bbox 2998 5103 3235 5175; x_wconf 71' lang='lat' dir='ltr'><strong>pontifex</strong></span> <span class='ocrx_word' id='word_1_804' title='bbox 3261 5120 3363 5158; x_wconf 86' lang='lat' dir='ltr'><strong>non</strong></span> <span class='ocrx_word' id='word_1_805' title='bbox 3401 5105 3518 5159; x_wconf 82' lang='lat' dir='ltr'><strong>sine</strong></span> <span class='ocrx_word' id='word_1_806' title='bbox 3554 5105 3805 5175; x_wconf 67' lang='lat' dir='ltr'><strong>sanguine</strong></span> 
     </span>
    </p>
   </div>
   <div class='ocr_carea' id='block_1_110' title="bbox 2210 5193 3805 5269">
    <p class='ocr_par' dir='ltr' id='par_1_110' title="bbox 2210 5193 3805 5269">
     <span class='ocr_line' id='line_1_110' title="bbox 2210 5193 3805 5269; baseline -0.003 -18"><span class='ocrx_word' id='word_1_807' title='bbox 2210 5213 2372 5269; x_wconf 91' lang='lat' dir='ltr'><strong>quem</strong></span> <span class='ocrx_word' id='word_1_808' title='bbox 2417 5195 2579 5251; x_wconf 86' lang='lat' dir='ltr'><strong>ollert</strong></span> <span class='ocrx_word' id='word_1_809' title='bbox 2621 5209 2719 5266; x_wconf 91' lang='lat' dir='ltr'><strong>pro</strong></span> <span class='ocrx_word' id='word_1_810' title='bbox 2754 5210 2849 5251; x_wconf 89' lang='lat' dir='ltr'><strong>sua</strong></span> <span class='ocrx_word' id='word_1_811' title='bbox 2892 5203 2948 5249; x_wconf 90' lang='lat' dir='ltr'><strong>et</strong></span> <span class='ocrx_word' id='word_1_812' title='bbox 2990 5193 3168 5265; x_wconf 87' lang='lat' dir='ltr'><strong>populi</strong></span> <span class='ocrx_word' id='word_1_813' title='bbox 3212 5194 3548 5264; x_wconf 85' lang='lat' dir='ltr'><strong>ignorantia.</strong></span> <span class='ocrx_word' id='word_1_814' title='bbox 3598 5196 3805 5249; x_wconf 79' lang='lat' dir='ltr'><strong>Secun-</strong></span> 
     </span>
    </p>
   </div>
   <div class='ocr_carea' id='block_1_111' title="bbox 2212 5285 3806 5356">
    <p class='ocr_par' dir='ltr' id='par_1_111' title="bbox 2212 5285 3806 5356">
     <span class='ocr_line' id='line_1_111' title="bbox 2212 5285 3806 5356; baseline -0.003 -12"><span class='ocrx_word' id='word_1_815' title='bbox 2212 5289 2338 5344; x_wconf 84' lang='lat' dir='ltr'><strong>dum</strong></span> <span class='ocrx_word' id='word_1_816' title='bbox 2385 5297 2564 5343; x_wconf 90' lang='lat' dir='ltr'><strong>autem</strong></span> <span class='ocrx_word' id='word_1_817' title='bbox 2621 5285 3026 5356; x_wconf 69' lang='lat' dir='ltr'><strong>tabernaculum</strong></span> <span class='ocrx_word' id='word_1_818' title='bbox 3077 5286 3131 5339; x_wconf 92' lang='lat' dir='ltr'><strong>in</strong></span> <span class='ocrx_word' id='word_1_819' title='bbox 3173 5286 3318 5354; x_wconf 90' lang='lat' dir='ltr'><strong>quod</strong></span> <span class='ocrx_word' id='word_1_820' title='bbox 3367 5286 3519 5341; x_wconf 87' lang='lat' dir='ltr'><strong>solus</strong></span> <span class='ocrx_word' id='word_1_821' title='bbox 3566 5285 3806 5356; x_wconf 73' lang='lat' dir='ltr'><strong>pontifex</strong></span> 
     </span>
    </p>
   </div>
   <div class='ocr_carea' id='block_1_112' title="bbox 2212 5348 3807 5457">
    <p class='ocr_par' dir='ltr' id='par_1_112' title="bbox 2212 5348 3807 5457">
     <span class='ocr_line' id='line_1_112' title="bbox 2212 5348 3807 5457; baseline -0.002 -21"><span class='ocrx_word' id='word_1_822' title='bbox 2212 5396 2333 5436; x_wconf 90' lang='lat' dir='ltr'><strong>cum</strong></span> <span class='ocrx_word' id='word_1_823' title='bbox 2360 5380 2620 5451; x_wconf 87' lang='lat' dir='ltr'><strong>sanguine</strong></span> <span class='ocrx_word' id='word_1_824' title='bbox 2646 5348 3067 5457; x_wconf 66' lang='lat' dir='ltr'><strong>ingrediebatur,</strong></span> <span class='ocrx_word' id='word_1_825' title='bbox 3093 5348 3365 5450; x_wconf 78' lang='lat' dir='ltr'><strong>significat</strong></span> <span class='ocrx_word' id='word_1_826' title='bbox 3402 5348 3674 5434; x_wconf 77' lang='lat' dir='ltr'><strong>interiora</strong></span> <span class='ocrx_word' id='word_1_827' title='bbox 3714 5395 3807 5450; x_wconf 64' lang='grc' dir='ltr'>μη</span> 
     </span>
    </p>
   </div>
   <div class='ocr_carea' id='block_1_113' title="bbox 2213 5465 3808 5539">
    <p class='ocr_par' dir='ltr' id='par_1_113' title="bbox 2213 5465 3808 5539">
     <span class='ocr_line' id='line_1_113' title="bbox 2213 5465 3808 5539; baseline -0.001 -15"><span class='ocrx_word' id='word_1_828' title='bbox 2213 5471 2330 5526; x_wconf 63' lang='lat' dir='ltr'><strong>trite</strong></span> <span class='ocrx_word' id='word_1_829' title='bbox 2353 5469 2589 5526; x_wconf 69' lang='lat' dir='ltr'><strong>ccelestis</strong></span> <span class='ocrx_word' id='word_1_830' title='bbox 2612 5485 2626 5534; x_wconf 89' lang='lat'><strong>;</strong></span> <span class='ocrx_word' id='word_1_831' title='bbox 2651 5468 2741 5523; x_wconf 90' lang='lat' dir='ltr'><strong>ille</strong></span> <span class='ocrx_word' id='word_1_832' title='bbox 2764 5482 2893 5524; x_wconf 89' lang='lat' dir='ltr'><strong>vero</strong></span> <span class='ocrx_word' id='word_1_833' title='bbox 2917 5465 3155 5539; x_wconf 80' lang='lat' dir='ltr'><strong>pontifex</strong></span> <span class='ocrx_word' id='word_1_834' title='bbox 3200 5466 3479 5539; x_wconf 76' lang='lat' dir='ltr'><strong>significat</strong></span> <span class='ocrx_word' id='word_1_835' title='bbox 3502 5467 3808 5529; x_wconf 78' lang='lat' dir='ltr'><strong>Christum.</strong></span> 
     </span>
    </p>
   </div>
   <div class='ocr_carea' id='block_1_114' title="bbox 2200 5558 3813 5634">
    <p class='ocr_par' dir='ltr' id='par_1_114' title="bbox 2200 5558 3813 5634">
     <span class='ocr_line' id='line_1_114' title="bbox 2200 5558 3813 5634; baseline -0.002 -18"><span class='ocrx_word' id='word_1_836' title='bbox 2200 5560 2304 5634; x_wconf 78' lang='lat' dir='ltr'><strong>qui</strong></span> <span class='ocrx_word' id='word_1_837' title='bbox 2345 5560 2513 5617; x_wconf 90' lang='lat' dir='ltr'><strong>semel</strong></span> <span class='ocrx_word' id='word_1_838' title='bbox 2534 5563 2812 5633; x_wconf 86' lang='lat' dir='ltr'><strong>ingressus</strong></span> <span class='ocrx_word' id='word_1_839' title='bbox 2845 5568 2930 5616; x_wconf 88' lang='lat' dir='ltr'><strong>est</strong></span> <span class='ocrx_word' id='word_1_840' title='bbox 2968 5558 3169 5614; x_wconf 87' lang='lat' dir='ltr'><strong>Sancta</strong></span> <span class='ocrx_word' id='word_1_841' title='bbox 3198 5568 3513 5614; x_wconf 86' lang='lat' dir='ltr'><strong>sanctorum</strong></span> <span class='ocrx_word' id='word_1_842' title='bbox 3540 5560 3695 5614; x_wconf 81' lang='lat' dir='ltr'><strong>intra</strong></span> <span class='ocrx_word' id='word_1_843' title='bbox 3728 5574 3813 5612; x_wconf 75' lang='lat' dir='ltr'><strong>re—</strong></span> 
     </span>
    </p>
   </div>
   <div class='ocr_carea' id='block_1_115' title="bbox 2212 5648 3813 5725">
    <p class='ocr_par' dir='ltr' id='par_1_115' title="bbox 2212 5648 3813 5725">
     <span class='ocr_line' id='line_1_115' title="bbox 2212 5648 3813 5725; baseline -0.004 -16"><span class='ocrx_word' id='word_1_844' title='bbox 2212 5655 2345 5721; x_wconf 90' lang='lat' dir='ltr'><strong>lum,</strong></span> <span class='ocrx_word' id='word_1_845' title='bbox 2372 5653 2640 5723; x_wconf 90' lang='lat' dir='ltr'><strong>completa</strong></span> <span class='ocrx_word' id='word_1_846' title='bbox 2679 5653 2936 5725; x_wconf 88' lang='lat' dir='ltr'><strong>passione</strong></span> <span class='ocrx_word' id='word_1_847' title='bbox 2958 5666 3078 5717; x_wconf 90' lang='lat' dir='ltr'><strong>sua,</strong></span> <span class='ocrx_word' id='word_1_848' title='bbox 3118 5661 3179 5705; x_wconf 91' lang='lat' dir='ltr'><strong>ut</strong></span> <span class='ocrx_word' id='word_1_849' title='bbox 3212 5649 3437 5706; x_wconf 84' lang='lat' dir='ltr'><strong>assistat</strong></span> <span class='ocrx_word' id='word_1_850' title='bbox 3461 5664 3609 5706; x_wconf 88' lang='lat' dir='ltr'><strong>nunc</strong></span> <span class='ocrx_word' id='word_1_851' title='bbox 3638 5648 3813 5704; x_wconf 76' lang='lat' dir='ltr'><strong>vultui</strong></span> 
     </span>
    </p>
   </div>
   <div class='ocr_carea' id='block_1_116' title="bbox 2212 5740 3817 5817">
    <p class='ocr_par' dir='ltr' id='par_1_116' title="bbox 2212 5740 3817 5817">
     <span class='ocr_line' id='line_1_116' title="bbox 2212 5740 3817 5817; baseline -0.004 -16"><span class='ocrx_word' id='word_1_852' title='bbox 2212 5745 2309 5801; x_wconf 90' lang='lat' dir='ltr'><strong>Dei</strong></span> <span class='ocrx_word' id='word_1_853' title='bbox 2354 5760 2456 5817; x_wconf 91' lang='lat' dir='ltr'><strong>pro</strong></span> <span class='ocrx_word' id='word_1_854' title='bbox 2499 5745 2657 5801; x_wconf 92' lang='lat' dir='ltr'><strong>nobis</strong></span> <span class='ocrx_word' id='word_1_855' title='bbox 2697 5759 2882 5810; x_wconf 88' lang='lat' dir='ltr'><strong>orans,</strong></span> <span class='ocrx_word' id='word_1_856' title='bbox 2926 5758 3032 5798; x_wconf 91' lang='lat' dir='ltr'><strong>non</strong></span> <span class='ocrx_word' id='word_1_857' title='bbox 3059 5756 3157 5813; x_wconf 91' lang='lat' dir='ltr'><strong>pro</strong></span> <span class='ocrx_word' id='word_1_858' title='bbox 3185 5740 3318 5807; x_wconf 87' lang='lat' dir='ltr'><strong>suis,</strong></span> <span class='ocrx_word' id='word_1_859' title='bbox 3346 5741 3442 5797; x_wconf 89' lang='lat' dir='ltr'><strong>sed</strong></span> <span class='ocrx_word' id='word_1_860' title='bbox 3480 5757 3581 5811; x_wconf 87' lang='lat' dir='ltr'><strong>pro</strong></span> <span class='ocrx_word' id='word_1_861' title='bbox 3606 5740 3817 5797; x_wconf 80' lang='lat' dir='ltr'><strong>nostris</strong></span> 
     </span>
    </p>
   </div>
   <div class='ocr_carea' id='block_1_117' title="bbox 2215 5833 3816 5905">
    <p class='ocr_par' dir='ltr' id='par_1_117' title="bbox 2215 5833 3816 5905">
     <span class='ocr_line' id='line_1_117' title="bbox 2215 5833 3816 5905; baseline -0.005 -12"><span class='ocrx_word' id='word_1_862' title='bbox 2215 5839 2448 5903; x_wconf 79' lang='lat' dir='ltr'><strong>delictis,</strong></span> <span class='ocrx_word' id='word_1_863' title='bbox 2486 5837 2588 5892; x_wconf 82' lang='lat' dir='ltr'><strong>nisi</strong></span> <span class='ocrx_word' id='word_1_864' title='bbox 2638 5834 2779 5891; x_wconf 89' lang='lat' dir='ltr'><strong>forte</strong></span> <span class='ocrx_word' id='word_1_865' title='bbox 2819 5836 3031 5890; x_wconf 85' lang='lat' dir='ltr'><strong>dicatur</strong></span> <span class='ocrx_word' id='word_1_866' title='bbox 3064 5847 3222 5889; x_wconf 85' lang='lat' dir='ltr'><strong>orare</strong></span> <span class='ocrx_word' id='word_1_867' title='bbox 3262 5848 3363 5905; x_wconf 82' lang='lat' dir='ltr'><strong>pro</strong></span> <span class='ocrx_word' id='word_1_868' title='bbox 3404 5833 3538 5900; x_wconf 86' lang='lat' dir='ltr'><strong>suis,</strong></span> <span class='ocrx_word' id='word_1_869' title='bbox 3581 5836 3816 5905; x_wconf 73' lang='lat' dir='ltr'><strong>propter</strong></span> 
     </span>
    </p>
   </div>
  </div>
