3974 6442
182 481 277 539 881

894 484 1254 544 EXPOSITIO
1292 485 1357 542 ΙΝ
1396 482 1549 543 EPP.’
1585 486 1639 541 Β.
1673 484 1896 542 PAULI.
1938 517 2003 527 --
2046 486 2110 541 IN
2148 489 2361 545 EPIST.
2397 490 2488 547 AD
2523 491 2738 549 HEBR.

3340 498 3453 557 882

180 572 617 651 communionem
661 609 824 667 quam
861 576 1027 654 habet
1059 613 1181 653 cum
1217 612 1443 669 corpore
1467 596 1765 669 suo,‘quod
1793 601 1839 661 Α
1869 598 2101 655 ctrinam
2155 600 2537 662 haereticorum
2593 606 2944 687 nihilominus
2990 592 3255 670 “debemus
3301 615 3453 689 sccl-3.

180 694 261 741 est
279 684 521 759 Ecclesia?
541 704 554 741 :
573 687 715 743 unde
730 688 861 745 dicit
887 691 938 744 in
958 690 1210 761 passione
1227 710 1238 746 :
1262 691 1417 757 Deus,
1439 690 1576 747 Deus
1591 708 1761 758 meus,

182 786 240 829 ut
276 776 400 847 quid
443 793 526 831 me
564 778 934 851 dereliquisti.’
985 780 1135 852 longe
1172 800 1203 836 a
1241 781 1412 836 salute
1452 799 1565 837 mea
1609 782 1762 838 verba

178 867 485 923 delictorum
526 886 759 925 meorum
798 870 971 945 (Psal.
1000 888 1123 937 χχι,
1153 874 1225 944 l).
1272 873 1402 942 Quze
1446 884 1574 931 sunt
1614 877 1759 933 enim

178 959 341 1013 verba
368 952 691 1017 deliciarum
719 963 822 1018 nisi
850 965 1096 1034 corporis
1117 963 1234 1034 ejus
1254 967 1394 1035 quod
1417 982 1515 1022 nos
1537 968 1760 1023 sumus?

178 1044 301 1118 Ipse
342 1050 479 1103 enim
524 1061 794 1121 peccatum
839 1069 943 1108 non
985 1054 1140 1123 fecit,
1192 1072 1284 1109 nec
1328 1056 1481 1111 dolus
1523 1058 1759 1113 inventus

175 1136 251 1192 est
283 1137 336 1192 in
372 1155 461 1193 ore
489 1139 603 1210 ejus
628 1139 679 1212 (1
708 1138 855 1198 Petr.
886 1158 943 1205 η,
974 1143 1087 1213 22),
1137 1145 1235 1198 hoc
1276 1145 1603 1216 signiﬁcante
1632 1146 1756 1218 Spi-

173 1229 281 1283 ritu
301 1240 481 1285 sancto
508 1232 740 1287 nondum
762 1236 1093 1304 propalatam
1126 1254 1238 1292 esse
1271 1250 1572 1293 sanctorum
1599 1243 1754 1308 viam,

173 1318 232 1373 id
270 1327 373 1384 est,
416 1320 517 1377 hoc
556 1320 895 1394 signiﬁcante
933 1322 1137 1395 Spiritu
1182 1322 1478 1386 sancto‘ad
1515 1329 1754 1402 Moysen,

170 1412 407 1467 nondum
434 1414 644 1470 venisse
667 1415 941 1472 Christum
984 1419 1076 1490 qui
1123 1421 1290 1476 semel
1331 1438 1453 1478 cum
1495 1427 1756 1496 sanguine

168 1504 436 1575 passionis
475 1521 586 1562 sua:
634 1508 1010 1579 ingrederetur
1034 1512 1298 1568 caelorum
1345 1528 1573 1583 secreta,
1599 1521 1754 1589 quasi

168 1596 374 1652 diceret
394 1596 516 1653 aliis
535 1599 747 1654 verbis:
771 1601 895 1657 Ideo
920 1602 1067 1679 solus
1088 1605 1329 1675 pontifex
1350 1621 1471 1662 cum
1494 1598 1755 1680 sanguine

166 1685 404 1742 intrabat
440 1690 605 1745 semel
650 1691 702 1747 in
739 1691 939 1749 Sancta
983 1706 1295 1753 sanctorum
1321 1739 1336 1765 ,
1381 1709 1439 1754 ut
1482 1701 1753 1759 discamus

162 1777 292 1849 quia
313 1779 534 1857 caeleste
560 1797 782 1854 regnum
811 1784 1177 1869 inaccessibili
1205 1798 1323 1865 erat
1352 1792 1527 1847 adhuc
1551 1803 1753 1848 morta-

160 1865 324 1932 libus,
347 1870 700 1949 quoadusque
726 1874 933 1929 veniret
955 1862 1205 1932 Christus
1229 1862 1345 1948 qui,
1374 1881 1588 1951 expleta
1625 1897 1748 1952 pas-

1861 703 2011 760 pere.
2053 690 2131 746 De
2164 689 2581 762 baptismatibus
2621 682 2757 756 vero.
2785 699 3093 758 Iudaeorum
3135 684 3345 774 plenius
3385 707 3444 763 in

1862 781 2153 854 Evangelio
2196 784 2365 842 Marci
2400 788 2616 860 legitur,
2650 793 2740 848 ubi
2780 794 3153 865 vituperabant
3176 796 3438 856 Pharismi

1861 872 2145 930 Dominum
2168 883 2224 931 et
2256 876 2548 950 discipulos
2578 880 2695 950 eius
2729 900 2831 939 non
2864 885 2984 941 lotis
3016 888 3257 943 manibus
3291 906 3440 945 mau-

1861 962 2269 1036 ducareﬂlarc.
2309 984 2409 1033 vu,
2436 969 2531 1040 2);
2565 970 2768 1029 Omnes
2804 975 2949 1031 enim
2991 976 3294 1036 [arationes
3324 979 3442 1035 illo-

1861 1069 1980 1108 rum
2026 1056 2243 1111 nomine
2278 1056 2661 1129 baptismatum
2712 1060 3097 1136 designantur.
3134 1067 3439 1140 Aliquando

1861 1154 2038 1202 autem
2070 1162 2265 1204 manus
2292 1149 2628 1208 solummodo
2668 1154 2875 1219 lavant,
2924 1156 3213 1227 aliquando
3249 1159 3440 1231 pedes,

1859 1237 2150 1310 aliquando
2203 1248 2372 1297 totum
2425 1250 2622 1315 corpu's
2672 1246 2889 1315 quando
2937 1256 3031 1302 aut
3082 1249 3286 1320 aliquid
3343 1251 3439 1306 im-

1859 1332 2115 1387 mundum
2139 1335 2481 1406 contingunt,
2526 1346 2621 1393 aut
2654 1338 2815 1394 etiam
2852 1339 2899 1395 si
2941 1340 3008 1396 ad
3035 1351 3305 1398 mortuum
3346 1358 3433 1399 ac-

1857 1421 2072 1477 cedunt.
2102 1420 2208 1478 Sed
2246 1422 2446 1480 frustra
2472 1425 2658 1482 lavant
2682 1444 2876 1485 manus
2903 1445 3207 1502 corpusque
3242 1441 3432 1496 totum.

1856 1514 1983 1570 dum
2010 1524 2362 1571 contemnunt
2392 1516 2540 1573 fonte
2579 1517 2877 1577 Salvatoris
2916 1522 3082 1578 ablui.
3128 1522 3260 1578 Nam
3293 1526 3434 1594 quod

1854 1606 2115 1676 propheta
2156 1607 2328 1663 dicit:
2356 1606 2652 1674 Lavamini,
2689 1612 2873 1666 mundi
2913 1622 3093 1679 estote,
3129 1623 3177 1668 et
3205 1614 3434 1669 munda-

1856 1695 1984 1748 mini
2021 1697 2110 1766 qui
2138 1696 2286 1767 fertis
2313 1715 2436 1753 vasa
2469 1698 2685 1754 Domini
2723 1698 2857 1772 (Isa.
2893 1719 2931 1768 ι,
2959 1704 3071 1776 i6),
3094 1699 3190 1759 illi
3235 1704 3433 1761 solum-

1856 1786 2015 1841 modo
2052 1789 2348 1846 carnaliter
2397 1790 2792 1861 intelligebant,
2824 1809 2949 1849 cum
2978 1796 3160 1867 potius
3188 1798 3252 1853 de
3288 1796 3434 1852 lava-

1856 1877 2002 1934 tionc
2023 1880 2365 1950 baptismatis
2389 1882 2591 1938 Christi
2615 1892 2670 1940 et
2690 1880 2953 1943 munditia
2977 1903 3200 1959 operum
3229 1890 3437 1949 dlctum

161 1956 314 2013 sione
334 1974 447 2023 sua,
466 1962 705 2031 aperiret
724 1963 1107 2033 nobisjanuam
1125 1970 1311 2037 patriae
1330 1969 1588 2037 caelestis,
1613 1987 1755 2028 rese-
1784 1972 1827 2031 B
1857 1968 1944 2023 sil-
1972 1970 2078 2026 Ista
2108 1973 2287 2028 omnia
2321 1974 2568 2045 imposita
2595 1987 2750 2032 erant
2779 1994 2951 2049 usque
2974 1978 3040 2035 ad
3072 1989 3285 2053 tempus
3313 1998 3433 2040 cor-

157 2059 283 2138 pto
313 2052 452 2119 velo,
489 2054 542 2108 id
578 2063 662 2111 est
695 2056 853 2112 caelo.
901 2057 1149 2114 Nondum
1185 2061 1332 2117 enim
1368 2071 1488 2117 erat
1525 2064 1750 2120 manife-

163 2149 302 2198 stata
322 2154 633 2201 sanctorum
653 2147 741 2201 via
762 2148 1094 2220 ingrediendi
1121 2151 1173 2205 in
1194 2153 1424 2222 patriam
1447 2155 1743 2222 caelestem,

163 2232 277 2287 sive
314 2248 419 2288 non
466 2235 750 2292 manifesta
795 2239 878 2294 via
922 2228 1335 2311 intelligentiae,
1363 2246 1489 2316 quia
1531 2246 1749 2317 ignora-

160 2322 290 2378 bant
309 2325 551 2382 homines
568 2330 697 2398 quid
718 2331 1087 2403 signiﬁcarent
1108 2334 1195 2389 illa
1215 2339 1494 2408 mysteria.
1523 2338 1633 2397 Nec
1650 2342 1753 2412 pu-'

162 2423 337 2473 temus
361 2418 492 2503 illud
512 2436 610 2477 nos
636 2438 739 2478 non
763 2438 922 2495 posse
943 2425 1148 2497 ingredi
1170 2443 1279 2498 quo
1298 2429 1538 2499 pontifex
1562 2440 1753 2489 noster

158 2507 307 2579 prior
331 2510 608 2581 ingressus
643 2523 756 2581 est,
797 2516 913 2587 ipse
950 2534 1186 2591 namque
1221 2523 1352 2578 dicit
1385 2526 1452 2581 ad
1484 2514 1739 2582 Patrensi

161 2595 340 2666 Pater,
371 2600 483 2655 volo
512 2612 569 2655 ut
596 2603 684 2658 ubi
711 2621 804 2676 ego
829 2624 967 2674 sum,
1000 2619 1049 2664 et
1078 2612 1167 2666 isti
1190 2612 1296 2667 sint
1321 2630 1522 2671 mecum
1555 2616 1753 2689 (Icum

163 2703 296 2753 xvu,
326 2690 435 2761 (ξι),
467 2701 521 2747 et
542 2693 690 2760 alibi,
719 2698 807 2751 ubi
834 2715 949 2753 sum
975 2717 1087 2772 ego,
1122 2702 1231 2756 illic
1259 2715 1309 2759 et
1337 2702 1573 2762 minister
1598 2712 1750 2764 meus

156 2780 253 2833 erit
282 2779 461 2852 (Joan.
507 2799 605 2849 xu,
646 2785 760 2859 26).
802 2788 870 2844 Et
909 2791 1035 2860 quia
1067 2794 1244 2849 adhuc
1275 2796 1530 2867 templum
1566 2800 1745 2855 stabat

158 2873 372 2942 quando
398 2873 692 2946 Apostolus
728 2879 829 2936 ista
869 2880 1212 2954 loquebatur,
1243 2896 1299 2943 et
1342 2889 1563 2945 munera
1599 2891 1746 2964 lega-

156 2959 251 3028 lia,
282 2967 531 3033 quamvis
560 2969 678 3025 sine
703 2966 865 3027 causa
906 2973 978 3028 ibi
1019 2974 1409 3045 offerebantur,
1453 2980 1578 3037 ideo
1610 2959 1749 3039 sub?

147 3052 363 3124 junxit,
409 3057 597 3115 dicens
634 3079 647 3115 :
693 3063 879 3119 Adhuc
922 3067 1097 3136 priore
1146 3070 1483 3126 tabernaculo
1527 3073 1745 3130 habente

151 3152 350 3199 statum
396 3142 545 3218 quae,
602 3154 863 3210 subaudis
912 3172 1018 3222 res,
1077 3160 1332 3230 parabola
1373 3172 1472 3230 est,
1517 3165 1620 3221 hoc
1659 3175 1744 3223 est

152 3230 325 3303 ﬁgura
354 3243 422 3291 ‘et
458 3240 753 3298 similitudo
795 3250 1039 3317 temporis
1074 3252 1315 3308 instantis
1350 3255 1464 3310 sive
1495 3246 1735 3326 praesen-

1856 2053 2129 2126 reetionis,
2161 2063 2264 2119 hoc
2288 2072 2373 2119 est
2397 2081 2570 2135 usque
2594 2067 2661 2121 ad
2690 2076 2900 2142 tempus
2937 2072 3198 2128 Dominiei
3231 2073 3434 2129 adven-

1854 2157 1958 2206 tus.
1984 2152 2176 2209 Postea
2206 2170 2335 2210 vero
2364 2156 2645 2213 immutata
2680 2170 2805 2215 sunt
2827 2177 2857 2216 a
2884 2161 3101 2219 Christo
3126 2163 3180 2219 in
3211 2165 3427 2233 melius,

1848 2241 1973 2308 quia
2002 2243 2127 2298 dum
2156 2244 2450 2302 carnaliter
2478 2247 2928 2319 obscrvabantur,
2955 2253 3276 2310 munditiam
3308 2271 3451 2313 eorm

1844 2332 1996 2401 poris
2024 2336 2427 2407 adimplebant;
2458 2339 2583 2395 dum
2614 2338 2752 2419 vero
2798 2343 3117 2415 spiritaliter
3149 2356 3435 2419 cmperunt

1846 2425 2149 2491 observari“,
2180 2428 2499 2485 munditiam
2536 2432 2730 2487 animae
2756 2422 2963 2505 pariter
2994 2446 3279 2509 coeperunt
3298 2453 3429 2510 ope-

1847 2517 1977 2571 rari.

1916 2608 2156 2664 Christus
2181 2621 2356 2666 autem
2390 2616 2639 2670 assistens
2666 2617 2903 2686 pontifex
2929 2617 3230 2688 futurorum
3258 2621 3425 2677 bono-
3450 2668 3453 2671 .

1846 2715 1984 2765 rum,
2008 2716 2102 2770 per
2123 2701 2349 2772 amplius
2371 2713 2418 2758 et
2447 2705 2727 2776 perfectius
2753 2706 3150 2763 tabernaculum
3172 2726 3277 2765 non
3305 2706 3423 2765 ma-

1845 2792 2140 2861 nufactum,
2183 2795 2239 2848 id
2275 2806 2350 2850 est
2379 2813 2483 2852 non
2522 2797 2682 2868 hujus
2717 2799 3015 2854 creationis.
3056 2800 3303 2858 Pontifex
3330 2799 3425 2858 Ju—

1846 2881 2085 2936 dzeorum
2129 2884 2223 2954 qui
2264 2885 2431 2940 semel
2456 2887 2508 2941 in
2538 2902 2681 2943 anno
2708 2903 2833 2943 eum
2861 2892 3122 2961 sanguine
3169 2892 3455 2953 introibat‘.

1847 2971 1990 3026 intra
2029 2973 2204 3028 velum
2233 2974 2287 3030 in
2315 2975 2515 3032 Sancta
2553 2986 2862 3035 sanctorum
2901 2991 3154 3039 oraturus
3192 3000 3290 3054 pro
3327 2994 3436 3054 po-

1844 3049 1972 3131 pulo
1994 3060 2271 3119 Christum
2314 3066 2651 3138 signiﬁcabat
2679 3068 2820 3125 sicut
2839 3069 2951 3139 jam
2983 3073 3166 3127 multis
3193 3049 3248 3128 in
3286 3049 3431 3131 locis

1845 3154 2173 3211 declaratum
2205 3166 2308 3223 est,
2345 3159 2436 3229 qui
2463 3176 2587 3216 cum
2611 3163 2873 3235 sanguine
2900 3166 3168 3236 passionis
3198 3184 3309 3225 sua:
3339 3183 3433 3223 re--

1844 3256 2027 3327 serato
2071 3249 2209 3305 caelo
2246 3250 2523 3323 ingressus
2559 3266 2640 3309 est
2683 3264 2891 3310 secreta
2935 3258 3125 3328 patria:
3158 3261 3434 3328 caelestis,

154 3324 245 3381 tis.
289 3320 454 3396 Quod'
477 3334 619 3389 enim
652 3337 910 3407 agebatur
944 3342 996 3395 in
1040 3344 1238 3414 templo
1281 3355 1407 3403 tunc
1441 3320 1732 3420 ιθξηροτξε,
1761 3329 1807 3391 C
1839 3339 1928 3393 ubi
1956 3324 2099 3395 nunc
2124 3320 2333 3398 assistit
2362 3344 2530 3400 vultui
2557 3346 2651 3401 Dei
2686 3347 2886 3413 Patris,
2917 3320 3080 3404 orans
3105 3365 3204 3420 pro
3244 3353 3418 3411 nobis.

150 3415 483 3507 ﬁgura'erat
519 3435 574 3482 et
614 3428 910 3486 similitudo
955 3433 1112 3490 istius
1148 3437 1426 3507 veritatis,
1468 3415 1589 3511 quae
1621 3415 1738 3514 jam

152 3507 208 3563 in
240 3500 489 3569 Ecclesia
528 3519 844 3590 completur.
888 3513 1162 3596 Sequitur,
1203 3528 1357 3597 iuxta
1392 3500 1571 3602 quum,
1611 3500 1737 3590 sub-

147 3602 307 3658 audis
353 3607 664 3674 parabolam
714 3614 827 3669 sive
876 3615 1139 3687 ﬁguram,
1191 3636 1408 3676 munera
1455 3633 1504 3678 et
1551 3626 1737 3683 hostile

145 3694 477 3769 offeruntur,
503 3704 680 3762 adhuc
720 3707 792 3762 ibi
831 3726 861 3763 a
900 3713 1288 3776 sacerdotibus,
1326 3716 1466 3783 qum,
1511 3733 1733 3775 munera

143 3786 236 3844 vel
276 3788 499 3857 hostiae,
544 3810 659 3849 none
693 3782 912 3866 possunt
956 3801 1241 3870 perfectum
1290 3804 1464 3873 facere
1502 3811 1730 3865 servien-

145 3888 254 3934 tem
294 3882 452 3950 juxta
493 3888 888 3944 conscientiam.
948 3891 1287 3948 Conscientia
1351 3897 1551 3952 dicitur
1608 3916 1735 3957 cor-

146 3970 235 4026 dis
270 3972 493 4030 scientia
520 3993 619 4047 per
652 3995 814 4050 quam
842 3982 1162 4055 intelligitur
1189 4003 1342 4044 mens
1366 3990 1631 4060 hominis;
1671 3986 1743 4050 il-'

146 4058 236 4125 la,
266 4059 470 4150 inquit,
509 4082 735 4123 munera
772 4071 1012 4127 carnalia
1036 4090 1141 4130 non
1163 4058 1734 4150 poterantperfectum

144 4146 730 4216 reddere‘servientem
756 4162 810 4217 in
842 4164 976 4236 lege,
1003 4166 1157 4238 juxta
1180 4146 1566 4240 perfectionem
1592 4191 1736 4232 men-

140 4244 240 4308 tis,
274 4246 398 4315 quia
432 4265 537 4304 non
571 4251 821 4309 valebant
856 4267 1092 4314 mentem
1128 4261 1431 4331 justiﬁcare
1458 4265 1585 4322 dum
1624 4285 1732 4326 non

137 4334 409 4393 tollebant
454 4347 704 4413 graviora
740 4357 981 4415 peccata.
1027 4350 1311 4409 Neminem
1339 4357 1482 4413 enim
1508 4361 1575 4415 ad
1604 4376 1732 4431 per-

137 4425 345 4515 fectum
375 4432 597 4490 adduxit
625 4435 732 4492 lex.
765 4437 869 4497 Sed
902 4442 956 4498 in
986 4445 1182 4516 quibus
1215 4463 1282 4504 ex
1311 4452 1545 4508 maxima
1575 4425 1732 4525 parte

134 4523 426 4581 mundatio
453 4525 588 4600 legis
608 4531 911 4601 constabat,
939 4536 1335 4610 subsequenter
1356 4523 1613 4612 ostendit,
1642 4547 1728 4602 in-

132 4617 337 4686 quiens
366 4619 693 4679 solummodo
713 4625 769 4681 in
789 4627 916 4705 cibis
939 4638 986 4683 et
1022 4634 1228 4702 patibus
1268 4645 1315 4689 et
1350 4638 1508 4692 variis
1536 4640 1730 4711 baptis-

130 4709 371 4765 matibus
402 4721 450 4765 et
474 4712 703 4783 justitiis
740 4704 936 4787 carnis,
967 4724 1224 4781 subaudis
1280 4727 1564 4785 videbatur
1600 4704 1722 4802 per-

130 4796 344 4858 fectum
376 4803 553 4861 facere
580 4809 927 4878 servientem,
952 4832 1114 4887 usque
1134 4818 1204 4872 ad
1227 4829 1428 4883 tempus
1454 4827 1727 4879 correctio-

128 4895 246 4960 nis,
290 4894 345 4950 id
372 4904 455 4951 est
497 4896 889 4959 meliorationis
918 4916 973 4960 et
1010 4908 1429 4977 emendationis,
1462 4912 1728 4984 impositis

126 4985 263 5042 istis
293 4988 503 5045 scilicet
529 4991 756 5062 justitiis
780 4995 983 5052 carnis.
1016 4996 1109 5052 Ha:
1126 4999 1350 5071 justitite
1391 5006 1636 5061 et'males
1672 5008 1723 5061 in

122 5075 439 5133 differentia
472 5081 717 5138 ciborum
758 5092 812 5139 et
838 5095 1081 5156 potuum,
1117 5106 1181 5145 ac
1207 5092 1480 5147 variorum
1515 5096 1723 5164 baptis-

123 5179 350 5237 magtum
379 5173 491 5230 sive
533 5175 863 5233 lavationnm
911 5196 1081 5251 usque
1120 5184 1186 5237 ad
1220 5193 1431 5256 tempus
1462 5187 1727 5243 Dominici

122 5264 406 5321 adventus
453 5268 720 5339 impositm
766 5270 1003 5339 fuerunt,
1060 5275 1202 5330 sicut
1246 5285 1301 5331 et
1354 5278 1561 5350 reliqua
1604 5296 1725 5349 quae

120 5357 439 5431 agebantur
463 5360 516 5415 in
548 5360 748 5432 ﬁgura;
781 5365 1011 5422 Domino
1038 5378 1218 5423 autem
1248 5369 1569 5429 adveniente
1597 5390 1724 5430 cor-

116 5457 303 5506 recta:
332 5459 477 5515 sunt,
507 5451 610 5508 hoc
632 5463 718 5509 est
767 5456 1065 5513 emendatae
1092 5475 1154 5516 ac
1177 5460 1233 5515 in
1259 5461 1452 5518 melius
1478 5471 1714 5519 mutatae.

115 5539 268 5596 Nam
290 5556 391 5613 per
428 5543 626 5599 munda
656 5545 908 5601 animalia
932 5563 1051 5618 quae
1079 5549 1167 5606 lex
1190 5553 1448 5624 praecepit
1473 5562 1532 5610 ut
1552 5556 1717 5612 edan-

114 5643 243 5699 tur,
272 5633 649 5707 signiticantur
684 5638 882 5693 munda
925 5655 1120 5711 opera;
1156 5657 1255 5713 per
1279 5636 1558 5704 immunda
1588 5664 1718 5705 vero

110 5724 409 5791 animalia,
469 5726 746 5783 immunda
794 5743 960 5799 opera
1007 5732 1400 5805 intelliguntur,
1443 5753 1475 5793 a
1521 5740 1716 5809 quibus

111 5820 514 5879 abstinendum
542 5830 642 5878 est.
667 5820 771 5877 Per
797 5831 957 5895 potus
984 5838 1117 5881 vero
1140 5828 1390 5894 mundos,
1410 5828 1713 5889 doctrinam

110 5914 625 5971 ecclesiasticorum
659 5912 920 5985 virorum,
960 5932 1057 5989 per
1090 5917 1398 5978 immundos
1438 5936 1587 5991 vero,
1616 5923 1709 5983 do-

1841 3433 2089 3491 Pontifex
2119 3444 2298 3492 autem
2339 3437 2643 3495 futurorum
2679 3442 2945 3496 bonorum
2999 3444 3208 3501 duobus
3247 3449 3425 3504 modis

1840 3529 2142 3600 appellatur
2175 3550 2186 3585 :
2219 3530 2398 3587 futura
2419 3533 2564 3589 enim
2590 3534 2728 3590 bona
2760 3551 2880 3607 qua:
2920 3535 3074 3592 nobis
3105 3538 3216 3608 ipse
3244 3540 3424 3596 admi-

1840 3623 2113 3690 nistravit,
2158 3622 2381 3681 fuerunt
2406 3626 2568 3682 verba
2601 3627 2876 3695 coelestia,
2925 3630 3106 3699 passio
3135 3631 3300 3698 illius,
3342 3648 3424 3688 re-

1839 3714 2136 3779 surrectio,
2189 3715 2521 3786 baptismus,
2572 3718 2822 3774 remissio
2870 3729 3255 3789 peccatorum,
3302 3738 3423 3795 per-

1838 3803 2086 3875 fectaque
2104 3804 2443 3873 iustiﬁcatio,
2471 3823 2591 3878 quae
2618 3808 2822 3865 idcirco
2852 3809 3030 3866 futura
3061 3811 3201 3868 bona
3241 3814 3422 3885 appel-

1837 3893 2111 3959 labantur,
2154 3895 2243 3950 vel
2282 3896 2407 3966 quia
2447 3898 2720 3968 mysteriis
2761 3900 3101 3970 prmﬁ‘gurata
3149 3913 3293 3968 sunt;
3338 3906 3432 3960 vel

1837 3986 2000 4040 etiam
2029 3986 2155 4056 quia
2186 3988 2442 4058 praedicta
2467 3998 2594 4044 sunt
2627 3990 2683 4044 in
2706 3987 2902 4047 divinis
2931 3992 3190 4048 oraculis.
3224 3993 3431 4049 Altiori

1837 4085 2016 4131 autem
2051 4076 2329 4133 intellectu
2361 4077 2545 4134 futura
2569 4079 2707 4135 bona
2724 4094 3012 4150 possumus
3031 4083 3277 4154 accipere
3293 4098 3425 4154 gau‘

1837 4168 1924 4224 dia
1959 4169 2149 4238 patria:
2180 4169 2449 4235 caelestis,
2480 4186 2601 4242 quae
2639 4171 2793 4228 nobis
2817 4187 2917 4242 per
2936 4173 3216 4230 Christum
3249 4167 3438 4261 admi§

1830 4261 2062 4318 nistrata
2107 4270 2252 4318 sunt.
2280 4263 2432 4321 Unde
2456 4273 2511 4319 et
2551 4265 2792 4336 pontifex
2824 4266 3148 4339 appellatur,
3186 4283 3252 4325 eo
3276 4271 3443 4341 quod.

1834 4364 2181 4427 potestatem,
2211 4355 2262 4411 id
2289 4365 2375 4413 est
2394 4356 2537 4413 viam
2553 4357 2795 4426 justitite,
2822 4360 3074 4432 viamque
3095 4362 3162 4415 ad
3186 4363 3449 4445 patriamg

1835 4446 2112 4503 ctelestem
2140 4447 2481 4506 ascendendo
2512 4449 2669 4506 nobis
2700 4450 3028 4507 exhibuerit.
3075 4452 3194 4509 Alia
3234 4463 3448 4514 ιτδηεὴ..

1833 4538 1964 4597 latio
1990 4540 2187 4605 habet,
2228 4539 2814 4598 Cbrismsadveniens.
2834 4542 3074 4612 pontifex
3105 4534 3447 4629 futurornnr

1832 4632 2118 4689 bonorum.
2146 4633 2261 4690 Nisi
2287 4635 2432 4691 enim
2462 4635 2789 4702 advenisset,
2824 4651 3172 4709 nequaquam
3195 4640 3310 4698 haec
3338 4641 3429 4700 fus;

1839 4734 1957 4781 tura
2003 4726 2145 4784 bona
2191 4728 2353 4784 nobis
2388 4727 2864 4795 admittistmsset,
2911 4746 3087 4803 neque
3139 4732 3422 4790 assisteret

1836 4816 2004 4872 vultui
2029 4817 2124 4873 Dei
2154 4817 2336 4877 Patris
2364 4819 2670 4890 prounobis.
2709 4820 3126 4893 Notandnmque
3153 4824 3279 4894 quia
3312 4841 3441 4890 non,

1834 4907 1971 4963 dixit
2007 4908 2333 4981 simpliciter
2349 4911 2640 4981 Apostolus
2679 4913 2827 4968 illum
2867 4915 3144 4980 assistere,
3193 4915 3288 4970 sed
3325 4929 3435 4987 per,

1835 5001 2262 5066 tabernaculum,
2296 5018 2424 5059 usus
2469 5004 2635 5060 etiam
2680 5007 3050 5077 comparativo
3100 5008 3293 5079 gradu,
3339 5008 3421 5064 di-

1832 5108 2000 5147 cens:
2027 5090 2134 5147 Per
2165 5092 2392 5163 amplius
2420 5104 2468 5148 et
2504 5095 2807 5166 perfectius.
2849 5095 3280 5155 Tabernaculum
3324 5110 3421 5155 au;

1835 5194 1942 5238 tem
1971 5200 2066 5254 per
2104 5185 2265 5255 quod.
2296 5186 2505 5242 assistit
2546 5186 2658 5243 Deo
2700 5187 2891 5255 Patri,
2923 5190 3239 5251 humanitas
3274 5190 3440 5259 illius,

1831 5286 1910 5333 est
1947 5278 2201 5348 quoniam
2226 5279 2329 5335 nisi
2355 5280 2519 5337 homo
2551 5280 2724 5349 ﬁeret,
2758 5296 3099 5356 nequaquam
3137 5284 3246 5341 Deo
3268 5285 3435 5347 Patri

1830 5370 2084 5426 assistere
2112 5381 2314 5441 posset.
2351 5373 2785 5431 'l‘abernaeuium
2809 5393 2939 5449 ergo
2965 5380 3211 5449 corporis
3238 5378 3434 5440 Domi-.

1828 5464 1950 5518 uici
1979 5464 2211 5535 amplius
2258 5474 2343 5521 est
2390 5467 2740 5524 tabernaculo
2800 5468 3003 5541 Moysi,
3069 5471 3435 5529 tabernaculo.

1824 5570 2043 5627 quoque
2068 5556 2398 5625 Salomonis,
2429 5559 2556 5630 quia
2598 5559 2687 5615 illa
2716 5557 3294 5624 manibuscarnalinm
3316 5564 3433 5621 hoc.

1825 5647 2030 5707 minum
2067 5644 2208 5704 faeta
2247 5657 2396 5717 sunt,
2445 5649 2549 5709 hoc
2576 5665 2709 5707 vero
2739 5652 2883 5708 intra
2924 5648 3138 5709 uterum
3167 5654 3415 5727 virginis,

1822 5739 1939 5795 sine
1983 5740 2191 5797 semine
2218 5741 2391 5809 virili,
2419 5743 2584 5799 totius
2606 5742 2897 5813 Trinitatis
2930 5760 3095 5818 opere
3123 5744 3425 5835 efﬁgiatum,

1821 5840 1921 5886 est.
1963 5829 2089 5891 Sive
2115 5832 2169 5887 in
2202 5833 2306 5890 hoc
2339 5840 2425 5891 est
2463 5832 2696 5907 amplius
2730 5845 2783 5892 et
2814 5835 2987 5907 majus
3010 5826 3425 5914 giliistaberna-Q

1820 5925 1983 5995 culis,
2032 5926 2169 5999 quia
2213 5927 2468 5984 divinitas
2516 5928 2701 5994 Verbi,
2754 5946 2873 6002 qua!
2928 5940 3037 5989 tota
3090 5947 3195 5987 non
3230 5941 3429 6005 potest.
