3952 6340
523 431 629 488 383

983 425 1340 482 HAYMONIS
1379 424 1859 479 HALBERSTAT.
1899 423 2115 478 EPISC.
2153 422 2305 477 ore.
2347 385 2528 478 ms
2565 423 2606 476 ι.
2644 453 2714 463 -
2745 419 3103 478 COMMENT.
3149 420 3320 476 BlBL.

3677 421 3767 477 88b

525 544 907 616 comprehendi
949 541 1295 598 tabernaculo
1324 540 1653 604 manut'acto,
1687 541 1739 594 in
1768 538 1856 593 illo
1888 538 2104 593 homine
2134 539 2180 597 Α
2208 536 2386 590 datur.
2413 535 2514 604 Qui
2540 536 2683 598 enim
2708 535 2943 608 tetigerit
2965 535 3163 605 picem,
3193 534 3565 604 inquinabitur
3583 533 3653 588 ab
3676 551 3764 590 ea:

523 641 838 714 plenissime
868 637 1174 707 requiescit.
1203 633 1505 690 Perfectius
1535 633 1649 688 sive
1666 631 1976 686 sanctiusin
2002 631 2104 685 hoc

523 743 608 788 est
653 733 758 786 illis
805 729 1190 792 tabernaculis,
1241 727 1367 798 quia
1416 741 1540 780 cum
1590 733 1836 779 neutrum
1879 721 2104 784 illorum

523 825 628 878 sibi
685 823 1056 878 ministrantes
1111 819 1450 876 sanctiﬁearc
1503 816 1878 888 perfectosque
1927 813 2106 868 facere

522 922 729 982 posset,
779 913 923 968 istud
964 925 1090 965 vero
1135 907 1544 964 tabernaculum
1583 905 1650 959 ad
1694 919 1752 958 se
1786 903 2107 958 accedentes

523 1013 582 1059 et
607 1019 638 1058 a
673 1003 912 1074 peccatis
954 999 1235 1060 mundare,
1280 1005 1336 1050 et
1373 992 1861 1074 perfectos‘facere
1906 999 2104 1062 potest.

493 1093 677 1162 .Quod
700 1093 855 1154 dixit,
887 1109 990 1146 non
1020 1087 1406 1157 manufactum,
1431 1069 1680 1154 exposuit
1711 1081 1842 1152 ipse,
1876 1081 2062 1136 dicens
2091 1100 2102 1133 :

523 1187 592 1243 Id
610 1199 689 1242 est
733 1203 836 1240 non
865 1184 1022 1254 hujus
1059 1181 1336 1237 creationis
1375 1179 1531 1247 cujus
1577 1193 1676 1232 nos
1717 1192 1935 1238 sumus,
1979 1175 2106 1246 quia

523 1293 631 1334 non
660 1277 761 1332 fuit
785 1276 988 1330 semine
1014 1274 1157 1334 virili
1186 1279 1520 1327 concretum.
1550 1269 1654 1323 Iste
1683 1276 1768 1323 est
1790 1268 1926 1338 lapis
1948 1282 2105 1336 quem

521 1365 661 1418 vidit
702 1361 890 1418 Daniel
918 1361 1185 1416 abscisum
1231 1361 1298 1413 de
1327 1367 1508 1412 monte
1543 1357 1660 1410 sine
1707 1355 1972 1419 manibus,
2006 1353 2109 1407 hoc

525 1464 608 1512 est
632 1455 696 1510 de
717 1453 914 1524 populo
937 1451 1266 1518 Iudaeorum,
1297 1459 1480 1504 natum
1509 1449 1624 1503 sine
1649 1449 1856 1503 semine
1885 1445 2026 1501 virili
2053 1454 2108 1501 et

525 1545 670 1600 coitu
699 1543 1016 1598 masculino.

597 1633 781 1704 Neque
813 1651 905 1704 per
932 1633 1239 1702 sanguinem
1273 1631 1539 1684 hircorum
1576 1639 1667 1682 aut
1695 1627 1978 1682 vitulorum
2017 1626 2108 1680 sed

523 1747 617 1799 per
664 1731 933 1800 proprium
979 1725 1286 1796 sanguinem
1338 1723 1494 1778 semel
1541 1723 1772 1777 introivit
1819 1723 1873 1775 in
1925 1730 2108 1774 sancta

526 1836 720 1880 eterna
747 1822 1094 1892 redemptione
1120 1819 1346 1883 inventa,
1376 1834 1482 1873 non
1514 1833 1634 1872 cum
1667 1809 1931 1886 sanguine
1959 1812 2106 1884 lega-

523 1917 654 1973 lium
695 1915 1027 1978 animalium,
1061 1928 1090 1967 a
1119 1927 1226 1982 quo
1271 1911 1510 1980 perfecta
1534 1907 1850 1979 justiﬁeatio
1879 1920 1984 1960 non
2012 1918 2107 1973 po—
2133 1899 2181 1958 Β

525 2019 669 2066 terat
704 2009 819 2064 dari
849 2027 861 2060 :
896 2007 989 2063 sed
1019 2021 1142 2060 cum
1169 2004 1430 2076 sanguine
1470 2000 1735 2073 passionis
1773 2015 1884 2054 suae
1923 1996 2109 2052 introi-

523 2104 606 2158 vit
640 2104 692 2158 in
725 2103 955 2174 patriam
997 2099 1272 2156 etelesteui
1315 2112 1421 2168 quo
1459 2095 1718 2166 sanguine
1755 2105 1946 2147 omnes
1980 2097 2109 2143 sunt

524 2193 814 2264 redempti,
861 2191 1206 2263 perfecteque
1229 2187 1510 2259 justilicati
1540 2203 1644 2240 non
1679 2180 1985 2253 temporali,
2013 2177 2108 2234 sed

525 2297 728 2344 aeterna
786 2285 1174 2356 redemptione.
1223 2282 1300 2338 De
1343 2281 1448 2335 hac
1496 2278 1862 2348 redemptione
1910 2273 2110 2330 dicitur

523 2396 623 2451 per
650 2377 968 2436 Zachariam
999 2384 1206 2447 patrem
1228 2372 1372 2428 beati
1401 2369 1652 2426 Joannis:
1678 2366 1916 2421 Visitavit
1945 2380 2038 2418 nos
2059 2370 2109 2416 et

525 2473 646 2543 fecit
670 2471 1071 2540 redemptionem
1092 2467 1254 2538 plebis
1279 2483 1389 2520 sua:
1404 2463 1554 2534 (Luc.
1579 2464 1642 2532 ι).
1668 2459 1986 2528 Redemptio
2008 2473 2108 2511 au-

525 2573 640 2620 tem
687 2563 754 2618 ad
793 2563 1039 2631 captivos
1075 2559 1331 2631 pertinet,
1384 2566 1440 2612 ct
1483 2571 1582 2612 nos
1619 2553 1819 2624 captivi
1866 2565 2107 2614 eramus,

527 2654 788 2726 captivati
823 2668 854 2706 a
876 2651 1094 2708 diabolo
1123 2651 1176 2705 in
1203 2650 1380 2720 primo
1408 2657 1631 2719 parente
1657 2655 1864 2701 nostro.

601 2745 660 2801 Si
696 2744 834 2798 enim
871 2743 1085 2814 sanguis
1112 2742 1373 2796 hircorum
1408 2749 1455 2794 et
1491 2750 1785 2801 taurorum,
1814 2746 1862 2791 ct
1883 2735 2014 2790 cinis
2034 2735 2112 2788 vi-

528 2836 657 2890 tula:
698 2852 964 2907 aspersus,
1015 2834 1312 2905 inquinatos
1351 2831 1646 2899 sanctiﬁcat
1682 2830 1751 2882 ad
1783 2828 2107 2883 emundatio-

531 2944 647 2984 nem
697 2929 892 2990 carnis,
937 2934 1131 2997 quanto
1170 2925 1336 2994 magis
1381 2923 1594 2993 sanguis
1637 2918 1855 2986 Christi,
1894 2919 1984 2989 qui
2021 2934 2114 2988 per

531 3017 787 3088 Spiritum
827 3029 1064 3072 sanctum
1101 3015 1431 3086 semetipsum
1482 3012 1665 3068 obtulit
1717 3009 2113 3066 immaculatum

529 3111 680 3176 Deo,
731 3109 1032 3166 emundabit
1070 3109 1442 3163 conscientiam
1495 3115 1725 3160 nostram
1769 3104 1834 3157 ab
1873 3100 2113 3170 operibus

528 3206 772 3267 mortuis,
797 3205 864 3256 ad
888 3203 1215 3258 serviendum
1258 3200 1368 3255 Deo
1399 3201 1582 3254 virenti
1605 3200 1630 3253 ?
1670 3197 1726 3251 Si
1753 3195 1973 3266 sanguis
2001 3193 2115 3247 ani-

531 3297 754 3350 malium
799 3293 1249 3348 irrationabilium
1276 3298 1488 3362 poterat
1527 3288 1789 3342 mundare
1828 3285 2113 3340 conscien-

533 3387 666 3442 tiam
693 3394 934 3441 nostram
967 3383 1260 3440 secundum
1289 3396 1532 3446 carnem,
1562 3388 1638 3443 et,
1663 3379 1802 3433 sicut
1830 3385 1957 3431 tunc
1983 3385 2117 3430 tem-

531 3481 682 3550 poris
721 3479 1021 3542 videbatur,
1056 3474 1497 3530 sanctiﬁcabatur
1555 3471 1600 3526 si
1656 3469 1777 3539 quis
1808 3467 2117 3524 immundus

537 3585 792 3641 aspersus
821 3569 1010 3625 luisset
1049 3569 1140 3623 illo
1169 3567 1461 3638 sanguine:
1501 3563 1669 3620 multo
1694 3562 1865 3632 magis
1899 3559 2118 3630 sanguis

535 3664 736 3724 Christi
761 3671 973 3732 poterat
1013 3662 1278 3718 mundare
1307 3649 1543 3714 animam
1573 3665 1814 3713 nostram
1843 3663 1897 3710 et
1920 3653 2119 3725 plenis-

535 3758 674 3814 sime
705 3755 1026 3826 justiﬁcare.
1059 3752 1167 3809 Sed
1198 3767 1266 3808 ne
1295 3752 1414 3822 quis
1441 3759 1654 3821 putaret
1681 3749 1896 3820 plenam
1919 3746 2118 3818 justiﬁ-

534 3850 804 3906 cationem
843 3856 898 3900 et
920 3845 1358 3903 emundationem
1386 3843 1672 3914 provenire
1711 3839 2026 3910 aspersione
2057 3836 2119 3890 il-

533 3943 640 3998 lius
689 3940 968 4010 sanguinis
1017 3939 1224 4010 legalis.
1273 3935 1557 3992 subintulit
1598 3932 1888 4004 Apostolus
1938 3929 2120 3985 carnis

535 4034 976 4090 emundationem
1027 4031 1324 4098 secundum
1389 4028 1559 4098 legem
1610 4041 1706 4096 per
1766 4024 1916 4079 illum
1967 4021 2117 4086 dari;

536 4127 692 4197 quasi
724 4127 868 4181 dicat
895 4145 906 4178 :
942 4123 1326 4179 Sanctiﬁcatur
1349 4122 1568 4192 quidem
1596 4134 1722 4175 caro
1751 4126 1804 4173 et
1828 4117 2121 4172 mandatur

534 4226 759 4289 propter
797 4216 930 4286 legis
955 4224 1304 4285 praeceptum,
1338 4213 1432 4268 sed
1459 4222 1635 4266 tamen
1677 4210 1852 4264 anima
1896 4223 2000 4262 non
2027 4222 2122 4262 ex-

536 4311 738 4378 piatur.
807 4309 1026 4362 Addidit
1079 4322 1292 4376 quoque
1353 4303 1667 4358 dill‘erentia:
1721 4315 1963 4364 causam,
2025 4314 2124 4368 per

538 4418 699 4472 quam
727 4401 1118 4455 demonstravit
1151 4400 1297 4452 illum
1327 4397 1640 4467 sanguinein
1665 4393 1981 4446 animalium
2012 4405 2118 4444 non

539 4510 662 4550 esse
688 4493 1118 4552 immaculatum.
1148 4491 1336 4545 dicens
1355 4490 1420 4543 de
1449 4487 1664 4542 Christo
1689 4503 1702 4538 :
1737 4484 1838 4551 Qui
1869 4499 1964 4553 per
1995 4480 2118 4550 Spi-

539 4587 705 4642 ritum
761 4595 1007 4640 sanctuni
1065 4583 1413 4650 semetipsum
1469 4577 1662 4632 obtulit
1716 4571 2118 4629 immaculatum

541 4676 674 4730 Deo.
727 4675 961 4745 Spiritus
998 4681 1239 4735 sanctus,
1280 4671 1370 4739 qui
1404 4667 1628 4738 replevit
1666 4665 1814 4719 illum
1846 4661 2119 4717 hominem

541 4769 598 4824 in
621 4777 774 4822 utero
801 4766 1071 4836 virginali,
1111 4763 1399 4818 CIISlOtilVll
1430 4777 1550 4814 elltl)
1580 4767 1638 4812 ut
1663 4759 1868 4826 absque
1899 4760 2123 4824 peccato

543 4861 611 4913 ab
642 4859 743 4913 hoc
773 4858 970 4912 mundo
1003 4855 1279 4917 transiret,
1318 4861 1566 4919 essetque
1610 4847 2014 4903 immaculatum
2041 4859 2126 4898 sa-

542 4949 810 5004 criﬁcium
838 4949 890 5002 in
916 4948 1138 5002 odorem
1179 4943 1461 4999 suavitatis
1503 4942 1612 4995 Deo
1637 4939 1805 4994 Patri.
1852 4935 2128 4992 Emunda-

542 5041 623 5103 hit
651 5038 1038 5094 conscientiam
1065 5046 1330 5100 nostram,
1359 5035 1410 5088 id
1431 5043 1513 5087 est
1534 5042 1766 5088 mentem
1792 5040 2032 5086 nostram
2058 5027 2126 5082 ab

541 5131 798 5201 operibus
836 5127 1084 5183 mortuis.
1119 5127 1295 5196 Opera
1324 5133 1535 5179 mortua
1563 5132 1688 5179 sunt
1717 5133 1962 5194 peccata,
2007 5134 2126 5188 quae

2208 635 2385 680 tamen
2427 642 2522 697 per
2562 626 2718 680 ﬁdem
2761 627 3054 681 Dominicai
3102 624 3371 694 passionis
3417 624 3766 690 mundabitur,

2206 718 2310 773 hoc
2339 726 2442 781 est,
2469 716 2514 770 si
2554 732 2651 786 per
2686 717 3059 786 paenitentiam
3091 724 3146 770 et
3175 714 3404 786 gratiam
3443 714 3767 784 baptismatis

2207 809 2328 878 quis
2354 808 2514 862 fuerit
2557 807 2770 862 ablutus
2805 808 2874 862 ab
2919 806 3174 877 Operibus
3213 806 3458 870 mortuis,
3507 805 3552 860 si
3593 807 3767 862 eadem

2209 897 2402 952 iterum
2433 896 2698 968 attigerit,
2729 896 3211 952 contaminabitur.
3244 893 3534 965 Sequitur:
3563 895 3656 949 Ad
3679 911 3768 950 ser-

2208 991 2448 1046 viendum
2500 990 2611 1045 Deo
2657 990 2865 1044 viventi.
2918 989 3020 1044 Hic
3074 989 3416 1059 apertissime
3461 988 3767 1043 ostenditur.

2208 1081 2332 1152 quia
2385 1096 2548 1151 Opera
2594 1089 2808 1135 mortua
2853 1079 3119 1135 habentes
3167 1094 3274 1134 non
3323 1089 3539 1148 possent
3577 1079 3769 1132 servire

2210 1175 2331 1229 vivo
2358 1183 2413 1229 et
2441 1188 2570 1228 vero
2605 1172 2736 1236 Deo,
2767 1171 2891 1241 quia
2939 1170 3014 1226 illi
3056 1172 3257 1226 mortui
3300 1180 3425 1225 sunt
3455 1179 3510 1224 et
3544 1169 3691 1224 falsi.
3721 1170 3771 1224 Si

2210 1265 2354 1319 enim
2386 1263 2476 1333 qui
2509 1272 2784 1318 mortuum
2828 1269 2922 1316 aut
2955 1261 3171 1331 aliquod
3212 1261 3539 1316 immundum
3595 1269 3770 1329 tange—

2210 1359 2322 1424 bat,
2354 1375 2461 1413 non
2491 1357 2773 1427 oportebat
2799 1370 2920 1411 eum
2950 1354 3155 1408 intrare
3193 1353 3248 1406 in
3278 1352 3552 1421 templum,
3583 1362 3772 1421 quanta

2209 1453 2383 1525 magis
2417 1452 2539 1523 quis
2577 1465 2742 1522 opera
2789 1457 3002 1505 mortua
3041 1448 3280 1512 habens,
3323 1461 3426 1499 non
3466 1445 3674 1514 poterit
3708 1445 3772 1497 in-

2210 1555 2356 1602 trare
2382 1546 2437 1601 in
2469 1543 2687 1600 caelum.

2280 1642 2350 1697 Et
2379 1641 2496 1696 ideo
2527 1639 2665 1694 Novi
2699 1636 3015 1693 Testamenti
3035 1635 3295 1689 mediator
3320 1642 3416 1696 est,
3447 1641 3503 1685 ut
3529 1609 3772 1684 mornin-

2209 1731 2536 1796 tet-cedente,
2571 1730 2686 1784 sive
2727 1726 3118 1801 interveniente
3163 1725 3218 1778 in
3256 1722 3652 1788 redemptionem
3695 1739 3770 1773 ea-

2211 1826 2449 1882 rumdem
2471 1821 2983 1896 prmuaricationum,
3005 1833 3123 1889 qua:
3150 1825 3300 1872 erant
3323 1815 3414 1868 sub
3447 1814 3614 1883 priori
3639 1823 3772 1866 testa-

2209 1927 2382 1974 mento
2399 1914 2850 1987 repromissionem
2873 1911 3133 1980 accipiant
3154 1908 3243 1976 qui
3259 1905 3424 1962 uocati
3443 1914 3562 1958 sunt
3582 1918 3768 1957 retenta

2209 2009 2568 2066 hereditatis:
2591 2005 2679 2062 ubi
2707 2005 2842 2060 enim
2893 2010 3254 2058 testamentum
3297 2009 3392 2064 est,
3423 2015 3557 2051 mors
3587 2013 3766 2051 necem

2208 2114 2283 2160 est
2307 2101 2618 2165 intercedat,
2639 2113 2735 2155 seu
2758 2095 3082 2152 interveniat
3100 2091 3382 2147 testatoris.
3409 2081 3768 2143 Testamentius‘

2209 2195 2347 2250 enim
2365 2195 2422 2248 in
2448 2190 2669 2247 mortuis
2695 2187 3063 2257 conﬁrmatum
3087 2193 3184 2248 est,
3206 2181 3432 2252 alioquin
3448 2220 3463 2244 ,
3490 2179 3540 2234 id
3569 2187 3654 2233 est
3684 2176 3761 2230 ali-

2210 2297 2319 2354 ter,
2368 2285 2601 2342 nondum
2643 2281 2778 2339 ualet
2815 2282 3032 2335 ﬁrmum
3062 2291 3184 2332 esse
3233 2283 3623 2332 testamentum.
3655 2271 3768 2322 dum

2209 2381 2330 2436 vivit
2354 2378 2444 2434 ille
2467 2377 2558 2449 qui
2597 2384 2815 2432 testatus
2841 2383 2936 2428 est.
2969 2372 3140 2442 Leges
3183 2369 3439 2424 humanas
3457 2366 3540 2419 hic
3565 2363 3769 2417 videtur

2211 2469 2522 2541 Apostolus.
2544 2474 2786 2538 tangere,
2837 2478 2957 2534 qua:
3006 2460 3182 2516 solent
3233 2463 3582 2514 testamentum
3610 2451 3752 2521 quod

2212 2563 2354 2618 alter
2377 2560 2532 2618 alteri
2559 2559 2624 2614 de
2649 2555 2965 2613 haereditate
2992 2567 3089 2608 sua
3117 2551 3268 2612 facit,
3301 2547 3554 2603 inﬁmum
3573 2543 3767 2605 facere,

2214 2669 2494 2727 quousque
2528 2659 2758 2708 testator
2799 2649 2968 2720 ipsius
2993 2643 3301 2702 testamenti
3339 2649 3504 2697 morte
3550 2640 3772 2692 interve-

2211 2747 2394 2802 niente
2433 2743 2743 2800 discesserit
2783 2760 2797 2796 :
2843 2749 3054 2796 mortuo
3107 2753 3234 2792 vero
3273 2735 3361 2790 illo
3411 2739 3660 2786 testatore
3693 2729 3773 2797 qui

2213 2839 2601 2893 testamentum
2649 2831 2794 2896 fecit,
2821 2829 3040 2884 omnino
3076 2827 3188 2896 jam
3235 2825 3445 2880 ﬁrmum
3487 2827 3683 2876 manet.
3723 2817 3771 2871 ln

2214 2932 2358 2986 hunc
2386 2929 2605 2984 modum
2631 2931 3012 2980 testamentum
3035 2921 3161 2974 vitte
3186 2928 3401 2974 acterna;
3415 2915 3555 2985 quod
3577 2931 3607 2966 a
3634 2911 3777 2967 Chri-

2217 3032 2303 3077 sto
2332 3019 2642 3089 accepimus
2683 3032 2787 3071 non
2828 3014 2987 3068 aliter
3027 3012 3184 3067 nobis
3210 3011 3426 3064 ﬁrmum
3454 3019 3671 3062 manere
3689 3017 3774 3074 po-

2221 3123 2380 3178 terat,
2412 3113 2516 3167 nisi
2549 3113 2662 3182 ipse
2706 3117 2880 3164 morte
2923 3123 3017 3162 sua
3048 3105 3175 3160 illud
3205 3105 3536 3158 roborasset.
3567 3099 3776 3152 Tantum

2223 3207 2364 3262 enim
2396 3213 2514 3260 erat
2539 3210 2821 3274 peccatum
2861 3209 3136 3260 nostrum,
3178 3205 3238 3250 ut
3279 3194 3438 3248 aliter
3459 3207 3569 3246 non
3594 3187 3776 3259 pomis.

2146 3262 2188 3321 Ε
2223 3313 2403 3354 senius
2447 3295 2638 3351 redimi
2686 3303 2741 3348 et
2786 3291 2980 3348 salvari
3023 3289 3124 3345 nisi
3168 3285 3470 3356 unigenitus
3511 3282 3608 3338 Dei
3635 3279 3780 3335 Filius

2219 3407 2316 3462 pro
2347 3389 2500 3445 nobis
2526 3395 2846 3442 moreretur.
2877 3383 2943 3438 Et
2971 3381 3094 3453 quia
3120 3380 3188 3435 ad
3214 3379 3341 3433 illud
3367 3372 3772 3444 consequendum

2221 3481 2364 3552 quod
2415 3480 2504 3535 ille
2552 3478 2885 3549 promiserat
2931 3473 3134 3544 indigni
3191 3485 3434 3532 eramus,
3487 3467 3606 3537 ipse
3654 3463 3772 3519 nobis

2221 3583 2395 3628 morte
2421 3587 2515 3626 sua
2547 3569 2813 3624 mediator
2852 3565 3025 3622 factus
3049 3572 3132 3619 est
3151 3604 3164 3626 ,
3191 3570 3247 3616 ut
3271 3576 3368 3632 per
3394 3568 3626 3614 mortem
3652 3567 3779 3610 suam

2222 3662 2515 3718 indebitam
2542 3660 2684 3714 illam
2732 3673 2852 3728 qua:
2894 3655 3052 3712 nobis
3077 3651 3374 3708 debebatur
3423 3649 3678 3703 auferret.
3729 3643 3788 3696 Et

2221 3753 2345 3823 quia
2372 3750 2615 3806 fortassis
2642 3755 2888 3814 poterant
2911 3744 3065 3799 multi
3096 3743 3274 3798 minus
3298 3738 3533 3812 perfecti
3564 3737 3783 3792 dubitare

2223 3847 2287 3900 de
2313 3841 2762 3913 promissionibus
2785 3837 3019 3900 Domini,
3050 3836 3285 3889 maxime
3304 3847 3370 3886 ex
3399 3845 3466 3886 eo
3495 3829 3638 3900 quod
3665 3840 3794 3879 mor-

2223 3946 2348 3990 tuus
2391 3943 2475 3989 est
2523 3932 2676 4003 quasi
2737 3930 3023 3990 inﬁrmus,
3081 3928 3271 3982 beatus
3315 3922 3603 3994 Apostolus
3661 3917 3792 3988 ponit

2222 4027 2468 4098 exempla
2524 4042 2590 4081 ex
2627 4023 2898 4078 communi
2927 4020 3316 4076 consuetudine
3343 4017 3523 4088 legum
3551 4017 3798 4070 humana—

2222 4137 2365 4186 rum,
2413 4116 2706 4174 ostendens
2758 4113 2881 4183 quia
2933 4127 3039 4167 non
3086 4109 3391 4164 viventibus
3435 4103 3799 4159 testatoribus.

2221 4211 2314 4266 sed
2337 4205 2692 4263 morientibus
2719 4203 3001 4258 ﬁrmantur
3026 4206 3371 4262 testamenta,
3407 4193 3804 4249 fortitudinem-

2220 4317 2326 4370 que
2372 4298 2660 4368 accipiunt.
2705 4293 2951 4360 Quandiu
2993 4291 3138 4346 enim
3169 4290 3302 4343 vivit
3331 4295 3596 4348 testator,
3643 4288 3808 4353 potest

2224 4390 2512 4443 immutare
2562 4383 2886 4442 sententiam
2943 4396 3119 4444 suam,
3169 4387 3223 4432 et
3269 4377 3404 4432 alios
3452 4383 3625 4443 atque
3683 4371 3810 4424 alios

2222 4479 2466 4534 luerech
2503 4476 2768 4532 adducere
2799 4473 2852 4527 in
2881 4471 3252 4526 haereditatem
3276 4481 3446 4520 suam.
3480 4463 3814 4533 Quapropter

2225 4570 2411 4626 volens
2464 4565 2753 4638 Apostolus
2802 4566 3015 4617 ﬁrmum
3071 4574 3190 4614 esse
3240 4564 3653 4617 testamentum,
3682 4547 3816 4619 quod

2227 4661 2475 4717 Christus
2504 4658 2656 4713 nobis
2677 4656 2902 4719 dimisit,
2933 4653 3116 4707 dicens
3140 4669 3152 4703 :
3186 4649 3332 4713 Ideo,
3366 4646 3640 4717 inquiens,
3667 4640 3820 4696 Chri-

2229 4761 2346 4806 stus
2369 4750 2503 4805 Novi
2529 4744 2857 4803 Testamenti
2888 4743 3149 4797 mediator
3177 4747 3283 4804 est,
3312 4746 3374 4792 ut
3396 4743 3574 4790 morte
3599 4747 3692 4786 sua
3739 4730 3820 4782 in-

2229 4841 2562 4896 terveniente
2605 4837 2658 4890 in
2706 4834 3132 4903 redemptiowem
3171 4830 3384 4884 illarum
3416 4821 3826 4896 praevaricatio—

2230 4947 2389 4992 num,
2423 4944 2541 5000 qua:
2585 4943 2692 4981 non
2738 4932 2987 4996 poterant
3036 4920 3234 4975 auferri
3275 4927 3331 4974 ct
3355 4917 3524 4974 deleri
3555 4916 3607 4969 in
3657 4910 3830 4984 priori

2230 5030 2554 5080 testamento
2581 5020 2769 5074 deleta
2803 5003 3139 5072 sunt'autem
3192 5027 3288 5082 per
3327 5012 3444 5080 ejus
3491 5009 3832 5080 passionem,

2233 5126 2294 5172 ut
2313 5114 2786 5187 repromissionem
2816 5119 3033 5164 mternre
3073 5105 3404 5161 lizereditatis
3439 5102 3724 5170 accipiant
3761 5099 3834 5151 illi

2234 5209 2325 5279 qui
2353 5207 2531 5262 vocati
2563 5215 2688 5260 sunt
2710 5213 2914 5256 acterna
2945 5198 3248 5253 vocatione.
3283 5193 3416 5248 Nam
3449 5209 3558 5246 non
3583 5190 3839 5260 loquitur

2235 5301 2321 5355 hic
2346 5299 2412 5353 de
2437 5295 2673 5368 generali
2710 5293 2993 5348 vocatione
3017 5290 3083 5343 de
3103 5303 3206 5357 qua
3241 5283 3500 5342 Dominus
3525 5284 3602 5335 ait
3633 5300 3647 5333 :
3681 5281 3844 5334 Hirtii

2232 5399 2353 5444 sunt
2379 5388 2567 5450 vocati,
2609 5385 2700 5441 sed
2728 5383 2882 5454 pauci
2912 5380 3057 5453 electi
3086 5377 3280 5450 (Matth
3349 5374 3468 5446 xx),
3499 5375 3590 5426 sed
3628 5371 3732 5424 illa
3785 5371 3851 5421 de

2233 5497 2338 5554 qua
2375 5479 2515 5535 idem
2543 5475 2792 5549 egregius
2844 5471 3164 5544 praedicator
3209 5469 3456 5538 loquens,
3489 5464 3567 5516 ait
3601 5463 3688 5515 de
3736 5460 3850 5514 ele-

2229 5580 2331 5631 ctis
2387 5574 2481 5629 Dei
2531 5588 2668 5643 quos
2718 5566 3020 5639 prrescivit,
3069 5564 3170 5617 hos
3217 5571 3271 5616 et
3321 5556 3754 5631 praedestinavit
3803 5561 3860 5608 ct

2229 5687 2364 5742 quos
2397 5664 2828 5741 praedestinavit,
2857 5661 2958 5715 hos
2993 5665 3047 5710 et
3077 5656 3312 5716 voravit,
3341 5662 3393 5707 et
3423 5664 3555 5720 quos
3585 5646 3858 5709 vocavit,

2233 5741 2352 5814 illos
2377 5770 2429 5814 et
2451 5753 2766 5830 jiistilicavit
2791 5795 2804 5816 ,
2833 5760 2887 5806 et
2917 5764 3053 5819 quos
3080 5745 3423 5816 jiistiﬁcavit,
3459 5741 3573 5794 illos
3611 5749 3688 5792 et
3741 5753 3864 5791 ma-

2231 5829 2520 5920 gniﬁcavit.
2573 5845 2809 5900 Tituluin
2871 5851 3048 5894 autem
3107 5848 3322 5891 aeterna:
3381 5829 3742 5889 luereditatis
3795 5840 3859 5879 ex

542 5222 781 5280 animam
828 5221 1100 5277 occidunt.
1141 5218 1292 5273 Sicut
1333 5218 1478 5272 enim
1517 5218 1698 5271 anima
1752 5215 1881 5267 vivit
1916 5211 2128 5264 virtuti-

542 5314 664 5376 bus,
696 5328 818 5383 quae
845 5327 1008 5382 opera
1044 5313 1166 5366 vitae
1195 5310 1566 5380 appellantur,
1615 5309 1688 5360 ita
1721 5306 1950 5359 moritur
1981 5301 2127 5355 vitiis

541 5415 597 5458 et
620 5404 878 5473 peccatis,
897 5403 1164 5473 simulque
1187 5401 1420 5456 trahitur
1441 5402 1509 5456 ad
1523 5408 1753 5454 mortem
1769 5407 1985 5452 aeterna:
1998 5411 2126 5465 per-

545 5497 785 5553 ditionis.
815 5497 883 5552 Et
912 5497 1047 5552 bene
1083 5496 1219 5550 dixit
1246 5496 1310 5550 ab
1353 5495 1592 5565 operibus
1633 5491 1852 5544 mortuis
1885 5504 1901 5542 :
1933 5490 1977 5544 si
2005 5489 2126 5558 quis

543 5589 688 5644 enim
726 5589 780 5643 in
827 5587 944 5659 lege
993 5587 1244 5659 tangebat
1295 5594 1590 5648 mortuum,
1643 5581 2005 5653 polluebatur,
2048 5589 2126 5631 ta-

548 5696 670 5736 men
694 5680 1007 5750 aspersione
1034 5678 1311 5750 sanguinis
1337 5685 1522 5748 postea
1551 5675 1928 5730 mundabatur.
1959 5671 2125 5726 Simi-

549 5771 676 5826 liter
704 5776 797 5844 qui
837 5765 1077 5831 imitatus
1105 5775 1262 5830 fuerit
1298 5789 1432 5842 Opus
1456 5779 1678 5826 mortuae
1707 5769 1920 5828 aninne,
1948 5765 2125 5834 inqui-

551 5863 748 5918 batur:
777 5875 954 5920 tamen
999 5882 1094 5933 per
1134 5867 1291 5920 Iidem
1332 5862 1622 5917 Dominicae
1663 5858 1930 5927 passionis
1977 5872 2126 5910 mun-
