3974 6490
218 437 326 494 885

932 434 1291 492 EXPOSITIO
1330 436 1394 491 ΙΝ
1435 436 1585 492 ΕΡΡ.
1626 436 1684 492 S.
1727 436 1804 490 PA

1908 436 1952 489 .l.
1990 467 2055 475 _
2094 437 2160 491 lN
2197 437 2410 495 EP:ST.
2442 414 2544 494 an
2580 428 2785 498 HEBR.
3106 474 3117 479 ι
3386 444 3493 504 ssc

217 562 372 626 parte
399 553 450 606 in
482 526 732 621 praesenti
779 552 976 608 szeculo
1019 553 1134 623 jam
1180 555 1517 624 possidemus
1566 554 1721 610 nobis
1767 568 1798 608 a
1829 554 1878 613 A
1906 567 2053 608 cens.
2092 554 2443 611 :lnhabitabo
2472 556 2526 611 in
2549 556 2677 622 illis,
2705 565 2763 613 et
2788 556 3149 613 inambulabo.
3172 556 3237 611 Et
3271 557 3338 611 de
3369 557 3492 625 ειεξιτ

217 647 446 705 Domino
473 647 678 711 datum,
703 644 1049 718 Evangelium
1078 647 1328 703 videlicet
1349 644 1515 712 illius,
1542 647 1684 717 quod
1708 647 1806 701 ob-

216 749 526 794 servatores
567 751 695 791 suos
736 736 1071 792 aeternaliter
1124 752 1246 792 cum
1298 736 1408 791 Deo
1445 736 1571 792 facit
1599 737 1801 802 vivere,

216 827 637 884 subministrans
667 827 897 898 gratiam
929 825 1164 897 Spiritus
1197 828 1404 892 sancti,
1430 826 1805 882 remissionem

216 926 587 989 peccatorum,
612 916 974 987 cognitionem
997 933 1149 973 suam
1178 923 1234 972 et
1260 930 1447 987 pacem
1469 931 1628 987 quam
1650 915 1806 972 nobis

217 1009 440 1081 reliquit
465 1022 697 1079 pergens
730 1007 798 1063 ad
824 1007 1129 1079 passionem
1160 1022 1333 1063 suam.
1366 1004 1576 1071 Pacem,
1607 1006 1802 1078 inquit,

216 1100 452 1171 relinquo
478 1097 620 1152 vobis
646 1096 829 1170 (Joan.
853 1099 986 1168 xw).
1017 1097 1183 1153 Istum
1214 1098 1429 1167 quidem
1460 1097 1671 1152 titulum
1699 1098 1807 1153 ha:-

216 1191 466 1247 reditatis
513 1190 668 1261 quasi
721 1191 940 1245 arrham
989 1190 1040 1245 in
1086 1179 1338 1260 praesenti
1375 1190 1671 1256 habemus,
1710 1190 1806 1246 sed

213 1281 508 1354 perfectius
534 1282 688 1338 nobis
707 1281 1062 1352 supplebitur,
1108 1297 1231 1337 cum
1256 1282 1359 1337 erit
1377 1282 1518 1338 Deus
1542 1282 1723 1337 omnia
1751 1282 1805 1337 in

212 1374 513 1439 omnibus,
570 1389 693 1428 cum
757 1373 1038 1428 tradidi-rit
1097 1373 1344 1429 Christus
1405 1389 1631 1444 regnum
1699 1374 1808 1430 Deo

215 1464 388 1529 Patri,
419 1480 543 1520 cum
590 1463 852 1519 fuerimus
878 1465 1118 1535 perducti
1147 1465 1212 1518 ad
1252 1464 1445 1535 gaudia
1477 1464 1667 1535 patria:
1692 1479 1806 1520 cae-

212 1557 388 1621 lestis,
441 1557 494 1611 in
544 1571 647 1627 qua
695 1555 861 1610 futuri
909 1564 1037 1611 sunt
1093 1555 1251 1612 electi
1304 1557 1446 1611 sicut
1487 1556 1665 1629 angeli
1714 1557 1807 1613 Dei

212 1664 272 1703 tn
296 1648 434 1703 cmlo
457 1647 703 1702 videntes
725 1648 890 1702 Deum
923 1647 1081 1704 sicuti
1105 1656 1189 1702 est
1205 1662 1219 1700 :
1236 1655 1289 1702 et
1320 1649 1433 1703 haec
1453 1647 1555 1701 erit
1570 1647 1806 1717 perfecta

213 1743 506 1798 litereditas
535 1741 829 1798 electorum
853 1783 868 1808 ,
894 1756 1057 1811 quam
1098 1738 1349 1796 Christus
1387 1741 1440 1795 in
1494 1752 1669 1797 morte
1710 1756 1808 1796 sua

216 1835 576 1892 :onflrmavit.

1907 645 2009 701 bus
2052 644 2344 714 Apostolus
2377 646 2504 702 alibi
2553 648 2728 703 dicit:
2768 646 3035 718 Templum
3066 648 3203 701 enim
3232 646 3327 705 Dei
3364 665 3489 702 sum

1908 748 2047 791 ctum
2075 745 2149 792 est
2176 738 2316 807 quod
2360 740 2483 794 estis
2529 756 2618 795 vos
2667 739 2714 809 (1
2764 737 2884 794 Cor.
2934 740 3041 810 ut).
3075 737 3209 795 Vasa
3244 740 3489 795 vero-di-

1907 844 2087 896 versa,
2124 829 2311 886 ﬁdeles
2354 839 2482 886 sunt
2528 832 2580 886 in
2633 831 2891 897 Ecclesia,
2942 831 3155 888 diversa
3184 830 3359 888 ofﬁcia
3379 834 3483 889 ba—

1907 921 2116 977 bentes.
2150 921 2378 990 Quidam
2415 921 2615 978 etenim
2644 930 2771 977 sunt
2798 936 2925 977 vasa
2966 923 3363 993 praedicationis
3404 924 3481 978 si-

1908 1025 1999 1070 cut
2021 1014 2323 1085 Apostolus,
2353 1017 2420 1072 de
2448 1029 2556 1087 quo
2581 1015 2838 1071 Dominus
2852 1016 2919 1070 ad
2936 1016 3204 1072 Ananiam
3224 1018 3299 1073 ait
3329 1034 3343 1070 :
3382 1014 3482 1072 Vas

1907 1104 2170 1161 electionis
2199 1107 2325 1161 mihi
2355 1108 2452 1162 iste
2489 1107 2627 1176 (Act.
2667 1107 2766 1177 rx).
2815 1105 3044 1175 Quidam
3070 1123 3203 1165 vero
3239 1108 3495 1165 diversos

1908 1199 2109 1269 gradus
2122 1215 2186 1255 ac
2199 1216 2262 1255 va
2270 1200 2347 1255 ria
2360 1198 2534 1255 officia
2550 1200 2773 1265 habent,
2789 1215 2910 1269 qua:
2923 1200 3066 1256 idem
3080 1202 3331 1274 egregius
3340 1216 3485 1271 pne-

1908 1288 2120 1345 dicator
2168 1304 2619 1356 commemorans,
2664 1290 2741 1345 ait
2775 1289 2828 1362 (Ι
2856 1289 2980 1345 Cor.
3011 1290 3112 1361 xu)
3148 1309 3161 1345 :
3194 1291 3298 1347 Alii
3324 1293 3491 1347 datm:

1908 1393 1999 1448 per
2054 1377 2311 1450 Spiritum
2357 1395 2526 1434 sermo
2576 1378 2866 1450 sapientice,
2883 1378 2985 1434 alii
3011 1396 3180 1436 sermo
3228 1383 3503 1448 scientiae,

1909 1468 2005 1523 alii
2027 1471 2318 1540 prophetia,
2349 1472 2439 1526 alii
2463 1471 2635 1544 gratia
2665 1473 2978 1540 sanitatum,
3003 1484 3060 1530 et
3086 1474 3176 1531 alii
3205 1484 3368 1545 atque
3396 1475 3493 1530 alii

1910 1560 2122 1615 diversa
2153 1560 2291 1616 dona
2327 1562 2529 1617 habent
2575 1577 2697 1632 qua:
2741 1562 2967 1635 singulis
3015 1562 3207 1620 dividit
3254 1563 3488 1635 Spiritus

1911 1658 2129 1706 sanctus
2150 1642 2333 1722 .‘prout
2373 1652 2506 1707 vult.
2555 1647 2987 1710 Tabernaculum
3038 1670 3171 1728 ergo
3214 1664 3269 1711 et
3303 1656 3497 1711 omnia~

1909 1755 2035 1795 vasa
2076 1742 2218 1796 illius
2253 1744 2515 1815 sanguine
2567 1752 2947 1825 asperguntur,
2991 1746 3118 1816 quia
3167 1745 3503 1802 universalis

1801 1858 1829 1875 ς
1912 1831 2154 1887 Ecclesia
2178 1848 2300 1888 cum
2340 1835 2594 1890 omnibus
2626 1835 2726 1890 sibi
2755 1835 3197 1893 ministrantibus.
3226 1839 3501 1908 sanguine

290 1927 465 1991 Unde,
497 1927 597 1981 hoc
623 1934 726 1992 est,
753 1926 877 1996 quia
918 1934 1297 1981 testamentum
1327 1925 1379 1981 in
1405 1924 1633 1980 mortuis
1675 1939 1804 1981 con-
1833 1923 1881 1984 B
1910 1922 2176 1993 passionis
2215 1922 2412 1979 Christi
2458 1926 2787 1980 mundatur..
2815 1926 3076 1996 Sequitur
3129 1945 3153 1982 :~
3191 1928 3259 1982 Et
3306 1930 3491 1983 omnia

217 2020 499 2083 firmatur,
547 2035 640 2073 nec
699 2020 927 2089 primum
977 2018 1187 2091 quidem
1254 2027 1635 2074 testamentum
1695 2019 1807 2072 sine

217 2110 469 2181 sanguine
497 2108 799 2165 dedicatum
823 2118 918 2174 est,
946 2106 999 2165 id
1033 2117 1114 2166 est
1134 2110 1513 2167 confirmatum
1538 2120 1592 2167 et
1614 2126 1808 2167 conse-

215 2212 445 2259 statum.

283 2292 439 2349 Lecto
481 2310 620 2349 enim
665 2295 806 2349 omni
840 2294 1090 2350 mandato
1130 2294 1259 2366 legis
1288 2313 1321 2350 a
1348 2295 1527 2366 Moyse
1566 2295 1806 2350 uniuerso

214 2387 429 2456 Jopulo,
474 2387 735 2458 accipiens
781 2388 1090 2458 sanguinem
1132 2387 1412 2444 vitulorum
1452 2399 1497 2443 et
1539 2389 1806 2443 hircorum

211 2495 332 2533 cum
375 2495 513 2550 aqua
550 2487 599 2534 et
627 2478 754 2533 lana
781 2480 1024 2534 coccinea
1052 2486 1101 2534 et
1139 2480 1386 2551 hyssopo,
1409 2480 1578 2551 ipsum
1603 2497 1806 2552 quoque

208 2569 405 2623 librum
452 2578 500 2624 et
541 2586 742 2625 omnem
785 2568 1035 2641 papulum
1088 2571 1307 2641 aspersit
1356 2571 1552 2627 dicens.
1610 2572 1803 2629 Omnia

208 2662 319 2717 ista
354 2663 408 2718 in
436 2661 605 2735 figura
647 2664 963 2734 agebantur.
1012 2662 1149 2718 Nam
1181 2664 1382 2722 vitulus
1410 2666 1530 2729 ille,
1555 2666 1647 2737 qui
1695 2666 1808 2738 ple.

114 2802 121 2807 ,
211 2770 444 2825 rumque
490 2755 667 2810 hostia
697 2756 996 2812 sacerdotis
1034 2765 1171 2824 erat,
1200 2755 1477 2812 Christum
1531 2757 1803 2830 signiﬁca-

204 2847 329 2912 bat,
353 2848 448 2917 qui
485 2864 647 2904 verus
691 2848 946 2904 sacerdos
970 2848 1242 2914 existens,
1287 2849 1511 2904 vitulum
1533 2850 1676 2911 ,,hoc
1722 2857 1807 2904 est

206 2940 570 3011 semetipsum
594 2940 790 2996 obtulit
820 2939 931 2996 Deo
959 2940 1106 2995 Patri
1153 2941 1209 2995 in
1241 2956 1332 2995 ara
1361 2941 1558 2996 crucis.
1587 2941 1693 2997 iste
1722 2950 1809 2997 est

205 3031 416 3089 vitulus
460 3047 622 3103 quem
676 3033 800 3103 pius
844 3040 1000 3103 pater
1049 3032 1309 3088 mactavit
1350 3047 1449 3102 pro
1498 3032 1806 3087 reversione

210 3122 311 3178 filii
337 3122 565 3195 prodigi.
599 3121 792 3178 Hircus
822 3137 1037 3193 quoque
1058 3123 1150 3193 qui
1176 3137 1274 3192 pro
1304 3130 1523 3193 peccato
1548 3120 1807 3177 offereba-

208 3225 306 3271 tur
334 3215 585 3271 eumdem
613 3214 885 3272 Christum
913 3214 1271 3289 significabat,
1297 3215 1389 3286 qui
1414 3230 1512 3285 pro
1546 3223 1803 3284 peccato-

208 3307 368 3364 ribus
395 3306 607 3363 oblatus
637 3314 738 3372 est,
783 3282 944 3376 juxta.
966 3281 1107 3377 quod
1158 3281 1621 3377 idem-apostolus
1668 3305 1803 3361 alias
1831 3281 1874 3342 (ἶ

1858 3437 1862 3442 .
1907 3392 2081 3457 testia,
2111 3390 2415 3445 melioribus
2444 3391 2625 3445 hostiis
2655 3391 2987 3447 mandantur
3023 3409 3183 3465 quant
3213 3393 3350 3449 istis.
3386 3392 3488 3448 Sa-

206 3399 292 3455 ait
317 3413 331 3453 :
360 3398 495 3454 Eum
518 3399 611 3470 qui
634 3412 741 3454 non
764 3405 991 3454 noverat
1010 3407 1319 3468 peccatum,
1354 3397 1492 3454 Deus
1514 3396 1681 3454 Pater
1704 3414 1802 3469 pro

207 3490 373 3546 nobis
396 3496 680 3561 peccatum
711 3487 861 3556 fecit,
896 3489 997 3544 hoc
1031 3498 1117 3544 est
1150 3489 1383 3544 hostium
1412 3503 1510 3559 pro
1555 3497 1797 3559 peccato.

210 3583 368 3651 Quod
389 3582 533 3639 enim
570 3581 737 3639 Vetus
758 3582 1164 3639 Testamentum
1197 3583 1458 3654 sanguine
1492 3598 1801 3653 respersum

210 3675 387 3731 estad
416 3673 905 3739 confirmationem,
960 3675 1209 3731 similiter
1253 3683 1307 3730 et
1336 3674 1582 3745 populus,
1627 3675 1802 3747 typice

209 3764 558 3837 signiﬁcabat
601 3765 862 3835 sanguine
908 3765 1177 3835 passionis
1211 3763 1417 3820 Christi
1446 3762 1655 3817 Novum
1699 3763 1803 3818 Te-

213 3862 544 3909 stamentum
594 3852 1045 3919 confirmandum,
1093 3860 1149 3908 et
1194 3853 1449 3923 populum
1477 3853 1791 3907 credentem

214 3942 582 3999 mundandum
613 3960 625 3997 :
654 3959 794 4014 aqua
844 3952 1023 3997 autem
1062 3960 1168 4014 qua
1213 3944 1440 4014 populus
1483 3945 1805 4013 aspergeba-

134 4054 141 4059 -
218 4044 328 4098 tur,
371 4048 508 4104 aqua
538 4042 621 4089 est
658 4034 996 4104 baptismatis
1023 4050 1128 4104 qua
1166 4034 1347 4089 fideles
1391 4033 1801 4104 perfunduntur.

217 4125 362 4181 Lana
390 4127 643 4182 coccinea
671 4126 993 4182 cbaritatem
1023 4127 1220 4182 Christi
1260 4128 1349 4196 qui
1380 4142 1479 4198 pro
1507 4127 1660 4182 nobis
1686 4143 1807 4200 pas-

214 4231 309 4274 sus
330 4226 437 4284 est,
466 4228 519 4272 et
547 4218 612 4273 de
634 4233 737 4288 qua
761 4218 888 4273 alibi
913 4218 1137 4273 dicitur:
1165 4218 1256 4275 Sic
1281 4220 1421 4276 Deus
1443 4220 1628 4275 dilexit
1651 4235 1805 4274 mun-

130 4354 135 4359 .
214 4310 367 4376 dum,
390 4316 450 4365 ut
474 4309 672 4366 Filium
710 4327 869 4367 suum
897 4312 1232 4384 unigenitum
1276 4315 1430 4372 daret
1454 4332 1552 4385 pro
1582 4315 1800 4371 mundo.

216 4402 494 4474 llyssopus
541 4402 708 4458 herba
755 4411 841 4459 est
881 4403 1101 4460 humilis
1147 4404 1203 4460 in
1249 4413 1406 4476 petra
1433 4421 1681 4470 nascens,
1709 4420 1805 4475 per

212 4508 380 4562 quam
411 4493 687 4549 humilitas
726 4492 1039 4563 designatur
1067 4493 1269 4552 Christi
1298 4503 1353 4550 et
1389 4495 1666 4561 fortitudo,
1697 4513 1802 4567 qua

213 4586 474 4641 interiora
498 4596 678 4641 nostra
702 4595 1018 4657 purgantur.
1043 4587 1176 4642 Nam
1200 4587 1360 4658 hujus
1381 4587 1563 4644 herbae
1582 4604 1811 4657 genere,

213 4676 527 4747 pulmonum
554 4678 681 4732 vitia
712 4679 927 4750 purgari
965 4679 1155 4735 solent.
1202 4678 1386 4736 Potest
1424 4688 1478 4735 et
1518 4696 1614 4751 per
1639 4682 1804 4751 hyso-

212 4784 342 4840 pum
366 4768 683 4839 pmnitentia
701 4769 895 4840 accipi,
918 4786 1037 4841 qua:
1062 4769 1272 4827 fortiter
1301 4780 1519 4842 peracta
1548 4773 1803 4830 interiora

216 4860 348 4916 vitia
375 4859 572 4914 mentis
597 4868 807 4932 purgat.

206 4934 221 4947 ’
289 4949 392 5006 llic
421 4950 636 5022 sanguis
659 4953 1104 5024 lestamcntiquod
1131 4953 1397 5008 mandavit
1420 4955 1490 5009 ad
1511 4972 1595 5011 vos
1622 4955 1801 5019 Deus;

215 5058 282 5097 ac
308 5043 354 5096 si
380 5043 587 5099 diceret
620 5061 633 5098 :
668 5042 794 5098 Haec
820 5052 903 5100 est
926 5042 1265 5100 confirmatio
1294 5044 1452 5113 hujus
1487 5049 1798 5102 testamenti

216 5135 362 5204 quod
384 5135 662 5192 mandavit
684 5135 751 5190 ad
782 5151 877 5191 vos
906 5135 1065 5190 Deus.
1094 5134 1200 5189 lste
1241 5136 1460 5207 sanguis
1489 5136 1802 5210 prurfignra-

216 5224 488 5281 batillum
532 5226 848 5297 sanguinem
894 5226 986 5296 qui
1024 5226 1090 5281 de
1126 5226 1293 5282 latere
1322 5226 1524 5282 Christi
1544 5228 1606 5283 in
1643 5246 1803 5287 cruce

220 5317 477 5372 manavit.
515 5315 629 5372 Hoc
652 5316 912 5388 sanguine
941 5316 1189 5372 Christus
1233 5326 1288 5372 et
1321 5333 1417 5373 nos
1460 5320 1712 5388 aspersit,
1750 5329 1805 5375 et

222 5416 604 5466 testamentum
634 5423 792 5464 suum
814 5409 1336 5476 confirmavit,sicut
1363 5410 1477 5480 ipse
1507 5411 1644 5467 dixit
1666 5426 1680 5466 :
1701 5411 1804 5467 Hic

218 5509 294 5555 est
329 5500 547 5572 sanguis
572 5497 708 5556 Novi
739 5499 1050 5556 Testamenti
1083 5503 1138 5556 in
1188 5503 1542 5559 remissionem
1568 5515 1803 5576 peccato-

221 5607 339 5647 rum
371 5592 565 5665 (.llarc.
603 5593 737 5662 xxv).

294 5683 473 5740 Etiam
501 5685 892 5740 tabernaculum
940 5696 987 5740 et
1019 5689 1193 5741 omnia
1222 5706 1340 5743 vasa
1382 5691 1638 5761 mysterii,
1681 5708 1803 5745 san-

223 5777 380 5851 guine
398 5776 889 5848 similiteraspersit.
918 5774 1346 5853 Tabernaculum
1374 5779 1446 5835 illi
1469 5781 1800 5854 intelligendi

134 5886 141 5893 '
225 5878 375 5937 sunt.
418 5870 485 5929 de
529 5868 726 5938 quibus
767 5881 863 5938 per
904 5869 1223 5941 prophetam
1266 5870 1406 5929 Deus
1434 5871 1690 5945 loquitur,
1719 5871 1799 5928 di-
1840 5949 1852 5960 ‘

469 6028 520 6048 ἰο

1908 2031 2035 2084 pene
2061 2016 2114 2070 in
2140 2017 2396 2087 sanguine
2433 2020 2753 2100 mandantur
2777 2021 3060 2073 secundum
3082 2019 3269 2091 legem,
3291 2030 3340 2075 et
3378 2022 3500 2075 sine

1907 2109 2180 2179 sanguinis
2203 2110 2456 2179 effusione
2480 2128 2582 2166 non
2603 2111 2663 2181 ﬁt
2700 2112 2950 2168 remissio.
2981 2113 3160 2182 Quare
3185 2114 3323 2170 dixit
3349 2130 3492 2184 pene

1909 2197 1962 2253 in
1993 2200 2257 2270 sanguine
2281 2202 2526 2257 mandari
2558 2204 2737 2258 omnia
2772 2205 3065 2260 secundum
3091 2204 3303 2278 legem?
3343 2205 3487 2273 Quo-

1907 2288 2051 2342 niam
2078 2290 2182 2345 illis
2209 2307 2315 2346 non
2350 2302 2470 2348 erat
2496 2293 2734 2363 perfecta
2750 2296 3059 2363 ’mundatio,
3101 2310 3279 2368 neque
3305 2297 3485 2368 perte.

1906 2388 1993 2437 cta
2022 2383 2269 2439 remissio
2293 2403 2305 2439 :
2336 2400 2563 2456 corpora
2592 2387 2736 2442 enim
2758 2395 3018 2458 quantum
3040 2390 3106 2443 ad
3132 2388 3302 2461 legem
3328 2391 3491 2460 perti-

1904 2484 2035 2531 nent
2061 2477 2459 2532 mundabantur
2484 2479 2799 2550 aspersione
2826 2479 2941 2535 sive
2969 2478 3231 2536 effusione
3272 2481 3491 2551 sangui-

1905 2565 1988 2622 nis
2016 2566 2351 2634 animalium,
2382 2569 2630 2640 leviaque
2664 2579 2886 2641 peccata
2928 2571 3353 2627 relaxabsntur:
3390 2572 3487 2626 sed

1905 2664 1957 2718 in
2015 2663 2115 2718 hoc
2159 2660 2301 2731 quod
2342 2659 2547 2732 majora
2595 2661 2825 2716 crimina
2866 2677 2972 2717 non
3015 2661 3258 2729 tollebat,
3307 2678 3485 2734 neque

1904 2751 2201 2823 perfectum
2229 2751 2501 2807 hominem
2524 2752 2784 2808 reddebat
2810 2766 2915 2811 non
2939 2761 3059 2809 erat
3077 2751 3314 2824 perfecta
3337 2768 3489 2809 mun-

1905 2843 2071 2898 datio.
2106 2840 2348 2897 Perfecta
2377 2850 2557 2897 autem
2590 2844 2873 2898 mundatio
2901 2852 2958 2899 et
2984 2844 3234 2900 remissio
3262 2844 3337 2898 in'
3362 2858 3490 2897 san-

1905 2932 2067 3003 guine
2097 2931 2298 2986 Christi
2347 2932 2618 2998 consistit,
2666 2933 2757 3004 qui
2785 2949 2886 3004 pro
2912 2934 3068 2990 nobis
3092 2932 3297 2991 ell‘usus
3322 2943 3409 2988 est
3431 2934 3488 2988 in

1906 3025 2279 3081 remissionem
2311 3033 2680 3094 peccatorum,
2711 3027 2829 3082 sine
2866 3026 3021 3097 cujus
3048 3028 3329 3099 sanguinis
3353 3026 3487 3082 efl‘u-

1906 3116 2059 3170 sione
2088 3130 2246 3170 nemo
2282 3115 2584 3172 redimitur.
2606 3134 2609 3139 ·

1977 3206 2200 3263 Necesse
2224 3216 2298 3262 est
2324 3225 2446 3280 ergo
2470 3208 2792 3280 exetnplaria
2836 3210 3042 3281 quidem
3085 3212 3367 3267 caelestium
3408 3212 3487 3267 his

1907 3301 2190 3356 sacrificiis
2229 3310 2285 3356 et
2309 3301 2718 3372 aspersionibus
2748 3302 3014 3357 mandari.
3047 3302 3172 3374 Ipsa
3194 3318 3369 3358 autem
3390 3321 3486 3358 cae-

1905 3482 2107 3561 crificia
2137 3481 2349 3554 legalia,
2377 3482 2730 3552 exemplaria,
2762 3482 2814 3537 id
2850 3482 3181 3555 estliguram
3209 3493 3268 3539 et
3295 3484 3488 3540 simili-

1908 3576 2148 3646 tudinem
2176 3585 2334 3632 vocat
2364 3593 2376 3629 :
2407 3577 2508 3631 ista
2539 3585 2720 3633 autem
2761 3593 2883 3648 qua:
2926 3578 3085 3633 modo
3136 3578 3189 3633 in
3244 3577 3485 3633 Ecclesia

1905 3669 1958 3723 in
1988 3668 2215 3724 veritate
2243 3667 2608 3733 celebrantur,
2661 3668 2906 3723 coelestia
2922 3668 3173 3741 appellat,
3194 3668 3245 3723 id
3267 3677 3354 3725 est
3377 3667 3487 3736 spi-

1909 3758 2108 3823 ritalia,
2160 3758 2414 3828 quoniam
2470 3758 2772 3829 spiritualia
2837 3767 2981 3824 sunt,
3023 3768 3079 3814 et
3133 3759 3505 3831 spiritualiten

1905 3851 2109 3921 agenda
2136 3869 2151 3918 ;
2203 3852 2317 3906 sive
2344 3851 2608 3916 coelestia,
2638 3866 2705 3906 eo
2730 3852 2874 3921 quod
2904 3850 3026 3906 illos
3053 3852 3148 3921 qui
3170 3851 3223 3907 in
3256 3851 3499 3907 veritate

1906 3959 1967 3996 ea
2004 3942 2299 4008 celebrant,
2324 3943 2388 3997 ad
2403 3943 2644 3998 coelestia
2671 3942 2990 4012 perducant.
3016 3943 3380 4013 Exemplaria,
3406 3945 3491 3998 in-

1906 4033 2045 4101 quit,
2079 4031 2379 4086 caelestium
2426 4032 2808 4104 mysteriorum
2836 4046 2901 4086 ac
2928 4045 3111 4087 rerum
3138 4047 3258 4102 qua:
3286 4032 3343 4086 in
3370 4032 3506 4103 lege»

1907 4126 2206 4197 agebantur
2230 4126 2283 4180 in
2319 4125 2491 4197 figura
2532 4125 2786 4191 istorum,
2831 4139 2952 4194 qua:
2977 4125 3135 4180 modo
3161 4125 3216 4179 in
3242 4125 3485 4182 Ecclesia

1907 4218 2266 4288 complentur,
2322 4233 2544 4274 necesse
2569 4226 2689 4272 erat
2712 4216 2958 4272 mundari
2987 4216 3182 4273 talibus
3201 4217 3499 4273 sacrificiis

1907 4311 2117 4384 typicis,
2145 4321 2201 4365 et
2224 4309 2631 4381 aspersionibus
2657 4307 2972 4379 llgurativis,
3008 4308 3135 4378 quia
3182 4322 3287 4362 non
3329 4305 3491 4363 habe-

1905 4403 2103 4457 bantur
2137 4417 2261 4457 vera
2311 4401 2425 4473 ipsa
2452 4408 2538 4456 aut
2570 4399 2831 4462 caelestia,
2883 4398 2933 4453 id
2966 4407 3049 4454 est
3078 4397 3339 4468 spiritalia
3367 4415 3489 4470 qua:

1904 4492 1958 4547 in
1989 4493 2215 4549 veritate
2242 4493 2400 4548 modo
2422 4492 2475 4547 in
2506 4491 2744 4547 Ecclesia
2772 4490 3134 4554 celebrantur,
3181 4490 3521 4545 melioribus-

1907 4583 2100 4639 hostiis
2122 4584 2453 4639 mundantur
2479 4599 2640 4653 quant
2669 4584 2786 4639 istis
2809 4583 3070 4654 legalibus
3087 4623 3102 4648 ,
3126 4581 3389 4655 sanguine
3410 4583 3489 4637 vi-

1911 4675 2105 4730 delicet
2152 4675 2419 4744 passionis
2466 4674 2702 4742 Christi;
2756 4690 2879 4729 nam
2926 4675 3050 4745 quia
3106 4675 3491 4745 quaerebantur

1909 4783 2038 4821 vera
2066 4756 2354 4831 sacrificia,
2386 4767 2581 4837 quibus
2626 4766 2863 4837 perfecte
2906 4766 3209 4840 potuissent
3245 4766 3492 4822 homines

1908 4861 2179 4926 nutmlari,
2238 4876 2337 4915 nec
2384 4861 2819 4927 inveniebantur,
2853 4876 3074 4917 necesse
3104 4862 3207 4916 fuit
3256 4869 3365 4916 tam
3398 4862 3488 4916 diu

1910 4969 2127 5010 manere
2150 4953 2260 5020 illa,
2301 4968 2585 5024 quousque
2620 4969 2748 5009 vera
2783 4953 3126 5010 advenirent.

1981 5045 2103 5100 Non
2119 5046 2257 5100 enim
2282 5046 2335 5099 in
2362 5044 2680 5115 manufestis
2697 5043 2909 5101 Sanctis
2921 5044 3076 5100 Iesus
3090 5045 3291 5099 introiit
3312 5058 3490 5099 exem-

1905 5135 2078 5206 plaria
2139 5150 2399 5197 verorum,
2442 5134 2532 5188 sed
2578 5133 2635 5187 in
2686 5133 2858 5205 ipsum
2887 5131 3093 5197 celum,
3136 5141 3197 5192 ut
3236 5142 3507 5203 appareat.

1909 5243 2047 5282 nunc
2070 5226 2237 5282 vultui
2264 5227 2358 5281 Dei
2386 5243 2482 5296 pro
2513 5225 2680 5282 nobis.
2713 5224 2829 5280 Non
2856 5214 3123 5291 introivit,
3168 5224 3366 5295 inquit,
3395 5220 3490 5279 Je—

1908 5336 2000 5374 sus
2032 5320 2085 5374 in
2116 5316 2443 5374 manufac'is
2464 5317 2686 5381 sanctis,
2721 5314 2979 5373 subaudis
3000 5330 3122 5386 quae
3143 5323 3272 5371 sunt
3308 5327 3493 5370 exem-

1907 5413 2077 5483 plaria
2124 5427 2394 5469 verorum.
2428 5411 2731 5468 Manul‘acta
2759 5410 2993 5482 appellat
3032 5408 3232 5466 Sancta
3271 5415 3490 5464 sancto-

1910 5519 2051 5567 rum,
2080 5518 2199 5573 quae
2239 5503 2474 5574 primum
2506 5502 2757 5557 manibus
2790 5500 3031 5556 Beseleel
3076 5498 3223 5555 facta
3268 5507 3395 5555 sunt
3436 5497 3490 5552 in

1908 5612 2114 5659 eremo,
2152 5604 2204 5651 et
2231 5603 2417 5668 postea
2450 5595 2701 5651 similiter
2745 5593 2995 5649 manibus
3044 5602 3391 5664 operatorum
3435 5592 3490 5645 in

1911 5689 2111 5760 templo
2149 5687 2475 5754 Salomonis,
2512 5689 2564 5743 in
2587 5703 2695 5758 quo
2726 5701 2833 5742 non
2881 5686 3090 5743 introiit
3117 5685 3293 5753 Iesus,
3320 5685 3415 5741 sed
3437 5685 3490 5738 in

1908 5782 2081 5851 ipsum
2119 5779 2338 5845 cmlum,
2370 5780 2513 5851 quod
2562 5795 2666 5834 non
2707 5788 2789 5834 est
2821 5778 3069 5835 manibus
3100 5778 3379 5834 hominum
3408 5775 3490 5831 fa-

1909 5881 2073 5945 ctum,
2100 5873 2193 5931 sed
2217 5873 2461 5946 jussionc
2490 5884 2541 5929 et
2580 5874 2854 5932 voluntate
2879 5872 3037 5931 Verbi
3065 5875 3159 5931 Dei
3182 5881 3507 5930 estcttsuuu
