3974 6460
995 407 1353 467 HAYMONIS
1386 411 1862 470 HALBEBSTAt'.
1899 409 2112 466 EPlSC.
2151 408 2298 465 OPP.
2336 411 2515 469 PARS
2546 415 2587 469 l.
2614 444 2685 455 —-
2706 412 3062 471 COMMENT.
3100 410 3271 466 BIBL.

501 527 669 597 Igitur
711 524 803 581 illa
865 521 1085 580 fuerunt
1143 526 1471 595 exemplaria
1534 535 1591 581 et
1658 522 1844 595 ﬁgurae
1907 536 2069 578 vero-
2096 523 2285 581 A‘sine
2317 537 2527 596 peccato
2556 528 2824 598 apparebit
2863 525 3276 599 exspectantibus
3310 541 3368 579 se
3406 525 3463 579 in
3514 526 3787 589 “luem,

503 631 649 681 rum,
688 615 814 685 quia
847 612 948 669 ista
999 627 1147 668 vera.
1183 613 1385 670 Sancta
1425 612 1738 672 sanctorum
1778 611 2086 685 praeﬁgura-

502 710 633 764 haut
678 722 800 778 quas
824 706 1071 761 Christus
1102 708 1267 762 semel
1292 708 1519 763 introiit.
1552 708 1778 763 Introire
1805 715 1982 760 autem
2008 704 2085 758 di-

499 800 673 854 cimus
722 795 903 851 Iesum
957 798 1254 851 secundum
1302 799 1355 852 id
1399 801 1541 869 quod
1596 800 1762 854 homo
1810 806 1910 853 est.
1944 796 2080 851 Nam

498 886 794 943 seettndum
851 886 903 941 id
944 887 1088 955 quod
1141 886 1285 942 Deus
1321 896 1424 951 est,
1483 889 1682 958 ubique
1725 896 1829 951 est,
1872 895 1926 940 et
1964 901 2081 940 om-

497 976 587 1030 nia
621 974 826 1044 implet,
856 989 957 1029 nec
993 975 1046 1028 in
1077 974 1402 1030 manufactis
1442 977 1723 1047 hominum
1752 975 1962 1029 introiit
1983 974 2077 1029 sed

498 1066 555 1120 in
594 1067 767 1136 ipsum
817 1065 1036 1130 coelum,
1082 1066 1326 1136 jussione
1373 1066 1465 1122 Dei
1496 1076 1753 1121 creatum.
1793 1065 1902 1120 Nec
1938 1066 2077 1120 hanc

499 1156 668 1212 solam
723 1155 1081 1211 differentiam
1135 1157 1395 1221 ostendit,
1443 1156 1537 1212 sed
1577 1158 1740 1211 etiam
1769 1156 2074 1225 pontiﬁcem

498 1250 804 1317 proximum
854 1249 1086 1318 primum
1138 1246 1415 1312 factorem,
1466 1255 1523 1302 ut
1556 1256 1829 1317 appareat.
1879 1246 2071 1315 inquit,

502 1338 671 1395 vultui
700 1338 792 1391 Dei
824 1353 922 1407 pro
948 1336 1122 1399 nobis,
1166 1336 1267 1391 hoc
1302 1344 1407 1395 est.
1452 1344 1513 1389 ut
1539 1337 1775 1405 seipsum
1823 1335 2076 1390 exhibeat

499 1427 771 1497 potentias.
800 1436 1036 1498 paterna:
1080 1426 1339 1495 nobisque
1372 1426 1517 1481 illum
1545 1427 1835 1496 propitium
1862 1426 2071 1481 reddat.

502 1520 656 1575 Unde
675 1518 913 1587 Joannes
940 1518 1071 1573 dicit
1117 1536 1130 1571 :
1175 1516 1498 1571 Advocatum
1521 1517 1771 1572 ltabemus
1797 1517 1937 1587 apud
1967 1514 2075 1569 Pa-

499 1621 631 1665 trem
650 1608 835 1663 Iesum
848 1609 1074 1680 justum.
1095 1618 1144 1663 et
1181 1609 1292 1675 ipse
1312 1618 1385 1663 est
1409 1609 1711 1679 prapitiatio
1736 1627 1828 1678 pro
1852 1609 2075 1680 peccatis

503 1704 693 1759 nostris
720 1702 902 1775 (Joan.
931 1700 1014 1773 tt).
1044 1700 1226 1772 Neque
1263 1702 1407 1756 enim
1436 1710 1493 1755 ut
1514 1718 1651 1772 stupe
1676 1701 1862 1771 offerat
1886 1710 2074 1755 semct-

502 1796 677 1864 ipsum
694 1834 709 1860 ,
738 1792 1175 1866 quemadmodum
1202 1793 1438 1864 pontifex
1463 1793 1622 1846 intrat
1659 1792 1713 1846 in
1739 1791 1938 1847 Sancta
1959 1809 2078 1847 san.

502 1893 703 1938 ctorum
727 1899 819 1954 per
841 1880 1072 1954 singulos
1095 1883 1330 1936 annosin
1344 1882 1597 1951 sanguine
1624 1880 1822 1946 alieno;
1843 1881 2077 1952 alioquin
2106 1874 2151 1933 Β

500 1972 767 2043 oportebat
802 1989 920 2028 eum
960 1972 1254 2043 frequenter
1280 1975 1391 2043 pati
1418 1972 1482 2026 ab
1505 1973 1703 2043 origine
1726 1973 1927 2028 mundi.
1959 1972 2075 2030 Non

499 2036 586 2122 est
613 2064 861 2122 Christus
890 2036 1089 2135 adhuc
1131 2036 1486 2135 ingre'ssutin
1516 2036 1714 2120 Sancta
1742 2074 2073 2131 sanctorum,

501 2171 563 2217 ut
582 2177 725 2233 stupe
749 2162 1098 2232 semetipsum
1135 2159 1327 2215 otl‘erat
1354 2160 1807 2230 quemadmodum
1838 2157 2076 2230 pontifex

501 2251 811 2309 Iudaeorum
855 2252 1257 2324 ingrediebatur
1299 2253 1352 2307 in
1396 2250 1594 2308 Sancta
1641 2261 1948 2308 sanctorum
1981 2268 2079 2322 per

501 2341 744 2415 singulos
765 2357 955 2405 annos.
974 2357 1148 2413 neque
1173 2357 1295 2415 cum
1319 2343 1579 2417 sanguine
1604 2343 1797 2403 alieno.
1827 2343 1923 2398 sed
1951 2358 2075 2398 cum

498 2451 622 2500 suo,
649 2436 901 2506 quoniam
932 2437 1046 2505 ipse
1075 2435 1166 2504 qui
1209 2436 1462 2490 sacerdos
1508 2443 1593 2490 est
1624 2443 1680 2490 et
1726 2434 2075 2498 sacriﬁcium,

501 2525 670 2582 semel
695 2526 930 2596 seipsum
966 2525 1164 2581 obtulit
1188 2525 1244 2580 in
1273 2540 1367 2579 ara
1409 2525 1588 2580 crucis
1615 2538 1639 2587 :,
1660 2539 1723 2579 ac
1756 2538 1880 2579 vero
1910 2538 2078 2578 resur-

499 2635 627 2691 gens
648 2636 681 2673 a
705 2618 924 2672 mortuis
962 2617 1076 2686 jam
1123 2632 1227 2671 non
1264 2617 1509 2681 moritur,
1535 2632 1676 2670 mors
1702 2614 1782 2669 illi
1808 2614 1947 2668 ultra
1974 2630 2077 2667 non

500 2710 856 2766 dominabitur
885 2707 1064 2778 (Rom.
1086 2708 1163 2779 vr)
1197 2724 1211 2761 :
1243 2721 1344 2763 nec
1382 2714 1468 2762 est
1510 2721 1732 2763 necesse
1759 2714 1820 2760 ut
1846 2704 2078 2775 amplius

502 2805 792 2869 moriatur,
845 2804 1097 2874 quoniam
1155 2804 1223 2859 ad
1273 2803 1501 2859 salutem
1554 2804 1795 2861 omnium
1849 2801 2078 2869 creden-

500 2897 638 2954 tium
667 2898 798 2953 satis
826 2896 1023 2953 suﬁicit
1044 2912 1151 2952 una
1181 2897 1362 2967 passio
1387 2897 1524 2968 ejus.

563 2989 842 3058 Alioquin.
873 2990 975 3044 hoc
996 2996 1080 3055 est
1108 2987 1153 3044 si
1175 2988 1336 3043 aliter
1383 2996 1547 3053 esset,
1595 2995 1655 3042 ut
1680 2987 1849 3044 semel
1887 3001 2079 3057 passus

500 3095 608 3136 non
648 3081 928 3151 prodesset
962 3081 1245 3146 omnibus,‘
1265 3081 1460 3152 saepius
1496 3088 1774 3152 oporteret
1799 3096 1922 3137 eum
1952 3096 2079 3136 cru-

500 3172 647 3241 ciﬁgi
673 3175 740 3228 ab
776 3174 984 3245 origine
1014 3172 1219 3237 mundi,
1245 3174 1350 3228 hoc
1374 3181 1479 3236 est,
1505 3180 1638 3243 quot
1681 3170 1898 3226 fuerunt
1917 3168 2072 3225 electi

2184 614 2291 670 tale
2332 625 2418 671 est
2445 632 2511 673 ac
2536 617 2581 673 si
2612 618 2848 674 diceret:
2881 617 3123 673 Primum
3148 617 3364 686 quidem
3392 614 3482 671 ille
3510 616 3789 685 apparuit

2183 727 2279 782 per
2303 712 2533 767 hostiam
2557 728 2730 777 suam,
2772 714 2876 768 hoc
2899 721 2979 768 est
3005 727 3104 783 per
3123 726 3321 780 corpus
3343 708 3603 771 mortale.
3627 708 3785 777 quod

2181 802 2285 858 fuit
2306 804 2479 859 hostia
2503 820 2603 874 pro
2621 812 2859 875 peccato,
2887 803 3124 858 secundo
3139 811 3319 856 autem
3341 800 3643 871 apparebit
3661 798 3789 854 sine

2181 896 2353 950 hostia
2376 911 2472 965 pro
2500 905 2744 966 peccato,
2774 898 2899 967 quia
2919 897 3032 967 jam
3054 912 3163 951 non
3184 897 3293 949 erit
3314 895 3490 949 hostia
3515 909 3626 963 pro
3653 908 3789 962 pec-

2179 995 2316 1045 cato.
2368 986 2509 1040 sicut
2553 988 2703 1056 prius
2744 986 2864 1041 fuit.
2916 986 3031 1041 Non
3075 988 3220 1043 enim
3250 987 3451 1057 poterit
3507 986 3787 1055 deinceps

2180 1077 2335 1131 mori.
2367 1078 2521 1132 Sicut
2541 1080 2684 1132 enim
2711 1079 3081 1148 unusquisque
3105 1087 3351 1132 nostrum
3375 1086 3496 1146 post
3533 1084 3786 1131 mortem

2179 1166 2368 1236 recipit
2382 1167 2533 1237 juxta
2559 1183 2720 1238 opera
2765 1183 2861 1222 sua
2893 1186 2907 1223 :
2942 1170 3013 1223 ita
3040 1168 3291 1223 Christus
3317 1168 3534 1223 devicta
3567 1177 3783 1231 morte,

2176 1265 2239 1309 et-
2261 1256 2454 1326 adepto
2474 1272 2659 1327 regno,
2694 1258 2921 1312 secundo
2948 1260 3214 1328 apparebit
3243 1258 3683 1327 exspectantibus
3727 1273 3784 1311 se

2177 1347 2231 1400 in
2266 1346 2507 1410 salutem,
2540 1355 2600 1401 ut
2622 1346 2766 1413 jnste
2810 1348 3045 1403 vindicet
3072 1363 3223 1412 suos,
3268 1349 3358 1417 qui
3380 1346 3536 1414 juste
3574 1362 3781 1417 passus

2176 1445 2260 1492 est
2287 1439 2354 1491 ab
2381 1436 2590 1492 alienis.
2621 1437 2806 1493 Melior
2829 1446 2913 1493 est
2952 1440 3065 1493 hinc
3094 1440 3363 1508 apparitio
3388 1442 3778 1507 exspectanti-

2176 1527 2279 1582 bus
2327 1541 2386 1581 se
2423 1527 2476 1582 in
2529 1526 2778 1591 salutem,
2810 1543 2974 1597 quam
3020 1529 3326 1583 communis
3369 1530 3513 1583 visio
3560 1529 3632 1582 de
3668 1544 3777 1598 qua

2177 1617 2373 1671 dicitur
2403 1633 2417 1670 :
2460 1614 2658 1670 Vibebit
2684 1634 2802 1671 eum
2828 1619 2996 1672 omnis
3016 1618 3223 1681 oculus,
3243 1628 3292 1671 et
3321 1620 3415 1688 qui
3454 1635 3583 1672 eum
3600 1636 3776 1688 pupu-

2178 1716 2359 1777 gerunt
2391 1706 2574 1775 (Apoc.
2604 1705 2666 1775 ι).
2696 1706 2807 1762 Hoc
2833 1716 2915 1761 est
2934 1708 3331 1781 ergo‘secundo
3356 1722 3636 1777 apparere
3656 1708 3771 1762 sine

2178 1806 2399 1868 peccato
2429 1799 2541 1869 jam
2571 1812 2676 1852 non
2704 1798 2869 1853 videri
2914 1798 2966 1853 in
2990 1799 3399 1854 similitudinem
3428 1801 3613 1856 carnis
3632 1815 3761 1869 pec-

2178 1891 2308 1955 cati,
2336 1886 2431 1946 seti
2471 1905 2573 1945 nee
2595 1890 2824 1945 aliorum
2854 1899 3074 1961 peccata
3105 1900 3419 1960 portantem
3453 1892 3514 1946 in
3544 1907 3757 1961 corpore

2178 1999 2274 2039 suo
2293 1998 2460 2055 super
2492 1983 2710 2053 lignum,
2742 1976 2883 2039 sicut
2929 1984 2981 2039 in
3003 1984 3180 2054 primo
3212 1985 3454 2059 adventu
3476 1984 3632 2048 fecit,
3669 2001 3766 2041 nec

2180 2073 2506 2133 intervenire
2565 2073 2799 2142 amplius
2844 2089 2944 2145 pro
2987 2075 3260 2144 peccatis,
3312 2076 3414 2132 sed
3471 2076 3766 2132 vindictam

2176 2179 2432 2221 exercere
2458 2165 2511 2219 in
2552 2174 2859 2234 peccantes.

2804 2316 3021 2375 CAPU'I
3071 2317 3134 2374 Χ.

2251 2430 2498 2485 Umbram
2543 2430 2680 2484 enim
2706 2431 2900 2486 habens
2927 2431 3012 2486 lex
3033 2432 3332 2502 futurorum
3378 2432 3635 2487 bonum
3655 2451 3752 2487 ποι

2177 2522 2343 2593 ipsam
2366 2521 2644 2591 imaginem
2668 2537 2839 2593 rerum
2864 2538 2955 2592 per
2974 2522 3204 2593 singulos
3226 2541 3396 2578 annos
3422 2525 3623 2578 eisdem
3636 2525 3749 2593 ipsis

2177 2614 2362 2669 Itostiis
2387 2631 2518 2686 quas
2546 2615 2771 2684 o/ferunt
2790 2616 3156 2680 indesinenter,
3180 2633 3459 2687 nunquam
3488 2628 3654 2687 potest
3679 2635 3759 2671 ac-

2178 2705 2412 2763 cedentes
2441 2705 2693 2776 perfectos
2717 2705 2909 2775 facere.
2928 2704 3072 2762 Ordo
3086 2707 3374 2760 verborum
3392 2717 3516 2760 est:
3554 2705 3760 2760 Habeas

2179 2795 2263 2852 lex
2292 2798 2537 2852 umbram
2580 2794 2883 2852 futurorum
2926 2797 3185 2853 bonorum
3218 2782 3331 2852 non
3361 2798 3545 2875 ipsam
3586 2800 3761 2868 imagi-

2178 2906 2301 2946 nem
2335 2906 2534 2955 rerum,
2565 2898 2839 2960 nunquam
2881 2899 3057 2961 potest
3084 2890 3406 2944 accedentes
3455 2890 3527 2943 ad
3569 2906 3631 2944 se
3658 2906 3763 2959 per-

2176 2983 2348 3040 fectos
2371 2983 2553 3040 facere
2589 2984 2794 3041 eisdem
2821 2984 2951 3054 ipsis
2973 2984 3167 3039 hostiis
3190 2999 3325 3054 quas
3344 2982 3597 3037 oll‘erunt
3625 2986 3761 3038 inrlc-

2177 3079 2416 3133 sinenter
2464 3093 2561 3147 per
2600 3077 2841 3146 singulos
2870 3092 3059 3131 annos.
3110 3075 3313 3129 Futura
3361 3076 3511 3130 bona
3561 3076 3763 3130 duoluts

2179 3168 2354 3222 modis
2398 3168 2735 3237 intelligenda
2784 3175 2932 3232 sunt,
2981 3166 3230 3222 videlicet
3280 3167 3369 3221 vel
3404 3176 3759 3239 sacramenta

499 3274 557 3321 et
578 3237 710 3336 quot
734 3237 899 3320 futuri
924 3273 1168 3332 suntpro
1189 3262 1416 3330 singulis
1437 3237 1573 3317 mori
1605 3261 1753 3319 illum
1777 3267 2070 3329 oporteret,
2103 3237 2146 3297 (ἶ
2180 3275 2300 3329 qnie
2330 3259 2384 3314 in
2411 3259 2635 3314 veritate
2681 3260 2732 3313 in
2759 3258 2971 3314 Christo
3008 3266 3062 3312 ct
3112 3258 3163 3313 in
3196 3237 3447 3313 Ecclesia
3498 3259 3760 3326 completa

501 3356 549 3412 si
574 3370 672 3411 eos
693 3354 958 3410 redimere
993 3352 1188 3409 vellet:
1211 3353 1305 3409 sed
1344 3352 1517 3408 noluit
1541 3352 1643 3407 nisi
1671 3359 1879 3406 tantum
1909 3350 2077 3405 semel

503 3446 668 3508 mori,
704 3445 829 3514 quia
860 3459 969 3499 una
999 3453 1174 3499 morte
1198 3432 1343 3499 illius
1364 3444 1662 3513 redemptio
1699 3441 1839 3498 facta
1865 3452 1967 3498 est.

564 3536 722 3590 Nunc
764 3545 937 3588 autem
980 3534 1137 3589 semel
1175 3534 1229 3589 in
1276 3534 1739 3597 consummatione,
1768 3535 1870 3611 hoc
1897 3516 1982 3588 est
2022 3534 2076 3588 in

505 3624 615 3680 ﬁne
634 3623 968 3686 surculorum,
984 3624 1039 3678 in
1060 3623 1348 3679 novissima
1371 3632 1545 3687 astate,
1568 3623 1638 3677 ad
1661 3623 2076 3678 destructionem

502 3714 703 3784 peccati
728 3729 820 3783 per
834 3713 1058 3770 hostium
1076 3729 1228 3767 suam
1254 3714 1519 3786 apparuit,
1542 3714 1643 3769 hoc
1662 3721 1744 3769 est
1763 3727 1860 3782 per
1882 3727 2079 3782 corpus

504 3819 667 3859 suum
685 3803 831 3873 quod
860 3801 988 3858 fecit
1012 3804 1242 3859 hostiam
1266 3819 1363 3873 pro
1388 3811 1625 3874 peccato.
1652 3802 1848 3867 Semel,
1880 3800 2074 3872 inquit,

504 3894 561 3950 in
593 3893 698 3949 ﬁne
720 3893 1134 3950 saeculorumad
1177 3894 1278 3949 hoc
1322 3893 1593 3964 apparuit,
1623 3902 1683 3948 ut
1720 3907 1815 3963 per
1844 3892 2076 3948 hostiam

504 4002 665 4042 suam
705 3985 1012 4042 destrueret
1057 3995 1357 4057 peccatum.
1407 3984 1595 4040 Merito
1631 3994 1757 4040 tunc
1809 3986 2076 4054 apparuit,

506 4078 728 4156 qqando
780 4076 946 4133 multa
986 4086 1142 4132 erant
1191 4084 1434 4146 peccata.
1482 4084 1542 4139 ut
1585 4075 1894 4132 ostenderet
1940 4076 2080 4133 divi—

504 4171 613 4227 tias
631 4171 820 4240 gratia:
845 4185 976 4226 suae.
1006 4169 1063 4224 Si
1087 4169 1233 4231 enim
1262 4166 1805 4237 inprincipioiﬁeret,
1833 4166 2081 4221 fortassis

505 4259 686 4316 nullus
717 4260 962 4319 crederet
983 4267 1039 4315 et
1072 4260 1175 4313 hoc
1214 4256 1382 4325 semel
1409 4257 1475 4327 in;
1496 4256 1961 4319 consummatione
1982 4270 2082 4310 sat-

502 4349 772 4409 culorum.
794 4364 890 4421 per
909 4346 1546 4419 propriumsanguinem,
1569 4360 1674 4400 non
1700 4360 1796 4414 per
1820 4344 2074 4421 alienum.

480 4484 485 4489 -
576 4442 644 4497 Et
654 4441 1088 4512 quemadmodum
1100 4448 1351 4494 statutum
1363 4446 1438 4512 est
1450 4436 1741 4491 hominibus
1753 4435 1909 4491 semel
1924 4436 2077 4512 mori,

500 4543 615 4605 post
650 4533 745 4588 hoc
773 4544 943 4599 autem
963 4531 1270 4607 judicium:
1300 4529 1373 4584 sic
1410 4537 1457 4583 et
1483 4526 1719 4599 Christus
1742 4525 1899 4605 semel
1937 4525 2082 4580 obla-

500 4637 586 4681 tus
611 4635 685 4680 est
730 4626 798 4680 ad
841 4625 1124 4680 multorum
1177 4608 1533 4677 exhauriendo
1571 4630 1814 4690 peccata;
1855 4619 2082 4673 secundo

501 4721 614 4774 sine
631 4730 840 4788 peccato
861 4719 1125 4789 apparebit
1148 4715 1560 4787 exspectantibus
1575 4731 1629 4769 se
1644 4714 1695 4768 in
1708 4698 1949 4770 salutem.
1968 4713 2083 4769 Sic-

501 4818 564 4863 ut
594 4809 900 4864 hominibus
929 4817 1192 4863 statutum
1218 4818 1274 4863 et
1300 4808 1575 4876 decretum
1598 4815 1715 4870 est,
1741 4815 1801 4861 ut
1831 4822 1935 4862 non
1961 4823 2085 4877 pos-

502 4898 614 4954 sint
654 4900 792 4953 mori
823 4900 925 4954 nisi
974 4899 1161 4967 semel,
1194 4909 1375 4968 postea
1419 4908 1599 4953 autem
1633 4898 1902 4968 accipiant
1939 4896 2083 4966 judi-

498 4993 667 5054 cium.
698 4993 805 5049 hoc
824 5003 921 5053 eest
950 5001 1113 5061 prout
1154 4992 1523 5061 unusquisque
1559 4992 1728 5061 gessit
1768 4991 2083 5065 incorpore

503 5084 619 5141 sive
661 5085 885 5150 bonum,
933 5086 1045 5141 sive
1090 5084 1290 5139 malum
1322 5102 1340 5139 ι
1368 5084 1445 5139 sic
1497 5092 1571 5153 et
1611 5082 1863 5138 Christus
1913 5083 2078 5153 semel

504 5174 727 5250 oblatus
738 5184 825 5233 est
853 5191 883 5228 a
916 5175 1206 5243 semetipso
1255 5174 1321 5229 ad
1354 5173 1647 5243 multorum
1691 5173 1921 5229 tollenda
1960 5188 2085 5250 pccf

501 5272 647 5328 cata,
687 5246 989 5335 necpotest
1029 5263 1260 5334 amplius
1289 5262 1445 5328 mori,
1496 5262 1589 5336 sed
1620 5276 1718 5317 nec
1758 5246 2079 5340 indigemus;

498 5352 804 5410 Notandum
826 5362 1007 5410 autem
1030 5354 1096 5409 ad
1121 5353 1407 5409 multorum
1435 5353 1664 5407 tollenda
1684 5361 1905 5429 peccata
1934 5352 2081 5407 illum

500 5460 624 5503 esse
648 5445 907 5509 oblatum,
938 5456 994 5501 et
1025 5460 1130 5500 non
1153 5446 1415 5502 omnium.
1452 5444 1578 5513 quia
1610 5459 1718 5498 non
1747 5458 1936 5497 omnes
1963 5458 2082 5499 cre-

503 5533 672 5595 ditari
699 5545 846 5590 sunt.
874 5534 1003 5591 Tale
1022 5545 1106 5591 est
1128 5535 1269 5606 quod
1304 5544 1359 5591 et
1398 5535 1512 5606 ipse
1546 5534 1804 5588 Dominus
1831 5534 2087 5604 apostolis

504 5626 581 5680 ait
609 5639 626 5680 :
658 5623 759 5704 llic
786 5636 862 5683 est
908 5629 1123 5699 sanguis
1159 5644 1302 5683 meus
1343 5629 1461 5681 noui
1498 5626 1821 5690 testamenti,
1859 5628 1949 5696 qui
1987 5642 2088 5697 pro

504 5714 660 5771 vobis
684 5723 741 5772 et
762 5735 857 5789 pro
895 5718 1073 5775 multis
1099 5720 1397 5789 eﬁundetur
1431 5719 1489 5773 in
1524 5717 1879 5773 remissionem
1903 5734 2087 5789 pecca-

504 5820 676 5879 torum
705 5807 918 5879 (Matth.
943 5810 1111 5881 xxvr).
1141 5809 1291 5878 Quod
1333 5819 1512 5866 autem
1544 5808 1789 5878 sequitur
1815 5827 1827 5862 :
1856 5809 2083 5863 secundo

2176 3360 2329 3412 Sunt,
2353 3365 2473 3420 quae
2501 3350 2679 3404 futura
2705 3358 2863 3404 erant
2887 3358 2945 3403 ut
2968 3350 3233 3411 venirent,
3258 3350 3342 3403 vel
3367 3351 3541 3404 etiam
3578 3352 3765 3422 gaudia

2182 3441 2369 3512 patriae
2391 3441 2644 3495 caelestis.
2680 3440 2936 3495 Umbram
2962 3451 3139 3495 autem
3163 3448 3321 3495 vocat
3352 3440 3594 3509 ﬁguram
3627 3450 3681 3494 et
3706 3442 3767 3493 si.

2184 3530 2560 3595 militudiucm,
2617 3531 2904 3600 imaginem
2952 3539 3129 3585 autem
3174 3543 3273 3599 pro
3315 3531 3558 3584 veritate
3602 3531 3762 3599 ponit.

2186 3622 2528 3678 Multifariam
2574 3624 2737 3694 igitur
2778 3606 3116 3685 sacramenta
3170 3622 3377 3678 Christi
3414 3633 3475 3677 et
3509 3623 3764 3677 Ecclesiae

2183 3732 2280 3786 per
2305 3716 2526 3787 ﬁguram
2560 3715 2901 3787 ostendebat,
2935 3715 3107 3770 donec
3135 3716 3348 3771 veniret
3370 3788 3373 3791 Δ
3394 3717 3522 3785 ipsa
3560 3718 3767 3772 Veritas

2182 3807 2451 3873 Christus,
2476 3807 2566 3876 qui
2592 3807 2901 3863 interiorem
2924 3805 3164 3876 ejusdem
3188 3806 3374 3879 ﬁgurm
3394 3824 3629 3863 sensum
3651 3812 3765 3863 data

2183 3900 2353 3968 gratia
2402 3899 2634 3969 Spiritus
2660 3899 2832 3954 sancti
2869 3898 3122 3955 Ecclesiae
3162 3915 3273 3953 suae
3309 3899 3679 3968 patefaceret,
3702 3902 3765 3955 si-

2185 3989 2400 4061 mulque
2453 3989 2729 4061 moriendo
2762 3990 2814 4042 in
2852 4004 3031 4050 cruce.
3077 3989 3256 4043 omnia
3294 3988 3386 4043 illa
3416 4000 3763 4045 sacramenta

2187 4082 2465 4137 revelaret.
2510 4082 2792 4151 Nunquam
2818 4091 3016 4137 autem
3043 4082 3213 4153 potuit
3240 4083 3578 4155 accedentes
3619 4084 3686 4136 ad
3715 4099 3765 4138 se

2184 4156 2418 4248 perfecte
2464 4178 2725 4232 mundare
2753 4178 2956 4232 eisdem
3000 4177 3129 4246 ipsis
3152 4177 3346 4231 hostiis
3387 4192 3532 4247 quas
3556 4194 3766 4248 semper

2176 4266 2591 4335 ,oﬁ'erebantipsi
2615 4267 2920 4322 sacerdotes
2939 4282 3034 4336 per
3048 4266 3284 4338 singulos
3310 4283 3510 4322 annos.
3538 4268 3764 4322 Easdem

2181 4356 2324 4411 enim
2356 4357 2497 4427 ipsas
2534 4356 2738 4411 hostias
2763 4356 3156 4411 irrationabiles
3193 4354 3496 4411 offerebant
3519 4359 3768 4412 omnibus

2170 4446 2359 4522 ianuis,
2397 4446 2595 4501 arietes
2625 4446 2893 4510 videlicet,
2935 4448 3114 4504 boves,
3147 4445 3350 4506 hircos.
3394 4455 3651 4500 turtures
3676 4488 3691 4511 ,
3717 4455 3769 4500 et

2185 4538 2479 4615 Columbus.
2514 4536 2769 4613 Sequitur
2794 4555 2806 4591 :
2832 4536 3075 4605 Alioquin
3106 4546 3389 4590 cessassent
3413 4538 3629 4605 oﬂ'erri,
3661 4538 3765 4591 idet

2185 4628 2325 4707 quod
2353 4628 2550 4705 nullam
2586 4629 2831 4707 baberent
2860 4627 2995 4682 ultra
3020 4628 3389 4707 conscientiam
3408 4629 3643 4695 peccati,
3666 4627 3771 4681 cul-

2186 4732 2321 4775 tores
2345 4721 2487 4775 illius
2508 4720 2665 4775 semel
2692 4720 2964 4785 mandati;
2988 4720 3076 4774 sed
3109 4722 3162 4773 in
3190 4721 3313 4789 ipsis
3339 4706 3771 4773 commemoratio

2188 4820 2515 4878 peccatorum
2558 4826 2651 4878 per
2673 4808 2904 4877 singulos
2933 4825 3097 4861 annos
3124 4808 3205 4876 ﬁt.
3247 4807 3530 4877 Alioquin,
3564 4809 3671 4863 hoc
3694 4818 3772 4862 est

2189 4901 2231 4956 si
2273 4899 2342 4954 ab
2383 4900 2633 4955 omnibus
2660 4907 2845 4953 essent
2894 4898 3105 4953 liberati
3151 4882 3409 4962 peccatis,
3459 4907 3770 4952 cessawt

2187 4990 2369 5045 oﬂ'erri
2424 4990 2525 5044 illa:
2569 4990 2757 5045 hostia:
2785 5004 2849 5045 eo
2896 4972 3270 5059 quod'nullam
3321 4987 3596 5043 haberent
3636 4989 3770 5041 ultra

2188 5080 2596 5145 conscientiam,
2650 5080 2702 5134 id
2742 5090 2826 5135 est
2867 5080 3180 5155 memoriam
3227 5087 3282 5157 et
3332 5079 3771 5133 recordationem

2190 5183 2529 5251 peccatorum
2568 5171 2779 5227 illorum
2814 5188 2861 5247 pa
2901 5173 3096 5237 quibus
3137 5171 3372 5226 cultores
3414 5171 3565 5226 illius
3608 5172 3772 5226 semel

2159 5250 2431 5343 _mundati
2476 5272 2686 5343 essent.
2708 5262 2814 5319 Sed
2847 5264 2973 5335 quia
3026 5263 3130 5318 hoc
3170 5251 3275 5317 non
3306 5264 3498 5333 potuit
3537 5262 3653 5317 ﬁeri
3675 5306 3691 5325 ,
3722 5272 3773 5314 et

2190 5340 2459 5425 nunquam
2513 5340 2803 5424 potuerunt
2842 5355 3043 5425 majora
3097 5363 3153 5407 et
3198 5354 3505 5408 criminalia
3554 5363 3770 5423 peccata

2190 5428 2296 5501 illis
2324 5443 2605 5500 sacriﬁciis
2634 5432 2881 5500 mundari
2906 5463 2921 5512 ;
2955 5446 3013 5499 ﬁt
3047 5461 3143 5515 per
3163 5445 3408 5515 singulos
3429 5461 3605 5499 annos
3623 5462 3771 5498 com-

2192 5536 2872 5605 memoratiopeccatorum
2904 5538 2957 5591 in
2988 5538 3118 5607 ipsis
3140 5538 3365 5602 hostiis;
3393 5537 3548 5591 verbi
3566 5536 3769 5608 gratia:

2192 5628 2246 5683 Si
2262 5627 2542 5684 obtulisset
2574 5629 2696 5699 quis
2729 5630 2980 5699 pricseuti
3019 5645 3162 5683 anno
3185 5629 3389 5684 hosdas
3416 5645 3518 5700 pro
3545 5638 3771 5700 peccato

2192 5718 2462 5782 adulterii,
2491 5728 2585 5773 aut
2622 5717 2911 5790 sacrilegii,
2942 5728 3036 5774 aut
3056 5718 3356 5790 parricidii,
3381 5732 3609 5773 necesse
3630 5727 3772 5775 erat.

2191 5819 2249 5864 ut
2267 5810 2516 5865 omnibus
2540 5811 2692 5867 annis
2720 5810 2770 5865 id
2794 5818 2995 5883 agcrct,
3015 5810 3264 5883 quoniam
3288 5826 3393 5864 non
3420 5818 3773 5880 poteratpor-
