3974 6448
188 419 295 478 889

898 421 1260 478 EXPOSITIO
1296 419 1362 477 IN
1399 420 1548 477 EPP.
1578 420 1640 477 S.
1680 419 1908 478 PAULI.
1945 450 2018 463 -—
2047 421 2117 477 IN
2154 422 2374 481 EPIST.
2415 425 2509 479 AD
2547 424 2751 480 HEBll.

3353 414 3461 490 sati

190 533 334 601 fecte
359 532 562 604 expiari
589 531 658 588 ab
686 529 776 588 illo
790 532 1038 604 .piaculo.
1085 531 1319 588 Proinde
1345 531 1617 588 accusatio
1645 545 1768 602 pee-
1794 534 1842 593 Α
1869 519 2173 600 lectamque
2200 534 2634 602 mundationem,
2665 543 2716 590 et
2748 536 2920 592 forma
2944 537 3116 610 magis
3136 538 3321 604 fuisse,
3356 554 3463 598 nec

189 633 436 681 calorum
459 622 559 678 fuit
584 622 727 694 quoii
755 623 931 686 ﬁebat.
953 640 1058 679 non
1077 624 1304 687 solutio;
1324 623 1598 679 accusatio
1614 622 1772 677 inﬁr-

189 713 420 778 mitatis,
451 729 557 767 non
582 714 1137 770 virtutisastensioJu
1164 716 1385 770 eoeuim
1402 716 1542 784 quod
1558 728 1771 784 semper

188 803 576 871 offerebantur,
609 807 916 877 redargutio
947 802 1290 879 peccatorum
1316 815 1436 861 erat
1462 824 1473 859 :
1514 806 1566 861 in
1589 820 1653 860 eo
1676 822 1770 859 au-

191 906 299 952 tem
326 898 465 964 quod
491 911 707 967 semper
734 902 1066 962 necessaria,
1099 898 1408 967 redargutio
1440 896 1769 953 infirmitatis

184 992 425 1058 ejusdem
473 990 746 1045 sacrificii.
777 990 1005 1060 Propter
1048 992 1170 1051 hoc.
1224 989 1417 1059 inquit,
1460 991 1768 1060 impetravit

184 1094 404 1151 semper
429 1079 607 1136 offerri
651 1093 870 1152 propter
905 1082 1296 1145 infirmitatem,
1326 1081 1450 1150 quia
1482 1096 1587 1136 nou
1615 1090 1767 1150 pote-

184 1180 271 1225 rat
300 1170 535 1240 perfecte
579 1174 862 1239 numdare,
899 1182 955 1228 et
986 1183 1043 1228 ut
1074 1173 1332 1227 memoria
1365 1180 1419 1227 et
1455 1171 1765 1242 redargntio

181 1274 534 1331 peccatorum
591 1263 763 1318 ﬁeret.
801 1263 940 1330 Quid
970 1278 1098 1335 ergo
1128 1263 1415 1319 dicendum
1455 1263 1572 1316 est?
1619 1260 1763 1316 Nun-

182 1354 313 1424 quid
356 1364 411 1408 ct
460 1355 767 1410 sacerdotes
796 1358 965 1410 nostri
1011 1356 1251 1425 quotidie
1282 1355 1423 1409 idem
1464 1370 1571 1407 non
1599 1366 1766 1425 agunt

182 1446 314 1501 dum
342 1446 574 1501 oﬁ'erunt
618 1448 830 1502 assidue
858 1447 1225 1503 sacriﬁcium?
1251 1445 1495 1503 Oll‘erunt
1520 1446 1759 1515 quidem,

181 1539 279 1595 sed
305 1540 371 1593 ad
401 1539 829 1594 recordationem
864 1539 1126 1595 facientes
1162 1540 1355 1594 mortis
1380 1538 1512 1607 ejus.
1548 1538 1761 1609 thuia

178 1647 282 1687 nos
307 1632 550 1702 quotidie
578 1647 890 1702 peccamus,
922 1632 1163 1702 quotidie
1207 1632 1507 1704 indigemus
1535 1632 1761 1686 munda-

176 1723 248 1778 ri.
280 1722 345 1778 Et
372 1723 496 1793 quia
527 1722 614 1778 ille
638 1739 739 1777 non
771 1723 1075 1793 poteStjam
1112 1724 1269 1787 mori,
1301 1723 1443 1778 dedit
1474 1725 1631 1778 nobis
1656 1724 1761 1778 hoc

174 1828 577 1870 sacramentum
600 1816 845 1885 corporis
866 1825 917 1870 et
947 1816 1223 1887 sanguinis
1252 1815 1355 1879 sui,
1380 1826 1439 1867 ut
1476 1815 1613 1870 sicut
1636 1830 1757 1886 pas-

1871 635 1994 676 esse
2016 624 2378 691 acceptabiles
2398 625 2533 691 Deo,
2549 627 2803 697 quoniam
2829 628 2899 683 ab
2932 628 3087 685 initio
3108 645 3215 685 non
3244 630 3461 701 placue-

1872 722 1996 768 runt
2028 713 2098 768 ei.
2129 712 2245 767 Non
2284 724 2367 769 est
2402 719 2696 786 putandum
2747 719 2890 788 quod
2930 721 3271 791 oumipotcns
3314 722 3465 780 Deus

1871 804 2060 859 nidore
2082 805 2328 859 carnium
2351 815 2406 859 et
2428 810 2867 863 concrematione
2888 811 3201 865 animalium
3221 820 3461 882 unquam

1870 894 2173 953 delectatus
2215 897 2399 963 fuerit,
2432 897 2559 953 licet
2580 899 2795 970 legatur
2814 902 3072 958 odoratus
3094 902 3225 959 esse
3235 905 3461 959 odorem

1868 990 2175 1056 suavitatis,
2206 990 2298 1045 sed
2324 990 2429 1044 ﬁde
2442 998 2497 1045 et
2518 991 2788 1046 desiderio
2808 991 3106 1058 oﬁ‘erentis,
3135 995 3279 1049 unde
3293 1003 3347 1049 et
3363 1008 3464 1067 per

1870 1079 2198 1134 Hieremiam
2247 1079 2419 1134 dicit:
2458 1078 2929 1135 Ilolocaustomata
2969 1095 3135 1137 vestra
3179 1101 3284 1138 non
3336 1097 3461 1140 sunt

1868 1158 2256 1239 mihi'accepta,
2295 1179 2342 1223 et
2382 1169 2600 1223 victima:
2635 1179 2815 1223 vestris
2854 1187 2955 1224 non
2985 1171 3296 1241 placuerunt
3330 1174 3461 1228 mihi

1868 1259 2044 1331 (Hier.
2075 1262 2171 1331 vt),
2196 1271 2252 1315 et
2282 1258 2379 1330 per
2420 1261 2615 1315 Isaiam
2646 1278 2660 1315 :
2695 1259 2780 1316 Ne
2808 1262 3044 1331 offeratis
3070 1264 3289 1336 (inquit)
3315 1264 3461 1321 ultra

1864 1354 2183 1422 sacriﬁcium
2246 1354 2416 1420 mihi,
2471 1355 2737 1409 incensum
2809 1356 3130 1411 abominatio
3199 1368 3274 1412 est
3325 1358 3458 1413 mihi

1866 1443 1971 1511 Qui
1996 1456 2190 1499 mactat
2226 1446 2439 1508 bovem,
2467 1449 2616 1517 quasi
2646 1448 2735 1519 qui
2772 1449 3061 1503 excerebret
3087 1465 3268 1503 canem
3297 1449 3316 1518 (
3343 1448 3461 1505 Isa.’

1865 1554 1916 1605 ις
1964 1538 2131 1611 vat).
2164 1537 2269 1595 Sed
2292 1540 2673 1610 quaestio'hinc
2699 1549 2878 1611 potest
2905 1541 3036 1595 oriri
3068 1558 3174 1597 non
3216 1543 3459 1609 modica,‘

1863 1624 2031 1700 quare
2066 1631 2413 1703 imperaverit
2452 1640 2513 1686 ut
2554 1631 2737 1688 offerri
2793 1633 3123 1698 debuissent,
3154 1636 3200 1690 si
3232 1635 3305 1689 illi
3343 1649 3454 1690 non

1862 1723 2202 1794 placuerunt,
2236 1740 2337 1779 nec
2369 1724 2663 1780 voluntatis
2703 1724 2847 1779 illius
2888 1725 3031 1778 fuit?
3061 1724 3189 1792 Qum
3239 1726 3455 1797 gemina

1864 1815 2134 1869 solutione
2155 1823 2333 1884 potest
2358 1815 2514 1870 solvi.
2540 1813 2899 1870 Considerans
2938 1815 3081 1869 Deus
3109 1816 3456 1885 omnipotens

174 1907 260 1963 sio
299 1908 442 1963 illius
480 1908 778 1976 redemptio
803 1916 855 1963 et
900 1907 1103 1962 ablutio
1129 1906 1225 1961 fuit
1253 1908 1458 1974 mundi,
1489 1908 1561 1961 ita
1591 1907 1753 1961 etiam
1788 1891 1831 1949 Β
1859 1906 2069 1961 animos
2089 1902 2396 1961 Iudaeorum
2429 1921 2630 1976 pronos
2654 1906 2721 1961 ad
2748 1906 2893 1961 idola
2926 1905 3174 1968 colenda,
3198 1917 3252 1960 et
3283 1907 3454 1961 ritum

172 2000 279 2056 ista
328 2000 562 2063 oblatio,“
582 1999 881 2072 redemptio
928 2010 982 2056 et
1012 2000 1289 2055 mundatio
1328 2000 1399 2054 sit
1426 1996 1771 2055 omnibusin

169 2102 353 2148 vestra
384 2092 488 2148 ﬁde
525 2092 895 2157 ollerentihus,
942 2093 1245 2161 bonamque
1277 2091 1628 2146 intentionem
1660 2091 1757 2144 ha-

170 2182 446 2249 bentibus.
482 2183 538 2238 lu
567 2185 667 2239 hoc
696 2185 837 2238 enim
864 2183 1044 2238 differt
1072 2184 1142 2238 ab
1170 2183 1260 2237 illo
1292 2183 1458 2239 veteri
1485 2181 1755 2238 sacriﬁcio

171 2275 371 2346 saepius
396 2276 622 2346 repetito
652 2276 792 2330 istud
830 2286 1074 2330 nostrum
1112 2274 1253 2343 quod
1278 2274 1528 2329 similiter
1557 2270 1755 2343 repeii-

171 2374 286 2431 tur,
326 2366 452 2436 quia
481 2366 622 2420 istud
671 2375 753 2420 est
790 2365 1011 2428 veritas,
1052 2364 1181 2419 illud
1212 2364 1400 2435 ﬁgura,
1429 2363 1558 2418 illud
1584 2363 1757 2434 perfe-

170 2466 320 2513 ctum
362 2456 539 2513 reddit
578 2455 876 2520 hominem,
923 2455 1051 2510 illud
1092 2456 1338 2519 minime,
1368 2464 1422 2510 et
1468 2456 1611 2510 istud
1647 2470 1751 2509 non

170 2564 333 2604 causa
382 2547 713 2603 infirmitatis
744 2563 854 2601 sua:
885 2547 1154 2625 repetitur
1194 2567 1208 2601 :
1251 2546 1396 2616 quod
1445 2563 1548 2601 non
1581 2547 1753 2625 possit

168 2640 467 2711 perfectam
499 2638 747 2694 conferre
776 2623 1026 2704 salutem,
1063 2640 1161 2693 sed
1196 2638 1246 2693 in
1281 2623 1752 2692 couttmetnoratio-

168 2749 296 2790 nem
338 2733 606 2804 passionis
651 2732 873 2797 Christi,
918 2733 1056 2788 sicut
1089 2733 1200 2802 ipse
1232 2732 1403 2784 dixit:
1436 2729 1551 2784 Hoc
1572 2731 1749 2802 facite,

169 2825 441 2895 inquiens,
477 2826 531 2878 in
584 2840 752 2878 meam
784 2824 1327 2878 commemorationem
1358 2821 1510 2894 (Luc.
1557 2823 1704 2893 xxn')
1735 2841 1747 2875 :

168 2927 225 2974 et
256 2932 359 2972 una
390 2927 473 2971 est
508 2917 620 2972 haec
648 2916 821 2971 hostia
853 2932 958 2969 non
1005 2914 1186 2968 multa:
1234 2913 1375 2968 sicut
1422 2912 1524 2967 ill-.e
1572 2922 1749 2967 erant.

168 3009 450 3078 Quomodo
492 3002 609 3064 una
629 3018 712 3064 est
736 3017 790 3062 et
824 3024 929 3062 non
960 3006 1162 3072 multm,
1195 3022 1317 3060 cum
1344 3014 1397 3060 et
1427 3023 1456 3059 a
1491 3003 1673 3060 multis
1699 3013 1753 3059 et

168 3103 399 3160 diversis
445 3104 497 3157 in
528 3102 660 3156 locis
706 3102 1041 3171 diversisque
1080 3100 1412 3170 temporibus
1459 3099 1752 3153 offeratur?

166 3194 541 3249 Attentissune
582 3208 708 3265 ergo
753 3193 1287 3247 animadvertendum
1330 3202 1413 3246 est
1446 3192 1571 3262 quia
1615 3191 1748 3244 divi-

1858 2002 2097 2071 gentium
2146 1994 2487 2063 imitandum,
2531 1998 2818 2069 imperavit
2866 1998 2946 2053 eis
2981 1997 3147 2052 nmlta
3176 2006 3231 2053 et
3266 1997 3451 2066 gravia

1858 2093 2123 2148 sacrificia
2161 2092 2376 2155 offerre,
2425 2108 2492 2147 ne
2520 2092 2677 2146 otiosi
2708 2091 2825 2146 sine
2854 2090 3140 2146 sacriﬁciis
3175 2091 3449 2153 sedentes,

1858 2185 1911 2239 in
1941 2185 2144 2239 cultum
2180 2182 2781 2246 ‘deorum'alienor'tun,
2831 2196 2955 2235 cum
3007 2181 3270 2235 vidissent
3314 2179 3457 2235 alios

1854 2280 2072 2346 offerre,
2104 2281 2421 2343 inciderent,
2449 2277 2745 2349 maluitque
2767 2278 2869 2332 sibi
2894 2275 3075 2332 oﬁ'erri
3100 2292 3129 2330 a
3154 2290 3212 2331 se
3232 2282 3447 2339 creata,

1854 2388 2017 2443 quam
2075 2371 2251 2435 idolis,
2311 2370 2811 2439 daamoniorumque
2840 2368 3125 2441 portentis,
3166 2367 3449 2438 imposuit-

1852 2480 1959 2535 que
2007 2461 2112 2518 illis
2150 2463 2202 2516 in
2228 2463 2564 2527 servitutem,
2597 2476 2705 2515 non
2745 2460 2798 2514 in
2822 2459 3293 2531 justiﬁcationem,
3320 2458 3461 2530 quia‘

1853 2573 1959 2613 non
1986 2565 2069 2612 est
2091 2553 2208 2623 ejus
2236 2555 2485 2609 voluntas
2513 2553 2639 2607 talia
2665 2550 2846 2607 offerri
2874 2570 2886 2606 :
2915 2551 3006 2606 tali
3035 2552 3197 2605 modo
3222 2560 3273 2606 et
3295 2565 3448 2623 egre-

1852 2651 1971 2723 gius
1992 2647 2331 2720 praedicator,
2359 2656 2415 2701 ut
2443 2641 2567 2716 pote
2593 2641 2840 2698 creatura
2868 2643 3180 2699 Creatorem
3211 2654 3447 2712 sequens

1851 2745 1964 2800 suis
1993 2744 2046 2799 in
2099 2742 2259 2795 dictis
2303 2740 2529 2810 peregit,
2559 2737 2744 2792 dicens
2777 2754 2789 2789 :
2842 2734 2973 2789 Volo
3010 2751 3185 2789 omnes
3212 2735 3453 2788 homines

1851 2851 1962 2889 esse
1982 2840 2113 2887 sicut
2136 2833 2386 2901 meipsum
2412 2829 2458 2899 (l
2488 2825 2612 2882 Cor.
2647 2827 2770 2898 vit),
2799 2827 2851 2882 id
2875 2835 2959 2881 est
2983 2836 3164 2881 castos
3191 2833 3242 2880 et
3273 2824 3459 2880 conti-‘

1853 2934 2075 2983 nentes;
2102 2927 2156 2974 et
2185 2921 2380 2973 iterum
2408 2933 2422 2970 :
2463 2912 2589 2969 Volo
2633 2914 2852 2988 (inquit)
2876 2916 3094 2986 juvenes
3126 2917 3341 2980 nubere,
3375 2914 3455 2984 [ir

1852 3013 1950 3067 lios
2002 3026 2277 3080 procreare
2313 3007 2362 3080 (1
2400 3007 2534 3062 Tim.
2564 3007 2651 3080 v),
2687 3016 2910 3076 propter
2940 3006 3352 3061 fornicationem
3389 3013 3449 3060 et

1853 3103 2196 3160 adulterium.
2239 3101 2377 3155 Ecce
2402 3099 2537 3153 duas
2566 3090 2874 3153 voluntates
2903 3099 3208 3160 constituit,
3235 3097 3329 3153 Sed
3363 3106 3445 3153 ta-

1854 3180 1976 3253 men
1999 3210 2102 3249 non
2119 3202 2245 3249 sunt
2263 3194 2379 3264 ejus
2391 3191 2582 3247 ambio.
2601 3190 2841 3246 Primum
2857 3191 3044 3247 dicens
3069 3210 3083 3246 :
3100 3190 3235 3245 Volo
3246 3205 3437 3248 omnes

166 3287 310 3342 nitas
340 3285 499 3342 Verbi
521 3284 638 3349 Dei,
669 3300 787 3356 quze
825 3300 929 3339 una
956 3293 1111 3339 estet
1139 3284 1317 3338 ouinia
1348 3283 1540 3353 replet,
1563 3291 1617 3336 et
1638 3291 1750 3337 tota
1779 3256 1822 3317 (ἶ
1856 3287 2103 3343 ΙλοΊιίιῖθΒ
2132 3300 2251 3341 esse
2282 3285 2335 3339 in
2365 3283 2696 3337 continentia
2743 3283 2883 3337 sicut
2925 3282 3189 3353 meipsum
3213 3324 3227 3348 ,
3254 3281 3444 3337 volun-

166 3378 367 3449 nhique
396 3385 497 3443 est,
528 3378 643 3449 ipsa
687 3376 815 3432 facit
845 3385 902 3432 ut
945 3393 1049 3432 non
1083 3376 1192 3432 sint
1235 3376 1385 3446 plura
1437 3373 1706 3430 sacriﬁcia
1731 3416 1745 3439 ,

166 3474 261 3529 sed
296 3488 458 3527 unum
495 3470 843 3535 sacriﬁcium,
868 3470 992 3525 licet
1022 3485 1053 3523 a
1082 3468 1263 3523 multis
1288 3466 1563 3532 offeratur,
1596 3475 1653 3520 ut
1680 3466 1750 3520 sit

165 3581 334 3621 unum
361 3580 555 3636 corpus
578 3563 776 3620 Christi
801 3579 921 3618 cum
954 3562 1047 3617 illo
1069 3563 1211 3634 quod
1242 3562 1479 3632 suscepit
1509 3561 1561 3615 in
1594 3570 1749 3615 utero

164 3655 460 3728 virginali,
511 3670 617 3710 non
654 3655 822 3709 multa
862 3669 1112 3723 corpora.
1163 3652 1287 3706 Hice
1340 3667 1484 3706 nunc
1522 3646 1748 3720 quidem

165 3749 309 3803 aliud
338 3763 615 3819 magnum,
643 3746 787 3800 aliud
824 3746 1025 3809 minus,
1056 3744 1200 3798 aliud
1234 3734 1417 3807 hoilie,
1444 3743 1588 3796 aliud
1628 3757 1749 3798 cras

167 3837 445 3896 offerimus
488 3850 742 3904 semper:
775 3835 867 3888 sed
905 3834 1136 3902 idipsum
1176 3848 1381 3900 aequam
1424 3832 1750 3898 magnitudi-

166 3943 293 3983 nem
348 3925 572 3980 habens.
620 3924 851 3978 Proinde
919 3938 1082 3976 unum
1132 3930 1215 3974 est
1268 3921 1372 3974 hoc
1425 3919 1747 3973 sacrificium

172 4016 400 4080 Christi,
433 4031 536 4069 non
570 4015 801 4074 diversa,
848 4012 986 4067 sicut
1042 4010 1255 4064 illorqu
1303 4018 1478 4063 erant.
1514 4007 1649 4062 Nam
1704 4008 1749 4062 si

171 4106 335 4163 aliter
363 4114 535 4170 esset,
564 4119 818 4175 quoniam
853 4103 904 4156 iu
945 4101 1127 4155 multis
1148 4100 1279 4155 locis
1305 4099 1564 4165 offertur,
1594 4099 1750 4155 multi

170 4205 355 4254 essent
380 4194 580 4250 Christi
608 4213 620 4249 :
643 4209 783 4248 unus
805 4209 933 4264 ergo
956 4191 1206 4246 Christus
1229 4190 1427 4261 ubique
1456 4198 1561 4254 est,
1584 4198 1637 4245 et
1662 4191 1750 4247 hic

169 4289 362 4362 plenus
380 4288 641 4351 existens,
673 4294 724 4341 et
754 4284 860 4338 illic
888 4285 1098 4354 plenus,
1127 4297 1291 4337 unum
1323 4295 1519 4351 corpus
1551 4281 1749 4350 ubique

171 4382 377 4438 habens
409 4397 422 4435 :
454 4389 511 4435 et
535 4380 673 4434 sicut
716 4377 808 4448 qui
845 4375 1045 4445 ubique
1083 4373 1309 4429 offertur
1348 4390 1512 4427 unum
1552 4388 1749 4443 corpus

168 4484 253 4531 est
296 4490 400 4528 non
434 4472 599 4527 multa
630 4485 859 4540 corpora
892 4470 999 4524 :ita
1045 4467 1207 4522 etiam
1235 4477 1289 4521 et
1336 4483 1501 4520 unum
1541 4466 1750 4519 sacrifi-

169 4567 334 4620 cium.
361 4564 613 4634 Sequitur
641 4580 653 4616 :
689 4561 1018 4632 [inpossibile
1050 4560 1185 4613 enim
1215 4568 1289 4612 est
1318 4559 1573 4627 sanguine
1629 4567 1747 4610 tau-

169 4672 349 4711 rorum
373 4668 417 4710 et
438 4655 699 4725 hircorum
725 4653 921 4722 auferri
941 4660 1175 4722 peccata.
1204 4649 1333 4717 Qua:
1358 4650 1495 4703 ratio
1513 4663 1631 4703 esse
1659 4662 1751 4718 po-

171 4756 314 4802 terat
368 4755 426 4801 ut
477 4744 808 4799 rationabilis
862 4745 1021 4798 homo
1063 4740 1322 4811 sanguine
1365 4739 1749 4793 irrationabilis

169 4842 421 4899 animalis
452 4838 844 4894 Inundaretur?
871 4838 1209 4909 Quapropter
1250 4836 1349 4890 etsi
1395 4834 1596 4889 leviora
1624 4848 1748 4904 pec-

169 4943 290 4989 cata
319 4948 416 5005 per
442 4932 528 4986 illa
549 4931 811 4987 sacriﬁcia
843 4932 1231 5002 purgabantur,
1258 4943 1562 4998 corpusque
1591 4934 1747 5009 intut-

168 5027 421 5090 dabatur,
452 5036 711 5096 quantum
742 5024 810 5079 ad
841 5023 1008 5095 legem
1040 5024 1295 5093 pertinet,
1334 5023 1743 5091 tameu.impos-

168 5118 326 5175 sibile
354 5126 489 5180 erat,
517 5115 817 5171 criminalia
848 5124 902 5171 et
931 5113 1175 5186 graviora
1198 5123 1418 5183 peccata
1444 5113 1547 5167 illis
1576 5114 1747 5167 sacri-

168 5207 309 5283 ﬁciis
329 5206 594 5263 tnuudari.
631 5205 780 5262 Unde
800 5210 1070 5261 neminem
1098 5204 1163 5258 ad
1195 5202 1491 5276 perfectura
1523 5205 1746 5259 adduxit

168 5299 370 5469 [gallica
400 5388 693 5461 ingrediens
725 5387 976 5441 mundum
1006 5385 1130 5439 dicit
1168 5402 1186 5440 :
1232 5381 1475 5438 Hostiam
1514 5394 1560 5437 et
1601 5383 1746 5437 obla-

168 5486 365 5559 tionem
420 5481 652 5544 noluisti,
692 5497 880 5551 corpus
933 5492 1105 5532 autem
1156 5480 1348 5549 aptasll
1398 5478 1544 5531 mihi.
1580 5475 1747 5531 Holo-

168 5588 495 5636 caustomata
517 5593 611 5648 pro
628 5585 837 5646 peccato
862 5590 963 5626 non
992 5572 1083 5625 tibi
1110 5573 1436 5643 placuerunt,
1451 5576 1582 5623 tunc
1602 5571 1748 5626 dixi:

170 5672 307 5727 Ecce
333 5672 501 5726 venio.
531 5667 597 5722 In
635 5667 801 5738 capite
822 5664 940 5718 libri
969 5664 1215 5733 scriptum
1248 5672 1321 5715 est
1359 5661 1422 5715 de
1445 5678 1542 5726 me,
1589 5671 1643 5715 ut
1667 5662 1750 5732 [a-

169 5767 330 5830 ciam,
376 5762 538 5823 Deus,
608 5758 923 5813 voluntatem
975 5765 1139 5808 tuam.
1170 5752 1505 5815 Anteriores
1557 5752 1748 5808 hostia:

169 5856 525 5914 ostenduntur
549 5851 632 5907 his
659 5849 839 5907 verbis
860 5845 1071 5905 inutiles
1100 5860 1219 5903 esse
1246 5844 1311 5901 ad
1335 5843 1597 5915 integram
1625 5858 1747 5915 per-

1852 3389 2017 3435 tatem
2045 3394 2196 3433 suam
2238 3372 2533 3447 expressit.
2558 3375 2809 3430 Secundo
2836 3388 2966 3429 vero
2987 3415 3002 3439 ,
3045 3372 3175 3429 Volo
3204 3374 3443 3445 juvenes

1851 3473 2055 3526 nubere
2078 3486 2092 3534 ;
2120 3468 2428 3537 indigentia:
2463 3482 2627 3522 causa
2661 3465 2839 3521 taliter
2867 3468 3078 3521 locutus
3104 3474 3188 3519 eSt
3211 3470 3431 3536 propter

1851 3562 2199 3633 fragilitatem
2237 3560 2437 3614 carnis.
2473 3557 2739 3613 Similiter
2768 3572 2875 3612 non
2909 3566 3028 3611 erat
3049 3556 3297 3612 voluntas
3320 3571 3437 3610 om-

1851 3652 2145 3724 nipotentis
2192 3652 2283 3705 Dei
2329 3649 2455 3703 talia
2504 3648 2774 3705 sacrificia
2831 3646 3033 3713 offerri,
3082 3647 3177 3701 sed
3223 3654 3451 3717 propter

1851 3744 2210 3799 humilitatem
2251 3741 2463 3796 illorum
2502 3740 2781 3811 prmeepit.
2818 3737 2969 3795 Unde
3008 3738 3461 3809 superius'dixit,'

1852 3835 1976 3905 quia
2016 3849 2121 3887 non
2171 3833 2342 3886 solum
2401 3847 2504 3886 non
2552 3831 2745 3895 voluit,
2797 3831 2891 3884 sed
2937 3845 3039 3884 nec
3090 3829 3442 3884 desideravit.

1851 3925 2037 3981 Potest
2067 3932 2122 3978 et
2150 3924 2223 3977 ita
2266 3918 2489 3987 resolvi,
2540 3930 2598 3975 ut
2629 3921 2757 3991 quia
2797 3922 3040 3975 futurum
3083 3930 3205 3975 erat
3258 3934 3444 3975 verum

1853 4013 2180 4070 sacrificium
2232 4027 2328 4082 per
2378 4010 2654 4066 Christum
2698 4012 2751 4065 in
2803 4010 3070 4075 Ecclesia,
3123 4012 3446 4080 praeceperit

1854 4107 2027 4179 typica
2067 4114 2123 4160 et
2158 4104 2441 4175 figurativa
2468 4102 2763 4167 sacriﬁcia,
2792 4102 3121 4172 przecedere.
3162 4101 3227 4155 Et
3253 4114 3447 4155 revera

1852 4198 1927 4253 ita
1960 4210 2182 4253 necesse
2209 4203 2328 4248 erat
2354 4204 2434 4259 ut,
2461 4195 2601 4249 sicut
2628 4193 2811 4248 verbis
2850 4191 3337 4262 pneuuntiabatur,
3368 4192 3445 4246 ita

1851 4292 2015 4345 etiam
2046 4296 2100 4342 et
2128 4289 2405 4359 mysteriis
2439 4287 2880 4357 prtesignaretur,
2918 4295 3187 4354 quatenus
3207 4300 3237 4338 a
3267 4283 3441 4354 ﬁgura

1851 4382 2011 4436 citius
2037 4379 2335 4434 transirent
2364 4379 2431 4431 ad
2459 4378 2764 4432 veritatem.
2800 4372 2907 4432 Sed
2931 4376 3055 4446 quia
3087 4376 3161 4430 illi
3198 4391 3304 4431 non
3330 4376 3442 4447 pla-

1852 4479 2079 4527 cuerunt
2122 4468 2211 4523 illa
2255 4467 2522 4523 sa'crilicia
2572 4468 2788 4523 advenit
2826 4467 3047 4530 iterum,
3076 4467 3142 4523 de
3167 4470 3440 4539 quo_Apo-

1852 4563 2023 4619 stolus
2070 4560 2187 4615 ait:
2217 4560 2360 4622 ldeo,
2414 4558 2613 4628 inquit,
2657 4560 2783 4629 quia
2815 4559 3148 4630 impossibile
3170 4569 3290 4615 erat
3318 4555 3461 4617 sau-'

1854 4656 2013 4725 gniue
2045 4651 2324 4705 hircorum
2353 4648 2552 4703 auferri
2593 4659 2836 4720 peccata,
2878 4660 2933 4704 et
2958 4650 3081 4719 quia
3122 4666 3228 4706 non
3258 4650 3438 4721 place-

1853 4748 1985 4801 bant
2024 4743 2133 4798 Deo
2164 4742 2289 4797 talia
2336 4741 2624 4807 sacriﬁcia,
2668 4742 2977 4813 ingrediens
3020 4745 3278 4801 mundum
3327 4760 3457 4800 non‘

1849 4838 2067 4893 dubium
2092 4845 2175 4891 est
2193 4836 2322 4906 quin
2345 4834 2595 4890 Christus
2617 4835 2763 4891 dicat
2788 4834 2807 4891 τ’
2824 4835 3306 4905 lngressio’autem
3336 4836 3453 4894 ista”

1851 4930 1982 4985 nihil
2003 4936 2086 4983 est
2125 4927 2268 4981 aliud
2306 4927 2407 4981 nisi
2448 4926 2636 4981 missio
2660 4927 2799 4995 ejus,
2830 4943 2893 4982 ac
2922 4928 3269 4998 participatio
3297 4930 3438 5000 ejus,

1847 5021 2095 5075 videlicet
2132 5017 2504 5072 humanitatis.
2542 5017 2768 5083 Quando
2797 5019 2941 5072 enim
2969 5019 3058 5087 qui
3082 5018 3281 5087 ubique
3306 5032 3441 5089 prte-

1850 5125 1976 5167 sens
1999 5117 2136 5171 erat,
2170 5109 2264 5163 sed
2294 5117 2471 5162 tamen
2501 5107 2811 5173 invisibilis,
2854 5107 3029 5163 factus
3054 5118 3240 5178 postea
3276 5104 3457 5164 homo"

1848 5203 2115 5268 visibilis,
2159 5203 2359 5256 mundo
2404 5202 2686 5272 apparuit,
2737 5202 3137 5272 quodammodo
3182 5201 3273 5256 ubi
3319 5210 3439 5257 erat

1848 5298 1975 5353 illuc
1998 5297 2275 5369 ingressus
2301 5304 2402 5349 est.
2430 5294 2495 5349 Et
2518 5295 2646 5364 quid
2673 5294 2801 5350 dicit
2830 5296 2940 5351 Deo
2969 5295 3147 5350 Patri:
3169 5294 3434 5359 Hostiam,

1849 5389 2044 5459 inquit,
2080 5398 2126 5441 et
2166 5385 2479 5441 oblationem
2513 5386 2750 5451 noluisti,
2796 5403 2987 5457 corpus
3028 5396 3202 5441 autem
3241 5386 3437 5457 optasti

1857 5485 1969 5537 sive
1997 5482 2271 5552 perfecisti
2312 5481 2639 5536 mihi:illud
2689 5482 2782 5536 tibi
2836 5481 3059 5536 offerant
3107 5478 3435 5536 sacriﬁcium

1857 5583 2159 5647 acceptant.
2192 5570 2659 5626 "olocaustomata
2698 5588 2792 5642 pro
2826 5581 3037 5641 peccato
3065 5587 3169 5624 non
3202 5570 3299 5624 tibi
3323 5568 3441 5640 pl‘aJ

1856 5654 2095 5727 cuerunt,
2124 5670 2248 5714 tunc
2272 5660 2384 5714 dixi
2406 5674 2425 5712 :
2452 5660 2585 5714 Ecce
2609 5660 2754 5714 venio
2776 5675 2872 5729 per
2903 5658 3295 5713 incarnationis
3320 5664 3451 5731 myJ‘

1857 5755 2102 5819 sterium,
2141 5762 2201 5810 ut
2239 5770 2359 5811 meo
2403 5754 2673 5811 sacriﬁcio
2724 5754 2984 5809 redimam
3035 5769 3204 5826 genus
3248 5755 3433 5810 huma—

1858 5845 2425 5937 num.ﬂolocaustum
2458 5847 2738 5904 dicebatur
2770 5863 2833 5902 co
2863 5844 3005 5916 quod
3031 5855 3200 5904 totum
3232 5862 3422 5903 (rem:
3448 5850 3451 5853 ’
