3974 6456
503 391 609 452 89!

997 382 1353 465 HAYMQNIS
1394 376 1875 438 llALBERSTAT.
1918 373 2131 431 EPlSC.
2171 373 2325 431 OPP.
2365 373 2549 431 PARS
2587 372 2630 429 l.
2672 403 2744 416 —-
2779 373 3135 432 COMMENT.
3166 374 3340 433 BIBL.

3697 374 3813 433 893

505 520 665 572 retur
705 514 761 569 in
801 510 961 565 altari
993 505 1147 576 quasi
1180 511 1354 559 totum
1401 475 1707 557 incensum.
1756 495 1890 550 Nam
1930 491 2089 548 holon
2115 493 2166 554 Α
2192 491 2337 563 gitur
2375 490 2654 575 humilitas
2692 490 2898 547 Christi
2925 510 2940 545 :
2967 499 3023 547 at
3052 508 3183 548 vero
3213 493 3423 559 sedere,
3455 505 3690 562 Signum
3719 505 3807 549 est

507 603 708 659 dicitur
750 608 943 661 totum,
992 602 1232 650 caustum
1256 605 1410 656 vero,
1442 591 1743 645 incensum.
1777 585 1885 640 Sed
1913 587 1958 638 si
1993 583 2090 637 ho-

512 694 899 749 locaustomata
938 702 1037 759 pro
1074 691 1298 757 peccato
1338 683 1386 738 ei
1430 697 1536 737 non
1571 679 1881 750 placebant,
1922 673 2092 746 quaeri

508 790 683 854 potest
711 780 981 852 quomodo
1019 776 1442 833 mundabantur.
1481 772 1563 828 Ad
1593 772 1734 843 quod
1766 768 2094 839 responden-

508 874 636 930 dum
681 879 768 928 est
794 885 809 924 :
840 869 966 939 quia
997 866 1102 924 ﬁde
1128 874 1186 922 et
1212 863 1536 937 pmnitentia
1562 861 1723 932 digna
1748 856 2091 927 mandaban-

508 972 618 1028 tur,
659 962 798 1019 sicut
844 960 1134 1015 mundatus
1179 966 1266 1014 est
1306 955 1475 1011 David
1513 970 1545 1010 a
1593 959 1818 1025 peccato
1842 948 2094 1005 adulterii

509 1063 674 1124 atque
696 1052 1000 1109 homicidii.
1022 1049 1274 1106 Perfecta
1297 1056 1479 1103 autem
1504 1043 1786 1101 mundatio
1812 1042 1866 1096 in
1889 1039 2094 1097 Christi

509 1146 746 1200 adventu
777 1144 903 1198 data
932 1149 1037 1197 est.
1067 1140 1135 1195 In
1166 1140 1334 1211 capite
1360 1137 1481 1192 libri
1502 1137 1753 1206 scriptum
1781 1143 1854 1189 est
1880 1134 1945 1188 de
1967 1149 2049 1187 me
2072 1148 2092 1188 :

508 1250 565 1295 ut
616 1237 829 1307 faciam,
881 1236 1044 1300 Deus,
1089 1232 1408 1289 voluntatem
1439 1240 1603 1284 tuam.
1645 1228 1723 1283 De
1766 1224 1927 1295 hujus
1966 1224 2093 1280 libri

508 1331 687 1399 capite
736 1330 950 1385 diverse
996 1344 1027 1383 a
1083 1325 1394 1382 doctoribus
1465 1323 1793 1394 disputatur.
1860 1319 2093 1388 Quidam

508 1421 655 1476 enim
704 1418 1017 1490 intelligunt
1060 1418 1148 1473 hic
1193 1416 1405 1471 initium
1449 1414 1680 1469 Genesis
1717 1411 1855 1484 (cap.
1896 1408 1959 1479 ι),
2001 1409 2093 1465 ubi

509 1512 770 1583 scriptum
799 1520 898 1576 est,
930 1511 1072 1581 quod
1104 1510 1157 1564 in
1187 1508 1474 1580 principio,
1504 1508 1558 1562 id
1589 1517 1670 1562 est
1694 1506 1748 1561 in
1784 1504 1923 1561 Filio
1952 1502 2094 1559 fece-

509 1602 582 1659 rit
610 1602 753 1659 Deus
793 1602 987 1658 cmlum
1019 1609 1074 1656 et
1114 1609 1346 1663 terram;
1398 1599 1621 1669 quidam
1669 1597 1906 1668 primum
1949 1596 2092 1667 psal-

506 1711 656 1753 mum
684 1737 700 1762 ,
733 1710 892 1766 quem
931 1694 1149 1764 quidam
1202 1693 1442 1749 referunt
1497 1692 1565 1753 ad
1614 1689 1931 1753 Christum,
1971 1687 2093 1759 qui-

509 1787 633 1842 dam
678 1787 744 1842 ad
777 1784 1071 1856 quemlibet
1111 1784 1369 1849 electum,
1402 1784 1454 1838 in
1483 1798 1590 1854 quo
1619 1781 1850 1837 dicitur:
1884 1779 1952 1834 In
1979 1778 2088 1851 lege

2186 565 2481 660 judican‘tis
2511 592 2567 637 et
2593 581 2945 648 dominantis,
2993 591 3047 638 et
3095 593 3155 638 ut
3195 584 3243 640 ei
3286 583 3664 650 ministretur,
3704 600 3812 656 per

2192 667 2335 737 quod
2357 666 2661 723 ostenditur
2688 667 2950 723 exaltatio
2972 676 3024 722 et
3056 668 3229 740 gloria
3258 668 3380 724 Filii
3412 670 3539 736 Dei,
3561 672 3670 742 qui
3701 671 3810 727 bu-

2193 756 2337 812 milis
2373 756 2590 827 quidem
2628 758 2902 828 apparuit,
2940 774 3087 815 nunc
3115 768 3299 815 autem
3320 759 3607 817 exaltatus
3634 776 3810 835 Super

2194 864 2407 905 omnem
2433 858 2765 917 creaturam,
2816 850 3028 907 habitat
3074 853 3129 908 in
3163 852 3501 923 plenitudine
3546 865 3809 926 paterna:

2195 937 2512 1010 majestatis,
2536 949 2861 1012 exspectans
2877 951 2933 998 et
2945 930 3299 1001 considerans
3336 952 3555 1016 tempus
3585 947 3664 1001 de
3682 948 3811 1003 reli-

2195 1048 2321 1103 quo,
2345 1030 2784 1103 quandojudicet
2804 1034 2991 1089 orbem
3024 1043 3205 1090 terrae.
3239 1034 3311 1091 Et
3331 1035 3493 1105 cujus
3520 1038 3603 1092 rei
3631 1054 3807 1094 causa

2194 1122 2288 1177 ﬁat
2331 1120 2592 1192 subjectio
2638 1124 2877 1195 exponit,
2912 1124 3138 1181 dicens:
3169 1124 3241 1183 Ut
3282 1135 3559 1196 ponantur
3590 1128 3811 1183 inimici

2193 1213 2306 1282 ejus
2330 1213 2613 1269 scabellum
2645 1215 2833 1284 pedum
2873 1216 3012 1287 ejus.
3046 1216 3256 1273 Inimici
3291 1217 3408 1288 ejus
3438 1227 3575 1274 sunt
3601 1217 3803 1285 Judaei,

2194 1304 2433 1359 haeretici
2460 1312 2514 1360 et
2543 1302 2664 1360 falsi
2693 1305 2997 1373 christiani,
3028 1323 3219 1364 omnes
3248 1309 3497 1365 inﬁdeles
3524 1310 3625 1381 qui
3668 1312 3805 1366 sub—

2188 1394 2411 1465 jiciendi
2440 1404 2566 1451 sunt
2592 1398 2849 1467 potestati
2873 1397 3052 1455 illius:
3084 1400 3173 1455 hic
3206 1401 3355 1456 enim
3386 1410 3444 1455 et
3476 1404 3804 1457 necessaria

2191 1493 2365 1558 potest
2381 1486 2646 1558 subjectio
2668 1488 2916 1562 intelligi,
2933 1507 3053 1562 qua:
3074 1493 3312 1563 pertinet
3329 1492 3402 1547 ad
3426 1493 3724 1564 reprobos,
3750 1496 3800 1550 in

2191 1576 2433 1647 nequitia
2478 1589 2883 1647 permanentes,
2916 1590 2972 1637 et
3006 1581 3334 1649 voluntaria,
3392 1599 3522 1654 quae
3560 1586 3801 1655 pertinet

2192 1670 2257 1725 ad
2282 1669 2506 1736 electos,
2547 1671 2639 1741 qui
2674 1673 2989 1731 deserentes
3013 1675 3157 1729 viam
3189 1676 3471 1745 nequitiae,
3512 1685 3713 1746 Sponte
3738 1694 3796 1731 se

2192 1763 2431 1819 subdunt
2449 1761 2652 1818 Christi
2675 1778 2774 1834 per
2797 1763 2979 1819 ﬁdem.
3007 1764 3087 1820 illi
3112 1767 3432 1822 sacerdotes
3454 1764 3787 1833 Iudaeorum,

507 1877 719 1933 Domini
770 1847 1008 1933 uoluntas
1032 1877 1147 1947 ejus
1173 1847 1439 1949 (esui).
1472 1847 1580 1933 Sed
1608 1876 1735 1948 quia
1759 1876 1813 1931 in
1840 1875 1927 1930 his
1954 1847 2087 1929 nihil

2194 1855 2388 1911 multas
2415 1856 2656 1926 quotidie
2690 1855 2963 1913 oll’ereudo
2993 1858 3234 1924 hostias,
3268 1874 3381 1914 non
3410 1867 3662 1929 poterant
3688 1875 3784 1913 su-

505 1968 573 2022 de
602 1977 775 2023 morte
822 1966 1023 2021 Christi
1069 1965 1466 2037 praeﬁguratur,
1523 1965 1591 2020 de
1641 1979 1746 2036 qua
1798 1962 2089 2034 Apostolus

505 2072 808 2113 sermonem
842 2070 940 2128 per
966 2064 1137 2111 totum
1168 2056 1310 2112 hunc
1344 2054 1522 2112 locum
1557 2056 1740 2122 habet,
1780 2055 1974 2111 melius
2001 2054 2086 2110 vi-

504 2147 665 2204 detur
705 2148 928 2220 intelligi
968 2149 1034 2205 de
1073 2148 1298 2206 Levilici
1347 2148 1468 2204 libri
1521 2148 1676 2203 initio
1724 2146 1948 2213 dictum,
1995 2147 2089 2218 qui

505 2239 646 2296 liber
671 2256 792 2297 cum
836 2250 979 2297 lotus
1007 2241 1076 2297 de
1113 2241 1396 2298 sacriﬁciis
1423 2250 1479 2298 et
1509 2241 1701 2297 hostiis
1724 2241 2084 2307 contineatur,

503 2330 738 2401 primum
788 2331 1118 2387 sacriﬁcium
1163 2332 1231 2388 de
1273 2331 1443 2388 vitulo
1485 2332 1745 2402 prtecepit
1773 2329 1977 2396 oﬁ‘erri,
2009 2330 2089 2387 di-

503 2436 676 2477 cens:
710 2421 765 2477 Si
797 2422 919 2493 quis
945 2437 1010 2477 ex
1060 2423 1211 2478 vobis
1256 2423 1490 2479 hostiam
1536 2421 1699 2479 oﬁ‘ert
1744 2421 1974 2478 Domino
2021 2422 2089 2478 de

501 2514 813 2583 pecoribus,
846 2514 1143 2569 masculum
1171 2514 1577 2571 immaculatum
1606 2512 1820 2581 olferat,
1848 2514 1956 2569 hoc
1981 2524 2084 2579 est,

504 2602 731 2658 vitulum
761 2605 826 2658 de
852 2606 1047 2670 bobus,
1092 2605 1209 2661 sive
1245 2607 1311 2661 de
1341 2614 1613 2661 armento.
1644 2603 1860 2660 Vitulus
1886 2605 1990 2661 iste
2022 2606 2087 2660 de

502 2691 679 2750 bobus
738 2704 1077 2766 assumptus,
1139 2703 1301 2767 atque
1355 2698 1409 2752 in
1463 2696 1791 2753 sacriﬁcium
1845 2696 2086 2762 oblatus,

503 2782 753 2842 Christus
776 2795 857 2842 est
888 2787 955 2841 de
980 2801 1178 2858 genere
1216 2788 1653 2860 patriarcharum
1696 2794 1875 2854 ortus,
1906 2802 1969 2842 ac
1990 2803 2088 2857 pro

505 2877 678 2935 salute
707 2880 924 2950 generis
962 2880 1185 2935 humani
1226 2881 1559 2936 immolatus.
1607 2879 1749 2935 Dicit
1774 2894 1902 2949 ergo
1934 2878 2089 2935 Chri-

504 2982 627 3029 stus
651 2972 717 3027 ad
746 2972 961 3027 Patrem
983 2992 996 3027 :
1017 2973 1154 3040 Quia
1187 2973 1458 3029 sacrificia
1487 2973 1944 3029 irrationabilium
1972 2973 2089 3028 aui-

503 3063 725 3121 malium
756 3065 853 3120 tibi
883 3079 990 3120 non
1017 3065 1259 3134 placent,
1291 3080 1355 3120 eo
1376 3065 1517 3134 quod
1543 3063 1781 3137 perfecte
1811 3065 2088 3120 hominem

500 3156 764 3212 mundare
807 3172 914 3211 non
958 3166 1206 3227 possunt,
1248 3172 1378 3213 cccc
1423 3157 1582 3212 venio
1613 3157 1665 3211 iu
1696 3157 1953 3211 muudmn
1990 3170 2088 3224 per

501 3248 891 3305 incarnationis
935 3250 1275 3321 mysterium.
1308 3249 1373 3304 In
1408 3251 1577 3322 capite
1610 3249 1809 3305 etenim
1837 3249 1959 3304 libri
1984 3249 2085 3304 Le-

498 3339 648 3396 vitici
673 3342 923 3411 scriptum
946 3352 1018 3395 est
1042 3342 1107 3396 de
1133 3358 1243 3406 me,
1275 3351 1331 3395 ut
1356 3343 1547 3412 faciam
1571 3341 1886 3397 voluntatem
1915 3351 2083 3409 tuam,

499 3430 607 3487 hoc
633 3441 738 3499 est,
769 3441 829 3487 ut
852 3432 1053 3487 moriar
1080 3448 1178 3503 pro
1225 3433 1395 3487 salute
1436 3433 1652 3504 generis
1697 3433 1938 3487 humani.
1972 3430 2084 3488 Vo-

499 3521 684 3579 luntas
724 3524 869 3579 enim
911 3523 1007 3578 Dei
1050 3523 1233 3577 Patris
1277 3522 1398 3586 fuit,
1428 3532 1487 3577 ut
1512 3522 1684 3577 Filius
1706 3537 1802 3577 sua
1834 3522 2086 3592 passione

500 3630 675 3685 genus
700 3615 994 3669 humanum
1028 3613 1337 3669 redimeret.
1364 3614 1517 3670 Unde
1545 3614 1661 3683 ipse
1692 3612 1864 3668 Filius
1890 3629 2099 3684 appro-f

501 3704 774 3777 pinquans
811 3719 922 3760 sum
957 3704 1197 3774 p:ssioni
1253 3704 1392 3759 dixit
1430 3704 1613 3771 (Joan.
1656 3703 1770 3777 xw)
1812 3722 1825 3759 :
1873 3703 1980 3760 Sed
2030 3714 2085 3759 ut

501 3805 779 3868 cognoscat
811 3795 1035 3850 mundus
1079 3795 1204 3865 quia
1227 3794 1389 3866 diligo
1418 3792 1634 3850 Patrem
1659 3810 1677 3848 :
1700 3805 1749 3850 et
1780 3796 1914 3850 sicut
1941 3813 2088 3850 man-

501 3886 686 3942 datum
726 3885 868 3940 dedit
910 3886 1039 3940 mihi
1078 3883 1261 3951 Pater,
1302 3887 1379 3939 sic
1416 3885 1575 3955 facio.
1628 3884 1856 3957 Surgite,
1904 3902 2086 3940 eamus

500 3980 622 4034 hinc
660 3978 728 4034 ad
767 3977 1095 4049 passionem.
1134 3976 1387 4048 Superius
1425 3977 1649 4032 dicens:
1681 3976 1821 4043 Quia
1858 3977 2083 4044 hostias,

499 4078 548 4122 et
573 4066 885 4134 oblationes,
922 4076 970 4122 et
1005 4065 1458 4121 holocaustomata
1489 4083 1583 4136 pro
1611 4075 1821 4136 peccato
1847 4065 2083 4133 noluisti,

500 4176 594 4214 nec
618 4158 811 4231 placita
846 4167 966 4213 sunt
995 4157 1104 4221 tibi,
1129 4174 1247 4229 qua:
1266 4156 1551 4211 secundum
1575 4155 1740 4227 legem
1767 4157 2086 4227 oﬂ'eruntur,

501 4265 625 4309 tunc
670 4252 820 4308 dixi:
848 4251 986 4306 Ecce
1030 4252 1176 4306 venio
1203 4261 1257 4305 ut
1296 4250 1512 4321 faciam,
1563 4249 1722 4317 Deus,
1770 4249 2086 4306 voluntatem

501 4354 649 4397 tuam
678 4356 696 4394 :
722 4342 895 4413 aufert
925 4342 1177 4413 primum,
1208 4341 1466 4397 subaudis
1497 4348 1925 4413 testamentum:
1957 4342 2085 4397 dum

501 4433 620 4503 ejus
675 4412 977 4486 oblationes
1024 4431 1263 4502 respuit,
1315 4440 1371 4484 ut
1428 4446 1646 4502 sequens
1701 4412 2083 4488 testamentum

501 4532 722 4589 statuat,
753 4522 807 4576 id
827 4530 915 4577 est
937 4530 1083 4578 stare
1111 4529 1164 4577 et
1191 4535 1518 4591 permanere
1541 4519 1725 4576 faciat.

575 4614 643 4669 In
664 4632 765 4686 qua
804 4613 1064 4669 roluntate
1094 4611 1191 4668 Dei
1215 4610 1393 4666 Patris
1432 4626 1593 4681 quam
1622 4611 1791 4667 Filius
1820 4612 2083 4685 adimple-

499 4712 603 4781 wjit,
637 4708 949 4777 sanctificati
980 4723 1160 4761 sumus
1203 4706 1256 4761 in
1284 4704 1609 4775 baptismate
1661 4722 1754 4775 per
1773 4704 2085 4760 oblationem

501 4800 735 4874 corporis
782 4797 912 4853 Jesu
957 4797 1152 4852 Christi
1191 4795 1369 4851 semel.
1406 4795 1559 4863 Quod
1590 4796 1740 4860 dicit,
1772 4795 1950 4861 semel,
1982 4795 2088 4852 tale

499 4906 584 4951 est
608 4909 672 4949 ac
706 4892 751 4947 si
787 4891 1033 4946 diceret:
1068 4887 1407 4944 Sauctiﬁcati
1440 4903 1629 4943 sumus
1675 4888 1727 4942 in
1759 4888 2088 4958 baptismate

499 5005 596 5059 per
626 4987 953 5058 passionem,
981 4999 1143 5054 quam
1180 4982 1429 5038 Christus
1457 4982 1753 5038 celebravit
1775 4982 1963 5038 semel.

573 5079 641 5134 Et
677 5078 845 5134 omnis
894 5076 1102 5148 quidem
1148 5076 1392 5131 sacerdos
1433 5075 1565 5148 legis
1605 5084 1796 5149 precata
1827 5085 1904 5130 est
1927 5075 2085 5131 altari

500 5170 733 5243 quotidie
768 5169 1074 5223 ministram
1112 5176 1159 5223 et
1202 5168 1410 5222 easdem
1439 5185 1576 5239 saepe
1613 5168 1836 5239 offerens
1865 5167 2084 5232 hostias,

499 5280 619 5336 qua:
647 5276 913 5334 nunquam
941 5270 1153 5319 possunt
1181 5260 1391 5330 auferre
1416 5270 1648 5332 peccata,
1682 5258 1944 5315 subaudis
1972 5260 2084 5315 cri-

498 5353 726 5412 minalia
752 5368 915 5425 atque
944 5351 1218 5423 capitalia.

572 5442 679 5504 Hic
720 5454 897 5499 autem
926 5444 1072 5499 haud
1100 5443 1321 5499 dubium
1349 5442 1479 5513 quin
1512 5440 1762 5498 Christus
1788 5458 1950 5496 unam
1986 5459 2080 5513 pro

496 5536 724 5609 peccatis
767 5537 986 5608 offerens
1037 5537 1260 5591 hostiam
1310 5536 1366 5588 in
1420 5535 1792 5606 sempiternum
1840 5533 1978 5589 sedet
2024 5536 2081 5590 in

497 5626 713 5685 dextera
741 5628 860 5693 Dei,
880 5630 945 5683 de
972 5638 1160 5684 caetera
1182 5635 1485 5696 exspectans
1502 5625 1666 5680 donec
1685 5636 1952 5696 ponantur
1977 5628 2080 5682 ini-

500 5718 623 5772 mici
660 5718 776 5789 ejus
807 5718 1087 5772 scabellum
1118 5718 1307 5788 pedum
1341 5719 1477 5787 ejus.
1519 5716 1830 5773 Ministrare
1856 5718 1969 5773 sive
1994 5717 2076 5773 of-

499 5806 670 5876 ferre,
700 5809 914 5879 signum
960 5820 1044 5869 est
1093 5809 1527 5878 ministratiouis,
1576 5824 1677 5879 per
1706 5809 1851 5873 quod
1878 5808 2078 5867 intelli-

2190 1947 2336 2004 ferre
2384 1956 2654 2020 peccata:
2688 1948 2934 2005 Christus
2981 1960 3160 2005 autem
3212 1949 3385 2006 semel
3418 1950 3780 2027 semetipsum

2189 2041 2444 2107 oﬁerens,
2490 2042 2714 2096 abstulit
2759 2051 2980 2113 peccata
3027 2043 3253 2108 mundi,
3317 2052 3377 2097 et
3424 2042 3592 2096 sedet
3652 2058 3782 2100 nunc

2190 2135 2243 2189 in
2275 2134 2442 2205 gloria
2473 2134 2566 2190 Dei
2594 2132 2790 2190 Patris.

2262 2223 2380 2279 Una
2421 2227 2558 2280 enim
2607 2225 2868 2280 oblatione
2914 2227 3292 2281 consummavit
3321 2226 3381 2280 in
3413 2227 3769 2298 sempitern-

2188 2314 2565 2384 sanctiﬁcatos,
2595 2315 2650 2370 id
2687 2323 2770 2371 est
2801 2315 2972 2372 semel
3004 2332 3062 2372 se
3087 2314 3326 2371 offerens
3350 2314 3648 2386 perfectos
3670 2316 3777 2372 fecit

2189 2404 2565 2462 sanetiﬁcatos
2589 2405 2644 2461 in
2672 2407 3083 2478 sempiternum.

2259 2495 2596 2555 Contestatur
2631 2504 2806 2555 autem
2844 2517 2938 2556 nos
2978 2510 3024 2555 et
3068 2499 3304 2572 Spiritus
3351 2512 3603 2556 sanctus.
3630 2499 3767 2555 Post-

2186 2606 2346 2661 quam
2368 2591 2506 2645 enim
2536 2591 2703 2646 dixit:
2726 2591 2842 2646 Hoc
2871 2601 3045 2646 autem
3067 2601 3445 2646 testamentum
3468 2594 3617 2664 quod
3645 2602 3778 2646 testa-

2189 2679 2284 2733 bor
2312 2680 2381 2736 ad
2415 2679 2534 2737 illos
2560 2691 2673 2752 post
2711 2682 2822 2737 dies
2849 2682 2989 2748 illos,
3019 2683 3145 2737 dicit
3176 2682 3469 2747 Dominus,
3498 2684 3647 2739 dabo
3664 2683 3779 2754 leges

2189 2786 2330 2825 meas
2355 2772 2409 2825 in
2437 2772 2681 2827 cordibus
2711 2789 2911 2837 eorum,
2940 2784 2990 2828 et
3021 2775 3074 2829 in
3107 2776 3365 2829 mentibus
3394 2793 3595 2829 eorum
3618 2793 3779 2846 supcr-

2188 2863 2415 2918 scribam
2437 2881 2545 2928 eas.
2578 2876 2625 2919 et
2648 2874 2983 2936 peccatorum
3014 2875 3061 2921 et
3088 2867 3432 2938 iniquitatum
3459 2886 3653 2921 eorum
3680 2870 3780 2939 jam

2190 2970 2296 3009 non
2340 2956 2655 3010 recordabar
2696 2956 2943 3027 amplius.
2994 2956 3364 3023 Contestatur,
3418 2959 3632 3028 inquit,
3678 2976 3777 3019 uss,

2189 3054 2245 3100 et
2273 3044 2508 3115 Spiritus
2541 3056 2784 3113 sanctus,
2833 3049 2884 3102 id
2924 3057 3005 3104 est
3042 3049 3351 3104 testimonio
3376 3065 3485 3105 suo
3507 3053 3680 3105 verba
3703 3069 3782 3107 so-

2194 3147 2306 3192 stra
2329 3137 2633 3203 conﬁrmat,
2662 3155 2768 3195 non
2787 3140 2961 3195 solum
2989 3156 3084 3211 per
3111 3140 3607 3208 Ps;.lutistam,sed
3632 3146 3779 3198 etiam

2188 3244 2286 3301 per
2316 3232 2659 3303 prophetam,
2700 3232 2826 3303 quia
2858 3232 2964 3305 illm
2991 3234 3178 3289 hostiae
3201 3233 3316 3304 jam
3355 3250 3469 3289 non
3510 3246 3645 3290 sunt
3668 3234 3783 3290 cie-

2189 3324 2392 3379 reudae.
2423 3324 2480 3379 lu
2515 3326 2868 3394 sequentibus
2894 3327 3079 3382 verbis
3106 3325 3349 3383 defectus
3374 3331 3679 3385 sententia:
3709 3340 3783 3384 est

2188 3413 2322 3468 satis
2349 3415 2711 3482 necessarius,
2738 3426 3072 3488 quapropter
3098 3418 3315 3473 dicatur
3339 3418 3415 3472 ita
3447 3438 3463 3473 :
3497 3418 3783 3492 Postquam

2187 3507 2325 3560 enim
2374 3507 2508 3562 dixit
2559 3508 2906 3579 omnipotens
2948 3510 3088 3564 Deus
3130 3524 3228 3580 per
3264 3512 3602 3581 prophetam
3645 3512 3672 3568 ι
3707 3530 3785 3567 re-

2188 3598 2354 3653 miam
2379 3616 2394 3654 :
2425 3596 2538 3654 Hoc
2560 3608 2737 3653 autem
2758 3609 3125 3654 testamentum
3150 3601 3290 3672 quod
3315 3609 3561 3656 testabor
3582 3608 3652 3657 ad
3676 3605 3783 3657 ille:

2186 3702 2301 3763 post
2337 3692 2449 3747 dies
2485 3691 2626 3757 illos,
2670 3690 2797 3747 dicit
2838 3692 3096 3748 Dominus
3124 3710 3142 3747 :
3187 3695 3325 3748 dabo
3369 3694 3519 3766 leges
3556 3714 3702 3752 meas
3736 3700 3783 3750 is

2190 3782 2431 3838 cordibus
2474 3799 2653 3838 eorum
2695 3794 2742 3838 et
2776 3785 2833 3839 in
2875 3785 3133 3839 mentibus
3174 3801 3359 3840 eorum
3394 3790 3783 3858 superscribens

2188 3891 2314 3941 eas,
2349 3874 2533 3930 statim
2578 3874 2864 3931 subintulit
2903 3892 2915 3928 :
2959 3872 3028 3928 Et
3067 3886 3399 3935 peccatorum
3447 3895 3643 3934 eorum
3694 3897 3783 3933 ea

2190 3966 2517 4019 memorabor
2554 3965 2805 4037 amplius,
2836 3967 3128 4023 ostendens
3168 3965 3276 4036 iam
3322 3982 3435 4023 non
3479 3969 3607 4026 fore
3648 3972 3784 4025 dein.

2190 4070 2317 4124 ceps
2374 4055 2718 4111 necessarias
2763 4055 2972 4114 hostias
3021 4057 3369 4129 ﬁguratn'as,
3425 4062 3582 4129 quod
3632 4063 3784 4117 etiam

2188 4147 2477 4218 Apostolus
2517 4147 2848 4213 manifestat,
2905 4151 3031 4206 dum
3076 4152 3297 4206 subdit:
3331 4149 3437 4207 Ubi
3489 4159 3787 4209 autemec-

2190 4259 2307 4299 rum
2358 4255 2691 4315 peccatorum
2736 4246 2974 4301 remissio
3018 4245 3133 4316 jam
3181 4263 3286 4300 non
3340 4257 3419 4301 est
3478 4250 3787 4306 necessaria

2189 4333 2383 4389 oblatio
2423 4351 2517 4406 pro
2561 4344 2792 4407 peccato.
2837 4334 2971 4391 Nam
3004 4344 3291 4407 postquam
3339 4338 3450 4394 hoc
3488 4347 3787 4396 testamen-

2190 4434 2305 4481 tum
2346 4425 2695 4498 adimpletum
2725 4435 2809 4482 est
2833 4428 2980 4499 quod
3014 4427 3156 4483 Deus
3185 4442 3281 4497 per
3304 4430 3649 4500 pmphetam
3672 4446 3789 4503 pro-

2117 4560 2166 4620 D
2192 4520 2462 4586 mittebat,
2501 4520 2683 4575 statim
2712 4519 2817 4574 illa:
2852 4520 3044 4576 hostia:
3073 4520 3231 4575 linem
3270 4532 3641 4592 acceperunt,
3669 4524 3787 4594 quia

2196 4612 2444 4668 veniente
2468 4613 2701 4668 veritate
2726 4611 2917 4668 umbra
2943 4612 3211 4669 discessit.
3241 4611 3555 4669 Notandum
3588 4627 3789 4678 autem,

2194 4703 2321 4775 quia
2367 4704 2458 4759 ubi
2506 4704 2812 4761 recordatio
2856 4712 3202 4774 peccatorum
3247 4718 3358 4759 non
3401 4713 3530 4770 est,
3578 4722 3706 4776 qua
3739 4707 3787 4759 in

2195 4796 2521 4866 baptismate
2545 4811 2643 4868 per
2663 4794 2824 4851 ﬁdem
2856 4795 3152 4851 Dominica:
3188 4796 3467 4867 passionis
3495 4799 3789 4855 dimittun-

2195 4896 2302 4952 tur,
2342 4886 2455 4957 jam
2493 4904 2601 4943 non
2640 4895 2724 4944 est
2770 4888 3076 4943 necessaria
3113 4886 3315 4943 oblatio
3352 4888 3494 4959 legis
3527 4907 3635 4962 pro
3660 4907 3787 4963 pec-

2193 4988 2335 5034 cato.

2260 5064 2524 5126 Habeittes
2583 5072 2778 5142 itaque,
2853 5070 3064 5142 fratres,
3120 5071 3374 5140 ﬁduciam
3437 5074 3498 5127 in
3561 5074 3787 5128 introitu

2185 5171 2504 5226 sanctorum,
2537 5162 2593 5216 in
2621 5162 2873 5234 sanguine
2915 5159 3132 5229 Christi,
3172 5180 3329 5235 quam
3373 5165 3607 5220 initiavit
3639 5168 3789 5220 nobis

2184 5251 2325 5306 uiam
2355 5269 2560 5317 novam,
2583 5262 2631 5307 et
2658 5254 2904 5307 virentem
2934 5270 3027 5324 per
3052 5253 3309 5319 velamen,
3350 5255 3407 5309 id
3433 5267 3535 5321 est,
3565 5273 3784 5312 comem

2189 5358 2376 5408 suam,
2422 5352 2468 5398 et
2517 5344 2843 5399 sacerdotem
2891 5361 3140 5414 magnum
3185 5362 3342 5415 super
3388 5347 3613 5401 domum
3664 5347 3785 5404 Dei.

2189 5432 2464 5491 Hactenus
2494 5435 2734 5492 ostendit
2768 5437 3045 5508 pontiﬁcis
3075 5448 3125 5493 et
3158 5439 3484 5501 hostiarum,
3517 5441 3785 5497 taberna-

2188 5527 2294 5583 culi
2320 5543 2533 5598 quoque
2571 5538 2624 5584 et
2662 5531 2974 5593 testamenti
3003 5539 3059 5586 et
3084 5533 3527 5601 repromissionis
3566 5533 3787 5590 distan-

2188 5619 2342 5686 tiam,
2372 5620 2701 5692 multamque
2730 5619 3122 5677 diﬁ'ereutiam:
3152 5638 3294 5677 nunc
3330 5624 3613 5679 inritando
3652 5628 3787 5682 bor-

2189 5721 2332 5767 tatur
2373 5712 2635 5768 accedere
2680 5714 2745 5787 ad
2786 5730 2848 5769 ea
2880 5730 2999 5783 qua:
3026 5730 3122 5783 per
3148 5713 3425 5772 Christum
3456 5719 3513 5773 in
3543 5721 3784 5774 veritate

2188 5803 2344 5862 nobis
2367 5804 2718 5874 advenerunt,
2753 5804 2887 5862 dans
2918 5804 3292 5863 auctoritatem
3323 5807 3390 5865 de
3425 5825 3622 5882 magno
3644 5825 3789 5881 pon-
