3974 6440
201 396 307 454 893

918 394 1278 452 EXPOSITIO
1316 393 1382 448 IN
1416 393 1563 448 EPP.
1605 393 1663 447 S.
1702 391 1927 447 PAULI.
1969 423 2036 432 —
2073 391 2139 444 IN
2180 391 2392 446 EPIST.
2437 393 2527 447 AD
2568 391 2766 447 llEBR.

3362 395 3472 452 895

202 505 371 571 tiﬁce,
392 503 614 560 dicens:
638 502 928 573 Propterea
958 504 1173 576 (inquit)
1212 503 1330 573 plus
1351 504 1612 559 habemus
1644 503 1778 556 ﬁdu-
1806 505 1851 562 Α
1882 501 2044 555 corda
2080 503 2340 572 habentes
2368 520 2399 556 a
2433 505 2668 573 peccatis
2696 513 2751 558 et
2780 504 3051 558 voluntate
3086 506 3247 570 mala,
3275 507 3470 562 simul-

205 596 345 652 ciam
381 611 480 666 per
505 595 820 666 sanguinem
850 595 1051 649 Christi
1084 595 1354 660 mandari,
1398 610 1557 664 quam
1589 594 1661 647 illi
1691 592 1781 662 qui

205 687 500 742 carnaliter
555 687 759 741 hostias
817 685 1142 748 otl'erebant,
1199 686 1326 753 quia
1365 685 1538 739 hostia
1603 693 1784 739 nostra

206 793 337 834 vera
387 787 442 834 et
487 779 826 833 rationabilis
868 787 969 832 est.
1020 779 1074 832 In
1106 787 1310 832 tantum
1333 793 1476 831 enim
1525 776 1786 845 majorem

211 872 465 928 ﬁduciam
500 871 763 926 habemus
793 873 844 925 in
874 872 1118 940 ingressu
1155 871 1413 926 cmlorum
1441 885 1538 940 per
1567 869 1783 938 sangui-

212 978 334 1017 nem
359 962 576 1027 Christi,
598 963 650 1016 in
679 972 939 1033 quantum
966 963 1136 1033 magis
1157 961 1464 1016 cobzeredes
1485 959 1661 1016 eﬁ'ecti
1693 976 1785 1014 su-

212 1069 350 1108 mus.
376 1052 560 1108 Nullus
579 1062 758 1109 autem
785 1054 852 1107 ad
874 1055 1012 1109 dona
1049 1052 1282 1122 Spiritus
1309 1053 1481 1108 sancti
1507 1054 1789 1122 pervenire

211 1145 412 1198 valebit
440 1145 545 1200 nisi
580 1160 678 1214 per
707 1145 865 1199 ﬁdem
897 1145 1012 1200 sive
1041 1144 1313 1215 ﬁduciam,
1338 1144 1390 1199 id
1421 1155 1504 1199 est
1525 1159 1622 1215 per
1644 1144 1789 1199 viam

215 1251 408 1292 novam
448 1244 504 1290 et
545 1235 816 1290 viventem
863 1250 1025 1304 quam
1066 1235 1301 1288 initiavit
1329 1233 1483 1289 nobis
1519 1233 1786 1299 Christus,

213 1331 411 1386 hocest
442 1329 652 1384 initium
676 1328 859 1382 utendi
883 1328 1029 1383 dedit
1057 1345 1069 1381 :
1101 1328 1242 1381 viam
1274 1342 1404 1381 vero
1429 1341 1620 1380 novam
1661 1325 1792 1380 dicit

213 1423 372 1476 ﬁdem
399 1436 614 1484 novam,
641 1435 762 1488 qua:
782 1432 877 1489 per
894 1419 1170 1474 Christum
1198 1419 1322 1473 data
1348 1428 1452 1481 est,
1475 1419 1588 1472 sive
1607 1432 1791 1472 exem-

210 1514 357 1584 plum
389 1511 724 1574 humilitatis,
748 1525 848 1581 per
887 1510 1031 1579 quod
1081 1509 1196 1579 ipse
1221 1509 1476 1578 perrexit,
1499 1509 1790 1563 humilians

213 1603 558 1672 semetipsum
588 1617 756 1672 usque
781 1602 848 1656 ad
879 1611 1128 1656 mortem.
1156 1600 1465 1664 Possumus,
1497 1608 1554 1656 et
1596 1615 1790 1654 novam

213 1695 352 1747 viam
408 1694 656 1762 accipere
707 1689 910 1746 aditum
957 1692 1148 1761 patriae
1202 1690 1438 1747 ccelestis
1483 1691 1639 1744 nobis
1695 1706 1792 1760 per

212 1786 486 1839 Christum
529 1792 856 1848 reseratum,
902 1783 995 1851 qui
1036 1782 1239 1837 idcirco
1269 1797 1404 1836 nova
1435 1782 1522 1834 via
1552 1781 1789 1851 appella-

215 1887 324 1940 tur,
357 1875 613 1944 quoniam
665 1873 796 1928 nulli
837 1883 995 1928 antea
1042 1873 1338 1944 gressibilis
1380 1872 1502 1927 fuit.
1551 1873 1789 1928 Dicendo
1817 1857 1862 1916 Β

215 1977 396 2020 autem
457 1981 671 2029 novam,
732 1973 963 2020 conatur
1013 1965 1298 2019 ostendere
1345 1973 1537 2018 cuncta
1586 1963 1794 2033 majora

218 2075 353 2113 nova
385 2074 484 2113 nos
511 2058 728 2112 habere.
773 2055 1050 2126 Siquidem
1090 2072 1233 2110 nunc
1282 2063 1468 2125 aperta
1512 2063 1597 2109 est
1638 2055 1794 2109 nobis

217 2153 299 2205 via
333 2151 476 2217 lidei,
507 2167 601 2221 per
626 2166 787 2220 quam
815 2150 1184 2220 plenissimam
1221 2148 1666 2217 justiﬁeationem
1706 2163 1796 2203 ac-

215 2247 462 2316 cipimus,
489 2254 545 2300 et
573 2253 773 2314 aperta:
803 2253 930 2299 sunt
961 2243 1118 2298 nobis
1154 2251 1321 2312 porta:
1357 2241 1500 2305 coeli,
1533 2242 1676 2311 quod
1703 2257 1796 2296 ne-

217 2340 348 2394 mini
390 2348 550 2393 antea
587 2337 1002 2394 concedebatur.
1044 2335 1326 2390 Viventem
1363 2349 1578 2404 quoque
1608 2333 1793 2404 appel-

212 2430 346 2484 lavit
384 2445 525 2494 eam,
573 2430 676 2484 hoc
714 2439 797 2484 est
835 2443 1048 2498 semper
1086 2437 1394 2481 manentem
1445 2441 1540 2480 seu
1583 2439 1798 2494 semper

216 2529 512 2590 patentem,
554 2521 810 2589 quoniam
837 2528 892 2573 et
917 2518 1051 2573 ﬁdes
1077 2526 1224 2572 recta
1249 2517 1580 2572 :eternaliter
1605 2531 1791 2570 mane-

218 2611 297 2664 bit
345 2622 400 2664 et
443 2620 597 2680 porta
645 2609 764 2664 coeli
808 2623 1023 2678 semper
1068 2607 1293 2678 patebit.
1343 2606 1580 2660 lnitiavit
1613 2615 1794 2660 autem

218 2703 359 2756 hanc
403 2701 547 2755 viam
585 2701 740 2754 nobis
784 2698 1051 2761 Christus,
1101 2698 1154 2751 id
1180 2706 1264 2752 est
1300 2698 1567 2751 dedicavit
1590 2705 1642 2750 et
1669 2712 1798 2749 con-

219 2791 456 2847 ﬁrmavit
499 2805 594 2845 seu
644 2789 856 2843 initium
899 2788 1086 2842 utendi
1128 2786 1297 2849 dedit,
1325 2800 1422 2856 per
1447 2787 1710 2846 velamen.
1746 2785 1797 2838 id

211 2890 302 2936 est
328 2897 426 2952 per
451 2896 670 2935 carnem
716 2895 870 2934 suam
917 2878 1166 2946 idemque
1212 2876 1388 2947 primo
1415 2875 1618 2930 secavit
1654 2875 1798 2928 illam

218 2973 358 3026 viam
384 2971 726 3026 ascendendo
750 2969 818 3023 ad
839 2969 1068 3038 patriam
1091 2966 1386 3030 cmlestem,
1415 2975 1470 3019 et
1491 2965 1604 3034 ipsa
1628 2965 1798 3033 prima

219 3064 432 3120 initium
480 3063 636 3117 nobis
683 3061 831 3115 dedit
870 3059 1078 3114 utendi.
1123 3060 1264 3112 Caro
1304 3067 1484 3111 autem
1525 3056 1800 3110 Dominica

221 3173 324 3212 non
367 3156 661 3224 incongrue
702 3153 989 3208 velaminis
1033 3152 1252 3206 nomine
1302 3150 1640 3219 designatur,
1674 3149 1796 3220 quia

217 3251 358 3305 sicut
405 3248 586 3302 velum
637 3246 847 3302 celabat
871 3261 1056 3301 arcam
1109 3254 1166 3300 et
1207 3259 1269 3300 ea
1319 3261 1440 3314 qua:
1477 3245 1618 3298 intra
1666 3243 1797 3297 illud

215 3349 391 3403 erant,
430 3340 504 3396 ita
535 3339 679 3393 intra
719 3337 865 3392 illam
908 3337 1211 3392 divinitatis
1246 3337 1406 3392 Verbi
1448 3337 1542 3390 Dei
1571 3337 1795 3401 latebat,

213 3440 269 3487 et
295 3431 436 3486 sicut
458 3445 557 3500 per
600 3429 846 3485 velamen
889 3429 1305 3500 perveniebatur
1334 3427 1400 3482 ad
1434 3429 1691 3483 interiora
1723 3429 1797 3482 ita

217 3537 310 3594 per
335 3521 722 3576 humanitatem
757 3521 1071 3590 pervenitur
1099 3521 1166 3575 ad
1191 3520 1490 3576 divinitatis
1535 3521 1798 3590 cognitio-

212 3628 358 3668 nem.
375 3611 641 3667 Sacerdos
663 3620 842 3666 autem
857 3628 1085 3682 magnus
1101 3627 1263 3682 super
1284 3612 1500 3666 domum
1517 3613 1628 3671 Dei.
1645 3613 1801 3666 Chri-

212 3712 330 3758 stus
358 3701 692 3769 intelligitur,
707 3703 906 3770 quiest
928 3719 958 3756 a
977 3703 1088 3757 Deo
1112 3701 1273 3757 Patre
1294 3703 1618 3757 constitutus
1639 3719 1801 3772 super

212 3792 688 3860 Ecclesiam,juxta
708 3792 851 3862 quod
868 3794 981 3862 ipse
996 3794 1154 3848 dicit:
1176 3794 1286 3862 Ego
1301 3805 1472 3847 autem
1487 3797 1800 3846 constitutus

213 3901 331 3939 sum
391 3899 484 3938 rea:
527 3884 592 3937 ab
625 3900 684 3938 eo
735 3899 888 3953 super
939 3883 1070 3938 Sion
1120 3895 1345 3937 montem
1401 3897 1640 3936 sanctum
1687 3885 1801 3952 ejus

216 3973 390 4045 (Psal.
424 3975 508 4045 ιι).
540 3973 797 4043 Sequitur
828 3991 841 4027 :
869 3973 1191 4027 Accedamus
1223 3991 1341 4027 cum
1371 3990 1489 4026 vero
1539 3974 1693 4025 corde
1748 3974 1802 4026 in

215 4065 541 4135 plenitudine
569 4064 718 4133 ﬁdei,
753 4065 949 4134 aspersi
981 4065 1140 4118 corda
1191 4081 1223 4116 a
1279 4064 1594 4118 conscientia
1627 4063 1766 4116 mala
1787 4104 1802 4127 ,

214 4165 262 4208 et
296 4154 462 4208 abluti
501 4147 690 4225 corpus
737 4172 872 4226 aqua
905 4155 1120 4208 munda.
1155 4155 1227 4209 Es
1277 4155 1646 4225 superioribus
1700 4155 1803 4208 ista

213 4245 470 4314 pendent,
537 4246 625 4300 ubi
677 4247 812 4300 dixit
875 4247 1164 4317 Apostolus
1217 4265 1230 4300 :
1289 4245 1550 4300 Habentes
1603 4247 1801 4317 itaque,

213 4337 404 4405 fratres
429 4377 444 4401 ,
486 4337 738 4406 ﬁduciam
768 4339 824 4392 in
866 4341 1109 4409 ingressu
1135 4350 1435 4394 sanctorum
1474 4358 1566 4411 per
1593 4345 1806 4410 sangui-

217 4446 332 4482 nem
363 4428 579 4495 Christi,
608 4433 918 4484 accedamus
947 4433 1013 4486 ad
1040 4448 1162 4486 eum
1184 4449 1301 4487 cum
1323 4450 1440 4488 vero
1474 4435 1647 4488 corde.
1666 4436 1804 4502 Quid

215 4529 360 4574 esset
403 4522 456 4575 in
506 4537 634 4578 vero
696 4525 858 4577 corde
905 4525 1163 4580 accedere
1201 4525 1267 4578 ad
1315 4524 1586 4580 Christum
1634 4543 1799 4596 expo-

215 4612 344 4676 suit,
382 4613 738 4685 subjungens,
773 4616 827 4668 in
865 4614 1190 4684 plenitudine
1216 4616 1343 4685 ﬁdei
1365 4657 1381 4683 ,
1419 4627 1478 4672 ut
1516 4619 1803 4673 credamus

217 4707 672 4762 resurrectionem
717 4708 1024 4778 generalem
1065 4709 1333 4775 futuram;
1367 4711 1755 4780 quasidiceret
1787 4731 1798 4766 :

214 4792 334 4848 Jam
364 4797 488 4865 quia
525 4798 776 4853 fiduciam
814 4800 1074 4854 habemus
1102 4801 1310 4872 ingredi
1354 4803 1407 4856 in
1435 4803 1665 4872 patriam
1695 4818 1806 4858 co:-

214 4882 406 4939 lestem
432 4926 446 4951 ,
475 4902 582 4940 non
608 4887 867 4943 debemus
895 4891 1141 4946 btesitare
1181 4895 1324 4962 quod
1347 4895 1704 4962 quorumdam
1733 4894 1806 4948 sit

217 4981 567 5044 resurrectio,
596 4983 954 5050 quorumdam
985 4999 1112 5040 vero
1140 5003 1270 5051 non,
1301 4987 1392 5042 sed
1418 5003 1542 5042 vera
1566 4988 1685 5044 ﬁdei
1712 4987 1806 5043 de-

214 5067 408 5122 bemus
447 5069 670 5124 credere
713 5087 904 5126 omnes
949 5073 1196 5130 homines
1227 5086 1627 5133 resurrecturos
1647 5094 1808 5148 quos-

217 5159 342 5213 dam
397 5160 464 5214 ad
495 5160 745 5231 gloriam,
771 5165 1034 5232 quosdam
1078 5174 1260 5221 autem
1295 5166 1360 5220 ad
1394 5183 1632 5236 ptenam.
1669 5167 1803 5222 Nam

215 5253 262 5307 si
294 5253 415 5322 quis
451 5253 518 5308 de
562 5254 665 5309 hoc
702 5255 952 5322 haesitat,
998 5274 1104 5314 non
1134 5259 1296 5313 habet
1330 5275 1511 5312 veram
1558 5260 1801 5329 plenam-

217 5362 324 5417 que
351 5346 531 5403 ﬁdem.
561 5349 746 5405 Potest
777 5359 833 5404 et
859 5351 1017 5406 aliter
1059 5351 1282 5423 intelligi
1323 5366 1338 5405 :
1371 5350 1532 5406 Plena
1566 5354 1700 5408 ﬁdes
1721 5363 1804 5408 est

214 5454 338 5510 quae
363 5441 670 5511 concipitur
695 5443 878 5509 corde,
911 5444 1201 5498 conﬁtetur
1225 5459 1321 5499 ore
1344 5453 1401 5499 et
1427 5445 1682 5514 operibus
1709 5447 1801 5500 bo-

215 5533 303 5588 nis
335 5543 652 5588 exornatur.
690 5532 803 5588 Hac
855 5534 956 5590 ﬁde
995 5537 1358 5590 accedendum
1383 5545 1464 5592 est
1493 5538 1558 5591 ad
1605 5537 1798 5602 Demn,

213 5627 523 5696 quicunque
551 5625 664 5680 vult
688 5626 964 5680 introitum
990 5629 1178 5696 patria)
1208 5629 1442 5684 ctelestis
1467 5631 1568 5684 sibi
1595 5646 1800 5686 resera-

219 5721 282 5774 ri.
317 5719 548 5775 Necesse
593 5728 677 5776 est
704 5721 866 5775 etiam
899 5730 956 5775 ut
1001 5723 1111 5776 sint
1153 5725 1355 5794 aspersi
1387 5725 1547 5778 corda
1593 5742 1620 5777 τι
1671 5743 1798 5779 con-

216 5811 446 5866 scientia
473 5811 630 5879 mala,
656 5811 708 5866 id
733 5819 814 5867 est
839 5813 1077 5868 ntundati
1099 5830 1196 5886 per
1217 5817 1380 5871 corda
1409 5817 1520 5872 sive
1543 5817 1796 5872 mumlata

1889 605 1995 659 que
2037 592 2271 646 ostendit
2298 593 2424 662 quia
2469 609 2578 649 non
2609 593 2712 648 ﬁde
2738 593 2874 658 sola,
2899 593 2995 648 sed
3021 594 3182 648 etiam
3207 596 3316 650 vita
3342 612 3471 652 cum

1886 682 2176 737 virtutibus
2204 685 2484 750 quaeritur,
2509 685 2756 755 quoniam
2774 685 2904 754 fides
2932 687 3043 740 sine
3068 688 3307 757 operibus
3329 704 3471 742 mor-

1887 785 1979 830 tua
2006 785 2080 829 est
2103 774 2244 846 (Jac.
2274 777 2356 846 n).
2387 775 2555 832 Judaei
2579 793 2804 848 corpora
2831 780 3183 844 mundabant,
3219 795 3316 835 nos
3340 796 3470 837 con—

1888 866 2190 922 scientiam.
2209 867 2474 931 Etabluti,
2492 868 2683 938 inquit,
2701 883 2918 938 corpus,
2935 868 2987 924 id
3003 877 3086 925 est
3099 869 3339 924 ablutum
3355 885 3477 926 θοι·-

1888 973 1989 1028 pus
2012 958 2271 1013 habentes
2304 973 2444 1028 aqua
2469 959 2690 1022 munda,
2719 959 2821 1014 hoc
2842 967 2928 1014 est
2947 975 3087 1029 aqua
3108 960 3468 1030 baptismatis.

1889 1049 2093 1105 Idcirco
2117 1061 2294 1106 autem
2319 1051 2447 1105 dicit
2477 1066 2672 1120 corpus
2703 1067 2841 1120 aqua
2870 1052 3212 1121 baptismatis
3250 1052 3474 1107 abluen-

1890 1143 2038 1206 dum,
2069 1142 2196 1212 quia
2227 1143 2351 1197 dum
2382 1157 2578 1212 corpus
2607 1143 2861 1208 abluitur,
2891 1158 3033 1213 aqua
3061 1143 3264 1214 Spiritu
3287 1155 3478 1200 sancto

1891 1233 2260 1288 sanctiﬁcatur
2293 1233 2490 1288 anima.

1968 1323 2256 1379 Teneamus
2280 1326 2390 1394 spei
2419 1336 2611 1378 nostra:
2635 1325 3009 1394 confessionem
3033 1325 3472 1380 indeclinabilem.

1891 1415 2092 1469 Fidelis
2130 1416 2266 1470 enim
2309 1425 2383 1471 est
2417 1417 2506 1486 qui
2546 1417 2860 1486 repromisit.
2903 1416 3312 1473 Conlessionem
3360 1420 3476 1489 spei

1893 1505 2344 1560 indeclinabiliter
2383 1515 2650 1569 tenemus,
2683 1506 2727 1561 si
2764 1522 2869 1560 non
2900 1507 3251 1576 despcramus
3285 1507 3352 1561 de
3383 1523 3479 1574 pa-

1895 1598 1995 1652 tria
2020 1597 2248 1662 co‘lesti,
2267 1598 2409 1652 etde
2435 1597 2686 1652 omnibus
2713 1613 2832 1666 quae
2859 1598 3013 1652 nobis
3031 1598 3278 1668 promisit
3300 1597 3483 1652 Domi—

1893 1705 2017 1752 nus,
2059 1688 2142 1742 vel
2168 1689 2211 1743 si
2241 1689 2468 1742 ﬁrmiter
2513 1704 2576 1744 ea
2602 1690 2960 1744 observamus
2988 1705 3108 1758 qua:
3131 1688 3358 1758 professi
3384 1703 3479 1742 su-
3567 1667 3578 1680 ³

1893 1797 2014 1835 mus
2041 1781 2092 1834 in
2114 1780 2458 1850 baptismate.
2493 1778 2648 1835 Sicut
2670 1780 2813 1834 enim
2843 1779 3014 1834 ﬁdelis
3034 1787 3089 1835 et
3115 1795 3274 1834 verus
3296 1793 3480 1833 remu-

1895 1882 2114 1927 nerator
2145 1881 2229 1927 est
2255 1871 2504 1927 Christus
2532 1872 2582 1924 in
2613 1871 3062 1941 promissionibus
3087 1871 3220 1934 suis,
3246 1872 3317 1924 ita
3348 1870 3482 1924 tide-

1894 1968 1972 2023 les
2017 1983 2115 2021 nos
2157 1981 2278 2022 esse
2321 1966 2434 2020 vult
2465 1966 2516 2020 in
2545 1966 2827 2036 promissis
2865 1965 3065 2020 nostris
3091 1980 3211 2033 qua:
3241 1965 3491 2020 vovimus

1895 2066 2134 2126 tempore
2174 2056 2534 2124 baptismatis,
2579 2054 2794 2109 diabolo
2836 2053 3087 2109 videlicet
3112 2054 3490 2109 contradicere

1894 2148 2219 2218 Christoque
2250 2149 2476 2203 servire.
2627 2157 2640 2173 "

1943 2224 2366 2296 'Consideremus
2396 2240 2612 2292 invicem
2655 2240 2708 2291 in
2746 2239 3162 2308 provocationem
3211 2239 3492 2293 charitatis

1895 2342 1940 2385 et
1971 2332 2221 2384 bonorum
2251 2345 2484 2399 operum,
2523 2329 2625 2384 hoc
2661 2336 2744 2382 est
2772 2328 3180 2383 consideremus
3204 2327 3491 2398 diligenter

1896 2422 2039 2478 inter
2065 2439 2182 2488 nos.
2207 2432 2261 2480 et
2286 2440 2658 2494 quemcunque
2685 2427 2980 2482 viderimus
3012 2425 3271 2493 majorem
3300 2425 3488 2482 chari-

1897 2522 2061 2567 tatem
2093 2513 2314 2578 habere,
2340 2523 2394 2569 et
2415 2515 2675 2584 operibus
2709 2516 3023 2572 melioribus
3055 2516 3340 2578 intentum,
3366 2531 3492 2585 pro-
3523 2554 3526 2558 -

1896 2620 2156 2659 vocemur
2201 2605 2345 2660 illius
2389 2607 2656 2676 exemplo,
2687 2617 2959 2678 quatenus
2989 2623 3114 2662 eum
3145 2599 3514 2676 summopere

1900 2698 2205 2762 imitemur,
2234 2707 2289 2751 et
2324 2699 2376 2751 in
2407 2713 2531 2752 eum
2564 2699 2937 2761 intendamus,
2979 2708 3034 2752 et
3061 2698 3346 2767 diligamus
3380 2715 3392 2750 :
3422 2713 3490 2750 ex

1899 2790 2182 2844 dilectione
2212 2791 2407 2860 quippe
2427 2791 2564 2845 bona
2593 2806 2754 2860 opera
2781 2791 3098 2860 procedunt.
3152 2789 3492 2857 Quapropter

1903 2898 2155 2951 magnum
2205 2883 2402 2935 bonum
2443 2892 2526 2936 est
2570 2883 2789 2937 dilectio
2829 2924 2844 2948 ,
2887 2881 3202 2950 nullumque
3249 2881 3484 2933 bonum.

1901 2974 2046 3043 quod
2091 2989 2195 3026 non
2236 2989 2332 3042 per
2355 2974 2676 3028 charitatem
2707 2975 2798 3028 ﬁat
2837 2993 2848 3027 :
2880 2975 3006 3044 quia
3051 2973 3329 3042 plenitudo
3359 2971 3496 3039 legis

1904 3075 1987 3118 est
2014 3065 2274 3118 charitas.

1979 3156 2102 3208 Non
2143 3156 2434 3210 deserentes
2473 3155 2828 3209 collectionem
2858 3165 3112 3218 nostram,
3162 3155 3214 3209 id
3241 3163 3328 3210 est
3357 3169 3492 3209 con-

1903 3251 2267 3322 gregationem
2303 3249 2558 3313 ﬁdelium,
2587 3249 2718 3302 sicut
2750 3258 2824 3302 est
2855 3247 3243 3302 consuetudinis
3272 3246 3492 3316 quibus-

1900 3344 2046 3406 dam,
2095 3343 2183 3394 sed
2227 3339 2578 3402 consolantes,
2612 3339 2868 3393 subaudis
2899 3355 2995 3394 vos
3018 3337 3254 3392 invicem.
3300 3337 3356 3391 In
3387 3337 3492 3392 hoc

1901 3431 2020 3485 loco
2050 3447 2153 3486 non
2177 3430 2348 3485 solum
2394 3430 2696 3492 admonuit,
2726 3431 2818 3484 sed
2848 3429 3010 3483 etiam
3043 3428 3278 3497 culpavit
3306 3436 3363 3481 et
3389 3434 3497 3482 ter-

1902 3523 2010 3578 ruit
2057 3523 2318 3577 unitatem
2376 3522 2664 3577 charitatis
2728 3520 3060 3577 scindentes.
3118 3522 3289 3576 Erant
3342 3523 3490 3575 enim

1904 3615 2055 3668 multi
2095 3615 2186 3686 qui
2237 3616 2635 3669 conturbabant
2705 3617 3176 3686 congregationem
3232 3615 3498 3680 ﬁdelium,

1901 3706 2054 3774 quasi
2087 3721 2189 3760 non
2219 3715 2438 3774 possent
2476 3706 2615 3760 inter
2642 3707 2762 3761 illos
2793 3707 3036 3761 habitare
3059 3722 3220 3762 causa
3242 3723 3354 3764 sua:
3375 3723 3502 3762 san-

1903 3796 2126 3859 ctitatis,
2165 3806 2218 3849 et
2244 3798 2565 3851 deserebant
2595 3799 2970 3853 collectionem
3002 3799 3213 3854 Illorum
3241 3800 3493 3855 habitan-

1903 3897 1985 3942 tes
2025 3888 2144 3950 soli,
2185 3899 2242 3942 ut
2281 3890 2393 3941 Deo
2418 3890 2642 3944 liberius
2669 3891 2980 3945 viderentur
3006 3907 3217 3946 vacare.
3239 3893 3330 3947 lsti
3364 3894 3505 3948 tales

1905 3989 2033 4048 typo
2063 3980 2327 4049 superbiae
2369 3980 2588 4034 distenti
2633 3983 3003 4048 despiciebant
3028 3984 3264 4052 reliquos
3292 3993 3349 4038 et
3381 3985 3499 4039 dis-

1905 4070 2224 4138 rumpebant
2260 4072 2603 4125 charitatem.
2652 4073 2804 4139 Quod
2849 4075 3138 4142 Apostolus
3200 4083 3492 4144 utrumque

1903 4175 1959 4216 et
1984 4162 2237 4216 admonet
2276 4173 2332 4216 et
2368 4171 2558 4227 terret,
2602 4164 2830 4218 hortans
2860 4180 2964 4218 non
2990 4166 3239 4220 deserere
3270 4167 3500 4220 societa-

1906 4263 2012 4309 tem
2051 4254 2309 4318 ﬁdelium,
2365 4256 2460 4308 sed
2492 4257 2669 4326 potius
2727 4258 2991 4312 consolari
3037 4258 3416 4327 simpliciores,
3446 4268 3504 4313 et

1905 4361 2002 4400 suo
2029 4345 2275 4415 exemplo
2301 4346 2627 4402 confortare.
2661 4348 2716 4402 Si
2754 4349 2896 4403 enim
2929 4358 3132 4404 tantum
3170 4351 3306 4406 valet
3332 4354 3506 4406 socie-

1907 4448 1987 4492 tas
2017 4439 2288 4503 ﬁdelium,
2326 4448 2385 4493 ut
2421 4440 2509 4494 ubi
2546 4443 2652 4494 duo
2685 4441 2768 4495 vel
2803 4451 2910 4496 tres
2947 4445 3261 4514 congregati
3293 4455 3418 4499 sunt
3449 4445 3505 4499 in

1910 4529 2128 4583 nomine
2165 4529 2481 4596 Salvatoris,
2520 4531 2634 4599 ipse
2676 4532 2745 4586 sit
2777 4533 2828 4586 in
2861 4534 3039 4587 medio
3079 4547 3264 4587 eorum
3295 4551 3307 4587 :
3335 4535 3506 4591 multo

1911 4623 2086 4689 magis
2112 4621 2201 4675 ubi
2231 4621 2415 4690 plures
2443 4631 2571 4676 sunt
2605 4621 2842 4676 ﬁdelium
2880 4623 3129 4678 Christus
3156 4625 3237 4680 eis
3290 4639 3507 4695 semper

1909 4729 2146 4784 praesens
2169 4714 2362 4768 aderit.
2384 4714 2642 4784 Sequitur
2661 4734 2674 4769 ε
2695 4715 2760 4769 Et
2777 4727 2922 4771 tanto
2946 4718 3128 4786 magis,
3149 4733 3359 4787 semper
3380 4720 3506 4774 sub-

1911 4808 2066 4862 audis
2117 4808 2400 4862 sectamini
2433 4809 2778 4875 ebaritatem,
2819 4825 3023 4880 vosque
3049 4811 3279 4864 invicem
3309 4826 3508 4866 consoo

1912 4900 2114 4959 lamini,
2144 4910 2342 4969 quanto
2363 4901 2598 4956 uideritis
2621 4905 3040 4974 appropinquare
3065 4903 3202 4956 diem
3211 4901 3424 4972 judicii,
3444 4903 3510 4958 in

1912 5005 2020 5060 quo
2069 4989 2406 5060 singulorum
2453 4993 2643 5046 merita
2693 4993 3168 5059 examinabuntur,
3212 4994 3296 5049 vel
3339 4995 3513 5050 etiam

1913 5091 2215 5137 extremum
2263 5083 2404 5137 diem
2462 5084 2585 5138 vitae
2639 5094 2854 5140 nostrae.
2911 5085 3050 5140 Dicit
3096 5086 3238 5140 enim
3287 5085 3400 5141 alio
3450 5087 3514 5142 in

1912 5173 2032 5228 loco
2065 5188 2079 5227 :
2123 5174 2274 5228 Nihil
2303 5174 2517 5229 solliciti
2543 5177 2680 5240 sitis,
2715 5177 2971 5231 Dominus
2996 5192 3155 5247 prope
3181 5185 3254 5232 est
3279 5174 3504 5247 (Philip.

1915 5267 2026 5335 ιν).

1993 5356 2298 5412 Voluntarie
2315 5359 2452 5413 enim
2463 5361 2797 5430 peccantibus
2826 5362 2972 5416 nobis
2997 5371 3110 5432 post
3127 5371 3393 5432 acceptam
3416 5376 3508 5414 no-

1907 5450 2078 5503 titiam
2109 5451 2362 5515 ueritatis,
2394 5452 2444 5505 id
2479 5460 2562 5506 est
2594 5463 2717 5522 pest
2753 5454 3004 5508 notitiam
3036 5469 3176 5508 verte
3203 5453 3350 5518 ﬁdei,
3381 5469 3508 5524 gra-

1908 5541 2102 5610 tiaeque
2129 5541 2501 5611 baptismatis,
2523 5544 2642 5614 jam
2680 5561 2784 5600 non
2813 5546 3127 5616 relinquitur
3152 5562 3246 5615 pro
3281 5547 3508 5616 peccatis

1905 5634 2304 5704 hostia.Spontc
2317 5639 2664 5706 peccantibus
2679 5641 2834 5694 nobis
2849 5651 2903 5695 et
2919 5639 3212 5697 deliberate
3225 5649 3510 5710 postquam

1906 5728 2213 5796 accepimus
2248 5730 2576 5800 agnitionem
2607 5748 2748 5787 vera:
2789 5734 2909 5787 ﬁdei
2934 5774 2948 5796 ,
2973 5743 3029 5788 et
3048 5744 3330 5804 postquam
3356 5747 3509 5786 mun-

1905 5819 2015 5874 dati
2051 5835 2236 5877 sumus
2265 5821 2318 5876 in
2347 5820 2690 5892 baptismate,
2717 5840 2822 5884 non
2847 5833 3154 5883 reservatur
3183 5824 3338 5882 nobis
3369 5821 3521 5880 ultra.
