3974 6482
470 446 578 504 sas
956 445 1310 503 annosus
1348 444 1828 501 HALBERSTAT.
1868 442 2083 499 EPISC.
2124 440 2274 495 oar.
2315 439 2495 493 psus
2533 441 2573 492 ι.
2619 470 2692 481 -
2720 416 3082 531 contra“.
3124 442 3297 503 BlBL.
3668 440 3780 503 we

474 558 649 615 hostia
674 572 773 629 pro
794 566 1037 628 peccato,
1064 572 1184 627 quae
1208 571 1310 628 pro
1339 557 1491 613 nobis
1508 556 1828 623 offerantur,
1843 559 1977 613 sicut
2010 557 2062 609 in
2093 555 2139 615 Λ
2166 567 2263 623 per
2290 551 2482 608 Filium
2515 555 2639 609 data
2659 571 2820 626 quam
2846 555 2930 613 lex
2972 573 3071 628 per
3096 574 3312 615 servum
3352 560 3771 627 administrata,

471 649 642 703 veteri
676 648 789 717 lege
832 648 1087 701 donatum
1124 655 1228 712 est,
1274 647 1481 703 hostias
1510 649 1705 720 smpius
1742 647 1936 703 olTerre
1967 661 2063 718 pro
2162 651 2313 700 tanto
2344 646 2547 716 majora
2579 648 2876 702 merebitar
2894 648 3178 721 supplicia,
3204 648 3295 720 qui
3324 649 3612 708 Christum
3636 668 3777 709 cou-

470 737 726 809 peccatis.
781 736 965 805 Neque
995 737 1139 791 enim
1171 738 1422 793 Christus
1476 740 1565 806 qui
1618 749 1702 794 est
1746 739 1917 793 hostia
1963 753 2062 791 no-
2160 734 2468 791 calcaverit.
2503 735 2610 791 Sed
2639 740 2909 807 quomodo
2933 755 3219 810 possumus
3252 741 3397 796 illum
3425 743 3775 800 conculcata

472 830 633 907 stra,‘
658 828 851 882 iterant
883 827 1240 883 immolandas
1266 837 1365 885 est
1398 846 1497 900 pro
1540 830 1775 900 peccatis
1814 828 2013 884 nostris
2043 846 2059 884 :
2159 827 2250 898 qui
2273 828 2329 882 in
2363 829 2585 884 dextera
2608 829 2701 884 Dei
2731 828 2909 886 Patris
2928 833 3098 895 sedet,
3117 833 3357 889 elevatus
3378 851 3547 907 super
3565 852 3773 893 omnes

474 920 577 975 hoc
617 905 762 973 enim
807 918 972 973 semel
1006 919 1205 975 factum
1225 962 1241 988 ,
1272 928 1326 975 et
1369 922 1607 976 secundo
1644 936 1779 991 opus
1820 938 1925 977 non
1954 930 2061 987 est,
2160 920 2362 976 ecutos?
2383 922 2515 976 Dum
2538 923 2680 977 enim
2705 934 2974 993 praecepta
3001 925 3146 979 illius
3167 941 3266 994 pro
3288 905 3461 982 nihilo
3478 927 3767 995 ducimus,

471 1009 564 1065 sed
608 1000 779 1079 magis
807 1025 943 1081 opus
974 1019 1057 1065 est
1097 1020 1219 1080 post
1256 1023 1533 1081 acceptam
1577 1013 1805 1083 gratiam
1847 1028 2062 1083 perma-
2160 1012 2514 1083 dedignantes
2544 1030 2608 1068 ea
2632 1013 2878 1083 implere,
2907 1024 3034 1070 tunc
3059 1016 3246 1085 utique
3292 1030 3416 1070 eum
3462 1018 3770 1074 conculca-

1924 1094 2057 1157 rum.
2159 1117 2298 1158 mus.
2331 1102 2484 1159 Sicut
2509 1105 2651 1161 enim
2680 1120 2745 1160 ca
2773 1122 2891 1176 quze
2917 1108 3297 1163 conculcamus
3322 1122 3421 1178 pro
3457 1109 3641 1164 nihilo
3667 1111 3773 1165 du—

2159 1197 2350 1260 cimus,
2378 1206 2432 1263 et
2460 1199 2655 1254 nullius
2696 1200 2936 1263 honoris,
2966 1200 3043 1255 sic
3087 1210 3141 1255 et
3168 1203 3259 1269 qui
3288 1199 3458 1255 libere
3503 1210 3764 1271 peccant,

2160 1285 2364 1357 absque
2397 1288 2589 1342 timore
2616 1296 2671 1343 et
2700 1289 2903 1359 absque
2933 1289 3274 1360 paenitentia,
3306 1287 3597 1345 Christum
3625 1306 3766 1345 cou-

2159 1377 2391 1443 Culcaut,
2422 1378 2535 1434 sive
2561 1388 2930 1444 contemnunt,
2962 1389 3125 1448 atque
3166 1379 3497 1449 despiciunt,
3523 1396 3767 1450 eumque

2150 1466 2388 1536 jadicem
2416 1466 2655 1522 futuram
2688 1468 2912 1523 minime
2942 1468 3257 1524 formidant.
3287 1469 3384 1523 Vel
3416 1481 3574 1524 certe
3603 1468 3766 1524 Chri-

2157 1552 2303 1620 Stam
2351 1564 2677 1630 concaleat,
2721 1566 3033 1636 quicunque
3088 1582 3287 1635 corpus
3328 1566 3479 1621 illius
3538 1567 3764 1638 indigne

2156 1655 2408 1726 percipit.
2455 1654 2583 1710 Sive
2615 1654 2700 1718 (ut
2742 1656 2903 1711 tertio
2952 1657 3112 1711 modo
3158 1657 3428 1725 dicamus)
3476 1655 3758 1710 Christum

2157 1745 2456 1807 conculcet,
2504 1746 2594 1816 qui
2636 1745 2772 1800 male
2803 1746 3031 1802 vivendo
3072 1747 3136 1801 de
3165 1746 3529 1801 tabernaculo
3577 1747 3757 1802 cordis

2158 1835 2238 1891 sui
2276 1852 2399 1891 eum
2451 1837 2692 1907 expellit,
2737 1837 2832 1908 qui
2866 1838 3040 1893 dixit:
3076 1837 3396 1892 Iultabitabo
3450 1839 3513 1892 in
3552 1838 3654 1893 illis
3695 1846 3751 1893 et

469 1115 602 1156 nere
648 1100 702 1154 in
754 1099 858 1155 (ide
908 1109 1074 1165 recta,
1122 1110 1175 1155 et
1217 1102 1478 1156 munditia
1525 1101 1785 1158 bonorum
1813 1117 2057 1173 operum.

468 1191 755 1247 Mandatus
781 1208 840 1247 es
867 1192 920 1246 in
945 1191 1291 1262 baptismate,
1320 1192 1578 1248 liberatas
1603 1208 1661 1247 es
1684 1209 1713 1249 a
1740 1195 2059 1249 criminibus

468 1282 829 1351 omnibusque
868 1283 1140 1352 peccatis,
1170 1281 1447 1352 factusque
1475 1299 1534 1338 es
1565 1282 1735 1339 Filius
1764 1285 1876 1339 Dei.
1910 1284 1967 1339 Si
1991 1285 2059 1340 ad

467 1373 704 1443 primum
753 1373 1011 1427 vomitum
1053 1388 1304 1429 reversus
1335 1375 1521 1439 fueris,
1567 1376 1946 1445 gravissimum
2007 1387 2059 1435 te

473 1473 756 1535 exspectat
778 1450 1060 1535 judicium,
1088 1464 1225 1520 sicut
1252 1466 1527 1535 sequentia
1553 1466 1927 1532 mauil’estaut,‘
1957 1468 2057 1523 nisi

468 1568 571 1629 per
614 1555 828 1630 dignam
876 1558 1247 1628 pmuitentiam
1284 1567 1567 1613 revocatus
1601 1558 1786 1613 fueris.
1826 1558 1921 1613 His
1964 1577 2059 1615 aa-

469 1658 575 1706 tem
602 1646 784 1704 verbis
823 1666 926 1704 non
956 1649 1327 1719 paenitentiam
1358 1650 1614 1717 excludit,
1663 1648 1840 1721 neque
1878 1653 2058 1723 propi-

468 1744 749 1799 tiationem
782 1760 900 1815 quae
945 1746 1014 1799 sit
1062 1758 1158 1813 per
1204 1747 1535 1814 poenitentia:
1582 1734 2055 1813 medicamentum,-

469 1834 565 1889 sed
612 1834 905 1889 secundum
975 1822 1248 1890 lavacrum
1307 1836 1559 1905 baptismi
1624 1836 1876 1892 excludit.
1938 1837 2052 1893 Non

465 1923 611 1978 enim
640 1924 712 1978 ita
738 1933 819 1980 est
844 1924 1096 1981 inimicus
1129 1925 1317 1981 salutis
1345 1935 1561 1993 nostrae,
1593 1936 1651 1982 ut
1685 1928 1907 1993 diceret,
1943 1945 2047 1984 non
2082 1911 2127 1971 Β
2154 1925 2209 1979 in
2232 1924 2508 1979 ambulabo
2537 1925 2718 1995 (Levii.
2754 1929 2925 1995 xxvi).
2963 1926 3293 1998 Sanguinem
3324 1944 3553 1998 quoque
3582 1938 3741 1984 testa-

464 2016 734 2087 est,ultra
779 2019 1135 2088 poenitentia,
1174 2035 1346 2090 neque
1385 2029 1729 2090 peccatorum
1781 2022 2047 2089 remissio,

463 2107 556 2163 sed
582 2107 777 2172 hostia,
806 2108 1001 2178 inquit,
1029 2108 1168 2162 ultra
1200 2125 1307 2163 non
1339 2119 1441 2173 est,
1487 2110 1588 2164 hoc
1607 2118 1709 2175 est,
1738 2125 1870 2165 crux
1911 2110 2048 2165 ultra

461 2211 571 2252 non
594 2208 676 2252 cst
703 2198 937 2252 secunda
963 2205 1023 2252 ut
1062 2198 1256 2253 iterum
1288 2182 1537 2254 Christus
1556 2199 1919 2271 crucillgatur',
1957 2192 2057 2255 ite-‘

461 2300 694 2357 rumque
722 2302 820 2342 nos
847 2288 1203 2359 baptizemur.
1242 2287 1374 2343 Nam
1421 2289 1561 2344 sicut
1592 2288 1840 2345 Christus
1883 2290 2051 2345 semel

461 2385 711 2432 mortuas
730 2387 832 2442 est,
862 2386 916 2432 et
939 2378 1049 2448 jam
1068 2394 1171 2432 non
1196 2379 1443 2443 moritur,
1474 2379 1546 2433 ita
1575 2394 1672 2433 nos
1693 2379 1857 2434 semel
1879 2378 2052 2450 bapti-

463 2466 571 2522 zati
603 2467 655 2522 in
683 2469 786 2523 tide
816 2455 1004 2524 mortis
1032 2469 1148 2540 ejus
1185 2477 1240 2524 et
1265 2469 1577 2539 sepulturae,
1604 2469 1742 2525 sicut
1763 2470 2051 2538 Apostolus

462 2556 599 2613 alias
618 2558 776 2620 dicit,
804 2559 1099 2629 consepulti
1118 2573 1240 2615 cum
1267 2558 1356 2612 illo
1371 2572 1468 2627 per
1488 2559 1810 2629 baptismum
1828 2559 1881 2613 in
1909 2574 2053 2614 mor-

466 2656 576 2703 tem
594 2647 707 2716 jam
745 2664 850 2703 nou
879 2664 1162 2718 possumus
1187 2648 1530 2720 rebaptizari.
2050 2648 2055 2651 ⁷

541 2738 809 2793 Terribilis
830 2750 1003 2794 autem
1029 2741 1270 2811 quietiam
1293 2741 1604 2811 exspectatio
1620 2740 1815 2811 judicii
1841 2750 1889 2796 et
1916 2742 2052 2813 ignis

468 2830 737 2886 a'mulatio
758 2848 876 2901 qua’
895 2843 1267 2902 consumptum
1288 2841 1365 2887 est
1384 2833 1731 2887 adversarios.
1758 2832 2052 2888 .IEmulatio

467 2924 758 2995 aliquando
793 2940 894 2995 pro
919 2926 1219 2981 imitatione
1260 2927 1492 2997 ponitur,
1518 2927 1807 2997 aliquando
1832 2944 1931 2999 pro
1971 2930 2053 2984 in-

465 3013 743 3069 videntia:
785 3015 872 3069 hic
912 3020 1233 3085 autem‘pro
1271 3018 1681 3086 consumptione
1723 3025 1776 3073 et
1816 3019 2051 3074 vindicta

465 3103 751 3174 accipitur.
780 3103 972 3159 Terret
996 3119 1125 3175 ergo
1169 3105 1455 3174 Apostolus
1481 3122 1693 3167 omnes.
1723 3117 1782 3162 ut
1811 3115 2051 3165 metuant

463 3204 587 3267 post
625 3194 879 3264 baptismi
930 3195 1205 3251 lavacrum
1261 3197 1328 3251 ad
1368 3198 1497 3259 vitia
1539 3199 1732 3269 relabi,
1770 3200 1895 3270 quia
1941 3216 2047 3256 non

462 3278 690 3356 possunt
720 3287 1064 3357 rebaptizari.
1115 3285 1306 3342 Terret
1333 3288 1495 3342 etiam
1525 3290 1649 3343 utsi
1678 3291 2041 3359 peccaverint,
2075 3272 2117 3331 C

464 3368 841 3449 pmnitéutiam
866 3370 1055 3433 statim
1075 3380 1326 3433 studeant
1356 3395 1517 3450 agere
1535 3381 2041 3452 dignam,quoniam

468 3473 779 3542 quicunque
824 3473 1154 3542 pii-nitentia:
1207 3474 1657 3529 medicamentum
1713 3475 2055 3545 neglexerit,

462 3566 704 3621 vindicta
724 3574 778 3620 et
808 3566 1148 3636 consumptio
1194 3566 1334 3637 ignis
1373 3568 1561 3621 aeterni
1591 3568 1870 3622 devorabit
1900 3584 2042 3623 eam.

463 3655 803 3726 Quapropter
827 3657 1192 3726 imusquisque
1229 3657 1294 3709 ad
1318 3657 1650 3726 pmnitentizc
1676 3658 1800 3711 dum
1833 3666 2048 3727 tempus

463 3747 632 3802 habet
674 3746 1125 3800 medicamentum
1167 3747 1474 3818 confugiat,
1524 3761 1591 3801 ne
1639 3747 1748 3817 igni
1806 3748 2049 3803 tradatur

465 3849 691 3894 aeterno.

538 3929 755 3983 lrritam
790 3929 907 4001 quis
934 3928 1131 3999 faciens'
1155 3929 1316 4000 legem
1344 3926 1535 4002 Moysi,
1565 3932 1677 3986 sine
1699 3932 1809 3986 ulla
1832 3934 2069 3988 misera-'

460 4023 605 4078 tione
639 4021 843 4077 duobus
877 4022 950 4077 vel
978 4021 1145 4077 tribus
1173 4021 1407 4089 testibus,
1445 4024 1703 4081 subaudis
1743 4024 2051 4090 convictus,

465 4117 715 4170 moritur.

537 4209 747 4273 Quanto
794 4208 962 4278 magis
1002 4207 1196 4279 putatis
1237 4207 1499 4262 deteriora
1542 4210 1734 4263 mereri
1769 4209 2044 4281 supplicia,

462 4302 552 4374 qui
593 4299 789 4354 Filium
817 4299 909 4354 Dei
934 4301 1312 4355 conculcaverit
1338 4311 1384 4354 et
1418 4303 1724 4373 sanguinem
1755 4296 2055 4358 testamenti

463 4385 724 4462 pollutum
750 4391 957 4445 duxerit
997 4392 1049 4444 iu
1086 4407 1188 4462 quo
1220 4393 1579 4461 sanctiﬁcatus
1621 4403 1719 4457 est,
1749 4402 1797 4448 et
1838 4395 2049 4465 spiritui

461 4484 650 4555 gratia:
674 4483 1039 4538 contumeliam
1070 4484 1293 4555 fecerit?
1339 4484 1449 4539 Lex
1499 4484 1665 4556 Moysi
1695 4486 1916 4553 dicitur,
1964 4489 2047 4543 vel

461 4575 590 4644 quia
616 4589 712 4644 per
755 4573 972 4645 Moysen
1013 4575 1210 4647 papula
1259 4578 1407 4640 data,
1448 4577 1529 4631 vel
1565 4578 1688 4646 quia
1721 4577 1890 4650 Moysi
1923 4580 2044 4635 data

461 4671 549 4721 est
569 4680 599 4721 a
623 4665 870 4730 Domino,
901 4667 1043 4722 sicut
1069 4676 1123 4721 et
1143 4681 1242 4722 nos
1262 4666 1405 4721 soliti
1433 4682 1621 4723 sumus
1642 4668 1822 4725 dicere
1844 4670 1896 4724 in
1920 4688 2043 4726 ura-

463 4756 615 4813 tione
643 4758 918 4814 Dominica
948 4759 1012 4814 ad
1044 4758 1211 4815 Deum
1244 4777 1257 4814 :
1291 4758 1490 4815 Panem
1518 4772 1750 4816 nostrum
1788 4762 2049 4835 quotidia-

464 4866 591 4905 num
623 4849 693 4904 da
739 4851 887 4905 nobis
914 4851 1069 4905 hodie
1100 4849 1249 4922 (Luc.
1276 4852 1374 4921 x1),
1403 4868 1508 4907 non
1542 4853 1683 4923 quod
1714 4863 1900 4909 noster
1926 4865 2051 4911 ante

464 4940 651 5009 fuerit,
682 4935 776 4998 sed
801 4958 920 4997 cum
947 4943 1015 4998 ab
1043 4942 1136 4996 illo
1165 4943 1342 5007 datur,
1371 4954 1554 4999 noster
1577 4942 1825 5000 etlicitur.
1854 4945 2051 5002 lncutit

462 5043 645 5090 autem
672 5028 967 5105 "Apostolus
996 5043 1261 5089 terrorem
1291 5033 1639 5102 Christianis,
1663 5052 1881 5093 sumens
1904 5054 2055 5094 com-

463 5128 801 5201 parationem
830 5143 860 5181 a
886 5128 1006 5199 lege
1029 5126 1216 5199 Moysi,
1243 5143 1405 5199 quam
1449 5129 1491 5183 si
1525 5129 1647 5199 quis
1679 5129 2049 5201 transgressus

463 5221 675 5283 fuisset.
710 5218 920 5274 irritam
946 5234 1067 5273 eam
1108 5226 1164 5273 et
1189 5220 1409 5274 inanem
1445 5219 1668 5285 faciens,
1712 5219 1917 5276 duobus
1967 5222 2051 5277 vel

465 5312 639 5367 tribas
687 5311 917 5367 testibus
943 5311 1244 5377 convictus,
1294 5312 1411 5366 sine
1455 5310 1562 5364 ulla
1606 5311 1954 5367 miseratione
1996 5322 2050 5369 et

462 5404 621 5460 venia
651 5419 680 5458 a
696 5404 971 5475 iudicibus
992 5404 1337 5474 dijudicatus,
1363 5403 1652 5460 confestim
1677 5403 2046 5462 occidebatur.

464 5497 608 5554 Dicit
631 5511 760 5569 ergo
787 5496 878 5553 :Si
907 5496 1020 5564 ille,
1047 5497 1315 5568 inquiens,
1341 5496 1431 5568 qui
1453 5495 1647 5568 legem,
1670 5510 1792 5566 quae
1811 5498 1910 5567 per
1935 5513 2051 5554 ser-

460 5604 589 5646 vum
619 5589 741 5645 data
768 5600 875 5657 est,
908 5597 1278 5660 transgressus
1310 5589 1508 5656 fuerat,
1537 5587 1656 5643 sine
1679 5586 1786 5642 ulla
1826 5586 2051 5657 misera-

462 5681 613 5739 tione
646 5682 1025 5749 occidebatur,
1070 5691 1272 5755 quanto
1313 5682 1487 5753 magis
1533 5679 1738 5748 majora
1787 5678 2048 5750 supplicia

464 5772 790 5850 sustinebit,
840 5775 931 5847 qui
972 5774 1170 5830 Filium
1213 5773 1306 5829 Dei
1353 5769 1800 5828 conculcaverit?
1847 5768 2048 5842 Utique

461 5872 669 5929 quanto
694 5865 866 5933 major
887 5875 971 5925 est
990 5866 1238 5924 Christus
1267 5863 1469 5929 Moyse.
1499 5868 1553 5919 ct
1570 5861 1745 5925 gratia
1773 5860 2053 5922 Evangelii

2078 4625 2126 4682 D

2153 2018 2318 2071 menti
2342 2017 2601 2086 pollutum
2642 2017 2809 2082 ducit,
2834 2019 2968 2083 sive,
3000 2028 3060 2072 ut
3107 2020 3158 2073 in
3183 2017 3453 2089 Gregorio
3501 2019 3745 2084 habetur,

2153 2122 2496 2163 communem
2518 2110 2633 2163 sive
2651 2108 3008 2174 immundum,
3024 2110 3112 2178 qui
3132 2111 3456 2181 sanguinem
3480 2113 3748 2180 passionis

2152 2196 2354 2254 Christi
2402 2215 2500 2269 pro
2535 2200 2706 2255 nihilo
2739 2202 2917 2264 ducit,
2958 2217 3066 2271 quo
3100 2201 3520 2257 Testamentum
3551 2202 3743 2259 Nam

2153 2289 2531 2344 confirmatum
2576 2298 2693 2355 est,
2733 2305 2841 2360 quo
2882 2291 2998 2361 ipse
3032 2291 3200 2345 etiam
3236 2290 3635 2346 sanctiﬁcatus
3675 2301 3745 2348 est

2156 2387 2400 2450 tempore
2443 2379 2810 2450 baptismatis.
2843 2380 2964 2435 Alio
3007 2382 3151 2435 enim
3193 2381 3357 2435 modo
3390 2380 3744 2438 nihilominus

2152 2472 2475 2538 sanguinem
2521 2471 2828 2526 testamenti
2859 2470 3119 2542 pollutum
3160 2470 3386 2536 ducere,
3436 2481 3529 2527 est
3554 2480 3733 2542 mysta-

2153 2562 2293 2617 rium
2320 2560 2599 2630 sanguinis
2623 2559 2821 2616 Christi
2847 2560 3062 2632 indigne
3082 2560 3385 2629 percipere,
3433 2559 3738 2630 nullamque

2153 2652 2508 2710 differentiam
2541 2654 2680 2708 inter
2706 2652 2851 2706 illum
2878 2660 2933 2705 et
2958 2651 3191 2720 reliquos
3211 2659 3379 2720 potus
3395 2651 3612 2715 facere,
3633 2666 3743 2707 cura

2155 2746 2207 2801 in
2241 2745 2329 2801 illo
2356 2748 2723 2801 sanctilicatus
2749 2745 2817 2797 sit
2842 2751 3083 2813 tempore
3103 2742 3473 2813 baptismatis,
3500 2752 3565 2797 et
3588 2744 3745 2813 possit

2154 2837 2318 2892 etiam
2350 2836 2591 2907 quotidie
2612 2833 2962 2897 sanctificari,
2986 2834 3031 2888 si
3063 2834 3221 2905 digne
3260 2834 3583 2902 perceperit
3609 2848 3743 2889 eum.

2154 2930 2231 2985 De
2262 2930 2457 2985 talibus
2496 2929 2625 2984 dicit
2665 2927 2954 2999 Apostolus
2994 2943 3009 2981 :
3056 2926 3160 2992 Qui
3202 2929 3498 2980 manduca:
3537 2937 3590 2981 et
3631 2925 3747 2980 bibit

2155 3023 2381 3093 indigne,
2401 3020 2662 3091 judicium
2692 3019 2792 3074 sibi
2822 3019 3103 3073 manducat
3131 3028 3177 3071 et
3223 3017 3369 3081 bibit,
3397 3035 3508 3071 non
3545 3017 3742 3087 dijudi-

2153 3132 2277 3170 caus
2319 3130 2506 3185 corpus
2537 3122 2585 3169 et
2614 3112 2922 3183 sanguinem
2962 3110 3173 3164 Domini
3210 3108 3259 3181 (ι
3298 3108 3429 3164 Cor.
3476 3110 3600 3181 ιι),
3640 3109 3748 3165 sive

2154 3206 2469 3265 discernens
2496 3222 2526 3260 a
2554 3204 2777 3274 reliquis
2823 3202 2961 3258 cibis
2990 3209 3048 3256 et
3074 3202 3310 3271 potibus,
3358 3199 3589 3270 spiritui
3616 3215 3745 3270 quo.

2150 3314 2255 3368 que
2282 3290 2488 3368 gratiae,
2511 3295 2564 3350 id
2591 3302 2695 3360 est,
2713 3291 2940 3363 Spiritui
2961 3300 3146 3345 sancto
3168 3288 3565 3368 contumeliam
3604 3289 3743 3354 facit,

2150 3389 2240 3459 qui
2274 3388 2341 3444 de
2386 3384 2733 3442 tabernaculo
2776 3383 2954 3438 cordis
3001 3382 3082 3436 sui
3118 3381 3256 3435 male
3290 3380 3570 3445 "vivendo,
3605 3380 3748 3434 illum

2151 3480 2318 3551 ejicit,
2334 3477 2417 3533 vel
2439 3478 2528 3549 qui
2557 3493 2660 3531 non
2679 3474 2851 3530 credit
2872 3473 3013 3549 quod
3037 3468 3137 3542 per
3164 3471 3310 3525 illum
3336 3471 3389 3525 in
3412 3470 3667 3526 Ecclesia
3695 3470 3747 3523 ﬁt

2152 3569 2398 3624 remissio
2422 3577 2788 3639 peccatorum,
2820 3565 2908 3620 vel
2929 3573 3076 3620 certe
3106 3562 3195 3631 qui
3229 3560 3585 3631 hlasphemat
3608 3561 3751 3616 illum

2151 3676 2315 3731 opera
2351 3656 2467 3727 ejus
2507 3658 2852 3727 denegando,
2883 3665 2940 3711 et
2984 3654 3197 3710 diabolo
3242 3654 3565 3708 tribuendo.
3602 3653 3751 3709 Unde

2152 3750 2411 3806 Dominus
2441 3750 2572 3805 dicit
2601 3766 2613 3803 :
2650 3748 2752 3814 Qui
2778 3745 3207 3817 blasphemaverit
3235 3746 3290 3798 in
3323 3743 3623 3814 Spiritum,
3653 3759 3751 3797 nos

2154 3843 2446 3896 remittetur
2489 3840 2537 3893 ei
2564 3856 2726 3911 neque
2768 3840 2822 3893 in
2851 3839 2949 3891 Itoc
2995 3836 3219 3902 saeculo,
3253 3851 3421 3907 neque
3463 3837 3521 3888 in
3569 3835 3752 3905 future

2154 3931 2389 4005 (Matth.
2437 3946 2511 3984 xtt
2537 3929 2578 4000 ).
2619 3927 2720 3996 Qui
2762 3928 2968 3983 idcirco
3015 3926 3241 3998 spiritus
3281 3924 3478 3996 gratiae
3525 3934 3757 3980 vocatur

2152 4025 2234 4079 vel
2276 4024 2402 4095 quia
2446 4038 2546 4095 per
2593 4021 2743 4076 illam
2791 4021 2948 4076 nobis
2998 4020 3167 4090 gratis
3213 4019 3575 4073 dimittuntur
3634 4032 3750 4088 pec-

2153 4124 2309 4181 cata,
2362 4114 2445 4169 vel
2494 4122 2639 4169 certe
2694 4112 2820 4182 quia
2867 4112 2959 4166 illo
3015 4108 3757 4177 distribuentqdividuutur

2152 4207 2339 4279 gratia:
2399 4204 2658 4260 donorum
2695 4203 3055 4273 Spiritualiam
3104 4201 3377 4279 ﬁdelibus,
3421 4216 3571 4270 quas
3612 4201 3751 4269 Apo-

2151 4297 2321 4353 stolus
2349 4302 2759 4358 commemorat,
2788 4290 2973 4348 dicens
3005 4310 3018 4347 :
3053 4292 3121 4346 Et
3145 4292 3239 4346 alii
3263 4292 3482 4363 quidem
3517 4309 3621 4362 per
3638 4283 3753 4362 Spi-

2154 4387 2314 4440 ritum
2355 4385 2518 4438 datur
2570 4397 2742 4438 sermo
2793 4383 3098 4452 sapientitr,
3149 4381 3243 4435 alii
3300 4397 3476 4436 sermo
3520 4381 3751 4435 scienti:

2152 4478 2204 4553 (Ι
2223 4477 2347 4534 Cor.
2377 4478 2500 4548 xu),
2533 4483 2588 4531 et
2614 4484 2831 4540 cmtera,
2850 4486 3019 4543 usque
3039 4472 3167 4557 dum
3190 4471 3496 4539 concludit,
3520 4472 3748 4529 dicens:

2154 4570 2286 4627 Ha'c
2310 4579 2483 4625 autem
2514 4569 2689 4623 omnia
2712 4576 2961 4636 operatur
2981 4583 3116 4620 unus
3141 4579 3296 4638 atque
3317 4568 3460 4621 idem
3487 4566 3585 4637 Spi
3596 4570 3748 4632 ritus,

2152 4665 2387 4721 dividens
2407 4661 2627 4733 singulis
2657 4658 2963 4733 prout-vult.
2998 4659 3185 4731 (Ibid’.)

2225 4754 2434 4811 Scimus
2465 4753 2601 4806 enim
2623 4752 2713 4823 qui
2757 4750 2890 4805 dixit
2915 4768 2934 4807 :
2983 4748 3121 4804 Mihi
3148 4749 3433 4804 vindictam
3475 4762 3528 4804 et
3554 4766 3652 4821 ego
3678 4766 3751 4804 re-

2151 4847 2401 4901 tribuam.
2433 4834 2694 4913 Loqtiitur
2714 4841 3059 4911 omnipotens
3085 4841 3227 4895 Deus
3245 4855 3345 4910 per
3370 4840 3711 4910 Prophetam
3734 4860 3746 4893 :

2153 4937 2283 4993 Mihi
2308 4936 2560 5006 iniuriam
2596 4945 2651 4989 et
2681 4932 3067 4989 contumeliam
3099 4931 3426 4986 facientibus
3450 4932 3748 4986 vindictam

2152 5030 2376 5087 reddam
2404 5038 2458 5083 et
2483 5028 2779 5083 retribuam
2800 5028 2880 5083 eis
2901 5026 3056 5098 juxta
3086 5026 3228 5096 quod
3267 5025 3747 5096 merenturt‘Deut.

2152 5139 2300 5178 xxxu
2324 5139 2339 5189 ;
2365 5120 2514 5175 Rom.
2546 5119 2668 5192 xu).
2696 5118 2764 5173 Et
2789 5121 2980 5174 iterum
3004 5133 3023 5172 :
3056 5117 3194 5183 Quia
3202 5115 3468 5187 judicabit
3493 5116 3753 5171 Dominus

2148 5214 2397 5287 populum
2428 5212 2696 5267 suum.De
2723 5209 2961 5266 inimicis
2987 5210 3101 5264 suis
3130 5210 3230 5264 hoc
3254 5207 3466 5264 dictum
3491 5217 3613 5263 est:
3642 5207 3749 5277 Ego

2151 5309 2435 5363 retribuam
2463 5309 2563 5372 eis,
2593 5307 2683 5376 qui
2717 5304 2855 5361 male
2882 5304 3107 5368 faciunt,
3132 5319 3236 5357 non
3266 5304 3331 5357 de
3362 5303 3450 5357 his
3480 5303 3577 5373 qui
3606 5301 3745 5356 male

2149 5401 2449 5471 patiuntur,
2480 5399 2545 5453 de
2571 5397 2655 5451 his
2682 5396 2931 5452 videlicet
2957 5396 3047 5465 qui
3085 5394 3422 5465 negligenter
3445 5394 3663 5461 vivunt,
3696 5403 3749 5448 et

2150 5507 2248 5564 per
2267 5492 2639 5565 pmniteatiam
2664 5505 2721 5545 se
2742 5503 2972 5561 purgare
2995 5487 3218 5553 nolunt;
3244 5488 3335 5541 sed
3355 5501 3480 5541 cum
3506 5486 3649 5541 male
3670 5484 3749 5540 fa.

2153 5585 2323 5650 ciunt,
2348 5597 2538 5640 secure
2565 5582 2631 5638 ad
2660 5597 2902 5638 mensam
2938 5579 3274 5635 Dominieam
3322 5578 3610 5634 accedunt.
3644 5568 3747 5634 Po;

2155 5674 2338 5747 palum
2361 5682 2539 5729 autem
2570 5687 2729 5741 quem
2756 5669 3018 5727 Dominus
3040 5669 3286 5740 judicare
3317 5669 3540 5734 dicitur,
3571 5667 3746 5740 dupli—

2156 5768 2291 5824 citer
2314 5781 2599 5838 possumus
2628 5764 2949 5836 intelligere,
2978 5771 3033 5818 et
3053 5762 3118 5817 ad
3144 5762 3373 5818 electum
3408 5760 3613 5816 scilicet
3652 5779 3746 5832 po-

2156 5861 2340 5918 oalam
2369 5860 2570 5917 referre
2602 5867 2653 5915 et
2702 5856 2766 5914 ad
2811 5856 3119 5915 reorobum.
3147 5853 3416 5909 Judicabit
3464 5854 3743 5909 enim-Do.
