3974 6476
227 410 335 471 897

941 406 1303 467 EXPOSITIO
1341 406 1408 462 IN
1449 404 1596 463 EPP.
1637 406 1697 461 S.
1738 404 1963 461 PAULI.
1997 434 2065 445 σε
2102 405 2169 459 ΙΝ
2208 404 2424 461 EPIST.
2464 404 2555 461 AD
2594 403 2797 459 HEB“.

3399 400 3504 463 898

227 523 411 581 minus
451 520 705 595 populum
754 537 932 586 suum,
970 523 1073 578 hoc
1117 530 1223 587 est,
1278 519 1553 595 separabit
1598 518 1807 589 plebem
1837 521 1883 581 Α
1913 516 2090 572 meliis
2117 526 2172 572 et
2203 516 2641 573 tribulationibus
2669 523 2794 573 sunt
2821 515 3050 572 diversis
3096 512 3309 584 aﬂlicti,
3356 519 3500 587 quod

225 629 382 672 suam
409 622 465 669 et
493 613 765 668 discernet
793 614 963 668 bonos
995 628 1025 667 a
1052 613 1242 677 malis,
1296 611 1480 668 fideles
1522 614 1591 667 ab
1620 611 1812 666 intide-

192 701 388 759 'libus.
430 700 656 770 Quodsi
682 701 749 755 ad
777 702 1039 773 reprobos
1080 702 1309 756 relatum
1340 699 1524 765 fuerit,
1563 698 1811 767 judicare

225 809 328 866 pro
361 794 620 851 damnare
649 793 1020 863 accipiendum
1053 793 1186 859 erit;
1228 792 1456 862 p0pulus
1498 800 1678 845 autem
1707 790 1814 846 Dc,

225 885 361 941 mini
410 883 710 955 appellatur
753 900 860 939 non
915 899 1014 955 per
1068 884 1317 953 gratiam,
1370 882 1466 937 sed
1513 896 1610 952 per
1653 895 1810 936 crea-

226 976 451 1030 tionem.
786 1034 791 1041 _

300 1064 644 1119 liorrendum
673 1074 746 1118 est
777 1064 1005 1118 incidere
1025 1065 1080 1117 in
1105 1081 1292 1118 manus
1318 1062 1415 1117 Dei
1446 1061 1681 1118 viventis.
1726 1061 1813 1116 ln—

223 1158 360 1221 cidit
380 1158 435 1215 in
464 1174 657 1217 manus
679 1159 915 1224 Domini,
936 1158 1028 1230 qui
1052 1158 1309 1230 judicium
1341 1155 1575 1212 hominis
1594 1162 1811 1229 contre-

225 1252 409 1309 miscit
428 1260 484 1307 et
503 1252 769 1321 judicium
796 1253 890 1308 Dei
911 1254 1062 1324 parvi
1079 1253 1285 1323 pendit.
1312 1251 1505 1308 Incidit
1521 1264 1734 1320 quoque
1755 1251 1808 1304 in

225 1358 420 1398 manus
466 1344 698 1409 Domini,
751 1345 804 1400 id
850 1352 933 1399 est
977 1344 1031 1399 in
1075 1352 1399 1414 poteStatem
1445 1350 1499 1398 et
1545 1340 1809 1410 judicium

223 1435 611 1505 omnipotentis
638 1434 754 1500 Dei,
782 1434 1028 1506 quisquis
1055 1442 1180 1505 post
1204 1442 1485 1503 peccatum
1514 1431 1811 1487 contemnit

222 1526 596 1595 pmnitentiam
631 1539 810 1594 agere.
842 1524 1159 1594 Quicunque
1190 1539 1321 1603 ergo
1354 1531 1607 1593 peccator
1631 1530 1735 1587 est,
1763 1521 1808 1577 si

223 1632 333 1672 non
359 1617 672 1687 pomituerit
714 1617 780 1672 de
821 1617 1061 1688 peccatis
1099 1618 1235 1680 suis,
1268 1616 1472 1671 incidet
1494 1615 1547 1669 in
1578 1616 1810 1670 horren-

222 1709 352 1764 dum
402 1718 457 1764 et
497 1708 650 1764 valde
695 1709 1063 1765 extimendum
1106 1706 1369 1778 judicium
1426 1706 1811 1776 omnipotentis

220 1796 354 1862 Dei,
383 1799 475 1868 qui
506 1797 695 1853 reddet
724 1798 1012 1868 unicuique
1034 1796 1327 1852 secundum
1351 1810 1511 1865 opera
1541 1810 1656 1850 sua.

1912 623 2083 679 genus
2108 608 2401 664 humanum
2427 611 2644 681 gravius
2669 610 2897 665 sustinet
2926 609 2980 663 in
3006 617 3295 679 conspectu
3326 600 3497 680 pluri-

1914 718 2123 758 morum
2150 700 2354 771 aliquid
2408 703 2750 758 inhonestum
2774 745 2787 769 ,
2821 711 2916 758 aut
2951 703 3131 757 verbis
3170 714 3263 758 aut
3292 701 3451 760 factis
3483 720 3497 758 :

1913 791 2027 847 sive
2070 792 2234 848 etiam
2270 792 2393 861 quia
2438 793 2630 862 positis
2676 794 2728 847 in
2759 794 3071 849 carceribus
3100 796 3504 867 compatieban-

1915 891 2027 948 tur,
2063 883 2373 953 victumque
2405 898 2471 937 ac
2501 883 2882 939 vestimentum
2914 893 3071 953 prout
3092 894 3342 954 poterant
3374 868 3504 943 sub-

1913 974 2314 1029 ministrabant.
2348 972 2498 1029 Unde
2527 973 2651 1029 facti
2676 984 2832 1031 erant
2860 991 3046 1030 eorum
3077 976 3208 1031 socii
3239 977 3495 1046 quoniam

1914 1066 2217 1121 mercedem
2255 1075 2310 1119 et
2352 1065 2762 1120 retributionem
2793 1081 2952 1135 quam
2991 1066 3272 1137 praecipiet
3298 1067 3497 1137 praedi-

1914 1168 2066 1215 cator
2086 1158 2332 1223 veritatis
2355 1173 2455 1228 pro
2486 1156 2690 1213 Christi
2718 1160 2934 1233 nomine
2962 1159 3170 1229 positus
3193 1160 3246 1214 in
3278 1175 3501 1216 carcere

1913 1248 2143 1319 aliisque
2181 1250 2469 1304 tormentis
2492 1247 2742 1312 afllictus,
2774 1249 3021 1304 eamdem
3064 1261 3380 1321 recepturus
3419 1261 3502 1307 est

1914 1338 2020 1403 ille,
2052 1340 2141 1409 qui
2172 1340 2219 1394 ei
2252 1339 2549 1395 subsidium
2577 1340 2779 1409 prmbet
2825 1355 2892 1395 ne
2938 1325 3155 1398 deficiat
3195 1342 3247 1396 in
3279 1343 3502 1399 tribula-

1908 1420 2182 1496 tionibus,
2229 1431 2368 1486 sicut
2396 1432 2513 1501 ipsa
2548 1431 2761 1488 Veritas
2810 1428 3088 1501 promisit,
3127 1434 3313 1489 dicens
3346 1453 3359 1487 :
3395 1434 3501 1501 Qui

1914 1522 2093 1592 recipit
2121 1522 2426 1593 prophetam
2457 1523 2511 1577 in
2540 1524 2747 1576 nomine
2774 1524 3037 1593 prophetat
3068 1525 3352 1579 mercedem
3382 1543 3502 1594 pro-

1904 1616 2078 1691 phetae
2106 1616 2322 1695 accipiet
2362 1615 2577 1687 (Matth.
2629 1616 2708 1689 χ).
2758 1615 3169 1687 Notandumque
3217 1618 3341 1687 quia
3389 1634 3497 1695 non

1906 1708 2049 1781 dixit
2077 1690 2396 1778 simpliciter
2435 1708 2870 1763 tribulationibus
2911 1707 3166 1773 afﬂictos,
3200 1704 3293 1766 Sed
3332 1690 3496 1766 etiam

1912 1810 2263 1871 augmentum
2295 1799 2448 1865 fecit,
2487 1801 2676 1858 dicens
2709 1818 2721 1854 :
2756 1800 3134 1870 Spectaculum
3174 1801 3301 1859 facti
3342 1805 3494 1875 estis.

292 1886 733 1942 Rememoramini
758 1897 935 1942 autem
965 1887 1211 1957 pristinos
1247 1886 1358 1940 dies
1383 1886 1437 1939 in
1454 1884 1645 1956 quibus
1683 1882 1807 1937 illu-
1838 1881 1880 1940 Β
1908 1888 2041 1945 Cum
2083 1890 2228 1944 enim
2270 1889 2392 1959 quis
2444 1900 2650 1947 secrete
2699 1892 3089 1962 exprobratur,
3141 1895 3494 1983 constritatur

218 1979 410 2034 minati
434 1995 679 2049 magnum
709 1988 967 2032 certamen
987 1976 1308 2032 sustinuistis
1339 1976 1659 2046 passionum.
1692 1973 1802 2044 Op—

220 2069 338 2124 timi
380 2069 713 2124 medicorum
755 2083 878 2124 cum
911 2068 1106 2123 vulnus
1134 2066 1435 2131 secuerint,
1463 2073 1518 2120 et
1546 2080 1642 2135 per
1673 2065 1802 2121 inci-

218 2160 431 2216 sionem
475 2170 825 2230 augmentum
879 2160 1080 2215 doloris
1128 2157 1395 2223 fecerint,
1447 2157 1700 2212 solatium
1750 2165 1805 2212 et

174 2316 179 2319 ,
217 2253 518 2319 remedium
544 2253 624 2309 illi
649 2252 769 2310 loco
796 2253 1072 2319 adhibent,
1104 2253 1195 2307 ubi
1220 2250 1375 2307 dolor
1399 2250 1560 2316 inest,
1591 2260 1647 2306 et
1678 2265 1804 2319 per-

217 2348 492 2404 turbatam
521 2347 766 2403 refovent
781 2346 1039 2402 animam.
1064 2344 1357 2414 Postquam
1386 2352 1564 2398 autem
1592 2358 1803 2399 recrea-

214 2439 396 2495 verint
428 2439 577 2496 illum
599 2480 615 2504 ,
646 2438 872 2495 alteram
894 2437 1008 2507 jam
1038 2454 1148 2494 non
1177 2435 1439 2506 adjiciunt
1465 2435 1801 2506 sectionem,

216 2530 346 2599 quin
368 2530 532 2586 etiam
557 2530 644 2585 illa
667 2545 788 2601 quin
803 2538 946 2585 secta
974 2513 1129 2595 sunt,
1148 2525 1597 2583 medicaminibus
1623 2526 1802 2597 mitio-

213 2622 366 2677 ribus
415 2629 471 2677 et
494 2620 793 2677 valentibus
822 2620 1071 2691 mitigare
1104 2619 1342 2684 student,
1373 2616 1453 2673 sic
1491 2625 1546 2672 et
1571 2616 1803 2687 Aposto-

212 2710 300 2768 lus
326 2711 431 2766 isto
462 2711 516 2767 in
543 2711 664 2768 loco
686 2727 845 2771 more
886 2710 1101 2765 illorum
1144 2711 1272 2780 egit.
1324 2708 1615 2778 Postquam
1655 2708 1800 2764 enim

211 2803 489 2859 concussit
531 2804 742 2858 animos
789 2804 976 2860 eo‘rum
1004 2843 1020 2870 ,
1069 2812 1126 2859 et
1166 2805 1482 2875 compunxit
1525 2807 1802 2871 mentione

211 2898 473 2970 gehennae
494 2938 510 2964 ,
543 2895 817 2952 afﬁrmans
840 2897 1063 2953 omnino
1096 2897 1451 2968 (lisperituros
1487 2898 1578 2967 qui
1613 2897 1801 2968 gratia:

210 2988 308 3045 Dei
349 2987 559 3043 faciunt
590 2988 845 3059 injuriam
890 2988 1235 3059 aliquomodo
1259 3029 1273 3054 ,
1319 2996 1375 3044 et
1435 2991 1540 3044 hoc
1577 3003 1647 3044 ex
1685 2989 1802 3060 lege

210 3075 404 3148 Moysi,
434 3077 662 3147 aliisque
702 3077 1027 3134 testimoniis
1064 3078 1333 3142 edocens,
1359 3084 1417 3133 et
1456 3077 1642 3134 dicens
1689 3092 1803 3134 me-

209 3170 473 3225 tuendum
496 3183 617 3225 esse
646 3168 886 3225 incidere
912 3168 965 3224 in
992 3183 1186 3225 manus
1215 3169 1309 3223 Dei
1336 3168 1589 3234 viventis,
1623 3167 1798 3238 proti—

1908 1979 2162 2048 quidem,
2206 1978 2303 2035 sed
2348 1980 2521 2036 multo
2556 1981 2785 2052 amplius
2830 1982 2875 2037 si
2920 1983 3155 2053 publice,
3183 1994 3239 2039 et
3269 1985 3324 2039 iu
3368 1978 3497 2040 con-

1905 2080 2097 2141 spectu
2126 2071 2439 2127 multorum.
2463 2070 2646 2128 Genus
2672 2073 2813 2127 enim
2837 2073 3134 2129 humanum
3171 2074 3309 2130 sicut
3338 2075 3497 2132 valde

1907 2160 2376 2220 delectaturlaude
2403 2164 2643 2236 publica.
2676 2162 2831 2220 facile
2861 2165 3164 2236 captivatur
3189 2150 3495 2236 opprobriis

1905 2260 2090 2321 aperte
2134 2252 2234 2307 sibi
2284 2252 2464 2308 illatis.
2503 2252 2657 2320 Quod
2709 2252 2784 2308 illi
2844 2268 2906 2309 ea
2956 2254 3321 2309 exhibuerunt
3371 2268 3495 2325 quin

1905 2342 2343 2397 enumeravimus
2375 2344 2614 2413 apertius
2634 2343 2745 2413 jam
2776 2344 3044 2409 ostendit,
3072 2344 3197 2399 dum
3222 2344 3487 2417 sequitur.

1979 2434 2120 2488 Nam
2146 2444 2193 2488 et
2224 2435 2402 2489 vinctis
2425 2435 2686 2504 compassi
2711 2437 2833 2490 estis
2852 2475 2867 2500 ,
2901 2446 2951 2489 et
2978 2436 3213 2505 rapinam
3241 2428 3494 2492 bonorum

1906 2537 2192 2603 vestrorum
2227 2543 2345 2581 cum
2384 2527 2579 2598 gaudio
2600 2529 2917 2599 suscepistis.
2947 2525 3266 2584 Mirabiliter
3305 2528 3491 2585 laudat
3544 2528 3550 2533 ’

1901 2636 1997 2687 eos
2023 2620 2075 2675 in
2102 2617 2240 2685 fide,
2269 2619 2525 2695 quoniam
2554 2618 2597 2673 si
2633 2618 2793 2674 fidem
2823 2634 2928 2673 non
2960 2619 3221 2674 haberent
3262 2614 3488 2675 meliora

1902 2729 1962 2769 se
1987 2719 2297 2787 recepturos
2323 2724 2421 2783 pro
2451 2710 2554 2765 hac
2583 2709 2886 2765 substantia
2909 2708 3204 2775 subtracta,
3237 2725 3344 2765 non
3368 2725 3491 2765 cum

1902 2805 2099 2875 gaudio
2143 2802 2510 2872 suscepissent
2562 2801 2806 2872 rapinam
2854 2800 2989 2870 ejus.
3042 2800 3289 2869 Quaudiu
3342 2803 3489 2857 enim

1900 2896 2227 2967 promissum
2256 2902 2338 2948 est
2366 2894 2479 2959 eis,
2515 2894 2785 2962 compassi
2821 2903 2945 2948 sunt
2976 2896 3097 2949 aliis
3138 2894 3452 2966 exspoliatis
3476 2935 3494 2962 ,

1902 2994 2063 3055 atque
2092 2984 2293 3039 aliisin
2332 2998 2551 3039 carcere
2579 2984 2815 3054 positis:
2858 2984 3143 3055 exspoliati
3190 3001 3320 3041 vero
3364 3002 3489 3041 cum

1900 3076 2096 3147 gaudio
2118 3085 2471 3145 susceperunt
2498 3074 2741 3145 rapinam
2765 3083 2819 3130 et
2841 3076 3093 3131 damnum
3127 3076 3229 3131 sibi
3251 3064 3484 3152 illatum,

1900 3169 2183 3225 credentes
2243 3182 2302 3223 se
2361 3166 2585 3222 meliora
2647 3164 2979 3237 recepturos.
3046 3159 3200 3223 Unde
3264 3159 3491 3224 subdit:

208 3279 315 3319 nus
363 3278 432 3318 ne
478 3262 648 3335 multo
705 3262 897 3329 timore
945 3258 1000 3317 in
1046 3262 1483 3333 desperationem
1533 3271 1796 3330 ruerent,
1824 3239 1869 3301 ε
1900 3248 2281 3331 Cognoscentes
2311 3265 2397 3312 vos
2433 3257 2623 3312 habere
2661 3257 2926 3312 meliorem
2963 3267 3011 3313 et
3050 3244 3343 3312 manentem
3370 3252 3493 3312 sub-

209 3352 522 3409 consolatur
550 3367 645 3408 eos
670 3367 768 3423 per
802 3351 1019 3408 laudum
1062 3350 1434 3408 blandimenta
1459 3358 1517 3406 et
1544 3352 1802 3406 exhorta—

208 3445 408 3512 tiones,
440 3444 704 3502 reducens
736 3444 815 3502 eis
838 3445 905 3501 ad
935 3445 1253 3503 memoriam
1281 3445 1557 3516 praeterita
1587 3444 1799 3500 illorum

207 3535 350 3593 bona
377 3550 563 3608 opera.
611 3535 1096 3602 Rememoramini,
1133 3536 1331 3605 inquit,
1382 3536 1640 3607 pristinos
1686 3535 1802 3591 dies

208 3624 267 3682 in
314 3624 512 3697 quibus
554 3626 839 3682 illuminati
886 3640 982 3697 per
1027 3625 1210 3691 fidem,
1252 3635 1308 3680 et
1351 3625 1657 3687 conﬁrmati
1704 3639 1802 3697 per

204 3718 435 3791 gratiam
459 3718 696 3773 divinam
717 3756 732 3782 ,
755 3731 1010 3787 magnum
1039 3724 1315 3771 certamen
1343 3715 1674 3770 sustinuistis
1696 3755 1711 3780 ,
1736 3729 1802 3771 ac

206 3807 254 3864 si
276 3807 519 3863 diceret:
548 3804 774 3871 Quando
801 3803 1094 3858 introducti
1128 3803 1261 3857 estis
1293 3802 1347 3856 in
1377 3803 1557 3869 fidem,
1585 3803 1801 3873 quando

206 3902 264 3956 in
295 3900 451 3954 initio
477 3897 599 3952 fidei
623 3896 809 3959 eratis,
840 3904 1042 3950 tantam
1066 3895 1434 3949 fortitudinem
1462 3896 1803 3950 demonstra-

208 3992 349 4054 stis,
395 3998 456 4043 ut
491 4002 746 4057 maguum
792 3995 1067 4043 certamen
1113 3985 1425 4056 passionum
1459 3986 1802 4041 sustincrctis

206 4098 309 4155 pro
333 4080 534 4137 Christi
583 4079 800 4135 nomine
834 4093 863 4132 a
908 4078 1307 4133 contribulihus
1353 4078 1581 4143 vestris;
1630 4074 1800 4132 Judaei

204 4177 354 4232 enim
381 4170 664 4228 credentes
691 4170 911 4240 quidam
941 4169 1226 4239 exspoliati
1260 4177 1388 4229 sunt
1422 4169 1492 4223 ab
1535 4168 1657 4223 aliis
1692 4182 1798 4223 non

206 4266 575 4332 credentibus,
623 4262 845 4332 quidam
894 4275 1177 4319 veronon
1208 4278 1220 4313 :
1252 4259 1329 4314 illi
1372 4273 1501 4315 vero
1551 4258 1643 4328 Qui
1691 4273 1799 4313 non

203 4357 425 4415 fuerant
456 4354 745 4427 exspoiiati
775 4351 1263 4417 subministrabant
1282 4351 1404 4407 aliis
1434 4351 1501 4406 de
1531 4350 1800 4408 facultati-

202 4452 310 4508 bus
334 4451 467 4505 suis.
499 4448 839 4518 Quapropter
860 4461 983 4502 cum
1025 4444 1129 4499 hoc
1155 4443 1503 4514 agnovissent
1528 4441 1793 4509 inﬁdeles,

202 4541 373 4598 multa
406 4540 545 4595 tnala
575 4537 870 4594 intulerunt
894 4536 1157 4604 utrisque.
1178 4533 1331 4589 Unde
1360 4550 1465 4602 non
1495 4532 1629 4588 dixit
1653 4532 1795 4603 Apo-

202 4633 378 4691 stolus
432 4629 750 4700 simpliciter
793 4637 1073 4683 certamen
1126 4625 1453 4683 sustinuisse
1505 4640 1640 4692 eos,
1697 4595 1872 4697 sed.”

202 4724 413 4782 addidit
454 4735 743 4794 magnum,
793 4734 894 4775 nec
938 4718 1075 4774 dixit
1115 4717 1478 4773 tentationes.
1528 4717 1622 4772 sed
1665 4733 1793 4789 pas-

201 4831 407 4873 siones.
1436 4870 1441 4875 _

275 4910 344 4965 Et
380 4909 435 4963 in
465 4905 631 4962 altero
660 4902 903 4976 quidem,
937 4902 1079 4958 facto
1103 4901 1188 4958 vel
1214 4915 1380 4971 opere
1398 4940 1417 4966 ,
1438 4900 1727 4971 opprobriis
1746 4909 1794 4954 et

201 4998 653 5061 tribuiationibus,
676 4994 1028 5067 spectacuiunt
1065 4993 1192 5062 facti
1220 4993 1356 5047 estis
1380 5010 1393 5046 :
1416 4992 1472 5046 in
1507 4990 1672 5045 altera
1699 5008 1794 5045 au-

200 5102 306 5148 tem
336 5093 466 5147 socii
505 5091 678 5145 taliter
715 5086 1132 5143 conversantium
1171 5086 1362 5156 e/fecti.
1392 5084 1468 5138 Ex
1500 5092 1674 5154 parte,
1707 5083 1789 5138 iu-

200 5186 355 5255 quit,
383 5182 708 5256 cpprohriis,
764 5182 818 5237 id
854 5189 938 5235 est
967 5176 1310 5233 contumeliis
1346 5185 1402 5231 et
1448 5174 1790 5231 irrisionibus
1832 5202 1835 5207 ·

200 5293 299 5333 seu
326 5273 761 5331 tribulationibus
800 5268 1169 5347 spectaculum
1196 5266 1326 5322 facti
1359 5265 1514 5330 estis,
1541 5265 1644 5320 hoc
1671 5275 1784 5331 est,

199 5368 416 5441 publice
459 5367 513 5422 in
544 5372 834 5434 conspectu
874 5362 1166 5418 multorum
1211 5359 1355 5415 irrisi
1382 5366 1496 5423 ;_et
1536 5372 1603 5412 cx
1633 5367 1787 5427 parte

200 5460 374 5515 altera
396 5458 570 5515 effecti
601 5458 735 5512 estis
760 5457 890 5512 socii
934 5456 986 5511 in
1029 5454 1403 5524 compassioue
1442 5452 1621 5507 taliter
1658 5467 1788 5507 con-

200 5552 560 5616 versantium,
587 5549 951 5619 apostolorum
974 5548 1221 5604 videlicet
1255 5558 1520 5603 eteorum
1550 5546 1639 5616 qui
1664 5554 1777 5603 sunt

200 5645 489 5719 exspoliati
515 5644 749 5715 propriis
777 5640 1123 5697 facultatibus
1149 5638 1547 5697 et-verberihus
1577 5636 1786 5702 amicti,

200 5745 371 5812 atque
397 5737 454 5793 in
483 5748 760 5792 carcerem
805 5732 1025 5788 retrusi.
1080 5730 1297 5788 Duobus
1328 5726 1517 5792 .tnodis
1555 5729 1793 5795 ostendit

201 5844 306 5891 eos
337 5845 477 5890 bene
511 5828 810 5896 laborasse,
837 5826 1041 5883 scilicet
1083 5825 1169 5881 vel
1203 5825 1327 5895 quia
1360 5822 1576 5894 publice
1601 5831 1793 5878 contu-

1900 3354 2185 3416 stantiam;
2224 3351 2381 3422 quasi
2420 3351 2663 3406 diceret:
2694 3350 2953 3406 Videntes
2981 3349 3199 3405 divitias
3223 3349 3495 3421 spiritales

1892 3445 2055 3518 vobis
2085 3443 2295 3519 probis
2332 3441 2719 3519 temporalibus
2760 3440 3107 3513 profuturas,
3149 3441 3487 3497 sustinuistis

1901 3530 2027 3591 cum}
2046 3517 2242 3607 gaudio
2264 3518 2505 3605 rapinam
2531 3524 2794 3587 bonorum
2819 3532 3212 3603 temporalium.
3239 3530 3355 3589 Hoc
3387 3547 3487 3586 au-

1892 3637 2011 3697 tem
2044 3637 2211 3683 totum
2240 3626 2442 3683 factum
2474 3626 2576 3680 fuit
2607 3626 2962 3695 apostolicum
2993 3642 3150 3697 opus,
3185 3634 3241 3681 et
3263 3626 3485 3696 dignum

1900 3718 2130 3775 fortibus
2148 3719 2528 3783 animabus,ut
2547 3715 2771 3788 ﬂagellis
2793 3718 3107 3789 gauderent,
3127 3717 3268 3772 sicut
3298 3717 3352 3770 in
3383 3715 3487 3771 Ac-

1904 3808 2048 3869 tibus
2076 3807 2446 3877 apostolorum
2479 3807 2705 3861 dicitur:
2732 3803 2933 3859 Enntes
2961 3817 3135 3859 autent
3157 3824 3187 3859 a
3211 3815 3487 3877 conspectu

1900 3899 2105 3953 consilii
2145 3899 2288 3952 ibant
2328 3884 2613 3968 gaudentes
2637 3938 2652 3959 ,
2702 3898 2952 3967 quoniam
2992 3897 3136 3962 diqni
3167 3896 3335 3950 habiti
3365 3907 3491 3951 sunt

1902 3992 2274 4063 contumeliam
2322 3993 2432 4061 pati
2478 4008 2574 4063 pro
2621 3992 2829 4045 nomine
2860 3990 3150 4060 Jesu(.-tct.
3201 3990 3275 4062 v).
3324 3990 3385 4046 Et
3433 4001 3494 4048 ut

1901 4083 2299 4136 demonstraret
2347 4080 2508 4134 istam
2565 4080 2914 4149 temporalem
2965 4080 3325 4143 substantiam
3383 4097 3490 4138 non

1899 4188 2023 4230 esse
2065 4187 2281 4244 semper
2325 4187 2667 4237 mansuram,
2704 4172 2823 4227 ideo
2863 4172 3000 4228 dixit
3041 4172 3161 4227 illos
3203 4172 3488 4228 meliorem

1896 4262 2103 4337 habere
2129 4263 2489 4320 substantiam
2514 4271 2568 4319 el
2597 4272 2934 4329 manentem,
2969 4272 3126 4333 prout
3147 4263 3355 4318 diceret
3383 4262 3491 4318 for-

1900 4371 2044 4410 mam
2067 4355 2477 4411 substantialem
2506 4363 2669 4425 atque
2693 4366 3008 4426 perpetuam
3034 4370 3154 4425 qua:
3177 4352 3356 4426 perire
3379 4373 3487 4413 non

1888 4447 2089 4518 possit,
2120 4447 2261 4502 sicut
2292 4436 2396 4500 ista
2427 4456 2639 4501 terrena
2668 4445 2830 4515 perit.

1972 4537 2161 4611 Nolite
2191 4538 2367 4609 itaque
2405 4537 2643 4617 amittere
2692 4536 3063 4606 conﬁdentiam
3107 4550 3326 4592 vestram
3369 4554 3489 4608 quia

1898 4648 2147 4701 magnam
2170 4632 2319 4685 habet
2353 4628 2845 4694 remunerationem,
2874 4628 2926 4682 id
2952 4640 3035 4684 est
3065 4627 3232 4685 nolite
3260 4629 3490 4687 deiicere

1897 4725 1950 4780 in
1984 4723 2443 4785 tribulationibus,
2475 4721 2602 4791 quia
2633 4736 2825 4792 magna
2852 4730 2933 4777 est
2966 4721 3351 4777 remuneratio.
3380 4721 3489 4794 Ap-

1894 4829 2053 4887 paret
2075 4823 2256 4870 autem
2284 4815 2411 4885 quia
2437 4829 2688 4883 magnam
2715 4812 3094 4869 confidentiam
3122 4813 3395 4868 habebant
3418 4812 3487 4868 ad

1890 4906 2098 4970 Deum,
2123 4922 2285 4976 quam
2315 4920 2383 4961 ne
2407 4905 2721 4960 amitterent
2748 4905 3137 4960 instantissime
3163 4919 3258 4960 eos
3297 4905 3484 4960 horta-

1898 5006 2006 5052 tur.
2036 4996 2272 5052 Facilius
2296 4997 2440 5051 etiim
2462 4997 2668 5067 integra
2690 5005 3064 5060 conservatur,
3094 5012 3256 5066 quam
3286 4997 3483 5051 amissa

1897 5097 2266 5159 recuperatur.
2300 5087 2640 5158 Quapropter
2685 5087 2829 5157 quod
2874 5095 3088 5141 tenetur
3142 5095 3196 5142 et
3242 5085 3487 5141 formidi-

1886 5195 2019 5255 nem
2049 5179 2228 5243 habet,
2252 5194 2474 5235 necesse
2497 5187 2577 5233 est
2609 5187 2666 5232 ut
2689 5176 3058 5233 fortitudinem
3084 5178 3300 5233 habeat.
3320 5178 3481 5244 Nihil,

1896 5273 2090 5343 inquit,
2124 5273 2275 5328 vobis
2299 5273 2666 5328 necessarium
2701 5281 2813 5336 est,
2849 5270 2951 5326 nisi
2983 5281 3040 5325 ut
3070 5272 3225 5327 stetis
3257 5269 3487 5326 firmiter

1897 5362 1949 5417 in
1984 5363 2086 5418 fide
2117 5374 2295 5418 vestra
2323 5404 2337 5428 ,
2368 5371 2419 5418 et
2450 5363 2815 5433 permaneatis
2836 5350 2925 5417 in
2954 5361 3270 5418 fortitudine
3306 5371 3483 5418 vestra

1893 5472 2013 5526 qum
2048 5471 2295 5526 magnam
2326 5454 2487 5509 habet
2516 5454 3004 5509 remunerationem
3019 5454 3158 5524 apud
3188 5453 3376 5508 Deam.

1884 5596 1891 5599 _
1969 5547 2231 5603 Patientia
2255 5550 2394 5603 enim
2422 5547 2561 5602 vobis
2590 5545 2883 5601 necessaria
2921 5555 3032 5621 est,
3072 5556 3124 5600 ut
3166 5545 3484 5601 voluntatem

1896 5640 1989 5696 Dei
2014 5640 2264 5711 facientes
2287 5641 2571 5711 reportetis
2591 5638 3021 5713 promissionem.
3040 5636 3084 5694 Ο
3101 5654 3259 5709 quam
3289 5652 3482 5709 magna

1888 5732 2347 5809 remunerationis
2369 5742 2423 5787 et
2446 5730 2835 5803 consolationis
2862 5728 3076 5794 fiducia,
3106 5729 3268 5786 veluti
3293 5730 3335 5809 si
3359 5727 3482 5809 quis

1896 5824 1963 5880 ad
1993 5806 2250 5895 athletam
2290 5841 2354 5881 ac
2384 5832 2712 5895 certatorem
2738 5814 2841 5879 hoc
2860 5823 3068 5897 diceret
3087 5866 3100 5890 ,
3133 5822 3225 5895 qui
3259 5804 3482 5903 cunctos
