3974 6460
523 416 628 472 899

994 413 1346 468 IIAYMONIS
1384 411 1861 466 llA‘LBERSTAT.
1905 413 2078 468 EPlS(

2181 413 2310 468 )PP.
2353 412 2532 467 PARS
2571 413 2612 467 1.
2643 443 2714 454 -
2741 411 3096 469 (ΣΟΜΜΕΝΤ.
3135 411 3304 466 BIBL.

3699 413 3814 463 '50:)

524 539 852 597 superasset,
893 525 1206 593 nullumque
1231 524 1473 578 relictum
1507 525 1730 578 haberet
1752 525 1840 592 qui
1872 525 1974 579 sibi
2003 525 2096 578 de-
2126 528 2174 586 Α
2201 524 2422 578 credere
2453 539 2570 592 quae
2607 541 2710 578 non
2758 525 3006 580 videntur
3044 535 3101 582 et
3143 527 3267 580 dum
3310 541 3372 579 ea
3417 527 3709 580 credimus
3753 529 3811 580 in

521 628 734 673 certare
763 624 958 686 posset.
995 613 1152 669 Verbi
1184 615 1379 684 gratia,
1411 615 1534 669 dum
1580 615 1666 669 ille
1710 617 1951 670 diceret:
1978 615 2096 670 Jam

521 711 646 779 quia
679 723 866 763 omnes
890 707 1136 777 superavi
1184 707 1464 777 nullusque
1501 719 1744 776 superest
1770 710 1859 776 qui
1885 723 2098 762 mecum

497 783 713 862 certet,
737 799 798 851 da
831 799 960 852 mihi
995 814 1270 862 coronam,
1295 807 1505 867 poterat
1529 799 1602 852 illi
1629 799 1850 866 quilibet
1874 799 2052 853 dicere
2079 815 2093 850 :

519 893 741 946 Sustine
787 905 1076 960 parumper
1120 905 1288 958 usque
1338 891 1465 944 dum
1512 891 1692 943 veniat
1731 889 1956 954 arbiter,
2003 897 2096 942 aut

515 985 681 1038 etiam
714 999 809 1038 rex
838 983 927 1053 qui
963 983 1057 1037 tibi
1092 984 1334 1038 bravium
1375 984 1561 1037 reddat
1590 999 1686 1051 pro
1723 985 1946 1038 victoria
1983 993 2092 1038 tua.

513 1074 670 1142 Quod
699 1077 743 1130 si
773 1075 858 1128 ille
888 1074 1088 1129 athleta
1115 1073 1461 1143 impatienter
1494 1073 1679 1138 ferret,
1713 1090 1816 1127 non
1860 1073 2094 1128 tolerans

513 1167 658 1220 sitim
692 1175 852 1236 atque
883 1165 1252 1229 aastuationes,
1283 1163 1466 1218 dicens
1493 1178 1507 1216 :
1539 1163 1646 1216 Aut
1673 1164 1794 1216 date
1817 1163 1956 1232 quod
1983 1178 2094 1216 me-

516 1254 620 1318 rui,
654 1263 746 1307 aut
775 1253 1056 1316 recedam,
1108 1253 1380 1306 diceretur
1428 1251 1540 1306 illi:
1578 1249 1850 1305 Patienter
1887 1251 2094 1305 sustine

513 1347 656 1400 hanc
683 1344 970 1408 morulam,
1009 1343 1060 1396 in
1092 1345 1336 1413 proximo
1364 1351 1448 1396 est
1477 1350 1536 1395 ut
1563 1342 1746 1396 veniat
1776 1342 2088 1412 imperator,

511 1435 603 1504 qui
649 1434 744 1487 tibi
781 1433 964 1487 reddet
1013 1433 1309 1501 praemium.
1355 1431 1463 1485 Isto
1510 1429 1670 1484 modo
1713 1438 1766 1485 et
1806 1430 2092 1498 Apostolus

511 1526 762 1581 hortatur
783 1540 875 1579 eos
905 1538 970 1577 ne
991 1523 1280 1578 deﬁcerent
1302 1523 1354 1576 in
1387 1521 1683 1583 laboribus,
1709 1519 1801 1575 sed
1827 1521 2092 1589 patienter

509 1623 886 1684 exspectarent
935 1615 1144 1670 Domini
1188 1615 1499 1667 adventum.
1533 1612 1831 1676 Patientia,
1883 1613 2088 1681 inquit,

508 1708 664 1762 vobis
689 1707 991 1762 necessaria
1021 1716 1134 1771 est,
1161 1706 1265 1760 hoc
1293 1713 1409 1770 est,
1455 1721 1618 1758 unum
1660 1721 1794 1773 opus
1843 1705 2052 1759 habetis
2071 1744 2085 1768 ,

507 1800 760 1853 videlicet
788 1809 845 1853 ut
871 1799 1229 1870 perseveretis
1273 1798 1324 1852 in
1372 1814 1572 1868 agone,
1604 1799 1774 1852 donec
1819 1797 2089 1865 recipiatis

2197 615 2426 668 veritate
2455 616 2853 680 autfuisse,aut
2882 631 3022 678 esse,
3055 625 3145 670 aut
3168 616 3348 670 futura
3365 631 3509 679 esse,
3535 631 3670 687 qua:
3694 633 3806 670 non

2195 704 2466 766 videmus,
2503 705 2616 774 ipsa
2647 706 2780 760 ﬁdes
2818 707 2947 760 facit
2976 722 3039 761 ea
3070 707 3366 762 subsistere
3403 708 3454 760 in
3497 708 3674 762 corde
3707 724 3808 762 no-

2194 803 2328 860 stro,
2357 797 2510 863 quasi
2539 806 2661 851 ante
2685 799 2870 852 oculos
2899 799 3163 867 corporis.
3183 799 3239 852 In
3271 799 3428 854 rebus
3452 808 3650 852 autem
3675 815 3806 868 qua

2195 886 2447 940 videntur
2476 905 2648 958 neque
2685 890 2978 944 credulitas
3007 891 3111 946 dici
3144 900 3352 960 potest,
3395 907 3576 961 neque
3615 893 3803 947 incre-

2193 975 2388 1028 dulitas
2412 1017 2426 1040 ,
2458 979 2550 1030 sed
2573 979 2750 1046 potius
2773 980 2974 1050 agnitio
2995 981 3220 1036 dicenda
3251 991 3353 1036 est.
3381 983 3453 1036 At
3487 999 3626 1036 vero
3663 983 3804 1039 ﬁdes

2192 1072 2294 1128 est,
2341 1064 2413 1118 ita
2451 1067 2687 1121 animum
2730 1069 2944 1123 ﬁrmum
2975 1085 3094 1124 esse
3143 1071 3210 1125 de
3259 1071 3345 1126 his
3391 1088 3516 1140 qua:
3561 1090 3684 1126 non
3715 1075 3801 1127 vi-

2192 1153 2404 1218 dentur,
2434 1155 2574 1210 sicut
2600 1159 2664 1211 de
2697 1159 2780 1213 his
2807 1175 2927 1228 qua:
2961 1160 3074 1229 jam
3106 1161 3382 1226 videntur,
3421 1172 3478 1216 et
3517 1163 3658 1216 dum
3695 1164 3800 1217 hoc

2193 1241 2274 1304 lit,
2305 1241 2435 1298 fides
2462 1244 2586 1298 facit
2609 1262 2672 1299 ea
2706 1247 2997 1302 subsistere
3026 1250 3078 1302 in
3110 1251 3267 1304 nobis
3291 1251 3588 1306 credenda.
3628 1253 3796 1306 Verbi

2192 1333 2362 1402 gratia
2385 1375 2400 1397 ,
2429 1346 2489 1388 ut
2510 1352 2576 1389 ex
2602 1337 2782 1391 multis
2804 1339 2994 1392 saltem
3019 1341 3204 1408 paucis
3231 1351 3448 1395 utamur
3471 1345 3754 1411 exemplis
3779 1363 3791 1396 :

2193 1427 2516 1480 resurrectio
2577 1429 2842 1498 generalis
2891 1431 3118 1485 necdum
3168 1433 3310 1485 facta
3358 1443 3446 1488 est
3490 1451 3503 1486 :
3554 1444 3616 1487 et
3665 1451 3790 1488 cum

2191 1515 2416 1568 necdum
2446 1517 2517 1570 sit
2557 1517 2610 1570 in
2642 1521 2937 1573 substantia
2958 1560 2973 1582 ,
3015 1536 3138 1590 spes
3174 1521 3300 1576 facit
3323 1537 3444 1577 eam
3479 1525 3789 1580 subsistere

2191 1601 2242 1655 in
2276 1603 2452 1656 anima
2495 1613 2710 1668 nostra,
2751 1608 2902 1676 quasi
2939 1622 3050 1676 prie
3085 1609 3256 1664 oculis
3290 1625 3415 1665 eam
3453 1613 3782 1668 habeamus.

2189 1691 2302 1747 Hoc
2328 1704 2414 1750 est
2441 1697 2584 1764 quod
2613 1697 2779 1762 dixit,
2810 1698 2968 1752 fidem
3008 1716 3130 1755 esse
3170 1704 3538 1757 substantiam
3567 1705 3780 1759 iilarum

2189 1798 2372 1838 rerum
2393 1801 2512 1853 qua:
2537 1798 2826 1856 sperantur
2863 1791 3199 1861 necdutnque
3224 1794 3507 1847 videntur.
3533 1795 3597 1848 Et
3615 1798 3663 1850 si
3685 1814 3770 1850 ar-

507 1907 758 1945 coronam
787 1891 1001 1960 dignam
1032 1889 1217 1945 labore
1247 1899 1425 1943 vestro
1446 1929 1460 1952 ,
1501 1905 1606 1944 non
1635 1887 1778 1942 enim
1805 1887 1892 1956 qui
1923 1888 2078 1956 ctepit

2187 1883 2497 1942 gumentum
2527 1885 2610 1928 est
2639 1877 2826 1931 eadem
2858 1877 2960 1932 ﬁde
2993 1894 3168 1934 rerum
3197 1897 3316 1950 quae
3348 1887 3583 1938 necdum
3609 1901 3768 1953 appa-

505 1981 874 2046 coronabitur,
925 1983 1019 2036 sed
1068 1982 1159 2050 qui
1204 1980 1631 2051 perseveraverit
1678 1980 1732 2034 in
1787 1981 2086 2034 certamine

504 2088 678 2143 usque
715 2073 769 2128 in
811 2073 992 2137 ﬁnem,
1033 2073 1122 2127 hic
1151 2073 1332 2127 salvus
1367 2081 1487 2127 erit.
1519 2072 1573 2124 ln
1607 2071 1887 2141 patientia,
1914 2071 2086 2140 inquit

503 2163 794 2227 Dominus,
831 2163 1178 2234 possidebitis
1223 2163 1430 2217 animas
1481 2159 1707 2217 vestras.
1759 2162 2081 2232 chortetis,

502 2254 700 2325 inquit,
731 2253 1165 2324 promissionem,
1196 2253 1247 2307 id
1276 2263 1362 2308 est
1391 2254 1668 2322 accipiatis
1699 2252 2085 2328 gloriam‘scm-

499 2343 728 2412 piternze
750 2343 1114 2398 beatitudinis.

572 2435 758 2487 Adhuc
794 2435 931 2488 enim
971 2435 1232 2487 modicum
1275 2433 1690 2504 aliquantulum,
1721 2435 1810 2504 qui
1839 2443 2083 2488 venturus

495 2537 570 2580 est
601 2527 788 2591 veniet,
811 2537 857 2579 et
881 2542 984 2579 non
1007 2525 1254 2578 tardabit.
1281 2524 1381 2591 Qui
1407 2534 1666 2578 venturus
1691 2533 1774 2578 est
1802 2524 2001 2587 veniet,
2029 2531 2083 2577 et

501 2631 609 2670 non
638 2617 894 2681 tardabit,
919 2616 1061 2669 haud
1088 2615 1306 2668 dubium
1339 2615 1465 2682 quin
1496 2613 1766 2667 Christum
1797 2613 2076 2683 signiﬁcet.

501 2705 823 2761 Consolatur
847 2722 939 2760 eos
971 2715 1225 2775 tanquam
1269 2721 1456 2774 parum
1506 2705 1576 2759 sit
1615 2706 1873 2774 temporis
1915 2720 2082 2774 usque

500 2797 628 2850 dum
657 2797 851 2851 veniet.
879 2795 994 2851 Non
1025 2799 1232 2852 modica
1261 2799 1404 2852 enim
1432 2797 1724 2852 consolatio
1749 2806 1832 2852 est
1860 2797 2080 2862 laboris,

499 2889 609 2942 cito
633 2905 851 2958 sperare
865 2889 1100 2960 judicem
1132 2898 1185 2943 et
1217 2900 1697 2953 remuneratorem,
1723 2889 2080 2944 constantiam

497 2979 814 3035 certaminis
845 2990 1328 3036 remuneraturum.

568 3072 756 3126 Justus
785 3081 959 3124 autem
987 3086 1132 3124 meus
1161 3087 1224 3124 ea:
1245 3071 1349 3139 [ide
1380 3071 1518 3124 vivit.
1555 3069 1706 3134 Quod
1736 3070 1782 3124 si
1809 3070 2081 3124 subtraxe-

497 3166 564 3218 rit
601 3181 686 3228 se,
729 3166 830 3218 non
879 3161 1100 3234 placebit
1144 3165 1335 3216 anima:
1374 3179 1523 3216 ntere.
1557 3161 1670 3217 Hoc
1705 3163 2076 3233 propheticum

2189 1975 2328 2026 rent,
2361 1966 2488 2035 quid
2511 1976 2593 2020 est
2617 1968 2758 2036 quod
2787 1985 2904 2022 eam
2922 1969 3036 2039 jam
3058 1971 3245 2026 volunt
3280 1974 3507 2028 videre?
3539 1977 3771 2045 Argue“:

2188 2058 2436 2114 dicebant
2483 2061 2692 2130 antiqui
2738 2063 3062 2117 ostendere:
3099 2079 3128 2118 a
3157 2080 3264 2134 quo
3291 2067 3443 2119 venit
3487 2084 3769 2137 argumen-

2187 2157 2322 2214 tum,
2347 2150 2501 2219 quasi
2524 2153 2762 2208 ostensio
2790 2163 2844 2208 et
2877 2157 3312 2224 praemonstratio
3343 2158 3669 2214 futurarum
3697 2177 3766 2215 re-

2187 2259 2304 2296 rum
2333 2283 2347 2307 ,
2367 2254 2420 2325 et
2451 2244 2663 2302 illarum
2695 2262 2871 2301 rerum
2895 2264 3014 2318 qua:
3041 2263 3146 2303 non
3175 2251 3448 2305 videntur.
3480 2253 3584 2306 Est
3609 2264 3760 2306 autem

2185 2338 2400 2406 preprie
2423 2348 2817 2408 argumentum,
2838 2341 2973 2394 ratio
2990 2356 3108 2410 quae
3130 2342 3206 2396 rei
3229 2343 3414 2398 dubiae
3438 2343 3581 2398 facit
3602 2345 3764 2398 ﬁdem.

2185 2425 2432 2481 Profecto
2457 2443 2586 2498 ergo
2612 2429 2798 2499 liquet,
2825 2431 2949 2500 quia
2988 2431 3122 2486 lidcs
3149 2431 3363 2485 illarum
3399 2450 3586 2487 rerum
3619 2452 3759 2503 argn-

2186 2531 2424 2574 nientum
2457 2532 2575 2586 est,
2607 2540 2727 2592 qme
2751 2539 3011 2594 apparere
3041 2541 3147 2580 non
3182 2536 3435 2596 possunt.
3470 2529 3605 2596 Quae
3631 2534 3754 2583 enim

2185 2622 2466 2682 apparent,
2485 2612 2594 2680 jam
2619 2614 2774 2669 ﬁdem
2803 2631 2908 2670 non
2939 2617 3152 2680 habent,
3180 2619 3320 2672 sicut
3355 2625 3624 2690 superius
3649 2623 3766 2675 dixi-

2184 2718 2326 2767 mus,
2357 2705 2449 2757 sed
2477 2705 2824 2773 agnitionem.
2845 2707 2977 2761 Dum
3010 2721 3139 2778 ergo
3164 2709 3299 2762 vidit
3322 2711 3580 2767 Thomas
3603 2713 3766 2784 (Jan.

2185 2795 2307 2866 xx),
2339 2796 2465 2848 dum
2504 2796 2758 2865 palpavit,
2793 2814 2891 2853 cur
2927 2800 2977 2853 ei
3011 2800 3246 2855 dicitur:
3284 2803 3430 2868 Quia
3464 2808 3650 2861 vidisti
3681 2827 3766 2870 ω,

2183 2884 2496 2937 credidisti?
2523 2884 2626 2940 Sed
2656 2886 2800 2940 aliud
2829 2887 2991 2952 vidit,
3021 2888 3164 2943 aliud
3193 2893 3448 2945 credidit.
3483 2895 3533 2947 Δ
3573 2899 3769 2951 mortali

2183 2973 2325 3029 enim
2355 2974 2572 3030 homine
2610 2975 2872 3034 Divinitas
2907 2979 3076 3034 videri
3113 2996 3217 3036 non
3249 2985 3451 3052 potuit.
3489 2983 3769 3042 Hominem

2182 3067 2378 3136 quippe
2404 3067 2555 3130 vidit,
2585 3077 2640 3122 et
2668 3069 2835 3124 Deum
2867 3071 3148 3126 confessus
3173 3083 3278 3137 est,
3316 3076 3514 3131 dicens
3545 3094 3564 3130 :
3609 3079 3770 3133 Doni-

2183 3173 2280 3211 nus
2312 3175 2454 3212 meus
2491 3168 2539 3213 et
2579 3159 2718 3215 Deus
2743 3179 2907 3216 meus.
2937 3162 3177 3218 Videndo
3217 3180 3348 3236 ergo
3379 3171 3631 3224 credidit
3657 3174 3767 3240 quia

495 3257 861 3314 testimonium
889 3255 1068 3309 intulit
1095 3255 1384 3324 Apostolus
1413 3257 1479 3310 ad
1499 3235 1931 3311 exhortationem
1953 3257 2076 3312 ﬁdei
2105 3242 2150 3306 C
2180 3250 2570 3306 considerando
2593 3267 2777 3306 verum
2811 3253 3082 3309 hominem
3105 3295 3119 3320 ,
3166 3255 3334 3310 Deum
3375 3273 3551 3326 quem
3600 3235 3771 3315 videre

492 3353 546 3407 in
580 3350 990 3420 acquisitionem
1023 3350 1236 3403 animai.
1279 3348 1432 3404 Sicut
1461 3349 1568 3403 vita
1599 3349 1844 3417 corporis
1869 3350 2073 3412 anima,

491 3443 563 3497 ita
610 3443 719 3496 vita
773 3440 966 3496 animae
1018 3440 1150 3495 ﬁdes
1193 3449 1296 3505 est,
1338 3455 1457 3509 qua:
1494 3439 1745 3494 videlicet
1774 3441 2076 3509 concipitur

491 3533 654 3588 corde
675 3575 689 3597 ,
741 3532 1029 3588 conﬁtetur
1060 3546 1158 3599 ore
1184 3572 1198 3594 ,
1232 3539 1528 3586 exornatur
1571 3544 1734 3598 opere
1758 3570 1772 3594 ,
1818 3531 2073 3599 quoniam

491 3625 626 3679 fides
658 3625 775 3679 sine
803 3624 1056 3694 Operibus
1085 3631 1299 3678 mortua
1329 3629 1434 3677 est.
1478 3622 1524 3676 Α
1565 3637 1667 3691 qua
1717 3622 1821 3676 ﬁde
1865 3623 1909 3677 si
1951 3624 2074 3693 quis

490 3716 824 3770 subtraxerit
872 3730 963 3778 se,
995 3729 1100 3768 non
1128 3713 1362 3783 placebit
1390 3711 1652 3767 voluntati
1688 3713 1800 3766 Dei.
1845 3712 1960 3767 Non
1990 3722 2075 3767 est

488 3811 632 3864 enim
663 3808 957 3878 putandum
1001 3806 1142 3877 quod
1188 3807 1329 3861 Deus
1357 3805 1518 3860 Pater
1546 3814 1638 3859 aut
1675 3804 1911 3875 Spiritus
1944 3820 2071 3860 san-

489 3912 628 3965 ctus,
658 3910 749 3954 aut
779 3899 952 3954 Filius
978 3898 1030 3952 in
1055 3908 1242 3952 natura
1273 3895 1569 3952 divinitatis
1599 3895 2070 3960 habeatanimam,

486 3993 579 4048 sed
615 4007 762 4046 more
792 3992 1026 4045 humano
1070 3989 1295 4058 loquens
1329 3987 1508 4041 divina
1553 3984 1868 4054 Scriptura,
1918 3984 2072 4038 nobis

485 4081 819 4136 consulendo
852 4079 1180 4134 voluntatem
1212 4077 1354 4131 illius
1385 4077 1578 4130 animai
1607 4074 1870 4130 vocabulo
1894 4074 2072 4144 expri-

486 4177 602 4229 mit.
635 4172 1103 4229 Considerandum
1137 4181 1315 4225 aulem
1342 4210 1356 4234 ,
1407 4169 1531 4238 quia
1580 4170 1722 4222 sicut
1769 4167 2073 4237 displicebit

471 4256 576 4335 qui
625 4264 974 4326 haesitaverit,
1009 4263 1083 4316 ita
1126 4261 1360 4331 placebit
1387 4261 1496 4315 Deo
1521 4261 1612 4329 qui
1643 4259 1963 4321 crediderit,
1991 4259 2071 4311 vi-

484 4370 618 4409 vcns
645 4355 697 4407 in
733 4353 836 4407 ﬁde
865 4369 962 4408 sua
1005 4363 1174 4406 recta.
1225 4352 1560 4415 Lahorastis,
1593 4352 1785 4420 inquit,
1817 4353 1869 4406 in
1901 4359 2072 4406 certa-

486 4445 648 4506 mine,
679 4451 991 4511 exspectate
1018 4442 1229 4496 beatam
1263 4457 1434 4510 spem.
1462 4441 1635 4496 Nolite
1655 4441 1901 4496 dubitare
1923 4457 2070 4511 qute-

485 4551 606 4589 rere
629 4550 747 4602 quae
773 4534 1001 4604 speratis
1027 4550 1039 4586 :
1067 4534 1189 4602 quia
1213 4534 1391 4603 justus
1417 4549 1480 4588 cx
1517 4534 1620 4588 fide
1649 4534 1799 4588 vivit.

2181 3358 2286 3396 non
2317 3349 2532 3412 poterat
2553 3342 2896 3396 exclamavit.
2916 3333 2926 3340 ’

2249 3434 2317 3488 In
2334 3435 2433 3488 hac
2453 3435 2591 3488 enim
2621 3435 2724 3490 ﬁde
2745 3435 3096 3490 testimonium
3119 3436 3345 3506 justitiaa
3365 3455 3641 3493 consenui
3661 3453 3771 3494 snt

2177 3544 2340 3582 senes.
2378 3526 2549 3582 Senes
2590 3528 2676 3582 hic
2715 3528 2974 3586 debemus
3017 3531 3315 3602 intelligere
3345 3543 3546 3602 patres
3573 3535 3773 3590 Veteris

2178 3615 2530 3681 Testamenti,
2561 3617 2902 3687 patriarchas
2928 3620 3199 3684 videlicet,
3230 3622 3573 3690 prophetas,
3620 3626 3772 3677 alios-

2175 3725 2281 3780 que
2301 3707 2478 3777 justos
2506 3711 2599 3778 qui
2634 3711 2686 3764 in
2711 3711 2816 3766 ﬁde
2841 3727 3000 3781 quam
3028 3713 3376 3768 crediderunt
3409 3714 3524 3768 Deo
3554 3715 3772 3784 ejusque

2175 3801 2654 3871 promissionibus,
2706 3802 3072 3856 testimonium
3121 3803 3295 3857 laudis
3341 3815 3513 3873 atque
3552 3804 3770 3874 justiti:

2175 3900 2606 3962 promeruerunt.
2640 3891 2794 3947 Unde
2816 3893 3089 3948 Abraham
3128 3893 3219 3963 qui
3247 3893 3488 3949 credidit
3519 3895 3662 3960 Deo,
3699 3913 3770 3952 rc-

2174 3994 2419 4055 putatum
2449 3993 2533 4038 est
2561 3985 2629 4039 ad
2658 3984 2945 4052 justitiam,
2984 3993 3040 4040 et
3076 3987 3283 4040 amicus
3327 3986 3424 4041 Dei
3473 3991 3771 4059 appellatus

2173 4089 2276 4132 est.
2310 4077 2636 4132 Haec'autem
2667 4078 2798 4133 ﬁdes
2828 4078 2899 4132 ita
2925 4085 3010 4133 est
3035 4078 3371 4147 accipienda,
3405 4087 3468 4132 ut
3500 4080 3697 4135 credat
3721 4082 3771 4134 in

2175 4170 2357 4232 corde,
2387 4169 2708 4224 conﬁteatur
2733 4184 2850 4233 ore,
2883 4179 3178 4224 exornetur
3201 4170 3483 4240 operibus.
3513 4171 3616 4226 Ille
3637 4175 3770 4227 enim

2173 4261 2440 4314 veraciter
2461 4261 2651 4321 credit,
2694 4261 2782 4329 qui
2829 4269 3048 4315 exercet
3088 4263 3362 4330 operando
3395 4264 3550 4331 quod
3582 4267 3768 4318 credit.

2173 4350 2326 4418 Quod
2353 4360 2543 4406 contra
2571 4352 2639 4406 de
2663 4351 2748 4406 bis
2771 4353 2862 4421 qui
2885 4352 3046 4407 fidem
3079 4354 3294 4407 nomine
3323 4362 3491 4409 tenus
3513 4359 3767 4418 retineat.

2171 4443 2371 4499 Paulus
2400 4444 2532 4498 dicit
2559 4461 2572 4497 :
2604 4442 2930 4513 Conﬁtentur
2954 4461 3008 4499 se
3043 4461 3192 4500 nocte
3242 4444 3440 4511 Deum,
3484 4446 3644 4501 factis
3673 4467 3760 4502 ati-

2173 4543 2273 4588 tem
2301 4543 2514 4604 negant.

558 4625 671 4679 Nos
716 4595 890 4679 autem
929 4643 1030 4680 non
1061 4643 1241 4681 sumus
1271 4628 1638 4682 subtractionis
1673 4629 1772 4697 ﬁlii
1806 4629 1860 4681 in
1894 4628 2068 4696 perdi-
2097 4595 2149 4656 Β
2244 4623 2380 4678 Fide
2405 4623 2742 4694 intelligimus
2770 4635 2951 4696 aptata
2981 4643 3091 4680 esse
3117 4627 3315 4681 stccula
3346 4629 3508 4683 verbo
3535 4630 3641 4686 Dei
3661 4674 3677 4695 ,
3719 4641 3770 4684 ut

481 4717 806 4782 tionem,sed
835 4716 960 4785 ﬁdei
980 4719 1034 4771 in
1061 4721 1457 4788 acqu’sitionem
1481 4721 1691 4774 animm.
1713 4719 1826 4772 Non
1855 4734 2063 4784 sumus,

481 4809 674 4878 inquit,
709 4825 810 4881 ego
835 4818 891 4865 et
919 4826 1015 4863 vos
1037 4811 1130 4864 lilii
1160 4811 1372 4865 illorum
1395 4826 1724 4882 paganorum
1758 4820 1920 4880 atque
1942 4826 2067 4881 gen-

480 4903 676 4969 tilium,
710 4903 802 4974 qui
837 4917 894 4958 se
925 4905 1248 4958 subtrahunt
1277 4920 1306 4958 a
1337 4905 1446 4958 vita
1488 4904 1608 4959 ﬁdei
1640 4913 1693 4958 et
1720 4903 1837 4957 luce
1865 4903 2063 4972 sempi-

478 5005 628 5048 terna
659 4993 724 5048 ad
759 4996 1115 5066 perditionem
1142 4997 1443 5051 animarum
1475 5013 1719 5060 suarum,
1758 4997 1848 5051 sed
1879 5012 2065 5051 sumus

477 5087 572 5141 lilii
595 5088 1050 5156 patriarcharum,
1081 5088 1242 5157 quiin
1275 5089 1377 5142 ﬁde
1397 5088 1605 5159 probati
1633 5097 1773 5149 sunt,
1801 5097 1856 5142 et
1882 5088 1934 5141 in
1961 5087 2066 5142 ﬁde

473 5178 697 5249 perfecti
735 5177 955 5234 fuerunt
1001 5189 1058 5234 ut
1088 5181 1433 5251 acquirerent
1457 5180 1557 5236 sibi
1597 5196 1725 5235 suas
1760 5181 1967 5236 animas
1997 5181 2062 5235 ad

436 5269 699 5353 lsalutem
728 5281 784 5326 et
810 5271 1036 5340 insuper
1063 5272 1292 5327 aliorum
1318 5288 1417 5326 suo
1446 5272 1714 5342 exemplo.

1090 5424 1319 5479 CAPUT
1368 5425 1458 5479 ΧΙ.

547 5531 641 5585 Est
677 5541 850 5586 autem
873 5533 1006 5603 ﬁdes
1027 5537 1410 5604 sperandarunt
1433 5536 1724 5589 substantia
1748 5553 1942 5601 rerum,
1975 5553 2062 5590 ar-

466 5634 768 5693 gumentum
792 5640 894 5678 non
925 5626 1305 5694 apparentium.
1334 5626 1480 5682 Ordo
1503 5629 1819 5683 verborum:
1841 5628 1934 5684 Est
1961 5644 2058 5686 att-

467 5722 577 5767 tcm
608 5713 742 5769 ﬁdes
775 5717 1076 5771 substantia
1102 5719 1492 5788 sperandarum
1523 5736 1730 5786 rerum,
1765 5737 2054 5792 argumen-

467 5811 581 5858 tum
611 5805 860 5863 videlicet
900 5823 1082 5864 rerum
1122 5825 1229 5866 non
1261 5813 1655 5883 apparentiutn.
1697 5812 1858 5871 Fides
1880 5824 1962 5870 est
1990 5830 2053 5869 ea

2171 4731 2237 4769 ea:
2273 4714 2618 4769 inuisibilibus
2659 4715 2881 4770 visibilia
2923 4716 3125 4785 ﬁerent.
3174 4718 3307 4784 Quia
3353 4721 3508 4775 enim
3555 4725 3769 4792 quitba

2172 4806 2519 4862 Hebraeorum
2564 4807 2740 4863 adhuc
2787 4809 2994 4864 debiles
3043 4818 3197 4864 erant
3232 4821 3288 4864 et
3324 4828 3354 4864 a
3394 4811 3505 4868 ﬁde
3553 4816 3769 4884 quidem

2171 4898 2381 4952 initium
2412 4910 2777 4968 sumpserant,
2817 4915 2883 4954 ex
2923 4901 3268 4969 passionibus
3309 4912 3500 4957 autem
3546 4905 3769 4959 tribub-

2169 4989 2375 5042 tionum
2408 4987 2780 5057 pusillanimes
2803 4989 3190 5057 eﬁiciebantur,
3223 4993 3476 5048 minusve
3503 4997 3770 5064 patienter

2169 5081 2308 5135 mala
2338 5081 2440 5135 sibi
2475 5083 2709 5153 irrogata
2742 5083 3007 5146 ferebant,
3047 5085 3298 5138 hortatur
3338 5103 3434 5140 eos
3476 5088 3770 5158 Apostolus

2163 5173 2342 5244 primo
2382 5188 2450 5228 ex
2491 5176 2706 5244 seipso,
2756 5175 2982 5231 dicens:
3021 5175 3464 5233 Rememoramini
3515 5185 3769 5243 pristim

2163 5262 2298 5328 dies,
2325 5262 2518 5318 deinde
2547 5279 2614 5318 ex
2647 5264 2930 5336 Scriptura
2959 5267 3140 5321 divina
3170 5267 3403 5333 dicente,
3434 5271 3566 5338 quia
3587 5273 3771 5340 justus

2164 5369 2229 5408 ex
2255 5354 2360 5422 ﬁde
2389 5355 2534 5420 vivit,
2571 5356 2766 5412 deinde
2794 5368 2975 5412 autem
3007 5374 3073 5412 ex
3107 5359 3431 5424 rationibus,
3470 5366 3769 5418 ostendens

2168 5443 2328 5499 tidem
2375 5460 2497 5501 esse
2541 5447 2896 5502 substantiam
2956 5463 3136 5503 rerum
3193 5467 3298 5505 non
3357 5455 3767 5522 apparentium.

2168 5535 2321 5591 Nunc
2347 5552 2481 5592 vero
2511 5551 2577 5592 ex
2607 5541 3042 5609 progenitoribus
3072 5541 3259 5610 incipit
3287 5543 3466 5612 loqui,
3503 5547 3768 5599 mirabili.

2167 5637 2250 5684 ter
2277 5645 2369 5685 eos
2399 5630 2453 5684 in
2481 5631 2786 5701 exemplum
2821 5648 3051 5702 ponens,
3097 5635 3226 5703 quia
3269 5636 3410 5690 sicut
3452 5637 3531 5690 illi
3571 5653 3767 5692 omnes

2167 5737 2263 5792 per
2290 5721 2452 5776 ﬁdem
2484 5723 2674 5778 salvati
2706 5734 2852 5787 sunt,
2902 5725 2973 5779 ita
3017 5734 3071 5779 et
3114 5741 3211 5780 nos
3245 5742 3433 5781 omnes
3470 5743 3568 5796 per
3597 5727 3763 5782 ﬁdem

2166 5815 2458 5870 salvantur.
2488 5816 2621 5870 Cum
2656 5817 2801 5870 enim
2835 5817 3099 5872 invenerit
3126 5818 3305 5873 anima
3329 5820 3383 5873 in
3404 5819 3613 5874 eisdem
3641 5838 3763 5889 pas-
