3974 6482
218 427 317 485 901

896 426 1257 487 EXPOSITIO
1292 427 1357 484 ΙΝ
1397 427 1542 484 EPP.
1587 425 1646 483 S.
1683 425 1907 482 PAULI.
1944 456 2013 465 —
2047 425 2113 480 IN
2153 425 2368 484 EPIST.
2410 426 2502 483 AD
2541 426 2741 484 HEBR.

3379 429 3483 486 909.

216 546 463 604 sionibus
491 544 717 610 socium,
749 546 1040 615 requiescit
1066 560 1129 601 ac
1162 545 1411 616 respirat.
1453 542 1564 599 Hoc
1589 543 1644 598 in
1673 542 1795 607 ﬁde,
1826 548 1873 606 Α
1902 542 2014 596 sive
2038 544 2180 610 quod
2208 543 2347 614 ignis
2373 544 2650 599 descendit
2678 544 2745 599 de
2771 543 2931 610 ctelo,
2954 554 3012 599 ut
3034 545 3087 599 in
3114 544 3487 602 Theouotione

217 641 323 696 hoc
346 641 399 694 in
426 637 771 694 tribulatione
792 637 1156 709 qualicunque
1177 637 1312 693 solet
1333 637 1601 691 accidere.
1634 632 1801 689 Valde

216 730 366 786 enim
398 737 485 784 est
512 727 703 799 fragile
733 742 902 799 genus
939 728 1236 784 humanum
1267 726 1601 794 nimiumque
1639 723 1801 777 haesi-

218 828 343 876 tans
371 820 426 875 in
453 819 811 890 cogitatione;
858 828 1188 889 quapropter
1219 816 1527 874 necessaria
1554 823 1639 870 est
1668 828 1801 868 con-

218 912 415 967 solatio
442 925 507 967 ex
538 910 959 982 prrecedentium
989 910 1094 966 ﬁde
1123 919 1178 965 et
1204 908 1484 981 patientia.
1515 906 1804 977 Apostolus

218 1015 354 1075 ergo
381 1016 446 1056 ex
480 1000 727 1071 patribus
752 1014 847 1057 eos
876 1001 1091 1071 quidem
1123 1002 1393 1065 hortatur,
1418 997 1513 1053 sed
1536 996 1711 1067 primo
1735 1008 1801 1050 ex

1903 633 2117 704 legitur,
2144 636 2268 704 quia
2296 634 2650 690 inflammavit
2672 636 2931 692 Dominus
2959 652 3121 707 super
3145 637 3282 694 Abel
3309 645 3365 694 et
3392 653 3486 695 su-

1902 736 1999 792 per
2042 738 2264 776 munera
2299 722 2438 791 ejus,
2479 738 2571 778 seu
2616 740 2713 795 per
2760 725 2906 780 illam
2951 726 3275 782 sententiam
3306 742 3415 798 qua
3452 743 3486 784 a

1903 814 2131 870 Domino
2169 816 2221 870 in
2263 816 2555 887 Evangelio
2590 827 2673 874 est
2711 818 2961 875 laudatus
2996 821 3486 893 comprobatusque

1901 914 1983 961 est
2010 921 2128 961 esse
2154 905 2351 975 justus.
2382 905 2473 962 Sic
2502 907 2647 962 enim
2674 909 2809 963 dixit
2837 910 3093 965 Dominus
3116 911 3171 966 in
3196 910 3485 984 Evangelio

1904 995 2055 1070 (Luc.
2085 999 2164 1069 ιι)
2191 1016 2205 1052 :
2237 998 2400 1053 Amen
2433 998 2550 1053 dico
2577 1000 2738 1067 vobis,
2765 1001 3059 1073 requiretur
3079 1003 3245 1057 omnis
3269 1004 3484 1075 sanguis

221 1090 496 1147 communi
522 1089 709 1157 initio,
741 1090 929 1146 dicens
954 1108 968 1145 :
1009 1088 1353 1144 Manifestum
1373 1095 1488 1154 est,
1524 1088 1652 1157 quia
1693 1102 1802 1143 non
1894 1088 2159 1158 justorum
2179 1089 2270 1160 qui
2291 1089 2489 1159 eﬂ'usus
2519 1098 2596 1144 est
2623 1106 2782 1160 super
2799 1100 2992 1146 terram
3019 1109 3051 1147 a
3077 1094 3331 1163 sanguine
3354 1092 3484 1149 Abel

220 1194 291 1239 ex
315 1182 584 1237 stantibus
608 1196 726 1252 quae
751 1191 878 1236 sunt
905 1179 1050 1236 Deus
1072 1180 1188 1234 haec
1212 1177 1358 1244 fecit,
1394 1178 1489 1233 sed
1515 1192 1584 1233 ex
1612 1174 1800 1232 invisi-
1892 1177 2034 1248 justi
2071 1195 2235 1251 usque
2275 1179 2345 1233 ad
2384 1179 2690 1250 sanguinem
2733 1178 3012 1236 Zacharia:
3056 1181 3150 1237 ﬁlii
3184 1182 3482 1239 Barachize.

220 1272 423 1330 bilibus
451 1273 707 1339 visibilia,
739 1287 806 1328 ex
833 1287 941 1328 non
973 1271 1333 1328 existentibus
1357 1270 1660 1325 existentia.
1690 1268 1799 1323 Ra-

220 1364 535 1420 tiocinando
558 1365 662 1419 hoc
688 1364 929 1420 invenire
971 1377 1076 1418 non
1116 1377 1405 1434 possumus
1432 1361 1701 1433 quomodo
1727 1359 1803 1416 fe-

220 1455 361 1511 cerit
383 1469 451 1511 ex
481 1455 647 1511 nihilo
674 1455 873 1521 omnia,
916 1455 1001 1510 vel
1040 1469 1107 1510 ex
1148 1453 1510 1510 invisibilibus
1545 1452 1797 1519 visibilia,

218 1546 350 1619 quia
377 1562 483 1603 non
506 1561 726 1603 eramus
749 1547 965 1617 quando
989 1546 1132 1602 facta
1159 1550 1325 1601 sunt.’
1342 1545 1495 1602 Unde
1521 1560 1651 1617 ergo
1683 1560 1801 1601 cer-

223 1646 338 1695 tum
368 1638 633 1694 habetur?
663 1636 857 1709 Utique
887 1636 1232 1694 manifestum
1257 1643 1362 1703 est,
1388 1636 1531 1707 quod
1560 1636 1682 1692 ﬁdei
1712 1649 1800 1692 res

218 1741 304 1787 est
332 1732 434 1787 ista
462 1731 704 1787 credere.
746 1730 879 1786 Fide
911 1730 1108 1802 quippe
1143 1729 1414 1785 credimus
1444 1735 1623 1798 aptata
1654 1741 1796 1793 esse,

208 1823 276 1879 id
303 1831 408 1887 est,
435 1823 675 1893 perfecta
702 1838 796 1879 seu
828 1821 991 1889 facta,
1031 1821 1246 1888 saecula,
1288 1821 1411 1891 quia
1435 1835 1542 1875 non
1571 1836 1637 1875 ex
1665 1820 1796 1875 visi-

1902 1265 2007 1323 Per
2037 1266 2182 1325 illam
2211 1268 2374 1324 etiam
2406 1269 2637 1324 hostiam
2674 1271 2851 1328 adb'uc
2885 1271 3125 1342 loquitur
3145 1273 3261 1343 jam
3295 1273 3487 1330 defun-

1903 1368 2044 1427 ctus,
2072 1370 2131 1416 ul
2158 1360 2357 1416 dicitur
2379 1375 2394 1415 :
2433 1358 2661 1432 Sanguis
2690 1361 2818 1417 Abel
2842 1362 3035 1418 clamat
3059 1366 3127 1418 ad
3150 1382 3231 1420 me
3253 1366 3317 1420 de
3340 1376 3485 1421 terra

1903 1450 2058 1524 (Gen.
2087 1452 2186 1523 tv),
2224 1453 2340 1509 sive
2368 1452 2546 1509 adhuc
2571 1454 2827 1523 loquitur,
2860 1455 2963 1510 hoc
2988 1465 3091 1522 est,
3126 1455 3251 1511 licet
3281 1457 3485 1513 interc-

1902 1543 2063 1599 merit
2093 1556 2218 1597 eum
2252 1558 2502 1614 corpore,
2540 1553 2718 1599 tamen
2760 1542 2878 1614 ejus
2915 1546 3144 1616 gloriam
3175 1562 3284 1603 non
3311 1549 3486 1618 potuit

1901 1630 2215 1687 interimere
2250 1647 2373 1687 cum
2408 1648 2494 1689 eo.
2534 1634 2669 1689 Dum
2706 1636 2848 1690 enim
2891 1635 3060 1706 gloria
3097 1637 3243 1694 illius
3280 1637 3333 1693 in
3373 1646 3485 1695 toto

1899 1730 2102 1785 mundo
2133 1728 2487 1799 praedicatur,
2531 1730 2660 1785 dum
2696 1729 2813 1799 ejus
2848 1730 2967 1788 laus
3006 1733 3062 1787 in
3103 1749 3201 1791 ore
3244 1735 3484 1790 omnium

1899 1827 2165 1884 versatur,
2180 1818 2307 1874 dum
2328 1835 2448 1875 eum
2470 1834 2657 1875 omnes
2668 1821 3024 1890 admirantur,
3046 1826 3284 1895 quotidie
3302 1827 3485 1884 adhuc

221 1912 440 1979 bilibus,
468 1912 563 1969 sed
590 1929 658 1969 ex
685 1913 1044 1969 invisibilibus
1073 1910 1213 1968 facta
1239 1918 1504 1982 suntquae
1526 1910 1794 1966 videntur.
1827 1907 1873 1966 Β
1902 1908 2028 1965 licet
2060 1910 2345 1966 defunctus
2376 1910 2617 1981 loquitur
2643 1929 2657 1967 :
2690 1912 2781 1983 qui
2819 1914 2964 1968 enim
3001 1914 3268 1972 alios-suo
3303 1932 3485 1974 exem-

215 2001 515 2060 lnvisibilia
551 2013 728 2060 autem
759 2004 849 2061 hic
872 2019 1157 2075 possumus
1181 2003 1481 2075 intelligere
1513 2002 1796 2057 informem

220 2096 505 2151 materiam
527 2097 592 2152 de
613 2112 719 2167 qua
740 2096 936 2152 dicitur
958 2095 1010 2151 in
1033 2096 1253 2152 exordio
1273 2094 1498 2151 Genesis
1522 2113 1536 2147 :
1564 2094 1633 2150 In
1656 2095 1797 2165 prin-

217 2186 356 2258 cipio
380 2187 503 2258 fecit
527 2187 670 2242 Deus
696 2186 879 2242 calum
910 2199 956 2241 et
987 2196 1200 2242 terram.
1240 2186 1298 2242 ln
1342 2186 1463 2242 caeli
1495 2195 1672 2241 autem
1703 2200 1799 2241 no-

218 2277 368 2334 mine
392 2292 502 2334 non
528 2286 612 2334 est
648 2277 1050 2350 intelligendum
1089 2277 1231 2334 istud
1268 2279 1461 2334 ccelum
1496 2277 1797 2348 corporale,

219 2367 366 2440 quod
395 2367 696 2439 appellatur
725 2367 1144 2433 ﬁrmamentum,
1182 2368 1274 2424 sed
1307 2368 1546 2439 angelica
1583 2376 1796 2432 natura,

219 2458 453 2530 cmlique
492 2458 805 2531 spiritales:
839 2474 935 2531 per
966 2468 1164 2514 terram
1191 2474 1320 2515 vero
1360 2459 1678 2528 intelligitur
1712 2460 1797 2513 in-

216 2547 411 2606 formis
436 2550 711 2616 materies,
752 2550 819 2605 de
849 2564 953 2620 qua
980 2549 1125 2604 facta
1154 2556 1280 2604 sunt
1304 2549 1647 2619 postmodum
1676 2564 1796 2604 om—

216 2639 311 2697 nia
358 2640 691 2712 corporalia,
732 2654 852 2712 quae
894 2648 1021 2696 tunc
1064 2640 1459 2710 quodammodo
1507 2638 1796 2695 invisibile

216 2720 404 2799 erant,
417 2733 630 2803 quando
658 2733 890 2788 tenebrae
915 2740 1072 2788 erant
1096 2746 1258 2802 super
1280 2730 1469 2786 faciem
1492 2731 1692 2802 abyssi.
1717 2731 1794 2785 Ex

217 2824 473 2881 invisibili
505 2833 683 2880 autem
706 2825 935 2880 materia
963 2823 1104 2879 facta
1131 2831 1258 2879 sunt
1281 2823 1512 2878 visibilia
1530 2864 1545 2888 ,
1582 2823 1796 2893 quando

214 2932 317 2989 per
341 2916 548 2987 species
572 2924 626 2973 et
656 2915 857 2972 formas
886 2915 1056 2970 divisa
1098 2924 1152 2970 et
1178 2914 1410 2969 discreta
1443 2921 1569 2969 sunt
1590 2913 1792 2969 omnia.

214 3009 401 3066 Potest
427 3016 483 3064 et
510 3008 615 3064 alio
644 3008 803 3064 modo
830 3006 1086 3075 intelligi,
1127 3006 1267 3075 quod
1298 3004 1426 3059 dicit
1455 3019 1521 3059 ex
1550 3003 1793 3059 invisibi-

216 3099 360 3156 libus
399 3099 628 3156 visibilia
672 3098 808 3153 ﬁeri.
852 3096 1198 3153 invisibiliter
1236 3095 1466 3150 mundus
1505 3102 1794 3164 antequam

216 3193 543 3249 formaretur
574 3192 626 3248 in
661 3192 752 3247 Dei
781 3191 1043 3267 sapientia
1070 3200 1186 3245 erat
1205 3230 1219 3256 ,
1251 3190 1342 3260 qui
1373 3197 1551 3244 tamen
1578 3204 1676 3259 per
1700 3204 1796 3244 ex-

1899 2002 1989 2072 pln
2015 2002 2274 2057 admonet
2296 2010 2355 2056 ut
2376 2001 2510 2072 justi
2535 2003 2662 2068 sint,
2691 2003 2872 2074 aliquo
2900 2006 3058 2061 modo
3086 2005 3342 2076 loquitur.

1971 2092 2106 2148 Fide
2132 2093 2350 2149 Henoclt
2389 2095 2678 2150 translatus
2716 2105 2793 2151 est
2828 2114 2891 2151 ne
2930 2098 3120 2153 videret
3158 2108 3374 2156 mortem
3394 2084 3481 2169 ,ἐι

1900 2200 2002 2239 non
2036 2183 2404 2251 inveniebatur,
2443 2185 2569 2255 quia
2592 2185 2860 2241 transtulit
2893 2186 3042 2241 illum
3066 2187 3229 2244 Deus.
3259 2188 3480 2246 Henocb

1898 2289 1995 2345 per
2020 2273 2180 2329 ﬁdem
2205 2274 2407 2344 placuit
2432 2276 2564 2342 Deo,
2590 2291 2710 2346 quae
2736 2275 2836 2332 fuit
2861 2278 3019 2334 bonis
3044 2280 3298 2349 operibus
3323 2296 3483 2337 exor-

1899 2372 2047 2428 nata,
2075 2364 2302 2421 credens
2329 2379 2390 2420 se
2411 2366 2632 2421 omnino
2652 2382 2749 2437 per
2777 2367 2921 2423 illam
2952 2369 3163 2441 placere
3182 2370 3312 2426 Deo.
3336 2371 3481 2439 Qua-

1898 2463 2121 2526 propter
2145 2457 2444 2514 translatns
2472 2464 2556 2513 est
2588 2458 2643 2513 in
2672 2459 2981 2529 paradisum
3010 2470 3303 2531 terrenum,
3339 2464 3481 2521 unde

1899 2547 2168 2615 quondam
2195 2546 2404 2617 ejectus
2430 2546 2606 2603 fuerat
2640 2549 2812 2605 Adam
2841 2566 2855 2605 :
2895 2550 3149 2608 videlicet
3172 2568 3242 2610 ne
3266 2554 3482 2623 experi-

1897 2648 2051 2696 retur
2074 2648 2307 2698 m0rtem
2329 2640 2702 2712 temporalem,
2729 2642 2900 2699 donec
2929 2653 3140 2715 tempus
3164 2660 3194 2699 a
3222 2644 3333 2701 Deo
3354 2661 3481 2701 con-

1897 2734 2143 2790 stitutum
2180 2741 2486 2805 percurrat.
2526 2732 2646 2802 Quo
2687 2733 2872 2790 habitu
2913 2750 3043 2791 vero
3075 2735 3160 2790 vel
3195 2750 3304 2805 quo
3334 2743 3480 2791 statu

1897 2823 2057 2877 modo
2077 2822 2277 2876 existat
2302 2822 2356 2876 in
2377 2820 2649 2893 paradiso,
2675 2836 2782 2877 non
2806 2831 2892 2878 est
2910 2832 3158 2879 nostrum
3179 2824 3476 2894 inquirere.

1898 2915 2012 2969 lloc
2036 2923 2217 2968 tamen
2239 2912 2569 2969 credendum
2591 2921 2693 2981 est,
2716 2914 2843 2984 quia
2869 2915 2984 2970 sine
3010 2913 3186 2985 aliqua
3207 2914 3478 2983 molestia,

1897 3018 1952 3066 et
1975 3010 2092 3065 sine
2119 3008 2303 3079 aliquo
2328 3008 2513 3064 dolore
2539 3016 2633 3064 aut
2658 3008 2842 3066 labore
2867 3010 3099 3081 quiescit
3119 3010 3178 3065 in
3201 3011 3292 3067 illo
3313 3025 3477 3081 para-

1895 3100 2015 3157 diso
2038 3114 2053 3154 :
2074 3109 2130 3156 et
2152 3100 2295 3156 sicut
2317 3098 2408 3155 ille
2430 3098 2563 3154 vivit
2589 3099 2706 3154 sine
2732 3098 2910 3169 aliqua
2935 3100 3336 3172 impugnatioue
3355 3115 3477 3156 car-

1896 3191 2005 3257 nis,
2037 3191 2157 3246 sine
2184 3189 2365 3260 aliqua
2392 3188 2659 3255 molestia,
2690 3189 2761 3244 ita
2785 3189 2888 3245 nisi
2914 3190 3077 3246 homo
3100 3191 3331 3261 primum
3352 3206 3479 3263 pec-

215 3283 508 3354 pletionem
535 3282 723 3354 operis.
742 3281 970 3338 visibilis
998 3266 1173 3336 factus
1208 3288 1291 3334 est
1324 3279 1573 3334 humanis
1596 3279 1795 3334 obtuti-
1822 3266 1867 3329 C
1898 3290 2096 3349 casset,
2128 3272 2395 3352 compleio
2423 3281 2667 3336 omnium
2700 3296 2927 3337 numero
2956 3281 3281 3347 electorum,
3319 3297 3350 3337 a
3382 3297 3479 3353 pa-

217 3373 341 3430 bus.
375 3371 526 3441 Quod
551 3383 732 3428 autem
758 3373 908 3438 dicit,
954 3371 1145 3428 saecula
1188 3371 1425 3442 perfecta
1462 3386 1583 3427 esse
1619 3370 1794 3427 Verbo

218 3466 340 3533 Dei,
366 3481 463 3538 per
488 3465 681 3523 saecula
711 3466 968 3522 debemus
992 3463 1291 3536 intelligere
1312 3463 1492 3519 omnia
1514 3478 1633 3534 quae
1657 3462 1794 3518 facta

217 3567 346 3616 sunt
368 3559 423 3614 in
449 3566 705 3631 tempore,
740 3558 853 3614 sive
878 3557 1075 3614 stecula
1103 3556 1262 3612 Verbi
1290 3556 1381 3612 Dei
1414 3555 1615 3622 Patris,
1639 3554 1793 3625 juxta

218 3652 361 3723 quod
403 3650 636 3708 Joannes
676 3651 805 3708 dicit
843 3670 857 3707 :
905 3648 1095 3706 Omnia
1137 3668 1229 3720 per
1274 3653 1444 3722 ipsum
1491 3651 1632 3721 facta
1675 3660 1795 3705 sunt

221 3741 399 3815 (lacn.
431 3741 510 3814 1):
542 3742 734 3797 stecula
766 3750 967 3807 autem,
1007 3749 1068 3797 ut
1104 3740 1325 3797 Ovidius
1348 3740 1492 3796 Naso
1520 3740 1683 3806 dicit,
1714 3739 1796 3795 di-

218 3842 416 3889 cuntur
446 3849 475 3886 a
504 3833 810 3902 sequendo,
845 3848 911 3888 eo
941 3833 1082 3903 quod
1120 3848 1238 3889 sese
1275 3842 1589 3903 sequantur,
1633 3842 1795 3903 atque

220 3926 275 3981 in
307 3937 364 3979 se
391 3924 758 3989 revolvantur,
803 3933 940 3980 teste
977 3925 1220 3980 Varrone
1247 3943 1259 3978 :
1295 3926 1489 3981 szecula
1521 3934 1699 3980 autem
1728 3940 1795 3981 ex

218 4028 287 4068 eo
328 4012 435 4067 dici
478 4019 723 4082 possunt,
768 4027 835 4067 ex
878 4027 987 4083 quo
1025 4012 1259 4068 varietas
1295 4012 1457 4082 cmpit
1492 4027 1613 4068 esse
1655 4021 1795 4066 tem-

219 4105 392 4177 poris.

316 4195 446 4250 Fide
482 4196 761 4267 plurimam
802 4196 1026 4251 hostiam
1062 4196 1187 4252 Abel
1234 4214 1391 4268 quam
1435 4195 1565 4252 Cain
1609 4198 1794 4253 obtulit

220 4287 354 4354 Deo,
383 4305 474 4355 per
496 4304 653 4361 quam
677 4288 1025 4343 testimonium
1048 4298 1352 4343 consecutus
1371 4298 1574 4344 estesse
1590 4288 1793 4361 justus,

218 4378 568 4431 testimonium
593 4376 889 4447 perhibente
915 4376 1215 4431 muneribus
1238 4378 1352 4447 ejus
1378 4378 1508 4444 Deo,
1538 4389 1585 4433 et
1611 4396 1704 4450 per
1728 4379 1795 4434 il-

218 4466 324 4521 lam
367 4468 641 4537 defunctus
688 4467 859 4521 adhuc
902 4467 1152 4538 loquitur.
1198 4467 1437 4523 Primum
1476 4471 1627 4540 ponit
1670 4483 1794 4525 eum

218 4556 310 4626 qui
338 4558 475 4611 mala
505 4572 696 4626 passus
719 4566 822 4620 est,
859 4564 913 4611 et
945 4558 1047 4612 hoc
1082 4572 1113 4611 a
1154 4556 1337 4622 fratre,
1373 4559 1646 4628 proprium
1678 4558 1795 4615 illo-

215 4661 337 4701 rum
362 4660 569 4717 ponens
595 4647 918 4719 exemplum.
952 4647 1162 4702 Etenim
1191 4648 1376 4703 eadem
1403 4649 1545 4719 passi
1579 4649 1650 4704 illi
1678 4649 1794 4705 fue-

214 4745 343 4792 rant
365 4752 396 4793 a
426 4738 817 4795 contribulibus
842 4740 974 4795 suis.
1015 4739 1356 4809 Quapropter
1394 4741 1645 4797 hortatur
1679 4756 1792 4807 eos,

210 4837 275 4884 ut
298 4829 437 4884 sicut
462 4829 551 4884 ille
577 4829 776 4901 injuste
803 4830 1016 4885 occisus
1044 4838 1126 4885 est
1149 4846 1179 4884 a
1205 4828 1392 4899 fratre,
1425 4840 1480 4887 et
1506 4847 1613 4887 non
1643 4848 1793 4887 recu-

214 4922 357 4974 savit
381 4920 833 4989 persecutionem,
864 4920 938 4974 ita
970 4929 1025 4974 et
1059 4920 1134 4975 illi
1165 4936 1270 4976 non
1301 4932 1612 4978 recusarent
1636 4924 1681 4978 si
1711 4924 1796 4978 in-

208 5008 357 5077 juste
395 5018 709 5080 paterentur
745 5026 774 5065 a
812 5011 1207 5067 contribulibus
1246 5011 1611 5085 fratribusque
1657 5015 1790 5072 suis.

211 5099 511 5155 Plurimum
537 5101 752 5173 quippe,
782 5102 837 5156 id
862 5109 949 5156 est
977 5100 1237 5170 majorem
1267 5103 1497 5158 hostiam
1528 5105 1659 5161 Abel
1695 5105 1792 5161 ob-

212 5191 340 5246 tulit
368 5191 476 5247 Deo
502 5207 663 5262 quam
692 5192 822 5247 Cain
842 5232 858 5258 ,
903 5207 1009 5247 non
1044 5192 1187 5262 quod
1225 5193 1314 5248 illa
1343 5194 1518 5250 hostia
1549 5196 1601 5249 in
1631 5197 1794 5253 rebus

211 5281 523 5336 carnalibus
569 5280 743 5351 major
782 5282 1110 5348 exstitisset,
1158 5284 1252 5338 sed
1292 5267 1563 5355 quidquid
1598 5286 1792 5343 melius

211 5371 405 5429 habuit
431 5370 564 5426 Abel
594 5386 690 5442 per
714 5371 874 5427 ﬁdem
902 5373 1012 5428 Deo
1049 5372 1310 5428 benevolo
1340 5374 1519 5429 animo
1544 5375 1787 5445 protulit,

210 5471 271 5520 et
284 5463 492 5522 .exinde
519 5462 568 5517 ei
595 5477 691 5517 sua
717 5461 1070 5532 multiplicata
1097 5466 1333 5532 fuerunt,
1362 5474 1417 5520 et
1445 5466 1788 5537 intelligimus

212 5553 389 5627 ipsum
414 5569 509 5625 per
541 5554 642 5610 hoc
674 5553 942 5625 placuisse
969 5555 1101 5611 Deo.
1149 5556 1281 5612 Fide
1321 5571 1553 5627 namque
1584 5558 1684 5613 hoc
1714 5558 1790 5611 fe-

210 5631 311 5711 cit,
337 5645 463 5715 quia
491 5644 724 5701 credidit
749 5646 864 5702 haec
890 5658 1010 5716 qua:
1037 5646 1179 5701 bona
1209 5647 1481 5702 voluntate
1507 5644 1784 5715 offerebat,

214 5737 325 5792 Deo
363 5734 576 5805 placere
612 5742 670 5791 et
705 5747 766 5791 se
808 5736 1258 5792 remunerandum
1301 5739 1554 5795 credebat
1594 5741 1662 5796 ab
1699 5756 1785 5796 eo.

214 5829 602 5886 Testimonium
622 5844 835 5901 quoque
858 5829 966 5885 Deo
981 5828 1299 5899 perhibente
1319 5822 1629 5890 muneribus
1650 5835 1784 5904 ejus,

1894 3375 2078 3431 radiso
2101 3383 2319 3431 terreno
2343 3371 2733 3428 transferretur
2755 3373 2822 3427 ad
2846 3373 3153 3444 paradisum
3174 3374 3474 3430 caelestem.

1895 3463 1968 3521 Ut
1992 3473 2167 3520 autem
2192 3463 2600 3530 transferretur,
2623 3477 2786 3518 causa
2811 3461 2913 3517 fuit
2940 3464 3082 3533 quod
3104 3463 3306 3534 placuit
3330 3463 3473 3518 Deo:

1894 3559 1986 3614 sed
2014 3564 2071 3614 ut
2100 3557 2334 3628 placeret
2363 3556 2494 3622 Deo,
2528 3570 2689 3610 causa
2716 3553 2816 3609 fuit
2841 3552 2959 3624 ejus
2990 3553 3142 3611 ﬁdes.
3179 3553 3293 3610 Nisi
3329 3554 3477 3611 enim

1894 3650 2141 3707 crederet
2177 3650 2319 3720 quod
2352 3649 2662 3706 redditurus
2700 3654 2846 3703 esset
2879 3647 2929 3703 ei
2971 3649 3112 3704 Deus
3150 3646 3478 3715 mercedem,

1894 3744 2161 3815 quomodo
2188 3743 2424 3814 placeret
2459 3742 2546 3799 ei?
2586 3742 2719 3797 Ante
2743 3740 3141 3796 translationem
3169 3742 3307 3796 enim
3334 3740 3479 3796 testi-

1894 3835 2126 3889 monium
2152 3834 2332 3888 habuit
2358 3833 2616 3904 placuisse
2642 3832 2771 3898 Deo,
2801 3832 3015 3887 dicente
3038 3830 3319 3902 Scriptura
3349 3831 3477 3902 quia

1895 3922 2191 3977 ambulavit
2214 3921 2435 3978 Henoch
2476 3937 2600 3979 cum
2642 3922 2776 3986 Deo,
2799 3922 3181 3982 obtemoerans
3217 3921 3479 3978 voluptati

1894 4011 2028 4081 ejus.
2958 4028 2965 4037 '

1974 4104 2096 4160 Sine
2136 4105 2241 4175 ﬁde
2267 4106 2403 4160 enim
2432 4102 2750 4176 impossibile
2778 4112 2854 4159 est
2881 4103 3086 4173 placere
3117 4102 3247 4157 Deo.
3280 4102 3477 4167 Crede-

1894 4195 1986 4251 bat
2018 4195 2236 4251 Henocb
2257 4237 2271 4262 ,
2307 4196 2432 4265 quia
2467 4195 2510 4251 si
2551 4195 2672 4265 quis
2707 4193 2998 4250 crediderit
3035 4207 3157 4249 esse
3187 4193 3383 4258 Deum,
3409 4205 3470 4252 et

1895 4288 1961 4343 ad
2008 4303 2132 4343 eum
2179 4288 2502 4353 accesserit,
2554 4286 2964 4341 retributionem
3031 4284 3273 4341 haberet.
3339 4285 3475 4354 Quia

1894 4395 2023 4450 ergo
2050 4379 2182 4435 ﬁdes
2206 4378 2616 4433 fundamentum
2648 4384 2729 4432 est
2756 4376 2995 4432 omnium
3025 4376 3287 4433 bonorum
3308 4417 3324 4442 ,
3356 4376 3469 4434 idec

1895 4469 2011 4524 sine
2058 4467 2162 4522 ﬁde
2209 4482 2368 4523 nemo
2415 4476 2593 4537 potest
2639 4466 2750 4521 Deo
2796 4465 3046 4536 placere,
3092 4464 3300 4520 credere
3339 4466 3475 4522 enim

1897 4568 2096 4631 oportet
2125 4558 2448 4613 accedentem
2476 4557 2546 4612 ad
2582 4557 2749 4611 Deum
2782 4557 2907 4628 quia
2954 4565 3029 4610 est
3050 4596 3068 4619 ,
3101 4564 3147 4609 et
3181 4556 3472 4627 iniquiren»

1899 4651 2035 4705 tibus
2072 4665 2127 4704 se
2157 4659 2516 4727 remuneratur
2546 4649 2633 4702 sit.
2671 4646 2990 4718 Quicunque
3022 4646 3087 4701 ad
3122 4646 3290 4702 Deum
3319 4661 3472 4703 accc.

1898 4742 1977 4798 dit
2003 4740 2304 4806 credendo,
2336 4740 2562 4794 credere
2592 4747 2806 4809 oportet
2836 4738 2982 4793 illum
3015 4738 3143 4808 quia
3178 4737 3321 4794 Deus
3353 4747 3472 4806 est,

1895 4835 1999 4890 hoc
2031 4840 2114 4889 est
2137 4873 2152 4900 ,
2191 4846 2408 4903 semper
2439 4831 2603 4887 habet
2636 4845 2787 4897 esse,
2821 4830 2975 4901 juxta
3008 4830 3153 4900 quod
3188 4829 3304 4898 ipse
3336 4829 3475 4885 dixit

1896 4924 1963 4980 ad
2001 4924 2216 4996 Moysen
2250 4923 2445 4996 (Exod.
2497 4923 2579 4992 ιιι)
2605 4941 2616 4976 :
2660 4922 2769 4993 Ego
2798 4937 2911 4976 sum
2943 4922 3031 4991 qui
3058 4936 3195 4975 sum.
3230 4918 3296 4973 Et
3324 4938 3338 4974 :
3369 4918 3475 4986 Qui

1896 5027 1969 5071 est
1998 5017 2140 5070 misit
2174 5032 2255 5070 me
2289 5014 2358 5069 ad
2386 5031 2496 5069 vos.
2529 5014 2766 5069 Credere
2797 5013 2962 5069 etiam
2996 5012 3186 5075 debet,
3227 5012 3353 5082 quia
3384 5011 3468 5065 in-

1893 5107 2235 5179 quirentibus
2278 5122 2337 5163 se
2385 5122 2483 5177 per
2526 5107 2663 5160 bona
2711 5119 2905 5176 opera,
2946 5104 3100 5174 juxta
3142 5103 3282 5172 quod
3325 5101 3473 5157 Psala

1893 5200 2051 5254 mista
2103 5199 2254 5265 dicit,
2324 5198 2559 5264 Qua’rite
2609 5197 2929 5263 Dominum,
2982 5205 3030 5250 et
3082 5194 3473 5265 conﬁrmamini

1894 5290 1912 5363 (
1940 5289 2088 5345 Psal.
2117 5305 2204 5346 etv
2226 5290 2247 5363 )
2267 5330 2282 5356 ,
2317 5300 2553 5346 tclcrnus
2580 5298 2637 5344 et
2670 5303 2831 5358 verus
2861 5297 3238 5343 remunerator
3270 5287 3362 5341 sit.

1966 5380 2102 5436 Fide
2134 5389 2189 5438 et
2229 5380 2376 5448 Noe,
2415 5398 2659 5452 responso
2694 5389 2904 5450 accepto
2938 5380 3002 5434 de
3034 5378 3116 5433 his
3147 5394 3264 5450 qua:
3301 5377 3473 5431 adhuc

1892 5491 1996 5529 non
2022 5473 2352 5539 videbantur,
2382 5475 2484 5529 hoc
2511 5482 2617 5540 est,
2649 5474 2717 5528 de
2746 5473 3034 5538 imbribus,
3067 5480 3300 5526 metuens
3325 5479 3476 5541 apta-

1890 5566 1961 5618 vit
1988 5580 2167 5619 arcam
2195 5565 2247 5619 in
2276 5564 2498 5619 salutem
2525 5566 2709 5619 domus
2743 5580 2854 5619 sua:
2874 5603 2889 5630 ,
2925 5580 3018 5635 per
3049 5578 3239 5634 quam,
3275 5563 3473 5617 subau—

1891 5653 1978 5710 dis
2007 5653 2165 5710 ﬁdem
2183 5695 2198 5718 ,
2228 5655 2494 5710 damnavit
2520 5636 2775 5710 mundum
2793 5694 2808 5720 ,
2835 5653 3241 5724 comparatione
3266 5651 3475 5711 scilicet

1891 5745 2132 5803 melioris
2163 5746 2284 5800 ﬁdei
2315 5756 2368 5801 et
2398 5745 2523 5800 facti
2555 5764 2569 5812 ;
2601 5756 2650 5800 et
2670 5746 2896 5816 justitiae
2927 5761 3042 5816 qua:
3070 5760 3161 5815 per
3180 5744 3341 5814 [idem
3364 5753 3472 5809 est,

1891 5838 2057 5893 Ittl’t‘ﬂ
2084 5849 2158 5894 est
2188 5840 2476 5894 institutus.
2506 5838 2639 5894 Fide
2667 5838 2896 5894 credidit
2916 5838 3025 5892 Deo
3052 5837 3196 5907 quod
3222 5837 3471 5892 inductu-
