3974 6456
526 389 635 447 905
1040 385 1395 443 HAYMONIS
1431 384 1920 442 HALBERSTAT.
1959 384 2176 441 EPISC.
2215 385 2367 444 OPP.
2405 385 2589 444 PABS
2624 386 2666 444 Ι.
2693 417 2767 429 -
2803 387 3159 445 COIHENT.
3195 389 3367 445 BlBL.
3732 390 3841 447 901

527 516 625 557 rus
671 507 819 556 esset
863 512 1032 570 aquas
1081 512 1246 568 super
1299 508 1535 564 terram,
1591 498 1809 555 dicente
1860 498 1967 553 sibi
2021 498 2114 554 illo
2142 503 2188 563 Α
2216 499 2558 568 griuantem,
2586 508 2646 558 et
2673 499 2811 557 nihil
2838 500 3180 557 turbabatur.
3213 502 3535 571 Quanquam
3562 503 3737 557 enim
3770 505 3839 558 ad

527 591 697 667 (Gen.
725 608 778 648 νι
800 592 861 663 )τ
892 590 1046 647 Finis
1070 592 1531 647 universte'carnis
1556 594 1692 647 venit
1720 609 1900 647 coram
1928 609 2039 654 me,
2067 601 2116 646 et
2219 588 2393 657 ipsum
2424 590 2627 646 dictum
2665 600 2840 656 esset,
2872 592 3003 661 quia
3038 592 3134 647 tibi
3174 593 3315 649 dabo
3351 602 3409 649 et
3444 594 3663 659 semini
3709 604 3836 663 tuo,

527 686 777 741 inducam
813 700 1005 754 aquam
1037 698 1196 752 super
1229 699 1314 737 eos
1349 699 1367 737 :
1408 683 1494 752 [ac
1527 682 1618 736 tibi
1654 699 1834 736 arcam
1864 682 1929 736 de
1961 681 2117 751 lignis
2217 696 2322 735 non
2337 683 2875 751 persemeutibi,sed
2897 685 2990 738 tibi
3018 694 3075 739 et
3099 685 3422 750 seminituo,
3439 695 3632 741 tamen
3654 702 3837 759 neque

527 774 763 844 levigati:
799 782 847 827 et
882 782 1077 827 extera
1107 783 1563 842 quae-sequuntur
1596 791 1610 827 :
1642 780 1697 827 et
1730 773 1850 828 ideo
1878 772 2118 827 salvatus
2217 770 2351 841 ipse,
2380 788 2556 843 neque
2570 774 2742 839 Isaac,
2770 790 2947 844 neque
2961 774 3130 831 Jacob
3149 776 3304 845 potiti
3322 786 3447 832 sunt
3464 778 3572 834 hac
3586 780 3839 847 promis-

2214 862 2398 925 sione,
2439 864 2534 943 sed
2570 865 2859 932 successio
2881 864 3119 919 illorum.
3161 865 3230 921 Et
3266 867 3393 935 quia
3426 869 3667 935 quando
3702 870 3834 925 obe-

2215 955 2347 1010 divit
2375 956 2506 1021 Deo,
2537 959 2728 1015 exiens
2757 959 2827 1013 de
2855 968 2999 1013 terra
3025 973 3147 1025 sua,
3176 975 3284 1014 non
3313 958 3628 1015 vocabatur
3651 962 3835 1017 Abra-

2214 1047 2339 1109 bam
2356 1088 2372 1115 ,
2393 1048 2489 1105 sed
2510 1050 2733 1105 Abram.
2757 1051 2882 1106 Ideo
2910 1052 3275 1117 considerate,
3306 1053 3445 1107 dixit
3472 1042 3827 1125 Apostolus:

2215 1138 2352 1194 Fide
2378 1141 2467 1212 qui
2498 1151 2713 1196 vocatur
2739 1140 2887 1197 nunc
2914 1142 3216 1208 Abraham,
3256 1152 3387 1198 tunc
3420 1154 3617 1199 autem
3664 1161 3827 1201 voca-

2214 1230 2375 1285 batur
2414 1231 2655 1296 Abram,
2707 1242 2945 1286 moratus
2994 1242 3069 1287 est
3113 1232 3170 1286 in
3208 1242 3351 1287 terra
3387 1235 3828 1303 repromissionis

2214 1321 2366 1391 quasi
2423 1322 2479 1376 in
2535 1322 2728 1378 aliena.
2792 1321 3036 1378 Primum
3093 1323 3312 1393 quidem
3358 1326 3689 1394 vocabatur
3743 1328 3827 1383 ille

2213 1410 2440 1479 Abram,
2469 1413 2663 1469 deinde
2692 1427 2821 1467 vero
2858 1412 3157 1479 Abraham.
3318 1484 3323 1489 ἢ

2256 1562 2261 1567 _
2292 1504 2644 1576 Exspectabat
2674 1506 2812 1570 enim
2838 1505 3183 1575 fundamenta
3209 1506 3489 1562 habentem
3519 1508 3819 1576 ciuitatem,

2217 1595 2368 1665 cujus
2408 1596 2604 1664 artifex
2631 1607 2679 1650 et
2709 1597 2950 1651 conditor
2980 1596 3147 1664 Deus.
3186 1597 3396 1653 Civitas
3423 1615 3674 1670 superna
3704 1601 3818 1657 fua-

2217 1686 2469 1751 damenta
2499 1687 2702 1742 habere
2730 1687 2931 1743 dicitur
2969 1698 3193 1761 propter
3229 1689 3596 1747 stabilitatem
3636 1701 3694 1747 et
3729 1693 3814 1748 ﬁr-

2218 1778 2462 1832 mitatem
2511 1762 2616 1833 sui.
2664 1777 2724 1833 In
2770 1793 2877 1848 qua
2927 1779 3018 1847 qui
3063 1778 3229 1834 semel
3277 1778 3463 1855 locum
3514 1781 3805 1850 invenerit,

529 873 613 923 est
642 880 764 929 cum
782 864 940 920 omni
974 864 1136 919 domo
1165 879 1263 918 sua
1281 906 1296 929 ,
1327 865 1433 921 hoc
1459 874 1575 929 est,
1604 864 1808 923 familia
1838 880 1954 919 sua.
1989 865 2117 920 Per-

528 956 733 1014 fectum
768 965 950 1013 autem
1001 956 1184 1026 operis
1229 966 1323 1011 aut
1369 957 1598 1012 rationis
1640 957 2112 1028 experimentum,

524 1048 659 1104 nihil
693 1048 747 1102 in
779 1048 883 1102 hac
910 1062 1079 1102 causa
1115 1044 1371 1115 profecit.
1402 1045 1727 1111 Nubebant,
1756 1045 1962 1115 inquit,
1989 1045 2112 1111 alii,

526 1146 587 1193 ut
620 1139 696 1193 ait
730 1137 992 1193 Dominus
1030 1141 1082 1193 in
1122 1133 1453 1206 Evangeli‘o,‘
1480 1144 1537 1191 et
1565 1151 1659 1191 aer
1695 1152 1925 1214 serenus
1963 1147 2111 1202 erat,

524 1229 681 1302 signa
708 1244 923 1299 quoque
947 1228 1113 1282 millia
1137 1228 1471 1297 apparebant
1493 1227 1679 1282 diluvii
1701 1244 1716 1281 :
1740 1236 2112 1283 verumtamen

525 1320 618 1375 ille
645 1321 859 1387 timuit,
890 1331 1054 1389 atque
1084 1318 1369 1389 per'ﬁdem
1400 1319 1465 1372 de
1497 1319 1584 1372 his
1612 1333 1734 1387 qua:
1757 1316 2000 1377 necdum
2030 1318 2111 1372 vi.

525 1412 794 1468 debantur
840 1420 1124 1478 metuens,
1178 1412 1723 1466 construxitarcam
1776 1411 1830 1466 in
1884 1410 2113 1466 salutem

523 1500 746 1559 familia:
778 1517 926 1567 suae,
964 1516 1062 1572 per
1113 1517 1275 1570 quam
1327 1501 1488 1555 tidem
1536 1500 1816 1556 damnavit
1853 1499 2113 1561 mundum

525 1598 933 1666 comparatione
971 1594 1094 1649 ﬁdei
1134 1608 1280 1658 suae,
1311 1608 1473 1662 quam
1513 1593 1748 1649 mundus
1783 1592 1987 1673 habere
2013 1605 2113 1646 no-

524 1686 647 1743 luit.
692 1685 940 1743 Ostendit
989 1685 1136 1741 enim
1185 1699 1281 1739 eos
1317 1684 1507 1754 dignos
1543 1685 1647 1738 hoc
1686 1682 1983 1753 supplicio,
2021 1679 2115 1750 qui

508 1792 703 1851 neque
728 1792 828 1849 per
856 1786 1075 1834 centum
1106 1791 1378 1832 annorum
1419 1776 1595 1846 spatia
1635 1776 1778 1831 illius
1812 1790 1953 1831 arca:
1987 1790 2115 1829 con-

487 1864 823 1929 ‘structione
852 1870 1051 1942 corrigi
1082 1870 1392 1925 voluerunt.
1422 1869 1529 1924 Per
1562 1869 1721 1924 tidem
1751 1883 1966 1939 quoque
2004 1882 2110 1923 non
2141 1857 2189 1917 Β
2216 1886 2492 1941 nunquam
2539 1872 2742 1942 poterit
2785 1872 3164 1927 exhereditari
3204 1888 3388 1942 neque
3430 1874 3611 1928 evelli.
3650 1875 3796 1947 ideo,

521 1979 620 2034 per
671 1965 845 2036 legem
885 1964 1061 2018 haares
1088 1963 1320 2032 justitia:
1356 1971 1443 2017 est
1478 1962 1789 2027 institutus,
1829 1962 1955 2014 dum
1998 1961 2111 2030 ipse

518 2037 669 2113 solus
696 2055 858 2110 ﬁdem
888 2064 1107 2124 patrum
1139 2053 1344 2116 tenuit,
1375 2067 1538 2121 quam
1575 2052 1643 2106 ab
1681 2050 1776 2106 illo
1809 2049 1993 2105 caeteri
2024 2049 2108 2104 di-

521 2147 791 2203 dicerunt.
840 2146 1022 2200 Haeres
1064 2156 1247 2200 autem
1293 2144 1446 2215 regni
1492 2143 1749 2215 caelorum
1801 2142 1887 2198 vel
1936 2144 2110 2199 haeres

520 2239 708 2293 mundi
759 2236 979 2300 dicitur,
1024 2236 1150 2305 quia
1198 2235 1267 2290 de
1306 2235 1517 2290 semine
1556 2248 1654 2289 suo
1699 2234 1801 2289 fuit
1838 2233 2110 2305 reparatio

520 2332 707 2387 mundi
725 2372 740 2397 ,
764 2340 817 2385 et
842 2346 911 2386 ex
939 2331 1042 2385 hoc
1066 2328 1313 2399 apparuit
1338 2328 1544 2398 justus,
1565 2327 1693 2397 quia
1719 2326 1954 2382 credidit
1976 2326 2104 2382 Deo.

594 2418 729 2476 Fide
756 2420 845 2493 qui
874 2431 1090 2475 uocatur
1118 2433 1263 2474 nunc
1296 2418 1568 2472 Abraham
1601 2417 1829 2473 obedivit
1851 2417 1909 2471 in
1935 2417 2107 2471 locum

517 2511 690 2576 exire,
718 2526 870 2580 quem
897 2518 1206 2579 accepturus
1233 2516 1345 2563 erat
1372 2508 1426 2561 in
1454 2506 1810 2579 haereditatem
1827 2546 1843 2571 ,
1872 2515 1921 2561 et
1953 2506 2111 2560 exiuit

432 2670 433 2675 η
520 2602 753 2656 nesciens
788 2617 890 2672 quo
924 2600 1052 2664 iret,
1090 2598 1249 2668 quasi
1284 2598 1520 2663 diceret,
1552 2606 1625 2671 et
1671 2598 1786 2667 ipse
1832 2597 2109 2652 Abraham

519 2709 620 2766 per
647 2694 805 2747 ﬁdem
831 2691 1032 2762 placuit
1058 2692 1199 2746 Deo:
1231 2690 1416 2772 statim
1439 2690 1584 2745 enim
1610 2698 1672 2744 ut
1696 2688 1746 2746 ei
1773 2689 1910 2765 dixit
1932 2689 2105 2745 Deus:

519 2783 626 2840 Exi
646 2786 710 2838 de
732 2780 870 2849 terra
895 2794 1008 2848 tua,
1031 2792 1078 2837 et
1103 2781 1232 2835 vade
1262 2783 1317 2835 in
1344 2791 1541 2835 terram
1564 2798 1723 2853 quam
1751 2791 2108 2836 monstravere

520 2874 646 2939 tibi,
686 2874 921 2944 daboque
959 2871 1110 2927 illam
1143 2871 1237 2926 tibi
1273 2881 1325 2926 et
1361 2871 1549 2927 semini
1587 2881 1681 2925 tuo
1735 2870 1911 2941 (Cen.
1941 2887 2017 2926 xu
2043 2870 2062 2943 )
2091 2912 2107 2938 ,

517 2964 750 3033 credidit
778 2965 919 3029 Deo,
951 2972 1008 3018 et
1034 2963 1209 3037 exivit
1236 2963 1290 3018 in
1320 2962 1498 3018 locum
1529 2963 1584 3017 in
1614 2977 1774 3032 quem
1813 2962 1865 3018 ei
1904 2977 2108 3033 praece-

521 3066 708 3127 perat,
734 3057 990 3115 nesciens
1032 3071 1141 3126 quo
1190 3055 1387 3111 abiret.
1438 3054 1659 3125 Ignotus
1706 3054 1851 3110 enim
1896 3054 1947 3110 ei
1984 3062 2104 3111 erat

2212 1962 2417 2032 inquit,
2451 1962 2527 2017 illi
2556 1961 2664 2017 ﬁde
2690 1963 2888 2017 morati
2917 1971 3043 2018 sunt
3072 1963 3127 2016 iu
3176 1970 3319 2032 terra
3363 1966 3803 2034 reprom'mionis

2210 2054 2366 2124 quasi
2395 2054 2449 2109 in
2480 2054 2658 2109 aliena
2679 2093 2695 2119 ,
2727 2056 2853 2123 quia
2883 2055 3338 2124 repromissiones
3368 2056 3425 2110 in
3456 2066 3618 2112 terra
3645 2057 3802 2114 facta

2210 2162 2317 2200 non
2346 2126 2730 2211 attendebaut,
2765 2146 2859 2201 sed
2904 2142 3143 2200 fumram
3182 2147 3427 2215 quietem
3466 2150 3795 2218 quau-ebant.

2210 2236 2576 2303 Ostenderunt
2618 2237 2763 2292 enim
2811 2236 3018 2307 seipsos
3064 2238 3364 2307 majoribus
3412 2254 3549 2296 esse
3587 2241 3789 2313 dignos,

2210 2327 2416 2383 idcirco
2446 2341 2555 2393 non
2584 2326 2837 2405 permisit
2861 2341 2958 2382 eos
2982 2328 3233 2397 accipere
3262 2329 3370 2384 ista
3388 2369 3409 2397 ,
3441 2332 3577 2401 quia
3610 2333 3795 2402 majora

2211 2417 2341 2474 dare
2370 2417 2602 2473 volebat.
3087 2484 3091 2489 _
3762 2480 3769 2489 λ

2214 2551 2227 2557 -
2283 2506 2422 2564 Fide
2453 2518 2503 2563 et
2535 2509 2649 2578 ipsa
2696 2507 2836 2565 Sara
2875 2509 3064 2566 sterilis
3098 2500 3336 2567 virtutem
3373 2514 3436 2569 in
3474 2518 3781 2586 conceptione

2212 2601 2429 2656 seminis
2456 2602 2678 2672 accepit,
2712 2612 2874 2656 altam
2905 2612 3096 2675 praeter
3130 2613 3329 2675 tempus
3360 2608 3549 2662 atatis
3588 2623 3791 2680 genera-

2213 2689 2315 2754 vit,
2345 2690 2594 2760 quoniam
2620 2689 2827 2759 ﬁdelem
2856 2692 3078 2745 credidit
3102 2693 3193 2763 qui
3220 2696 3627 2764 repromiserat.
3657 2698 3793 2769 Qua;-

2208 2781 2313 2841 Stio
2352 2782 2440 2839 hic
2464 2842 2469 2847 ,
2497 2783 2675 2837 oritur
2723 2798 2894 2852 quare
2934 2785 3080 2841 dicat
3121 2785 3227 2842 ﬁde
3267 2790 3562 2860 accepisse
3620 2791 3790 2849 Suram

2208 2875 2463 2933 virtutem
2509 2874 2883 2945 concipiendi,
2935 2893 3061 2932 cum
3107 2879 3176 2933 ab
3224 2881 3422 2952 angelo
3468 2885 3791 2954 reprehensa

2207 2965 2310 3031 sit,
2340 2980 2441 3021 cur
2469 2964 2656 3022 riserit
2681 2981 2848 3031 causa
2888 2968 3273 3026 inﬁdelitatis?
3312 2971 3485 3041 Risus
3529 2977 3679 3030 enim
3719 2976 3791 3032 ille

2206 3058 2420 3133 etiamsi
2452 3059 2634 3129 gaudii
2664 3068 2720 3114 et
2748 3060 2923 3129 plenae
2955 3062 3080 3117 tidei
3130 3078 3238 3127 non
3266 3062 3408 3130 fuit,
3443 3067 3600 3122 risus
3630 3080 3791 3124 autem

514 3146 667 3203 locus
692 3139 748 3202 et
762 3146 1027 3202 habitatio
1052 3144 1196 3199 illius
1229 3154 1386 3199 terrm
1412 3162 1425 3197 :
1454 3153 1511 3198 et
1537 3143 1592 3198 in
1616 3152 1873 3213 quantum
1904 3144 2100 3207 amhu-
2136 3218 2170 3227 _
2203 3152 2437 3208 Abraha:
2465 3161 2522 3208 et
2549 3153 2730 3222 gaudii
2759 3163 2814 3209 et
2841 3153 3017 3225 plena:
3046 3155 3170 3211 ﬁdei
3199 3167 3345 3213 sunt.
3388 3159 3532 3227 Qua:
3579 3162 3659 3217 ita
3696 3163 3789 3218 sol-

512 3237 648 3295 lavit
681 3254 776 3309 per
811 3239 971 3295 ﬁdem
998 3235 1324 3291 ambulavit.
1368 3233 1496 3289 Sive
1532 3233 1781 3289 nesciens
1809 3248 1916 3303 quo
1950 3232 2096 3298 iret,
2128 3218 2172 3280 C
2208 3244 2348 3299 νίιιιι·

514 3332 770 3403 quoniam
801 3344 962 3399 quem
992 3328 1299 3382 imitaretur
1328 3341 1436 3381 non
1468 3325 1719 3379 habebat;

585 3419 723 3474 Fide
760 3426 993 3473 moratus
1029 3426 1104 3470 est
1133 3414 1188 3470 in
1221 3425 1362 3469 terra
1393 3412 1808 3483 repromissionis
1847 3420 2100 3483 tanquam

512 3511 771 3567 in‘aliena
798 3510 855 3562 in
881 3506 1077 3562 casulis
1110 3506 1177 3559 ab
1209 3502 1553 3559 inhabitando
1590 3518 1709 3556 cum
1735 3501 1893 3556 Isaac
1928 3513 1977 3556 et
2002 3501 2100 3557 Ja-

518 3603 614 3657 cob
637 3597 1009 3654 coheredibus
1047 3592 1462 3667 repromissionis
1500 3592 1755 3662 ejusdem.
1782 3590 1977 3645 Casula
2012 3590 2098 3644 di-

514 3693 838 3749 minutivum
860 3698 948 3744 est
975 3705 1006 3743 a
1039 3703 1198 3751 casa,
1231 3686 1285 3741 id
1322 3692 1406 3739 est
1439 3684 1600 3739 domo
1621 3723 1637 3748 ,
1672 3682 1761 3737 hic
1792 3691 1969 3736 autem
1999 3696 2098 3752 pro

514 3784 765 3841 tentoriis
814 3780 1286 3850 tabernaculisque
1340 3776 1573 3848 positum
1629 3782 1715 3830 est
1744 3816 1759 3840 ,
1800 3774 1853 3829 in
1902 3774 2098 3844 quibus

512 3874 786 3931 Abraham
839 3886 962 3929 cum
1037 3870 1188 3925 Isaac
1257 3876 1314 3924 et
1380 3866 1549 3922 Jacob
1616 3865 1882 3921 habitavit
1947 3877 2098 3919 more

510 3965 780 4020 viatorum
814 3971 868 4016 et
904 3962 1352 4033 peregrinorum,
1399 3959 1598 4012 docens
1631 3972 1726 4011 eos
1772 3956 1931 4010 ﬁdem
1965 3954 2093 4021 Dei,

509 4062 696 4128 utpote
718 4054 1030 4112 cohzeredes
1058 4050 1431 4123 promissionis
1452 4065 1586 4104 suae.
1612 4050 1685 4104 Ea
1705 4048 1848 4102 enim
1865 4048 2097 4118 promis-

508 4149 595 4208 sio
622 4164 741 4218 qua:
770 4147 914 4201 facta
942 4153 1029 4199 est
1053 4145 1120 4198 ad
1144 4143 1453 4206 Abraham,
1485 4141 1628 4195 facta
1654 4149 1738 4195 est
1766 4140 1834 4194 ad
1860 4141 2012 4194 Isaac
2039 4147 2095 4194 et

508 4239 698 4302 Jacob,
721 4252 1017 4305 omnesque
1038 4235 1130 4304 qui
1152 4234 1312 4289 simul
1336 4232 1646 4288 colituredes
1672 4240 1799 4287 sunt
1824 4233 1881 4286 in
1908 4247 2095 4302 repro-

516 4331 867 4388 missiouibus
902 4327 1406 4382 Abrahze.Abrulnc
1448 4340 1680 4394 namque
1716 4326 1918 4379 dictum
1958 4334 2042 4379 est
2075 4342 2089 4379 :

510 4424 582 4481 In
611 4434 659 4477 te
688 4423 1056 4476 benedicentur
1080 4436 1255 4473 omnes
1282 4428 1454 4487 gentes
1490 4429 1642 4472 terra!
1683 4416 1854 4489 (Gen.
1892 4435 2004 4473 χχιι
2029 4418 2046 4492 )
2072 4435 2087 4485 ;

510 4526 566 4571 et
590 4516 645 4568 in
673 4513 829 4567 Isaac
855 4512 1122 4567 vocabitur
1147 4511 1239 4564 tibi
1262 4526 1436 4564 semen
1464 4509 1630 4582 (Gen.
1660 4526 1749 4566 xx:
1768 4512 1805 4583 ).
1834 4511 1914 4565 Ad
1942 4512 2093 4567 Isaac

511 4616 690 4662 autem
722 4606 932 4673 inquit:
959 4602 1233 4673 Complens
1267 4604 1402 4657 Deus
1421 4603 1783 4673 juramentum
1808 4607 1947 4675 quod
1977 4622 2098 4675 spo-
2124 4602 2143 4667 Ι

508 4692 671 4765 pandi
717 4691 944 4746 Abrahae
990 4692 1129 4762 patri
1188 4702 1299 4756 tuo,
1341 4692 1697 4763 multiplicabo
1736 4709 1910 4747 semen
1947 4704 2096 4749 tuum

508 4787 643 4842 sicut
690 4783 868 4839 stellas
908 4784 1057 4848 caeli,
1103 4784 1338 4855 daboque
1391 4786 1611 4855 poseris
1669 4787 1775 4840 tuis
1828 4788 2096 4842 universas

510 4879 749 4950 regiones
784 4877 880 4930 has
928 4875 1099 4947 ('Cen.
1132 4891 1255 4931 xxvi
1280 4877 1322 4947 ).
1359 4876 1439 4930 Ad
1473 4876 1644 4931 Jacob
1675 4893 1892 4947 quoque
1919 4879 2093 4934 dixit:

507 4970 622 5040 Ego
656 4968 799 5022 Deus
830 4967 1176 5037 omnipotens.
1209 4964 1452 5021 Crescere
1489 4977 1537 5020 el
1573 4967 1912 5038 multiplicari
1949 4987 2013 5025 ea:
2047 4981 2097 5026 te

505 5072 681 5134 gentes
718 5061 910 5131 facium
930 5099 946 5123 ,
984 5059 1221 5130 daboque
1259 5058 1349 5113 tibi
1372 5069 1566 5112 terram
1594 5076 1754 5130 quant
1785 5059 1907 5116 dedi
1934 5065 2097 5119 Αὺνατ

503 5154 630 5206 ham
670 5162 718 5206 et
756 5150 914 5205 Isaac
948 5147 1118 5222 (Gen.
1150 5150 1360 5221 xxxv).
1399 5149 1540 5205 Ecce
1585 5153 1857 5222 quomodo
1906 5140 2095 5221 omnes

467 5288 474 5321 ξ
505 5243 820 5300 coluercdes
840 5250 966 5298 sunt
988 5242 1041 5295 in
1064 5240 1579 5310 repromissionibus
1597 5242 1848 5299 Abrahae.
1880 5243 2089 5301 Notan-

504 5339 635 5393 dum
674 5347 855 5392 autem
892 5337 1019 5405 quia
1060 5336 1192 5390 ﬁdes
1233 5335 1463 5390 Abrahae
1497 5337 1805 5407 duplicatur
1839 5353 1939 5407 pro
1978 5355 2092 5394 ma-

503 5430 785 5501 gnitudine
837 5429 980 5483 lldei.
1022 5426 1174 5483 Unde
1212 5436 1267 5481 et
1316 5438 1480 5498 caput
1523 5428 1645 5483 ﬁdei
1698 5430 1914 5485 dicitur.
1950 5429 2087 5485 Nam

503 5525 648 5580 sicut
683 5522 788 5579 ﬁde
823 5522 993 5577 exivit
1034 5521 1101 5576 de
1137 5529 1281 5576 terra
1321 5538 1453 5586 sua,
1501 5522 1751 5579 nesciens
1797 5538 1906 5593 quo
1951 5524 2086 5587 iret,

505 5618 585 5674 sic
605 5616 709 5673 ﬁde
737 5616 939 5672 mansit
958 5600 1345 5672 etdemorattis
1373 5629 1457 5671 est
1476 5616 1528 5670 in
1558 5626 1700 5671 terra
1725 5633 1823 5673 sua
1848 5620 2003 5689 quasi
2026 5620 2082 5674 in

502 5708 698 5763 aliena.
736 5706 881 5764 Vidit
915 5707 1082 5762 lilium
1123 5708 1196 5764 ibi
1235 5716 1295 5763 ut
1331 5711 1678 5780 peregrinum
1715 5710 2083 5779 habitantem;

490 5785 639 5849 'vidit
672 5805 955 5865 nepotem,
995 5797 1131 5854 vidit
1163 5797 1401 5868 seipsum
1439 5800 1492 5855 in
1530 5799 1709 5856 aliena
1749 5810 1891 5858 terra
1926 5818 2086 5872 pere-

2396 3263 2409 3297 :
2461 3245 2599 3313 Quia
2642 3246 2745 3302 etsi
2794 3246 3029 3315 primum
3088 3249 3399 3314 dubitavit,
3448 3255 3790 3323 postmodum

2206 3353 2385 3397 tamen
2417 3342 2600 3398 verbis
2630 3340 2806 3413 angeli
2835 3342 3065 3398 solidata
3093 3356 3176 3400 est
3204 3346 3257 3400 in
3288 3326 3425 3411 ﬁde,
3448 3356 3512 3401 et
3541 3359 3790 3421 evacuata

2202 3432 2560 3489 dubitationis
2609 3448 2809 3499 causa,
2862 3433 3169 3488 introducta
3210 3444 3295 3489 est
3334 3436 3494 3492 ﬁdes.
3538 3436 3791 3495 Virtute-

2200 3523 2255 3578 in
2297 3525 2653 3597 conceptione
2669 3526 2916 3583 caminis
2957 3527 3196 3596 accepit,
3236 3529 3363 3598 quia
3400 3528 3524 3596 jam
3548 3532 3791 3592 .mortib-

2198 3627 2320 3673 cata
2352 3627 2473 3674 erat
2505 3628 2667 3675 aetate
2701 3628 2757 3675 et
2784 3619 3011 3677 sterilis.
3055 3618 3266 3692 Duplex
3303 3604 3457 3677 enim
3499 3637 3637 3680 erat
3674 3641 3792 3697 pr:-

2197 3708 2371 3763 clusio
2409 3726 2422 3762 :
2475 3707 2591 3764 Una
2635 3709 2894 3779 temporis
2917 3750 2934 3775 ,
2972 3719 3227 3767 senuerat
3264 3712 3471 3784 quippe
3508 3713 3670 3785 jam;
3704 3715 3791 3770 alia

2196 3814 2327 3855 vero
2367 3814 2432 3855 ex
2481 3808 2709 3865 natura,
2759 3800 2960 3856 sterilis
3001 3802 3147 3857 enim
3191 3814 3348 3869 erat;
3379 3805 3486 3860 sed
3523 3808 3602 3861 ad
3636 3807 3790 3863 sust-io

2196 3890 2449 3961 piendum
2500 3899 2555 3945 et
2604 3892 2948 3948 retinendum
3002 3908 3188 3950 semen
3244 3896 3457 3966 accepit
3512 3899 3786 3953 virtutes.

2168 3983 2457 4055 _Mulieres
2487 3999 2723 4053 namque
2748 3999 2815 4040 ex
2846 3985 3061 4043 duabus
3087 3987 3360 4057 pracipne
3388 3990 3566 4044 rebus
3594 3992 3791 4047 steriles

2196 4090 2319 4130 esse
2349 4074 2555 4141 solent,
2587 4075 2703 4131 sive
2734 4078 2861 4145 quia
2900 4077 2956 4132 in
2985 4079 3142 4133 vulva
3172 4078 3371 4135 caloris
3395 4082 3673 4139 virtutem
3698 4099 3788 4139 una

2196 4167 2421 4231 habent,
2452 4180 2558 4236 qua
2590 4177 2900 4237 excoquant
2919 4183 3133 4233 semen,
3155 4170 3298 4239 quod
3327 4182 3385 4225 et
3406 4171 3485 4233 in,
3515 4183 3791 4229 senectute

2196 4255 2379 4311 evenit
2406 4271 2530 4311 cum
2564 4254 2825 4311 deﬁciunt
2854 4257 3170 4324 muliebria;
3217 4260 3332 4313 sive
3371 4261 3610 4329 quando
3652 4263 3791 4316 vulva

2195 4346 2537 4402 concluditur
2578 4348 2741 4401 etiam
2782 4347 2836 4402 in
2878 4347 3202 4417 juventute,
3246 4358 3317 4404 ut
3351 4364 3466 4405 non
3510 4354 3793 4422 perveniat

2195 4452 2380 4493 semen
2411 4439 2480 4493 ad
2510 4438 2626 4494 loca
2663 4440 3052 4510 conceptionis.
3078 4439 3281 4497 Contra
3325 4457 3449 4511 qua:
3474 4444 3635 4499 dedit
3664 4445 3790 4500 Dens

2200 4529 2452 4585 virtutem
2479 4549 2492 4584 :
2528 4530 2633 4585 hoc
2673 4538 2776 4595 est,
2806 4541 3000 4588 contra
3025 4531 3403 4597 sterilitatem,
3436 4535 3788 4593 stabilitatem

2200 4630 2258 4676 et
2296 4630 2649 4678 senectutem.
2680 4624 2762 4678 Ad
2812 4623 2988 4678 locum
3017 4624 3215 4681 etenim
3243 4627 3638 4697 conceptionis
3674 4630 3791 4684 satis

2199 4714 2448 4783 pervenit
2472 4727 2654 4768 semen
2681 4732 2694 4766 :
2721 4722 2777 4768 et
2804 4725 3085 4786 postquam
3115 4717 3394 4786 pervenit,
3427 4719 3592 4775 dedit
3617 4732 3792 4791 partus

2203 4802 2533 4858 soliditatem
2565 4803 2797 4859 mulieri.
2844 4805 3175 4876 Factumque
3224 4816 3311 4863 est
3338 4818 3402 4863 ut
3454 4808 3589 4865 ﬁdei
3623 4809 3792 4868 solidi-

2203 4904 2312 4950 tate
2341 4896 2481 4950 uteri
2507 4896 2735 4951 insolida
2781 4898 3237 4963 confortarentur,
3292 4908 3351 4955 et
3393 4903 3593 4959 omnia
3633 4903 3791 4975 possi-

2199 4985 2329 5041 bilia
2360 4986 2554 5041 ﬁerent
2583 4988 2848 5043 credenti.

2272 5078 2498 5150 Propter
2531 5082 2672 5151 quod
2699 5092 2747 5136 et
2773 5084 2837 5137 ab
2861 5099 2964 5137 uno
2986 5085 3087 5138 orti
3120 5095 3241 5139 sunt
3292 5096 3343 5141 et
3386 5087 3493 5142 hoc
3532 5055 3787 5151 emortua,

2186 5182 2448 5242 .tanquam
2470 5171 2647 5225 sidera
2677 5174 2788 5226 ειειὶ
2817 5175 2873 5227 in
2902 5175 3234 5232 multitudine
3256 5176 3386 5234 facti
3418 5190 3642 5246 sunt,et
3666 5184 3789 5236 sicut

2196 5277 2360 5315 arena
2378 5277 2496 5332 qurc
2520 5271 2594 5314 est
2617 5262 2686 5314 ad
2715 5278 2863 5316 oram
2895 5267 3081 5331 maris,
3107 5267 3536 5324 innumerabilis.
3567 5270 3791 5342 Propter

2195 5352 2316 5414 hoc,
2349 5353 2687 5423 inquit,quia
2718 5365 2947 5427 uterque
2977 5373 3164 5413 veram
3194 5356 3356 5415 ﬁdem
3390 5362 3791 5429 habuit,Abra-

2199 5445 2322 5515 ham
2345 5443 2592 5499 videlicet
2635 5453 2692 5500 et
2718 5445 2876 5512 Sara,
2905 5449 2975 5503 ab
3020 5464 3129 5504 uno
3176 5466 3406 5520 corpore
3450 5454 3697 5511 Abrabte
3738 5462 3791 5509 et

2198 5533 2346 5589 Sara:
2373 5534 2480 5589 orti
2508 5546 2632 5590 sunt
2664 5538 3092 5595 innumerabiles
3121 5542 3325 5613 populi.
3357 5543 3454 5598 [iis
3485 5537 3673 5602 verbis
3696 5562 3786 5601 vo-

2194 5625 2296 5679 luit
2338 5626 2650 5692 ostendere,
2678 5630 2805 5701 quia
2838 5646 2945 5685 non
2998 5632 3170 5688 solum
3214 5633 3366 5690 Isaac
3410 5638 3607 5711 genuit
3629 5636 3785 5699 Sara,

2192 5732 2379 5772 verum
2402 5720 2567 5773 etiam
2600 5720 2784 5791 plures
2809 5736 2974 5792 quam
3005 5723 3182 5792 aliqua
3212 5723 3574 5780 fecundarum
3600 5726 3788 5781 mulie-

2192 5825 2331 5864 rum.
2365 5810 2541 5865 Unnm
2568 5822 2748 5868 autem
2780 5829 2979 5885 corpus
3009 5816 3141 5871 dicit
3192 5818 3393 5872 habere
3447 5818 3575 5875 illos
3627 5821 3783 5876 duos.

3310 6450 3360 6456 κτ-
3450 6451 3472 6456 -.
3556 6451 3578 6456 η
3648 6452 3675 6456 γ-
3754 6453 3783 6456 _
3826 6446 3866 6456 -ι
