3974 6450
867 400 1233 462 EXPOSI’I'IO
1268 401 1337 460 IN
1369 401 1520 459 EPP.
1562 400 1620 455 S.
1663 396 1886 455 PAULI.
1924 426 1992 435 —-
2028 397 2094 452 IN
2134 400 2350 459 EPIST.
2388 403 2479 459 AD
2517 402 2724 460 IIEBR.

3321 404 3438 465 906

152 522 382 590 propter
408 515 514 574 hoc
536 517 681 589 quod
714 516 771 574 in
800 517 996 576 Genesi
1025 520 1248 586 dicitur,
1285 520 1413 591 quia
1443 527 1597 575 erunt
1630 516 1737 570 duo
1765 515 1813 576 Α
1839 510 1897 566 In
1925 512 2029 566 hoc
2056 527 2185 568 vero
2209 516 2338 584 quia
2364 517 2577 586 plenam
2605 516 3025 587 promissionem
3053 522 3247 592 patria:
3270 525 3448 580 coale-

151 613 214 664 ιιι
249 626 406 665 carne
431 626 539 664 una
567 607 723 681 (Gen.
762 610 847 682 ιι).
898 610 1121 668 Addidit
1175 627 1392 683 quoque
1438 612 1634 676 adhuc,
1686 619 1743 667 et

150 697 283 765 hoc,
319 700 590 772 inquiens,
619 714 847 772 corpore
886 710 1138 761 emortuo
1161 704 1275 758 nati
1304 712 1427 759 sunt
1473 719 1583 758 non
1629 704 1740 759 vita

151 799 394 857 mortua,
420 792 516 849 sed
547 792 773 849 semine.
816 791 995 850 Senex
1026 795 1172 851 enim
1198 796 1362 851 homo
1386 811 1572 852 semen
1614 796 1739 868 qui-

108 952 113 957 .
152 883 281 941 dem
302 882 415 954 jam
448 884 677 941 fundere
699 894 879 957 potest
909 905 922 941 :
951 888 1049 944 sed
1096 896 1279 945 tamen
1327 889 1601 947 soliditate
1653 905 1741 946 se-

104 1034 113 1051 ἃ
150 976 320 1033 minis
348 985 520 1046 caret,
548 985 610 1034 ut
637 977 778 1035 ﬁlios
813 995 1106 1050 procreare
1133 983 1326 1051 possit,
1358 982 1462 1039 nisi
1502 982 1645 1040 forte
1675 987 1744 1041 de

151 1068 581 1136 adolescentula,
608 1080 669 1126 ut
711 1071 803 1128 alii
832 1071 1071 1128 fuerunt.
1102 1074 1255 1130 Sicut
1300 1076 1503 1142 sidera,
1545 1077 1739 1148 inquit,

153 1157 282 1213 caeli
310 1157 393 1214 vel
428 1174 592 1216 arena
621 1161 808 1217 maris.
851 1161 1206 1234 Hyperbolice
1231 1166 1335 1221 hoc
1381 1167 1587 1223 dictum
1635 1176 1740 1225 est.

151 1248 262 1306 Per
288 1251 468 1309 sidera
515 1262 699 1311 autem
747 1255 893 1323 coeli,
935 1256 1064 1313 boni
1112 1260 1447 1331 intelligendi
1496 1271 1623 1318 sunt
1676 1279 1745 1319 ex

148 1348 388 1414 utroque
411 1345 610 1417 populo
635 1346 732 1403 ﬁlii
758 1347 991 1406 Abrahae
1018 1366 1115 1422 per
1145 1352 1332 1418 ﬁdem,
1364 1363 1423 1407 at
1468 1368 1600 1409 vero
1645 1367 1745 1424 per

150 1450 379 1493 arenam
402 1439 571 1495 maris
585 1441 804 1512 reprobi
834 1442 1176 1513 accipiuntur
1200 1461 1267 1501 ex
1298 1443 1522 1501 Judaico
1546 1448 1745 1518 populo

150 1526 255 1584 ﬁlii
278 1528 516 1587 Abraha
533 1547 635 1602 per
655 1547 901 1599 carnem,
925 1535 1018 1606 qui
1073 1544 1286 1592 terrena
1330 1551 1546 1608 semper
1597 1554 1747 1610 quac-

149 1627 360 1686 rentes,
377 1622 616 1693 pondere
634 1633 982 1694 peccatorum
1006 1636 1318 1698 gravantur.
1335 1630 1403 1685 Et
1429 1632 1474 1685 si
1512 1630 1745 1686 homini-

147 1710 259 1767 bus
284 1713 454 1769 stellae
478 1714 625 1782 coeli,
656 1718 770 1772 sive
791 1732 954 1773 arena
984 1720 1155 1774 maris
1190 1720 1273 1776 vel
1320 1722 1484 1777 etiam
1527 1722 1600 1778 illi
1651 1724 1745 1795 qui

149 1802 420 1877 designati
455 1816 584 1862 sunt
619 1822 718 1878 per
738 1809 866 1877 hoc,
889 1810 1315 1869 innumerabiles
1335 1822 1482 1882 sunt,
1508 1814 1622 1871 Deo
1642 1831 1744 1871 au-

148 1902 265 1952 tem
306 1898 391 1953 cui
423 1900 604 1955 omnia
630 1908 819 1970 patent
844 1902 1212 1959 numerabiles
1239 1904 1496 1960 existunt.

225 1985 395 2042 Juxta
415 1988 594 2057 ﬁdem,
624 1990 678 2045 id
709 1999 795 2047 est
820 2008 943 2047 cum
973 1992 1100 2058 ﬁde,
1132 1994 1368 2065 defuncti
1402 2005 1525 2051 sunt
1567 2014 1746 2054 omnes

148 2079 264 2145 isti,
292 2095 394 2134 non
425 2082 651 2153 acceptis
693 2084 1180 2154 repromissionibus
1210 2100 1229 2139 .'
1270 2087 1362 2141 sed
1398 2105 1430 2141 a
1467 2087 1620 2160 longe
1658 2107 1748 2146 eas

150 2171 488 2240 aspicientes,
512 2173 825 2242 salutantes,
850 2184 901 2230 et
930 2177 1235 2248 conﬁtentes
1264 2180 1391 2250 quia
1420 2182 1680 2253 peregrini
1700 2192 1750 2237 et

150 2260 383 2331 hospites
412 2273 532 2319 sunt
576 2282 733 2338 super
777 2277 995 2324 terram.
1049 2269 1155 2337 Qui
1204 2273 1343 2327 enim
1390 2273 1505 2329 ha'c
1546 2274 1748 2342 dicunt,

148 2355 362 2412 scilicet
388 2374 402 2411 :
432 2358 556 2428 quia
586 2360 859 2431 peregrini
911 2371 1039 2417 sunt
1089 2378 1251 2434 super
1298 2371 1524 2431 terram,
1552 2366 1752 2437 signi/i-

148 2460 276 2505 cant
300 2467 357 2506 se
390 2454 617 2522 patriam
642 2455 927 2527 inquirere.
973 2455 1047 2510 Et
1098 2457 1353 2529 siquidem
1406 2457 1550 2514 illius
1590 2466 1752 2514 terra:

147 2544 505 2600 meminissent
540 2545 728 2619 dequa
752 2547 1013 2615 exierant,
1058 2548 1128 2605 ad
1168 2549 1273 2605 hoc
1317 2557 1379 2605 ut
1423 2548 1626 2605 vellent
1667 2563 1753 2603 re-

148 2635 319 2701 verti,
339 2636 599 2693 habebant
621 2639 802 2711 utique
820 2648 1022 2711 tempus
1045 2640 1333 2696 revertendi
1354 2654 1375 2694 :
1397 2657 1535 2697 nunc
1554 2651 1751 2709 autem,

152 2726 287 2798 quia
318 2728 513 2785 nolunt
541 2729 746 2785 reverti
773 2730 840 2785 ad
862 2745 984 2785 eam
1007 2731 1075 2786 de
1094 2747 1199 2801 qua
1225 2732 1493 2797 exierunt,
1526 2734 1618 2788 sed
1640 2746 1756 2788 mo-

157 2830 363 2877 rantur
392 2823 445 2877 in
476 2821 649 2879 aliena
678 2823 832 2893 quasi
858 2824 1156 2896 peregrini,
1192 2824 1457 2880 meliorem
1485 2833 1752 2897 appetunt,

155 2914 220 2970 id
248 2926 325 2972 est
347 2916 626 2974 celestern.
664 2919 783 2974 Duo
807 2919 1053 2990 quaedam
1080 2919 1169 2975 hic
1207 2920 1427 2991 dignum
1477 2926 1562 2975 est
1609 2933 1756 2989 quie-

154 3021 305 3064 rere.
340 3007 477 3066 Cum
528 3010 676 3065 enim
726 3011 1145 3083 supradixisset,
1177 3010 1476 3067 translatus
1521 3019 1604 3067 est
1651 3008 1753 3066 He-

150 3102 296 3158 noch
324 3118 395 3159 ne
422 3103 630 3160 videret
659 3117 911 3171 mortem,
929 3113 987 3161 et
1010 3122 1116 3161 non
1146 3103 1647 3170 inveniebatur,hic
1670 3102 1758 3159 di-

151 3194 250 3260 cit,
284 3196 411 3267 quia
436 3197 731 3253 secundum
762 3196 924 3254 ﬁdem
954 3197 1153 3254 mortui
1184 3206 1312 3254 sunt
1340 3212 1533 3254 omnes
1560 3194 1758 3251 isti.Et

152 3302 278 3341 cum
300 3287 497 3344 iterum
528 3288 776 3356 dixisset,
805 3304 911 3345 non
944 3289 1222 3360 accepisse
1246 3304 1341 3346 eos
1368 3287 1745 3359 repromissio-
1774 3261 1822 3329 θ

150 3391 272 3444 nes,
307 3377 401 3433 sed
431 3392 462 3434 a
493 3377 651 3452 longe
674 3379 975 3451 aspexisse,
1006 3379 1256 3452 superius
1299 3380 1438 3435 dixit
1484 3380 1550 3435 de
1587 3378 1746 3447 Abel,

152 3467 280 3538 quia
309 3468 675 3526 testimonium
715 3479 1040 3527 consecutus
1067 3479 1155 3526 est
1181 3471 1324 3542 quod
1356 3479 1502 3527 esset
1525 3470 1743 3541 justus:

152 3568 211 3615 et
233 3561 301 3617 de
321 3559 565 3628 Henoch,
594 3561 724 3634 quia
754 3563 1055 3620 translatus
1102 3574 1207 3620 est.
1254 3564 1331 3620 De
1379 3563 1492 3621 Noe
1533 3577 1749 3635 quoque

152 3651 279 3723 quia
305 3652 545 3710 salvatus
564 3662 652 3710 est
676 3654 743 3711 de
763 3656 1220 3713 condemnatione
1246 3657 1455 3724 mundi,
1479 3658 1546 3714 de
1572 3656 1749 3713 Abra-

151 3745 300 3812 ham,
330 3746 499 3802 etiam
524 3744 675 3802 Isaac
701 3755 757 3802 et
784 3746 970 3813 Jacob,
997 3748 1131 3803 nulli
1178 3749 1400 3805 dubium
1448 3749 1578 3819 quin
1627 3736 1749 3819 plu;

152 3838 326 3894 rimas
345 3836 737 3907 promissiones
759 3847 871 3893 tam
908 3839 975 3894 de
1000 3839 1220 3895 Christo
1271 3856 1436 3911 quam
1489 3842 1557 3895 de
1601 3850 1748 3896 terra

153 3914 596 3998 repromissionis
623 3929 985 3998 acceperunt?
1023 3927 1155 3997 Quae
1185 3930 1293 3986 duo
1327 3930 1639 4002 hujusmodi
1668 3944 1752 3985 so-

155 4016 367 4073 lutione
391 4025 568 4089 egent.
599 4016 754 4086 Quod
779 4018 1015 4089 primum
1045 4020 1213 4088 dixit,
1244 4035 1436 4077 omnes
1476 4022 1568 4077 isti
1602 4035 1752 4077 mor-

159 4106 239 4164 tui
278 4116 550 4164 suntcum
580 4107 704 4176 ﬁde,
734 4108 809 4165 ita
847 4117 932 4166 est
960 4109 1368 4182 intelligendum
1403 4131 1416 4166 :
1448 4112 1594 4184 quod
1634 4128 1752 4168 om-

154 4212 257 4255 nes
281 4197 356 4254 illi
386 4199 586 4255 mortui
627 4206 777 4266 sunt,
815 4210 1017 4271 praeter
1043 4202 1219 4258 solum
1265 4202 1487 4260 Henoch
1509 4246 1525 4271 ,
1587 4220 1749 4278 quem

157 4291 414 4347 novimus
438 4306 560 4347 esse
590 4291 934 4349 translatum.
967 4293 1121 4363 Quod
1154 4311 1285 4352 vero
1311 4297 1613 4363 subintulit,
1641 4314 1751 4356 non

160 4387 439 4459 accepisse
467 4402 562 4444 eos
590 4389 1064 4459 repromissiones,
1092 4391 1441 4449 manifestum
1478 4401 1593 4461 est,
1622 4395 1749 4465 quia

157 4483 215 4538 in
257 4480 582 4552 quihusdam
630 4482 795 4539 rebus
839 4495 1186 4556 acceperunt,
1211 4487 1267 4542 in
1293 4488 1614 4569 quibusdam
1653 4489 1752 4546 mi-

157 4573 329 4630 nime.
352 4572 577 4645 Accepit
602 4574 871 4644 siquidem
901 4575 1121 4634 Henoch
1152 4594 1221 4635 ne
1246 4580 1456 4636 videret
1489 4592 1743 4651 mortem,

158 4668 373 4739 accepit
398 4666 513 4724 Noe
535 4676 597 4722 ut
620 4666 946 4733 salvaretur,
963 4682 1291 4743 acceperunt
1312 4680 1365 4728 et
1388 4672 1479 4728 alii
1505 4673 1741 4746 plurimi.

158 4762 272 4820 Sed
300 4762 418 4818 haec
440 4760 664 4833 quidem
701 4771 858 4818 erant
885 4763 990 4821 illis
1014 4765 1268 4824 libamina
1300 4770 1568 4839 quaedam,
1590 4780 1748 4828 erant

157 4866 216 4913 et
239 4858 427 4930 primae
448 4859 854 4930 degustationes
882 4860 1205 4929 futurorum,
1235 4880 1342 4919 non
1364 4865 1643 4935 plenitudo
1662 4882 1748 4921 re-

156 4950 608 5023 promissionum.
651 4949 796 5008 Deus
836 4953 981 5009 enim
1032 4970 1141 5011 non
1183 4955 1357 5013 solum
1400 4973 1521 5028 quae
1565 4957 1746 5015 futura

160 5050 292 5099 sunt
319 5042 475 5119 nobis
498 5042 749 5115 largitur,
788 5044 882 5100 sed
913 5046 1078 5100 etiam
1109 5062 1230 5117 qua:
1261 5048 1421 5119 hujus
1447 5050 1571 5105 vitae
1621 5056 1750 5104 sunt

159 5117 473 5191 necessaria
520 5141 775 5204 praestat,
806 5133 948 5189 sicut
988 5134 1268 5206 discipulis
1326 5117 1440 5192 suis
1490 5136 1703 5194 dicebat
1737 5155 1751 5192 :

160 5225 408 5283 Primum
430 5226 648 5296 quierite
672 5242 886 5297 regnum
908 5224 1007 5281 Dei
1032 5236 1082 5280 et
1095 5226 1361 5297 justitiam
1390 5228 1504 5298 ejus
1520 5269 1536 5296 ,
1557 5238 1605 5283 et
1643 5229 1756 5285 haec

160 5317 714 5389 omnim-temporalia
753 5318 899 5385 vitae,
929 5318 1251 5390 inquautum
1278 5320 1593 5391 expediunt,
1615 5320 1758 5390 adji-

164 5409 373 5464 cientur
396 5406 536 5463 vobis
566 5405 784 5479 (Matth.
805 5407 903 5479 v1).
939 5408 997 5463 In
1021 5409 1126 5466 hoc
1150 5410 1295 5467 enim
1339 5410 1466 5481 quia
1515 5409 1571 5465 in
1618 5426 1758 5482 prm-

162 5500 310 5559 senti
334 5498 532 5555 saeculo
550 5514 615 5555 ex
648 5507 801 5569 parte
835 5499 1045 5556 laudem
1065 5500 1292 5571 iustitiae
1316 5515 1752 5575 promeruerunt,

165 5609 274 5651 nec
330 5607 453 5650 cum
500 5591 684 5663 impiis
737 5591 1019 5662 perierunt
1074 5592 1475 5667 locupletesque
1539 5595 1761 5654 fuerunt

165 5688 330 5747 bonis
353 5684 757 5756 temporalibus,
772 5683 901 5739 licet
930 5687 1199 5757 peregrini
1229 5698 1433 5754 essent,
1458 5697 1519 5744 ut
1536 5698 1662 5759 pote
1682 5679 1761 5747 le-

166 5784 319 5856 gitur
341 5781 407 5837 de
426 5778 721 5842 Abraham,
738 5776 864 5847 quia
884 5786 1003 5833 erat
1020 5778 1170 5835 dives
1196 5780 1252 5835 in
1274 5791 1500 5852 argento
1526 5791 1584 5838 et
1604 5797 1759 5850 auro,

170 5878 383 5951 aliquas
453 5872 856 5945 degustationes
904 5873 1322 5944 promissionum
1380 5886 1757 5948 perceperunt.

493 5970 771 6032 Parnon.
817 5967 1070 6031 CXVII.

1769 4633 1826 4695 D

1842 605 1942 661 stis
1970 621 2074 660 non
2102 615 2228 662 sunt
2253 610 2555 675 consecuti,
2582 611 2736 682 quasi
2767 627 2874 667 non
2906 624 3268 685 perceperunt
3309 633 3439 688 pro-

1842 696 2153 762 missiones,
2177 700 2243 753 de
2265 700 2421 771 longe
2449 712 2628 757 tamen
2660 702 2998 772 aspiciebant
3025 705 3440 775 promissiones,

1843 805 1980 861 quas
2009 792 2234 848 veniens
2261 792 2522 849 Dominus
2547 794 2796 851 Christus
2831 798 3176 867 praedicavit,
3207 798 3393 858 dicens
3423 823 3437 858 :

1845 880 2112 949 Quoniam
2140 890 2184 939 si
2211 884 2335 953 quis
2350 885 2620 940 dimiserit
2650 887 2863 941 domum
2885 899 2977 943 aut
3003 890 3215 960 fratres,
3239 902 3333 946 aut
3355 912 3443 949 so—

1846 988 2008 1036 rores,
2034 983 2128 1027 aut
2147 984 2371 1044 patrem,
2397 985 2488 1029 aut
2511 985 2732 1031 matrem
2765 989 2976 1049 propter
3004 998 3105 1048 me,
3137 984 3441 1056 centuplum

1845 1065 2082 1135 accipiet,
2107 1075 2156 1120 et
2187 1067 2346 1121 vitam
2393 1076 2641 1122 a’ternam
2690 1071 2974 1138 possidebit
3034 1072 3252 1143 (Matth.
3296 1080 3437 1146 xix).

1845 1158 2009 1214 Istam
2057 1161 2473 1232 promissionem
2529 1180 2637 1218 non
2694 1173 2820 1220 sunt
2863 1169 3140 1223 consecuti
3197 1169 3270 1224 illi
3318 1184 3444 1226 ante

1846 1257 2059 1313 Domini
2094 1260 2549 1325 adventum,licet
2571 1261 2751 1316 omnia
2781 1276 2878 1317 sua
2908 1263 3285 1333 reliquissent,
3302 1269 3443 1321 sicut

1847 1357 1903 1403 et
1930 1350 2160 1422 apostoli
2195 1370 2208 1406 :
2235 1351 2350 1407 sive
2380 1351 2550 1408 etiam
2585 1353 2978 1423 promissiones
3001 1356 3068 1410 de
3100 1356 3314 1412 Domini
3342 1360 3438 1413 ad-

1846 1455 2010 1502 ventu
2026 1462 2131 1503 non
2159 1449 2597 1514 suntconsecuti,
2640 1449 2919 1519 quoniam,
2948 1449 3076 1506 licet
3102 1451 3181 1506 eis
3209 1454 3441 1523 promis-

1848 1552 1943 1593 sus
1964 1546 2131 1604 esset,
2158 1546 2337 1594 tamen
2385 1555 2492 1594 non
2542 1540 2797 1595 viderunt
2843 1556 2968 1597 eum
3009 1553 3334 1613 praesentem
3387 1546 3439 1599 in

1848 1630 2071 1684 mundo.
2102 1628 2426 1685 Salutabant
2453 1646 2670 1701 quoque
2696 1632 2916 1688 easdem
2948 1634 3360 1704 promissiones,
3389 1635 3444 1690 id

1849 1728 1934 1775 est
1961 1721 2227 1791 optabant
2254 1730 2311 1778 et
2340 1722 2746 1789 desiderabant,
2779 1726 2923 1781 sicut
2968 1724 3229 1782 Dominus
3267 1728 3343 1781 ait
3388 1728 3443 1783 in

1848 1810 2144 1883 Evangelia
2178 1831 2190 1867 :
2228 1812 2387 1867 Multi
2417 1831 2560 1884 reges
2588 1825 2637 1869 et
2665 1817 2928 1887 propheta:
2962 1817 3235 1873 voluerunt
3273 1820 3449 1874 videre

1701 1919 1710 1927 ·
1773 1896 1821 1957 Β
1846 1920 1964 1974 quae
1987 1919 2077 1958 vos
2099 1904 2308 1971 videtis,
2324 1915 2372 1958 et
2395 1922 2499 1958 non
2521 1906 2784 1973 viderunt,
2801 1918 2849 1962 et
2869 1909 3057 1964 audire
3075 1926 3194 1980 qua:
3221 1911 3441 1977 auditis,

1848 2005 1897 2051 et
1926 2013 2030 2051 non
2054 1997 2339 2052 audierunt
2362 1996 2513 2069 (Luc.
2549 1997 2625 2069 x).
2690 1999 2770 2054 Ex
2814 2002 3134 2071 metaphora
3183 2003 3447 2073 navigan-

1851 2087 1986 2141 tium
2005 2087 2145 2142 dixit
2173 2088 2493 2154 salutantes,
2523 2090 2647 2160 quia
2679 2106 2709 2145 a
2740 2090 2900 2163 longe
2926 2094 3320 2164 prospicientes
3357 2096 3449 2152 de—

1850 2179 2117 2236 sideratas
2140 2180 2393 2237 civitates
2424 2192 2716 2253 antequam
2745 2183 3119 2255 ingrediantur
3146 2201 3267 2253 eas,
3297 2188 3448 2244 salu-

1852 2272 2060 2328 tatione
2112 2275 2476 2345 praeveniunt,
2504 2291 2706 2348 easque
2735 2276 2837 2332 sibi
2864 2276 3161 2335 familiares
3188 2279 3446 2338 eﬁiciunt.

1850 2364 2199 2436 Aspiciebant
2227 2377 2409 2424 autem
2438 2369 2493 2423 in
2532 2370 2636 2425 ﬁde
2669 2370 2802 2425 istas
2827 2371 3243 2440 promissiones,
3267 2374 3450 2431 salva-

1852 2455 1984 2512 bant
2010 2458 2299 2523 desiderio,
2329 2468 2385 2515 et
2405 2459 2810 2516 conﬁtebantur
2838 2477 3089 2519 sermone
3117 2466 3262 2534 quod
3290 2482 3449 2537 pere-

1854 2549 1995 2620 grini
2033 2558 2240 2616 essent,
2278 2549 2436 2621 juxta
2486 2551 2631 2621 quod
2674 2550 2961 2608 Psalmista
2994 2554 3150 2623 dicit,
3189 2557 3450 2626 quoniam

1853 2644 2158 2715 peregrinus
2220 2661 2338 2699 sum
2385 2644 2526 2715 apud
2573 2653 2621 2699 te
2644 2686 2659 2713 ,
2717 2646 2852 2700 sicut
2903 2663 3080 2702 omnes
3126 2659 3301 2719 patres
3348 2653 3452 2706 mei

1858 2730 2032 2804 (Psal.
2057 2734 2312 2806 xxxviii).
2345 2733 2675 2805 Peregrinus
2696 2751 2728 2790 a
2755 2750 3006 2808 peregre,
3034 2738 3087 2792 id
3126 2747 3207 2795 est
3238 2739 3453 2812 alonge

1855 2821 2254 2894 proﬁciscendo
2284 2824 2464 2880 dictus
2492 2833 2593 2880 est.
2626 2824 2928 2897 Peragrare
2963 2829 3111 2883 enim
3159 2830 3453 2899 perambu-

1858 2912 1973 2968 lare
2005 2914 2257 2970 dicimus.
2300 2913 2437 2967 Nam
2467 2915 2560 2985 qui
2607 2915 2662 2970 in
2704 2916 3069 2973 tabernaculis
3106 2919 3450 2986 habitabant,

1856 3005 1950 3075 qui
1987 3005 2237 3075 sepulcra
2261 3005 2509 3076 pecuniis
2534 3007 2823 3073 emebant,
2850 3020 3174 3081 certumque
3197 3022 3284 3067 est
3317 3028 3451 3082 quo-

1859 3098 2008 3152 niam
2034 3098 2309 3169 peregrini
2340 3105 2516 3159 erant,
2548 3098 2602 3153 in
2630 3106 2839 3154 tantum
2864 3109 2925 3154 ut
2967 3102 3131 3156 etiam
3184 3104 3275 3158 ubi
3323 3119 3452 3161 suos

1862 3190 2159 3261 sepelirent
2189 3204 2297 3245 non
2343 3189 2626 3245 haberent.
2672 3189 3011 3262 Quapropter
3051 3192 3225 3264 prima
3280 3196 3454 3251 virtus

1853 3293 1939 3340 est
1958 3284 2307 3355 peregrinum
2336 3296 2459 3339 esse
2485 3284 2675 3339 mundi
2700 3285 2864 3356 hujus
2885 3294 2940 3341 et
2966 3287 3257 3357 hospitem,
3290 3290 3454 3345 nihil-

1852 3395 1958 3450 que.
1986 3379 2193 3434 habere
2225 3393 2514 3434 commune
2545 3393 2671 3434 cum
2699 3379 2918 3450 regibus
2947 3380 3108 3449 hujus
3127 3380 3333 3448 saeculi,
3356 3382 3451 3437 sed

1851 3473 2123 3528 removeri
2156 3471 2225 3526 ab
2253 3470 2333 3526 eis
2362 3470 2501 3525 sicut
2530 3469 2850 3541 peregrinus

1921 3562 2052 3619 Ideo
2083 3580 2185 3617 non
2227 3562 2592 3630 confunditur,
2619 3563 2670 3617 id
2696 3571 2781 3618 est
2816 3578 2925 3617 non
2952 3562 3248 3630 erubescit,
3304 3563 3451 3619 Deus

1851 3658 2030 3714 vocari
2057 3657 2197 3711 Deus
2222 3656 2455 3711 illorum.
2477 3654 2695 3711 Paravit
2711 3657 2848 3711 enim
2870 3656 2977 3710 illis
2996 3657 3277 3712 civitatem.
3305 3656 3451 3723 Ideo,

1852 3750 2049 3820 influit,
2075 3750 2201 3821 quia
2232 3750 2307 3804 illi
2335 3749 2446 3805 Deo
2475 3750 2855 3817 crediderunt,
2882 3750 3127 3821 nihilque
3174 3751 3240 3808 de
3276 3760 3452 3807 terre-

1859 3843 1949 3897 nis
1977 3842 2078 3896 sibi
2108 3850 2589 3911 prtesumpserunt,
2609 3843 2675 3897 ad
2698 3844 2803 3898 hoc
2823 3849 2884 3896 ut
2907 3843 2959 3896 in
2993 3843 3101 3898 illis
3126 3858 3275 3913 spem
3298 3860 3455 3900 suam

1850 3940 2142 4005 ponerent,
2204 3932 2409 3987 idcirco
2451 3949 2559 3988 non
2608 3934 2882 3990 erubescit
2930 3936 3273 4005 omnipotens
3310 3935 3457 3993 Deus

1852 4026 2041 4082 vocari
2074 4025 2220 4081 Deus
2250 4025 2490 4082 illorum.
2519 4025 2612 4081 Sic
2644 4027 2790 4081 enim
2836 4027 2952 4099 ipse
2990 4027 3122 4082 dicit
3146 4044 3159 4081 :
3182 4028 3295 4099 Ego
3335 4045 3455 4085 sum

1852 4116 1995 4173 Deus
2018 4116 2306 4179 Abraham,
2327 4115 2469 4171 Deus
2492 4114 2672 4183 Isaac,
2701 4126 2749 4171 et
2774 4115 2915 4172 Deus
2931 4117 3099 4171 Jacob
3124 4117 3304 4188 (Deut.
3346 4119 3455 4192 in),

1851 4226 1949 4283 per
2002 4209 2161 4265 ﬁdem
2209 4208 2464 4265 videlicet
2515 4210 2748 4281 vitaeque
2802 4212 3077 4267 meritum.
3128 4209 3283 4267 Sicut
3308 4214 3456 4269 enim

1852 4303 2187 4377 gloriﬁcatur
2215 4303 2434 4373 quando
2455 4303 2814 4373 benignorum
2843 4314 2899 4360 et
2917 4305 3246 4376 optimorum
3271 4308 3455 4363 homi-

1853 4394 1983 4451 num
2014 4394 2157 4450 Deus
2190 4402 2417 4449 vocatur
2443 4404 2498 4449 et
2533 4394 2830 4450 colentium
2867 4396 3146 4461 virtutem,
3175 4396 3255 4453 sic
3281 4413 3450 4454 econ-

1854 4487 2027 4543 trario
2052 4484 2400 4542 confunditur
2428 4494 2481 4541 et
2513 4487 2791 4542 erubescit
2820 4487 2873 4541 in
2919 4488 3056 4543 actis
3094 4488 3457 4545 nefandorum

1853 4582 1899 4637 si
1930 4580 2213 4636 invocatur
2233 4580 2301 4634 ab
2331 4579 2457 4635 illis.
2486 4579 2642 4635 Unde
2669 4579 2800 4635 dicit
2830 4595 2930 4651 per
2959 4580 3278 4651 prophetam
3304 4597 3315 4635 :
3349 4579 3454 4635 Per

1852 4690 1944 4729 vos
1968 4688 2154 4727 nomen
2181 4688 2353 4727 meum
2386 4671 2779 4742 blasphematur
2797 4671 2935 4726 inter
2955 4680 3129 4742 gentes
3162 4671 3317 4742 (Isai.
3343 4674 3451 4745 ιιι).

1852 4765 1933 4822 Illi
1981 4774 2161 4821 autem
2210 4765 2285 4819 ita
2327 4773 2485 4819 erant
2514 4763 2646 4819 clari
2673 4765 2967 4820 virtutibus
3018 4774 3071 4819 et
3120 4764 3450 4819 conﬁdentia

1853 4858 2023 4931 pleni,
2047 4866 2110 4913 ut
2131 4873 2237 4912 non
2270 4856 2714 4922 confunderetur,
2745 4856 2839 4912 sed
2885 4856 3067 4927 potius
3108 4856 3449 4928 gloriﬁcare-

1855 4968 1965 5019 tur,
1996 4966 2121 5008 cum
2148 4950 2365 5004 illorum
2393 4958 2682 5004 vocaretur
2722 4950 2883 5005 Deus.
2918 4948 3127 5004 Dicitur
3156 4956 3337 5002 autem
3366 4962 3455 5018 ge.

1855 5044 2113 5102 neraliter
2136 5043 2280 5098 Deus
2310 5051 2469 5097 terrae
2491 5050 2545 5097 et
2575 5042 2718 5096 Deus
2751 5042 2897 5107 coeli,
2927 5039 3199 5109 siquidem
3226 5047 3282 5095 et
3311 5038 3454 5094 Deus

1857 5136 2120 5207 gentium,
2146 5143 2203 5189 ct
2232 5149 2339 5188 non
2384 5133 2557 5188 solum
2608 5133 2887 5202 gentium,
2933 5132 3028 5187 sed
3073 5131 3240 5186 etiam
3287 5132 3457 5189 totius

1859 5226 2065 5292 mundi,
2098 5240 2164 5282 eo
2213 5224 2357 5295 quod
2410 5224 2524 5294 ipse
2576 5224 2759 5281 omnia
2806 5223 3069 5279 condidit.
3126 5220 3454 5285 Sanctorum

1858 5321 2235 5377 vero'illorum
2262 5333 2371 5373 non
2400 5317 2481 5373 sic
2529 5317 2731 5373 dicitur
2776 5316 2923 5372 Deus
2971 5314 3313 5375 solummodo
3355 5330 3456 5387 per

1858 5413 2223 5476 creationem,
2251 5409 2347 5465 sed
2382 5409 2525 5465 sicut
2560 5408 2789 5471 amicus,
2816 5405 3016 5463 dicitur
3058 5413 3115 5461 et
3156 5420 3302 5460 nunc
3343 5406 3454 5461 Do-

1859 5508 2040 5564 minus
2065 5506 2210 5561 Deus
2230 5501 2686 5559 Christianorum.
2733 5500 2974 5567 Paravit,
3007 5499 3201 5570 inquit,
3238 5499 3343 5555 illis
3371 5499 3453 5556 ci-

1858 5599 2081 5655 vitatem
2125 5594 2450 5660 Jerusalem,
2494 5592 2705 5649 scilicet
2745 5591 3045 5655 caelestem,
3090 5590 3318 5662 ideoque
3344 5604 3455 5646 non

1861 5691 2007 5748 dedit
2033 5689 2141 5745 illis
2169 5688 2222 5742 in
2251 5685 2506 5759 praesenti
2536 5684 2734 5740 saeculo
2760 5683 3156 5749 luereditatem,
3177 5680 3260 5738 vel
3283 5681 3452 5738 etiam

1863 5786 1985 5841 ideo
2012 5797 2119 5838 non
2148 5780 2424 5838 erubescit
2449 5778 2633 5834 vocari
2664 5777 2807 5833 Deus
2839 5776 3051 5832 illorum
3070 5817 3085 5842 ,
3113 5775 3239 5847 quia
3267 5788 3455 5849 secum

1864 5872 2274 5947 praedestinavit
2298 5871 2421 5927 illos
2450 5886 2681 5945 regnare
2707 5871 2760 5925 in
2791 5868 3002 5926 caelesti
3027 5868 3269 5943 civitate.

2933 5961 3012 6051 2.9
