3974 6462
514 407 623 468 907

979 401 1337 464 HAYMONIS
1375 396 1858 460 HALBERSTAT.
1901 400 2119 458 EPlSC.
2158 396 2312 456 OPP.
2350 395 2534 452 PARS
2567 394 2610 452 ι
2651 425 2724 447 -τ-
2750 393 3114 453 multum.
3145 394 3319 451 BIBL.

588 525 724 581 Fide
746 522 929 580 obtulit
954 512 1220 575 Abraham
1242 517 1401 573 Isaac
1426 534 1545 572 cum
1573 525 1864 572 tentaretur
1888 525 1937 570 et
1976 517 2097 570 uni-
2126 526 2178 587 Α
2197 527 2353 583 quem
2376 520 2433 563 tu
2465 510 2792 581 percussisti,
2829 510 2935 566 hoc
2963 517 3047 565 est
3065 549 3080 574 ,
3107 510 3318 581 percuti
3338 509 3670 581 permishti,
3707 526 3833 579 per.

516 620 745 694 genitum
760 613 1026 685 oﬂ'erebat,
1045 614 1100 667 in
1125 629 1225 683 quo
1239 621 1532 682 susceperat
1560 611 2003 681 repromissiones,
2030 615 2098 664 ad

516 730 667 786 quem
692 711 887 764 dictum
927 717 1001 763 est
1041 706 1167 778 quia
1203 706 1261 760 in
1293 705 1451 760 Isaac
1477 705 1747 760 vocabitur
1772 704 1864 759 tibi
1902 721 2099 770 semen,

515 804 779 860 arbitrans
806 800 931 869 quia
965 806 1012 852 et
1042 815 1073 851 a
1103 797 1325 851 mortuis
1349 798 1606 850 suscitare
1623 804 1803 866 potens
1826 805 1901 850 est
1934 795 2097 849 Deus.

517 893 657 963 Quid
692 901 775 947 est
803 890 945 960 quod
975 890 1164 945 beatus
1187 887 1424 943 Jacobus
1449 886 1504 940 in
1544 886 1771 957 epistola
1811 899 1908 941 sua
1950 901 2104 940 men-

517 989 716 1041 tionem
746 982 978 1037 Abrahae
1017 980 1224 1035 faciens
1270 978 1456 1033 laudat
1493 992 1615 1032 eum
1664 989 2005 1047 summopere
2032 989 2101 1031 ex

515 1074 769 1147 operibus
799 1071 942 1137 suis;
994 1070 1186 1125 beatus
1222 1082 1352 1123 vero
1390 1067 1664 1137 apostolus
1702 1082 1808 1122 non
1846 1080 2011 1137 opera
2040 1065 2104 1120 il-

513 1166 641 1232 lius,
670 1164 764 1220 sed
790 1160 948 1218 ﬁdem
976 1160 1336 1216 attentissime
1375 1156 1755 1214 commendat?
1799 1156 1967 1212 Recte
2009 1156 2104 1227 igi-

518 1266 604 1311 tur
629 1257 821 1311 bcatus
861 1251 1098 1307 lacubus
1148 1264 1216 1304 ex
1262 1246 1516 1317 operibus
1540 1262 1661 1301 eum
1690 1244 1876 1301 laudat
1895 1285 1909 1310 ,
1938 1259 2101 1314 quem

516 1348 724 1404 sciebat
751 1344 915 1401 etiam
940 1342 1044 1398 ﬁde
1068 1339 1388 1411 perfectum,
1418 1337 1673 1407 quoniam
1694 1334 1799 1391 illis
1827 1335 2104 1391 scribebat

516 1441 608 1512 qui
641 1438 803 1494 ﬁdem
849 1435 1070 1507 quidem
1121 1433 1440 1489 videbantur
1470 1429 1691 1493 habere,
1719 1430 1814 1484 scd
1855 1428 2102 1487 eamdem

472 1488 487 1582 l
514 1488 1133 1599 ἶιᾷὲιῖιξόιζιξςξρὲιῖίυυε
1160 1540 1265 1581 non
1287 1522 1639 1579 exornabant.
1667 1488 1738 1576 Ᾰι
1762 1535 1891 1578 vero
1911 1521 2105 1579 beatus

515 1625 734 1690 Paulus,
771 1625 862 1694 qui
889 1624 996 1678 illis
1041 1621 1312 1678 scribebat
1340 1618 1433 1688 qui
1462 1630 1626 1689 opera
1674 1615 1815 1671 bona
1843 1612 1978 1684 legis
2026 1611 2107 1668 vi-

516 1721 784 1776 debantur
805 1719 1026 1783 habere,
1046 1717 1141 1772 sed
1165 1716 1325 1770 ﬁdem
1351 1712 1650 1785 perfectam
1675 1725 1784 1766 non
1807 1709 2099 1774 habebant,

508 1809 635 1881 jure
672 1809 830 1866 ﬁdem
854 1809 1086 1864 Abrahae
1116 1790 1379 1861 attentius
1397 1807 1815 1863 commemorat,
1835 1807 2103 1869 quatenus

2202 605 2364 660 secuti
2392 613 2515 657 sunt
2543 602 2718 674 (Psal.
2749 601 2965 675 uvnt).
3006 603 3075 658 Et
3098 604 3238 658 Deus
3263 602 3424 659 Pater
3452 619 3554 673 per
3598 603 3829 659 Zacha-

2201 697 2340 752 riam
2396 712 2411 750 :
2464 693 2770 749 Percutiam
2824 707 3087 765 pastorem
3130 695 3347 767 (Matth.
3389 697 3572 768 xxvi),
3620 695 3685 751 id
3719 704 3827 763 est,

2200 788 2411 859 percuti
2440 787 2774 857 permittam.
2802 786 2947 858 Ignis
2966 802 3181 857 quoque
3205 803 3366 858 quem
3399 789 3649 855 ferebat,
3674 788 3834 846 calor

2202 886 2259 935 et
2283 879 2467 934 fervor
2491 892 2718 934 summat
2749 877 3061 933 dilectionis
3091 877 3239 933 illius
3268 888 3378 942 est,
3408 895 3519 948 qua
3550 894 3666 934 nos
3697 879 3828 933 dili-

2203 972 2512 1046 git,dequa
2527 971 2725 1027 dicitur
2749 989 2762 1025 :
2792 968 2880 1025 Sic
2902 969 3043 1024 Deus
3070 969 3255 1025 dilexit
3282 971 3567 1035 mundum,
3603 980 3669 1024 ut
3699 969 3835 1027 Uni-

2202 1064 2435 1136 genitum
2454 1077 2608 1121 suum
2632 1061 2781 1116 daret
2806 1077 2906 1133 pro
2931 1062 3133 1117 mundo
3157 1060 3337 1131 (Joan.
3367 1061 3475 1132 ιιι).
3510 1062 3665 1116 Nam
3689 1063 3831 1117 sicut

2203 1158 2480 1214 Abraham
2515 1157 2736 1211 unicum
2779 1165 2836 1210 et
2883 1155 3139 1211 dilectum
3186 1153 3357 1209 lilium
3387 1170 3555 1210 suum
3596 1153 3722 1209 Deo
3752 1155 3827 1209 vi-

2205 1249 2429 1305 ctimam
2453 1247 2669 1314 obtulit,
2698 1248 2773 1303 ita
2807 1248 2948 1302 Deus
2998 1245 3162 1301 Pater
3210 1245 3556 1316 unigenitum
3618 1244 3825 1299 Filium

2202 1355 2305 1414 pro
2331 1340 2489 1397 nobis
2525 1340 2776 1395 omnibus
2838 1339 3081 1396 tradidit.
3139 1337 3293 1394 Isaae
3341 1347 3533 1394 autem
3562 1338 3695 1409 ipse
3726 1339 3826 1393 sibi

2204 1433 2354 1505 ligna
2401 1433 2651 1505 gestabat
2704 1432 2901 1502 quibus
2949 1440 3070 1487 erat
3122 1430 3527 1502 imponendos,
3588 1432 3728 1501 quia
3775 1441 3823 1485 et

2205 1524 2456 1582 Christus
2483 1525 2736 1595 portabat
2780 1523 2836 1580 in
2866 1524 3109 1579 humeris
3148 1522 3352 1594 lignum
3391 1522 3584 1578 crucis
3617 1523 3681 1577 in
3720 1538 3821 1593 quo

2207 1615 2602 1687 cruciﬁgendus
2631 1622 2770 1671 erat.
2820 1614 2979 1671 Aries
3008 1614 3279 1685 signiﬁcat
3322 1628 3559 1669 carnem

2206 1706 2360 1764 Isaac
2398 1706 2612 1763 oblatus
2634 1714 2751 1773 est,
2776 1716 2832 1761 et
2857 1722 2963 1762 non
3016 1706 3351 1771 interiectus,
3383 1708 3487 1761 sed
3522 1706 3679 1762 aries
3709 1715 3820 1762 tm-

2210 1807 2346 1865 tutu,
2376 1799 2503 1869 quia
2542 1798 2792 1855 Christus
2819 1800 2873 1854 in
2904 1800 3159 1869 passione
3186 1798 3404 1855 oblatus
3429 1808 3547 1865 est,
3593 1800 3698 1855 sed
3742 1800 3815 1855 di-

516 1903 795 1959 studerent
839 1916 964 1956 eum
1013 1898 1239 1963 imitari,
1262 1896 1348 1951 vel
1369 1902 1518 1951 certe
1543 1900 1601 1947 ut
1624 1890 1934 1947 ostenderet
1976 1891 2105 1959 quia
2134 1884 2187 1946 Β
2208 1890 2410 1945 vinitas
2434 1889 2582 1945 illius
2604 1890 2956 1961 impassibilis
2977 1890 3179 1946 mansit

514 1998 608 2069 qui
638 1995 733 2051 ﬁlii
777 1994 1009 2049 Abrahae
1058 1991 1244 2047 volunt
1283 2003 1434 2054 esse,
1461 1998 1683 2042 necesse
1713 1990 1800 2039 est
1842 1982 2007 2038 ﬁdem
2044 1991 2105 2038 et
2140 2040 2145 2046 ,

513 2103 681 2160 Opera
703 2086 972 2148 habeant,
997 2082 1194 2136 merito
1223 2093 1362 2135 unus
1389 2093 1457 2132 ex
1496 2074 1622 2139 ﬁde,
1654 2072 1790 2128 alter
1830 2072 2103 2128 nihilomi-

516 2196 624 2237 nus
665 2177 905 2233 laudavit
931 2189 1055 2229 eum
1084 2189 1153 2229 ex
1197 2170 1472 2242 operibus.
1503 2165 1662 2232 Fide,
1689 2164 1885 2236 inquit,
1915 2164 2100 2220 obtulit

513 2274 783 2331 Abraham
831 2269 988 2324 Isaac
1036 2283 1154 2321 cum
1204 2270 1513 2326 tentaretur,
1544 2259 1673 2315 licet
1718 2273 1827 2314 non
1875 2257 2105 2315 haberet

514 2365 686 2421 ﬁlium
720 2362 950 2418 liberum
979 2358 1083 2413 nisi
1110 2356 1281 2423 illum,
1312 2363 1369 2410 et
1399 2354 1455 2409 in
1480 2354 1571 2410 illo
1600 2351 1934 2426 percepisset
1977 2363 2102 2419 pro-

515 2453 802 2511 missiones
828 2449 971 2519 quod
994 2447 1285 2503 multarum
1313 2446 1555 2517 gentium
1583 2452 1729 2501 esset
1760 2442 1972 2497 futurus
2006 2438 2103 2509 pa—‘

514 2556 621 2613 ter,
661 2554 842 2601 tamen
869 2557 975 2597 non
1020 2540 1125 2596 fuit
1164 2540 1287 2594 ideo
1316 2537 1632 2594 inobediens
1657 2535 1804 2600 Deo;
1835 2540 1892 2586 et
1925 2545 2101 2601 quan-

517 2651 681 2708 quam
726 2633 1004 2691 contraria
1053 2631 1252 2685 iterum
1282 2627 1516 2691 audiret,
1555 2626 1769 2681 dicente
1811 2622 1913 2680 sibi
1944 2623 2054 2677 Deo
2086 2639 2099 2674 :

515 2726 664 2785 Oli'er
684 2725 837 2780 lsaac
863 2722 1030 2777 ﬁlium
1063 2728 1215 2775 tuum
1257 2718 1390 2774 mihi
1412 2714 1564 2788 (Gen.
1609 2716 1746 2786 χχιι)
1767 2755 1784 2781 ,
1809 2730 1841 2770 a
1862 2727 1970 2784 quo
1990 2713 2104 2783 jam

517 2818 767 2874 audierat
792 2832 806 2869 :
837 2812 975 2879 Quia
1003 2813 1061 2867 in
1086 2810 1244 2867 Isaac
1287 2809 1559 2864 vocabitur
1584 2808 1678 2863 tibi
1728 2822 1904 2862 semen
1932 2800 2100 2877 (Gen.

514 2909 653 2982 xxx),
683 2922 791 2963 non
812 2904 1081 2961 haesitavit
1121 2903 1186 2959 de
1231 2899 1699 2972 promissiouibus,
1724 2898 1950 2959 credens
1977 2896 2107 2966 quia

517 3018 551 3058 a
573 3000 802 3056 mortuis
822 3004 1004 3070 posset
1036 2994 1185 3050 illum
1214 2992 1477 3048 suscitare
1505 2990 1667 3056 Deus,
1697 2998 1753 3045 et
1781 3004 1849 3045 ex
1877 3003 1945 3044 eo
1966 2986 2107 3042 mul-

514 3096 796 3152 titudinem
825 3089 1142 3164 pOpulornm
1166 3085 1539 3157 multiplicum.
1569 3084 1907 3154 Quapropter
1935 3079 2107 3137 ﬁlium

2280 1979 2413 2039 Fide
2438 1990 2486 2036 et
2515 1982 2579 2037 de
2617 1982 2811 2052 futuris
2850 1982 3111 2038 benedixit
3137 1983 3294 2038 Isaac
3340 1984 3525 2039 Iacob
3571 1997 3625 2041 et
3654 1986 3804 2041 Esau.

2204 2073 2338 2128 Fide
2375 2072 2444 2128 de
2487 2071 2683 2129 futuris
2723 2072 2996 2129 benedixit
3036 2066 3139 2141 eis,
3182 2077 3309 2146 quia
3344 2076 3511 2147 juxta
3559 2081 3708 2149 quod
3740 2081 3807 2135 eis

2205 2164 2537 2235 imprecatus
2565 2171 2680 2233 est,
2714 2165 2790 2219 ita
2818 2174 3007 2237 postea
3043 2167 3224 2223 omnia
3264 2167 3415 2223 illius
3440 2172 3682 2226 evenire
3706 2187 3803 2228 ere

2205 2255 2365 2323 didit,
2385 2267 2440 2313 et
2468 2272 2589 2329 qua
2618 2256 2799 2313 futura
2831 2258 2936 2314 illis
2964 2268 3136 2323 erant,
3168 2274 3231 2315 ea
3258 2261 3651 2320 benedicendo
3671 2275 3798 2337 opu»

2204 2348 2306 2404 vit.
2352 2347 2538 2406 Potest
2588 2358 2645 2406 et
2683 2349 2839 2406 aliter
2887 2351 3131 2421 intelligi.
3164 2353 3243 2408 De
3282 2352 3497 2433 futuris
3547 2359 3802 2427 mysta?”

2205 2439 2487 2498 benedixit
2509 2441 2611 2508 eis,
2637 2442 2763 2513 quia
2791 2441 2959 2499 Jacob
2988 2442 3216 2514 ﬁguram
3243 2445 3457 2500 Christi
3496 2449 3601 2502 sive
3618 2449 3792 2519 populi

2207 2532 2507 2590 Christiani
2530 2536 2777 2605 gestabat
2801 2550 2815 2588 :
2839 2533 2984 2589 Esau
3011 2550 3139 2590 vero
3171 2534 3411 2595 Judaici.

2279 2621 2417 2678 Fide
2439 2622 2608 2681 Iacob
2632 2625 2859 2680 moriens
2886 2626 3120 2696 singulos
3156 2626 3398 2695 ﬁliorum
3428 2627 3639 2699 Ioseph
3662 2630 3800 2684 bene-

2208 2713 2364 2779 dixit,
2410 2724 2459 2769 et
2504 2713 2741 2771 adoravit
2784 2715 3054 2788 fastigium
3097 2718 3253 2788 virgae
3296 2718 3440 2788 ejus.
3471 2719 3801 2793 Legimusin

2209 2806 2409 2867 Genesi
2436 2807 2573 2882 (cap.
2602 2809 2820 2879 nvm),
2864 2809 3007 2879 quod
3051 2809 3277 2867 audiens
3303 2810 3515 2883 Joseph
3550 2825 3804 2885 aegrotare

2206 2914 2420 2975 patrem
2450 2919 2608 2959 suum
2635 2904 2784 2961 venit
2825 2905 2893 2961 ad
2932 2920 3077 2974 eum,
3113 2916 3167 2963 et
3192 2907 3389 2963 obtulit
3423 2909 3476 2963 ei
3504 2911 3652 2966 duos
3682 2912 3806 2967 ﬁlios

2209 3007 2359 3059 suos,
2390 2993 2645 3065 Ephraim
2669 2983 2725 3051 et
2750 2995 3034 3055 Manassen
3050 2998 3119 3053 ad
3149 2999 3627 3069 benedicendum,
3642 3005 3731 3075 qui
3755 3003 3806 3059 ﬁ-

2209 3086 2331 3143 dem
2382 3088 2588 3144 habens
2630 3091 2816 3146 omnia
2857 3091 2963 3149 illis
3006 3093 3238 3149 evenire'
3263 3092 3426 3164 juxta
3471 3099 3632 3167 quod
3661 3098 3807 3155 illisa

515 3201 646 3243 mox
670 3181 865 3239 offerre
904 3177 1096 3242 voluit,
1127 3176 1251 3246 quia
1281 3190 1313 3229 a
1340 3175 1450 3229 Deo
1475 3172 1620 3228 hunc
1658 3170 1917 3229 continuo
1947 3185 2102 3225 resu-
2145 3249 2174 3255 _
2207 3178 2322 3236 Deo
2343 3179 2635 3250 inspiratus
2659 3192 2919 3255 optasset,
2944 3187 3219 3243 benedixit
3242 3205 3357 3245 eos.
3390 3190 3622 3249 Idcirco
3642 3204 3805 3250 ante.

512 3273 817 3334 scitandum
844 3284 966 3326 esse
999 3267 1273 3360 credebat.
1328 3262 1550 3360 Sed-“ne
1584 3269 1768 3332 posset
1811 3261 2098 3360 quisquam
2129 3249 2179 3316 (ἶ
2207 3270 2407 3329 dicitur
2428 3249 2443 3250 ί
2465 3249 2712 3348 singulos
2754 3249 2972 3335 illorum
3022 3281 3371 3339 benedixisse
3394 3326 3412 3350 ,
3470 3289 3611 3357 quia
3663 3303 3810 3360 super

513 3368 698 3425 dicere
723 3364 850 3435 quia
871 3360 1107 3417 habebat
1133 3356 1364 3411 alterum
1406 3354 1577 3409 lilium
1605 3369 1675 3409 ex
1713 3368 1820 3424 quo
1848 3355 2101 3424 sperabat

511 3457 990 3533 repromissionem
1054 3448 1415 3519 implendam,
1476 3454 1761 3517 propterea
1825 3444 2104 3501 conﬁdens

513 3551 712 3609 obtulit
731 3551 915 3612 istum,
941 3543 1071 3600 dicit
1089 3538 1378 3611 Apostolus
1403 3556 1416 3591 :
1445 3537 1625 3592 Etiam
1656 3536 1977 3607 unigenitum
2005 3536 2103 3590 ob-

511 3644 639 3703 tulit
668 3643 783 3713 ipse
804 3636 1103 3699 Abraham,
1130 3632 1221 3702 qui
1243 3629 1667 3701 repromissiones
1695 3629 1760 3683 de
1786 3627 1877 3684 illo
1916 3641 2102 3698 perce-

512 3742 691 3808 perat.
741 3730 920 3798 Quare
967 3740 1097 3793 ergo
1153 3721 1380 3778 tentavit
1420 3720 1569 3781 illum
1621 3719 1802 3775 Deus?
1852 3717 2104 3789 Nunquid

517 3823 804 3900 ignorabat
845 3819 1040 3875 fortem
1065 3830 1188 3871 esse
1218 3813 1391 3868 virum
1435 3811 1586 3866 illum
1615 3810 1670 3865 in
1694 3810 1801 3866 ﬁde
1830 3820 1887 3866 et
1910 3810 2104 3881 proba-

515 3917 718 3979 bilem?
742 3913 963 3971 Sciebat
982 3910 1185 3980 utique.
1212 3903 1463 3960 Tentavit
1490 3912 1670 3958 autem
1710 3902 1861 3956 illum
1891 3917 1999 3957 non
2047 3910 2108 3956 ut

513 4014 631 4085 ipse
652 4012 1022 4081 cognosceret,
1047 3999 1140 4056 sed
1169 4008 1227 4052 ut
1256 3995 1378 4051 aliis
1400 3997 1821 4059 demonstraret,
1850 4001 1906 4049 et
1933 3993 2108 4049 mani-

514 4083 707 4161 festam
736 4097 853 4165 ejus
878 4090 1249 4150 fortitudinem
1280 4085 1502 4151 faceret,
1533 4085 1671 4141 sicut
1703 4083 1940 4140 ostendit
1969 4085 2104 4157 ipse,

515 4196 746 4253 dicens:
787 4187 947 4242 Nunc
989 4181 1205 4253 cognovi
1252 4177 1389 4249 quod
1414 4178 1597 4231 timeas
1624 4176 1909 4231 Dominum
1951 4174 2105 4249 (Gen.

2204 3372 2498 3436 utrumque
2543 3369 2819 3439 propriam
2848 3370 3281 3430 benedictionem
3320 3375 3489 3443 fodit,
3530 3381 3809 3450 posuitque

2204 3459 2469 3516 minorem
2481 3469 2609 3517 ante
2620 3462 2879 3533 majorem
2889 3504 2903 3530 ,
2920 3465 3171 3535 quoniam
3183 3467 3530 3538 praevidens:
3547 3485 3641 3526 res
3652 3472 3722 3526 ita
3734 3472 3812 3525 tu-

2203 3558 2375 3607 turas.
2409 3551 2670 3623 Quodque
2694 3554 2959 3623 sequitur,
2998 3564 3051 3610 et
3077 3557 3317 3611 edomuit
3343 3557 3637 3630 [αδιὲςὲιιηι
3666 3562 3809 3632 τὶν-,ε

2204 3642 2342 3712 eius,
2387 3642 2444 3699 id
2466 3650 2551 3699 est
2578 3644 2742 3715 virga:
2770 3642 2990 3717 .loseph,
3020 3646 3305 3717 dupliciter
3338 3650 3583 3723 intelﬁgi
3624 3663 3807 3725 potest

2207 3731 2414 3803 Spiritu
2438 3732 2702 3804 siquidem
2733 3736 3050 3806 prophetico
3079 3736 3288 3793 alliatus
3316 3736 3517 3806 Jacob,
3570 3746 3811 3816 cognovit

2208 3823 2481 3898 designari
2504 3841 2603 3896 per
2629 3826 2839 3899 virgam
2868 3827 3017 3883 illam
3044 3828 3263 3902 Ioseph,
3292 3846 3536 3903 regnum
3569 3836 3805 3893 Christi:

2207 3934 2309 3989 per
2337 3918 2609 3990 lbstigium
2640 3935 2789 3986 vero,
2821 3920 2877 3977 id
2904 3929 2991 3977 est
3018 3923 3384 3985 summitatem
3420 3927 3602 3997 virgae
3631 3939 3805 4000 μοιρι-

2210 4013 2343 4069 tiam
2392 4021 2448 4068 et
2488 4011 2750 4068 honorem
2796 4012 2950 4084 regni
2996 4011 3223 4079 Christi,
3260 4014 3329 4069 de
3374 4031 3493 4085 qua
3531 4017 3809 4074 Psalmista

2213 4106 2291 4161 ait
2323 4124 2338 4161 :
2370 4103 2532 4177 Virga
2570 4115 2724 4162 recta
2747 4118 2833 4162 est
2870 4107 3016 4177 siege
3078 4108 3227 4179 regni
3273 4110 3355 4163 tui
3404 4109 3597 4181 (Psal.
3655 4118 3810 4187 Iuv).

2209 4196 2352 4268 Ergo
2375 4211 2484 4251 non
2512 4196 2721 4268 virgam
2752 4197 2998 4253 adoravit
3032 4213 3133 4269 pro
3172 4197 3283 4255 Deo
3306 4204 3628 4259 secundum
3658 4206 3812 4262 ritu-

511 4285 675 4356 xxn),
708 4282 759 4337 id
790 4287 896 4343 est,
926 4276 1060 4330 alios
1104 4284 1430 4344 cognoscere
1479 4269 1582 4362 ieci
1611 4269 1754 4339 quod
1779 4266 2106 4362 timeasADo-
2214 4266 2497 4359 “bunum
2541 4266 2637 4360 qui
2688 4287 2831 4345 Μαι,
2874 4266 3155 4358 Baebii“,
3202 4291 3300 4348 sed
3349 4293 3408 4348 in
3462 4296 3632 4362 vim
3674 4299 3817 4354 CM

514 4378 748 4435 minam.
782 4369 1080 4464 Undecutft
1116 4374 1162 4464 cf
1192 4360 1538 4464 ίηῃρίξναθοξα
1569 4362 1816 4464 ,ίξξεεζήιχ
1838 4359 2104 4464 Ρ³ξ⁰δ⁰Ῐ³
2212 4389 2377 4449 stum,
2414 4359 2569 4452 cujus
2596 4396 2821 4454 regnum
2858 4393 2913 4440 et
2947 4384 3247 4454 potentiam
3290 4359 3650 4457 praevidet)“
3686 4408 3814 4464 pra-

514 4470 706 4527 Graeco
728 4460 1006 4554 vocabulo,
1031 4456 1222 4554 Latine
1241 4454 1442 4554 dicitur
1462 4453 1754 4554 similitudo
1776 4453 1888 4509 sive
1909 4453 2104 4554 ﬁgura.
2214 4474 2438 4547 ﬁgurari
2479 4475 2535 4531 ίη
2561 4453 2679 4533 ma;
2702 4453 2974 4543 quam“,
3004 4491 3135 4533 vero
3164 4478 3232 4534 ad
3259 4453 3512 4536 [meum

514 4558 739 4629 Accepit
762 4569 887 4610 eum
936 4552 991 4607 in
1036 4547 1293 4621 parabole
1324 4546 1389 4602 de
1415 4554 1588 4601 morte
1637 4544 1706 4599 ab
1734 4560 1798 4600 eo
1844 4545 1935 4616 qui
1973 4545 2113 4609 dixit
2139 4620 2190 4647 ἢ
2218 4534 2467 4625 “Imm,
2516 4534 2814 4625 “eunti”,
2860 4571 3306 4628 ωηυωυάίηειη

514 4655 565 4715 ei
601 4672 614 4706 :
651 4650 734 4706 Ne
764 4645 1016 4704 extendas
1046 4657 1277 4735 manant
1302 4649 1468 4735 tuam-
1488 4655 1645 4710 super
1690 4654 1909 4735 puerum
1950 4638 2105 4711 (Gen.
2138 4620 2193 4685 Π
2216 4661 2465 4718 adoravi;
2488 4661 2693 4733 virgam
2714 4661 2937 4734 joseph’
2962 4680 3123 4735 quem
3145 4666 3365 4722 videbat

513 4742 676 4817 ml),
710 4740 835 4812 quia
860 4734 1231 4834 arieteccciso
1264 4730 1367 4786 iste
1391 4726 2001 4834 salva-tus‘est.‘0.ccislus
2026 4737 2110 4834 est
2215 4753 2380 4810 [otius
2405 4726 2945 4827 term‘IEgymi"ea"
2977 4726 3187 4813 “licet
3225 4758 3445 4815 ratione
3475 4779 3596 4834 qua

502 4837 665 4893 .lsaac
690 4838 955 4905 quantum
976 4826 1047 4881 ad
1070 4824 1395 4880 voluntatem
1428 4820 1666 4890 pertinet
1692 4820 1885 4891 patris,
1912 4820 2106 4881 deinde

512 4922 796 4985 redonavit
826 4920 973 4975 illum
1001 4916 1144 4972 Deus
1171 4911 1492 4985 patriarchae
1522 4910 1577 4964 in
1601 4911 1876 4980 parabola,
1917 4910 1972 4968 id
1997 4919 2102 4980 est,

512 5019 570 5076 in
596 5018 767 5088 ﬁgura
798 5020 853 5067 et
875 5006 1229 5065 similitudine
1257 5001 1526 5075 passionis
1553 5000 1774 5058 Christi.
1824 5001 1882 5057 lu
1911 5002 2104 5059 simili-

512 5109 699 5167 tudine
748 5103 892 5160 enim
940 5106 1098 5157 erant
1124 5094 1306 5151 omnia
1351 5109 1472 5164 qua:
1514 5101 1647 5149 tunc
1700 5094 1998 5164 agebantur
2038 5095 2095 5151 in

2211 4845 2408 4918 legitur
2428 4846 2685 4903 adorasse
2705 4848 2915 4919 virgam
2937 4846 3156 4905 Assueri
3177 4847 3354 4921 (εἶξαι.
3378 4848 3460 4924 ν).

2280 4941 2417 4999 Fide
2441 4942 2636 5013 Joseph
2661 4944 2889 4999 moriens
2914 4943 2979 4999 de
3022 4941 3342 5013 profectione
3375 4944 3631 5014 μίαν.
3658 4949 3820 5006 ιω

2208 5043 2527 5091 memoratus
2554 5044 2650 5101 est,
2675 5046 2720 5091 et
2748 5034 2813 5089 de
2853 5034 3055 5091 ossibus
3092 5034 3200 5091 suis
3242 5036 3548 5094 mandauit.
3571 5040 3664 5099 De
3700 5059 3819 5115 pso-

2220 5123 2453 5182 fectione
2484 5125 2719 5183 ﬁliorum
2748 5127 2915 5183 Israel
2955 5128 3168 5183 locutus
3215 5138 3317 5195 est,
3362 5134 3615 5193 credens
3644 5138 3817 5194 omnis

512 5201 807 5267 Abraham,
828 5210 953 5266 qum
994 5208 1094 5264 pro
1140 5189 1295 5247 nobis
1319 5202 1479 5244 verus
1506 5186 1801 5254 Abraham,
1833 5187 1975 5247 Deus
2015 5188 2096 5243 vi.

512 5296 708 5354 delicat
734 5293 897 5349 Pater
926 5296 983 5351 et
1021 5295 1235 5344 creator
1276 5283 1515 5341 omnium
1568 5284 1837 5354 gentium,
1884 5285 1939 5341 in
1990 5284 2099 5341 ﬁne

513 5388 698 5447 seculi
726 5400 892 5458 agere
942 5383 1309 5453 disposuerat;
1340 5376 1609 5433 Abraham
1657 5377 1925 5449 siquidem
1964 5378 2100 5449 figu-

514 5496 637 5539 ram
667 5479 761 5535 Dei
786 5476 964 5533 Patris
989 5473 1260 5545 gestabat,
1286 5470 1433 5525 Isaac
1459 5485 1587 5525 vero
1616 5470 1843 5542 ﬁguram
1874 5471 2096 5528 Christi.

515 5573 794 5633 Abraham
840 5568 1104 5639 siquidem
1156 5563 1445 5635 portabat,
1493 5571 1554 5618 ut
1606 5562 1885 5634 Scriptura
1936 5564 2100 5633 dicit,

517 5664 701 5737 ignem
726 5670 784 5718 et
807 5660 1068 5734 gladium,
1105 5656 1233 5729 quia
1261 5657 1401 5712 Deus
1424 5652 1587 5711 Pater
1620 5653 1853 5725 gladium
1895 5657 2105 5727 passio-

2205 5235 2336 5275 vera
2398 5234 2520 5279 esse
2573 5236 2694 5290 qum
2744 5221 3068 5291 promiserat
3114 5221 3259 5278 Deus
3308 5226 3566 5295 patribus
3605 5245 3817 5285 eorm

2204 5314 2475 5387 praecipue
2526 5315 2667 5385 quod
2698 5315 2908 5370 dixerat
2953 5314 3019 5371 ad
3056 5313 3330 5371 Abraham
3361 5331 3381 5371 :
3412 5316 3565 5373 Scito
3614 5340 3821 5392 prcu-

2204 5422 2352 5461 scens
2375 5405 2500 5477 quia
2527 5406 2857 5477 peregrinum
2882 5405 2987 5461 erit
3010 5422 3183 5462 semen
3204 5417 3353 5462 tuum
3374 5408 3428 5465 in
3443 5417 3599 5466 terra
3620 5415 3818 5469 aliena.

2211 5470 2459 5567 maleque
2486 5470 2799 5552 tractabunt
2820 5496 2951 5554 illud
2976 5500 3130 5553 annis
3154 5498 3592 5571 quadringentis;
3617 5470 3829 5558 mra-ri

2210 5600 2387 5647 tamen
2408 5600 2607 5662 gentem
2639 5591 2726 5646 cui
2757 5591 3045 5649 servierint
3056 5593 3313 5664 judicabo
3338 5594 3607 5665 ego,dicit
3638 5597 3818 5652 Doni-

2211 5701 2343 5751 nus,
2387 5696 2438 5741 et
2468 5688 2699 5756 posthaec
2730 5696 3073 5743 revertentur
3112 5688 3167 5742 in
3195 5697 3397 5743 terram
3427 5699 3654 5759 patrum
3685 5707 3816 5748 slo-

2213 5792 2331 5832 rum
2346 5774 2597 5851 (Gen.xv)
2614 5796 2630 5833 :
2644 5794 2986 5850 nequaquam
2999 5794 3131 5851 ergo
3148 5779 3220 5836 de
3231 5780 3815 5840 suisossibosmanda-

2153 5910 2167 5920 .
2185 5914 2196 5933 ,
2212 5868 2532 5943 retJoseph,
2559 5872 2665 5929 nisi
2688 5871 2846 5945 plena
2872 5872 2979 5928 ﬁdo
2998 5880 3249 5946 speraret
3273 5872 3507 5933 reditum
3538 5890 3734 5933 eorum
3754 5876 3809 5933 in

517 5764 608 5822 nis
645 5762 879 5834 portavit
903 5759 1321 5833 quodammodo,
1347 5756 1566 5829 quando
1597 5771 1723 5812 cum
1759 5757 1934 5814 occidi
1974 5775 2102 5831 per.

514 5867 694 5938 misit,
721 5868 866 5924 unde
889 5866 1022 5924 dicit
1045 5865 1215 5922 Filius
1243 5863 1301 5921 in
1320 5860 1528 5937 psalmo
1552 5860 1623 5918 ad
1642 5876 1765 5918 eum
1794 5877 1810 5918 :
1840 5862 2105 5933 Quoniam
