  <div class='ocr_page' id='page_1' title='image "/cluster/home/n/w/nwhite01/storage/ocr_20150623/117/hvd.32044015466899/460.png"; bbox 0 0 3974 6442; ppageno 0'>
   <div class='ocr_carea' id='block_1_1' title="bbox 174 434 3431 506">
    <p class='ocr_par' dir='ltr' id='par_1_1' title="bbox 174 434 3431 506">
     <span class='ocr_line' id='line_1_1' title="bbox 174 434 3431 506; baseline 0.003 -12"><span class='ocrx_word' id='word_1_1' title='bbox 174 434 282 494; x_wconf 70' lang='lat'><strong>909</strong></span> <span class='ocrx_word' id='word_1_2' title='bbox 692 440 697 445; x_wconf 88' lang='grc'><em>’</em></span> <span class='ocrx_word' id='word_1_3' title='bbox 873 435 1234 497; x_wconf 76' lang='lat' dir='ltr'><strong>EXBOSITIO</strong></span> <span class='ocrx_word' id='word_1_4' title='bbox 1266 437 1336 494; x_wconf 82' lang='lat' dir='ltr'><strong>IN</strong></span> <span class='ocrx_word' id='word_1_5' title='bbox 1368 436 1521 493; x_wconf 85' lang='lat' dir='ltr'><strong>EPP.</strong></span> <span class='ocrx_word' id='word_1_6' title='bbox 1561 435 1620 492; x_wconf 89' lang='lat' dir='ltr'><strong>S.</strong></span> <span class='ocrx_word' id='word_1_7' title='bbox 1659 434 1887 492; x_wconf 83' lang='lat' dir='ltr'><strong>PAULI.</strong></span> <span class='ocrx_word' id='word_1_8' title='bbox 1924 439 1993 479; x_wconf 72' lang='lat'><strong>&#39;—</strong></span> <span class='ocrx_word' id='word_1_9' title='bbox 2024 437 2092 494; x_wconf 87' lang='lat' dir='ltr'><strong>lN</strong></span> <span class='ocrx_word' id='word_1_10' title='bbox 2126 439 2343 499; x_wconf 83' lang='lat' dir='ltr'><strong>EPIST.</strong></span> <span class='ocrx_word' id='word_1_11' title='bbox 2381 440 2476 501; x_wconf 74' lang='lat' dir='ltr'><strong>AD</strong></span> <span class='ocrx_word' id='word_1_12' title='bbox 2510 442 2712 500; x_wconf 75' lang='lat' dir='ltr'><strong>HEBR.</strong></span> <span class='ocrx_word' id='word_1_13' title='bbox 3325 446 3431 506; x_wconf 75' lang='lat'><strong>910</strong></span> 
     </span>
    </p>
   </div>
   <div class='ocr_carea' id='block_1_2' title="bbox 173 555 3431 649">
    <p class='ocr_par' dir='ltr' id='par_1_2' title="bbox 173 555 3431 649">
     <span class='ocr_line' id='line_1_2' title="bbox 173 555 3431 649; baseline 0.001 -32"><span class='ocrx_word' id='word_1_14' title='bbox 173 568 378 617; x_wconf 82' lang='lat' dir='ltr'><strong>terram</strong></span> <span class='ocrx_word' id='word_1_15' title='bbox 404 558 859 647; x_wconf 80' lang='lat' dir='ltr'><strong>repromissionis.</strong></span> <span class='ocrx_word' id='word_1_16' title='bbox 883 558 1024 615; x_wconf 80' lang='lat' dir='ltr'><strong>Dicit</strong></span> <span class='ocrx_word' id='word_1_17' title='bbox 1049 560 1195 617; x_wconf 90' lang='lat' dir='ltr'><strong>enim</strong></span> <span class='ocrx_word' id='word_1_18' title='bbox 1218 560 1297 615; x_wconf 91' lang='lat' dir='ltr'><strong>eis</strong></span> <span class='ocrx_word' id='word_1_19' title='bbox 1324 559 1581 615; x_wconf 81' lang='lat' dir='ltr'><strong>visitans:</strong></span> <span class='ocrx_word' id='word_1_20' title='bbox 1614 555 1756 610; x_wconf 65' lang='grc' dir='ltr'><strong>νὺξ-ο</strong></span> <span class='ocrx_word' id='word_1_21' title='bbox 1778 559 1829 620; x_wconf 76' lang='grc' dir='ltr'><strong>Α</strong></span> <span class='ocrx_word' id='word_1_22' title='bbox 1854 557 2161 625; x_wconf 80' lang='lat' dir='ltr'><strong>praeposito,</strong></span> <span class='ocrx_word' id='word_1_23' title='bbox 2187 559 2359 615; x_wconf 85' lang='lat' dir='ltr'><strong>noluit</strong></span> <span class='ocrx_word' id='word_1_24' title='bbox 2383 562 2638 617; x_wconf 86' lang='lat' dir='ltr'><strong>admirari</strong></span> <span class='ocrx_word' id='word_1_25' title='bbox 2664 560 2964 633; x_wconf 69' lang='lat' dir='ltr'><strong>Egyptiaci</strong></span> <span class='ocrx_word' id='word_1_26' title='bbox 2996 562 3144 631; x_wconf 82' lang='lat' dir='ltr'><strong>regni</strong></span> <span class='ocrx_word' id='word_1_27' title='bbox 3185 562 3431 649; x_wconf 39' lang='lat' dir='ltr'><strong>pulchri-1</strong></span> 
     </span>
    </p>
   </div>
   <div class='ocr_carea' id='block_1_3' title="bbox 172 647 3429 726">
    <p class='ocr_par' dir='ltr' id='par_1_3' title="bbox 172 647 3429 726">
     <span class='ocr_line' id='line_1_3' title="bbox 172 647 3429 726; baseline 0.001 -18"><span class='ocrx_word' id='word_1_28' title='bbox 172 652 304 708; x_wconf 80' lang='lat' dir='ltr'><strong>tabit</strong></span> <span class='ocrx_word' id='word_1_29' title='bbox 316 667 401 706; x_wconf 80' lang='lat' dir='ltr'><strong>vos</strong></span> <span class='ocrx_word' id='word_1_30' title='bbox 415 650 670 707; x_wconf 80' lang='lat' dir='ltr'><strong>Dominus</strong></span> <span class='ocrx_word' id='word_1_31' title='bbox 679 652 928 723; x_wconf 87' lang='lat' dir='ltr'><strong>postdies</strong></span> <span class='ocrx_word' id='word_1_32' title='bbox 940 651 1361 708; x_wconf 78' lang='lat' dir='ltr'><strong>multos:eﬁ‘erte</strong></span> <span class='ocrx_word' id='word_1_33' title='bbox 1373 665 1615 705; x_wconf 83' lang='lat' dir='ltr'><strong>ossamea</strong></span> <span class='ocrx_word' id='word_1_34' title='bbox 1630 648 1751 701; x_wconf 83' lang='lat' dir='ltr'><strong>hinc</strong></span> <span class='ocrx_word' id='word_1_35' title='bbox 1850 647 2111 712; x_wconf 80' lang='lat' dir='ltr'><strong>tudinem,</strong></span> <span class='ocrx_word' id='word_1_36' title='bbox 2142 651 2314 721; x_wconf 90' lang='lat' dir='ltr'><strong>magis</strong></span> <span class='ocrx_word' id='word_1_37' title='bbox 2336 651 2538 723; x_wconf 87' lang='lat' dir='ltr'><strong>eligens</strong></span> <span class='ocrx_word' id='word_1_38' title='bbox 2566 668 2688 707; x_wconf 90' lang='lat' dir='ltr'><strong>cum</strong></span> <span class='ocrx_word' id='word_1_39' title='bbox 2714 652 2908 723; x_wconf 86' lang='lat' dir='ltr'><strong>pepulo</strong></span> <span class='ocrx_word' id='word_1_40' title='bbox 2935 652 3027 708; x_wconf 88' lang='lat' dir='ltr'><strong>Dei</strong></span> <span class='ocrx_word' id='word_1_41' title='bbox 3069 652 3226 726; x_wconf 75' lang='lat' dir='ltr'><strong>amigi</strong></span> <span class='ocrx_word' id='word_1_42' title='bbox 3265 670 3429 724; x_wconf 88' lang='lat' dir='ltr'><strong>quam</strong></span> 
     </span>
    </p>
   </div>
   <div class='ocr_carea' id='block_1_4' title="bbox 169 738 3429 814">
    <p class='ocr_par' dir='ltr' id='par_1_4' title="bbox 169 738 3429 814">
     <span class='ocr_line' id='line_1_4' title="bbox 169 738 3429 814; baseline 0.002 -15"><span class='ocrx_word' id='word_1_43' title='bbox 169 743 432 799; x_wconf 74' lang='lat' dir='ltr'><strong>vobiscum</strong></span> <span class='ocrx_word' id='word_1_44' title='bbox 452 738 600 814; x_wconf 84' lang='lat' dir='ltr'><strong>(Gen.</strong></span> <span class='ocrx_word' id='word_1_45' title='bbox 617 742 690 813; x_wconf 79' lang='grc' dir='ltr'><strong>ι).</strong></span> <span class='ocrx_word' id='word_1_46' title='bbox 713 741 779 797; x_wconf 89' lang='lat' dir='ltr'><strong>Et</strong></span> <span class='ocrx_word' id='word_1_47' title='bbox 796 758 902 798; x_wconf 93' lang='lat' dir='ltr'><strong>non</strong></span> <span class='ocrx_word' id='word_1_48' title='bbox 931 743 1103 801; x_wconf 87' lang='lat' dir='ltr'><strong>solum</strong></span> <span class='ocrx_word' id='word_1_49' title='bbox 1121 745 1293 799; x_wconf 89' lang='lat' dir='ltr'><strong>tribus</strong></span> <span class='ocrx_word' id='word_1_50' title='bbox 1307 742 1502 813; x_wconf 87' lang='lat' dir='ltr'><strong>Joseph</strong></span> <span class='ocrx_word' id='word_1_51' title='bbox 1517 755 1642 796; x_wconf 90' lang='lat' dir='ltr'><strong>ossa</strong></span> <span class='ocrx_word' id='word_1_52' title='bbox 1655 755 1750 809; x_wconf 83' lang='lat' dir='ltr'><strong>pa-</strong></span> <span class='ocrx_word' id='word_1_53' title='bbox 1850 738 2159 807; x_wconf 77' lang='lat' dir='ltr'><strong>temporalis</strong></span> <span class='ocrx_word' id='word_1_54' title='bbox 2170 742 2469 811; x_wconf 77' lang='lat' dir='ltr'><strong>peccatoris</strong></span> <span class='ocrx_word' id='word_1_55' title='bbox 2486 744 2686 797; x_wconf 89' lang='lat' dir='ltr'><strong>habere</strong></span> <span class='ocrx_word' id='word_1_56' title='bbox 2704 741 3115 811; x_wconf 80' lang='lat' dir='ltr'><strong>iucunditatem.</strong></span> <span class='ocrx_word' id='word_1_57' title='bbox 3139 744 3429 804; x_wconf 77' lang='lat' dir='ltr'><strong>Peccatum</strong></span> 
     </span>
    </p>
   </div>
   <div class='ocr_carea' id='block_1_5' title="bbox 170 834 1747 907">
    <p class='ocr_par' dir='ltr' id='par_1_5' title="bbox 170 834 1747 907">
     <span class='ocr_line' id='line_1_5' title="bbox 170 834 1747 907; baseline -0.003 -16"><span class='ocrx_word' id='word_1_58' title='bbox 170 836 275 891; x_wconf 85' lang='lat' dir='ltr'><strong>tris</strong></span> <span class='ocrx_word' id='word_1_59' title='bbox 300 836 382 891; x_wconf 92' lang='lat' dir='ltr'><strong>sui</strong></span> <span class='ocrx_word' id='word_1_60' title='bbox 406 834 823 905; x_wconf 74' lang='lat' dir='ltr'><strong>deportaverunt</strong></span> <span class='ocrx_word' id='word_1_61' title='bbox 848 851 1029 892; x_wconf 86' lang='lat' dir='ltr'><strong>secum</strong></span> <span class='ocrx_word' id='word_1_62' title='bbox 1060 852 1158 907; x_wconf 91' lang='lat' dir='ltr'><strong>per</strong></span> <span class='ocrx_word' id='word_1_63' title='bbox 1176 837 1447 893; x_wconf 90' lang='lat' dir='ltr'><strong>desertum</strong></span> <span class='ocrx_word' id='word_1_64' title='bbox 1471 834 1524 888; x_wconf 90' lang='lat' dir='ltr'><strong>in</strong></span> <span class='ocrx_word' id='word_1_65' title='bbox 1548 842 1747 888; x_wconf 90' lang='lat' dir='ltr'><strong>terram</strong></span> 
     </span>
    </p>
   </div>
   <div class='ocr_carea' id='block_1_6' title="bbox 168 926 1746 998">
    <p class='ocr_par' dir='ltr' id='par_1_6' title="bbox 168 926 1746 998">
     <span class='ocr_line' id='line_1_6' title="bbox 168 926 1746 998; baseline -0.003 -15"><span class='ocrx_word' id='word_1_66' title='bbox 168 928 629 997; x_wconf 87' lang='lat' dir='ltr'><strong>repromissionis,</strong></span> <span class='ocrx_word' id='word_1_67' title='bbox 679 929 773 984; x_wconf 88' lang='lat' dir='ltr'><strong>sed</strong></span> <span class='ocrx_word' id='word_1_68' title='bbox 797 930 958 984; x_wconf 90' lang='lat' dir='ltr'><strong>etiam</strong></span> <span class='ocrx_word' id='word_1_69' title='bbox 992 929 1210 998; x_wconf 79' lang='lat' dir='ltr'><strong>reliquae</strong></span> <span class='ocrx_word' id='word_1_70' title='bbox 1237 928 1409 983; x_wconf 85' lang='lat' dir='ltr'><strong>tribus</strong></span> <span class='ocrx_word' id='word_1_71' title='bbox 1448 941 1463 980; x_wconf 91' lang='lat'><strong>:</strong></span> <span class='ocrx_word' id='word_1_72' title='bbox 1505 926 1746 983; x_wconf 89' lang='lat' dir='ltr'><strong>omnium</strong></span> 
     </span>
    </p>
   </div>
   <div class='ocr_carea' id='block_1_7' title="bbox 168 1018 1749 1091">
    <p class='ocr_par' dir='ltr' id='par_1_7' title="bbox 168 1018 1749 1091">
     <span class='ocr_line' id='line_1_7' title="bbox 168 1018 1749 1091; baseline -0.002 -16"><span class='ocrx_word' id='word_1_73' title='bbox 168 1019 601 1091; x_wconf 83' lang='lat' dir='ltr'><strong>patriarcharum</strong></span> <span class='ocrx_word' id='word_1_74' title='bbox 623 1035 743 1076; x_wconf 91' lang='lat' dir='ltr'><strong>ossa</strong></span> <span class='ocrx_word' id='word_1_75' title='bbox 765 1036 945 1077; x_wconf 85' lang='lat' dir='ltr'><strong>secum</strong></span> <span class='ocrx_word' id='word_1_76' title='bbox 970 1020 1293 1085; x_wconf 84' lang='lat' dir='ltr'><strong>detulerunt,</strong></span> <span class='ocrx_word' id='word_1_77' title='bbox 1317 1018 1749 1088; x_wconf 88' lang='lat' dir='ltr'><strong>sepelieruntque</strong></span> 
     </span>
    </p>
   </div>
   <div class='ocr_carea' id='block_1_8' title="bbox 168 1107 1750 1183">
    <p class='ocr_par' dir='ltr' id='par_1_8' title="bbox 168 1107 1750 1183">
     <span class='ocr_line' id='line_1_8' title="bbox 168 1107 1750 1183; baseline -0.004 -14"><span class='ocrx_word' id='word_1_78' title='bbox 168 1128 235 1169; x_wconf 88' lang='lat' dir='ltr'><strong>ea</strong></span> <span class='ocrx_word' id='word_1_79' title='bbox 262 1113 316 1168; x_wconf 92' lang='lat' dir='ltr'><strong>in</strong></span> <span class='ocrx_word' id='word_1_80' title='bbox 346 1112 584 1178; x_wconf 88' lang='lat' dir='ltr'><strong>Sicbem,</strong></span> <span class='ocrx_word' id='word_1_81' title='bbox 612 1128 730 1182; x_wconf 75' lang='lat' dir='ltr'><strong>quze</strong></span> <span class='ocrx_word' id='word_1_82' title='bbox 758 1112 937 1169; x_wconf 81' lang='lat' dir='ltr'><strong>evenit</strong></span> <span class='ocrx_word' id='word_1_83' title='bbox 964 1114 1016 1166; x_wconf 91' lang='lat' dir='ltr'><strong>in</strong></span> <span class='ocrx_word' id='word_1_84' title='bbox 1040 1112 1435 1183; x_wconf 86' lang='lat' dir='ltr'><strong>possessionem</strong></span> <span class='ocrx_word' id='word_1_85' title='bbox 1472 1110 1643 1165; x_wconf 87' lang='lat' dir='ltr'><strong>tribus</strong></span> <span class='ocrx_word' id='word_1_86' title='bbox 1661 1107 1750 1163; x_wconf 77' lang='lat' dir='ltr'><strong>Jo-</strong></span> 
     </span>
    </p>
   </div>
   <div class='ocr_carea' id='block_1_9' title="bbox 166 1203 1747 1278">
    <p class='ocr_par' dir='ltr' id='par_1_9' title="bbox 166 1203 1747 1278">
     <span class='ocr_line' id='line_1_9' title="bbox 166 1203 1747 1278; baseline -0.004 -15"><span class='ocrx_word' id='word_1_87' title='bbox 166 1207 321 1278; x_wconf 89' lang='lat' dir='ltr'><strong>seph.</strong></span> <span class='ocrx_word' id='word_1_88' title='bbox 354 1206 486 1262; x_wconf 83' lang='lat' dir='ltr'><strong>Nam</strong></span> <span class='ocrx_word' id='word_1_89' title='bbox 516 1207 807 1271; x_wconf 81' lang='lat' dir='ltr'><strong>Abraham,</strong></span> <span class='ocrx_word' id='word_1_90' title='bbox 830 1206 977 1261; x_wconf 89' lang='lat' dir='ltr'><strong>lsaae</strong></span> <span class='ocrx_word' id='word_1_91' title='bbox 1028 1214 1082 1261; x_wconf 90' lang='lat' dir='ltr'><strong>et</strong></span> <span class='ocrx_word' id='word_1_92' title='bbox 1106 1204 1271 1261; x_wconf 78' lang='lat' dir='ltr'><strong>Jacob</strong></span> <span class='ocrx_word' id='word_1_93' title='bbox 1296 1204 1351 1260; x_wconf 89' lang='lat' dir='ltr'><strong>in</strong></span> <span class='ocrx_word' id='word_1_94' title='bbox 1374 1204 1627 1274; x_wconf 86' lang='lat' dir='ltr'><strong>spelunca</strong></span> <span class='ocrx_word' id='word_1_95' title='bbox 1651 1203 1747 1257; x_wconf 87' lang='lat' dir='ltr'><strong>du-</strong></span> 
     </span>
    </p>
   </div>
   <div class='ocr_carea' id='block_1_10' title="bbox 162 1297 1743 1370">
    <p class='ocr_par' dir='ltr' id='par_1_10' title="bbox 162 1297 1743 1370">
     <span class='ocr_line' id='line_1_10' title="bbox 162 1297 1743 1370; baseline -0.003 -17"><span class='ocrx_word' id='word_1_96' title='bbox 162 1299 294 1370; x_wconf 85' lang='lat' dir='ltr'><strong>plici</strong></span> <span class='ocrx_word' id='word_1_97' title='bbox 324 1298 575 1354; x_wconf 67' lang='lat' dir='ltr'><strong>Mambrze</strong></span> <span class='ocrx_word' id='word_1_98' title='bbox 619 1298 705 1353; x_wconf 85' lang='lat' dir='ltr'><strong>vel</strong></span> <span class='ocrx_word' id='word_1_99' title='bbox 749 1297 960 1363; x_wconf 66' lang='lat' dir='ltr'><strong>Arbeae,</strong></span> <span class='ocrx_word' id='word_1_100' title='bbox 987 1314 1148 1367; x_wconf 88' lang='lat' dir='ltr'><strong>quam</strong></span> <span class='ocrx_word' id='word_1_101' title='bbox 1180 1297 1452 1351; x_wconf 84' lang='lat' dir='ltr'><strong>Abraham</strong></span> <span class='ocrx_word' id='word_1_102' title='bbox 1481 1303 1688 1350; x_wconf 86' lang='lat' dir='ltr'><strong>emerat</strong></span> <span class='ocrx_word' id='word_1_103' title='bbox 1713 1311 1743 1349; x_wconf 91' lang='lat' dir='ltr'><strong>a</strong></span> 
     </span>
    </p>
   </div>
   <div class='ocr_carea' id='block_1_11' title="bbox 166 1387 1740 1462">
    <p class='ocr_par' dir='ltr' id='par_1_11' title="bbox 166 1387 1740 1462">
     <span class='ocr_line' id='line_1_11' title="bbox 166 1387 1740 1462; baseline -0.003 -17"><span class='ocrx_word' id='word_1_104' title='bbox 166 1390 293 1445; x_wconf 90' lang='lat' dir='ltr'><strong>ﬁliis</strong></span> <span class='ocrx_word' id='word_1_105' title='bbox 321 1389 457 1446; x_wconf 81' lang='lat' dir='ltr'><strong>lieth</strong></span> <span class='ocrx_word' id='word_1_106' title='bbox 482 1432 495 1457; x_wconf 92' lang='lat'><strong>,</strong></span> <span class='ocrx_word' id='word_1_107' title='bbox 521 1391 715 1462; x_wconf 86' lang='lat' dir='ltr'><strong>sepulti</strong></span> <span class='ocrx_word' id='word_1_108' title='bbox 743 1400 865 1445; x_wconf 91' lang='lat' dir='ltr'><strong>sunt</strong></span> <span class='ocrx_word' id='word_1_109' title='bbox 897 1406 1018 1446; x_wconf 91' lang='lat' dir='ltr'><strong>cum</strong></span> <span class='ocrx_word' id='word_1_110' title='bbox 1048 1389 1183 1443; x_wconf 87' lang='lat' dir='ltr'><strong>Sara</strong></span> <span class='ocrx_word' id='word_1_111' title='bbox 1211 1399 1266 1444; x_wconf 90' lang='lat' dir='ltr'><strong>et</strong></span> <span class='ocrx_word' id='word_1_112' title='bbox 1284 1388 1524 1444; x_wconf 83' lang='lat' dir='ltr'><strong>Rebecca</strong></span> <span class='ocrx_word' id='word_1_113' title='bbox 1546 1396 1601 1442; x_wconf 87' lang='lat' dir='ltr'><strong>et</strong></span> <span class='ocrx_word' id='word_1_114' title='bbox 1624 1387 1740 1454; x_wconf 88' lang='lat' dir='ltr'><strong>Lia,</strong></span> 
     </span>
    </p>
   </div>
   <div class='ocr_carea' id='block_1_12' title="bbox 163 1481 1745 1553">
    <p class='ocr_par' dir='ltr' id='par_1_12' title="bbox 163 1481 1745 1553">
     <span class='ocr_line' id='line_1_12' title="bbox 163 1481 1745 1553; baseline -0.002 -15"><span class='ocrx_word' id='word_1_115' title='bbox 163 1483 258 1538; x_wconf 86' lang='lat' dir='ltr'><strong>ubi</strong></span> <span class='ocrx_word' id='word_1_116' title='bbox 286 1493 338 1538; x_wconf 90' lang='lat' dir='ltr'><strong>et</strong></span> <span class='ocrx_word' id='word_1_117' title='bbox 365 1483 534 1537; x_wconf 78' lang='lat' dir='ltr'><strong>Adam</strong></span> <span class='ocrx_word' id='word_1_118' title='bbox 561 1500 683 1538; x_wconf 91' lang='lat' dir='ltr'><strong>cum</strong></span> <span class='ocrx_word' id='word_1_119' title='bbox 714 1484 819 1538; x_wconf 89' lang='lat' dir='ltr'><strong>Eva</strong></span> <span class='ocrx_word' id='word_1_120' title='bbox 850 1483 1089 1553; x_wconf 89' lang='lat' dir='ltr'><strong>sepultus</strong></span> <span class='ocrx_word' id='word_1_121' title='bbox 1116 1481 1448 1552; x_wconf 87' lang='lat' dir='ltr'><strong>quiescebat.</strong></span> <span class='ocrx_word' id='word_1_122' title='bbox 1474 1481 1745 1536; x_wconf 84' lang='lat' dir='ltr'><strong>Fortassis</strong></span> 
     </span>
    </p>
   </div>
   <div class='ocr_carea' id='block_1_13' title="bbox 165 1575 1744 1646">
    <p class='ocr_par' dir='ltr' id='par_1_13' title="bbox 165 1575 1744 1646">
     <span class='ocr_line' id='line_1_13' title="bbox 165 1575 1744 1646; baseline 0 -17"><span class='ocrx_word' id='word_1_123' title='bbox 165 1591 296 1630; x_wconf 83' lang='lat' dir='ltr'><strong>vero</strong></span> <span class='ocrx_word' id='word_1_124' title='bbox 325 1575 516 1645; x_wconf 69' lang='lat' dir='ltr'><strong>quaerit</strong></span> <span class='ocrx_word' id='word_1_125' title='bbox 563 1576 758 1645; x_wconf 88' lang='lat' dir='ltr'><strong>aliquis</strong></span> <span class='ocrx_word' id='word_1_126' title='bbox 786 1592 907 1646; x_wconf 69' lang='lat' dir='ltr'><strong>qua:</strong></span> <span class='ocrx_word' id='word_1_127' title='bbox 948 1591 1108 1631; x_wconf 89' lang='lat' dir='ltr'><strong>causa</strong></span> <span class='ocrx_word' id='word_1_128' title='bbox 1134 1575 1423 1640; x_wconf 80' lang='lat' dir='ltr'><strong>exstiterit,</strong></span> <span class='ocrx_word' id='word_1_129' title='bbox 1470 1584 1529 1629; x_wconf 91' lang='lat' dir='ltr'><strong>ut</strong></span> <span class='ocrx_word' id='word_1_130' title='bbox 1556 1589 1744 1630; x_wconf 89' lang='lat' dir='ltr'><strong>omnes</strong></span> 
     </span>
    </p>
   </div>
   <div class='ocr_carea' id='block_1_14' title="bbox 164 1659 1745 1737">
    <p class='ocr_par' dir='ltr' id='par_1_14' title="bbox 164 1659 1745 1737">
     <span class='ocr_line' id='line_1_14' title="bbox 164 1659 1745 1737; baseline -0.002 -15"><span class='ocrx_word' id='word_1_131' title='bbox 164 1666 242 1722; x_wconf 87' lang='lat' dir='ltr'><strong>illi</strong></span> <span class='ocrx_word' id='word_1_132' title='bbox 287 1668 457 1723; x_wconf 87' lang='lat' dir='ltr'><strong>sancti</strong></span> <span class='ocrx_word' id='word_1_133' title='bbox 501 1675 683 1737; x_wconf 88' lang='lat' dir='ltr'><strong>patres</strong></span> <span class='ocrx_word' id='word_1_134' title='bbox 712 1669 764 1723; x_wconf 92' lang='lat' dir='ltr'><strong>in</strong></span> <span class='ocrx_word' id='word_1_135' title='bbox 811 1676 955 1721; x_wconf 89' lang='lat' dir='ltr'><strong>terra</strong></span> <span class='ocrx_word' id='word_1_136' title='bbox 984 1659 1418 1736; x_wconf 77' lang='lat' dir='ltr'><strong>repromisSionis</strong></span> <span class='ocrx_word' id='word_1_137' title='bbox 1454 1665 1745 1721; x_wconf 78' lang='lat' dir='ltr'><strong>maluerint</strong></span> 
     </span>
    </p>
   </div>
   <div class='ocr_carea' id='block_1_15' title="bbox 162 1757 1738 1829">
    <p class='ocr_par' dir='ltr' id='par_1_15' title="bbox 162 1757 1738 1829">
     <span class='ocr_line' id='line_1_15' title="bbox 162 1757 1738 1829; baseline -0.003 -14"><span class='ocrx_word' id='word_1_138' title='bbox 162 1759 383 1829; x_wconf 89' lang='lat' dir='ltr'><strong>sepeliri</strong></span> <span class='ocrx_word' id='word_1_139' title='bbox 411 1775 572 1829; x_wconf 80' lang='lat' dir='ltr'><strong>quam</strong></span> <span class='ocrx_word' id='word_1_140' title='bbox 610 1760 717 1815; x_wconf 90' lang='lat' dir='ltr'><strong>alio</strong></span> <span class='ocrx_word' id='word_1_141' title='bbox 756 1760 810 1815; x_wconf 90' lang='lat' dir='ltr'><strong>in</strong></span> <span class='ocrx_word' id='word_1_142' title='bbox 838 1759 999 1814; x_wconf 88' lang='lat' dir='ltr'><strong>loco?</strong></span> <span class='ocrx_word' id='word_1_143' title='bbox 1025 1757 1122 1813; x_wconf 86' lang='lat' dir='ltr'><strong>Cui</strong></span> <span class='ocrx_word' id='word_1_144' title='bbox 1166 1757 1594 1829; x_wconf 87' lang='lat' dir='ltr'><strong>respondendum</strong></span> <span class='ocrx_word' id='word_1_145' title='bbox 1635 1764 1738 1822; x_wconf 92' lang='lat' dir='ltr'><strong>est,</strong></span> 
     </span>
    </p>
   </div>
   <div class='ocr_carea' id='block_1_16' title="bbox 1847 832 3429 909">
    <p class='ocr_par' dir='ltr' id='par_1_16' title="bbox 1847 832 3429 909">
     <span class='ocr_line' id='line_1_16' title="bbox 1847 832 3429 909; baseline 0.009 -24"><span class='ocrx_word' id='word_1_146' title='bbox 1847 846 2079 902; x_wconf 83' lang='lat' dir='ltr'><strong>namque</strong></span> <span class='ocrx_word' id='word_1_147' title='bbox 2104 832 2409 903; x_wconf 81' lang='lat' dir='ltr'><strong>deputavit,</strong></span> <span class='ocrx_word' id='word_1_148' title='bbox 2436 834 2483 887; x_wconf 92' lang='lat' dir='ltr'><strong>si</strong></span> <span class='ocrx_word' id='word_1_149' title='bbox 2511 845 2754 890; x_wconf 88' lang='lat' dir='ltr'><strong>maneret</strong></span> <span class='ocrx_word' id='word_1_150' title='bbox 2780 837 2834 892; x_wconf 92' lang='lat' dir='ltr'><strong>in</strong></span> <span class='ocrx_word' id='word_1_151' title='bbox 2862 837 2981 892; x_wconf 88' lang='lat' dir='ltr'><strong>aula</strong></span> <span class='ocrx_word' id='word_1_152' title='bbox 3026 838 3201 909; x_wconf 89' lang='lat' dir='ltr'><strong>regis,</strong></span> <span class='ocrx_word' id='word_1_153' title='bbox 3241 838 3429 899; x_wconf 60' lang='lat' dir='ltr'><strong>laetitia</strong></span> 
     </span>
    </p>
   </div>
   <div class='ocr_carea' id='block_1_17' title="bbox 1847 924 3428 996">
    <p class='ocr_par' dir='ltr' id='par_1_17' title="bbox 1847 924 3428 996">
     <span class='ocr_line' id='line_1_17' title="bbox 1847 924 3428 996; baseline 0.006 -18"><span class='ocrx_word' id='word_1_154' title='bbox 1847 924 2125 994; x_wconf 75' lang='lat' dir='ltr'><strong>temporali</strong></span> <span class='ocrx_word' id='word_1_155' title='bbox 2159 925 2375 991; x_wconf 83' lang='lat' dir='ltr'><strong>fruens,</strong></span> <span class='ocrx_word' id='word_1_156' title='bbox 2403 942 2637 996; x_wconf 87' lang='lat' dir='ltr'><strong>suosque</strong></span> <span class='ocrx_word' id='word_1_157' title='bbox 2664 928 2859 984; x_wconf 83' lang='lat' dir='ltr'><strong>fratres</strong></span> <span class='ocrx_word' id='word_1_158' title='bbox 2883 930 2938 985; x_wconf 92' lang='lat' dir='ltr'><strong>in</strong></span> <span class='ocrx_word' id='word_1_159' title='bbox 2969 930 3314 989; x_wconf 84' lang='lat' dir='ltr'><strong>tribulatione</strong></span> <span class='ocrx_word' id='word_1_160' title='bbox 3336 946 3428 987; x_wconf 81' lang='lat' dir='ltr'><strong>re-</strong></span> 
     </span>
    </p>
   </div>
   <div class='ocr_carea' id='block_1_18' title="bbox 1845 1014 3428 1094">
    <p class='ocr_par' dir='ltr' id='par_1_18' title="bbox 1845 1014 3428 1094">
     <span class='ocr_line' id='line_1_18' title="bbox 1845 1014 3428 1094; baseline 0.007 -24"><span class='ocrx_word' id='word_1_161' title='bbox 1845 1014 2132 1087; x_wconf 78' lang='lat' dir='ltr'><strong>linqueret.</strong></span> <span class='ocrx_word' id='word_1_162' title='bbox 2166 1016 2279 1072; x_wconf 88' lang='lat' dir='ltr'><strong>Non</strong></span> <span class='ocrx_word' id='word_1_163' title='bbox 2326 1017 2511 1089; x_wconf 83' lang='lat' dir='ltr'><strong>aﬁligi,</strong></span> <span class='ocrx_word' id='word_1_164' title='bbox 2556 1018 2809 1089; x_wconf 90' lang='lat' dir='ltr'><strong>inquam,</strong></span> <span class='ocrx_word' id='word_1_165' title='bbox 2838 1038 2959 1077; x_wconf 88' lang='lat' dir='ltr'><strong>cum</strong></span> <span class='ocrx_word' id='word_1_166' title='bbox 2991 1023 3109 1078; x_wconf 86' lang='lat' dir='ltr'><strong>aliis</strong></span> <span class='ocrx_word' id='word_1_167' title='bbox 3147 1034 3428 1094; x_wconf 85' lang='lat' dir='ltr'><strong>peccatum</strong></span> 
     </span>
    </p>
   </div>
   <div class='ocr_carea' id='block_1_19' title="bbox 1845 1107 3431 1183">
    <p class='ocr_par' dir='ltr' id='par_1_19' title="bbox 1845 1107 3431 1183">
     <span class='ocr_line' id='line_1_19' title="bbox 1845 1107 3431 1183; baseline 0.006 -21"><span class='ocrx_word' id='word_1_168' title='bbox 1845 1123 1967 1165; x_wconf 87' lang='lat' dir='ltr'><strong>esse</strong></span> <span class='ocrx_word' id='word_1_169' title='bbox 1990 1107 2270 1179; x_wconf 77' lang='lat' dir='ltr'><strong>judicavit.</strong></span> <span class='ocrx_word' id='word_1_170' title='bbox 2306 1108 2363 1164; x_wconf 90' lang='lat' dir='ltr'><strong>Si</strong></span> <span class='ocrx_word' id='word_1_171' title='bbox 2406 1109 2683 1179; x_wconf 88' lang='lat' dir='ltr'><strong>igiturille</strong></span> <span class='ocrx_word' id='word_1_172' title='bbox 2709 1127 2846 1166; x_wconf 90' lang='lat' dir='ltr'><strong>nova</strong></span> <span class='ocrx_word' id='word_1_173' title='bbox 2891 1110 3047 1183; x_wconf 80' lang='lat' dir='ltr'><strong>aﬁligi</strong></span> <span class='ocrx_word' id='word_1_174' title='bbox 3081 1116 3278 1170; x_wconf 88' lang='lat' dir='ltr'><strong>acriter</strong></span> <span class='ocrx_word' id='word_1_175' title='bbox 3302 1132 3431 1171; x_wconf 90' lang='lat' dir='ltr'><strong>cum</strong></span> 
     </span>
    </p>
   </div>
   <div class='ocr_carea' id='block_1_20' title="bbox 1845 1198 3429 1273">
    <p class='ocr_par' dir='ltr' id='par_1_20' title="bbox 1845 1198 3429 1273">
     <span class='ocr_line' id='line_1_20' title="bbox 1845 1198 3429 1273; baseline 0.004 -19"><span class='ocrx_word' id='word_1_176' title='bbox 1845 1199 1964 1255; x_wconf 83' lang='lat' dir='ltr'><strong>aliis</strong></span> <span class='ocrx_word' id='word_1_177' title='bbox 2020 1209 2298 1270; x_wconf 82' lang='lat' dir='ltr'><strong>peccatum</strong></span> <span class='ocrx_word' id='word_1_178' title='bbox 2350 1217 2470 1256; x_wconf 89' lang='lat' dir='ltr'><strong>esse</strong></span> <span class='ocrx_word' id='word_1_179' title='bbox 2514 1198 2807 1269; x_wconf 83' lang='lat' dir='ltr'><strong>judicavit,</strong></span> <span class='ocrx_word' id='word_1_180' title='bbox 2853 1213 3111 1273; x_wconf 87' lang='lat' dir='ltr'><strong>quantum</strong></span> <span class='ocrx_word' id='word_1_181' title='bbox 3154 1206 3429 1260; x_wconf 89' lang='lat' dir='ltr'><strong>cumulum</strong></span> 
     </span>
    </p>
   </div>
   <div class='ocr_carea' id='block_1_21' title="bbox 1844 1291 3429 1363">
    <p class='ocr_par' dir='ltr' id='par_1_21' title="bbox 1844 1291 3429 1363">
     <span class='ocr_line' id='line_1_21' title="bbox 1844 1291 3429 1363; baseline 0.003 -19"><span class='ocrx_word' id='word_1_182' title='bbox 1844 1292 2049 1361; x_wconf 88' lang='lat' dir='ltr'><strong>peccati</strong></span> <span class='ocrx_word' id='word_1_183' title='bbox 2101 1291 2334 1346; x_wconf 86' lang='lat' dir='ltr'><strong>habituri</strong></span> <span class='ocrx_word' id='word_1_184' title='bbox 2363 1300 2522 1357; x_wconf 89' lang='lat' dir='ltr'><strong>sunt,</strong></span> <span class='ocrx_word' id='word_1_185' title='bbox 2557 1293 2648 1361; x_wconf 85' lang='lat' dir='ltr'><strong>qui</strong></span> <span class='ocrx_word' id='word_1_186' title='bbox 2687 1294 3160 1363; x_wconf 77' lang='lat' dir='ltr'><strong>congregationem</strong></span> <span class='ocrx_word' id='word_1_187' title='bbox 3194 1296 3429 1352; x_wconf 88' lang='lat' dir='ltr'><strong>ﬁdelium</strong></span> 
     </span>
    </p>
   </div>
   <div class='ocr_carea' id='block_1_22' title="bbox 1846 1381 3428 1455">
    <p class='ocr_par' dir='ltr' id='par_1_22' title="bbox 1846 1381 3428 1455">
     <span class='ocr_line' id='line_1_22' title="bbox 1846 1381 3428 1455; baseline 0.003 -19"><span class='ocrx_word' id='word_1_188' title='bbox 1846 1383 2140 1437; x_wconf 88' lang='lat' dir='ltr'><strong>deserunt?</strong></span> <span class='ocrx_word' id='word_1_189' title='bbox 2171 1381 2309 1449; x_wconf 81' lang='lat' dir='ltr'><strong>Vos,</strong></span> <span class='ocrx_word' id='word_1_190' title='bbox 2344 1383 2548 1452; x_wconf 86' lang='lat' dir='ltr'><strong>inquit,</strong></span> <span class='ocrx_word' id='word_1_191' title='bbox 2580 1399 2675 1454; x_wconf 92' lang='lat' dir='ltr'><strong>pro</strong></span> <span class='ocrx_word' id='word_1_192' title='bbox 2704 1385 2989 1454; x_wconf 83' lang='lat' dir='ltr'><strong>vobisipsis</strong></span> <span class='ocrx_word' id='word_1_193' title='bbox 3014 1386 3291 1455; x_wconf 88' lang='lat' dir='ltr'><strong>patimini,</strong></span> <span class='ocrx_word' id='word_1_194' title='bbox 3341 1388 3428 1441; x_wconf 89' lang='lat' dir='ltr'><strong>ille</strong></span> 
     </span>
    </p>
   </div>
   <div class='ocr_carea' id='block_1_23' title="bbox 1845 1476 3428 1548">
    <p class='ocr_par' dir='ltr' id='par_1_23' title="bbox 1845 1476 3428 1548">
     <span class='ocr_line' id='line_1_23' title="bbox 1845 1476 3428 1548; baseline 0.003 -18"><span class='ocrx_word' id='word_1_195' title='bbox 1845 1484 2024 1530; x_wconf 91' lang='lat' dir='ltr'><strong>autem</strong></span> <span class='ocrx_word' id='word_1_196' title='bbox 2069 1491 2175 1530; x_wconf 89' lang='lat' dir='ltr'><strong>non</strong></span> <span class='ocrx_word' id='word_1_197' title='bbox 2204 1476 2376 1532; x_wconf 88' lang='lat' dir='ltr'><strong>solum</strong></span> <span class='ocrx_word' id='word_1_198' title='bbox 2405 1493 2501 1548; x_wconf 88' lang='lat' dir='ltr'><strong>pro</strong></span> <span class='ocrx_word' id='word_1_199' title='bbox 2531 1491 2589 1531; x_wconf 90' lang='lat' dir='ltr'><strong>se</strong></span> <span class='ocrx_word' id='word_1_200' title='bbox 2616 1476 2747 1539; x_wconf 91' lang='lat' dir='ltr'><strong>solo,</strong></span> <span class='ocrx_word' id='word_1_201' title='bbox 2798 1477 3067 1547; x_wconf 86' lang='lat' dir='ltr'><strong>aspiciens</strong></span> <span class='ocrx_word' id='word_1_202' title='bbox 3095 1479 3148 1533; x_wconf 90' lang='lat' dir='ltr'><strong>in</strong></span> <span class='ocrx_word' id='word_1_203' title='bbox 3180 1494 3428 1534; x_wconf 88' lang='lat' dir='ltr'><strong>remune-</strong></span> 
     </span>
    </p>
   </div>
   <div class='ocr_carea' id='block_1_24' title="bbox 1843 1567 3424 1639">
    <p class='ocr_par' dir='ltr' id='par_1_24' title="bbox 1843 1567 3424 1639">
     <span class='ocr_line' id='line_1_24' title="bbox 1843 1567 3424 1639; baseline 0.002 -18"><span class='ocrx_word' id='word_1_204' title='bbox 1843 1568 2128 1633; x_wconf 85' lang='lat' dir='ltr'><strong>rationem,</strong></span> <span class='ocrx_word' id='word_1_205' title='bbox 2161 1568 2255 1623; x_wconf 89' lang='lat' dir='ltr'><strong>sed</strong></span> <span class='ocrx_word' id='word_1_206' title='bbox 2269 1568 2430 1623; x_wconf 88' lang='lat' dir='ltr'><strong>etiam</strong></span> <span class='ocrx_word' id='word_1_207' title='bbox 2458 1583 2555 1637; x_wconf 90' lang='lat' dir='ltr'><strong>pro</strong></span> <span class='ocrx_word' id='word_1_208' title='bbox 2579 1567 2697 1622; x_wconf 88' lang='lat' dir='ltr'><strong>aliis</strong></span> <span class='ocrx_word' id='word_1_209' title='bbox 2725 1569 2829 1623; x_wconf 90' lang='lat' dir='ltr'><strong>hoc</strong></span> <span class='ocrx_word' id='word_1_210' title='bbox 2855 1567 3047 1639; x_wconf 89' lang='lat' dir='ltr'><strong>elegit,</strong></span> <span class='ocrx_word' id='word_1_211' title='bbox 3076 1577 3137 1623; x_wconf 90' lang='lat' dir='ltr'><strong>ut</strong></span> <span class='ocrx_word' id='word_1_212' title='bbox 3167 1570 3424 1639; x_wconf 85' lang='lat' dir='ltr'><strong>majorem</strong></span> 
     </span>
    </p>
   </div>
   <div class='ocr_carea' id='block_1_25' title="bbox 1843 1658 3424 1730">
    <p class='ocr_par' dir='ltr' id='par_1_25' title="bbox 1843 1658 3424 1730">
     <span class='ocr_line' id='line_1_25' title="bbox 1843 1658 3424 1730; baseline 0.001 -17"><span class='ocrx_word' id='word_1_213' title='bbox 1843 1659 2147 1723; x_wconf 83' lang='lat' dir='ltr'><strong>mercedem</strong></span> <span class='ocrx_word' id='word_1_214' title='bbox 2199 1659 2493 1730; x_wconf 86' lang='lat' dir='ltr'><strong>reciperet,</strong></span> <span class='ocrx_word' id='word_1_215' title='bbox 2521 1659 2769 1729; x_wconf 89' lang='lat' dir='ltr'><strong>ultroque</strong></span> <span class='ocrx_word' id='word_1_216' title='bbox 2813 1673 2872 1713; x_wconf 92' lang='lat' dir='ltr'><strong>se</strong></span> <span class='ocrx_word' id='word_1_217' title='bbox 2915 1658 3138 1728; x_wconf 86' lang='lat' dir='ltr'><strong>projecit</strong></span> <span class='ocrx_word' id='word_1_218' title='bbox 3184 1660 3235 1715; x_wconf 90' lang='lat' dir='ltr'><strong>in</strong></span> <span class='ocrx_word' id='word_1_219' title='bbox 3277 1667 3424 1715; x_wconf 86' lang='lat' dir='ltr'><strong>tanta</strong></span> 
     </span>
    </p>
   </div>
   <div class='ocr_carea' id='block_1_26' title="bbox 1841 1749 3425 1832">
    <p class='ocr_par' dir='ltr' id='par_1_26' title="bbox 1841 1749 3425 1832">
     <span class='ocr_line' id='line_1_26' title="bbox 1841 1749 3425 1832; baseline 0.001 -28"><span class='ocrx_word' id='word_1_220' title='bbox 1841 1749 2110 1821; x_wconf 89' lang='lat' dir='ltr'><strong>pericula,</strong></span> <span class='ocrx_word' id='word_1_221' title='bbox 2137 1765 2261 1805; x_wconf 91' lang='lat' dir='ltr'><strong>cum</strong></span> <span class='ocrx_word' id='word_1_222' title='bbox 2289 1750 2339 1805; x_wconf 90' lang='lat' dir='ltr'><strong>ei</strong></span> <span class='ocrx_word' id='word_1_223' title='bbox 2370 1750 2559 1805; x_wconf 89' lang='lat' dir='ltr'><strong>liceret</strong></span> <span class='ocrx_word' id='word_1_224' title='bbox 2595 1750 2682 1832; x_wconf 80' lang='lat' dir='ltr'><strong>pie</strong></span> <span class='ocrx_word' id='word_1_225' title='bbox 2709 1750 2893 1805; x_wconf 88' lang='lat' dir='ltr'><strong>vivere</strong></span> <span class='ocrx_word' id='word_1_226' title='bbox 2916 1790 2932 1814; x_wconf 94' lang='lat'><strong>,</strong></span> <span class='ocrx_word' id='word_1_227' title='bbox 2981 1757 3036 1803; x_wconf 91' lang='lat' dir='ltr'><strong>et</strong></span> <span class='ocrx_word' id='word_1_228' title='bbox 3079 1749 3425 1807; x_wconf 69' lang='lat' dir='ltr'><strong>saecularibus</strong></span> 
     </span>
    </p>
   </div>
   <div class='ocr_carea' id='block_1_27' title="bbox 160 1838 1726 1922">
    <p class='ocr_par' dir='ltr' id='par_1_27' title="bbox 160 1852 1726 1922">
     <span class='ocr_line' id='line_1_27' title="bbox 160 1852 1726 1922; baseline -0.001 -15"><span class='ocrx_word' id='word_1_229' title='bbox 160 1867 273 1907; x_wconf 86' lang='lat' dir='ltr'><strong>non</strong></span> <span class='ocrx_word' id='word_1_230' title='bbox 307 1867 494 1906; x_wconf 88' lang='lat' dir='ltr'><strong>curam</strong></span> <span class='ocrx_word' id='word_1_231' title='bbox 542 1852 777 1922; x_wconf 89' lang='lat' dir='ltr'><strong>gerendo</strong></span> <span class='ocrx_word' id='word_1_232' title='bbox 805 1852 1173 1922; x_wconf 86' lang='lat' dir='ltr'><strong>sepulcrorum</strong></span> <span class='ocrx_word' id='word_1_233' title='bbox 1222 1852 1325 1906; x_wconf 89' lang='lat' dir='ltr'><strong>hoc</strong></span> <span class='ocrx_word' id='word_1_234' title='bbox 1365 1852 1614 1920; x_wconf 82' lang='lat' dir='ltr'><strong>agebant,</strong></span> <span class='ocrx_word' id='word_1_235' title='bbox 1646 1866 1726 1906; x_wconf 81' lang='lat' dir='ltr'><strong>sec</strong></span> 
     </span>
    </p>
   </div>
   <div class='ocr_carea' id='block_1_28' title="bbox 1830 1838 3427 1922">
    <p class='ocr_par' dir='ltr' id='par_1_28' title="bbox 1840 1838 3427 1910">
     <span class='ocr_line' id='line_1_28' title="bbox 1840 1838 3427 1910; baseline -0.001 -16"><span class='ocrx_word' id='word_1_236' title='bbox 1840 1838 1996 1895; x_wconf 88' lang='lat' dir='ltr'><strong>bonis</strong></span> <span class='ocrx_word' id='word_1_237' title='bbox 2023 1839 2246 1910; x_wconf 78' lang='lat' dir='ltr'><strong>perfrui.</strong></span> <span class='ocrx_word' id='word_1_238' title='bbox 2276 1839 2524 1910; x_wconf 85' lang='lat' dir='ltr'><strong>Majores,</strong></span> <span class='ocrx_word' id='word_1_239' title='bbox 2558 1839 2748 1909; x_wconf 87' lang='lat' dir='ltr'><strong>inquit,</strong></span> <span class='ocrx_word' id='word_1_240' title='bbox 2777 1839 2995 1895; x_wconf 74' lang='lat' dir='ltr'><strong>divrtias</strong></span> <span class='ocrx_word' id='word_1_241' title='bbox 3017 1840 3290 1895; x_wconf 71' lang='lat' dir='ltr'><strong>aestimans</strong></span> <span class='ocrx_word' id='word_1_242' title='bbox 3310 1840 3427 1895; x_wconf 76' lang='lat' dir='ltr'><strong>the-</strong></span> 
     </span>
    </p>
   </div>
   <div class='ocr_carea' id='block_1_29' title="bbox 160 1923 1726 2014">
    <p class='ocr_par' dir='ltr' id='par_1_29' title="bbox 160 1941 1726 2014">
     <span class='ocr_line' id='line_1_29' title="bbox 160 1941 1726 2014; baseline -0.001 -17"><span class='ocrx_word' id='word_1_243' title='bbox 160 1942 342 2014; x_wconf 89' lang='lat' dir='ltr'><strong>potius</strong></span> <span class='ocrx_word' id='word_1_244' title='bbox 383 1942 508 2012; x_wconf 88' lang='lat' dir='ltr'><strong>quia</strong></span> <span class='ocrx_word' id='word_1_245' title='bbox 537 1958 635 2013; x_wconf 88' lang='lat' dir='ltr'><strong>per</strong></span> <span class='ocrx_word' id='word_1_246' title='bbox 663 1942 922 2014; x_wconf 88' lang='lat' dir='ltr'><strong>Spiritum</strong></span> <span class='ocrx_word' id='word_1_247' title='bbox 959 1952 1207 1997; x_wconf 91' lang='lat' dir='ltr'><strong>sanctum</strong></span> <span class='ocrx_word' id='word_1_248' title='bbox 1235 1941 1601 2013; x_wconf 64' lang='lat' dir='ltr'><strong>praevidebant</strong></span> <span class='ocrx_word' id='word_1_249' title='bbox 1630 1941 1726 1996; x_wconf 88' lang='lat' dir='ltr'><strong>Do-</strong></span> 
     </span>
    </p>
   </div>
   <div class='ocr_carea' id='block_1_30' title="bbox 1830 1923 3426 2014">
    <p class='ocr_par' dir='ltr' id='par_1_30' title="bbox 1840 1929 3426 2002">
     <span class='ocr_line' id='line_1_30' title="bbox 1840 1929 3426 2002; baseline 0.001 -18"><span class='ocrx_word' id='word_1_250' title='bbox 1840 1944 2002 1986; x_wconf 91' lang='lat' dir='ltr'><strong>sauro</strong></span> <span class='ocrx_word' id='word_1_251' title='bbox 2028 1930 2407 2002; x_wconf 60' lang='lat' dir='ltr'><strong>Egyptiorum</strong></span> <span class='ocrx_word' id='word_1_252' title='bbox 2450 1931 2834 2001; x_wconf 89' lang='lat' dir='ltr'><strong>improperium</strong></span> <span class='ocrx_word' id='word_1_253' title='bbox 2880 1929 3102 1986; x_wconf 85' lang='lat' dir='ltr'><strong>Christi.</strong></span> <span class='ocrx_word' id='word_1_254' title='bbox 3154 1931 3426 2001; x_wconf 87' lang='lat' dir='ltr'><strong>lmprope-</strong></span> 
     </span>
    </p>
   </div>
   <div class='ocr_carea' id='block_1_31' title="bbox 159 2034 1736 2114">
    <p class='ocr_par' dir='ltr' id='par_1_31' title="bbox 159 2034 1736 2114">
     <span class='ocr_line' id='line_1_31' title="bbox 159 2034 1736 2114; baseline -0.001 -25"><span class='ocrx_word' id='word_1_255' title='bbox 159 2034 368 2089; x_wconf 89' lang='lat' dir='ltr'><strong>minum</strong></span> <span class='ocrx_word' id='word_1_256' title='bbox 400 2034 542 2114; x_wconf 82' lang='lat' dir='ltr'><strong>inea</strong></span> <span class='ocrx_word' id='word_1_257' title='bbox 571 2041 714 2089; x_wconf 90' lang='lat' dir='ltr'><strong>terra</strong></span> <span class='ocrx_word' id='word_1_258' title='bbox 759 2048 927 2104; x_wconf 78' lang='lat' dir='ltr'><strong>genus</strong></span> <span class='ocrx_word' id='word_1_259' title='bbox 969 2035 1266 2089; x_wconf 87' lang='lat' dir='ltr'><strong>humamnn</strong></span> <span class='ocrx_word' id='word_1_260' title='bbox 1313 2034 1736 2104; x_wconf 84' lang='lat' dir='ltr'><strong>redemptutum,</strong></span> 
     </span>
    </p>
   </div>
   <div class='ocr_carea' id='block_1_32' title="bbox 158 2125 1739 2194">
    <p class='ocr_par' dir='ltr' id='par_1_32' title="bbox 158 2125 1739 2194">
     <span class='ocr_line' id='line_1_32' title="bbox 158 2125 1739 2194; baseline 0 -13"><span class='ocrx_word' id='word_1_261' title='bbox 158 2125 344 2194; x_wconf 86' lang='lat' dir='ltr'><strong>ibique</strong></span> <span class='ocrx_word' id='word_1_262' title='bbox 372 2134 798 2181; x_wconf 89' lang='lat' dir='ltr'><strong>resurrecturum</strong></span> <span class='ocrx_word' id='word_1_263' title='bbox 829 2141 1039 2181; x_wconf 91' lang='lat' dir='ltr'><strong>summo</strong></span> <span class='ocrx_word' id='word_1_264' title='bbox 1059 2140 1181 2180; x_wconf 91' lang='lat' dir='ltr'><strong>cum</strong></span> <span class='ocrx_word' id='word_1_265' title='bbox 1218 2125 1486 2181; x_wconf 89' lang='lat' dir='ltr'><strong>desiderio</strong></span> <span class='ocrx_word' id='word_1_266' title='bbox 1517 2126 1585 2181; x_wconf 88' lang='lat' dir='ltr'><strong>ibi</strong></span> <span class='ocrx_word' id='word_1_267' title='bbox 1610 2142 1739 2182; x_wconf 89' lang='lat' dir='ltr'><strong>con-</strong></span> 
     </span>
    </p>
   </div>
   <div class='ocr_carea' id='block_1_33' title="bbox 158 2217 1737 2290">
    <p class='ocr_par' dir='ltr' id='par_1_33' title="bbox 158 2217 1737 2290">
     <span class='ocr_line' id='line_1_33' title="bbox 158 2217 1737 2290; baseline 0.002 -19"><span class='ocrx_word' id='word_1_268' title='bbox 158 2217 375 2286; x_wconf 89' lang='lat' dir='ltr'><strong>sepeliri</strong></span> <span class='ocrx_word' id='word_1_269' title='bbox 396 2219 674 2289; x_wconf 87' lang='lat' dir='ltr'><strong>optabant,</strong></span> <span class='ocrx_word' id='word_1_270' title='bbox 697 2228 960 2289; x_wconf 89' lang='lat' dir='ltr'><strong>quatenus</strong></span> <span class='ocrx_word' id='word_1_271' title='bbox 981 2234 1046 2273; x_wconf 89' lang='lat' dir='ltr'><strong>eo</strong></span> <span class='ocrx_word' id='word_1_272' title='bbox 1069 2227 1403 2290; x_wconf 89' lang='lat' dir='ltr'><strong>resurgente,</strong></span> <span class='ocrx_word' id='word_1_273' title='bbox 1424 2220 1737 2289; x_wconf 88' lang='lat' dir='ltr'><strong>pariterque</strong></span> 
     </span>
    </p>
   </div>
   <div class='ocr_carea' id='block_1_34' title="bbox 156 2309 1737 2383">
    <p class='ocr_par' dir='ltr' id='par_1_34' title="bbox 156 2309 1737 2383">
     <span class='ocr_line' id='line_1_34' title="bbox 156 2309 1737 2383; baseline 0.001 -19"><span class='ocrx_word' id='word_1_274' title='bbox 156 2323 283 2364; x_wconf 91' lang='lat' dir='ltr'><strong>cum</strong></span> <span class='ocrx_word' id='word_1_275' title='bbox 307 2324 372 2365; x_wconf 91' lang='lat' dir='ltr'><strong>eo</strong></span> <span class='ocrx_word' id='word_1_276' title='bbox 398 2318 758 2382; x_wconf 88' lang='lat' dir='ltr'><strong>resurgerent.</strong></span> <span class='ocrx_word' id='word_1_277' title='bbox 796 2309 903 2366; x_wconf 88' lang='lat' dir='ltr'><strong>Nos</strong></span> <span class='ocrx_word' id='word_1_278' title='bbox 942 2319 1123 2365; x_wconf 90' lang='lat' dir='ltr'><strong>autem</strong></span> <span class='ocrx_word' id='word_1_279' title='bbox 1153 2327 1257 2367; x_wconf 92' lang='lat' dir='ltr'><strong>non</strong></span> <span class='ocrx_word' id='word_1_280' title='bbox 1291 2311 1547 2366; x_wconf 87' lang='lat' dir='ltr'><strong>debemus</strong></span> <span class='ocrx_word' id='word_1_281' title='bbox 1572 2312 1737 2383; x_wconf 91' lang='lat' dir='ltr'><strong>pusil-</strong></span> 
     </span>
    </p>
   </div>
   <div class='ocr_carea' id='block_1_35' title="bbox 154 2400 1730 2475">
    <p class='ocr_par' dir='ltr' id='par_1_35' title="bbox 154 2400 1730 2475">
     <span class='ocr_line' id='line_1_35' title="bbox 154 2400 1730 2475; baseline 0.003 -19"><span class='ocrx_word' id='word_1_282' title='bbox 154 2400 384 2457; x_wconf 89' lang='lat' dir='ltr'><strong>lanimes</strong></span> <span class='ocrx_word' id='word_1_283' title='bbox 428 2402 544 2458; x_wconf 87' lang='lat' dir='ltr'><strong>ﬁeri</strong></span> <span class='ocrx_word' id='word_1_284' title='bbox 587 2403 891 2473; x_wconf 85' lang='lat' dir='ltr'><strong>ubicunque</strong></span> <span class='ocrx_word' id='word_1_285' title='bbox 929 2404 1271 2474; x_wconf 90' lang='lat' dir='ltr'><strong>sepeliamur,</strong></span> <span class='ocrx_word' id='word_1_286' title='bbox 1318 2420 1440 2460; x_wconf 93' lang='lat' dir='ltr'><strong>cum</strong></span> <span class='ocrx_word' id='word_1_287' title='bbox 1471 2404 1730 2475; x_wconf 92' lang='lat' dir='ltr'><strong>plurimo-</strong></span> 
     </span>
    </p>
   </div>
   <div class='ocr_carea' id='block_1_36' title="bbox 152 2497 1732 2570">
    <p class='ocr_par' dir='ltr' id='par_1_36' title="bbox 152 2497 1732 2570">
     <span class='ocr_line' id='line_1_36' title="bbox 152 2497 1732 2570; baseline 0.004 -21"><span class='ocrx_word' id='word_1_288' title='bbox 152 2510 276 2550; x_wconf 89' lang='lat' dir='ltr'><strong>rum</strong></span> <span class='ocrx_word' id='word_1_289' title='bbox 295 2505 590 2568; x_wconf 83' lang='lat' dir='ltr'><strong>martyrum</strong></span> <span class='ocrx_word' id='word_1_290' title='bbox 613 2497 915 2552; x_wconf 85' lang='lat' dir='ltr'><strong>nesciamus</strong></span> <span class='ocrx_word' id='word_1_291' title='bbox 932 2498 1021 2553; x_wconf 93' lang='lat' dir='ltr'><strong>ubi</strong></span> <span class='ocrx_word' id='word_1_292' title='bbox 1045 2513 1232 2553; x_wconf 89' lang='lat' dir='ltr'><strong>eorum</strong></span> <span class='ocrx_word' id='word_1_293' title='bbox 1254 2513 1480 2569; x_wconf 91' lang='lat' dir='ltr'><strong>corpora</strong></span> <span class='ocrx_word' id='word_1_294' title='bbox 1501 2500 1732 2570; x_wconf 80' lang='lat' dir='ltr'><strong>gloriose</strong></span> 
     </span>
    </p>
   </div>
   <div class='ocr_carea' id='block_1_37' title="bbox 143 2585 643 2659">
    <p class='ocr_par' dir='ltr' id='par_1_37' title="bbox 143 2585 643 2659">
     <span class='ocr_line' id='line_1_37' title="bbox 143 2585 643 2659; baseline -0.002 -19"><span class='ocrx_word' id='word_1_295' title='bbox 143 2585 368 2659; x_wconf 86' lang='lat' dir='ltr'><strong>jaceant</strong></span> <span class='ocrx_word' id='word_1_296' title='bbox 391 2586 643 2640; x_wconf 87' lang='lat' dir='ltr'><strong>humana.</strong></span> 
     </span>
    </p>
   </div>
   <div class='ocr_carea' id='block_1_38' title="bbox 231 2676 1731 2757">
    <p class='ocr_par' dir='ltr' id='par_1_38' title="bbox 231 2676 1731 2757">
     <span class='ocr_line' id='line_1_38' title="bbox 231 2676 1731 2757; baseline 0.004 -26"><span class='ocrx_word' id='word_1_297' title='bbox 231 2676 363 2734; x_wconf 84' lang='lat' dir='ltr'><strong>Fide</strong></span> <span class='ocrx_word' id='word_1_298' title='bbox 388 2678 592 2757; x_wconf 72' lang='lat' dir='ltr'><strong>Moyses</strong></span> <span class='ocrx_word' id='word_1_299' title='bbox 615 2688 788 2744; x_wconf 86' lang='lat' dir='ltr'><strong>natus,</strong></span> <span class='ocrx_word' id='word_1_300' title='bbox 812 2680 1099 2733; x_wconf 80' lang='lat' dir='ltr'><strong>occultatus</strong></span> <span class='ocrx_word' id='word_1_301' title='bbox 1128 2687 1203 2732; x_wconf 90' lang='lat' dir='ltr'><strong>est</strong></span> <span class='ocrx_word' id='word_1_302' title='bbox 1228 2681 1669 2735; x_wconf 84' lang='lat' dir='ltr'><strong>menstbustribus</strong></span> <span class='ocrx_word' id='word_1_303' title='bbox 1698 2700 1731 2737; x_wconf 91' lang='lat' dir='ltr'><strong>a</strong></span> 
     </span>
    </p>
   </div>
   <div class='ocr_carea' id='block_1_39' title="bbox 144 2769 1727 2842">
    <p class='ocr_par' dir='ltr' id='par_1_39' title="bbox 144 2769 1727 2842">
     <span class='ocr_line' id='line_1_39' title="bbox 144 2769 1727 2842; baseline 0.003 -19"><span class='ocrx_word' id='word_1_304' title='bbox 144 2770 452 2842; x_wconf 83' lang='lat' dir='ltr'><strong>parentibus</strong></span> <span class='ocrx_word' id='word_1_305' title='bbox 478 2770 586 2823; x_wconf 93' lang='lat' dir='ltr'><strong>suis</strong></span> <span class='ocrx_word' id='word_1_306' title='bbox 611 2811 625 2836; x_wconf 94' lang='lat'><strong>,</strong></span> <span class='ocrx_word' id='word_1_307' title='bbox 657 2787 714 2824; x_wconf 90' lang='lat' dir='ltr'><strong>eo</strong></span> <span class='ocrx_word' id='word_1_308' title='bbox 735 2770 872 2841; x_wconf 87' lang='lat' dir='ltr'><strong>quod</strong></span> <span class='ocrx_word' id='word_1_309' title='bbox 902 2770 1141 2824; x_wconf 78' lang='lat' dir='ltr'><strong>vidissent</strong></span> <span class='ocrx_word' id='word_1_310' title='bbox 1164 2769 1445 2841; x_wconf 84' lang='lat' dir='ltr'><strong>elegantem</strong></span> <span class='ocrx_word' id='word_1_311' title='bbox 1475 2772 1727 2842; x_wconf 82' lang='lat' dir='ltr'><strong>infantem</strong></span> 
     </span>
    </p>
   </div>
   <div class='ocr_carea' id='block_1_40' title="bbox 141 2861 1728 2934">
    <p class='ocr_par' dir='ltr' id='par_1_40' title="bbox 141 2861 1728 2934">
     <span class='ocr_line' id='line_1_40' title="bbox 141 2861 1728 2934; baseline 0.001 -16"><span class='ocrx_word' id='word_1_312' title='bbox 141 2870 196 2918; x_wconf 87' lang='lat' dir='ltr'><strong>et</strong></span> <span class='ocrx_word' id='word_1_313' title='bbox 219 2879 319 2917; x_wconf 90' lang='lat' dir='ltr'><strong>non</strong></span> <span class='ocrx_word' id='word_1_314' title='bbox 341 2862 620 2917; x_wconf 88' lang='lat' dir='ltr'><strong>timuerunt</strong></span> <span class='ocrx_word' id='word_1_315' title='bbox 635 2863 768 2934; x_wconf 86' lang='lat' dir='ltr'><strong>regis</strong></span> <span class='ocrx_word' id='word_1_316' title='bbox 782 2862 1025 2917; x_wconf 85' lang='lat' dir='ltr'><strong>edictum.</strong></span> <span class='ocrx_word' id='word_1_317' title='bbox 1052 2861 1166 2916; x_wconf 84' lang='lat' dir='ltr'><strong>Non</strong></span> <span class='ocrx_word' id='word_1_318' title='bbox 1190 2877 1282 2916; x_wconf 90' lang='lat' dir='ltr'><strong>sua</strong></span> <span class='ocrx_word' id='word_1_319' title='bbox 1308 2862 1409 2917; x_wconf 90' lang='lat' dir='ltr'><strong>ﬁde</strong></span> <span class='ocrx_word' id='word_1_320' title='bbox 1427 2864 1728 2920; x_wconf 90' lang='lat' dir='ltr'><strong>occultatus</strong></span> 
     </span>
    </p>
   </div>
   <div class='ocr_carea' id='block_1_41' title="bbox 142 2953 1728 3025">
    <p class='ocr_par' dir='ltr' id='par_1_41' title="bbox 142 2953 1728 3025">
     <span class='ocr_line' id='line_1_41' title="bbox 142 2953 1728 3025; baseline -0.001 -15"><span class='ocrx_word' id='word_1_321' title='bbox 142 2961 235 3010; x_wconf 89' lang='lat' dir='ltr'><strong>est</strong></span> <span class='ocrx_word' id='word_1_322' title='bbox 260 2953 471 3025; x_wconf 81' lang='lat' dir='ltr'><strong>Moyses</strong></span> <span class='ocrx_word' id='word_1_323' title='bbox 496 2954 585 3024; x_wconf 90' lang='lat' dir='ltr'><strong>qui</strong></span> <span class='ocrx_word' id='word_1_324' title='bbox 612 2954 787 3009; x_wconf 89' lang='lat' dir='ltr'><strong>adhuc</strong></span> <span class='ocrx_word' id='word_1_325' title='bbox 830 2953 928 3008; x_wconf 87' lang='lat' dir='ltr'><strong>fari</strong></span> <span class='ocrx_word' id='word_1_326' title='bbox 956 2969 1060 3007; x_wconf 91' lang='lat' dir='ltr'><strong>non</strong></span> <span class='ocrx_word' id='word_1_327' title='bbox 1103 2961 1345 3025; x_wconf 87' lang='lat' dir='ltr'><strong>poterat:</strong></span> <span class='ocrx_word' id='word_1_328' title='bbox 1370 2955 1465 3009; x_wconf 89' lang='lat' dir='ltr'><strong>sed</strong></span> <span class='ocrx_word' id='word_1_329' title='bbox 1491 2955 1593 3009; x_wconf 89' lang='lat' dir='ltr'><strong>ﬁde</strong></span> <span class='ocrx_word' id='word_1_330' title='bbox 1635 2972 1728 3025; x_wconf 77' lang='lat' dir='ltr'><strong>pa-</strong></span> 
     </span>
    </p>
   </div>
   <div class='ocr_carea' id='block_1_42' title="bbox 145 3045 1725 3118">
    <p class='ocr_par' dir='ltr' id='par_1_42' title="bbox 145 3045 1725 3118">
     <span class='ocr_line' id='line_1_42' title="bbox 145 3045 1725 3118; baseline -0.002 -14"><span class='ocrx_word' id='word_1_331' title='bbox 145 3057 362 3104; x_wconf 86' lang='lat' dir='ltr'><strong>rentum</strong></span> <span class='ocrx_word' id='word_1_332' title='bbox 389 3062 631 3112; x_wconf 92' lang='lat' dir='ltr'><strong>suorum,</strong></span> <span class='ocrx_word' id='word_1_333' title='bbox 658 3047 831 3118; x_wconf 85' lang='lat' dir='ltr'><strong>patris</strong></span> <span class='ocrx_word' id='word_1_334' title='bbox 880 3046 1085 3101; x_wconf 79' lang='lat' dir='ltr'><strong>scilicet</strong></span> <span class='ocrx_word' id='word_1_335' title='bbox 1114 3062 1177 3101; x_wconf 90' lang='lat' dir='ltr'><strong>ac</strong></span> <span class='ocrx_word' id='word_1_336' title='bbox 1207 3046 1413 3111; x_wconf 84' lang='lat' dir='ltr'><strong>matris,</strong></span> <span class='ocrx_word' id='word_1_337' title='bbox 1445 3046 1537 3116; x_wconf 90' lang='lat' dir='ltr'><strong>qui</strong></span> <span class='ocrx_word' id='word_1_338' title='bbox 1568 3045 1725 3101; x_wconf 88' lang='lat' dir='ltr'><strong>ﬁdem</strong></span> 
     </span>
    </p>
   </div>
   <div class='ocr_carea' id='block_1_43' title="bbox 147 3134 1725 3209">
    <p class='ocr_par' dir='ltr' id='par_1_43' title="bbox 147 3134 1725 3209">
     <span class='ocr_line' id='line_1_43' title="bbox 147 3134 1725 3209; baseline -0.001 -14"><span class='ocrx_word' id='word_1_339' title='bbox 147 3136 409 3195; x_wconf 87' lang='lat' dir='ltr'><strong>habentes</strong></span> <span class='ocrx_word' id='word_1_340' title='bbox 437 3138 579 3209; x_wconf 90' lang='lat' dir='ltr'><strong>quod</strong></span> <span class='ocrx_word' id='word_1_341' title='bbox 603 3138 942 3208; x_wconf 88' lang='lat' dir='ltr'><strong>omnipotens</strong></span> <span class='ocrx_word' id='word_1_342' title='bbox 968 3135 1107 3191; x_wconf 90' lang='lat' dir='ltr'><strong>Deus</strong></span> <span class='ocrx_word' id='word_1_343' title='bbox 1130 3134 1315 3207; x_wconf 56' lang='lat' dir='ltr'><strong>&quot;posset</strong></span> <span class='ocrx_word' id='word_1_344' title='bbox 1340 3151 1463 3191; x_wconf 92' lang='lat' dir='ltr'><strong>eum</strong></span> <span class='ocrx_word' id='word_1_345' title='bbox 1495 3138 1725 3194; x_wconf 88' lang='lat' dir='ltr'><strong>liberare</strong></span> 
     </span>
    </p>
   </div>
   <div class='ocr_carea' id='block_1_44' title="bbox 146 3229 1721 3296">
    <p class='ocr_par' dir='ltr' id='par_1_44' title="bbox 146 3229 1721 3296">
     <span class='ocr_line' id='line_1_44' title="bbox 146 3229 1721 3296; baseline -0.001 -10"><span class='ocrx_word' id='word_1_346' title='bbox 146 3237 203 3286; x_wconf 87' lang='lat' dir='ltr'><strong>et</strong></span> <span class='ocrx_word' id='word_1_347' title='bbox 249 3229 538 3295; x_wconf 88' lang='lat' dir='ltr'><strong>custodire,</strong></span> <span class='ocrx_word' id='word_1_348' title='bbox 590 3229 958 3284; x_wconf 88' lang='lat' dir='ltr'><strong>custodierunt</strong></span> <span class='ocrx_word' id='word_1_349' title='bbox 1010 3229 1158 3283; x_wconf 90' lang='lat' dir='ltr'><strong>illum</strong></span> <span class='ocrx_word' id='word_1_350' title='bbox 1206 3230 1375 3284; x_wconf 89' lang='lat' dir='ltr'><strong>tribus</strong></span> <span class='ocrx_word' id='word_1_351' title='bbox 1426 3230 1721 3296; x_wconf 86' lang='lat' dir='ltr'><strong>mensibus,</strong></span> 
     </span>
    </p>
   </div>
   <div class='ocr_carea' id='block_1_45' title="bbox 1841 2020 3425 2094">
    <p class='ocr_par' dir='ltr' id='par_1_45' title="bbox 1841 2020 3425 2094">
     <span class='ocr_line' id='line_1_45' title="bbox 1841 2020 3425 2094; baseline 0.002 -19"><span class='ocrx_word' id='word_1_352' title='bbox 1841 2020 1981 2076; x_wconf 91' lang='lat' dir='ltr'><strong>rium</strong></span> <span class='ocrx_word' id='word_1_353' title='bbox 2011 2021 2209 2078; x_wconf 89' lang='lat' dir='ltr'><strong>Christi</strong></span> <span class='ocrx_word' id='word_1_354' title='bbox 2239 2022 2389 2088; x_wconf 89' lang='lat' dir='ltr'><strong>dicit,</strong></span> <span class='ocrx_word' id='word_1_355' title='bbox 2415 2022 2540 2091; x_wconf 89' lang='lat' dir='ltr'><strong>quia</strong></span> <span class='ocrx_word' id='word_1_356' title='bbox 2570 2037 2667 2092; x_wconf 92' lang='lat' dir='ltr'><strong>pro</strong></span> <span class='ocrx_word' id='word_1_357' title='bbox 2691 2020 2907 2079; x_wconf 88' lang='lat' dir='ltr'><strong>Christo</strong></span> <span class='ocrx_word' id='word_1_358' title='bbox 2927 2023 3180 2081; x_wconf 80' lang='lat' dir='ltr'><strong>sustinuit</strong></span> <span class='ocrx_word' id='word_1_359' title='bbox 3211 2022 3425 2094; x_wconf 76' lang='lat' dir='ltr'><strong>Moyses</strong></span> 
     </span>
    </p>
   </div>
   <div class='ocr_carea' id='block_1_46' title="bbox 1840 2112 3422 2183">
    <p class='ocr_par' dir='ltr' id='par_1_46' title="bbox 1840 2112 3422 2183">
     <span class='ocr_line' id='line_1_46' title="bbox 1840 2112 3422 2183; baseline 0.001 -16"><span class='ocrx_word' id='word_1_360' title='bbox 1840 2112 2242 2183; x_wconf 88' lang='lat' dir='ltr'><strong>improperium,</strong></span> <span class='ocrx_word' id='word_1_361' title='bbox 2270 2113 2359 2183; x_wconf 92' lang='lat' dir='ltr'><strong>qui</strong></span> <span class='ocrx_word' id='word_1_362' title='bbox 2389 2114 2549 2168; x_wconf 89' lang='lat' dir='ltr'><strong>unius</strong></span> <span class='ocrx_word' id='word_1_363' title='bbox 2577 2114 2822 2169; x_wconf 83' lang='lat' dir='ltr'><strong>essentiae</strong></span> <span class='ocrx_word' id='word_1_364' title='bbox 2850 2115 3143 2171; x_wconf 83' lang='lat' dir='ltr'><strong>secundum</strong></span> <span class='ocrx_word' id='word_1_365' title='bbox 3171 2115 3422 2171; x_wconf 74' lang='lat' dir='ltr'><strong>divinita-</strong></span> 
     </span>
    </p>
   </div>
   <div class='ocr_carea' id='block_1_47' title="bbox 1837 2202 3419 2274">
    <p class='ocr_par' dir='ltr' id='par_1_47' title="bbox 1837 2202 3419 2274">
     <span class='ocr_line' id='line_1_47' title="bbox 1837 2202 3419 2274; baseline 0.002 -17"><span class='ocrx_word' id='word_1_366' title='bbox 1837 2210 1945 2259; x_wconf 90' lang='lat' dir='ltr'><strong>tem</strong></span> <span class='ocrx_word' id='word_1_367' title='bbox 1975 2218 2099 2258; x_wconf 90' lang='lat' dir='ltr'><strong>cum</strong></span> <span class='ocrx_word' id='word_1_368' title='bbox 2124 2203 2285 2259; x_wconf 87' lang='lat' dir='ltr'><strong>Patre</strong></span> <span class='ocrx_word' id='word_1_369' title='bbox 2310 2212 2393 2260; x_wconf 92' lang='lat' dir='ltr'><strong>est</strong></span> <span class='ocrx_word' id='word_1_370' title='bbox 2424 2222 2438 2257; x_wconf 89' lang='lat'><strong>:</strong></span> <span class='ocrx_word' id='word_1_371' title='bbox 2463 2202 2587 2258; x_wconf 87' lang='lat' dir='ltr'><strong>Sive</strong></span> <span class='ocrx_word' id='word_1_372' title='bbox 2614 2204 2998 2274; x_wconf 88' lang='lat' dir='ltr'><strong>improperium</strong></span> <span class='ocrx_word' id='word_1_373' title='bbox 3039 2203 3240 2263; x_wconf 88' lang='lat' dir='ltr'><strong>Christi</strong></span> <span class='ocrx_word' id='word_1_374' title='bbox 3268 2206 3419 2271; x_wconf 86' lang='lat' dir='ltr'><strong>dicit,</strong></span> 
     </span>
    </p>
   </div>
   <div class='ocr_carea' id='block_1_48' title="bbox 1836 2294 3419 2365">
    <p class='ocr_par' dir='ltr' id='par_1_48' title="bbox 1836 2294 3419 2365">
     <span class='ocr_line' id='line_1_48' title="bbox 1836 2294 3419 2365; baseline -0.002 -14"><span class='ocrx_word' id='word_1_375' title='bbox 1836 2294 1941 2351; x_wconf 83' lang='lat' dir='ltr'><strong>hoc</strong></span> <span class='ocrx_word' id='word_1_376' title='bbox 1969 2302 2052 2349; x_wconf 86' lang='lat' dir='ltr'><strong>est</strong></span> <span class='ocrx_word' id='word_1_377' title='bbox 2090 2294 2249 2364; x_wconf 89' lang='lat' dir='ltr'><strong>quale</strong></span> <span class='ocrx_word' id='word_1_378' title='bbox 2296 2294 2543 2351; x_wconf 87' lang='lat' dir='ltr'><strong>Christus</strong></span> <span class='ocrx_word' id='word_1_379' title='bbox 2589 2294 2842 2349; x_wconf 89' lang='lat' dir='ltr'><strong>sustinuit</strong></span> <span class='ocrx_word' id='word_1_380' title='bbox 2868 2310 2897 2349; x_wconf 92' lang='lat' dir='ltr'><strong>a</strong></span> <span class='ocrx_word' id='word_1_381' title='bbox 2924 2295 3037 2349; x_wconf 90' lang='lat' dir='ltr'><strong>suis</strong></span> <span class='ocrx_word' id='word_1_382' title='bbox 3084 2295 3419 2365; x_wconf 83' lang='lat' dir='ltr'><strong>propinquis.</strong></span> 
     </span>
    </p>
   </div>
   <div class='ocr_carea' id='block_1_49' title="bbox 1837 2381 3423 2455">
    <p class='ocr_par' dir='ltr' id='par_1_49' title="bbox 1837 2381 3423 2455">
     <span class='ocr_line' id='line_1_49' title="bbox 1837 2381 3423 2455; baseline 0 -16"><span class='ocrx_word' id='word_1_383' title='bbox 1837 2381 1989 2439; x_wconf 88' lang='lat' dir='ltr'><strong>Sicut</strong></span> <span class='ocrx_word' id='word_1_384' title='bbox 2036 2383 2182 2439; x_wconf 90' lang='lat' dir='ltr'><strong>enim</strong></span> <span class='ocrx_word' id='word_1_385' title='bbox 2232 2383 2479 2441; x_wconf 90' lang='lat' dir='ltr'><strong>Christus</strong></span> <span class='ocrx_word' id='word_1_386' title='bbox 2529 2384 2911 2455; x_wconf 88' lang='lat' dir='ltr'><strong>improperium</strong></span> <span class='ocrx_word' id='word_1_387' title='bbox 2960 2385 3216 2441; x_wconf 88' lang='lat' dir='ltr'><strong>sustinuit</strong></span> <span class='ocrx_word' id='word_1_388' title='bbox 3246 2400 3277 2439; x_wconf 90' lang='lat' dir='ltr'><strong>a</strong></span> <span class='ocrx_word' id='word_1_389' title='bbox 3309 2385 3423 2441; x_wconf 90' lang='lat' dir='ltr'><strong>suis</strong></span> 
     </span>
    </p>
   </div>
   <div class='ocr_carea' id='block_1_50' title="bbox 1834 2475 3425 2545">
    <p class='ocr_par' dir='ltr' id='par_1_50' title="bbox 1834 2475 3425 2545">
     <span class='ocr_line' id='line_1_50' title="bbox 1834 2475 3425 2545; baseline 0.001 -15"><span class='ocrx_word' id='word_1_390' title='bbox 1834 2489 1968 2544; x_wconf 89' lang='lat' dir='ltr'><strong>quos</strong></span> <span class='ocrx_word' id='word_1_391' title='bbox 1994 2482 2216 2531; x_wconf 78' lang='lat' dir='ltr'><strong>venerat</strong></span> <span class='ocrx_word' id='word_1_392' title='bbox 2240 2475 2532 2542; x_wconf 89' lang='lat' dir='ltr'><strong>redimere,</strong></span> <span class='ocrx_word' id='word_1_393' title='bbox 2553 2476 2772 2545; x_wconf 90' lang='lat' dir='ltr'><strong>quando</strong></span> <span class='ocrx_word' id='word_1_394' title='bbox 2817 2476 2865 2530; x_wconf 90' lang='lat' dir='ltr'><strong>ei</strong></span> <span class='ocrx_word' id='word_1_395' title='bbox 2902 2476 3184 2533; x_wconf 78' lang='lat' dir='ltr'><strong>dixerunt:</strong></span> <span class='ocrx_word' id='word_1_396' title='bbox 3211 2475 3425 2531; x_wconf 73' lang='lat' dir='ltr'><strong>Damio-</strong></span> 
     </span>
    </p>
   </div>
   <div class='ocr_carea' id='block_1_51' title="bbox 1832 2564 3437 2638">
    <p class='ocr_par' dir='ltr' id='par_1_51' title="bbox 1832 2564 3437 2638">
     <span class='ocr_line' id='line_1_51' title="bbox 1832 2564 3437 2638; baseline 0.002 -19"><span class='ocrx_word' id='word_1_397' title='bbox 1832 2564 1979 2619; x_wconf 87' lang='lat' dir='ltr'><strong>nium</strong></span> <span class='ocrx_word' id='word_1_398' title='bbox 2024 2566 2181 2620; x_wconf 80' lang='lat' dir='ltr'><strong>habes</strong></span> <span class='ocrx_word' id='word_1_399' title='bbox 2236 2566 2416 2638; x_wconf 83' lang='lat' dir='ltr'><strong>(Joan.</strong></span> <span class='ocrx_word' id='word_1_400' title='bbox 2467 2565 2619 2637; x_wconf 81' lang='lat' dir='ltr'><strong>vni),</strong></span> <span class='ocrx_word' id='word_1_401' title='bbox 2655 2575 2784 2633; x_wconf 91' lang='lat' dir='ltr'><strong>etc.,</strong></span> <span class='ocrx_word' id='word_1_402' title='bbox 2834 2567 2979 2623; x_wconf 88' lang='lat' dir='ltr'><strong>mala</strong></span> <span class='ocrx_word' id='word_1_403' title='bbox 3026 2568 3076 2622; x_wconf 89' lang='lat' dir='ltr'><strong>ei</strong></span> <span class='ocrx_word' id='word_1_404' title='bbox 3124 2568 3437 2629; x_wconf 67' lang='lat' dir='ltr'><strong>intulerunt,</strong></span> 
     </span>
    </p>
   </div>
   <div class='ocr_carea' id='block_1_52' title="bbox 1830 2656 3421 2730">
    <p class='ocr_par' dir='ltr' id='par_1_52' title="bbox 1830 2656 3421 2730">
     <span class='ocr_line' id='line_1_52' title="bbox 1830 2656 3421 2730; baseline 0.002 -20"><span class='ocrx_word' id='word_1_405' title='bbox 1830 2670 2002 2725; x_wconf 89' lang='lat' dir='ltr'><strong>usque</strong></span> <span class='ocrx_word' id='word_1_406' title='bbox 2029 2656 2094 2710; x_wconf 90' lang='lat' dir='ltr'><strong>ad</strong></span> <span class='ocrx_word' id='word_1_407' title='bbox 2123 2658 2425 2727; x_wconf 88' lang='lat' dir='ltr'><strong>passionem</strong></span> <span class='ocrx_word' id='word_1_408' title='bbox 2457 2676 2469 2711; x_wconf 95' lang='lat'>:</span> <span class='ocrx_word' id='word_1_409' title='bbox 2497 2657 2571 2712; x_wconf 87' lang='lat' dir='ltr'><strong>ita</strong></span> <span class='ocrx_word' id='word_1_410' title='bbox 2600 2665 2653 2712; x_wconf 90' lang='lat' dir='ltr'><strong>et</strong></span> <span class='ocrx_word' id='word_1_411' title='bbox 2689 2657 2898 2729; x_wconf 85' lang='lat' dir='ltr'><strong>Moyses</strong></span> <span class='ocrx_word' id='word_1_412' title='bbox 2919 2659 3302 2730; x_wconf 89' lang='lat' dir='ltr'><strong>improperium</strong></span> <span class='ocrx_word' id='word_1_413' title='bbox 3332 2676 3421 2714; x_wconf 86' lang='lat' dir='ltr'><strong>sn-</strong></span> 
     </span>
    </p>
   </div>
   <div class='ocr_carea' id='block_1_53' title="bbox 1828 2746 3422 2820">
    <p class='ocr_par' dir='ltr' id='par_1_53' title="bbox 1828 2746 3422 2820">
     <span class='ocr_line' id='line_1_53' title="bbox 1828 2746 3422 2820; baseline 0.005 -20"><span class='ocrx_word' id='word_1_414' title='bbox 1828 2747 2062 2801; x_wconf 86' lang='lat' dir='ltr'><strong>stinuita</strong></span> <span class='ocrx_word' id='word_1_415' title='bbox 2083 2746 2339 2805; x_wconf 81' lang='lat' dir='ltr'><strong>fratribus</strong></span> <span class='ocrx_word' id='word_1_416' title='bbox 2365 2750 2497 2817; x_wconf 89' lang='lat' dir='ltr'><strong>suis,</strong></span> <span class='ocrx_word' id='word_1_417' title='bbox 2522 2765 2659 2820; x_wconf 90' lang='lat' dir='ltr'><strong>quos</strong></span> <span class='ocrx_word' id='word_1_418' title='bbox 2677 2750 2892 2806; x_wconf 83' lang='lat' dir='ltr'><strong>volebat</strong></span> <span class='ocrx_word' id='word_1_419' title='bbox 2912 2751 3143 2808; x_wconf 84' lang='lat' dir='ltr'><strong>liberare</strong></span> <span class='ocrx_word' id='word_1_420' title='bbox 3166 2771 3179 2807; x_wconf 92' lang='lat'>:</span> <span class='ocrx_word' id='word_1_421' title='bbox 3204 2753 3422 2809; x_wconf 89' lang='lat' dir='ltr'><strong>dicebat</strong></span> 
     </span>
    </p>
   </div>
   <div class='ocr_carea' id='block_1_54' title="bbox 1829 2839 3423 2915">
    <p class='ocr_par' dir='ltr' id='par_1_54' title="bbox 1829 2839 3423 2915">
     <span class='ocr_line' id='line_1_54' title="bbox 1829 2839 3423 2915; baseline 0.002 -22"><span class='ocrx_word' id='word_1_422' title='bbox 1829 2839 1974 2894; x_wconf 90' lang='lat' dir='ltr'><strong>enim</strong></span> <span class='ocrx_word' id='word_1_423' title='bbox 2003 2840 2053 2894; x_wconf 92' lang='lat' dir='ltr'><strong>ei</strong></span> <span class='ocrx_word' id='word_1_424' title='bbox 2084 2856 2225 2896; x_wconf 90' lang='lat' dir='ltr'><strong>unus</strong></span> <span class='ocrx_word' id='word_1_425' title='bbox 2249 2856 2316 2895; x_wconf 84' lang='lat' dir='ltr'><strong>ex</strong></span> <span class='ocrx_word' id='word_1_426' title='bbox 2338 2842 2418 2898; x_wconf 90' lang='lat' dir='ltr'><strong>eis</strong></span> <span class='ocrx_word' id='word_1_427' title='bbox 2443 2859 2456 2895; x_wconf 89' lang='lat'><strong>:</strong></span> <span class='ocrx_word' id='word_1_428' title='bbox 2483 2842 2612 2907; x_wconf 84' lang='lat' dir='ltr'><strong>Quis</strong></span> <span class='ocrx_word' id='word_1_429' title='bbox 2642 2852 2690 2896; x_wconf 90' lang='lat' dir='ltr'><strong>te</strong></span> <span class='ocrx_word' id='word_1_430' title='bbox 2715 2844 2978 2899; x_wconf 82' lang='lat' dir='ltr'><strong>constituit</strong></span> <span class='ocrx_word' id='word_1_431' title='bbox 3017 2845 3301 2915; x_wconf 82' lang='lat' dir='ltr'><strong>principem</strong></span> <span class='ocrx_word' id='word_1_432' title='bbox 3324 2844 3423 2899; x_wconf 72' lang='lat' dir='ltr'><strong>an!</strong></span> 
     </span>
    </p>
   </div>
   <div class='ocr_carea' id='block_1_55' title="bbox 1819 2930 3416 3003">
    <p class='ocr_par' dir='ltr' id='par_1_55' title="bbox 1819 2930 3416 3003">
     <span class='ocr_line' id='line_1_55' title="bbox 1819 2930 3416 3003; baseline 0.004 -19"><span class='ocrx_word' id='word_1_433' title='bbox 1819 2930 2054 3001; x_wconf 82' lang='lat' dir='ltr'><strong>judicent</strong></span> <span class='ocrx_word' id='word_1_434' title='bbox 2081 2949 2235 3003; x_wconf 83' lang='lat' dir='ltr'><strong>super</strong></span> <span class='ocrx_word' id='word_1_435' title='bbox 2282 2950 2375 2987; x_wconf 88' lang='lat' dir='ltr'><strong>nos</strong></span> <span class='ocrx_word' id='word_1_436' title='bbox 2398 2934 2423 2985; x_wconf 74' lang='grc' dir='ltr'><em>Ρ</em></span> <span class='ocrx_word' id='word_1_437' title='bbox 2453 2949 2577 2991; x_wconf 78' lang='lat' dir='ltr'><strong>num</strong></span> <span class='ocrx_word' id='word_1_438' title='bbox 2610 2934 2913 2990; x_wconf 89' lang='lat' dir='ltr'><strong>interﬁcere</strong></span> <span class='ocrx_word' id='word_1_439' title='bbox 2941 2952 3020 2989; x_wconf 89' lang='lat' dir='ltr'><strong>me</strong></span> <span class='ocrx_word' id='word_1_440' title='bbox 3059 2938 3131 2990; x_wconf 82' lang='lat' dir='ltr'><strong>vis</strong></span> <span class='ocrx_word' id='word_1_441' title='bbox 3162 2939 3296 2993; x_wconf 78' lang='lat' dir='ltr'><strong>sicut</strong></span> <span class='ocrx_word' id='word_1_442' title='bbox 3325 2938 3416 2992; x_wconf 83' lang='lat' dir='ltr'><strong>in—</strong></span> 
     </span>
    </p>
   </div>
   <div class='ocr_carea' id='block_1_56' title="bbox 1829 3023 3416 3099">
    <p class='ocr_par' dir='ltr' id='par_1_56' title="bbox 1829 3023 3416 3099">
     <span class='ocr_line' id='line_1_56' title="bbox 1829 3023 3416 3099; baseline 0.006 -22"><span class='ocrx_word' id='word_1_443' title='bbox 1829 3023 2089 3078; x_wconf 88' lang='lat' dir='ltr'><strong>terfecisti</strong></span> <span class='ocrx_word' id='word_1_444' title='bbox 2104 3024 2217 3079; x_wconf 83' lang='lat' dir='ltr'><strong>heri</strong></span> <span class='ocrx_word' id='word_1_445' title='bbox 2233 3024 2541 3095; x_wconf 66' lang='lat' dir='ltr'><strong>rEgyptium</strong></span> <span class='ocrx_word' id='word_1_446' title='bbox 2558 3027 2790 3097; x_wconf 80' lang='lat' dir='ltr'><strong>?(Ea:od.</strong></span> <span class='ocrx_word' id='word_1_447' title='bbox 2810 3028 2896 3099; x_wconf 86' lang='lat' dir='ltr'><strong>tt.)</strong></span> <span class='ocrx_word' id='word_1_448' title='bbox 2919 3028 3179 3084; x_wconf 90' lang='lat' dir='ltr'><strong>Similiter</strong></span> <span class='ocrx_word' id='word_1_449' title='bbox 3197 3033 3416 3099; x_wconf 89' lang='lat' dir='ltr'><strong>quando</strong></span> 
     </span>
    </p>
   </div>
   <div class='ocr_carea' id='block_1_57' title="bbox 1826 3115 3409 3191">
    <p class='ocr_par' dir='ltr' id='par_1_57' title="bbox 1826 3115 3409 3191">
     <span class='ocr_line' id='line_1_57' title="bbox 1826 3115 3409 3191; baseline 0.004 -21"><span class='ocrx_word' id='word_1_450' title='bbox 1826 3115 2106 3186; x_wconf 88' lang='lat' dir='ltr'><strong>quilibeta</strong></span> <span class='ocrx_word' id='word_1_451' title='bbox 2133 3118 2462 3184; x_wconf 89' lang='lat' dir='ltr'><strong>domesticis,</strong></span> <span class='ocrx_word' id='word_1_452' title='bbox 2491 3119 2574 3173; x_wconf 88' lang='lat' dir='ltr'><strong>vel</strong></span> <span class='ocrx_word' id='word_1_453' title='bbox 2616 3120 2685 3177; x_wconf 90' lang='lat' dir='ltr'><strong>ab</strong></span> <span class='ocrx_word' id='word_1_454' title='bbox 2729 3120 2808 3177; x_wconf 91' lang='lat' dir='ltr'><strong>eis</strong></span> <span class='ocrx_word' id='word_1_455' title='bbox 2851 3120 3045 3191; x_wconf 89' lang='lat' dir='ltr'><strong>quibus</strong></span> <span class='ocrx_word' id='word_1_456' title='bbox 3089 3123 3409 3178; x_wconf 89' lang='lat' dir='ltr'><strong>beneﬁcium</strong></span> 
     </span>
    </p>
   </div>
   <div class='ocr_carea' id='block_1_58' title="bbox 1824 3208 3413 3284">
    <p class='ocr_par' dir='ltr' id='par_1_58' title="bbox 1824 3208 3413 3284">
     <span class='ocr_line' id='line_1_58' title="bbox 1824 3208 3413 3284; baseline 0.007 -23"><span class='ocrx_word' id='word_1_457' title='bbox 1824 3208 2098 3279; x_wconf 61' lang='lat' dir='ltr'><strong>prmstitit,</strong></span> <span class='ocrx_word' id='word_1_458' title='bbox 2116 3210 2498 3281; x_wconf 88' lang='lat' dir='ltr'><strong>improperium</strong></span> <span class='ocrx_word' id='word_1_459' title='bbox 2525 3212 2780 3278; x_wconf 89' lang='lat' dir='ltr'><strong>sustinet,</strong></span> <span class='ocrx_word' id='word_1_460' title='bbox 2803 3212 3186 3284; x_wconf 88' lang='lat' dir='ltr'><strong>improperium</strong></span> <span class='ocrx_word' id='word_1_461' title='bbox 3210 3215 3413 3272; x_wconf 89' lang='lat' dir='ltr'><strong>Christi</strong></span> 
     </span>
    </p>
   </div>
   <div class='ocr_carea' id='block_1_59' title="bbox 148 3291 3411 3395">
    <p class='ocr_par' dir='ltr' id='par_1_59' title="bbox 148 3291 3411 3395">
     <span class='ocr_line' id='line_1_59' title="bbox 148 3291 3411 3395; baseline 0.006 -55"><span class='ocrx_word' id='word_1_462' title='bbox 148 3324 343 3381; x_wconf 60' lang='lat' dir='ltr'><strong>deinde</strong></span> <span class='ocrx_word' id='word_1_463' title='bbox 364 3339 493 3380; x_wconf 55' lang='lat' dir='ltr'><strong>vero</strong></span> <span class='ocrx_word' id='word_1_464' title='bbox 509 3340 628 3379; x_wconf 63' lang='lat' dir='ltr'><strong>cum</strong></span> <span class='ocrx_word' id='word_1_465' title='bbox 669 3339 774 3378; x_wconf 71' lang='lat' dir='ltr'><strong>non</strong></span> <span class='ocrx_word' id='word_1_466' title='bbox 816 3324 1113 3395; x_wconf 54' lang='lat' dir='ltr'><strong>potuissem</strong></span> <span class='ocrx_word' id='word_1_467' title='bbox 1136 3339 1257 3378; x_wconf 71' lang='lat' dir='ltr'><strong>eum</strong></span> <span class='ocrx_word' id='word_1_468' title='bbox 1296 3322 1473 3379; x_wconf 62' lang='lat' dir='ltr'><strong>celare</strong></span> <span class='ocrx_word' id='word_1_469' title='bbox 1502 3291 1795 3395; x_wconf 51' lang='lat' dir='ltr'><strong>propterC</strong></span> <span class='ocrx_word' id='word_1_470' title='bbox 1826 3300 2078 3355; x_wconf 88' lang='lat' dir='ltr'><strong>sustinet.</strong></span> <span class='ocrx_word' id='word_1_471' title='bbox 2136 3301 2482 3371; x_wconf 80' lang='lat' dir='ltr'><strong>Aspiciebat,</strong></span> <span class='ocrx_word' id='word_1_472' title='bbox 2537 3303 2747 3374; x_wconf 88' lang='lat' dir='ltr'><strong>inquit,</strong></span> <span class='ocrx_word' id='word_1_473' title='bbox 2803 3305 2856 3360; x_wconf 93' lang='lat' dir='ltr'><strong>in</strong></span> <span class='ocrx_word' id='word_1_474' title='bbox 2919 3308 3411 3365; x_wconf 87' lang='lat' dir='ltr'><strong>remunerationem</strong></span> 
     </span>
    </p>
   </div>
   <div class='ocr_carea' id='block_1_60' title="bbox 147 3414 1725 3487">
    <p class='ocr_par' dir='ltr' id='par_1_60' title="bbox 147 3414 1725 3487">
     <span class='ocr_line' id='line_1_60' title="bbox 147 3414 1725 3487; baseline 0.001 -17"><span class='ocrx_word' id='word_1_475' title='bbox 147 3416 359 3486; x_wconf 88' lang='lat' dir='ltr'><strong>vagitus</strong></span> <span class='ocrx_word' id='word_1_476' title='bbox 373 3416 558 3486; x_wconf 89' lang='lat' dir='ltr'><strong>ipsius,</strong></span> <span class='ocrx_word' id='word_1_477' title='bbox 583 3415 947 3485; x_wconf 78' lang='lat' dir='ltr'><strong>posueruntin</strong></span> <span class='ocrx_word' id='word_1_478' title='bbox 974 3414 1225 3471; x_wconf 88' lang='lat' dir='ltr'><strong>ﬁscellam</strong></span> <span class='ocrx_word' id='word_1_479' title='bbox 1253 3416 1507 3486; x_wconf 91' lang='lat' dir='ltr'><strong>sirpcam,</strong></span> <span class='ocrx_word' id='word_1_480' title='bbox 1530 3431 1725 3487; x_wconf 85' lang='lat' dir='ltr'><strong>posue-</strong></span> 
     </span>
    </p>
   </div>
   <div class='ocr_carea' id='block_1_61' title="bbox 148 3505 1722 3578">
    <p class='ocr_par' dir='ltr' id='par_1_61' title="bbox 148 3505 1722 3578">
     <span class='ocr_line' id='line_1_61' title="bbox 148 3505 1722 3578; baseline 0.001 -15"><span class='ocrx_word' id='word_1_481' title='bbox 148 3517 378 3577; x_wconf 89' lang='lat' dir='ltr'><strong>runtque</strong></span> <span class='ocrx_word' id='word_1_482' title='bbox 405 3507 456 3562; x_wconf 89' lang='lat' dir='ltr'><strong>in</strong></span> <span class='ocrx_word' id='word_1_483' title='bbox 472 3516 684 3563; x_wconf 89' lang='lat' dir='ltr'><strong>carecto</strong></span> <span class='ocrx_word' id='word_1_484' title='bbox 707 3505 962 3561; x_wconf 83' lang='lat' dir='ltr'><strong>ﬂuminis.</strong></span> <span class='ocrx_word' id='word_1_485' title='bbox 993 3507 1236 3562; x_wconf 86' lang='lat' dir='ltr'><strong>Edictum</strong></span> <span class='ocrx_word' id='word_1_486' title='bbox 1255 3509 1399 3565; x_wconf 91' lang='lat' dir='ltr'><strong>enim</strong></span> <span class='ocrx_word' id='word_1_487' title='bbox 1421 3508 1722 3578; x_wconf 80' lang='lat' dir='ltr'><strong>hujnsmodi</strong></span> 
     </span>
    </p>
   </div>
   <div class='ocr_carea' id='block_1_62' title="bbox 146 3597 1724 3671">
    <p class='ocr_par' dir='ltr' id='par_1_62' title="bbox 146 3597 1724 3671">
     <span class='ocr_line' id='line_1_62' title="bbox 146 3597 1724 3671; baseline -0.001 -16"><span class='ocrx_word' id='word_1_488' title='bbox 146 3599 290 3671; x_wconf 89' lang='lat' dir='ltr'><strong>regis</strong></span> <span class='ocrx_word' id='word_1_489' title='bbox 309 3608 445 3663; x_wconf 87' lang='lat' dir='ltr'><strong>erat,</strong></span> <span class='ocrx_word' id='word_1_490' title='bbox 469 3606 529 3653; x_wconf 91' lang='lat' dir='ltr'><strong>ut</strong></span> <span class='ocrx_word' id='word_1_491' title='bbox 551 3614 738 3654; x_wconf 90' lang='lat' dir='ltr'><strong>omnes</strong></span> <span class='ocrx_word' id='word_1_492' title='bbox 760 3598 911 3668; x_wconf 89' lang='lat' dir='ltr'><strong>pueri</strong></span> <span class='ocrx_word' id='word_1_493' title='bbox 938 3597 990 3652; x_wconf 92' lang='lat' dir='ltr'><strong>in</strong></span> <span class='ocrx_word' id='word_1_494' title='bbox 1016 3598 1599 3669; x_wconf 88' lang='lat' dir='ltr'><strong>ﬁuviumjactarentur.</strong></span> <span class='ocrx_word' id='word_1_495' title='bbox 1619 3600 1724 3654; x_wconf 86' lang='lat' dir='ltr'><strong>Sed</strong></span> 
     </span>
    </p>
   </div>
   <div class='ocr_carea' id='block_1_63' title="bbox 146 3690 1725 3761">
    <p class='ocr_par' dir='ltr' id='par_1_63' title="bbox 146 3690 1725 3761">
     <span class='ocr_line' id='line_1_63' title="bbox 146 3690 1725 3761; baseline -0.001 -16"><span class='ocrx_word' id='word_1_496' title='bbox 146 3690 273 3761; x_wconf 91' lang='lat' dir='ltr'><strong>quid</strong></span> <span class='ocrx_word' id='word_1_497' title='bbox 300 3699 383 3745; x_wconf 89' lang='lat' dir='ltr'><strong>est</strong></span> <span class='ocrx_word' id='word_1_498' title='bbox 404 3690 546 3760; x_wconf 87' lang='lat' dir='ltr'><strong>quod</strong></span> <span class='ocrx_word' id='word_1_499' title='bbox 580 3690 732 3756; x_wconf 86' lang='lat' dir='ltr'><strong>dicit,</strong></span> <span class='ocrx_word' id='word_1_500' title='bbox 760 3706 864 3745; x_wconf 90' lang='lat' dir='ltr'><strong>non</strong></span> <span class='ocrx_word' id='word_1_501' title='bbox 900 3691 1141 3746; x_wconf 89' lang='lat' dir='ltr'><strong>timuisse</strong></span> <span class='ocrx_word' id='word_1_502' title='bbox 1171 3691 1271 3745; x_wconf 93' lang='lat' dir='ltr'><strong>hos</strong></span> <span class='ocrx_word' id='word_1_503' title='bbox 1300 3693 1439 3760; x_wconf 84' lang='lat' dir='ltr'><strong>regis</strong></span> <span class='ocrx_word' id='word_1_504' title='bbox 1458 3691 1725 3745; x_wconf 85' lang='lat' dir='ltr'><strong>edictum?</strong></span> 
     </span>
    </p>
   </div>
   <div class='ocr_carea' id='block_1_64' title="bbox 147 3778 1725 3850">
    <p class='ocr_par' dir='ltr' id='par_1_64' title="bbox 147 3778 1725 3850">
     <span class='ocr_line' id='line_1_64' title="bbox 147 3778 1725 3850; baseline 0 -16"><span class='ocrx_word' id='word_1_505' title='bbox 147 3778 205 3834; x_wconf 90' lang='lat' dir='ltr'><strong>Si</strong></span> <span class='ocrx_word' id='word_1_506' title='bbox 237 3794 343 3834; x_wconf 92' lang='lat' dir='ltr'><strong>non</strong></span> <span class='ocrx_word' id='word_1_507' title='bbox 374 3780 697 3844; x_wconf 80' lang='lat' dir='ltr'><strong>timuerunt,</strong></span> <span class='ocrx_word' id='word_1_508' title='bbox 729 3794 897 3849; x_wconf 87' lang='lat' dir='ltr'><strong>quare</strong></span> <span class='ocrx_word' id='word_1_509' title='bbox 935 3780 1337 3833; x_wconf 85' lang='lat' dir='ltr'><strong>custodierunt?</strong></span> <span class='ocrx_word' id='word_1_510' title='bbox 1362 3780 1419 3833; x_wconf 90' lang='lat' dir='ltr'><strong>lu</strong></span> <span class='ocrx_word' id='word_1_511' title='bbox 1446 3780 1549 3834; x_wconf 90' lang='lat' dir='ltr'><strong>hoc</strong></span> <span class='ocrx_word' id='word_1_512' title='bbox 1596 3795 1725 3850; x_wconf 88' lang='lat' dir='ltr'><strong>ergo</strong></span> 
     </span>
    </p>
   </div>
   <div class='ocr_carea' id='block_1_65' title="bbox 144 3860 1725 3937">
    <p class='ocr_par' dir='ltr' id='par_1_65' title="bbox 144 3860 1725 3937">
     <span class='ocr_line' id='line_1_65' title="bbox 144 3860 1725 3937; baseline 0 -13"><span class='ocrx_word' id='word_1_513' title='bbox 144 3860 464 3932; x_wconf 80' lang='lat' dir='ltr'><strong>timuerunt,</strong></span> <span class='ocrx_word' id='word_1_514' title='bbox 492 3868 618 3937; x_wconf 91' lang='lat' dir='ltr'><strong>quia</strong></span> <span class='ocrx_word' id='word_1_515' title='bbox 649 3883 755 3922; x_wconf 90' lang='lat' dir='ltr'><strong>non</strong></span> <span class='ocrx_word' id='word_1_516' title='bbox 782 3876 909 3921; x_wconf 90' lang='lat' dir='ltr'><strong>sunt</strong></span> <span class='ocrx_word' id='word_1_517' title='bbox 937 3868 1051 3922; x_wconf 89' lang='lat' dir='ltr'><strong>ausi</strong></span> <span class='ocrx_word' id='word_1_518' title='bbox 1084 3868 1317 3922; x_wconf 86' lang='lat' dir='ltr'><strong>retinere</strong></span> <span class='ocrx_word' id='word_1_519' title='bbox 1342 3883 1464 3921; x_wconf 85' lang='lat' dir='ltr'><strong>cum</strong></span> <span class='ocrx_word' id='word_1_520' title='bbox 1491 3887 1503 3922; x_wconf 89' lang='lat'><strong>:</strong></span> <span class='ocrx_word' id='word_1_521' title='bbox 1538 3870 1591 3923; x_wconf 89' lang='lat' dir='ltr'><strong>in</strong></span> <span class='ocrx_word' id='word_1_522' title='bbox 1622 3870 1725 3924; x_wconf 93' lang='lat' dir='ltr'><strong>hoc</strong></span> 
     </span>
    </p>
   </div>
   <div class='ocr_carea' id='block_1_66' title="bbox 143 3958 1725 4030">
    <p class='ocr_par' dir='ltr' id='par_1_66' title="bbox 143 3958 1725 4030">
     <span class='ocr_line' id='line_1_66' title="bbox 143 3958 1725 4030; baseline 0.001 -16"><span class='ocrx_word' id='word_1_523' title='bbox 143 3975 276 4015; x_wconf 85' lang='lat' dir='ltr'><strong>vero</strong></span> <span class='ocrx_word' id='word_1_524' title='bbox 294 3960 448 4030; x_wconf 90' lang='lat' dir='ltr'><strong>quasi</strong></span> <span class='ocrx_word' id='word_1_525' title='bbox 467 3976 571 4014; x_wconf 89' lang='lat' dir='ltr'><strong>non</strong></span> <span class='ocrx_word' id='word_1_526' title='bbox 604 3961 916 4023; x_wconf 89' lang='lat' dir='ltr'><strong>timuerunt,</strong></span> <span class='ocrx_word' id='word_1_527' title='bbox 940 3960 1066 4029; x_wconf 90' lang='lat' dir='ltr'><strong>quia</strong></span> <span class='ocrx_word' id='word_1_528' title='bbox 1083 3976 1188 4013; x_wconf 90' lang='lat' dir='ltr'><strong>non</strong></span> <span class='ocrx_word' id='word_1_529' title='bbox 1213 3958 1556 4030; x_wconf 90' lang='lat' dir='ltr'><strong>projecerunt</strong></span> <span class='ocrx_word' id='word_1_530' title='bbox 1578 3962 1725 4015; x_wconf 89' lang='lat' dir='ltr'><strong>illum</strong></span> 
     </span>
    </p>
   </div>
   <div class='ocr_carea' id='block_1_67' title="bbox 146 4051 1723 4133">
    <p class='ocr_par' dir='ltr' id='par_1_67' title="bbox 146 4051 1723 4133">
     <span class='ocr_line' id='line_1_67' title="bbox 146 4051 1723 4133; baseline -0.002 -23"><span class='ocrx_word' id='word_1_531' title='bbox 146 4052 203 4110; x_wconf 86' lang='lat' dir='ltr'><strong>in</strong></span> <span class='ocrx_word' id='word_1_532' title='bbox 235 4061 480 4122; x_wconf 88' lang='lat' dir='ltr'><strong>apertum</strong></span> <span class='ocrx_word' id='word_1_533' title='bbox 522 4052 773 4118; x_wconf 84' lang='lat' dir='ltr'><strong>ﬂuvium,</strong></span> <span class='ocrx_word' id='word_1_534' title='bbox 804 4052 897 4107; x_wconf 89' lang='lat' dir='ltr'><strong>sed</strong></span> <span class='ocrx_word' id='word_1_535' title='bbox 925 4052 977 4106; x_wconf 92' lang='lat' dir='ltr'><strong>in</strong></span> <span class='ocrx_word' id='word_1_536' title='bbox 998 4051 1204 4107; x_wconf 82' lang='lat' dir='ltr'><strong>ﬁscella</strong></span> <span class='ocrx_word' id='word_1_537' title='bbox 1247 4060 1543 4133; x_wconf 83' lang='lat' dir='ltr'><strong>posuerunt</strong></span> <span class='ocrx_word' id='word_1_538' title='bbox 1579 4068 1723 4118; x_wconf 91' lang='lat' dir='ltr'><strong>eum,</strong></span> 
     </span>
    </p>
   </div>
   <div class='ocr_carea' id='block_1_68' title="bbox 143 4144 1723 4217">
    <p class='ocr_par' dir='ltr' id='par_1_68' title="bbox 143 4144 1723 4217">
     <span class='ocr_line' id='line_1_68' title="bbox 143 4144 1723 4217; baseline -0.001 -15"><span class='ocrx_word' id='word_1_539' title='bbox 143 4145 332 4216; x_wconf 79' lang='lat' dir='ltr'><strong>sicque</strong></span> <span class='ocrx_word' id='word_1_540' title='bbox 371 4146 709 4201; x_wconf 89' lang='lat' dir='ltr'><strong>immiserunt</strong></span> <span class='ocrx_word' id='word_1_541' title='bbox 737 4153 951 4200; x_wconf 89' lang='lat' dir='ltr'><strong>carecto</strong></span> <span class='ocrx_word' id='word_1_542' title='bbox 987 4144 1250 4211; x_wconf 85' lang='lat' dir='ltr'><strong>ﬂuminis,</strong></span> <span class='ocrx_word' id='word_1_543' title='bbox 1274 4145 1536 4202; x_wconf 89' lang='lat' dir='ltr'><strong>habentes</strong></span> <span class='ocrx_word' id='word_1_544' title='bbox 1573 4161 1723 4217; x_wconf 88' lang='lat' dir='ltr'><strong>spem</strong></span> 
     </span>
    </p>
   </div>
   <div class='ocr_carea' id='block_1_69' title="bbox 138 4235 1723 4307">
    <p class='ocr_par' dir='ltr' id='par_1_69' title="bbox 138 4235 1723 4307">
     <span class='ocr_line' id='line_1_69' title="bbox 138 4235 1723 4307; baseline -0.001 -14"><span class='ocrx_word' id='word_1_545' title='bbox 138 4244 305 4307; x_wconf 87' lang='lat' dir='ltr'><strong>atque</strong></span> <span class='ocrx_word' id='word_1_546' title='bbox 340 4236 587 4291; x_wconf 89' lang='lat' dir='ltr'><strong>ﬁduciam</strong></span> <span class='ocrx_word' id='word_1_547' title='bbox 619 4235 761 4307; x_wconf 90' lang='lat' dir='ltr'><strong>quod</strong></span> <span class='ocrx_word' id='word_1_548' title='bbox 787 4235 1124 4307; x_wconf 90' lang='lat' dir='ltr'><strong>omnipotens</strong></span> <span class='ocrx_word' id='word_1_549' title='bbox 1154 4235 1298 4291; x_wconf 89' lang='lat' dir='ltr'><strong>Deus</strong></span> <span class='ocrx_word' id='word_1_550' title='bbox 1333 4236 1629 4292; x_wconf 87' lang='lat' dir='ltr'><strong>custodiret</strong></span> <span class='ocrx_word' id='word_1_551' title='bbox 1658 4237 1723 4292; x_wconf 89' lang='lat' dir='ltr'><strong>il-</strong></span> 
     </span>
    </p>
   </div>
   <div class='ocr_carea' id='block_1_70' title="bbox 135 4326 1723 4398">
    <p class='ocr_par' dir='ltr' id='par_1_70' title="bbox 135 4326 1723 4398">
     <span class='ocr_line' id='line_1_70' title="bbox 135 4326 1723 4398; baseline -0.001 -14"><span class='ocrx_word' id='word_1_552' title='bbox 135 4326 275 4391; x_wconf 87' lang='lat' dir='ltr'><strong>lum,</strong></span> <span class='ocrx_word' id='word_1_553' title='bbox 304 4336 632 4398; x_wconf 86' lang='lat' dir='ltr'><strong>quapropter</strong></span> <span class='ocrx_word' id='word_1_554' title='bbox 654 4342 717 4381; x_wconf 91' lang='lat' dir='ltr'><strong>ac</strong></span> <span class='ocrx_word' id='word_1_555' title='bbox 747 4326 792 4381; x_wconf 90' lang='lat' dir='ltr'><strong>si</strong></span> <span class='ocrx_word' id='word_1_556' title='bbox 820 4343 923 4381; x_wconf 92' lang='lat' dir='ltr'><strong>non</strong></span> <span class='ocrx_word' id='word_1_557' title='bbox 955 4327 1281 4392; x_wconf 89' lang='lat' dir='ltr'><strong>timuissent,</strong></span> <span class='ocrx_word' id='word_1_558' title='bbox 1312 4326 1385 4381; x_wconf 92' lang='lat' dir='ltr'><strong>ita</strong></span> <span class='ocrx_word' id='word_1_559' title='bbox 1417 4336 1723 4397; x_wconf 87' lang='lat' dir='ltr'><strong>reputatum</strong></span> 
     </span>
    </p>
   </div>
   <div class='ocr_carea' id='block_1_71' title="bbox 135 4417 1721 4489">
    <p class='ocr_par' dir='ltr' id='par_1_71' title="bbox 135 4417 1721 4489">
     <span class='ocr_line' id='line_1_71' title="bbox 135 4417 1721 4489; baseline -0.002 -13"><span class='ocrx_word' id='word_1_560' title='bbox 135 4427 228 4476; x_wconf 86' lang='lat' dir='ltr'><strong>est</strong></span> <span class='ocrx_word' id='word_1_561' title='bbox 252 4419 374 4473; x_wconf 87' lang='lat' dir='ltr'><strong>illis.</strong></span> <span class='ocrx_word' id='word_1_562' title='bbox 407 4418 559 4473; x_wconf 89' lang='lat' dir='ltr'><strong>Unde</strong></span> <span class='ocrx_word' id='word_1_563' title='bbox 585 4433 713 4489; x_wconf 89' lang='lat' dir='ltr'><strong>ergo</strong></span> <span class='ocrx_word' id='word_1_564' title='bbox 741 4417 828 4472; x_wconf 90' lang='lat' dir='ltr'><strong>isti</strong></span> <span class='ocrx_word' id='word_1_565' title='bbox 867 4426 1219 4488; x_wconf 89' lang='lat' dir='ltr'><strong>speraverunt</strong></span> <span class='ocrx_word' id='word_1_566' title='bbox 1246 4417 1454 4472; x_wconf 85' lang='lat' dir='ltr'><strong>salvare</strong></span> <span class='ocrx_word' id='word_1_567' title='bbox 1478 4434 1721 4489; x_wconf 92' lang='lat' dir='ltr'><strong>puerum,</strong></span> 
     </span>
    </p>
   </div>
   <div class='ocr_carea' id='block_1_72' title="bbox 134 4510 1718 4584">
    <p class='ocr_par' dir='ltr' id='par_1_72' title="bbox 134 4510 1718 4584">
     <span class='ocr_line' id='line_1_72' title="bbox 134 4510 1718 4584; baseline -0.001 -16"><span class='ocrx_word' id='word_1_568' title='bbox 134 4513 244 4568; x_wconf 86' lang='lat' dir='ltr'><strong>nisi</strong></span> <span class='ocrx_word' id='word_1_569' title='bbox 266 4526 364 4583; x_wconf 89' lang='lat' dir='ltr'><strong>per</strong></span> <span class='ocrx_word' id='word_1_570' title='bbox 387 4512 581 4566; x_wconf 81' lang='lat' dir='ltr'><strong>ﬁdem?</strong></span> <span class='ocrx_word' id='word_1_571' title='bbox 603 4510 883 4577; x_wconf 84' lang='lat' dir='ltr'><strong>Viderunt,</strong></span> <span class='ocrx_word' id='word_1_572' title='bbox 909 4513 1102 4581; x_wconf 87' lang='lat' dir='ltr'><strong>inquit,</strong></span> <span class='ocrx_word' id='word_1_573' title='bbox 1118 4512 1415 4584; x_wconf 78' lang='lat' dir='ltr'><strong>elegantem</strong></span> <span class='ocrx_word' id='word_1_574' title='bbox 1440 4512 1718 4567; x_wconf 89' lang='lat' dir='ltr'><strong>infantem.</strong></span> 
     </span>
    </p>
   </div>
   <div class='ocr_carea' id='block_1_73' title="bbox 136 4604 1719 4691">
    <p class='ocr_par' dir='ltr' id='par_1_73' title="bbox 136 4604 1719 4691">
     <span class='ocr_line' id='line_1_73' title="bbox 136 4604 1719 4691; baseline -0.001 -28"><span class='ocrx_word' id='word_1_575' title='bbox 136 4607 420 4691; x_wconf 73' lang='lat' dir='ltr'><strong>Siquidem</strong></span> <span class='ocrx_word' id='word_1_576' title='bbox 463 4608 531 4661; x_wconf 93' lang='lat' dir='ltr'><strong>ab</strong></span> <span class='ocrx_word' id='word_1_577' title='bbox 568 4614 688 4661; x_wconf 91' lang='lat' dir='ltr'><strong>ortu</strong></span> <span class='ocrx_word' id='word_1_578' title='bbox 730 4606 1027 4661; x_wconf 84' lang='lat' dir='ltr'><strong>nativitatis</strong></span> <span class='ocrx_word' id='word_1_579' title='bbox 1072 4622 1263 4676; x_wconf 87' lang='lat' dir='ltr'><strong>magna</strong></span> <span class='ocrx_word' id='word_1_580' title='bbox 1294 4604 1396 4659; x_wconf 87' lang='lat' dir='ltr'><strong>fuit</strong></span> <span class='ocrx_word' id='word_1_581' title='bbox 1423 4604 1499 4659; x_wconf 91' lang='lat' dir='ltr'><strong>illi</strong></span> <span class='ocrx_word' id='word_1_582' title='bbox 1544 4605 1719 4661; x_wconf 88' lang='lat' dir='ltr'><strong>infusa</strong></span> 
     </span>
    </p>
   </div>
   <div class='ocr_carea' id='block_1_74' title="bbox 133 4700 1720 4772">
    <p class='ocr_par' dir='ltr' id='par_1_74' title="bbox 133 4700 1720 4772">
     <span class='ocr_line' id='line_1_74' title="bbox 133 4700 1720 4772; baseline 0.001 -20"><span class='ocrx_word' id='word_1_583' title='bbox 133 4701 310 4772; x_wconf 85' lang='lat' dir='ltr'><strong>gratia</strong></span> <span class='ocrx_word' id='word_1_584' title='bbox 338 4700 781 4764; x_wconf 58' lang='lat' dir='ltr'><strong>venustatismon</strong></span> <span class='ocrx_word' id='word_1_585' title='bbox 811 4708 1000 4753; x_wconf 87' lang='lat' dir='ltr'><strong>natura</strong></span> <span class='ocrx_word' id='word_1_586' title='bbox 1027 4701 1128 4754; x_wconf 90' lang='lat' dir='ltr'><strong>hoc</strong></span> <span class='ocrx_word' id='word_1_587' title='bbox 1149 4708 1425 4769; x_wconf 85' lang='lat' dir='ltr'><strong>cperantc,</strong></span> <span class='ocrx_word' id='word_1_588' title='bbox 1454 4702 1594 4768; x_wconf 89' lang='lat' dir='ltr'><strong>quod</strong></span> <span class='ocrx_word' id='word_1_589' title='bbox 1625 4716 1720 4754; x_wconf 89' lang='lat' dir='ltr'><strong>na-</strong></span> 
     </span>
    </p>
   </div>
   <div class='ocr_carea' id='block_1_75' title="bbox 134 4792 1717 4864">
    <p class='ocr_par' dir='ltr' id='par_1_75' title="bbox 134 4792 1717 4864">
     <span class='ocr_line' id='line_1_75' title="bbox 134 4792 1717 4864; baseline 0.002 -17"><span class='ocrx_word' id='word_1_590' title='bbox 134 4803 227 4848; x_wconf 90' lang='lat' dir='ltr'><strong>tus</strong></span> <span class='ocrx_word' id='word_1_591' title='bbox 253 4803 337 4848; x_wconf 88' lang='lat' dir='ltr'><strong>est</strong></span> <span class='ocrx_word' id='word_1_592' title='bbox 364 4793 621 4848; x_wconf 89' lang='lat' dir='ltr'><strong>honestus</strong></span> <span class='ocrx_word' id='word_1_593' title='bbox 650 4792 944 4848; x_wconf 81' lang='lat' dir='ltr'><strong>infantulus</strong></span> <span class='ocrx_word' id='word_1_594' title='bbox 972 4811 985 4847; x_wconf 76' lang='grc' dir='ltr'>ε</span> <span class='ocrx_word' id='word_1_595' title='bbox 1010 4794 1104 4849; x_wconf 85' lang='lat' dir='ltr'><strong>sed</strong></span> <span class='ocrx_word' id='word_1_596' title='bbox 1136 4794 1324 4864; x_wconf 80' lang='lat' dir='ltr'><strong>gratiae</strong></span> <span class='ocrx_word' id='word_1_597' title='bbox 1355 4794 1548 4849; x_wconf 71' lang='lat' dir='ltr'><strong>divina:</strong></span> <span class='ocrx_word' id='word_1_598' title='bbox 1576 4794 1717 4850; x_wconf 91' lang='lat' dir='ltr'><strong>dono</strong></span> 
     </span>
    </p>
   </div>
   <div class='ocr_carea' id='block_1_76' title="bbox 129 4883 1717 4956">
    <p class='ocr_par' dir='ltr' id='par_1_76' title="bbox 129 4883 1717 4956">
     <span class='ocr_line' id='line_1_76' title="bbox 129 4883 1717 4956; baseline 0.001 -19"><span class='ocrx_word' id='word_1_599' title='bbox 129 4900 257 4954; x_wconf 79' lang='lat' dir='ltr'><strong>quae</strong></span> <span class='ocrx_word' id='word_1_600' title='bbox 281 4885 442 4939; x_wconf 88' lang='lat' dir='ltr'><strong>etiam</strong></span> <span class='ocrx_word' id='word_1_601' title='bbox 486 4884 770 4940; x_wconf 88' lang='lat' dir='ltr'><strong>barbaram</strong></span> <span class='ocrx_word' id='word_1_602' title='bbox 797 4884 943 4939; x_wconf 88' lang='lat' dir='ltr'><strong>illam</strong></span> <span class='ocrx_word' id='word_1_603' title='bbox 970 4883 1248 4939; x_wconf 90' lang='lat' dir='ltr'><strong>mulierem</strong></span> <span class='ocrx_word' id='word_1_604' title='bbox 1293 4883 1624 4956; x_wconf 66' lang='lat' dir='ltr'><strong>Egyptiam,</strong></span> <span class='ocrx_word' id='word_1_605' title='bbox 1655 4885 1717 4939; x_wconf 89' lang='lat' dir='ltr'><strong>ﬁ-</strong></span> 
     </span>
    </p>
   </div>
   <div class='ocr_carea' id='block_1_77' title="bbox 127 4975 1715 5041">
    <p class='ocr_par' dir='ltr' id='par_1_77' title="bbox 127 4975 1715 5041">
     <span class='ocr_line' id='line_1_77' title="bbox 127 4975 1715 5041; baseline -0.001 -9"><span class='ocrx_word' id='word_1_606' title='bbox 127 4976 263 5032; x_wconf 88' lang='lat' dir='ltr'><strong>liam</strong></span> <span class='ocrx_word' id='word_1_607' title='bbox 283 4976 531 5031; x_wconf 84' lang='lat' dir='ltr'><strong>videlicet</strong></span> <span class='ocrx_word' id='word_1_608' title='bbox 558 4975 876 5040; x_wconf 82' lang='lat' dir='ltr'><strong>Pharaonis,</strong></span> <span class='ocrx_word' id='word_1_609' title='bbox 903 4976 969 5031; x_wconf 90' lang='lat' dir='ltr'><strong>ad</strong></span> <span class='ocrx_word' id='word_1_610' title='bbox 992 4975 1094 5031; x_wconf 91' lang='lat' dir='ltr'><strong>hoc</strong></span> <span class='ocrx_word' id='word_1_611' title='bbox 1114 4976 1394 5041; x_wconf 84' lang='lat' dir='ltr'><strong>excitavit,</strong></span> <span class='ocrx_word' id='word_1_612' title='bbox 1423 4985 1482 5031; x_wconf 93' lang='lat' dir='ltr'><strong>ut</strong></span> <span class='ocrx_word' id='word_1_613' title='bbox 1509 4987 1715 5032; x_wconf 88' lang='lat' dir='ltr'><strong>amaret</strong></span> 
     </span>
    </p>
   </div>
   <div class='ocr_carea' id='block_1_78' title="bbox 130 5071 1006 5136">
    <p class='ocr_par' dir='ltr' id='par_1_78' title="bbox 130 5071 1006 5136">
     <span class='ocr_line' id='line_1_78' title="bbox 130 5071 1006 5136; baseline -0.001 -10"><span class='ocrx_word' id='word_1_614' title='bbox 130 5087 283 5136; x_wconf 91' lang='lat' dir='ltr'><strong>eum,</strong></span> <span class='ocrx_word' id='word_1_615' title='bbox 310 5077 369 5125; x_wconf 88' lang='lat' dir='ltr'><strong>ut</strong></span> <span class='ocrx_word' id='word_1_616' title='bbox 397 5080 635 5126; x_wconf 88' lang='lat' dir='ltr'><strong>sumeret</strong></span> <span class='ocrx_word' id='word_1_617' title='bbox 663 5080 718 5126; x_wconf 91' lang='lat' dir='ltr'><strong>et</strong></span> <span class='ocrx_word' id='word_1_618' title='bbox 756 5071 1006 5127; x_wconf 90' lang='lat' dir='ltr'><strong>nutriret.</strong></span> 
     </span>
    </p>
   </div>
   <div class='ocr_carea' id='block_1_79' title="bbox 208 5161 1715 5239">
    <p class='ocr_par' dir='ltr' id='par_1_79' title="bbox 208 5161 1715 5239">
     <span class='ocr_line' id='line_1_79' title="bbox 208 5161 1715 5239; baseline 0 -22"><span class='ocrx_word' id='word_1_619' title='bbox 208 5161 341 5219; x_wconf 80' lang='lat' dir='ltr'><strong>Fide</strong></span> <span class='ocrx_word' id='word_1_620' title='bbox 380 5163 584 5239; x_wconf 74' lang='lat' dir='ltr'><strong>Moyses</strong></span> <span class='ocrx_word' id='word_1_621' title='bbox 614 5164 826 5235; x_wconf 85' lang='lat' dir='ltr'><strong>grandis</strong></span> <span class='ocrx_word' id='word_1_622' title='bbox 850 5164 1041 5235; x_wconf 90' lang='lat' dir='ltr'><strong>factus,</strong></span> <span class='ocrx_word' id='word_1_623' title='bbox 1074 5165 1274 5236; x_wconf 86' lang='lat' dir='ltr'><strong>negavit</strong></span> <span class='ocrx_word' id='word_1_624' title='bbox 1316 5180 1371 5233; x_wconf 86' lang='lat' dir='ltr'><strong>se</strong></span> <span class='ocrx_word' id='word_1_625' title='bbox 1407 5180 1517 5218; x_wconf 88' lang='lat' dir='ltr'><strong>esse</strong></span> <span class='ocrx_word' id='word_1_626' title='bbox 1543 5163 1715 5233; x_wconf 74' lang='lat' dir='ltr'><strong>filium</strong></span> 
     </span>
    </p>
   </div>
   <div class='ocr_carea' id='block_1_80' title="bbox 126 5255 1711 5330">
    <p class='ocr_par' dir='ltr' id='par_1_80' title="bbox 126 5255 1711 5330">
     <span class='ocr_line' id='line_1_80' title="bbox 126 5255 1711 5330; baseline -0.002 -17"><span class='ocrx_word' id='word_1_627' title='bbox 126 5256 258 5330; x_wconf 78' lang='lat' dir='ltr'><strong>filia:</strong></span> <span class='ocrx_word' id='word_1_628' title='bbox 286 5255 602 5319; x_wconf 82' lang='lat' dir='ltr'><strong>Pharaonis,</strong></span> <span class='ocrx_word' id='word_1_629' title='bbox 634 5258 800 5328; x_wconf 88' lang='lat' dir='ltr'><strong>magis</strong></span> <span class='ocrx_word' id='word_1_630' title='bbox 820 5257 1013 5329; x_wconf 84' lang='lat' dir='ltr'><strong>eligens</strong></span> <span class='ocrx_word' id='word_1_631' title='bbox 1035 5258 1204 5328; x_wconf 79' lang='lat' dir='ltr'><strong>afﬂigi</strong></span> <span class='ocrx_word' id='word_1_632' title='bbox 1233 5273 1353 5312; x_wconf 88' lang='lat' dir='ltr'><strong>cum</strong></span> <span class='ocrx_word' id='word_1_633' title='bbox 1387 5256 1578 5328; x_wconf 88' lang='lat' dir='ltr'><strong>popqu</strong></span> <span class='ocrx_word' id='word_1_634' title='bbox 1596 5257 1711 5324; x_wconf 88' lang='lat' dir='ltr'><strong>Dei,</strong></span> 
     </span>
    </p>
   </div>
   <div class='ocr_carea' id='block_1_81' title="bbox 123 5348 1712 5422">
    <p class='ocr_par' dir='ltr' id='par_1_81' title="bbox 123 5348 1712 5422">
     <span class='ocr_line' id='line_1_81' title="bbox 123 5348 1712 5422; baseline 0.001 -20"><span class='ocrx_word' id='word_1_635' title='bbox 123 5365 289 5422; x_wconf 85' lang='lat' dir='ltr'><strong>quam</strong></span> <span class='ocrx_word' id='word_1_636' title='bbox 312 5348 609 5419; x_wconf 86' lang='lat' dir='ltr'><strong>temporalis</strong></span> <span class='ocrx_word' id='word_1_637' title='bbox 635 5349 829 5417; x_wconf 87' lang='lat' dir='ltr'><strong>peccati</strong></span> <span class='ocrx_word' id='word_1_638' title='bbox 850 5348 1036 5403; x_wconf 83' lang='lat' dir='ltr'><strong>habere</strong></span> <span class='ocrx_word' id='word_1_639' title='bbox 1050 5349 1459 5418; x_wconf 86' lang='lat' dir='ltr'><strong>jucunditatem,</strong></span> <span class='ocrx_word' id='word_1_640' title='bbox 1486 5348 1712 5418; x_wconf 83' lang='lat' dir='ltr'><strong>majores</strong></span> 
     </span>
    </p>
   </div>
   <div class='ocr_carea' id='block_1_82' title="bbox 124 5440 1710 5512">
    <p class='ocr_par' dir='ltr' id='par_1_82' title="bbox 124 5440 1710 5512">
     <span class='ocr_line' id='line_1_82' title="bbox 124 5440 1710 5512; baseline -0.003 -13"><span class='ocrx_word' id='word_1_641' title='bbox 124 5443 341 5499; x_wconf 85' lang='lat' dir='ltr'><strong>divitias</strong></span> <span class='ocrx_word' id='word_1_642' title='bbox 371 5443 637 5497; x_wconf 75' lang='lat' dir='ltr'><strong>wstimans</strong></span> <span class='ocrx_word' id='word_1_643' title='bbox 671 5440 914 5494; x_wconf 77' lang='lat' dir='ltr'><strong>thesauro</strong></span> <span class='ocrx_word' id='word_1_644' title='bbox 942 5441 1313 5511; x_wconf 62' lang='lat' dir='ltr'><strong>Afgyptiorum</strong></span> <span class='ocrx_word' id='word_1_645' title='bbox 1342 5440 1710 5512; x_wconf 85' lang='lat' dir='ltr'><strong>improperium</strong></span> 
     </span>
    </p>
   </div>
   <div class='ocr_carea' id='block_1_83' title="bbox 126 5533 1707 5605">
    <p class='ocr_par' dir='ltr' id='par_1_83' title="bbox 126 5533 1707 5605">
     <span class='ocr_line' id='line_1_83' title="bbox 126 5533 1707 5605; baseline -0.003 -15"><span class='ocrx_word' id='word_1_646' title='bbox 126 5535 343 5591; x_wconf 80' lang='lat' dir='ltr'><strong>Christi.</strong></span> <span class='ocrx_word' id='word_1_647' title='bbox 376 5533 667 5605; x_wconf 87' lang='lat' dir='ltr'><strong>Aspiciebat</strong></span> <span class='ocrx_word' id='word_1_648' title='bbox 686 5534 819 5587; x_wconf 88' lang='lat' dir='ltr'><strong>enim</strong></span> <span class='ocrx_word' id='word_1_649' title='bbox 840 5534 895 5587; x_wconf 86' lang='lat' dir='ltr'><strong>in</strong></span> <span class='ocrx_word' id='word_1_650' title='bbox 916 5534 1401 5588; x_wconf 77' lang='lat' dir='ltr'><strong>remunerationem.</strong></span> <span class='ocrx_word' id='word_1_651' title='bbox 1432 5533 1707 5603; x_wconf 87' lang='lat' dir='ltr'><strong>Tanquam</strong></span> 
     </span>
    </p>
   </div>
   <div class='ocr_carea' id='block_1_84' title="bbox 124 5621 1708 5693">
    <p class='ocr_par' dir='ltr' id='par_1_84' title="bbox 124 5621 1708 5693">
     <span class='ocr_line' id='line_1_84' title="bbox 124 5621 1708 5693; baseline -0.003 -13"><span class='ocrx_word' id='word_1_652' title='bbox 124 5624 410 5691; x_wconf 45' lang='lat' dir='ltr'><strong>si‘diceret</strong></span> <span class='ocrx_word' id='word_1_653' title='bbox 456 5624 524 5678; x_wconf 91' lang='lat' dir='ltr'><strong>ad</strong></span> <span class='ocrx_word' id='word_1_654' title='bbox 568 5636 662 5677; x_wconf 90' lang='lat' dir='ltr'><strong>eos</strong></span> <span class='ocrx_word' id='word_1_655' title='bbox 704 5622 897 5693; x_wconf 89' lang='lat' dir='ltr'><strong>quibus</strong></span> <span class='ocrx_word' id='word_1_656' title='bbox 923 5623 1038 5677; x_wconf 80' lang='lat' dir='ltr'><strong>haec</strong></span> <span class='ocrx_word' id='word_1_657' title='bbox 1068 5623 1374 5678; x_wconf 85' lang='lat' dir='ltr'><strong>scribebat:</strong></span> <span class='ocrx_word' id='word_1_658' title='bbox 1401 5621 1587 5677; x_wconf 85' lang='lat' dir='ltr'><strong>Nullus</strong></span> <span class='ocrx_word' id='word_1_659' title='bbox 1614 5637 1708 5676; x_wconf 89' lang='lat' dir='ltr'><strong>ve-</strong></span> 
     </span>
    </p>
   </div>
   <div class='ocr_carea' id='block_1_85' title="bbox 124 5711 1709 5782">
    <p class='ocr_par' dir='ltr' id='par_1_85' title="bbox 124 5711 1709 5782">
     <span class='ocr_line' id='line_1_85' title="bbox 124 5711 1709 5782; baseline -0.002 -12"><span class='ocrx_word' id='word_1_660' title='bbox 124 5722 304 5771; x_wconf 83' lang='lat' dir='ltr'><strong>strum</strong></span> <span class='ocrx_word' id='word_1_661' title='bbox 338 5713 545 5769; x_wconf 86' lang='lat' dir='ltr'><strong>dimisit</strong></span> <span class='ocrx_word' id='word_1_662' title='bbox 568 5711 747 5767; x_wconf 86' lang='lat' dir='ltr'><strong>aulam</strong></span> <span class='ocrx_word' id='word_1_663' title='bbox 774 5711 1010 5782; x_wconf 75' lang='lat' dir='ltr'><strong>regalem</strong></span> <span class='ocrx_word' id='word_1_664' title='bbox 1036 5712 1266 5782; x_wconf 89' lang='lat' dir='ltr'><strong>amplam</strong></span> <span class='ocrx_word' id='word_1_665' title='bbox 1288 5721 1341 5766; x_wconf 90' lang='lat' dir='ltr'><strong>et</strong></span> <span class='ocrx_word' id='word_1_666' title='bbox 1361 5712 1582 5779; x_wconf 66' lang='lat' dir='ltr'><strong>claram,</strong></span> <span class='ocrx_word' id='word_1_667' title='bbox 1615 5728 1709 5767; x_wconf 86' lang='lat' dir='ltr'><strong>ne-</strong></span> 
     </span>
    </p>
   </div>
   <div class='ocr_carea' id='block_1_86' title="bbox 126 5801 1707 5878">
    <p class='ocr_par' dir='ltr' id='par_1_86' title="bbox 126 5801 1707 5878">
     <span class='ocr_line' id='line_1_86' title="bbox 126 5801 1707 5878; baseline -0.001 -18"><span class='ocrx_word' id='word_1_668' title='bbox 126 5819 235 5875; x_wconf 86' lang='lat' dir='ltr'><strong>que</strong></span> <span class='ocrx_word' id='word_1_669' title='bbox 262 5804 440 5878; x_wconf 85' lang='lat' dir='ltr'><strong>regios</strong></span> <span class='ocrx_word' id='word_1_670' title='bbox 465 5804 767 5868; x_wconf 87' lang='lat' dir='ltr'><strong>thesauros,</strong></span> <span class='ocrx_word' id='word_1_671' title='bbox 794 5804 935 5860; x_wconf 87' lang='lat' dir='ltr'><strong>sicut</strong></span> <span class='ocrx_word' id='word_1_672' title='bbox 958 5801 1168 5875; x_wconf 74' lang='lat' dir='ltr'><strong>Moyses</strong></span> <span class='ocrx_word' id='word_1_673' title='bbox 1194 5804 1337 5869; x_wconf 84' lang='lat' dir='ltr'><strong>fecit,</strong></span> <span class='ocrx_word' id='word_1_674' title='bbox 1368 5806 1457 5874; x_wconf 87' lang='lat' dir='ltr'><strong>qui</strong></span> <span class='ocrx_word' id='word_1_675' title='bbox 1486 5820 1590 5859; x_wconf 88' lang='lat' dir='ltr'><strong>non</strong></span> <span class='ocrx_word' id='word_1_676' title='bbox 1622 5820 1707 5860; x_wconf 85' lang='lat' dir='ltr'><strong>so-</strong></span> 
     </span>
    </p>
   </div>
   <div class='ocr_carea' id='block_1_87' title="bbox 125 5894 1705 5968">
    <p class='ocr_par' dir='ltr' id='par_1_87' title="bbox 125 5894 1705 5968">
     <span class='ocr_line' id='line_1_87' title="bbox 125 5894 1705 5968; baseline -0.001 -14"><span class='ocrx_word' id='word_1_677' title='bbox 125 5895 618 5961; x_wconf 48' lang='lat' dir='ltr'><strong>lumzcontempsit,</strong></span> <span class='ocrx_word' id='word_1_678' title='bbox 659 5896 755 5952; x_wconf 89' lang='lat' dir='ltr'><strong>sed</strong></span> <span class='ocrx_word' id='word_1_679' title='bbox 796 5895 959 5951; x_wconf 85' lang='lat' dir='ltr'><strong>etiam</strong></span> <span class='ocrx_word' id='word_1_680' title='bbox 999 5896 1301 5967; x_wconf 76' lang='lat' dir='ltr'><strong>abnegavit.</strong></span> <span class='ocrx_word' id='word_1_681' title='bbox 1335 5894 1483 5951; x_wconf 77' lang='lat' dir='ltr'><strong>C(elo</strong></span> <span class='ocrx_word' id='word_1_682' title='bbox 1508 5898 1705 5968; x_wconf 89' lang='lat' dir='ltr'><strong>quippe</strong></span> 
     </span>
    </p>
   </div>
   <div class='ocr_carea' id='block_1_88' title="bbox 1746 4651 1799 4710">
    <p class='ocr_par' dir='ltr' id='par_1_88' title="bbox 1746 4651 1799 4710">
     <span class='ocr_line' id='line_1_88' title="bbox 1746 4651 1799 4710; baseline 0 0"><span class='ocrx_word' id='word_1_683' title='bbox 1746 4651 1799 4710; x_wconf 85' lang='lat' dir='ltr'><strong>D</strong></span> 
     </span>
    </p>
   </div>
   <div class='ocr_carea' id='block_1_89' title="bbox 1827 3395 3409 3469">
    <p class='ocr_par' dir='ltr' id='par_1_89' title="bbox 1827 3395 3409 3469">
     <span class='ocr_line' id='line_1_89' title="bbox 1827 3395 3409 3469; baseline 0.006 -22"><span class='ocrx_word' id='word_1_684' title='bbox 1827 3407 2004 3459; x_wconf 89' lang='lat' dir='ltr'><strong>suam,</strong></span> <span class='ocrx_word' id='word_1_685' title='bbox 2021 3402 2075 3449; x_wconf 92' lang='lat' dir='ltr'><strong>et</strong></span> <span class='ocrx_word' id='word_1_686' title='bbox 2093 3396 2255 3451; x_wconf 84' lang='lat' dir='ltr'><strong>totius</strong></span> <span class='ocrx_word' id='word_1_687' title='bbox 2274 3395 2476 3465; x_wconf 91' lang='lat' dir='ltr'><strong>populi.</strong></span> <span class='ocrx_word' id='word_1_688' title='bbox 2499 3396 2576 3451; x_wconf 88' lang='lat' dir='ltr'><strong>lta</strong></span> <span class='ocrx_word' id='word_1_689' title='bbox 2594 3398 2807 3467; x_wconf 89' lang='lat' dir='ltr'><strong>quando</strong></span> <span class='ocrx_word' id='word_1_690' title='bbox 2819 3399 3049 3469; x_wconf 90' lang='lat' dir='ltr'><strong>quisque</strong></span> <span class='ocrx_word' id='word_1_691' title='bbox 3071 3401 3281 3461; x_wconf 84' lang='lat' dir='ltr'><strong>adversi</strong></span> <span class='ocrx_word' id='word_1_692' title='bbox 3308 3402 3409 3457; x_wconf 91' lang='lat' dir='ltr'><strong>ali-</strong></span> 
     </span>
    </p>
   </div>
   <div class='ocr_carea' id='block_1_90' title="bbox 1825 3485 3406 3563">
    <p class='ocr_par' dir='ltr' id='par_1_90' title="bbox 1825 3485 3406 3563">
     <span class='ocr_line' id='line_1_90' title="bbox 1825 3485 3406 3563; baseline 0.006 -25"><span class='ocrx_word' id='word_1_693' title='bbox 1825 3485 1956 3555; x_wconf 91' lang='lat' dir='ltr'><strong>quid</strong></span> <span class='ocrx_word' id='word_1_694' title='bbox 2006 3487 2231 3555; x_wconf 88' lang='lat' dir='ltr'><strong>patitur,</strong></span> <span class='ocrx_word' id='word_1_695' title='bbox 2264 3487 2423 3544; x_wconf 83' lang='lat' dir='ltr'><strong>debet</strong></span> <span class='ocrx_word' id='word_1_696' title='bbox 2469 3489 2725 3545; x_wconf 85' lang='lat' dir='ltr'><strong>reducere</strong></span> <span class='ocrx_word' id='word_1_697' title='bbox 2780 3491 2847 3545; x_wconf 86' lang='lat' dir='ltr'><strong>ad</strong></span> <span class='ocrx_word' id='word_1_698' title='bbox 2897 3492 3215 3547; x_wconf 86' lang='lat' dir='ltr'><strong>memoriam</strong></span> <span class='ocrx_word' id='word_1_699' title='bbox 3245 3509 3406 3563; x_wconf 85' lang='lat' dir='ltr'><strong>quam</strong></span> 
     </span>
    </p>
   </div>
   <div class='ocr_carea' id='block_1_91' title="bbox 1827 3577 3311 3651">
    <p class='ocr_par' dir='ltr' id='par_1_91' title="bbox 1827 3577 3311 3651">
     <span class='ocr_line' id='line_1_91' title="bbox 1827 3577 3311 3651; baseline 0.005 -23"><span class='ocrx_word' id='word_1_700' title='bbox 1827 3577 2320 3632; x_wconf 89' lang='lat' dir='ltr'><strong>remunerationem</strong></span> <span class='ocrx_word' id='word_1_701' title='bbox 2345 3593 2373 3632; x_wconf 88' lang='lat' dir='ltr'><strong>a</strong></span> <span class='ocrx_word' id='word_1_702' title='bbox 2407 3577 2632 3633; x_wconf 90' lang='lat' dir='ltr'><strong>Domino</strong></span> <span class='ocrx_word' id='word_1_703' title='bbox 2657 3578 2853 3633; x_wconf 83' lang='lat' dir='ltr'><strong>exinde</strong></span> <span class='ocrx_word' id='word_1_704' title='bbox 2880 3579 2952 3633; x_wconf 85' lang='lat' dir='ltr'><strong>sit</strong></span> <span class='ocrx_word' id='word_1_705' title='bbox 2977 3590 3311 3651; x_wconf 89' lang='lat' dir='ltr'><strong>recepturus.</strong></span> 
     </span>
    </p>
   </div>
   <div class='ocr_carea' id='block_1_92' title="bbox 1898 3685 3407 3760">
    <p class='ocr_par' dir='ltr' id='par_1_92' title="bbox 1898 3685 3407 3760">
     <span class='ocr_line' id='line_1_92' title="bbox 1898 3685 3407 3760; baseline 0.006 -20"><span class='ocrx_word' id='word_1_706' title='bbox 1898 3685 2033 3741; x_wconf 83' lang='lat' dir='ltr'><strong>Fide</strong></span> <span class='ocrx_word' id='word_1_707' title='bbox 2073 3688 2279 3759; x_wconf 83' lang='lat' dir='ltr'><strong>reliquit</strong></span> <span class='ocrx_word' id='word_1_708' title='bbox 2310 3687 2630 3760; x_wconf 60' lang='lat' dir='ltr'><strong>Egyptum,</strong></span> <span class='ocrx_word' id='word_1_709' title='bbox 2667 3706 2770 3744; x_wconf 87' lang='lat' dir='ltr'><strong>non</strong></span> <span class='ocrx_word' id='word_1_710' title='bbox 2798 3690 2992 3745; x_wconf 84' lang='lat' dir='ltr'><strong>veritus</strong></span> <span class='ocrx_word' id='word_1_711' title='bbox 3026 3692 3407 3749; x_wconf 85' lang='lat' dir='ltr'><strong>animositatem</strong></span> 
     </span>
    </p>
   </div>
   <div class='ocr_carea' id='block_1_93' title="bbox 1825 3777 3405 3851">
    <p class='ocr_par' dir='ltr' id='par_1_93' title="bbox 1825 3777 3405 3851">
     <span class='ocr_line' id='line_1_93' title="bbox 1825 3777 3405 3851; baseline 0.006 -21"><span class='ocrx_word' id='word_1_712' title='bbox 1825 3779 1959 3847; x_wconf 84' lang='lat' dir='ltr'><strong>regis</strong></span> <span class='ocrx_word' id='word_1_713' title='bbox 1984 3777 2326 3833; x_wconf 85' lang='lat' dir='ltr'><strong>:invisibilem</strong></span> <span class='ocrx_word' id='word_1_714' title='bbox 2350 3780 2486 3834; x_wconf 87' lang='lat' dir='ltr'><strong>enim</strong></span> <span class='ocrx_word' id='word_1_715' title='bbox 2516 3790 2765 3851; x_wconf 82' lang='lat' dir='ltr'><strong>tanquam</strong></span> <span class='ocrx_word' id='word_1_716' title='bbox 2788 3792 3111 3850; x_wconf 68' lang='lat' dir='ltr'><strong>praesentem</strong></span> <span class='ocrx_word' id='word_1_717' title='bbox 3136 3784 3405 3839; x_wconf 86' lang='lat' dir='ltr'><strong>sustinuit.</strong></span> 
     </span>
    </p>
   </div>
   <div class='ocr_carea' id='block_1_94' title="bbox 1827 3867 3408 3941">
    <p class='ocr_par' dir='ltr' id='par_1_94' title="bbox 1827 3867 3408 3941">
     <span class='ocr_line' id='line_1_94' title="bbox 1827 3867 3408 3941; baseline 0.006 -21"><span class='ocrx_word' id='word_1_718' title='bbox 1827 3867 2079 3937; x_wconf 77' lang='lat' dir='ltr'><strong>Legimus</strong></span> <span class='ocrx_word' id='word_1_719' title='bbox 2121 3870 2174 3923; x_wconf 91' lang='lat' dir='ltr'><strong>in</strong></span> <span class='ocrx_word' id='word_1_720' title='bbox 2206 3871 2411 3933; x_wconf 80' lang='lat' dir='ltr'><strong>Exodo,</strong></span> <span class='ocrx_word' id='word_1_721' title='bbox 2447 3872 2570 3940; x_wconf 86' lang='lat' dir='ltr'><strong>quia</strong></span> <span class='ocrx_word' id='word_1_722' title='bbox 2608 3889 2727 3926; x_wconf 89' lang='lat' dir='ltr'><strong>cum</strong></span> <span class='ocrx_word' id='word_1_723' title='bbox 2768 3874 2931 3941; x_wconf 76' lang='lat' dir='ltr'><strong>Moysi</strong></span> <span class='ocrx_word' id='word_1_724' title='bbox 2960 3875 3159 3928; x_wconf 87' lang='lat' dir='ltr'><strong>dictum</strong></span> <span class='ocrx_word' id='word_1_725' title='bbox 3204 3885 3345 3931; x_wconf 86' lang='lat' dir='ltr'><strong>esset</strong></span> <span class='ocrx_word' id='word_1_726' title='bbox 3377 3895 3408 3930; x_wconf 86' lang='lat' dir='ltr'><strong>a</strong></span> 
     </span>
    </p>
   </div>
   <div class='ocr_carea' id='block_1_95' title="bbox 1828 3960 3403 4034">
    <p class='ocr_par' dir='ltr' id='par_1_95' title="bbox 1828 3960 3403 4034">
     <span class='ocr_line' id='line_1_95' title="bbox 1828 3960 3403 4034; baseline 0.005 -21"><span class='ocrx_word' id='word_1_727' title='bbox 1828 3960 2057 4029; x_wconf 90' lang='lat' dir='ltr'><strong>quodam</strong></span> <span class='ocrx_word' id='word_1_728' title='bbox 2099 3961 2326 4016; x_wconf 70' lang='lat' dir='ltr'><strong>ﬂebrmo</strong></span> <span class='ocrx_word' id='word_1_729' title='bbox 2354 3962 2445 4030; x_wconf 89' lang='lat' dir='ltr'><strong>qui</strong></span> <span class='ocrx_word' id='word_1_730' title='bbox 2476 3961 2709 4017; x_wconf 83' lang='lat' dir='ltr'><strong>faciebat</strong></span> <span class='ocrx_word' id='word_1_731' title='bbox 2759 3962 3006 4029; x_wconf 87' lang='lat' dir='ltr'><strong>iujnriam</strong></span> <span class='ocrx_word' id='word_1_732' title='bbox 3034 3965 3212 4030; x_wconf 85' lang='lat' dir='ltr'><strong>fratri,</strong></span> <span class='ocrx_word' id='word_1_733' title='bbox 3244 3982 3403 4034; x_wconf 90' lang='lat' dir='ltr'><strong>quem</strong></span> 
     </span>
    </p>
   </div>
   <div class='ocr_carea' id='block_1_96' title="bbox 1828 4052 3410 4125">
    <p class='ocr_par' dir='ltr' id='par_1_96' title="bbox 1828 4052 3410 4125">
     <span class='ocr_line' id='line_1_96' title="bbox 1828 4052 3410 4125; baseline 0.002 -18"><span class='ocrx_word' id='word_1_734' title='bbox 1828 4052 2038 4123; x_wconf 81' lang='lat' dir='ltr'><strong>Moyses</strong></span> <span class='ocrx_word' id='word_1_735' title='bbox 2066 4053 2233 4107; x_wconf 87' lang='lat' dir='ltr'><strong>voluit</strong></span> <span class='ocrx_word' id='word_1_736' title='bbox 2263 4056 2543 4125; x_wconf 87' lang='lat' dir='ltr'><strong>increpare</strong></span> <span class='ocrx_word' id='word_1_737' title='bbox 2572 4070 2586 4106; x_wconf 88' lang='lat'><strong>:</strong></span> <span class='ocrx_word' id='word_1_738' title='bbox 2621 4054 2875 4125; x_wconf 83' lang='lat' dir='ltr'><strong>Nunquid</strong></span> <span class='ocrx_word' id='word_1_739' title='bbox 2904 4054 3214 4110; x_wconf 90' lang='lat' dir='ltr'><strong>interﬁcere</strong></span> <span class='ocrx_word' id='word_1_740' title='bbox 3237 4064 3294 4110; x_wconf 91' lang='lat' dir='ltr'><strong>ut</strong></span> <span class='ocrx_word' id='word_1_741' title='bbox 3329 4073 3410 4110; x_wconf 81' lang='lat' dir='ltr'><strong>me</strong></span> 
     </span>
    </p>
   </div>
   <div class='ocr_carea' id='block_1_97' title="bbox 1827 4143 3408 4219">
    <p class='ocr_par' dir='ltr' id='par_1_97' title="bbox 1827 4143 3408 4219">
     <span class='ocr_line' id='line_1_97' title="bbox 1827 4143 3408 4219; baseline 0.002 -20"><span class='ocrx_word' id='word_1_742' title='bbox 1827 4145 1902 4199; x_wconf 74' lang='lat' dir='ltr'><strong>vis</strong></span> <span class='ocrx_word' id='word_1_743' title='bbox 1927 4144 2057 4198; x_wconf 86' lang='lat' dir='ltr'><strong>sicut</strong></span> <span class='ocrx_word' id='word_1_744' title='bbox 2085 4143 2403 4199; x_wconf 85' lang='lat' dir='ltr'><strong>interfecisti</strong></span> <span class='ocrx_word' id='word_1_745' title='bbox 2416 4145 2527 4199; x_wconf 84' lang='lat' dir='ltr'><strong>lteri</strong></span> <span class='ocrx_word' id='word_1_746' title='bbox 2550 4145 3083 4217; x_wconf 27' lang='lat' dir='ltr'><strong>Egyptium?‘Fugit</strong></span> <span class='ocrx_word' id='word_1_747' title='bbox 3112 4147 3324 4219; x_wconf 81' lang='lat' dir='ltr'><strong>Moyses</strong></span> <span class='ocrx_word' id='word_1_748' title='bbox 3355 4149 3408 4202; x_wconf 93' lang='lat' dir='ltr'><strong>in</strong></span> 
     </span>
    </p>
   </div>
   <div class='ocr_carea' id='block_1_98' title="bbox 1826 4235 3415 4306">
    <p class='ocr_par' dir='ltr' id='par_1_98' title="bbox 1826 4235 3415 4306">
     <span class='ocr_line' id='line_1_98' title="bbox 1826 4235 3415 4306; baseline 0.001 -17"><span class='ocrx_word' id='word_1_749' title='bbox 1826 4236 1993 4293; x_wconf 84' lang='lat' dir='ltr'><strong>verbo</strong></span> <span class='ocrx_word' id='word_1_750' title='bbox 2038 4236 2173 4300; x_wconf 92' lang='lat' dir='ltr'><strong>isto,</strong></span> <span class='ocrx_word' id='word_1_751' title='bbox 2218 4250 2282 4290; x_wconf 90' lang='lat' dir='ltr'><strong>eo</strong></span> <span class='ocrx_word' id='word_1_752' title='bbox 2322 4235 2463 4305; x_wconf 85' lang='lat' dir='ltr'><strong>quod</strong></span> <span class='ocrx_word' id='word_1_753' title='bbox 2504 4235 2717 4290; x_wconf 85' lang='lat' dir='ltr'><strong>Pharao</strong></span> <span class='ocrx_word' id='word_1_754' title='bbox 2764 4236 2946 4297; x_wconf 88' lang='lat' dir='ltr'><strong>audito</strong></span> <span class='ocrx_word' id='word_1_755' title='bbox 2996 4237 3095 4291; x_wconf 90' lang='lat' dir='ltr'><strong>hoc</strong></span> <span class='ocrx_word' id='word_1_756' title='bbox 3148 4246 3415 4306; x_wconf 75' lang='lat' dir='ltr'><strong>quaereret</strong></span> 
     </span>
    </p>
   </div>
   <div class='ocr_carea' id='block_1_99' title="bbox 1827 4325 3411 4399">
    <p class='ocr_par' dir='ltr' id='par_1_99' title="bbox 1827 4325 3411 4399">
     <span class='ocr_line' id='line_1_99' title="bbox 1827 4325 3411 4399; baseline -0.001 -14"><span class='ocrx_word' id='word_1_757' title='bbox 1827 4345 1950 4386; x_wconf 91' lang='lat' dir='ltr'><strong>eum</strong></span> <span class='ocrx_word' id='word_1_758' title='bbox 1997 4328 2307 4384; x_wconf 89' lang='lat' dir='ltr'><strong>interﬁcere</strong></span> <span class='ocrx_word' id='word_1_759' title='bbox 2348 4346 2360 4380; x_wconf 90' lang='lat'>:</span> <span class='ocrx_word' id='word_1_760' title='bbox 2410 4328 2501 4382; x_wconf 90' lang='lat' dir='ltr'><strong>sed</strong></span> <span class='ocrx_word' id='word_1_761' title='bbox 2546 4343 2666 4382; x_wconf 88' lang='lat' dir='ltr'><strong>cum</strong></span> <span class='ocrx_word' id='word_1_762' title='bbox 2712 4325 3057 4383; x_wconf 83' lang='lat' dir='ltr'><strong>manifestum</strong></span> <span class='ocrx_word' id='word_1_763' title='bbox 3100 4329 3171 4384; x_wconf 87' lang='lat' dir='ltr'><strong>sit</strong></span> <span class='ocrx_word' id='word_1_764' title='bbox 3210 4328 3411 4399; x_wconf 83' lang='lat' dir='ltr'><strong>fugisse</strong></span> 
     </span>
    </p>
   </div>
   <div class='ocr_carea' id='block_1_100' title="bbox 1826 4418 3405 4491">
    <p class='ocr_par' dir='ltr' id='par_1_100' title="bbox 1826 4418 3405 4491">
     <span class='ocr_line' id='line_1_100' title="bbox 1826 4418 3405 4491; baseline -0.002 -14"><span class='ocrx_word' id='word_1_765' title='bbox 1826 4420 1977 4477; x_wconf 88' lang='lat' dir='ltr'><strong>illum</strong></span> <span class='ocrx_word' id='word_1_766' title='bbox 2030 4421 2082 4475; x_wconf 91' lang='lat' dir='ltr'><strong>in</strong></span> <span class='ocrx_word' id='word_1_767' title='bbox 2124 4420 2369 4485; x_wconf 78' lang='lat' dir='ltr'><strong>Madian,</strong></span> <span class='ocrx_word' id='word_1_768' title='bbox 2396 4418 2525 4488; x_wconf 84' lang='lat' dir='ltr'><strong>quid</strong></span> <span class='ocrx_word' id='word_1_769' title='bbox 2572 4428 2655 4474; x_wconf 88' lang='lat' dir='ltr'><strong>est</strong></span> <span class='ocrx_word' id='word_1_770' title='bbox 2695 4419 2837 4488; x_wconf 85' lang='lat' dir='ltr'><strong>quod</strong></span> <span class='ocrx_word' id='word_1_771' title='bbox 2883 4419 3068 4473; x_wconf 87' lang='lat' dir='ltr'><strong>beatus</strong></span> <span class='ocrx_word' id='word_1_772' title='bbox 3114 4418 3405 4491; x_wconf 84' lang='lat' dir='ltr'><strong>Apostolus</strong></span> 
     </span>
    </p>
   </div>
   <div class='ocr_carea' id='block_1_101' title="bbox 1826 4512 3404 4583">
    <p class='ocr_par' dir='ltr' id='par_1_101' title="bbox 1826 4512 3404 4583">
     <span class='ocr_line' id='line_1_101' title="bbox 1826 4512 3404 4583; baseline -0.001 -13"><span class='ocrx_word' id='word_1_773' title='bbox 1826 4516 1956 4570; x_wconf 89' lang='lat' dir='ltr'><strong>dicit</strong></span> <span class='ocrx_word' id='word_1_774' title='bbox 1984 4534 1995 4569; x_wconf 91' lang='lat'><strong>:</strong></span> <span class='ocrx_word' id='word_1_775' title='bbox 2022 4514 2135 4568; x_wconf 79' lang='lat' dir='ltr'><strong>Non</strong></span> <span class='ocrx_word' id='word_1_776' title='bbox 2164 4515 2369 4570; x_wconf 89' lang='lat' dir='ltr'><strong>veritus</strong></span> <span class='ocrx_word' id='word_1_777' title='bbox 2397 4514 2793 4568; x_wconf 86' lang='lat' dir='ltr'><strong>animositatem</strong></span> <span class='ocrx_word' id='word_1_778' title='bbox 2825 4513 3004 4583; x_wconf 89' lang='lat' dir='ltr'><strong>regis?</strong></span> <span class='ocrx_word' id='word_1_779' title='bbox 3033 4512 3089 4568; x_wconf 90' lang='lat' dir='ltr'><strong>Si</strong></span> <span class='ocrx_word' id='word_1_780' title='bbox 3119 4515 3262 4569; x_wconf 91' lang='lat' dir='ltr'><strong>enim</strong></span> <span class='ocrx_word' id='word_1_781' title='bbox 3297 4530 3404 4568; x_wconf 84' lang='lat' dir='ltr'><strong>non</strong></span> 
     </span>
    </p>
   </div>
   <div class='ocr_carea' id='block_1_102' title="bbox 1827 4606 3405 4679">
    <p class='ocr_par' dir='ltr' id='par_1_102' title="bbox 1827 4606 3405 4679">
     <span class='ocr_line' id='line_1_102' title="bbox 1827 4606 3405 4679; baseline -0.002 -16"><span class='ocrx_word' id='word_1_782' title='bbox 1827 4608 2026 4673; x_wconf 85' lang='lat' dir='ltr'><strong>timuit,</strong></span> <span class='ocrx_word' id='word_1_783' title='bbox 2055 4623 2223 4679; x_wconf 88' lang='lat' dir='ltr'><strong>quare</strong></span> <span class='ocrx_word' id='word_1_784' title='bbox 2249 4607 2417 4679; x_wconf 87' lang='lat' dir='ltr'><strong>fugit?</strong></span> <span class='ocrx_word' id='word_1_785' title='bbox 2448 4607 2601 4674; x_wconf 85' lang='lat' dir='ltr'><strong>Quod</strong></span> <span class='ocrx_word' id='word_1_786' title='bbox 2632 4622 2761 4679; x_wconf 92' lang='lat' dir='ltr'><strong>ergo</strong></span> <span class='ocrx_word' id='word_1_787' title='bbox 2802 4606 2937 4677; x_wconf 89' lang='lat' dir='ltr'><strong>fugit</strong></span> <span class='ocrx_word' id='word_1_788' title='bbox 2971 4607 3094 4663; x_wconf 90' lang='lat' dir='ltr'><strong>ﬁdei</strong></span> <span class='ocrx_word' id='word_1_789' title='bbox 3124 4607 3257 4673; x_wconf 89' lang='lat' dir='ltr'><strong>fuit,</strong></span> <span class='ocrx_word' id='word_1_790' title='bbox 3286 4626 3405 4663; x_wconf 71' lang='lat' dir='ltr'><strong>crc-</strong></span> 
     </span>
    </p>
   </div>
   <div class='ocr_carea' id='block_1_103' title="bbox 1827 4699 3403 4769">
    <p class='ocr_par' dir='ltr' id='par_1_103' title="bbox 1827 4699 3403 4769">
     <span class='ocr_line' id='line_1_103' title="bbox 1827 4699 3403 4769; baseline -0.002 -13"><span class='ocrx_word' id='word_1_791' title='bbox 1827 4702 1960 4756; x_wconf 89' lang='lat' dir='ltr'><strong>dens</strong></span> <span class='ocrx_word' id='word_1_792' title='bbox 1990 4700 2206 4755; x_wconf 89' lang='lat' dir='ltr'><strong>liberari</strong></span> <span class='ocrx_word' id='word_1_793' title='bbox 2253 4716 2283 4754; x_wconf 87' lang='lat' dir='ltr'><strong>a</strong></span> <span class='ocrx_word' id='word_1_794' title='bbox 2319 4699 2429 4754; x_wconf 90' lang='lat' dir='ltr'><strong>Deo</strong></span> <span class='ocrx_word' id='word_1_795' title='bbox 2467 4708 2520 4753; x_wconf 89' lang='lat' dir='ltr'><strong>et</strong></span> <span class='ocrx_word' id='word_1_796' title='bbox 2558 4700 2840 4769; x_wconf 51' lang='lat' dir='ltr'><strong>praetendit</strong></span> <span class='ocrx_word' id='word_1_797' title='bbox 2878 4700 3118 4756; x_wconf 74' lang='lat' dir='ltr'><strong>exterius</strong></span> <span class='ocrx_word' id='word_1_798' title='bbox 3156 4701 3403 4755; x_wconf 84' lang='lat' dir='ltr'><strong>timorem</strong></span> 
     </span>
    </p>
   </div>
   <div class='ocr_carea' id='block_1_104' title="bbox 1827 4790 3403 4861">
    <p class='ocr_par' dir='ltr' id='par_1_104' title="bbox 1827 4790 3403 4861">
     <span class='ocr_line' id='line_1_104' title="bbox 1827 4790 3403 4861; baseline 0 -15"><span class='ocrx_word' id='word_1_799' title='bbox 1827 4807 1948 4847; x_wconf 88' lang='lat' dir='ltr'><strong>cum</strong></span> <span class='ocrx_word' id='word_1_800' title='bbox 1978 4792 2206 4851; x_wconf 80' lang='lat' dir='ltr'><strong>interius</strong></span> <span class='ocrx_word' id='word_1_801' title='bbox 2234 4790 2437 4846; x_wconf 91' lang='lat' dir='ltr'><strong>nullum</strong></span> <span class='ocrx_word' id='word_1_802' title='bbox 2470 4791 2695 4845; x_wconf 88' lang='lat' dir='ltr'><strong>haberet</strong></span> <span class='ocrx_word' id='word_1_803' title='bbox 2721 4800 2944 4857; x_wconf 85' lang='lat' dir='ltr'><strong>metum,</strong></span> <span class='ocrx_word' id='word_1_804' title='bbox 2980 4790 3205 4861; x_wconf 87' lang='lat' dir='ltr'><strong>ideoque</strong></span> <span class='ocrx_word' id='word_1_805' title='bbox 3241 4792 3320 4846; x_wconf 89' lang='lat' dir='ltr'><strong>sic</strong></span> <span class='ocrx_word' id='word_1_806' title='bbox 3355 4794 3403 4847; x_wconf 87' lang='lat' dir='ltr'><strong>ei</strong></span> 
     </span>
    </p>
   </div>
   <div class='ocr_carea' id='block_1_105' title="bbox 1803 4884 3406 4955">
    <p class='ocr_par' dir='ltr' id='par_1_105' title="bbox 1803 4884 3406 4955">
     <span class='ocr_line' id='line_1_105' title="bbox 1803 4884 3406 4955; baseline 0 -16"><span class='ocrx_word' id='word_1_807' title='bbox 1803 4894 2124 4955; x_wconf 74' lang='lat' dir='ltr'><strong>reputatur,</strong></span> <span class='ocrx_word' id='word_1_808' title='bbox 2149 4886 2304 4954; x_wconf 90' lang='lat' dir='ltr'><strong>quasi</strong></span> <span class='ocrx_word' id='word_1_809' title='bbox 2347 4900 2453 4939; x_wconf 90' lang='lat' dir='ltr'><strong>non</strong></span> <span class='ocrx_word' id='word_1_810' title='bbox 2494 4884 2780 4940; x_wconf 90' lang='lat' dir='ltr'><strong>timuisset.</strong></span> <span class='ocrx_word' id='word_1_811' title='bbox 2817 4885 3023 4940; x_wconf 83' lang='lat' dir='ltr'><strong>Idcirco</strong></span> <span class='ocrx_word' id='word_1_812' title='bbox 3052 4885 3194 4939; x_wconf 90' lang='lat' dir='ltr'><strong>enim</strong></span> <span class='ocrx_word' id='word_1_813' title='bbox 3234 4885 3406 4939; x_wconf 91' lang='lat' dir='ltr'><strong>noluit</strong></span> 
     </span>
    </p>
   </div>
   <div class='ocr_carea' id='block_1_106' title="bbox 1823 4974 3405 5047">
    <p class='ocr_par' dir='ltr' id='par_1_106' title="bbox 1823 4974 3405 5047">
     <span class='ocr_line' id='line_1_106' title="bbox 1823 4974 3405 5047; baseline 0.001 -18"><span class='ocrx_word' id='word_1_814' title='bbox 1823 4974 1897 5030; x_wconf 91' lang='lat' dir='ltr'><strong>ibi</strong></span> <span class='ocrx_word' id='word_1_815' title='bbox 1920 4989 2164 5042; x_wconf 90' lang='lat' dir='ltr'><strong>manere,</strong></span> <span class='ocrx_word' id='word_1_816' title='bbox 2187 4991 2255 5030; x_wconf 88' lang='lat' dir='ltr'><strong>ne</strong></span> <span class='ocrx_word' id='word_1_817' title='bbox 2278 4991 2470 5031; x_wconf 86' lang='lat' dir='ltr'><strong>causas</strong></span> <span class='ocrx_word' id='word_1_818' title='bbox 2493 4977 2768 5047; x_wconf 69' lang='lat' dir='ltr'><strong>iactantiae</strong></span> <span class='ocrx_word' id='word_1_819' title='bbox 2784 4977 3060 5032; x_wconf 79' lang='lat' dir='ltr'><strong>videretur</strong></span> <span class='ocrx_word' id='word_1_820' title='bbox 3083 4991 3141 5032; x_wconf 90' lang='lat' dir='ltr'><strong>se</strong></span> <span class='ocrx_word' id='word_1_821' title='bbox 3170 4977 3223 5032; x_wconf 90' lang='lat' dir='ltr'><strong>in</strong></span> <span class='ocrx_word' id='word_1_822' title='bbox 3250 4992 3405 5047; x_wconf 83' lang='lat' dir='ltr'><strong>aper-</strong></span> 
     </span>
    </p>
   </div>
   <div class='ocr_carea' id='block_1_107' title="bbox 1820 5068 3401 5139">
    <p class='ocr_par' dir='ltr' id='par_1_107' title="bbox 1820 5068 3401 5139">
     <span class='ocr_line' id='line_1_107' title="bbox 1820 5068 3401 5139; baseline -0.001 -17"><span class='ocrx_word' id='word_1_823' title='bbox 1820 5079 1935 5123; x_wconf 88' lang='lat' dir='ltr'><strong>tum</strong></span> <span class='ocrx_word' id='word_1_824' title='bbox 1984 5068 2283 5138; x_wconf 90' lang='lat' dir='ltr'><strong>periculum</strong></span> <span class='ocrx_word' id='word_1_825' title='bbox 2331 5069 2699 5139; x_wconf 67' lang='lat' dir='ltr'><strong>praecipitare,</strong></span> <span class='ocrx_word' id='word_1_826' title='bbox 2747 5084 2811 5124; x_wconf 88' lang='lat' dir='ltr'><strong>ac</strong></span> <span class='ocrx_word' id='word_1_827' title='bbox 2860 5076 3069 5123; x_wconf 89' lang='lat' dir='ltr'><strong>tentare</strong></span> <span class='ocrx_word' id='word_1_828' title='bbox 3116 5068 3401 5123; x_wconf 90' lang='lat' dir='ltr'><strong>Dominum</strong></span> 
     </span>
    </p>
   </div>
   <div class='ocr_carea' id='block_1_108' title="bbox 1822 5157 3402 5228">
    <p class='ocr_par' dir='ltr' id='par_1_108' title="bbox 1822 5157 3402 5228">
     <span class='ocr_line' id='line_1_108' title="bbox 1822 5157 3402 5228; baseline -0.003 -13"><span class='ocrx_word' id='word_1_829' title='bbox 1822 5158 1992 5215; x_wconf 91' lang='lat' dir='ltr'><strong>Deum</strong></span> <span class='ocrx_word' id='word_1_830' title='bbox 2034 5174 2225 5224; x_wconf 90' lang='lat' dir='ltr'><strong>suum,</strong></span> <span class='ocrx_word' id='word_1_831' title='bbox 2269 5158 2414 5228; x_wconf 91' lang='lat' dir='ltr'><strong>quod</strong></span> <span class='ocrx_word' id='word_1_832' title='bbox 2458 5158 2677 5213; x_wconf 91' lang='lat' dir='ltr'><strong>omnino</strong></span> <span class='ocrx_word' id='word_1_833' title='bbox 2711 5157 3035 5213; x_wconf 91' lang='lat' dir='ltr'><strong>diabolicum</strong></span> <span class='ocrx_word' id='word_1_834' title='bbox 3063 5165 3169 5213; x_wconf 89' lang='lat' dir='ltr'><strong>est.</strong></span> <span class='ocrx_word' id='word_1_835' title='bbox 3216 5157 3402 5212; x_wconf 87' lang='lat' dir='ltr'><strong>Sancti</strong></span> 
     </span>
    </p>
   </div>
   <div class='ocr_carea' id='block_1_109' title="bbox 1819 5249 3399 5322">
    <p class='ocr_par' dir='ltr' id='par_1_109' title="bbox 1819 5249 3399 5322">
     <span class='ocr_line' id='line_1_109' title="bbox 1819 5249 3399 5322; baseline -0.003 -15"><span class='ocrx_word' id='word_1_836' title='bbox 1819 5252 2019 5307; x_wconf 89' lang='lat' dir='ltr'><strong>etenim</strong></span> <span class='ocrx_word' id='word_1_837' title='bbox 2053 5251 2155 5307; x_wconf 88' lang='lat' dir='ltr'><strong>viri</strong></span> <span class='ocrx_word' id='word_1_838' title='bbox 2175 5250 2408 5321; x_wconf 84' lang='lat' dir='ltr'><strong>quandiu</strong></span> <span class='ocrx_word' id='word_1_839' title='bbox 2432 5251 2635 5306; x_wconf 89' lang='lat' dir='ltr'><strong>habent</strong></span> <span class='ocrx_word' id='word_1_840' title='bbox 2666 5251 2808 5322; x_wconf 89' lang='lat' dir='ltr'><strong>quod</strong></span> <span class='ocrx_word' id='word_1_841' title='bbox 2836 5250 3057 5315; x_wconf 87' lang='lat' dir='ltr'><strong>faciant,</strong></span> <span class='ocrx_word' id='word_1_842' title='bbox 3091 5249 3258 5304; x_wconf 89' lang='lat' dir='ltr'><strong>Deum</strong></span> <span class='ocrx_word' id='word_1_843' title='bbox 3289 5257 3399 5303; x_wconf 84' lang='lat' dir='ltr'><strong>ten-</strong></span> 
     </span>
    </p>
   </div>
   <div class='ocr_carea' id='block_1_110' title="bbox 1817 5341 3395 5408">
    <p class='ocr_par' dir='ltr' id='par_1_110' title="bbox 1817 5341 3395 5408">
     <span class='ocr_line' id='line_1_110' title="bbox 1817 5341 3395 5408; baseline -0.002 -11"><span class='ocrx_word' id='word_1_844' title='bbox 1817 5350 1936 5398; x_wconf 89' lang='lat' dir='ltr'><strong>tare</strong></span> <span class='ocrx_word' id='word_1_845' title='bbox 1964 5356 2070 5397; x_wconf 91' lang='lat' dir='ltr'><strong>non</strong></span> <span class='ocrx_word' id='word_1_846' title='bbox 2096 5343 2312 5408; x_wconf 89' lang='lat' dir='ltr'><strong>debent,</strong></span> <span class='ocrx_word' id='word_1_847' title='bbox 2336 5341 2428 5397; x_wconf 89' lang='lat' dir='ltr'><strong>sed</strong></span> <span class='ocrx_word' id='word_1_848' title='bbox 2448 5343 2647 5397; x_wconf 89' lang='lat' dir='ltr'><strong>debent</strong></span> <span class='ocrx_word' id='word_1_849' title='bbox 2676 5341 2877 5397; x_wconf 88' lang='lat' dir='ltr'><strong>imitari</strong></span> <span class='ocrx_word' id='word_1_850' title='bbox 2899 5341 3182 5397; x_wconf 90' lang='lat' dir='ltr'><strong>Dominum</strong></span> <span class='ocrx_word' id='word_1_851' title='bbox 3216 5355 3395 5404; x_wconf 90' lang='lat' dir='ltr'><strong>suum,</strong></span> 
     </span>
    </p>
   </div>
   <div class='ocr_carea' id='block_1_111' title="bbox 1817 5432 3397 5504">
    <p class='ocr_par' dir='ltr' id='par_1_111' title="bbox 1817 5432 3397 5504">
     <span class='ocr_line' id='line_1_111' title="bbox 1817 5432 3397 5504; baseline -0.002 -16"><span class='ocrx_word' id='word_1_852' title='bbox 1817 5434 1909 5504; x_wconf 89' lang='lat' dir='ltr'><strong>qui</strong></span> <span class='ocrx_word' id='word_1_853' title='bbox 1950 5432 2261 5504; x_wconf 82' lang='lat' dir='ltr'><strong>frequenter</strong></span> <span class='ocrx_word' id='word_1_854' title='bbox 2299 5434 2478 5490; x_wconf 91' lang='lat' dir='ltr'><strong>locum</strong></span> <span class='ocrx_word' id='word_1_855' title='bbox 2513 5434 2661 5489; x_wconf 90' lang='lat' dir='ltr'><strong>dedit</strong></span> <span class='ocrx_word' id='word_1_856' title='bbox 2689 5432 2911 5498; x_wconf 70' lang='lat' dir='ltr'><strong>Judzeis,</strong></span> <span class='ocrx_word' id='word_1_857' title='bbox 2945 5432 3224 5488; x_wconf 86' lang='lat' dir='ltr'><strong>audientes</strong></span> <span class='ocrx_word' id='word_1_858' title='bbox 3253 5432 3397 5501; x_wconf 89' lang='lat' dir='ltr'><strong>quod</strong></span> 
     </span>
    </p>
   </div>
   <div class='ocr_carea' id='block_1_112' title="bbox 1816 5522 3398 5595">
    <p class='ocr_par' dir='ltr' id='par_1_112' title="bbox 1816 5522 3398 5595">
     <span class='ocr_line' id='line_1_112' title="bbox 1816 5522 3398 5595; baseline -0.002 -16"><span class='ocrx_word' id='word_1_859' title='bbox 1816 5525 1931 5595; x_wconf 89' lang='lat' dir='ltr'><strong>ipse</strong></span> <span class='ocrx_word' id='word_1_860' title='bbox 1963 5525 2248 5594; x_wconf 69' lang='lat' dir='ltr'><strong>praecepit,</strong></span> <span class='ocrx_word' id='word_1_861' title='bbox 2277 5525 2501 5581; x_wconf 85' lang='lat' dir='ltr'><strong>dicens:</strong></span> <span class='ocrx_word' id='word_1_862' title='bbox 2541 5522 2674 5579; x_wconf 82' lang='lat' dir='ltr'><strong>Cum</strong></span> <span class='ocrx_word' id='word_1_863' title='bbox 2704 5542 2788 5578; x_wconf 79' lang='lat' dir='ltr'><strong>vos</strong></span> <span class='ocrx_word' id='word_1_864' title='bbox 2814 5524 3070 5594; x_wconf 85' lang='lat' dir='ltr'><strong>persecuti</strong></span> <span class='ocrx_word' id='word_1_865' title='bbox 3108 5522 3301 5593; x_wconf 81' lang='lat' dir='ltr'><strong>fuerint</strong></span> <span class='ocrx_word' id='word_1_866' title='bbox 3343 5523 3398 5576; x_wconf 87' lang='lat' dir='ltr'><strong>in</strong></span> 
     </span>
    </p>
   </div>
   <div class='ocr_carea' id='block_1_113' title="bbox 1817 5615 3396 5689">
    <p class='ocr_par' dir='ltr' id='par_1_113' title="bbox 1817 5615 3396 5689">
     <span class='ocr_line' id='line_1_113' title="bbox 1817 5615 3396 5689; baseline -0.002 -17"><span class='ocrx_word' id='word_1_867' title='bbox 1817 5617 2020 5673; x_wconf 89' lang='lat' dir='ltr'><strong>civitate</strong></span> <span class='ocrx_word' id='word_1_868' title='bbox 2063 5633 2199 5683; x_wconf 87' lang='lat' dir='ltr'><strong>una,</strong></span> <span class='ocrx_word' id='word_1_869' title='bbox 2237 5618 2400 5688; x_wconf 86' lang='lat' dir='ltr'><strong>fugite</strong></span> <span class='ocrx_word' id='word_1_870' title='bbox 2436 5618 2489 5672; x_wconf 91' lang='lat' dir='ltr'><strong>in</strong></span> <span class='ocrx_word' id='word_1_871' title='bbox 2531 5617 2690 5672; x_wconf 87' lang='lat' dir='ltr'><strong>aliam</strong></span> <span class='ocrx_word' id='word_1_872' title='bbox 2735 5616 2949 5688; x_wconf 73' lang='lat' dir='ltr'><strong>(Matth.</strong></span> <span class='ocrx_word' id='word_1_873' title='bbox 2976 5616 3055 5689; x_wconf 71' lang='grc' dir='ltr'><strong>χ).</strong></span> <span class='ocrx_word' id='word_1_874' title='bbox 3086 5615 3232 5687; x_wconf 89' lang='lat' dir='ltr'><strong>Fuga</strong></span> <span class='ocrx_word' id='word_1_875' title='bbox 3264 5629 3396 5683; x_wconf 87' lang='lat' dir='ltr'><strong>ergo</strong></span> 
     </span>
    </p>
   </div>
   <div class='ocr_carea' id='block_1_114' title="bbox 1815 5706 3393 5783">
    <p class='ocr_par' dir='ltr' id='par_1_114' title="bbox 1815 5706 3393 5783">
     <span class='ocr_line' id='line_1_114' title="bbox 1815 5706 3393 5783; baseline -0.003 -17"><span class='ocrx_word' id='word_1_876' title='bbox 1815 5711 1984 5783; x_wconf 79' lang='lat' dir='ltr'><strong>Moysi</strong></span> <span class='ocrx_word' id='word_1_877' title='bbox 2031 5721 2141 5767; x_wconf 78' lang='lat' dir='ltr'><strong>tota</strong></span> <span class='ocrx_word' id='word_1_878' title='bbox 2170 5713 2412 5768; x_wconf 79' lang='lat' dir='ltr'><strong>exterior</strong></span> <span class='ocrx_word' id='word_1_879' title='bbox 2437 5710 2578 5766; x_wconf 82' lang='lat' dir='ltr'><strong>fuit;</strong></span> <span class='ocrx_word' id='word_1_880' title='bbox 2616 5711 2871 5782; x_wconf 86' lang='lat' dir='ltr'><strong>quoniam</strong></span> <span class='ocrx_word' id='word_1_881' title='bbox 2915 5710 3150 5765; x_wconf 72' lang='lat' dir='ltr'><strong>maxime</strong></span> <span class='ocrx_word' id='word_1_882' title='bbox 3190 5709 3257 5763; x_wconf 89' lang='lat' dir='ltr'><strong>de</strong></span> <span class='ocrx_word' id='word_1_883' title='bbox 3298 5706 3393 5762; x_wconf 90' lang='lat' dir='ltr'><strong>Dei</strong></span> 
     </span>
    </p>
   </div>
   <div class='ocr_carea' id='block_1_115' title="bbox 1814 5797 3391 5871">
    <p class='ocr_par' dir='ltr' id='par_1_115' title="bbox 1814 5797 3391 5871">
     <span class='ocr_line' id='line_1_115' title="bbox 1814 5797 3391 5871; baseline -0.002 -16"><span class='ocrx_word' id='word_1_884' title='bbox 1814 5802 2013 5856; x_wconf 76' lang='lat' dir='ltr'><strong>auxilio</strong></span> <span class='ocrx_word' id='word_1_885' title='bbox 2065 5802 2279 5857; x_wconf 88' lang='lat' dir='ltr'><strong>ﬁdebat.</strong></span> <span class='ocrx_word' id='word_1_886' title='bbox 2336 5802 2487 5858; x_wconf 83' lang='lat' dir='ltr'><strong>Unde</strong></span> <span class='ocrx_word' id='word_1_887' title='bbox 2535 5801 2822 5871; x_wconf 85' lang='lat' dir='ltr'><strong>Apostolus</strong></span> <span class='ocrx_word' id='word_1_888' title='bbox 2871 5801 3002 5856; x_wconf 87' lang='lat' dir='ltr'><strong>dicit</strong></span> <span class='ocrx_word' id='word_1_889' title='bbox 3061 5797 3391 5860; x_wconf 75' lang='lat' dir='ltr'><strong>inuisibilem,</strong></span> 
     </span>
    </p>
   </div>
   <div class='ocr_carea' id='block_1_116' title="bbox 1811 5886 3392 5967">
    <p class='ocr_par' dir='ltr' id='par_1_116' title="bbox 1811 5886 3392 5967">
     <span class='ocr_line' id='line_1_116' title="bbox 1811 5886 3392 5967; baseline -0.011 -16"><span class='ocrx_word' id='word_1_890' title='bbox 1811 5895 2061 5967; x_wconf 86' lang='lat' dir='ltr'><strong>inquiens</strong></span> <span class='ocrx_word' id='word_1_891' title='bbox 2089 5914 2101 5949; x_wconf 87' lang='lat'><strong>:</strong></span> <span class='ocrx_word' id='word_1_892' title='bbox 2132 5895 2298 5952; x_wconf 84' lang='lat' dir='ltr'><strong>Deum</strong></span> <span class='ocrx_word' id='word_1_893' title='bbox 2328 5903 2578 5966; x_wconf 82' lang='lat' dir='ltr'><strong>tanquam</strong></span> <span class='ocrx_word' id='word_1_894' title='bbox 2604 5903 2921 5967; x_wconf 66' lang='lat' dir='ltr'><strong>praesentem</strong></span> <span class='ocrx_word' id='word_1_895' title='bbox 2948 5892 3224 5956; x_wconf 66' lang='lat' dir='ltr'><strong>sustinuit,</strong></span> <span class='ocrx_word' id='word_1_896' title='bbox 3244 5886 3392 5961; x_wconf 74' lang='lat' dir='ltr'><strong>quod</strong></span> 
     </span>
    </p>
   </div>
  </div>
