4000 6344
559 394 658 454 911

1026 390 1380 450 HAYMONIS
1419 389 1899 449 HALBERSTAT.
1943 390 2159 483 EPISC.
2203 391 2355 448 OPP.
2392 391 2573 450 PARS
2611 393 2653 450 l.
2691 424 2762 435 —
2799 395 3159 454 COMMENT.
3196 396 3372 454 BIBL.
3713 397 3800 454 θη

563 525 648 573 est
677 516 856 571 dicere
886 531 900 569 :
927 515 1002 568 Ita
1028 521 1146 568 erat
1171 512 1300 568 ﬁsus
1323 511 1389 566 de
1413 510 1512 566 Dei
1539 511 1804 581 adjutorio
1827 518 1883 566 et
1904 511 1981 566 ita
2006 525 2147 564 sem-
2173 509 2226 571 Α
2249 520 2371 566 tem.
2397 511 2516 568 Non
2545 513 2690 568 enim
2721 513 2969 569 tubarum
2991 515 3202 570 sonitus
3225 531 3505 571 murorum
3534 529 3659 571 saxa
3681 514 3799 584 deje-

558 623 662 679 per
687 608 753 663 de
779 606 895 676 ejus
923 604 1259 675 protectione
1283 618 1504 658 securus
1528 611 1666 667 erat,
1693 609 1946 672 tanquam
1966 599 2170 656 omni--

561 707 840 772 potentem
886 697 1051 751 Deum
1091 696 1184 766 qui
1229 702 1420 748 natura
1461 702 1544 750 est
1587 692 1911 767 invisibilis,
1931 705 2150 761 semper

561 800 883 864 praesentem
916 791 1203 862 aspiceret.
1789 783 1802 794 °

583 911 590 916 -
631 882 765 938 Fide
803 882 1074 937 celebravit
1099 879 1308 935 Pascha
1334 889 1381 933 et
1424 878 1694 948 sanguinis
1724 875 2057 948 effusionem.
2085 891 2150 931 ne

563 977 651 1047 qui
674 974 909 1028 vastabat
941 973 1229 1044 primitiva,
1254 981 1485 1044 tangeret
1506 989 1610 1027 eos.
1646 970 1778 1026 Fide
1803 986 1909 1043 qua
1937 969 2149 1042 Moyses

561 1065 792 1120 credidit
830 1080 926 1134 per
956 1064 1104 1118 illum
1143 1064 1457 1132 sanguinem
1489 1062 1802 1118 salvandum
1831 1078 1952 1120 esse
1980 1079 2149 1134 pepu-

560 1155 694 1219 lum,
727 1155 1019 1209 celebravit
1047 1153 1254 1209 Pascha
1283 1162 1339 1207 et
1380 1153 1655 1222 sanguinis
1680 1151 1999 1209 effusionem
2033 1168 2143 1224 quo

561 1247 740 1302 linivit
791 1255 1006 1318 postes,
1059 1262 1126 1301 ne
1170 1246 1391 1317 angelus
1441 1247 1532 1316 qui
1579 1248 1824 1301 vastabat
1868 1245 2146 1318 primitiva

563 1337 962 1410 Egyptiorum,
994 1337 1253 1408 afﬂigeret
1277 1339 1565 1403 lsraelitas,
1595 1353 1657 1392 ac
1687 1339 1730 1394 si
1757 1337 1962 1394 diceret
1989 1337 2093 1393 illis
2127 1355 2141 1392 :

563 1429 627 1485 Si
676 1431 895 1501 sanguis
921 1431 1056 1500 agni
1081 1430 1242 1502 typici
1287 1431 1340 1484 in
1370 1431 1546 1485 medio
1571 1429 1967 1502 Egyptiorum,
1998 1438 2051 1484 et
2091 1430 2146 1484 in

561 1529 709 1574 tanta
749 1521 1119 1576 devastatione
1152 1521 1344 1576 illmsos
1379 1521 1614 1576 servavit
1640 1521 1884 1586 Iudaeos,
1912 1537 2144 1592 quorum

559 1623 742 1682 postes
771 1611 989 1668 fuerunt
1018 1613 1249 1682 respersi
1280 1612 1370 1668 illo
1409 1614 1688 1684 sanguine,
1721 1613 1889 1668 multo
1917 1613 2146 1684 amplius

557 1705 790 1761 salvabit
818 1720 914 1760 nos
942 1706 1160 1777 sanguis
1189 1707 1289 1760 viri
1316 1706 1458 1776 agni,
1489 1707 1591 1761 hoc
1620 1706 1960 1781 est.Christi,
2005 1721 2143 1777 quo-

557 1810 678 1852 rum
710 1795 843 1849 ostia
863 1837 876 1860 ,
905 1796 959 1850 id
996 1805 1080 1851 est
1109 1795 1315 1851 frontes
1349 1797 1556 1851 munita
1584 1806 1710 1851 sunt
1755 1795 1909 1868 signo
1935 1797 2144 1866 passio-

555 1886 643 1943 nis
671 1887 892 1942 Christi.
925 1886 1129 1943 Timuit
1165 1890 1309 1943 enim
1353 1889 1500 1944 illum
1543 1865 1857 1961 sanguinein
1898 1865 2137 1960 angelus,
2171 1865 2217 1926 Β

555 1981 866 2050 intelligens
892 1981 966 2036 ibi
998 1980 1330 2036 Dominicam
1361 1991 1610 2046 mortem,
1638 1997 1701 2036 ac
1725 1989 2008 2053 propterea
2033 1997 2139 2036 non

556 2074 733 2144 tetigit
761 2081 962 2144 postes,
995 2072 1118 2127 licet
1145 2075 1286 2142 quod
1321 2073 1482 2128 ﬁebat
1507 2072 1639 2128 nihil
1665 2082 1848 2128 esset:
1883 2073 1976 2128 sed
1997 2072 2141 2142 quod

551 2179 650 2235 per
676 2165 807 2219 illud
848 2165 1028 2229 ﬁebat,
1075 2181 1327 2236 magnum
1372 2176 1510 2220 erat.
1546 2166 1818 2236 Sanguine
1861 2166 1984 2238 agni
2032 2165 2139 2220 illi-

554 2265 758 2310 nuntur
782 2254 1150 2309 lsraelitarum
1183 2265 1384 2325 postes,
1420 2273 1485 2311 ne
1510 2265 1755 2311 vastator
1787 2257 2009 2328 angelus
2044 2273 2139 2311 au-

556 2349 682 2402 deat
717 2345 917 2401 inferre
947 2355 1210 2412 mortem;
1241 2347 1522 2416 signantur
1548 2346 1840 2401 Dominicae
1871 2347 2139 2416 passionis

554 2436 832 2509 signaculo
857 2437 1040 2493 ﬁdeles
1075 2437 1254 2507 populi
1284 2438 1334 2491 iu
1366 2438 1631 2493 frontibus
1656 2439 1722 2494 ad
1751 2439 1971 2493 tutelam
1997 2439 2138 2495 salu-

553 2530 643 2594 tis,
676 2540 733 2584 ut
760 2532 827 2584 ab
863 2530 1082 2584 interitu
1111 2529 1426 2584 liberentur.

626 2620 760 2676 Fide
806 2622 1126 2676 transierunt
1175 2639 1320 2676 mare
1357 2620 1595 2677 Rubrum
1625 2633 1876 2695 tanquam
1920 2643 2012 2696 per
2034 2628 2140 2682 ari-

553 2716 677 2768 dam
713 2723 934 2779 terram,
960 2714 1098 2785 quod
1129 2715 1326 2784 experti
1355 2714 1588 2785 /Egyptii
1625 2717 1859 2772 devorati
1894 2729 2034 2774 sunt.
2061 2719 2139 2775 Ac

553 2807 599 2862 si
631 2806 835 2862 diceret
863 2805 966 2860 illis
988 2807 1190 2876 quibus
1209 2807 1310 2862 ista
1335 2807 1607 2864 scribebat
1631 2823 1644 2861 ε
1670 2808 1727 2862 1η
1755 2819 1961 2864 tantum
1979 2811 2135 2865 ﬁdem

553 2899 782 2954 ﬁrmiter
814 2909 997 2956 tenere
1038 2901 1315 2967 debemus,
1343 2911 1404 2956 ut
1446 2904 1661 2972 quando
1707 2905 1762 2959 in
1801 2904 2136 2974 desperatio-

549 3008 673 3048 nem
715 2994 950 3062 aliquam
994 2993 1206 3049 animus
1250 3003 1437 3050 noster
1479 2995 1733 3062 ﬂuctuat,
1761 3005 1888 3052 tunc
1923 3009 2138 3068 quoque

551 3087 636 3142 ﬁsi
673 3088 842 3142 simus
873 3096 931 3141 ut
957 3088 1271 3154 liberemur,
1300 3104 1360 3144 ac
1401 3090 1445 3144 si
1473 3106 1642 3159 usque
1681 3091 1748 3145 ad
1779 3099 2006 3146 mortem
2043 3105 2137 3144 ve-

557 3179 794 3243 niamus,
825 3187 879 3232 et
907 3179 950 3233 si
977 3179 1041 3233 de
1067 3178 1224 3234 nobis
1247 3181 1581 3250 desperetur.
1613 3181 1867 3248 Quaenam
1893 3197 2016 3252 spes
2041 3197 2136 3253 po-
2162 3225 2209 3290 Ο

557 3277 693 3290 μη.
728 3285 837 3290 ,ω
871 3269 1010 3290 ε..;,ο
1053 3269 1128 3290 ο--
1170 3285 1268 3290 ___,-
1486 3280 1633 3290 μμ,
1688 3280 1793 3290 η-.

551 3277 694 3344 terat
723 3285 842 3324 esse
871 3269 1010 3324 illis?
1053 3269 1131 3324 Ex
1170 3285 1274 3323 una
1313 3271 1455 3324 enim
1486 3280 1640 3342 parte
1679 3280 1798 3326 erat
1841 3287 2020 3338 mare,
2063 3287 2131 3327 ex

557 3363 730 3417 altera
757 3371 911 3432 parte
939 3363 1294 3434 cingebantur
1319 3363 1596 3419 altissimis
1615 3365 1954 3429 montibus,a
1971 3365 2130 3419 tertia

550 3464 706 3526 parte
736 3465 892 3511 erant
920 3457 1122 3512 hostes.
1169 3455 1227 3511 Si
1269 3456 1464 3510 vellent
1509 3455 1727 3527 fugere,
1760 3465 1852 3511 aut
1895 3458 1948 3511 in
1993 3458 2130 3512 mari

550 3558 708 3604 erant
741 3551 986 3621 perituri,
1027 3559 1120 3605 aut
1159 3551 1212 3605 in
1270 3567 1461 3606 manus
1507 3551 1885 3623 Egyptiorum
1931 3554 2131 3609 incide-

551 3651 691 3696 rent.
739 3641 1008 3698 Habentes
1051 3651 1229 3698 autem
1275 3643 1435 3698 ﬁdem
1477 3653 1671 3699 cuncta
1701 3645 1967 3700 vicerunt.
2005 3645 2134 3701 Fide

552 3732 698 3788 enim
734 3747 838 3803 qua
889 3733 1120 3788 credidit
1169 3734 1379 3805 Moyses
1425 3734 1570 3800 Deo,
1613 3735 1679 3790 ad
1723 3736 1946 3792 verbum
1993 3737 2136 3793 illius

549 3825 817 3894 percussit
861 3839 1028 3890 mare,
1056 3833 1110 3880 et
1145 3824 1329 3880 divisit
1370 3825 1497 3881 illud
1526 3826 1580 3880 in
1607 3826 1887 3881 duodecim
1915 3826 2135 3882 divisio-

548 3931 664 3979 nes,
683 3905 835 3985 juxta
859 3917 999 3985 quod
1029 3917 1083 3972 in
1113 3915 1336 3972 Psalmis
1362 3917 1558 3972 dicitur
1585 3935 1598 3972 :
1629 3916 1924 3973 Credentes
1945 3935 2134 3974 omnes

548 4005 654 4062 illa:
677 4007 849 4062 tribus
877 4008 1020 4062 sicco
1044 4008 1270 4077 vestigio
1291 4025 1448 4079 posse
1478 4010 1712 4065 transire
1732 4026 1899 4074 mare,
1929 4011 2136 4082 ingres-

547 4115 622 4154 σω
651 4112 775 4153 sunt
804 4117 816 4152 :
857 4100 950 4154 sed
977 4100 1151 4170 prima
1182 4102 1350 4157 tribus
1372 4100 1528 4166 Juda,
1553 4102 1706 4173 juxta
1743 4105 1886 4174 quod
1918 4105 1969 4157 in
1997 4104 2136 4160 Osee

548 4188 970 4260 legiturzluda,
1015 4192 1215 4262 inquit,
1252 4193 1504 4262 princeps
1549 4209 1670 4249 cum
1722 4197 1832 4249 Deo
1877 4195 1929 4250 in
1975 4194 2130 4249 mari.

551 4281 891 4352 Quapropter
936 4283 1065 4338 illud
1110 4301 1260 4340 mare
1303 4285 1542 4343 Hebrwis
1586 4287 1686 4342 fuit
1729 4305 1758 4343 a
1789 4290 1994 4344 dextris
2020 4299 2075 4345 et
2103 4306 2134 4344 a

548 4375 782 4430 sinistris
811 4393 907 4446 pro
941 4393 1126 4442 muro,
1155 4379 1402 4448 praebens
1439 4380 1520 4434 eis
1546 4381 1749 4436 siccum
1788 4383 1892 4437 iter
1922 4397 1936 4436 :
1965 4381 2134 4454 Egy-

549 4467 692 4538 ptios
740 4476 918 4522 autem
971 4468 1276 4524 submersit.
1306 4468 1457 4525 Unde
1504 4471 1636 4527 dicit
1680 4471 1968 4542 Apostolus
2007 4472 2135 4542 quia

549 4559 759 4626 experti
808 4558 936 4613 illud
983 4558 1223 4630 Egyptii
1265 4561 1507 4617 devorati
1556 4574 1720 4628 sunt,
1768 4574 2135 4635 cognoverunt

549 4649 694 4703 enim
751 4651 892 4718 quod
961 4666 1109 4706 mare
1169 4661 1334 4708 esset.
1387 4654 1463 4708 Ex
1528 4655 1630 4710 hoc
1680 4655 1827 4708 enim
1881 4656 2132 4725 apparuit

546 4756 745 4811 aquam
785 4756 940 4807 esse,
969 4743 1094 4812 quia
1121 4743 1196 4798 illi
1229 4744 1475 4800 viventes
1507 4743 1747 4816 absorpti
1795 4753 1952 4812 sunt,
1981 4754 2035 4800 et
2064 4762 2131 4803 ex

546 4833 652 4888 hoc
683 4837 930 4906 apparuit
960 4851 1065 4890 non
1095 4852 1214 4894 esse
1253 4838 1614 4908 phantasiam,
1645 4837 1738 4893 sed
1777 4855 1960 4894 rerum
1985 4839 2130 4894 veri-

546 4931 917 4995 tatem,quam
948 4928 1159 4996 experti
1180 4928 1438 5000 Egyptii,
1467 4929 1709 4985 devorati
1740 4940 1886 4986 sunt.
1913 4929 2130 5002 Allego-

547 5015 661 5072 rice
685 5027 870 5071 autem
895 5035 1043 5074 mare
1066 5019 1308 5076 Rubrum
1337 5023 1634 5092 baptismus
1657 5032 1758 5090 est,
1782 5025 1980 5080 rubore
2008 5040 2135 5078 san-

547 5109 726 5178 guinis
755 5109 954 5165 Christi
989 5123 1367 5178 consecratus;
1411 5113 1620 5169 Hebraei
1664 5114 1756 5184 qui
1782 5115 2033 5171 exierunt
2069 5115 2135 5170 de

547 5201 806 5274 .Egypto,
835 5213 889 5260 et
920 5206 1252 5259 transierunt
1284 5222 1380 5276 per
1423 5222 1574 5262 mare
1619 5207 1862 5262 Rubrum
1889 5249 1904 5274 ,
1951 5207 2136 5263 ﬁdeles

548 5302 692 5358 sunt,
739 5296 829 5364 qui
853 5295 1292 5365 derelinquentes
1315 5298 1566 5352 tenebras
1591 5297 1941 5364 inﬁdelitatis,
1961 5312 2135 5353 trans-

549 5387 726 5442 ierunt
753 5403 850 5456 per
896 5388 1096 5442 fontem
1137 5388 1496 5458 baptismatis.
1541 5390 1753 5447 Pharao
1801 5401 1856 5448 et
1897 5393 2133 5466 [Egyptii

547 5477 743 5530 mortui
770 5485 896 5531 sunt
926 5477 979 5532 in
1012 5479 1170 5544 mari,
1201 5479 1326 5549 quia
1353 5480 1407 5534 in
1434 5479 1581 5537 fonte
1606 5483 1945 5554 baptismatis
1983 5502 2130 5541 mor-

547 5576 672 5621 tuus
701 5576 784 5622 est
813 5568 1074 5634 diabolus,
1109 5570 1403 5628 amittendo
1431 5583 1750 5645 potestatem
1777 5593 1938 5647 quam
1963 5579 2130 5634 habe-

547 5659 658 5712 bat.
686 5659 895 5715 Mortua
920 5672 1046 5717 sunt
1065 5664 1226 5718 etiam
1249 5675 1470 5735 peccata
1491 5667 1774 5740 originalia
1801 5677 1856 5724 et
1880 5670 2128 5736 actualia,

546 5762 596 5804 δι
625 5763 729 5816 qua
760 5760 916 5806 antea
943 5761 1117 5808 erant.

615 5835 670 5902 ,F
672 5837 756 5892 ide
785 5844 920 5896 muri
951 5841 1194 5916 Hiericho
1222 5858 1529 5901 corruerunt
1553 5849 1773 5903 circuitu
1789 5849 1990 5906 dierum
2019 5867 2132 5919 sep-

2253 602 2345 665 cit,
2377 603 2470 657 sed
2511 601 2644 658 ﬁdes
2667 619 2769 674 qua
2807 603 2883 659 illi
2911 605 3258 660 crediderunt
3291 605 3430 671 Deo,
3463 603 3657 674 dejecit
3687 604 3798 660 illos.

2249 689 2504 764 Legimus
2543 695 2686 765 quod
2729 695 2957 751 Domino
2992 696 3357 767 praecipiente,
3387 695 3552 752 Josue
3589 695 3804 766 praecepit

2256 796 2435 840 arcam
2467 785 2562 840 Dei
2591 786 2796 856 portari
2828 802 2927 858 per
2949 795 3155 857 septem
3184 788 3298 842 dies
3321 788 3373 842 in
3402 787 3628 842 circuitu
3653 786 3802 842 Hieri-

2252 874 2354 931 cho
2383 890 2446 930 ac
2475 890 2764 946 personare
2794 877 2958 932 tubis.
2989 876 3231 948 Septimo
3264 887 3444 932 autem
3469 877 3561 932 die
3593 893 3706 932 cum
3740 877 3805 933 in-

2251 969 2589 1039 crepuissent
2618 969 2760 1025 tubis
2785 1010 2800 1036 ,
2849 977 3175 1025 corruerunt
3209 969 3350 1024 muri
3398 968 3651 1023 Hiericho
3688 971 3803 1039 quod

2250 1074 2280 1114 a
2317 1075 2512 1131 magno
2557 1060 2815 1132 mysterio
2853 1076 2962 1116 non
3012 1068 3185 1115 vacat.
3221 1059 3476 1114 Hiericho
3511 1074 3632 1129 qua:
3664 1060 3804 1116 inter-

2248 1161 2495 1224 pretatur
2536 1153 2684 1219 luna,
2716 1153 2952 1224 speciem
2994 1155 3155 1224 hujus
3182 1153 3368 1207 mundi
3397 1161 3571 1218 tenet,
3611 1154 3724 1223 quia
3751 1154 3805 1209 si-

2248 1252 2339 1297 cut
2365 1242 2489 1297 luna
2538 1242 2833 1299 menstruis
2877 1243 3330 1314 completionibus
3369 1243 3556 1299 deﬁcit
3579 1285 3594 1309 ,
3633 1245 3700 1298 ita
3737 1245 3806 1301 hic

2247 1334 2480 1388 mumlus
2508 1333 2840 1405 quotidianis
2861 1331 3252 1389 defectionibus
3273 1333 3450 1389 cadit.
3472 1335 3533 1389 In
3557 1350 3678 1389 area
3703 1351 3805 1391 vero

2247 1426 2486 1482 Ecclesia
2514 1427 2795 1499 ﬁguratur,
2826 1427 2880 1481 in
2912 1427 3056 1482 tubis
3084 1435 3263 1482 autem
3293 1429 3484 1496 mrcis,
3516 1429 3804 1498 przedicato-

2245 1535 2336 1576 res
2367 1520 2535 1576 fortes
2575 1520 2953 1592 accipiuntur;
2994 1519 3188 1587 Josue,
3215 1522 3306 1591 qui
3347 1521 3700 1576 circumdedit
3736 1537 3804 1575 ar-

2247 1628 2390 1678 cam,
2432 1612 2680 1667 Christus
2719 1621 2834 1678 est,
2873 1613 2966 1682 qui
3006 1611 3305 1668 Ecclesiam
3353 1627 3511 1668 suam
3557 1629 3650 1683 per
3691 1613 3804 1668 hunc

2245 1704 2504 1758 mundum
2538 1705 2822 1775 gubernat.
2853 1702 3000 1759 Hanc
3029 1720 3159 1777 ergo
3201 1706 3392 1761 urbem
3427 1703 3679 1760 Hiericho
3709 1705 3800 1760 die-

2244 1795 2346 1852 bus
2377 1806 2579 1866 septem
2632 1797 2888 1852 lsraelitce
2933 1796 3432 1877 ferentesoarcam,
3477 1797 3645 1852 amcis
3690 1798 3802 1852 tubis

2245 1886 2615 1956 clangentibus
2642 1888 2995 1954 circumeunt,
3020 1880 3086 1943 et
3098 1888 3237 1943 muri
3265 1887 3386 1956 ejus
3412 1903 3514 1960 per
3539 1904 3674 1944 arca:
3689 1905 3799 1959 pre-

2244 1978 2475 2032 sentiam
2518 1985 2678 2048 atque
2722 1993 2985 2034 aerearum
3034 1980 3284 2037 tubarum
3334 1981 3578 2036 sonitum
3617 1981 3801 2046 cadunt,

2243 2068 2366 2139 quia
2407 2069 2459 2123 in
2491 2067 2592 2124 hoc
2623 2077 2862 2139 tempore
2889 2069 3031 2140 quod
3061 2078 3265 2142 septem
3315 2070 3530 2126 dierum
3569 2071 3802 2126 vicissitu-

2243 2161 2367 2216 dine
2396 2160 2653 2226 volvitur,
2680 2161 2921 2217 defertur
2945 2177 3096 2227 arca,
3126 2161 3177 2216 id
3208 2169 3316 2228 est,
3344 2163 3474 2219 dum
3509 2164 3690 2218 orbem
3717 2173 3807 2218 ter-

2243 2267 2427 2306 rarum
2455 2253 2724 2308 circuiens
2755 2263 2998 2308 movetur
3031 2253 3273 2310 Ecclesia
3311 2255 3380 2310 ad
3425 2256 3808 2326 praedicandum

2239 2360 2402 2400 voces
2432 2363 2445 2398 :
2477 2345 2631 2416 quasi
2661 2347 2727 2400 ad
2754 2347 3004 2400 tubarum
3038 2348 3278 2402 sonitum
3306 2349 3442 2402 muri
3463 2347 3724 2412 Hiericho,
3749 2348 3806 2403 id

2240 2447 2322 2490 est
2346 2435 2472 2490 elati
2502 2436 2663 2506 hujus
2690 2436 2879 2491 mundi
2907 2445 2964 2493 et
2987 2437 3297 2508 principes,
3341 2452 3396 2493 ac
3430 2437 3648 2509 superba
3679 2437 3796 2492 inﬁ-

2241 2527 2476 2583 delitatis
2505 2527 2780 2582 obstacula
2811 2537 3091 2594 corruunt,
3120 2528 3295 2586 donec
3318 2530 3373 2584 in
3393 2529 3492 2592 ﬁne
3513 2540 3807 2603 temporum

2240 2632 2388 2672 mors
2421 2617 2711 2672 novissima
2743 2617 2961 2672 inimica
2989 2619 3325 2675 destruatur.

2312 2706 2449 2763 Fide
2501 2707 2650 2762 Raab
2698 2709 2945 2764 meretrix
2987 2727 3090 2765 non
3137 2713 3290 2782 periit
3333 2729 3453 2766 cum
3508 2714 3810 2780 incredulis,

2241 2800 2500 2870 excipiens
2546 2801 2900 2871 exploratores
2945 2819 3062 2856 cum
3101 2821 3247 2874 pace.
3287 2804 3547 2876 Magnam
3585 2807 3810 2862 consola-

2241 2890 2442 2946 tionem
2485 2899 2540 2946 et
2582 2892 3014 2949 exhortationem
3059 2897 3248 2951 beatus
3289 2897 3587 2967 Apostolus
3629 2899 3727 2954 isto
3765 2902 3810 2956 in

2240 2981 2360 3039 loco
2388 2982 2640 3039 omnibus
2671 2983 2877 3054 praebet
2919 3004 2932 3040 :
2975 2987 3101 3056 quia
3131 2986 3176 3043 si
3221 2990 3486 3044 meretrix
3520 2989 3742 3047 inﬁdelis
3767 3002 3814 3048 et

2241 3077 2548 3145 idololatra,
2569 3077 2681 3132 sola
2712 3077 2817 3134 ﬁde
2863 3079 3071 3134 salvata
3094 3089 3200 3146 est,
3225 3081 3399 3137 multo
3421 3084 3605 3154 magis
3631 3084 3700 3138 illi
3727 3084 3810 3139 sal-

2241 3169 2529 3236 vabuntur,
2555 3169 2648 3240 qui
2678 3169 2746 3225 ad
2784 3171 3030 3241 graviora
3069 3171 3299 3227 crimina
3344 3189 3456 3230 non
3487 3185 3622 3230 sunt
3664 3175 3813 3247 prola-

2238 3261 2341 3332 psi,
2359 3277 2421 3316 ac
2447 3261 2489 3316 si
2517 3270 2768 3331 patenter
2795 3263 3028 3318 diceret:
3054 3263 3408 3320 inhonestum
3434 3275 3556 3332 est,
3585 3267 3634 3322 si
3663 3281 3812 3322 merc-

2239 3355 2372 3410 trice
2401 3353 2730 3410 inﬁdeliores
2756 3359 2908 3411 estis.
2937 3355 3030 3411 llla
3057 3365 3269 3411 tantum
3303 3357 3562 3414 homines
3595 3359 3811 3414 nuntian-

2238 3453 2322 3501 tes
2349 3441 2584 3511 audivit,’
2622 3447 3014 3518 Confestimque
3056 3449 3327 3504 credidit:
3357 3464 3458 3504 vos
3503 3460 3691 3506 autem
3729 3467 3806 3506 non

2240 3536 2415 3592 solum
2461 3537 2709 3592 homines
2745 3537 2962 3603 auditis,
2993 3552 3180 3594 verum
3221 3522 3388 3594 etiam
3412 3555 3586 3598 voces
3611 3543 3814 3613 prophe-

2240 3635 2436 3691 tarum,
2461 3643 2581 3696 qua:
2608 3642 2706 3697 per
2739 3643 2898 3683 omne
2935 3630 3219 3685 sabbatum
3243 3628 3503 3703 leguntur
3537 3653 3551 3687 :
3586 3645 3640 3688 et
3677 3635 3814 3688 insu-

2236 3733 2334 3790 per
2364 3719 2538 3789 ipsum
2589 3720 2782 3775 Filium
2829 3719 2924 3776 Dei
2974 3723 3040 3777 ad
3087 3739 3183 3780 vos
3217 3725 3444 3781 missum
3483 3727 3810 3800 cognoscitis.

2238 3808 2372 3864 Nam
2422 3809 2573 3866 Raab
2620 3811 2870 3867 effectum
2913 3813 3038 3870 ﬁdei
3086 3827 3378 3872 consecuta
3421 3827 3531 3876 est.
3574 3820 3820 3876 Omnibus

2239 3904 2436 3974 quippe
2480 3906 2830 3973 pereuntibus
2867 3907 2981 3963 sola
3025 3909 3228 3964 salvata
3267 3919 3372 3967 est.
3419 3911 3582 3969 Raab
3631 3924 3815 3980 autem,

2239 4011 2357 4066 quae
2370 3997 2760 4068 interpretatur
2773 4001 3014 4069 dilatata,
3031 4001 3261 4072 ﬁguram
3276 4013 3423 4060 tenet
3436 4005 3702 4062 Ecclesia
3713 4022 3819 4078 qu:

2239 4086 2458 4142 dilatata
2483 4096 2566 4144 est
2595 4090 2662 4144 ab
2692 4090 2899 4146 oriente
2927 4091 2980 4146 in
3005 4093 3368 4162 occidentem,
3398 4097 3472 4152 ab
3499 4098 3752 4168 aquilone
3769 4097 3818 4150 in

2237 4179 2543 4245 meridiem,
2584 4189 2638 4235 et
2663 4179 2998 4238 latitudinem
3028 4184 3310 4240 charitatis
3341 4187 3528 4254 habet,
3561 4190 3819 4243 intantma

2239 4279 2300 4324 ut
2337 4273 2499 4326 etiam
2548 4287 2646 4344 pro
2692 4275 2822 4344 ipsis
2870 4275 3104 4332 inimicis
3145 4278 3450 4335 orationem
3502 4281 3718 4337 fundat.
3763 4280 3821 4335 Et

2236 4365 2374 4421 bene
2402 4365 2467 4420 de
2494 4367 2768 4422 extraneis
2793 4376 2956 4438 atque
2989 4369 3179 4424 alienis
3211 4371 3462 4442 gentibus
3494 4383 3622 4428 erat
3648 4376 3822 4429 virens

2238 4456 2292 4510 in
2325 4455 2608 4512 desideriis
2633 4458 2814 4513 carnis
2832 4502 2847 4524 ,
2872 4474 2934 4514 ac
2963 4459 3306 4516 fornicationi
3332 4462 3679 4533 deserviens,
3709 4466 3821 4537 quia

2237 4545 2481 4600 Ecclesia
2526 4545 2699 4602 aliena
2745 4559 3017 4605 eratante
3046 4551 3258 4606 Domini
3287 4553 3587 4610 adventum
3635 4573 3667 4610 a
3705 4557 3827 4619 Deo,

2239 4639 2535 4693 secundum
2591 4640 2857 4696 desideria
2904 4643 3089 4698 vivens
3136 4646 3316 4700 carnis
3373 4645 3832 4720 fornicationique

2239 4737 2401 4797 atque
2425 4729 2742 4786 idololatria:
2766 4733 3093 4789 deserviens.
3137 4735 3435 4808 Postquam
3463 4752 3651 4798 autem
3672 4741 3832 4797 Iesus

2237 4832 2401 4873 verus
2435 4820 2582 4874 misit
2608 4822 2676 4900 apd
2714 4837 2832 4877 eam
2866 4824 3002 4880 duos
3034 4826 3438 4896 exploratores,
3471 4832 3585 4888 hoc
3623 4843 3707 4888 est
3731 4831 3837 4888 Pe.

2238 4919 2382 4965 trum
2412 4920 2465 4967 et
2492 4912 2737 4980 Paulum,
2770 4915 2884 4971 sive
2905 4916 3014 4976 duo
3054 4926 3396 4988 testamenta,
3429 4923 3620 4981 ﬁdelis
3653 4924 3844 4981 effecta

2239 5001 2457 5070 reliquit
2488 5003 2895 5062 fornicationem
2923 5009 3258 5078 idololatriae,
3283 5013 3475 5084 sicque
3501 5017 3724 5076 salyata
3747 5026 3844 5080 est,

2236 5102 2290 5149 et
2323 5093 2565 5148 salvatur
2590 5098 2831 5166 quotidie
2861 5115 2927 5154 ne
2964 5111 3148 5172 pereat
3171 5120 3294 5159 cum
3315 5105 3666 5166 inﬁdelibus.
3715 5110 3851 5164 Huc-

2237 5189 2690 5256 usquenarravit
2727 5191 2791 5245 de
2841 5191 3181 5264 legislatore,
3211 5206 3266 5251 et
3307 5199 3376 5253 de
3405 5201 3665 5273 antiquis
3689 5203 3851 5274 patri-

2235 5279 2357 5344 bus,
2386 5297 2528 5336 nunc
2554 5282 2910 5367 dicturuspest
2938 5287 3004 5342 de
3026 5288 3301 5358 judicibus
3329 5293 3421 5362 qui
3452 5293 3695 5351 fuerunt
3734 5304 3856 5367 post

2235 5369 2428 5438 Josue,
2477 5375 2697 5430 nomina
2743 5391 2932 5432 eorum
2984 5383 3356 5439 tantummodo
3394 5401 3858 5450 commemorans

2235 5473 2456 5534 propter
2487 5464 2810 5522 brevitatem
2841 5473 3131 5539 sermonis,
3165 5475 3255 5544 qui
3301 5490 3400 5545 per
3429 5475 3603 5533 ﬁdem
3635 5495 3864 5550 pugna-

2236 5565 2448 5623 verunt,
2475 5567 2530 5614 et
2551 5570 2745 5630 gentes
2779 5561 3040 5631 plurimas
3067 5566 3330 5621 vicerunt.

2309 5659 2379 5714 Et
2408 5663 2534 5734 quid
2588 5666 2760 5721 adhuc
2806 5667 3029 5723 dicam?
3071 5669 3288 5740 Deﬁciet
3331 5673 3470 5727 enim
3509 5692 3604 5730 me

2234 5765 2587 5810 enarrantem.
2631 5756 2744 5813 Hoc
2771 5766 2873 5825 est,
2915 5760 3126 5817 deﬁciet
3149 5772 3360 5836 tempus
3389 5766 3754 5824 destinatum
3803 5769 3870 5822 ad

2239 5848 2583 5904 scribendum
2615 5851 2946 5921 Epistulam:
2977 5856 3020 5910 si
3054 5865 3248 5914 cuncta
3274 5858 3488 5916 illorum
3535 5862 3698 5919 facta
3736 5877 3873 5931 pre-
