3974 6444
142 387 253 447 913

820 382 1209 447 -EXPOSITIO
1243 388 1309 446 ΙΝ
1348 389 1499 447 ΕΡΡ.
1544 390 1601 447 S.
1644 390 1770 449 PAL‘

1911 424 1980 435 —
2017 395 2085 451 lN
2127 392 2344 456 EPIST.
2380 397 2475 457 AD
2509 392 2712 459 HEBR.

3326 415 3432 473 9M

145 521 305 578 sequi
336 500 580 571 voluero,
623 510 758 575 quos
806 503 1080 599 hactenus
1123 506 1565 599 commemoravi,
1616 506 1738 599 sive
1761 514 1818 575 ,Α
1841 510 2003 566 stulte
2032 513 2253 583 egisset,
2284 518 2426 587 quod
2456 518 2812 590 omnipotenti
2841 522 2954 580 De'o
2992 528 3309 599 sanguinem
3332 533 3433 589 hu-

147 615 273 672 qua:
315 611 542 655 narrare
583 611 803 668 possum
848 597 916 653 de
959 597 1046 655 his
1069 596 1175 669 'qui
1224 613 1566 655 successores
1612 597 1734 656 illo-

149 706 276 749 rum
295 689 532 756 fuerunt,
561 703 627 744 ae
662 687 895 757 Gedeon,
915 687 1112 758 Barac,
1133 689 1383 758 Samson,
1404 689 1612 761 Iephte,
1635 690 1743 747 Da-

148 785 239 842 tiid
262 826 277 851 ,
325 782 583 850 Samuel,
630 791 679 839 et
719 784 984 855 prophetis
1027 785 1118 855 qui
1160 802 1255 856 per
1299 784 1459 855 ﬁdem
1508 784 1742 840 vicerunt

153 893 332 949 regna.
371 875 526 946 Quod
564 890 751 933 omnes
785 877 1052 948 siquidem
1091 878 1146 933 in
1187 894 1475 936 commune
1501 894 1740 936 comme-

152 976 353 1036 morat,
383 968 514 1024 illud
555 978 639 1025 est
665 969 810 1040 quod
847 969 1181 1042 singulorum
1220 986 1384 1042 opera
1412 972 1602 1028 eadem
1639 970 1747 1027 ﬁde

156 1068 277 1119 acta
308 1068 437 1117 sunt
465 1079 478 1114 :
510 1061 638 1131 quia
664 1076 853 1117 omnes
882 1061 957 1117 illi
987 1078 1086 1133 per
1116 1062 1275 1119 ﬁdem
1308 1064 1466 1119 simul
1502 1064 1747 1120 vicerunt

155 1165 343 1221 regna.
389 1149 607 1208 Gedeon
655 1152 923 1223 siquidem
969 1153 1239 1225 accipiens
1300 1156 1511 1226 signum
1557 1170 1588 1210 a
1642 1156 1748 1210 Do-

154 1243 307 1301 mino
349 1246 405 1299 in
451 1245 710 1301 trecentis
737 1244 892 1311 viris,
923 1246 1016 1316 qui
1046 1247 1296 1303 manibus
1330 1262 1527 1319 aquam
1553 1247 1749 1303 hause-

158 1346 289 1395 runt
330 1340 397 1395 de
429 1339 624 1410 quibus
652 1341 910 1397 Dominus
947 1340 1086 1398 dixit
1115 1343 1164 1399 ei
1201 1360 1215 1398 :
1251 1343 1310 1398 In
1336 1344 1423 1399 his
1467 1342 1750 1414 superabis

159 1429 397 1497 Madian,
428 1431 482 1486 in
506 1430 701 1487 vellere
739 1447 953 1504 quoque
996 1434 1219 1491 humido
1249 1444 1303 1490 et
1333 1436 1497 1501 sicco,
1525 1435 1630 1491 ﬁde
1660 1451 1749 1491 re-

156 1523 336 1595 pletus
375 1524 671 1597 prostravit
698 1525 873 1581 Zebee
912 1535 967 1582 et
996 1525 1272 1596 Salmana,
1321 1529 1637 1600 accepitque
1669 1529 1751 1584 vi-

160 1617 385 1672 ctoriam
415 1633 483 1673 ex
509 1618 775 1675 hostibus.
816 1617 1119 1691 Allegorice
1165 1629 1346 1678 autem
1376 1620 1616 1686 Gedeon,
1658 1621 1752 1692 qui

159 1706 551 1779 interpretatur
594 1708 647 1762 in
678 1717 831 1764 utero
869 1709 1218 1776 circumiens,
1252 1709 1527 1782 signiﬁcat
1566 1711 1753 1765 Domi-

161 1814 290 1855 num
313 1796 497 1855 Iesum
524 1798 825 1869 Christum,
855 1803 947 1873 qui
984 1817 1083 1874 per
1123 1803 1509 1860 incarnationis
1553 1813 1755 1875 myste-

1844 621 2064 661 manum
2092 605 2323 667 fundens
2346 613 2555 681 putavit
2595 614 2832 685 placere.
2881 616 3035 675 Vovit
3074 621 3339 693 siquidem
3372 636 3434 683 ut

1844 697 1891 754 si
1917 698 1966 754 ei
1987 698 2247 757 Dominus
2282 703 2559 761 victoriam
2598 707 2754 765 daret
2775 709 2842 767 de
2863 709 2990 767 ﬁliis
3015 711 3210 783 Amon,
3241 716 3435 778 immo-

1844 788 1982 845 laret
2020 790 2070 846 ei
2115 791 2423 865 quicunque
2451 797 2658 866 primus
2685 812 2999 857 occurreret
3024 804 3091 859 de
3114 808 3275 863 domo
3310 824 3431 866 sua.

1848 883 2004 952 Quod
2032 894 2087 940 et
2121 886 2194 942 ita
2223 886 2371 944 fecit.
2412 888 2546 945 Nam
2587 895 2826 949 occurrit
2865 896 2916 950 ei
2956 895 3066 953 ﬁlia
3111 914 3228 965 sua,
3269 917 3436 972 quam

1846 988 1972 1051 post
2000 979 2332 1050 deploratam
2372 982 2735 1065 virginitatem
2768 987 2966 1043 occidit
2997 988 3150 1059 (Iud.
3192 993 3292 1063 ιι).
3328 992 3438 1051 Sed

1848 1082 2031 1146 potest
2073 1076 2240 1146 quaeri
2271 1090 2377 1146 qua
2407 1075 2474 1132 de
2504 1093 2668 1134 causa
2714 1095 2832 1136 mos
2868 1081 3172 1148 inoleverit,
3205 1095 3263 1141 ut
3287 1087 3437 1143 omni

1851 1182 1995 1224 anno
2015 1168 2251 1239 virgines
2275 1167 2621 1224 Hebraeorum
2647 1170 2860 1241 plorent
2883 1173 3049 1229 ﬁliam
3073 1174 3283 1247 Iephte.
3307 1178 3439 1246 Quae

1853 1261 1955 1317 ista
1984 1260 2324 1332 cognoscitur
2350 1276 2469 1316 esse
2494 1262 2650 1326 ratio,
2686 1270 2745 1317 ut
2765 1264 2890 1318 dum
2913 1276 3143 1322 cernunt
3167 1268 3438 1339 deplorari

1852 1352 1999 1409 illam
2024 1367 2054 1405 a
2086 1351 2297 1407 ﬁliabus
2319 1353 2454 1418 suis,
2483 1368 2644 1408 nemo
2665 1354 2734 1409 ad
2769 1362 2973 1410 tantam
3006 1357 3288 1413 stultitiam
3323 1367 3442 1414 tan-

1853 1452 2076 1513 tumque
2101 1442 2371 1514 piaculum
2393 1445 2588 1499 audeat
2611 1446 2884 1515 prosilire,
2925 1456 2984 1501 ut
3012 1449 3123 1505 Deo
3146 1450 3440 1505 humanum

1854 1536 2168 1607 sanguinem
2199 1534 2407 1590 fundat.
2433 1536 2602 1591 David
2628 1536 2744 1597 ﬁde
2757 1538 2944 1608 plenus
2965 1542 3231 1610 processit
3253 1526 3442 1598 contra

1853 1626 2244 1691 Philisthaeum,
2267 1630 2323 1681 et
2349 1625 2622 1684 interfecit
2645 1641 2767 1684 eum
2801 1629 2853 1700 (I
2878 1628 3006 1701 Reg.
3038 1632 3193 1707 xvn).
3218 1633 3284 1687 Et
3308 1649 3445 1704 quo-

1854 1718 2002 1773 niam
2035 1717 2144 1772 Deo
2174 1714 2422 1782 credidit,
2460 1718 2659 1774 multas
2688 1721 3074 1791 promissiones
3114 1725 3179 1779 de
3224 1723 3443 1780 Christo

1855 1812 2172 1882 promeruit.
2218 1811 2436 1866 Samuel
2475 1813 2738 1882 propheta
2781 1823 2835 1869 et
2872 1816 3125 1871 sacerdos
3154 1816 3309 1871 ﬁdem
3349 1817 3444 1871 ha-

161 1890 303 1947 rium
331 1891 384 1945 in
418 1900 573 1946 utero
599 1891 828 1964 virginis
854 1892 1169 1962 collocatus,
1200 1894 1532 1965 plenitudine
1559 1892 1752 1949 divini—
1777 1885 1829 1948 B
1855 1908 1973 1963 ιηιίι
1991 1906 2312 1977 perfectam,
2341 1922 2446 1976 qua
2472 1907 2627 1961 υηχίι
2649 1906 2817 1962 David
2841 1908 2893 1962 in
2927 1924 3107 1978 regem
3129 1910 3196 1965 ad
3220 1909 3445 1965 verbum

163 1988 293 2044 tatis
320 1986 462 2060 (qua:
489 1988 668 2043 omnia
701 1988 893 2061 replet)
944 1996 1119 2044 totum
1156 1989 1416 2044 mundum
1464 1988 1750 2056 circuibat,

163 2080 292 2151 quia
338 2078 607 2150 implendo
649 2080 855 2147 omnia,
906 2081 1206 2137 circumdat
1252 2081 1453 2136 omnia.
1501 2080 1754 2136 Trecenti

166 2178 347 2226 autem
378 2170 502 2234 viri,
548 2171 639 2242 qui
690 2172 938 2227 manibus
982 2188 1177 2243 aquam
1216 2173 1533 2239 hauserunt,
1564 2182 1618 2228 et
1658 2188 1751 2228 ac-

167 2269 322 2332 cepto
362 2262 485 2333 igne
510 2261 565 2316 in
606 2261 810 2335 lagenis
855 2271 1043 2318 contra
1092 2262 1305 2318 Madian
1348 2264 1576 2336 profecti
1605 2271 1753 2331 sunt,

168 2352 568 2423 confractisque
601 2353 806 2425 lagenis
838 2354 977 2425 ignis
1007 2355 1355 2427 rcsplenduit,
1391 2357 1637 2427 tubisque
1674 2357 1756 2410 in-

167 2455 520 2518 crepuerunt:
546 2447 812 2519 simulque
843 2447 1027 2505 hostes
1046 2448 1097 2502 in
1132 2447 1309 2521 fugam
1334 2450 1579 2505 conversi
1610 2458 1755 2514 sunt,

167 2545 355 2609 typum
378 2545 526 2593 tenet
548 2546 856 2594 sanctorum
878 2539 1316 2611 praedicatorum,
1332 2541 1424 2610 qui
1453 2538 1607 2595 ﬁdem
1632 2555 1757 2595 san-

170 2637 273 2685 ctae
312 2626 594 2685 Trinitatis
639 2629 919 2697 habentes,
973 2632 1127 2704 signo
1163 2632 1455 2689 Dominica:
1490 2632 1757 2704 passionis

170 2722 414 2795 insigniti
444 2730 589 2789 sunt,
618 2721 759 2794 quod
803 2723 1114 2795 designatur
1135 2740 1235 2800 per
1272 2725 1396 2779 thau
1428 2725 1469 2778 T
1499 2724 1755 2791 litteram,

172 2832 294 2887 qua:
338 2832 435 2873 suo
475 2832 701 2873 numero
734 2826 1004 2875 trecentos
1026 2819 1308 2889 exprimit,
1354 2828 1408 2874 et
1453 2836 1572 2890 quae
1618 2817 1761 2890 apud

170 2919 385 2967 veteres
425 2908 640 2966 Iudaeos
679 2910 1085 2967 similitudinem
1127 2912 1304 2967 crucis
1353 2911 1604 2967 habebat.
1658 2909 1762 2964 La-

174 3018 327 3077 gena:
376 3012 576 3070 autem,
625 3020 745 3075 quae
796 3014 923 3060 sunt
964 3004 1182 3061 vascula
1227 3005 1407 3061 fusilia
1438 3005 1520 3060 vel
1552 3004 1760 3072 ﬁctilia,

173 3096 484 3172 signiﬁcant
502 3112 730 3167 corpora
752 3098 1064 3154 eorumdem
1085 3098 1501 3169 praedicatorum
1524 3098 1759 3164 inﬁrma,

175 3188 245 3245 de
275 3188 470 3259 quibus
494 3188 636 3242 idem
665 3188 915 3259 egregius
952 3188 1273 3259 praedicator
1293 3189 1460 3244 dicit:
1492 3187 1761 3243 Habemus

1857 1997 2095 2058 Domini.
2125 2008 2180 2054 et
2208 1996 2505 2053 occidendo
2532 1996 2704 2068 Agag,
2733 2013 2914 2070 regem
2943 1999 3199 2056 Amalech
3231 1999 3281 2071 (1
3315 1999 3441 2071 Reg.

1854 2086 2201 2158 xv),operati
2234 2095 2361 2141 sunt
2399 2085 2690 2155 justitiam,
2740 2088 2867 2158 quia
2907 2090 3050 2157 quod
3100 2087 3446 2145 crediderunt

1856 2178 2039 2244 corde,
2089 2192 2253 2247 opere
2292 2177 2718 2247 compleverunt,
2747 2188 3072 2233 exornantcs
3100 2181 3345 2235 eamdem
3382 2179 3447 2235 ﬁ-

1857 2270 2001 2336 dem,
2037 2269 2216 2339 adepti
2243 2278 2371 2325 sunt
2403 2269 2849 2340 repromissiones
2886 2270 2953 2325 de
2995 2269 3211 2326 Christo
3256 2271 3340 2326 vel
3375 2271 3444 2327 de

1855 2364 2032 2436 patria
2059 2363 2285 2419 caelesti.
2309 2363 2583 2419 Abraham
2610 2363 2755 2418 enim
2793 2364 2860 2419 de
2885 2363 3101 2420 Christo
3129 2366 3446 2435 promissio-

1857 2471 1981 2513 nem
2019 2455 2245 2525 accepit,
2281 2454 2496 2510 dicente
2539 2454 2639 2510 sibi
2670 2455 2898 2511 Domino
2932 2473 2945 2509 :
2985 2455 3051 2510 In
3091 2458 3286 2511 semine
3333 2466 3445 2524 tuo,

1858 2549 1911 2605 id
1928 2549 2078 2604 estin
2093 2547 2332 2612 Christo,
2350 2546 2716 2601 benedicentur
2730 2564 2906 2602 omnes
2919 2560 3093 2619 gentes
3115 2548 3269 2620 (Gen.
3287 2549 3447 2619 χχιι).

1858 2640 2026 2697 David
2047 2654 2264 2710 quoque
2293 2637 2555 2708 plurimas
2573 2641 2961 2699 promissiones
2982 2642 3211 2710 accepit,
3235 2641 3321 2697 cui
3345 2641 3452 2696 Do-

1858 2733 2039 2788 minus
2061 2732 2197 2787 dixit
2227 2748 2241 2787 :
2276 2731 2407 2787 Cum
2431 2734 2707 2788 dormieris
2735 2749 2855 2786 cum
2875 2733 3111 2801 patribus
3134 2733 3261 2799 tuis,
3286 2733 3455 2788 susci-

1860 2824 1980 2878 tabo
2005 2840 2178 2878 semen
2203 2834 2352 2878 tuum
2399 2825 2538 2895 quod
2583 2825 2875 2896 egredietur
2909 2825 2972 2879 de
3002 2824 3199 2880 lumbis
3228 2825 3356 2891 tuis,
3398 2831 3453 2879 et

1861 2918 2081 2988 ﬁrmabo
2117 2920 2368 2973 thronum
2391 2918 2509 2988 ejus
2539 2932 2702 2988 super
2746 2918 2997 2971 thronum
3030 2926 3181 2973 tuum
3208 2915 3290 2983 (II
3320 2913 3452 2989 Reg.

1861 3010 1981 3081 vn).
2010 3010 2076 3063 Et
2097 3009 2220 3064 alibi
2248 3027 2260 3062 :
2290 3007 2366 3062 De
2386 3008 2566 3079 fructu
2590 3008 2760 3062 lumbi
2783 3009 2862 3062 tui
2884 3025 3075 3077 ponam
3099 3024 3257 3079 super
3280 3007 3456 3062 sedem

1863 3111 2009 3156 tuam
2041 3098 2214 3171 (Psal.
2243 3100 2450 3171 cxxxi).
2497 3100 2566 3155 Et
2602 3115 2725 3155 cum
2774 3098 3122 3170 jurejurando
3159 3098 3335 3164 semel,
3380 3099 3458 3154 in-

1867 3194 2007 3264 quit,
2022 3194 2203 3265 juravi
2228 3193 2283 3247 in
2320 3201 2501 3247 sancto
2539 3208 2675 3258 meo,
2717 3192 2763 3246 si
2791 3191 2958 3246 David
2996 3191 3239 3257 mentiar,
3282 3203 3460 3245 semen

175 3252 480 3336 thesaurum
505 3278 661 3333 istum
682 3252 737 3333 in
767 3252 900 3333 vasis
923 3252 1171 3348 ﬁctilibus
1194 3279 1277 3350 (II
1309 3277 1432 3335 Cor.
1459 3280 1555 3350 tv).
1590 3278 1766 3335 Sonus
1792 3252 1839 3318 Ο
1870 3252 2067 3355 e-jus'i'n
2094 3294 2346 3338 aeternum
2389 3282 2611 3337 manebit
2652 3252 2825 3354 (Psal.
2854 3281 3137 3351 Lxxxvut).
3167 3252 3459 3337 Obturau-

176 3372 431 3427 tubarum
462 3387 618 3427 voces
644 3371 1059 3443 praedicatorum
1096 3373 1369 3443 exprimit.
1399 3372 1610 3428 Fractis
1638 3388 1768 3443 ergo

176 3463 386 3537 lagenis
412 3462 745 3533 rcsplenduit
778 3462 941 3536 ignis,
972 3464 1260 3535 hostesque
1303 3465 1357 3526 in
1399 3465 1581 3537 fugam
1623 3464 1767 3522 versi

179 3567 327 3615 sunt.
388 3556 690 3612 Madianitae
731 3564 916 3629 typum
968 3565 1155 3614 tenent
1194 3558 1349 3614 istius
1397 3558 1602 3625 saeculi,
1641 3560 1769 3631 quia

179 3658 466 3722 postquam
511 3649 681 3704 sancti
713 3657 982 3721 martyres
1007 3652 1073 3704 ab
1118 3650 1221 3706 hoc
1255 3650 1452 3707 saeculo
1488 3651 1768 3718 deﬁciunt,

184 3752 439 3799 crescunt
465 3742 764 3797 miraculo:
796 3743 982 3812 sicque
1005 3742 1207 3798 virtute
1236 3744 1617 3800 miraculorum
1643 3761 1774 3801 con-

184 3833 330 3890 cussi
374 3833 426 3888 in
476 3832 657 3903 fugam
698 3841 983 3888 vertuntur
1020 3850 1033 3886 :
1084 3833 1311 3899 scilicet,
1357 3844 1451 3889 aut
1489 3835 1611 3890 ﬁdei
1647 3836 1774 3891 sub-

189 3925 365 3981 dendo
393 3938 508 3986 eos,
539 3931 633 3978 aut
656 3923 820 3978 etiam
850 3938 880 3977 a
917 3924 1201 3979 tormentis
1233 3926 1516 3989 cessando,
1551 3925 1681 3979 victi
1712 3926 1777 3978 ti-

189 4030 344 4071 more
373 4017 668 4086 signorum.
700 4013 832 4070 lllud
865 4029 1081 4085 quoque
1103 4031 1209 4071 non
1234 4024 1392 4072 vacat
1425 4031 1455 4070 a
1496 4016 1776 4085 mysterio.

193 4107 337 4178 quod
359 4106 613 4164 Gedeone
631 4116 823 4163 orante
849 4107 1022 4163 vellus
1061 4108 1237 4180 primo
1262 4108 1535 4165 madidum
1568 4109 1688 4174 fuit,
1726 4116 1782 4162 et

193 4210 307 4256 tota
341 4211 482 4257 terra
512 4202 653 4258 sicca
682 4220 695 4256 :
725 4202 962 4257 secundo
987 4217 1117 4258 vero
1139 4201 1307 4258 vellus
1334 4202 1560 4268 siccum,
1589 4210 1644 4258 et
1671 4210 1781 4258 tota

197 4304 342 4351 terra
381 4294 614 4351 madida.
642 4293 823 4351 Vellus
852 4295 997 4351 enim
1024 4294 1251 4367 ﬁguram
1281 4303 1429 4351 tenet
1464 4295 1645 4367 populi
1690 4293 1784 4350 Iu-

195 4386 358 4455 daici,
393 4395 537 4442 terra
569 4398 749 4443 autem
789 4387 1031 4443 omnium
1063 4388 1325 4459 gentium.
1360 4385 1491 4443 Iure
1519 4403 1649 4459 ergo
1669 4388 1784 4443 vet-

196 4479 285 4536 lus
319 4479 493 4551 primo
518 4478 793 4534 madidum
820 4478 940 4545 fuit,
972 4488 1116 4535 terra
1138 4489 1320 4535 autem
1343 4488 1594 4536 manente
1616 4482 1784 4547 sicca,

196 4570 327 4641 quia
386 4569 603 4641 quando
642 4566 898 4625 Iudaicus
948 4568 1177 4640 populus
1228 4585 1352 4626 rore
1397 4585 1644 4640 supernae
1699 4585 1789 4626 sa-

194 4662 414 4735 pientia:
436 4660 537 4717 fuit
559 4660 899 4717 bumefactus
921 4670 1046 4717 ante
1070 4662 1283 4718 Domini
1317 4662 1627 4727 adventum,
1674 4678 1789 4719 om-

199 4770 302 4811 nes
322 4763 508 4824 gentes
534 4754 779 4811 siccitate
796 4754 920 4811 ﬁdei
945 4764 999 4810 et
1016 4755 1294 4827 sapientia:
1306 4756 1592 4812 exsiccatae
1607 4763 1785 4812 erant.

198 4848 404 4905 lterum
447 4863 569 4903 cum
620 4856 743 4918 post
782 4848 995 4903 Domini
1040 4847 1332 4903 adventum
1374 4862 1565 4905 omnes
1605 4858 1791 4920 gentes

200 4955 329 4998 rore
344 4940 621 5012 sapientiae
635 4938 855 4996 fuerunt
868 4939 1095 4994 madida:
1107 4937 1329 5006 effectae,
1342 4938 1527 4996 Iudaea
1542 4940 1795 4997 ariditate

201 5032 385 5105 periit.
403 5030 576 5088 Barac
611 5031 761 5104 (Iud.
788 5029 861 5103 tv)
876 5030 991 5102 ipse
1004 5037 1089 5086 est
1109 5028 1380 5100 Lapidoch
1407 5030 1634 5087 maritus
1655 5030 1796 5087 Deb-

205 5123 379 5190 borae,
402 5123 496 5195 qui
537 5123 676 5192 ﬁde,
708 5138 815 5196 qua
848 5123 1080 5179 credidit
1123 5122 1478 5193 prophetissae
1519 5123 1798 5194 superavit

210 5216 455 5275 Sisaram
485 5232 782 5288 omnesque
804 5232 996 5273 currus
1010 5215 1151 5287 ejus,
1171 5215 1400 5272 Samson
1428 5214 1532 5270 ﬁde
1556 5230 1663 5285 qua
1682 5230 1803 5273 cre-

211 5310 350 5367 didit
381 5309 692 5381 impetravit
716 5324 747 5364 a
771 5307 882 5365 Deo
907 5309 1051 5381 quod
1077 5308 1288 5373 orabat,
1318 5306 1501 5377 plures
1532 5305 1804 5362 interfecit

214 5405 453 5460 moriens
478 5418 639 5473 quam
661 5402 869 5458 vivens.
894 5401 1039 5457 Dixit
1063 5401 1207 5456 enim
1226 5419 1238 5454 :
1256 5399 1481 5456 Domine
1502 5399 1664 5465 Deus,
1693 5412 1807 5453 me-

214 5505 400 5553 mento
424 5497 526 5551 mei
542 5504 598 5553 et
614 5495 777 5551 redde
790 5510 932 5550 nunc
948 5495 1077 5551 mihi
1099 5495 1382 5566 pristinam
1404 5492 1801 5560 fortitudinem,

217 5590 361 5646 Deus
389 5604 567 5656 meus,
598 5597 656 5643 ut
683 5587 917 5643 ulciscar
940 5603 1026 5643 me
1063 5588 1130 5643 de
1164 5586 1401 5645 inimicis
1429 5586 1588 5652 meis,
1619 5594 1675 5642 et
1706 5600 1805 5657 pro

206 5681 511 5735 ninissione
557 5679 787 5734 duorum
832 5677 1092 5732 luminum
1141 5692 1305 5732 unam
1358 5677 1617 5733 ultionem
1664 5678 1808 5733 acci-

220 5773 365 5846 piam
395 5772 545 5845 (Iud.
571 5772 705 5844 xvi).
736 5771 928 5843 Iephte
952 5769 1113 5827 ﬁdem
1144 5769 1334 5825 habuit
1352 5770 1645 5842 pugnando
1674 5786 1808 5827 cou-

225 5873 308 5921 tra
330 5864 467 5922 ﬁlios
486 5865 686 5932 Amen,
715 5875 770 5922 et
794 5864 955 5920 ﬁliam
980 5879 1133 5920 suam
1154 5861 1453 5930 offerendo,
1480 5860 1607 5919 licet
1631 5862 1685 5920 in
1707 5863 1811 5920 hoc

1817 4612 1866 4673 D

1868 3384 2015 3442 runt,
2050 3375 2102 3430 id
2128 3384 2236 3440 est,
2265 3375 2580 3430 clauserunt
2619 3374 2967 3445 oraleonum,
2993 3385 3053 3428 ut
3083 3372 3335 3441 Samson,
3360 3373 3465 3428 Da-

1868 3468 1981 3534 vid,
2013 3477 2067 3524 et
2093 3467 2281 3523 Daniel
2311 3468 2508 3524 missus
2527 3469 2580 3523 in
2609 3466 2804 3524 lacum.

1942 3558 2324 3616 Exstinzerunt
2364 3562 2612 3631 impetum
2648 3560 2807 3632 ignis,
2859 3562 2997 3616 sicut
3035 3570 3146 3616 tres
3172 3560 3326 3632 pueri
3356 3558 3469 3618 Da-

1871 3655 2029 3712 nielis
2064 3655 2196 3711 socii
2220 3653 2375 3724 jussu
2403 3652 2899 3710 Nabuchodonosor
2923 3652 3215 3710 Chaldaica
3238 3660 3468 3725 urgente

1871 3748 2117 3812 vesania,
2135 3747 2283 3803 missi
2304 3757 2429 3802 sunt
2450 3748 2503 3801 in
2525 3745 2803 3803 fornacem
2829 3746 2969 3817 ignis
2988 3747 3248 3812 ardentis,
3266 3746 3466 3817 quibus

1873 3838 2007 3893 nihil
2021 3837 2278 3891 molestia:
2293 3835 2469 3891 intulit
2483 3835 2644 3906 (Dan.
2663 3836 2805 3906 xm).
2823 3836 2871 3888 E
2873 3836 3138 3907 [fugerunt
3153 3836 3345 3892 faciem
3363 3837 3475 3908 gla_

1876 3928 1972 3991 dii,
1998 3927 2051 3981 id
2066 3935 2148 3981 est
2173 3926 2483 3996 repulerunt
2506 3925 2876 3981 fortitudinem
2895 3927 3128 3982 hostium
3157 3944 3185 3980 a
3212 3929 3474 3993 se,valide

1878 4017 2190 4088 pugnando,
2231 4017 2370 4072 sicut
2396 4015 2581 4083 Iosue,
2608 4017 2849 4081 Gedeon,
2878 4018 3064 4082 David,
3097 4018 3297 4089 aliique
3321 4034 3476 4090 reges

1882 4121 1935 4168 et
1951 4111 2225 4182 principes
2242 4107 2572 4166 Iudaeorum.
2591 4108 2976 4165 Convaluerunt
2990 4110 3053 4164 de
3074 4110 3401 4180 inﬁrmitate,
3417 4120 3479 4166 ut

1883 4205 1983 4261 Iob
2008 4213 2062 4258 et
2089 4204 2374 4269 Ezechias,
2397 4200 2513 4273 qui,
2548 4217 2672 4258 cum
2700 4210 3014 4273 :egrotasset
3043 4216 3214 4273 usque
3235 4201 3302 4256 ad
3334 4216 3479 4256 mor-

1888 4308 2017 4364 tem,
2046 4297 2275 4352 Domino
2299 4296 2400 4351 sibi
2426 4295 2658 4367 propitio
2680 4292 2920 4349 redditus
2950 4302 3033 4349 est
3061 4293 3305 4363 pristina:
3325 4292 3475 4349 sani-

1888 4392 1985 4448 tati
2019 4405 2117 4461 per
2153 4390 2385 4461 spatium
2432 4387 2740 4460 quindecim
2791 4402 3055 4441 annorum
3084 4385 3136 4458 (1
3152 4384 3191 4438 ν
3225 4384 3349 4457 Reg.
3396 4385 3477 4456 ιι).

1889 4483 2186 4538 Possumus
2214 4496 2281 4536 ex
2312 4478 2641 4534 inﬁrmitatis
2669 4479 2884 4534 nomine
2914 4476 3114 4532 malum
3148 4475 3483 4546 captivitatis

1891 4572 2216 4645 intelligere,
2260 4572 2326 4626 de
2368 4586 2473 4642 qua
2523 4570 2736 4625 liberati
2784 4579 2932 4635 sunt,
2980 4568 3208 4624 Domino
3246 4567 3481 4631 volente.

1896 4668 2036 4740 Cyro
2060 4666 2304 4737 jubentc,
2342 4663 2509 4719 Esdra
2537 4671 2591 4717 et
2633 4659 2890 4718 Nebemia
2918 4670 3265 4731 procurante.
3297 4657 3485 4714 Fortes

1897 4758 2024 4829 facti
2055 4766 2175 4811 sunt
2219 4758 2274 4809 in
2317 4753 2470 4820 bello,
2505 4762 2563 4807 ut
2602 4752 2760 4809 Iesus
2802 4750 2948 4808 Nave
2982 4766 3264 4808 successor
3294 4750 3487 4820 Moysi,

1899 4848 2128 4906 Samson
2173 4847 2265 4918 qui
2306 4845 2615 4901 mandibula
2658 4844 2797 4901 asini
2841 4844 3039 4900 multos
3079 4843 3486 4897 Philistinornm

1898 4938 2171 4998 interfecit
2208 4938 2409 5011 (ludio.
2453 4939 2567 5006 xv),
2600 4937 2768 4992 David
2812 4951 3025 5007 quoque
3056 4950 3172 5001 rex,
3200 4933 3338 4989 Iuda
3380 4932 3487 4987 Ma-

1903 5034 2156 5089 chabmus
2184 5039 2241 5085 et
2280 5029 2477 5084 fratres
2518 5028 2657 5099 ejus,
2692 5041 2922 5097 quorum
2950 5026 3285 5096 temporibus
3323 5025 3490 5079 etiam

1899 5141 1993 5182 sex
2017 5122 2182 5178 millia
2208 5120 2515 5177 Iudmorum
2542 5119 2931 5175 interfecerunt
2959 5129 3173 5175 centum
3204 5117 3370 5173 millia
3396 5117 3494 5171 ho-

1902 5219 2086 5281 stium,
2114 5225 2169 5272 et
2208 5215 2309 5271 tria
2341 5214 2507 5270 millia
2545 5212 2709 5269 missa
2748 5211 3091 5267 Antiochiam
3132 5210 3187 5265 in
3228 5209 3490 5265 auxilium

1904 5310 2178 5375 Demetrii,
2212 5314 2558 5379 peremerunt
2599 5314 2816 5362 centum
2845 5303 3037 5375 viginti
3075 5302 3264 5357 millia.
3305 5300 3491 5357 Castra

1906 5413 2169 5461 uerterunt
2208 5411 2504 5457 exterarum
2530 5399 2585 5456 in
2612 5399 2812 5469 fugam.
2858 5398 3195 5468 Frequenter
3232 5396 3336 5452 hoc
3375 5411 3472 5468 ege

1909 5510 2054 5555 runt.
2100 5497 2287 5555 Castra
2317 5505 2497 5551 autem
2538 5494 2793 5551 dicuntur
2827 5510 2857 5549 a
2904 5490 3216 5556 castrando,
3247 5505 3312 5545 eo
3350 5490 3494 5561 quod

1907 5587 1982 5644 ibi
2024 5596 2294 5645 castretur
2323 5586 2506 5641 libido.
2549 5583 2665 5640 Non
2702 5592 2787 5639 est
2826 5584 2968 5639 enim
3002 5597 3118 5637 mos
3147 5579 3400 5636 militaris
3437 5589 3499 5634 ut

1906 5696 2005 5752 per
2029 5687 2217 5751 gentes
2239 5680 2290 5733 in
2310 5677 2553 5747 praelium
2575 5689 2774 5731 uxores
2794 5685 2887 5730 aut
2910 5672 3138 5729 feminas
3157 5671 3290 5727 alias
3310 5686 3496 5727 secum

1911 5773 2129 5829 ducant.
2178 5772 2293 5826 Duo
2332 5779 2511 5824 autem
2550 5767 2820 5839 quondam
2855 5765 3126 5839 principes
3173 5775 3333 5823 terrae
3376 5779 3501 5821 cum

1912 5864 2170 5921 comitatu
2203 5877 2433 5919 uxorum
2457 5868 2818 5933 perrexerunt
2848 5860 2902 5916 in
2934 5857 3156 5928 bellum,
3186 5858 3384 5916 Darius
3415 5858 3502 5913 v1—
