3974 6478
485 461 596 521 915
951 451 1304 512 HAYMONIS
1342 450 1821 508 HALBERSTAT.
1863 449 2077 507 EPISC.
2116 442 2268 507 OPP.
2309 436 2491 503 PARS
2525 445 2565 501 Ι.
2602 476 2673 487 -
2705 441 3062 501 COMMENT.
3099 441 3270 498 BIBL.
3676 438 3797 497 916

492 576 689 633 delicat
726 583 782 631 et
807 573 1090 637 Antonius,
1135 570 1228 626 sed
1261 578 1487 640 uterque
1527 569 1659 625 inibi
1702 569 1924 625 corruit.
1960 568 2064 622 Da-
2089 571 2142 631 Α
2166 565 2375 620 rivatur
2393 534 2713 620 vocabulum
2737 562 2896 632 hujus
2922 563 3111 627 vestis,
3143 562 3196 617 id
3214 569 3299 617 est
3324 576 3357 614 a
3382 559 3528 616 melo
3543 559 3795 614 melota.

492 669 608 724 rius
648 666 865 737 quidem
900 670 1180 734 superatus
1211 666 1295 718 est
1331 661 1399 717 ab
1442 660 1769 726 Alexandro,
1804 657 2069 715 Antonius
2241 646 2442 723 Quibus
2481 656 2670 726 dignus
2715 671 2818 710 non
2862 665 2974 710 erat
3013 654 3261 708 mundus.
3308 650 3490 706 Mundi
3544 651 3795 707 nomine

493 774 622 817 vero
646 760 714 815 ab
733 757 1032 813 Octaviano
1052 756 1296 827 Augusto
2169 748 2258 807 hic
2286 751 2385 806 sub
2423 765 2530 806 una
2553 750 2950 821 signiﬁcatione
2980 763 3269 820 possumus
3293 746 3609 817 intelligere
3639 759 3795 801 ama-

564 850 882 919 Acceperunt
903 846 1147 901 mulieres
1178 845 1243 899 de
1275 843 1650 899 resurrectione
1676 850 1905 895 mortuos
1923 846 2065 894 suos.
2168 849 2316 896 tores
2339 841 2544 907 mundi,
2569 841 2683 913 qui,
2718 848 2935 897 terrena
2958 839 3294 896 solummodo
3325 846 3692 909 appetentes,
3723 836 3793 892 ab

490 942 595 996 Eas
627 940 881 995 mulieres
907 939 1038 993 dicit
1073 952 1302 1008 quarum
1330 935 1423 991 ﬁlii
1464 934 1532 989 ab
1556 934 1671 988 Elia
1697 939 1753 987 et
1774 932 1950 987 Eliseo
1981 945 2072 986 su-
2169 949 2353 989 amore
2381 934 2642 990 creatoris
2666 934 2749 989 sui
2769 934 2925 1004 longe
2947 933 3139 987 remoti
3162 941 3337 997 erant,
3368 946 3434 986 ac
3475 939 3791 1008 propterea

468 1033 668 1089 'scitati
701 1041 846 1099 sunt,
884 1045 1022 1102 quos
1060 1031 1163 1086 illae
1200 1035 1523 1099 acceperunt
1561 1035 1680 1097 post
1719 1025 2070 1081 resurrectio-
2168 1041 2276 1080 non
2305 1035 2461 1080 erant
2495 1024 2642 1096 digni
2674 1025 2808 1080 tales
2845 1024 3024 1081 socios
3053 1024 3274 1090 habere,
3314 1021 3507 1092 quales
3552 1007 3793 1076 fuemn‘

492 1137 640 1187 nem,
685 1121 772 1176 vel
811 1110 1298 1184 resuscitationem,
1341 1134 1449 1174 non
1487 1126 1547 1173 ut
1579 1132 1672 1173 eos
1710 1116 1971 1171 haberent
2014 1115 2072 1171 in
2170 1114 2247 1171 illi
2269 1131 2495 1185 quarum
2521 1115 2787 1187 magnalia
2807 1115 3095 1187 Apostolus
3116 1129 3277 1185 supra
3301 1113 3629 1184 descripsit.
3659 1112 3791 1168 Sive

489 1212 735 1276 maritos,
789 1213 884 1268 sed
929 1227 1066 1282 quos
1102 1213 1393 1268 amiserant
1434 1212 1486 1265 in
1532 1217 1727 1273 morte,
1757 1216 2074 1278 receperunt
2172 1206 2355 1261 mundi
2378 1205 2596 1260 nomine
2622 1213 2852 1277 possunt
2887 1204 3063 1276 accipi
3098 1203 3279 1258 omnia
3318 1219 3443 1273 quae
3478 1202 3787 1258 continen-

490 1303 661 1358 vivos.
692 1303 797 1358 Alii
834 1314 1009 1357 autem
1047 1305 1256 1359 distenti
1287 1311 1430 1366 sunt,
1483 1318 1584 1355 non
1621 1299 1954 1369 suscipientes
1992 1313 2072 1351 re-

493 1395 861 1464 demptionem,
908 1406 964 1448 ut
1004 1394 1268 1449 meliorem
1308 1394 1591 1448 invenirent
1623 1389 2068 1444 resurrectionem.

492 1486 718 1541 Plurimi
762 1496 1070 1542 sanctorum
1113 1485 1331 1541 distenti
1371 1492 1514 1548 sunt,
1547 1483 1652 1537 hoc
1697 1488 1782 1536 est
1816 1481 1869 1534 in
1911 1493 2075 1535 cruce

493 1579 704 1633 extensi
732 1576 950 1633 funibus
993 1577 1244 1649 colligati,
1273 1576 1413 1632 sicut
1432 1577 1624 1631 beatus
1651 1573 1931 1628 Andrzeas.
1964 1569 2075 1626 Seu

493 1668 735 1733 distenti,
758 1669 861 1723 hoc
884 1676 966 1722 est
993 1668 1060 1722 ad
1087 1668 1263 1739 capita
1286 1666 1514 1720 duarum
1541 1664 1795 1718 arborum
1839 1660 2076 1731 colligati

492 1777 558 1816 ac
598 1762 845 1830 disrupti,
885 1761 971 1815 vel
1003 1761 1166 1815 etiam
1211 1760 1278 1815 ad
1306 1759 1528 1815 brachia
1556 1771 1818 1828 equorum
1845 1753 2076 1811 indomi-

416 1920 419 1923 η
491 1861 669 1909 torum
693 1853 932 1907 extenti:
962 1853 1148 1922 sicque
1176 1852 1243 1907 ab
1282 1852 1362 1907 eis
1401 1851 1631 1920 disrupti
1658 1848 1743 1905 vel
1785 1854 1934 1903 certe
1964 1846 2075 1900 dis-

2174 1303 2261 1350 tur
2285 1297 2339 1351 in
2373 1296 2512 1352 coelo
2539 1305 2593 1353 et
2635 1297 2690 1352 in
2729 1305 2894 1361 terra,
2927 1310 3120 1351 aurum
3145 1294 3423 1361 videlicet,
3456 1304 3783 1366 argentum,

2173 1403 2400 1459 gemma:
2415 1399 2577 1461 atque
2596 1386 2774 1446 omnia
2797 1390 3054 1460 pretiosa,
3078 1398 3132 1445 et
3152 1389 3251 1459 ipsi
3274 1389 3507 1459 insuper
3529 1387 3783 1458 reprobi,

2176 1497 2359 1539 amore
2379 1481 2770 1538 mundanarum
2795 1498 2977 1538 rerum
3006 1480 3234 1552 decepti.
3256 1481 3381 1536 Istis
3401 1494 3542 1548 ergo
3570 1481 3781 1535 sanctis

2175 1590 2282 1630 non
2314 1583 2436 1630 erat
2459 1575 2652 1645 dignus
2680 1576 2935 1641 mundus,
2964 1576 3067 1630 hoc
3086 1584 3188 1641 est,
3217 1576 3264 1630 si
3293 1582 3449 1628 totus
3480 1574 3772 1643 redigere-

2178 1674 2266 1721 tur
2310 1666 2408 1722 sub
2435 1666 2635 1736 prctio,
2665 1683 2775 1723 non
2819 1675 3033 1738 poterat
3071 1667 3165 1721 uni
3193 1666 3413 1722 illorum
3443 1674 3599 1721 recte
3626 1681 3776 1721 eom-

2176 1756 2376 1827 parari,
2410 1771 2583 1826 neque
2628 1759 2792 1812 etiam
2840 1757 2888 1812 si
2935 1756 3116 1813 omnia
3145 1755 3237 1811 illa
3266 1757 3323 1812 in
3363 1757 3611 1828 pretium
3656 1756 3773 1812 dari

2178 1846 2499 1917 potuissent,
2550 1845 2711 1902 talem
2760 1845 2994 1917 aliquem
3046 1844 3224 1902 virum
3254 1861 3450 1901 emere
3498 1854 3759 1915 poterant.

492 1943 624 1997 tenti
669 1952 814 2007 sunt,
840 1943 943 1997 hoc
967 1950 1052 1997 est
1090 1941 1361 2017 decollati,
1408 1955 1525 2011 quae
1559 1938 1739 1995 omnia
1768 1939 1825 1993 in
1866 1937 2069 1993 sanctis
2097 1922 2146 1991 Β
2174 1936 2244 1995 Ut
2269 1955 2397 2008 ergo
2426 1953 2491 1993 ex
2527 1938 2768 2008 plurimis
2790 1952 3086 2010 paucorum
3133 1936 3460 1993 memoriam
3513 1952 3752 2007 agamus,

488 2033 820 2103 martyribus
846 2034 1096 2088 videntur
1119 2047 1240 2088 esse
1266 2032 1548 2103 completa.
1579 2029 1697 2086 Non
1719 2035 2071 2099 susceperunt

485 2126 934 2194 redemptionem,
972 2126 1077 2180 hoc
1102 2135 1185 2181 est
1212 2126 1584 2181 liberationem
1621 2124 1675 2179 in
1695 2121 1967 2195 praesenti,
2000 2120 2070 2176 ad

482 2215 591 2272 hoc
619 2225 676 2271 ut
699 2216 1033 2272 solverentur
1078 2232 1110 2271 a
1154 2217 1451 2282 tormentis,
1482 2223 1542 2270 ut
1586 2214 1863 2270 meliorem
1906 2218 2069 2282 atque

484 2306 860 2378 gloriosiorem
900 2308 1201 2362 invenirent
1232 2307 1679 2363 resurrectionem
1711 2305 1765 2359 in
1794 2303 2065 2369 futurum;

487 2398 740 2468 quoniam
777 2415 885 2469 quo
931 2399 1188 2469 ampliora
1227 2398 1349 2468 quis
1391 2406 1659 2453 tormenta
1702 2411 1801 2467 pro
1842 2395 1953 2450 Deo
2009 2394 2068 2449 in

485 2490 739 2561 praesenti
768 2491 1019 2558 sustinet,
1049 2506 1115 2546 eo
1155 2490 1441 2562 gloriosior
1471 2490 1528 2544 in
1556 2488 1950 2545 resurrectione
1975 2501 2070 2557 ap-

485 2581 718 2651 parebit.

554 2672 661 2725 Alii
682 2687 798 2727 vero
820 2671 1049 2725 ludibria
1088 2682 1136 2727 et
1176 2672 1385 2727 verbera
1415 2670 1632 2741 experti,
1655 2670 1870 2740 insuper
1894 2676 1942 2723 et
1963 2668 2071 2722 vin-

489 2759 609 2815 cula
653 2770 699 2815 et
728 2778 981 2816 carceres.
1018 2760 1275 2817 Ludibria
1319 2761 1792 2828 dicunturaludo,
1836 2761 1937 2816 hoc
1984 2766 2069 2815 est

486 2852 759 2908 irrisione.
808 2852 988 2910 Primo
1026 2854 1172 2909 enim
1213 2854 1385 2910 sancti
1425 2863 1692 2924 martyres
1720 2853 1967 2908 ludibriis
2011 2860 2067 2907 et

488 2942 833 2999 irrisionibus
863 2945 1275 3011 deludebantur,
1307 2944 1500 2999 deinde
1528 2944 1838 3000 verberibus
1869 2942 2068 2998 allicie-

485 3032 700 3099 bantur,
734 3035 920 3105 sicque
947 3035 1175 3091 vinculis
1204 3036 1441 3104 astricti,
1485 3035 1825 3105 ponebantur
1862 3035 1916 3090 in
1950 3049 2068 3089 car-

486 3138 665 3189 ceres;
695 3126 761 3179 ad
808 3134 1142 3195 postremum
1174 3141 1305 3181 vero
1337 3123 1798 3181 interﬁciebantur
1837 3124 2067 3181 diversis

487 3221 542 3268 et
560 3214 846 3293 exquisitis
870 3215 1172 3271 tormentis.

556 3303 806 3375 Lapidati
836 3315 979 3372 sunt,
1021 3313 1081 3360 ut
1124 3304 1352 3371 Naboth,
1381 3303 1645 3362 Jeremias
1677 3304 1733 3359 in
1770 3301 2002 3375 Egypto
2037 3319 2068 3359 a

489 3397 730 3477 reliquiis
773 3397 1312 3469 transmigratorum,
1362 3396 1612 3453 Ezechiel
1664 3398 1721 3451 in
1764 3396 2067 3468 Babylone,

486 3476 685 3559 aliique
711 3487 1059 3559 quamplures
1098 3487 1153 3542 in
1180 3486 1329 3543 Novo
1358 3487 1721 3544 Testamento.
1748 3484 1886 3541 Secti
1924 3495 2066 3541 sunt.

486 3580 589 3638 Hic
614 3582 838 3652 pluralis
882 3595 1141 3635 numerus
1169 3595 1269 3650 pro
1300 3579 1560 3650 singulari
1602 3579 1809 3648 positus
1836 3585 1938 3632 est.
1966 3576 2072 3632 Ne-

489 3671 690 3726 minem
743 3669 884 3725 enim
934 3679 1243 3725 sanctorum
1285 3668 1511 3739 legimus
1554 3669 1608 3723 in
1658 3667 1840 3724 Veteri
1885 3666 2071 3723 Testa-

488 3773 672 3816 mento
714 3770 943 3829 sectum,
975 3762 1078 3817 nisi
1114 3761 1307 3816 Isaiam
1346 3762 1684 3831 prophetam,
1733 3775 1893 3830 quem
1943 3759 2073 3814 fecit

488 3853 661 3907 secari
718 3868 867 3908 serra
901 3854 1073 3925 lignea
1116 3853 1388 3910 Manasses
1436 3870 1553 3920 rex,
1602 3853 1695 3923 qui
1743 3852 1908 3907 ﬁliam
1954 3853 2069 3924 ejus

486 3942 716 3999 habebat
743 3945 797 3999 in
827 3961 1072 4001 uxorem.
1103 3945 1307 4001 Tentati
1333 3955 1474 4012 sunt,
1497 3954 1558 4001 ut
1588 3946 1859 4001 Abraham
1885 3954 1939 4000 et
1976 3946 2068 4001 alii

488 4034 662 4101 multi,
693 4052 799 4090 non
826 4038 893 4091 ad
922 4036 1312 4106 deceptionem,
1352 4037 1447 4092 sed
1484 4038 1662 4108 potius
1697 4036 1763 4091 ad
1791 4038 2066 4106 probatio-

486 4143 632 4193 nem,
661 4127 753 4182 illa
804 4128 1011 4184 scilicet
1061 4130 1356 4183 tentatione
1395 4130 1460 4182 de
1497 4145 1601 4199 qua
1660 4128 1894 4184 dicitur:
1929 4129 2065 4184 Ten-

486 4230 563 4274 tat
608 4237 693 4275 vos
741 4218 998 4274 Dominus
1055 4216 1194 4275 Deus
1246 4230 1432 4284 vester,
1482 4220 1533 4275 id
1578 4230 1662 4275 est
1701 4221 1894 4290 probat
1933 4236 2062 4288 vos;

486 4328 612 4367 nam
643 4310 783 4365 Deus
824 4311 1107 4365 intentator
1134 4310 1394 4364 malorum
1419 4320 1492 4364 est
1523 4308 1663 4382 (Jac.
1707 4311 1770 4380 1).
1813 4311 1882 4365 In
1924 4314 2065 4366 occi-

485 4405 631 4458 sione
653 4402 817 4473 gladii
855 4402 1048 4457 mortui
1088 4411 1226 4466 sunt,
1276 4411 1334 4455 ut
1375 4401 1533 4457 Urias
1573 4411 1625 4456 et
1653 4401 1850 4469 Josias,
1887 4413 1943 4459 et
1975 4404 2065 4459 alii

486 4494 659 4549 multi.
694 4494 1076 4547 Circnmierunt
1108 4494 1162 4547 in
1190 4492 1413 4559 melotis,
1454 4494 1509 4548 in
1555 4494 1773 4563 pellibus
1811 4497 2063 4566 caprinis,

485 4596 709 4656 egentes,
736 4585 1042 4655 angustiati,
1067 4584 1260 4656 amicti.
1300 4585 1473 4641 Eliam
1514 4586 1567 4641 in
1612 4587 1714 4641 hoc
1752 4586 1871 4642 loco
1895 4586 2062 4643 debe-

486 4693 607 4731 mus
638 4676 952 4746 intelligere,
983 4685 1038 4731 et
1069 4676 1202 4732 alios
1225 4678 1316 4749 qui
1361 4678 1536 4733 taliter
1575 4686 1828 4750 egerunt,
1876 4688 1929 4734 et
1971 4681 2063 4749 qui

487 4765 667 4821 alllicti
691 4766 926 4837 undique
949 4767 1187 4838 penuriis
1212 4776 1267 4824 et
1294 4768 1730 4824 tribulationibus
1748 4770 2061 4839 angustiati,

487 4858 591 4912 ﬁde
629 4857 999 4913 sustinuerunt
1037 4860 1239 4927 omnia,
1268 4869 1326 4915 ut
1358 4861 1425 4915 ad
1448 4860 1839 4916 desideriorum
1871 4875 2063 4930 super-

482 4966 675 5007 norum
704 4952 922 5021 praemia
965 4960 1186 5022 possent
1211 4953 1514 5022 pervenire.
1555 4951 1743 5009 Omnis
1767 4961 1947 5008 autem
1979 4954 2066 5009 in-

480 5041 718 5112 digcntia
739 5049 794 5095 et
811 5048 1025 5111 egestas
1051 5042 1299 5112 angustia
1323 5049 1571 5107 vocatur,
1591 5058 1697 5113 qua
1727 5043 2067 5114 angustiatur

479 5134 663 5200 homo,
690 5132 742 5188 id
763 5142 847 5189 est
867 5132 1137 5206 allligitur,
1154 5150 1249 5191 seu
1273 5132 1415 5189 fame
1438 5150 1531 5190 seu
1553 5135 1657 5190 alia
1686 5135 1887 5207 inopia.
1905 5134 2064 5191 Melo-

481 5234 591 5280 tam
617 5226 804 5281 dicunt
825 5225 1045 5297 quidam
1066 5242 1237 5297 genus
1262 5242 1382 5284 esse
1410 5228 1713 5283 vestimenti
1741 5242 1809 5282 ex
1835 5226 2065 5297 pellibus

481 5316 738 5386 caprinis,
768 5332 833 5373 ex
857 5333 964 5373 uno
988 5317 1156 5374 latere
1183 5318 1513 5389 dependens,
1537 5334 1646 5389 quo
1666 5334 1867 5392 genere
1892 5319 2063 5374 vesti-

483 5413 671 5479 menti,
712 5425 933 5486 propter
968 5416 1311 5486 asperitatem
1333 5416 1390 5477 in
1428 5415 1661 5489 Egypto
1698 5417 1947 5473 monachi
1978 5416 2062 5473 di-

486 5512 680 5558 cuntur
708 5506 807 5560 uti.
838 5506 985 5563 Elias
1024 5522 1237 5578 quoque
1275 5506 1471 5578 legitur
1494 5523 1622 5564 usus
1645 5508 1750 5564 isto
1776 5508 1960 5565 fuisse.
1990 5508 2063 5565 At

486 5608 609 5651 vero
650 5598 867 5667 quidam
911 5600 1097 5656 dicunt
1135 5616 1202 5655 ex
1246 5591 1473 5671 pellibus
1523 5602 1650 5666 taxi,
1693 5617 1865 5673 genus
1889 5602 2058 5659 vesti-

478 5688 646 5743 menti
677 5698 760 5745 est
781 5692 1155 5762 compositum.
1198 5692 1297 5748 Est
1318 5693 1462 5748 enim
1501 5693 1701 5748 animal
1730 5693 1872 5764 quod
1902 5702 2061 5750 taxus

480 5787 707 5835 vocatur
730 5790 783 5836 et
806 5783 1015 5849 melius,
1041 5783 1230 5839 solitus
1246 5784 1494 5839 habitare
1517 5785 1570 5839 in
1600 5786 1848 5842 cavernis
1869 5794 2058 5841 terrae:

474 5867 631 5939 cujus
659 5870 811 5940 pellis
851 5874 1063 5946 hispida
1089 5891 1211 5933 esse
1257 5876 1450 5947 fertur,
1488 5891 1519 5934 a
1553 5892 1662 5950 quo
1708 5879 1927 5936 nomine
1968 5881 2062 5939 de-
2102 5959 2115 5964 ﬁ

2090 4636 2146 4697 D

2172 2031 2446 2101 quomodo
2482 2037 2696 2100 poterat
2746 2028 2869 2085 talis
2899 2045 2965 2085 ac
3015 2038 3195 2091 tantus
3235 2030 3324 2083 vir
3355 2030 3673 2100 comparari
3712 2036 3770 2084 ut

2170 2120 2383 2191 Moyses
2406 2120 2528 2187 fuit,
2553 2120 2665 2191 qui,
2693 2119 2911 2190 quando
2935 2118 3123 2185 voluit,
3149 2135 3300 2175 mare
3315 2120 3539 2185 divisit,
3564 2118 3763 2190 quantb

2168 2210 2357 2277 voluit,
2384 2226 2553 2281 aquas
2573 2212 2691 2282 ejus
2720 2208 2953 2276 reduxit,
2986 2210 3203 2281 quando
3232 2212 3429 2277 voluit,
3470 2227 3678 2266 manna
3705 2210 3755 2266 de

2170 2303 2308 2359 caelo
2352 2302 2680 2358 descendere
2706 2300 2853 2369 fecit,
2885 2318 3081 2373 aquam
3110 2301 3178 2358 de
3207 2311 3367 2374 petra
3408 2301 3694 2374 produxit,
3716 2313 3764 2360 et

2169 2404 2363 2451 caetera
2388 2393 2804 2450 innumerabilia
2828 2410 2949 2466 quas
2970 2393 3098 2450 fecit
3117 2393 3299 2466 (Deut.
3330 2395 3487 2466 vin).
3519 2394 3613 2450 Vel
3636 2412 3761 2465 quo.

2167 2488 2328 2542 modo
2370 2494 2582 2556 poterat
2620 2485 2925 2556 comparari
2973 2487 3151 2558 pretio
3195 2486 3488 2542 mundano
3531 2487 3641 2542 talis
3688 2502 3751 2543 ac

2169 2582 2351 2635 tantus
2378 2579 2460 2633 vir
2499 2588 2560 2634 ut
2586 2578 2688 2634 fuit
2714 2578 2876 2636 Iosue
2902 2594 3184 2636 successor
3221 2578 3366 2649 ejus,
3398 2581 3525 2650 qui,
3562 2580 3759 2651 quando

2167 2668 2358 2736 voluit,
2385 2669 2553 2724 solem
2585 2684 2649 2725 ac
2680 2668 2893 2735 lunam,
2924 2669 3012 2723 illa
3040 2670 3146 2725 duo
3174 2669 3417 2724 maxima
3461 2670 3760 2734 luminaria,

2168 2774 2276 2814 uno
2307 2759 2361 2813 in
2392 2759 2514 2814 loco
2536 2768 2683 2815 stare
2723 2759 2871 2826 fecit,
2896 2760 3121 2816 dicens:
3152 2758 3246 2815 Sol
3287 2770 3483 2815 contra
3537 2757 3763 2825 Geticos,

2166 2859 2212 2904 et
2246 2849 2374 2904 luna
2403 2861 2585 2905 contra
2629 2851 2817 2906 vallem
2870 2851 3061 2906 Aialon
3107 2868 3170 2906 ne
3216 2852 3484 2906 movearis
3511 2852 3540 2904 .’
3570 2852 3764 2923 (loses,

2167 2938 2248 3011 ι.)
2276 2939 2547 2997 Fortassis
2574 2941 2704 2997 dicit
2729 2940 2922 3012 aliquis
2970 2957 2984 2995 :
3018 2940 3142 2997 Ideo
3182 2958 3287 2996 non
3325 2951 3599 3012 poterant
3648 2944 3764 3005 (sui,

2165 3030 2292 3100 quia
2360 3047 2467 3087 non
2538 3040 2789 3102 poterant
2856 3032 3120 3099 inveniri;
3186 3031 3381 3104 utique
3444 3049 3650 3088 verum
3695 3038 3768 3087 est

2166 3123 2292 3191 quia
2344 3138 2453 3178 non
2504 3132 2757 3194 poterant
2810 3124 2864 3180 in
2902 3133 3016 3182 toto
3062 3123 3263 3180 mundo
3303 3125 3522 3183 similes
3564 3125 3767 3182 illorum

2172 3214 2450 3270 inveniri:
2491 3222 2545 3270 et
2592 3216 2637 3271 si
2681 3216 3014 3287 potuissent,
3046 3232 3392 3289 nequaquam
3437 3218 3561 3273 ullo
3607 3218 3767 3288 pretio

2171 3313 2394 3375 possent
2422 3306 2748 3376 comparari,
2775 3307 3028 3376 quoniam
3052 3305 3196 3377 quod
3227 3314 3372 3362 totus
3398 3309 3647 3363 mundus
3684 3325 3769 3364 ne-

2170 3397 2358 3468 quibat
2392 3396 2688 3468 perlicerc,
2742 3398 2848 3453 hoc
2893 3414 3033 3454 unus
3071 3398 3288 3453 illorum
3332 3400 3512 3455 verbo
3562 3402 3765 3473 agebat.

2170 3489 2305 3544 Nam
2331 3505 2453 3545 cum
2486 3497 2630 3546 totus
2658 3491 2889 3546 mundus
2916 3490 3245 3560 tetnporihus
3281 3491 3419 3546 Elim
3466 3491 3767 3549 laborasset

2168 3598 2266 3654 per
2292 3591 2405 3639 tres
2435 3598 2608 3639 annos
2631 3591 2685 3639 et
2707 3597 2801 3639 sex
2826 3599 3045 3659 menses
3071 3582 3334 3645 siccitate,
3368 3600 3475 3640 nec
3502 3587 3766 3656 potuisset

2169 3678 2409 3749 pluviam
2440 3678 2755 3748 impetrare,
2798 3678 2965 3732 verbo
2993 3677 3123 3732 Elia:
3151 3686 3352 3747 apertae
3381 3687 3521 3732 sunt
3566 3687 3769 3733 catara—

2170 3780 2271 3826 ctae
2298 3769 2441 3835 coeli,
2473 3778 2529 3826 et
2552 3770 2702 3825 venit
2727 3768 2908 3839 pluvia
2934 3784 3098 3838 super
3122 3767 3315 3823 faciem
3352 3776 3547 3824 terrae.
3590 3769 3658 3824 In
3687 3788 3768 3825 se-

2168 3860 2477 3915 litudinibus
2502 3870 2750 3925 errantes,
2779 3861 2835 3915 in
2860 3861 3118 3914 montibus
3140 3868 3187 3914 et
3214 3857 3486 3931 speluncis
3510 3870 3565 3916 et
3598 3863 3653 3916 in
3683 3879 3769 3915 ca-

2169 3955 2335 4010 vernis
2369 3964 2540 4009 teme.
2582 3953 2755 4012 Ellam
2807 3954 3065 4009 eximium
3096 3953 3497 4026 prophetarum
3544 3955 3638 4011 hic
3664 3954 3771 4009 vult

2170 4044 2413 4114 intelligi,
2435 4052 2491 4100 et
2514 4043 2653 4100 ﬁlios
2677 4044 3064 4115 prophetarum
3100 4044 3191 4115 qui
3222 4043 3573 4115 temporibus
3595 4045 3771 4101 Achab

2167 4146 2222 4191 et
2250 4135 2516 4191 Jezabelis
2552 4135 2715 4207 fugati
2742 4144 2891 4199 sunt,
2914 4150 2979 4190 eo
3011 4137 3153 4205 quod
3181 4133 3450 4191 voluisset
3480 4152 3582 4191 eos
3619 4135 3768 4192 Ieza-

2165 4226 2255 4282 bel
2283 4227 2607 4293 interﬁcere,
2631 4234 2759 4283 tunc
2784 4228 3044 4297 temporis
3070 4228 3217 4297 pavit
3235 4243 3332 4283 eos
3354 4230 3771 4300 quinquagenos

2166 4316 2372 4373 Abdias
2396 4318 2450 4372 in
2479 4317 2751 4388 Speluncis
2778 4318 2904 4372 etin
2929 4319 3175 4373 cavernis
3200 4325 3382 4373 terrae.
3422 4318 3772 4376 Undeetme-

2169 4407 2279 4461 ruit
2307 4409 2507 4462 donum
2534 4408 2829 4478 prophetia:
2852 4406 3009 4477 juxta
3033 4407 3176 4478 quod
3200 4408 3474 4465 Dominus
3515 4412 3575 4465 in
3605 4412 3773 4466 Evan-

2167 4499 2310 4569 gelio
2333 4499 2482 4565 dicit,
2500 4500 2592 4570 qui
2615 4500 2803 4570 recipit
2828 4498 3147 4571 prophetam
3168 4501 3225 4555 in
3244 4502 3475 4557 nomine
3494 4505 3771 4576 pmpheta

2169 4592 2475 4648 mercedem
2499 4591 2778 4662 prophetae
2808 4592 3057 4662 accipiet.

2225 4685 2293 4739 Et
2320 4685 2374 4739 hi
2401 4700 2579 4739 omnes
2606 4684 2894 4739 testimonio
2917 4683 3043 4754 ﬁdei
3069 4685 3293 4756 probati,
3320 4703 3432 4741 non
3456 4700 3772 4759 acceperunt

2170 4775 2621 4845 repromissionem
2641 4816 2655 4839 ,
2681 4774 2789 4829 Deo
2827 4786 2922 4845 pro
2953 4776 3101 4829 nobis
3129 4774 3335 4847 aliquid
3365 4778 3564 4833 melius
3606 4780 3772 4849 prori-

2170 4866 2343 4931 dente,
2374 4880 2440 4919 ne
2491 4867 2603 4920 sine
2634 4865 2779 4919 nobis
2818 4878 3325 4920 consummarentur.
3380 4867 3491 4934 Qui
3523 4876 3659 4924 sunt
3688 4868 3772 4925 isti

2170 4957 2262 5027 qui
2292 4957 2603 5014 testimonio
2626 4952 2749 5013 ﬁdei
2786 4965 2911 5013 sunt
2938 4959 3183 5029 probati,
3220 4959 3327 5014 nisi
3371 4971 3572 5016 omnes
3619 4977 3774 5034 supe-

2170 5047 2285 5103 rius
2312 5048 2634 5104 memorati?
2658 5048 2897 5116 Quorum
2920 5058 3032 5104 tam
3062 5050 3210 5106 clara
3230 5059 3284 5106 et
3304 5050 3613 5110 laudabilis
3645 5054 3774 5112 ﬁdes

2169 5147 2593 5194 commemorata
2620 5147 2725 5205 est,
2752 5138 2920 5194 stellae
2946 5137 3200 5197 videlicet
3238 5140 3583 5200 ﬁrmamenti
3605 5186 3624 5211 ,
3671 5155 3773 5203 ter-

2169 5230 2288 5286 reni
2340 5231 2603 5298 homines,
2653 5240 2710 5287 et
2756 5232 3003 5289 caelestes
3054 5233 3251 5306 angeli,
3292 5236 3401 5290 vivi
3456 5236 3679 5309 lapides
3719 5248 3773 5296 et

2166 5321 2456 5393 splendidae
2505 5324 2836 5395 margaritae,
2872 5340 3104 5395 quorum
3156 5338 3319 5397 opera
3351 5345 3477 5398 qua:
3538 5341 3773 5403 egerunt

2167 5411 2330 5469 ﬁdem
2368 5427 2557 5469 eorum
2604 5415 2954 5483 conﬁrmant,
2982 5416 3242 5486 quoniam
3284 5417 3494 5489 absque
3522 5419 3638 5477 ﬁde
3674 5424 3770 5477 im-

2166 5504 2423 5576 possibile
2467 5512 2552 5561 est
2595 5506 2808 5576 placere
2848 5507 2978 5563 Deo.
3025 5506 3359 5564 Testimonio
3396 5510 3588 5581 itaque
3632 5511 3766 5592 ﬁdei

2164 5597 2382 5654 fuerunt
2408 5598 2642 5668 probati,
2674 5599 2776 5654 hoc
2806 5607 2908 5665 est,
2934 5601 3252 5671 operatione
3281 5612 3493 5668 sancta,
3518 5619 3647 5674 quae
3670 5621 3767 5675 per

2165 5690 2328 5747 ﬁdem
2380 5694 2725 5762 operabatur,
2759 5693 2919 5749 laude
2964 5693 3115 5766 digni
3170 5695 3375 5751 inventi
3427 5704 3582 5763 sunt,
3623 5697 3763 5753 ﬁdes

2166 5787 2308 5842 enim
2362 5785 2605 5840 illorum.
2624 5786 2875 5856 operibus
2926 5789 3143 5844 mundis
3186 5789 3589 5846 declarabatur.
3651 5787 3763 5844 Sed

2167 5895 2292 5938 cum
2313 5879 2390 5936 ita
2413 5884 2598 5936 essent
2630 5877 2892 5951 perfecti,
2925 5881 3409 5955 repromissionem
3452 5890 3570 5941 non
3593 5890 3760 5938 acce-
