4000 6344
207 509 423 574 perunt.
464 500 609 560 Dicit
661 517 792 577 ergo
828 504 1025 579 aliquis
1072 526 1086 563 :
1133 506 1272 579 Quid
1302 507 1383 564 eis
1430 505 1634 579 profuit
1675 506 1788 562 Deo

204 593 462 661 servisse,
514 593 565 649 si
615 594 882 654 hactenus
922 597 1040 657 sine
1080 597 1308 671 praemio
1354 596 1612 652 manent?
1640 594 1797 652 Absit

205 684 313 743 hoc
332 701 371 740 α
395 684 637 745 ﬁdelium
675 687 951 767 cordibus,
979 697 1043 745 ut
1069 688 1357 746 credamus
1382 702 1477 746 eos
1505 687 1624 743 sine
1658 701 1793 758 prte-

203 778 316 835 mio
346 793 589 836 manere.
626 778 821 839 Adhuc
862 781 1060 854 quippe
1089 780 1308 838 mortali
1360 796 1525 838 carne
1564 779 1797 835 circum-

204 867 338 936 dati,
366 884 621 941 magnum
635 871 915 942 praemium
932 880 1313 945 perceperunt,
1330 868 1545 928 videndi
1568 867 1795 939 scilicet,

201 959 486 1032 Deumque
533 964 893 1047 cognoscendi
913 1005 930 1033 ,
979 963 1257 1036 multaque
1325 964 1465 1019 mira
1521 960 1796 1035 patrandi,

199 1065 347 1107 nunc
372 1056 506 1111 'vero
543 1052 832 1141 quiescunt
855 1055 913 1111 in
949 1055 1154 1124 anima,
1185 1055 1243 1111 in
1271 1054 1605 1113 beatitudine
1642 1053 1798 1128 regni

198 1141 442 1202 caelestis
466 1144 723 1207 ineﬂ'abili
758 1147 944 1205 laetitia
965 1148 1332 1221 perfrueutes.
1372 1147 1479 1206 Sed
1517 1146 1798 1206 videamus

198 1234 331 1304 quid
355 1230 596 1294 Joannes
622 1238 691 1296 de
710 1228 826 1295 illis
849 1240 905 1297 in
942 1239 1269 1313 Apocalypsi
1296 1256 1393 1299 sua
1416 1240 1579 1308 dicit,
1611 1240 1799 1312 sicque

197 1323 357 1381 nobis
384 1316 827 1384 manifestabitur
848 1345 1014 1401 quam
1042 1331 1460 1402 promissionem
1486 1346 1598 1389 non
1642 1345 1800 1391 acce-

194 1421 397 1485 perunt
424 1433 437 1469 :
481 1413 619 1483 Vidi,
667 1416 846 1488 inquit
870 1418 1125 1488 Joannes,
1158 1421 1254 1476 sub
1274 1420 1445 1476 altare
1466 1421 1561 1478 Dei
1588 1422 1797 1477 animat

194 1506 593 1576 interfectorum
619 1516 833 1581 propter
848 1511 1063 1567 venum
1093 1502 1212 1579 Dei,
1240 1512 1380 1583 quod
1425 1512 1705 1580 habebant,
1747 1518 1798 1568 et

193 1596 503 1654 clamabant
523 1616 646 1657 suae
684 1614 899 1674 mgna,
932 1604 1162 1661 dicentes
1193 1619 1214 1660 .°
1245 1606 1551 1680 Usquequo,
1576 1606 1800 1662 Domini

190 1698 411 1745 sanctus
436 1700 488 1746 et
513 1706 694 1759 serus,
723 1706 830 1750 non
867 1694 1082 1766 iudicas
1128 1706 1178 1753 et
1209 1699 1444 1754 vindicas
1491 1699 1799 1771 sanguinem

191 1789 436 1837 nostrum
458 1782 526 1837 de
552 1783 636 1839 his
680 1785 771 1856 qui
796 1785 1037 1843 Mitem
1054 1789 1278 1844 interra
1298 1786 1437 1844 P‘Et
1483 1789 1625 1845 data:
1670 1794 1799 1845 stud

188 1872 300 1927 illis
319 1872 544 1945 singula
560 1875 715 1933 stola:
738 1878 907 1946 ιιιω,
931 1886 982 1936 et
1007 1881 1206 1936 dictum
1235 1891 1311 1937 est
1332 1881 1446 1938 illis
1483 1890 1542 1938 ut
1582 1883 1790 1955 requie-

187 1971 395 2017 scerent
423 1972 627 2036 tm
648 1966 823 2022 aditus
854 1969 1158 2049 .modicunt,
1184 1970 1352 2026 donec
1372 1970 1665 2043 impleatur
1684 1988 1794 2029 uu-

187 2069 381 2111 nerus
418 2071 808 2117 conservetur:
842 2071 901 2116 et
944 2062 1174 2133 fratrum
1471 2064 1658 2139 (Apoc.
1684 2065 1785 2139 vr).

187 2148 450 2225 Singulas
475 2153 645 2213 stolas
682 2157 847 2213 modo
872 2156 1077 2215 habent
1131 2160 1329 2216 animae
1368 2171 1689 2220 sanctorum
1718 2164 1791 2219 de

186 2258 290 2298 sua
320 2242 727 2303 immortalitate
749 2249 1067 2319 gaudentes,
1092 2259 1152 2307 et
1175 2251 1244 2308 de
1266 2251 1531 2309 felicitate
1568 2255 1641 2310 de
1678 2266 1789 2326 qua

183 2331 448 2393 fruuntur
504 2336 858 2396 exsultsnta.
880 2338 1047 2398 Bluss
1093 2356 1226 2399 vero
1273 2344 1442 2401 stolas
1484 2345 1784 2414 habebunt,

184 2440 321 2485 eum
340 2428 399 2483 in
426 2429 670 2500 generali
696 2434 1098 2492 mtioue
1126 2439 1434 2509 receperint
1462 2440 1786 2497 hnmortali-

186 2528 361 2579 tatem
390 2531 449 2578 et
469 2522 929 2597 incert-aptium
952 2526 1009 2583 in
1036 2542 1284 2600 corpore,
1312 2545 1474 2601 quam
1498 2533 1661 2589 modo
1686 2533 1787 2589 ha-

182 2610 324 2669 bent
368 2611 710 2673 solummodo
760 2617 819 2672 in
847 2618 1050 2675 mutus.
1098 2619 1252 2676 Hanc
1297 2632 1430 2693 ergo
1469 2624 1786 2693 promissio.

184 2719 319 2761 nem
368 2706 600 2763 necdum
639 2719 1034 2782 perceperunt,
1065 2712 1132 2769 de
1174 2727 1283 2785 qua
1326 2714 1496 2771 lsaias
1520 2714 1690 2772 dicit:
1720 2717 1783 2773 ln

186 2804 339 2853 lem
390 2811 493 2854 Bm
530 2798 771 2871 duplicis
808 2803 1205 2874 possidebunt,
1266 2806 1476 2863 scilicet
1528 2817 1651 2879 post
1697 2825 1785 2881 ge-

182 2888 438 2947 neralem
498 2895 976 2953 resurrectionem.
1037 2898 1107 2955 Et
1160 2912 1352 2956 revera
1408 2900 1490 2956 ita
1559 2900 1785 2976 dignum

183 2991 275 3040 est
307 2990 369 3039 ut
397 2983 495 3056 qui
518 2985 574 3042 in
606 3001 835 3060 corpore
853 2997 911 3047 et
934 2992 995 3047 iu
1020 2991 1205 3048 anima
1228 2992 1340 3050 Deo
1370 2992 1699 3061 servierunt,
1724 2993 1784 3051 in

186 3092 422 3152 corpore
448 3086 505 3138 et
528 3082 739 3153 pariter
766 3092 823 3139 et
862 3085 1044 3141 anima
1073 3086 1563 3142 remunerationem
1604 3087 1784 3159 perri:-

185 3173 364 3244 piant.
396 3174 659 3246 Quodque
689 3176 956 3247 sequitur,
1004 3178 1114 3235 Deo
1138 3192 1235 3250 pro
1260 3180 1410 3235 nobis
1431 3181 1633 3253 ntiquid
1664 3197 1783 3236 meo

186 3264 303 3320 lius
321 3265 641 3337 prouidente,
672 3282 738 3322 ne
762 3268 875 3323 sine
914 3269 1064 3324 nobis
1106 3282 1622 3339 consumerentur,
1676 3272 1782 3328 hoc

186 3363 299 3421 est,
325 3355 717 3427 perfectionem
740 3369 1207 3430 consequor-erum:
1232 3360 1330 3430 illi,
1361 3374 1513 3418 more
1542 3363 1783 3421 humano

186 3445 388 3517 agitur.
423 3444 589 3505 Verbi
612 3450 787 3520 gratia
816 3468 832 3506 :
858 3449 1016 3507 Sicut
1046 3453 1269 3522 quidam
1306 3453 1784 3514 ﬁlli’revcrtentes

184 3535 260 3591 de
301 3552 455 3609 agro,
498 3538 691 3595 dicunt
716 3541 859 3610 patri
904 3557 918 3595 :
952 3541 1135 3610 Pater,
1162 3543 1550 3603 ‘lﬁoravimus
1596 3546 1777 3614 hodie,

184 3638 386 3686 aestum
440 3631 574 3690 solis
615 3635 860 3705 perpessi
908 3650 1097 3692 sumus
1132 3636 1353 3709 (Mauh.
1406 3638 1524 3711 xx),
1564 3648 1785 3715 tempus

188 3728 283 3776 est
318 3728 380 3776 ut
408 3722 614 3781 tritum
635 3725 793 3783 nobis
822 3726 1208 3796 refectionem;
1250 3737 1309 3785 et
1332 3729 1423 3785 ille
1448 3730 1531 3787 eis
1552 3744 1782 3804 respuit.

201 3813 330 3869 deat
358 3831 373 3869 :
400 3812 671 3875 Sustinete
690 3826 986 3892 par-unmer
1023 3822 1376 3894 quoadusqu
1401 3825 1622 3881 veniant
1656 3838 1781 3883 om-

192 3919 301 3962 nes
322 3905 521 3966 fratres
545 3912 703 3968 vestri
726 3913 823 3983 qui
848 3914 1133 3971 nobiscum
1156 3915 1412 3972 similiter
1431 3917 1776 3986 laborabant,

186 4007 253 4055 et
276 4008 553 4061 tunc»cum
590 4004 674 4060 eis
714 4004 1037 4075 plenissime
1076 4007 1466 4078 epulabimim;
1498 4009 1579 4065 sic
1598 4009 1783 4066 omni-

176 4102 387 4166 potens
430 4095 578 4153 Deus
605 4099 1007 4176 quodammodo
1047 4100 1158 4172 egit
1187 4100 1315 4156 dum
1345 4115 1453 4156 non
1482 4100 1629 4157 dedit
1672 4100 1781 4158 ele-

173 4190 295 4250 ctis
347 4192 814 4251 immortalitatem
860 4190 917 4251 in
966 4211 1195 4268 corpore
1244 4202 1305 4252 ut
1351 4195 1523 4266 maior
1570 4196 1778 4267 gloria,

172 4283 477 4358 majusque
516 4286 665 4344 esset
703 4284 1054 4357 desiderium,
1083 4304 1208 4345 cum
1237 4303 1427 4347 omnes
1454 4290 1781 4361 generaliter

166 4378 242 4434 in
294 4377 384 4434 die
428 4377 615 4451 judicii
640 4379 799 4437 binas
837 4378 1005 4438 stolas
1048 4368 1378 4453 acceperint.
1431 4381 1500 4438 Et
1546 4382 1653 4438 hoc
1695 4388 1783 4441 est

158 4470 331 4543 Quod
352 4470 485 4528 dicit
509 4491 523 4528 :
556 4490 622 4529 ne
643 4475 756 4531 sine
798 4477 944 4532 nobis
962 4478 1063 4549 qui
1097 4477 1275 4535 adhuc
1298 4474 1387 4535 hic
1403 4499 1410 4506 ’
1426 4478 1780 4552 peregrinan-

158 4566 274 4618 tur
315 4562 704 4634 perfectionem
753 4578 1216 4642 consequerentur
1264 4570 1323 4626 in
1372 4571 1778 4628 resurrectione

154 4668 499 4729 corporum.
1166 4684 1171 4689 η

692 4832 698 4838 α
789 4800 1019 4861 CAPUT
1050 4801 1168 4859 Kl}.

248 4932 489 5010 Ideoque
520 4945 569 4993 et
593 4954 688 4994 nos
725 4941 928 4994 tantam
952 4924 1196 4996 habentes
1238 4940 1538 5011 impositam
1582 4939 1777 4996 nubem

137 5029 418 5094 testium,
455 5028 763 5101 deponentes
794 5047 947 5087 omne
981 5030 1187 5102 pondus
1218 5030 1271 5086 et
1301 5031 1650 5087 circumstans
1679 5049 1777 5088 nos

130 5128 488 5197 peccatum,
524 5136 617 5193 per
659 5120 969 5193 patientiam
1008 5138 1289 5177 curramus
1337 5121 1406 5176 ad
1448 5121 1777 5194 propositum

136 5214 336 5272 nobis
375 5224 656 5270 certamen.
694 5210 901 5270 Nubem
946 5204 1166 5271 testium
1196 5200 1429 5287 appellat
1468 5214 1781 5291 multitudiﬁ

128 5322 305 5368 nem
341 5302 773 5379 patriarcharum
815 5322 879 5363 ac
919 5307 1302 5379 prophetarum
1333 5306 1774 5379 reliquorumque

124 5392 427 5459 ﬁdelium
446 5398 535 5470 qui
559 5404 724 5454 testes
745 5392 965 5453 fuerunt
985 5396 1237 5470 perfecta:
1260 5394 1405 5464 ﬁdei,
1420 5406 1585 5455 testes
1603 5397 1775 5453 etiam

122 5484 303 5552 Filii
330 5490 448 5559 Dei,
475 5506 634 5562 quem
659 5490 1024 5563 praedixerunt
1064 5490 1120 5545 in
1161 5490 1422 5547 mundum
1454 5498 1766 5546 venturum.

116 5588 278 5660 Qui
327 5586 473 5643 bene
516 5582 686 5644 nubes
736 5593 1000 5642 vocantur
1042 5593 1267 5656 propter
1312 5574 1650 5640 altitudinem
1701 5599 1770 5640 ac

110 5668 583 5744 Inu'ltitudlnem
624 5679 961 5738 meritorum.
996 5670 1151 5735 Sicut
1191 5679 1335 5735 enim
1380 5678 1552 5736 nubes
1590 5692 1623 5732 a
1653 5676 1770 5735 sole

100 5760 553 5852 ἱῖμιιιιιίιὶιιιιιι,
606 5774 829 5847 ejusque
894 5771 1076 5829 calore
1146 5760 1522 5852 perfunditur,
1580 5770 1770 5841 sicque

96 5848 529 5951 pbstmodum
550 5876 750 5926 terram
771 5864 1021 5955 calefacit
1049 5873 1105 5923 et
1129 5848 1448 5949 plerumque
1477 5860 1799 5949 imbriﬁcat;

912 390 1279 453 EXPOSITIO
1313 389 1383 448 IN
1419 389 1571 451 EPP.
1612 390 1674 451 8.
1716 387 1947 463 ΡΑΠΙᾹ.
1982 416 2057 431 -
2091 387 2161 443 IN
2194 385 2413 447 EPIST.
2448 387 2543 445 AD
2574 384 2783 443 BEBR.

3382 383 3487 441 9l8

1814 506 1867 569 Δ
1893 500 2068 569 illam,
2116 502 2433 574 plerumque
2472 510 2653 559 autem
2695 498 3101 557 coruscationes
3142 496 3341 555 emittit
3370 516 3384 553 :
3410 500 3488 554 ita

1898 594 1977 650 illi
2001 593 2173 651 sancti
2195 582 2389 649 Patres
2418 609 2452 649 a
2483 607 2614 649 vero
2641 591 2756 648 sole
2800 586 3049 648 calefacti
3076 596 3240 662 atque
3282 588 3513 662 illumi—_
3542 641 3551 649 .

1897 686 2009 743 nati
2056 701 2155 743 suo
2203 682 2451 757 exemplo
2479 686 2644 743 corda
2669 684 2949 741 hominum
2971 658 3297 741 calefaciunt
3323 658 3515 754 atque:
3542 672 3545 679 ’

1897 782 2222 848 illuminant,
2238 796 2445 855 suoque
2464 791 2705 852 tempore
2718 776 2954 852 pluviam
2971 778 3271 835 emiserunt
3280 774 3486 849 verbis,

1897 881 1952 929 et
1973 876 2397 929 coruscarerunt
2432 870 2727 927 miraculis.
2754 868 3010 942 Imposita
3056 877 3139 924 est
3170 884 3300 940 ergo
3327 868 3487 924 nobis

1898 963 1953 1019 in
1994 962 2300 1035 exemplum
2342 969 2451 1018 tam
2496 976 2693 1034 magna
2730 960 2905 1017 nubes
2943 960 3195 1028 testium,
3226 968 3286 1015 ut
3324 958 3488 1015 ﬁdem

1899 1053 2115 1111 illorum
2153 1062 2208 1113 et
2247 1069 2409 1125 opera
2440 1052 2642 1111 imitari
2680 1060 3005 1124 satagamns.
3044 1051 3390 1124 Quapropter
3414 1049 3490 1106 si-

1898 1161 2017 1201 mus
2043 1144 2369 1216 deponentcs
2389 1159 2551 1199 omne
2572 1143 2784 1215 pondus
2819 1143 3075 1199 vitiorum
3097 1157 3196 1215 per
3220 1142 3492 1213 poenitena

1901 1239 2052 1305 tiam,
2079 1253 2328 1295 somnum
2346 1248 2573 1309 quoque
2596 1235 2850 1309 pigritiae,
2876 1243 2932 1291 et
2956 1234 3313 1307 cogitationes
3337 1235 3491 1292 inﬁr-

1898 1346 2037 1387 mas.
2072 1328 2179 1386 Per
2216 1331 2321 1386 hoc
2359 1337 2537 1385 autem
2566 1328 2708 1399 quod
2736 1326 3005 1393 subdidit,
3035 1336 3091 1383 et
3129 1327 3491 1386 circumstans

1899 1438 1999 1478 nos
2022 1429 2304 1494 peccatum
2341 1422 2510 1477 simus
2532 1420 2884 1491 deponentes,
2919 1419 3156 1477 ostendit
3178 1417 3390 1477 Judmos
3419 1433 3491 1478 ex

1898 1514 2048 1570 omni
2088 1522 2243 1586 parte
2283 1529 2315 1570 a
2357 1512 2574 1569 diabolo
2615 1513 2840 1579 tentari,
2870 1508 3262 1585 desideriisque
3298 1525 3493 1569 carna-

1896 1598 2041 1662 libus
2086 1605 2394 1669 deservire,
2424 1604 2718 1676 multisque
2764 1603 3001 1676 petmatis
3046 1604 3338 1661 abundare.
3384 1603 3494 1660 Per

1896 1696 2215 1770 patientiam
2244 1708 2528 1753 curramus
2556 1696 2625 1752 ad
2646 1695 2981 1767 propositum
3010 1696 3165 1751 nobis
3189 1702 3488 1764 certamen,

1898 1796 1959 1845 ut
2000 1789 2141 1847 sicut
2178 1788 2257 1845 illi
2304 1786 2679 1846 sustinuerunt
2738 1788 3009 1860 patienter
3054 1788 3279 1846 adversa
3327 1787 3491 1859 hujus

1817 1878 1868 1942 Β
1894 1883 2096 1949 saeculi,
2131 1883 2203 1939 ita
2234 1890 2289 1939 et
2337 1899 2435 1939 nos
2463 1882 2847 1938 sustineamus.
2882 1880 2999 1937 Non
3043 1880 3173 1937 dicit
3220 1879 3485 1938 addamus

1892 1974 2077 2031 cursui
2103 1982 2291 2033 nostro
2318 1972 2552 2045 aliquid,
2589 1974 2684 2030 sed
2712 1973 2765 2029 in
2793 1970 2981 2029 eodem
3020 1980 3491 2037 manentes,-cur-

1890 2080 2076 2125 ramus
2131 2065 2198 2121 ad
2240 2064 2568 2121 destinatum
2622 2064 2780 2121 nobis
2827 2071 3102 2120 certamen
3146 2061 3304 2133 juxta
3338 2060 3489 2133 quod

1888 2154 2177 2214 Psalmista
2222 2155 2355 2212 dicit
2403 2175 2415 2211 :
2456 2153 2611 2210 Viam
2641 2156 3013 2211 mandatorum
3042 2163 3250 2209 tuorum
3276 2152 3491 2209 cucurri

1890 2246 2066 2322 (Psal.
2096 2247 2307 2322 cxvm).
2336 2246 2393 2304 In
2421 2247 2681 2320 praesenti
2704 2247 2849 2303 enim
2875 2244 3072 2302 saeculo
3100 2245 3155 2301 in
3186 2245 3490 2302 certamine

1889 2352 2078 2397 sumus
2103 2340 2266 2412 positi
2309 2349 2499 2397 contra
2538 2339 2671 2396 vitia
2708 2338 2920 2405 carnis,
2965 2346 3157 2395 contra
3186 2338 3486 2406 damiones,

1888 2441 2083 2488 contra
2108 2430 2279 2488 falsos
2305 2430 2525 2499 fratres,
2550 2439 2607 2488 et
2632 2440 2856 2487 necesse
2871 2434 3041 2487 estut
3062 2429 3337 2501 patienter
3363 2445 3489 2484 cur-

1888 2536 2103 2585 ramus,
2142 2521 2263 2578 sive
2305 2520 2621 2593 expleamus
2664 2528 2941 2577 certamen
2988 2519 3163 2585 istud,
3214 2525 3486 2591 quatenus

1886 2611 2173 2683 pervenire
2214 2625 2499 2683 possumus
2533 2611 2603 2666 ad
2644 2610 2975 2682 promissum
3008 2609 3323 2667 certaminis
3347 2625 3487 2681 prte-

1887 2704 2080 2759 mium.

1958 2786 2303 2865 Aspiciamus
2337 2794 2394 2849 in
2440 2801 2707 2849 auctorem
2757 2793 2883 2863 ﬁdei
2921 2801 2969 2848 et
3013 2802 3486 2850 consummatorem

1887 2889 2070 2945 Iesum
2112 2889 2205 2960 qui
2246 2886 2511 2960 proposito
2557 2887 2656 2943 sibi
2702 2887 2898 2958 gaudio
2946 2887 3195 2942 sustinuit
3241 2904 3483 2957 crucem,

1889 2980 2196 3052 confusione
2237 2989 2548 3051 contempta.
2592 2977 2747 3059 Sicut
2778 2976 2869 3033 ﬁlii
2901 2986 3176 3050 parentes,
3214 2989 3271 3034 et
3314 2978 3483 3034 disci-

1889 3072 2001 3144 puli
2042 3072 2425 3144 magistrorum
2467 3071 2524 3126 ln
2552 3070 2731 3126 studio
2775 3069 2956 3140 operis
2985 3077 3147 3140 atque
3197 3068 3252 3124 in
3302 3078 3483 3125 certa-

1889 3164 2125 3220 minibus
2170 3165 2490 3229 attcndunt,
2536 3160 2896 3218 informantes
2941 3166 3181 3216 mentem
3226 3175 3293 3215 ex
3327 3170 3485 3231 parte

1807 3245 1857 3311 C
1886 3254 2204 3324 doctorum,
2244 3260 2518 3314 sumentes
2565 3254 2830 3326 quasdam
2877 3253 3092 3327 regulas
3139 3253 3208 3311 ab
3255 3252 3335 3309 eis
3385 3268 3484 3324 per

1884 3350 2097 3417 visunt,
2126 3350 2208 3406 ita
2248 3357 2305 3407 et
2348 3360 2447 3406 nos
2486 3349 2533 3407 si
2559 3348 2810 3406 volumus
2860 3362 3083 3405 currere
3107 3356 3163 3404 et
3190 3346 3397 3403 discere
3420 3353 3484 3402 ut

1886 3445 2027 3502 bene
2068 3454 2354 3501 curramus
2400 3442 2468 3498 ad
2518 3450 2797 3499 auctorem
2835 3441 2949 3498 sive
2988 3422 3485 3498 consummatbrem

1885 3536 2070 3594 Jesum
2096 3535 2398 3603 Christum,
2428 3532 2771 3592 attendamus
2791 3535 2884 3606 qui
2906 3532 3042 3590 dixit
3069 3532 3229 3590 nobis
3253 3530 3484 3589 :Discite

1887 3632 1921 3683 ὰ
1964 3645 2047 3685 me
2070 3632 2195 3703 quia
2240 3629 2384 3684 mitis
2423 3644 2540 3684 sum
2571 3635 2624 3684 et
2668 3626 2883 3682 humilis
2925 3625 3082 3682 corde
3120 3622 3335 3697 (Matth.
3368 3621 3479 3695 xi);

1885 3729 1944 3777 et
1973 3720 2102 3777 alibi
2135 3736 2149 3775 :
2182 3719 2244 3778 Si
2276 3734 2388 3787 me,
2418 3719 2612 3791 inquit,
2635 3729 2891 3791 persecat:
2917 3728 3072 3782 sunt,
3115 3727 3163 3773 et
3194 3734 3281 3774 uos
3307 3732 3486 3789 perse-

1885 3820 2112 3884 quentur
2136 3810 2320 3883 (Joan.
2350 3809 2474 3883 xv);
2503 3818 2558 3865 et
2585 3828 2599 3864 :
2629 3808 2691 3867 Si
2711 3807 3148 3880 patremfamilias
3187 3805 3481 3885 Beelzebub

1887 3913 2218 3972 vocaverunt,
2232 3910 2430 3976 quanto
2456 3902 2622 3973 magis
2636 3901 2947 3957 domesticos
2973 3901 3089 3972 ejus
3106 3899 3133 3954 7
3147 3897 3367 3971 (Matth.
3395 3896 3481 3971 ι.)

1883 3994 2245 4053 Attendamus
2300 3994 2357 4049 in
2405 3986 2716 4059 Christum,
2773 3998 2830 4047 et
2892 3990 3221 4061 accipiamus
3272 3987 3330 4043 in
3385 3985 3483 4044 illo

1883 4088 2195 4160 exemplum
2232 4085 2549 4157 patientiae,
2601 4084 2691 4155 qui
2736 4082 2909 4139 dixit:
2950 4080 3054 4148 Qui
3079 4079 3483 4153 perseveraverit

1884 4194 2053 4254 usque
2097 4178 2152 4235 in
2192 4178 2373 4250 ﬁnem,
2416 4178 2501 4233 hic
2551 4175 2727 4232 salvus
2772 4175 2870 4231 erit
2897 4173 3113 4246 (Matth.
3156 4170 3329 4246 xxxv).
3356 4170 3482 4243 Ipse

1884 4286 2122 4347 namque
2161 4282 2248 4330 est
2286 4280 2475 4329 auctor
2519 4268 2644 4326 ﬁdei
2687 4276 2744 4327 et
2787 4275 3214 4325 consummatur.
3273 4265 3483 4321 Auctor

1884 4364 2011 4424 ﬁdei
2046 4366 2201 4423 nobis
2228 4373 2344 4432 est,
2373 4364 2500 4436 quia
2544 4363 2659 4434 ipse
2687 4362 2842 4419 nobis
2865 4360 3027 4419 ﬁdem
3062 4358 3315 4416 infundit.
3357 4356 3480 4415 Non
3524 4417 3529 4421 _

1882 4462 2029 4518 enim
2062 4468 2355 4531 possumus
2390 4452 2637 4522 credere,
2678 4454 2784 4511 nisi
2831 4453 2899 4510 ab
2928 4450 3020 4508 illo
3054 4450 3476 4523 praeveniamur.

1884 4550 2040 4611 Unde
2060 4552 2181 4624 ipse
2223 4550 2469 4607 ﬁdelibus
2495 4548 2611 4604 suis
2635 4547 2806 4604 dicit:
2841 4544 2966 4601 Non
2991 4561 3079 4600 vos
3107 4560 3189 4599 me
3226 4540 3477 4615 elegistis,

1803 4615 1862 4681 Β
1885 4647 1977 4702 sed
2014 4615 2106 4717 ego
2136 4642 2265 4716 elegi
2286 4658 2372 4697 vos
2394 4638 2578 4715 (Joan.
2602 4640 2718 4717 xv).
2740 4639 2863 4712 lpse
2893 4645 3303 4695 consummatur
3326 4636 3475 4705 ﬁdei,

1884 4741 2000 4798 sive
2028 4734 2299 4810 perfector
2325 4743 2431 4801 est,
2460 4733 2588 4805 quia
2634 4730 3160 4807 consummationem
3202 4729 3317 4785 sive
3342 4742 3475 4800 per-

1884 4830 2176 4891 fectionem
2216 4828 2373 4886 nobis
2409 4834 2629 4900 praestat
2657 4827 2711 4882 in
2734 4820 2846 4883 hoc
2879 4835 2939 4881 ut
2979 4825 3037 4880 in
3084 4822 3189 4879 ﬁde
3212 4832 3473 4894 perseve-

1885 4941 2089 4983 remus.
2124 4922 2253 4979 Sive
2298 4921 2355 4976 in
2400 4920 2506 4975 hoc
2554 4910 2827 4991 per'léétor
2877 4925 2964 4973 est
3018 4912 3165 4980 ﬁdei,
3211 4912 3340 4985 quia
3379 4911 3474 4967 dat

1883 5016 2218 5073 voluntatem
2246 5018 2410 5081 atque
2446 5008 2867 5085 possibilitatem
2897 5003 3212 5079 perﬁciendi
3240 5002 3471 5069 bonum,

1881 5120 1992 5184 quo
2036 5106 2153 5179 ipsa
2198 5102 2335 5161 ﬁdes
2388 5110 2701 5159 exornetur.
2734 5096 2879 5157 Nam
2909 5099 3041 5170 ﬁdes
3073 5099 3186 5153 sine
3231 5094 3473 5168 operibus

1828 5263 1835 5269 _
1880 5182 2126 5274 perfecta
2153 5210 2261 5253 non
2289 5196 2375 5252 est
2406 5212 2420 5250 :
2446 5202 2656 5250 mortua
2694 5190 2843 5248 enim
2872 5199 2947 5247 est
2989 5189 3131 5263 (Jac.
3165 5183 3250 5260 ιι).
3279 5182 3341 5241 In
3376 5184 3471 5242 illo

1878 5294 2027 5351 enim
2046 5303 2236 5346 omnes
2256 5284 2645 5359 perfectionem
2670 5284 2932 5341 habemus
2953 5281 3045 5354 qui
3065 5277 3341 5353 proposito
3365 5275 3472 5333 sibi

1880 5386 2077 5460 gaudio
2120 5380 2378 5440 sustinuit
2405 5372 2794 5449 crucem-Ipse
2820 5370 2989 5433 Filius
3027 5373 3125 5431 Dei
3160 5378 3471 5444 proponens

1878 5481 2004 5549 sibi,
2036 5480 2140 5535 hoc
2159 5484 2244 5533 est
2278 5475 2334 5531 in
2362 5472 2652 5546 praesentia
2678 5487 2776 5527 sua
2813 5478 3056 5527 statuens
3094 5466 3350 5542 gaudium
3380 5478 3469 5521 re-

1880 5566 2234 5632 surrectionis
2263 5576 2427 5637 atque
2473 5562 2807 5621 ascensionis
2832 5563 2887 5618 in
2932 5560 3160 5627 cmlum,
3195 5559 3470 5628 totiusque

1879 5668 2066 5740 gloria:
2097 5678 2258 5737 quam
2286 5659 2529 5733 percepit
2552 5667 2676 5730 post
2716 5657 3169 5714 resurrectionem
3208 5650 3470 5711 sustinuit

1880 5748 2100 5820 crucem
2126 5762 2349 5830 propter
2389 5753 2494 5809 hoc
2531 5748 2675 5822 quod
2718 5751 2774 5807 in
2816 5758 3092 5822 postremo
3117 5747 3336 5805 videbat
3358 5745 3471 5804 sibi

1796 5882 1829 5949 ιι
1877 5852 2248 5931 profuturum.
2316 5844 2642 5906 Confusioue
2686 5854 3028 5919 centempta,
3092 5847 3199 5904 hoc
3237 5850 3325 5903 est
3356 5855 3469 5916 pro
