3974 6448
489 446 631 508 M9-

973 441 1335 503 HAYMONIS
1373 434 1852 501 HALBERSTAT.
1892 430 2109 493 EPISC.
2150 430 2300 490 OPP.
2340 427 2523 487 PARS
2556 429 2600 485 l.
2627 459 2696 472 -ιτ
2726 420 3085 485 COMMENT.
3125 427 3297 486 BIBL.

3696 423 3811 482 9Ξὺ

486 571 665 628 nihilo
704 570 963 642 deputata
1003 568 1334 625 verecundia
1356 609 1371 633 ,
1419 564 1676 636 quoniam
1719 562 1837 619 sine
1883 559 2077 615 erube-
2108 561 2161 623 Α
2184 554 2328 625 quod
2356 552 2551 609 beatus
2592 549 2887 621 Apostolus
2927 550 3091 607 modo
3134 550 3192 606 in
3218 548 3533 621 exemplum
3579 563 3813 605 assum-

488 662 697 718 scentia
743 671 798 716 et
848 660 1171 716 verecundia
1220 659 1350 714 illud
1393 657 1747 729 opprobrium
1797 650 2075 708 sustinuit.

486 753 756 810 Gaudium
797 768 1032 822 namque
1062 752 1362 806 maximum
1394 750 1496 805 fuit
1521 749 1598 804 illi
1625 748 1769 818 quod
1795 761 1894 817 pro
1923 746 2081 801 nobis

486 853 573 903 est
612 862 826 918 passus,
862 855 922 901 ut
965 845 1298 901 voluntatem
1347 846 1445 901 Dei
1474 843 1651 899 Patris
1696 840 1943 912 impleret
1982 854 2080 910 pro

485 954 593 1010 quo
618 949 803 1009 postea
836 939 1136 1010 potentiam
1172 954 1337 1009 supra
1380 953 1598 994 omnem
1637 945 1948 993 creaturam
1991 950 2083 991 ac-

483 1034 648 1105 cepit.
699 1033 852 1090 Unde
904 1034 1022 1105 ipse
1065 1033 1198 1089 dicit
1240 1051 1253 1087 :
1304 1033 1574 1087 Desiderio
1630 1030 1924 1086 desideravi
1985 1031 2081 1084 hoc

484 1129 683 1199 pascha
706 1128 1031 1182 manducare
1053 1126 1317 1183 vobiscum
1349 1126 1500 1198 (Luc.
1531 1127 1690 1197 χιιι).
1721 1125 1780 1182 Si
1803 1127 1969 1199 igitur
1994 1125 2085 1180 ille

485 1217 579 1288 qui
617 1218 821 1274 nullam
872 1218 1064 1273 habuit
1108 1218 1488 1274 necessitatem
1540 1226 1603 1272 ut
1652 1218 2080 1306 cruciﬁgeretur,

485 1310 781 1367 crucifixus
802 1319 887 1365 est
913 1318 1136 1380 propter
1165 1326 1285 1378 nos,
1321 1320 1524 1380 quanto
1554 1311 1728 1383 magis
1762 1309 1968 1381 justum
2001 1322 2084 1368 est

485 1417 588 1457 nos
626 1403 807 1456 omnia
834 1400 1049 1458 fortiter
1085 1403 1352 1467 tolerare?
1378 1402 1460 1457 Ad
1487 1404 1590 1459 hoc
1614 1404 1798 1476 itaque
1824 1391 2085 1461 Dominus

487 1493 744 1564 apparuit
785 1493 841 1548 in
881 1508 1046 1549 carne
1088 1502 1150 1550 ut
1198 1497 1490 1550 humanam
1536 1495 1706 1550 vitam
1749 1495 2088 1552 admonendo

488 1585 781 1653 excitaret,
801 1586 1105 1657 exemplum
1125 1587 1418 1658 prtebendo
1437 1585 1780 1653 accenderet,
1805 1587 2086 1644 moriendo

486 1680 799 1747 redimeret,
836 1681 1168 1752 resurgendo
1205 1690 1504 1754 repararet.
1544 1680 1772 1752 Propter
1800 1681 1905 1738 hoc
1940 1681 2087 1737 enim

484 1771 770 1838 morietur,
820 1782 880 1827 ut
929 1774 1149 1830 doceret
1200 1789 1298 1829 nos
1340 1774 1473 1829 nihil
1523 1775 1819 1830 exstimare
1860 1773 2083 1845 gloriam

489 1877 610 1932 quae
647 1862 716 1918 ab
745 1862 1059 1919 hominibus
1098 1862 1358 1920 defertur.
1389 1863 1556 1937 Atque
1600 1868 1657 1920 in
1696 1866 1912 1920 dextera
1949 1866 2087 1921 sedis

485 1952 586 2007 Dei
614 1951 788 2018 sedet,
830 1953 935 2008 hoc
969 1962 1053 2010 est
1096 1954 1152 2009 in
1199 1957 1560 2024 prosperitate
1605 1964 1822 2012 aeternae
1854 1957 1978 2012 vitae
2029 1964 2084 2013 et
2111 1946 2158 2006 Β

482 2042 822 2115 plenitudine
868 2053 1109 2115 paternae
1149 2047 1466 2131 majestatis.
1500 2047 1558 2104 Si
1608 2048 1753 2104 nulla
1798 2058 1945 2106 esset
1973 2050 2082 2107 alia

483 2136 582 2193 Dei
610 2138 902 2208 promissio
930 2147 987 2193 et
1013 2140 1353 2208 exhortatio,
1393 2141 1535 2196 istud
1570 2140 1742 2197 solum
1775 2141 2080 2213 exemplum

485 2226 750 2284 debuerat
803 2227 1072 2297 suilicere,
1105 2232 1251 2303 quod
1295 2232 1350 2288 in
1404 2234 1508 2289 hoc
1577 2249 1697 2290 ιοοο
1747 2235 1815 2290 de
1864 2233 2083 2292 Christo

483 2317 724 2373 ostendit
753 2316 1045 2389 Apostolus
1073 2321 1141 2376 ad
1177 2325 1617 2394 persuadendum
1642 2323 1826 2381 omnia
1853 2326 2083 2382 adversa

485 2408 760 2479 patienter
791 2409 1047 2480 tolerare,
1090 2421 1151 2468 ut
1195 2430 1318 2470 cum
1365 2416 1583 2472 Christo
1621 2431 1930 2473 mereamur
1954 2433 2084 2473 con-

486 2500 665 2556 sidere
704 2502 757 2556 in
795 2502 988 2575 gloria.
1020 2503 1342 2578 Recogitate,
1374 2526 1492 2563 eum
1518 2511 1608 2581 qui
1637 2514 1799 2566 talem
1834 2514 2083 2568 sustinuit

483 2610 519 2647 a
567 2597 927 2664 peccatoribus
952 2598 1201 2653 adversus
1230 2602 1563 2672 semetipsum
1593 2605 2081 2673 contradictionem,

489 2695 546 2739 ut
595 2702 700 2741 non
740 2687 1033 2759 fatigemini
1080 2691 1270 2745 animis
1313 2694 1495 2747 vestris
1541 2693 1857 2762 deﬁcientes.
1889 2695 2084 2752 Omnia

491 2775 719 2831 adversa
768 2793 888 2848 qua:
934 2778 1184 2837 Christus
1230 2783 1492 2838 sustinuit
1540 2800 1567 2839 a
1609 2783 1811 2842 Judaeis
1846 2805 1860 2841 :
1900 2787 2084 2860 plagas

490 2867 720 2935 scilicet,
758 2870 1059 2937 irrisiones,
1094 2882 1275 2944 sputa,
1298 2876 1580 2948 colaphos,
1608 2879 1808 2951 alapas,
1836 2880 2086 2955 blasphe-

488 2959 659 3025 niias,
712 2960 993 3033 ipsamque
1041 2974 1302 3033 mortem,
1354 2968 1645 3039 Apostolus
1696 2972 1811 3027 solo
1866 2975 2086 3032 nomine

490 3050 939 3108 contradictionis
997 3056 1286 3112 ostendere
1349 3059 1535 3115 voluit.
1589 3060 2083 3134 Rememoramini,

487 3143 687 3212 inquit,
717 3141 1016 3213 Christum,
1058 3149 1153 3219 qui
1200 3157 1352 3207 tanta
1392 3168 1457 3209 ac
1486 3154 1617 3210 talia
1666 3158 1923 3214 sustinuit
1949 3176 2083 3217 con—

486 3236 656 3291 traria
686 3252 785 3307 pro
824 3240 1226 3308 peccatoribus,
1257 3244 1351 3314 qui
1379 3256 1662 3316 peccatum
1694 3265 1801 3305 non
1836 3250 2078 3308 fecerat:

488 3335 547 3381 ut
588 3342 687 3382 nos
723 3328 815 3398 qui
848 3339 1280 3403 transgressores
1309 3345 1365 3391 et
1404 3348 1718 3407 peccatores
1744 3356 1865 3398 esse
1899 3346 2089 3416 digno-

489 3418 727 3485 scimini,
760 3434 865 3474 non
889 3420 1190 3493 fatigemini
1224 3426 1539 3486 deﬁcientes
1562 3431 1617 3485 in
1641 3433 1837 3491 animis
1857 3437 2085 3493 vestris:

490 3508 587 3562 sed
624 3509 887 3565 imitando
918 3511 1101 3580 illum,
1147 3517 1407 3573 sustinete
1434 3521 1631 3577 similia
1664 3526 1952 3593 patienter.
1981 3526 2091 3584 Ad-

489 3612 684 3655 versus
728 3602 1077 3675 temetipsum
1122 3610 1380 3665 sustinuit
1415 3610 1666 3670 Christus
1706 3618 2092 3677 contradictio-

491 3706 644 3762 nem,
672 3693 725 3749 id
758 3705 861 3762 est,
894 3697 1103 3754 dimisit
1147 3700 1269 3759 illos
1288 3707 1586 3762 secundum
1615 3711 1760 3779 quod
1804 3712 2093 3771 voluerunt

492 3781 676 3840 facere
720 3795 908 3843 contra
944 3804 1004 3845 se
1038 3808 1051 3844 :
1093 3791 1230 3848 nihil
1274 3794 1354 3871 eis
1390 3798 1790 3857 contradicens.
1831 3802 2093 3862 Hortatur

492 3884 676 3932 autem
703 3893 796 3933 eos
822 3894 889 3934 ne
916 3879 1169 3938 deﬁciant
1188 3883 1244 3939 in
1274 3886 1728 3958 tribulationibus,
1758 3894 1884 3950 dum
1923 3913 2094 3969 usque

493 3968 562 4023 ad
610 3971 932 4042 martyrium
970 3982 1027 4028 et
1069 3977 1351 4048 sanguinis
1395 3977 1710 4038 effusionem
1757 4000 1866 4041 non
1915 3968 2094 4059 adhuc

490 4074 873 4134 pervenerant.
906 4066 1061 4124 Unde
1101 4078 1154 4125 et
1200 4070 1384 4128 subdit
1412 4090 1426 4127 :
1461 4071 1715 4131 Nondum
1743 4080 1881 4134 enim
1931 4098 2095 4151 usque

493 4156 563 4210 ad
611 4158 920 4229 sanguinem
970 4160 1264 4228 restitistis,
1319 4164 1570 4222 adversus
1612 4181 1885 4240 peccatum
1940 4190 2094 4245 repu-

492 4261 735 4319 gnantes.
778 4250 858 4306 Ac
902 4253 949 4307 si
999 4254 1207 4311 diceret
1249 4276 1261 4311 :
1296 4257 1365 4313 Et
1403 4261 1449 4315 si
1495 4262 1755 4320 amisistis
1806 4263 2096 4327 facultates

2142 676 2161 687 -
2182 647 2323 719 psit,
2354 647 2579 701 hortans
2612 643 2827 700 Iudaeos
2854 660 2939 710 ne.
2963 643 3219 701 deﬁciant
3266 642 3322 699 in
3371 642 3755 698 tribulatione
3789 660 3805 696 :

2182 740 2308 811 quia
2339 755 2369 793 a
2398 737 2630 794 Domino
2666 745 2969 808 arguuntur
3012 751 3179 793 causa
3225 736 3598 808 probationis.
3658 733 3810 790 Dicit

2183 847 2315 904 ergo
2347 849 2361 886 :
2390 830 2493 886 Fili
2533 831 2642 898 mi,
2668 830 2780 887 noli
2817 829 3123 903 negligere,
3161 830 3273 886 sive
3310 828 3673 901 negligenter
3709 829 3812 883 dn-

2184 941 2310 983 cere
2336 925 2679 996 disciplinam
2722 924 2960 980 Domini.
3001 923 3295 994 Disciplina
3338 922 3489 979 dicta
3524 930 3622 979 est
3651 938 3687 977 a
3720 922 3808 977 di-

2185 1018 2401 1082 scendo,
2435 1033 2556 1088 quae
2603 1016 2712 1074 alio
2749 1017 2972 1072 nomine
3020 1017 3291 1072 correctio
3331 1031 3559 1073 morum
3618 1023 3811 1087 potest

2186 1110 2465 1181 appellari.
2498 1109 2635 1165 Dum
2659 1110 2802 1166 enim
2831 1110 2954 1181 quis
2978 1110 3242 1181 angustiis
3269 1117 3325 1165 et
3343 1108 3809 1165 tribulationibus

2185 1199 2438 1267 afﬁcitur,
2467 1216 2575 1257 non
2605 1202 2765 1257 debet
2788 1199 3005 1273 fatigari
3038 1216 3140 1257 nec
3174 1201 3410 1258 deﬁcere
3436 1218 3452 1254 :
3487 1202 3593 1257 sed
3620 1202 3809 1273 potius

2185 1294 2454 1363 patienter
2480 1294 2773 1361 sustinere,
2805 1295 3111 1367 recogitans
3137 1296 3267 1366 quia
3295 1310 3329 1351 a
3354 1297 3603 1354 Domino
3629 1299 3808 1354 eorti-

2186 1384 2352 1453 gitur.

2261 1519 2429 1586 Quem
2453 1521 2593 1575 enim
2614 1520 2801 1593 diligit
2837 1521 3095 1579 Dominus
3125 1524 3352 1596 castigat
3378 1541 3398 1580 .'
3424 1526 3684 1598 flagellat
3710 1546 3806 1584 σι-

2187 1618 2291 1665 tem
2317 1627 2523 1665 omnem
2547 1609 2721 1681 ﬁlium
2746 1628 2901 1685 quem
2941 1615 3141 1686 recipit.
3170 1614 3300 1673 Ideo
3325 1617 3449 1673 haec
3487 1619 3801 1677 ιεδιίωαιὶι

2186 1706 2341 1775 ponit
2374 1705 2697 1775 Apostolus,
2739 1715 2801 1761 ut
2830 1707 2972 1763 sicut
3011 1706 3109 1763 ﬁlii
3132 1724 3165 1764 a
3186 1711 3523 1780 parentibus
3556 1713 3676 1768 suis
3708 1713 3800 1770 h-

2188 1795 2476 1866 gellantur,
2525 1804 2586 1850 ut
2629 1796 2781 1868 digni
2823 1798 2934 1853 sint
2966 1797 3037 1852 ad
3064 1797 3467 1855 'btereditatem
3515 1810 3793 1872 paternam

2190 1889 2479 1953 accedere,
2526 1888 2672 1945 unde
2715 1899 2773 1944 et
2803 1889 3120 1960 plerumque
3163 1900 3311 1947 stare
3350 1900 3477 1948 tota
3531 1903 3685 1951 nocte
3731 1896 3791 1951 in

2184 1976 2387 2049 frigore
2418 1976 2703 2046 iubentur,
2732 1980 3007 2052 variisque
3043 1981 3219 2067 modis
3251 1995 3658 2055 equuuntur
3684 1987 3793 2043 :ita

2182 2079 2237 2127 et
2265 2070 2354 2126 isti
2391 2070 2641 2128 similiter
2664 2073 3038 2130 correctiones
3060 2089 3093 2128 a
3127 2073 3239 2132 Deo
3274 2075 3454 2132 alacri
3499 2080 3790 2136 animosa-

2183 2163 2440 2232 stineant,
2467 2174 2528 2219 ut
2554 2163 2623 2220 ad
2644 2180 2829 2222 veram
2868 2166 3239 2224 hereditatem
3281 2177 3583 2241 perpetua:
3620 2175 3783 2244 patris

2182 2259 2470 2330 pervenire
2493 2260 2604 2316 sint
2632 2261 2833 2318 idonei.
2880 2262 3020 2318 Sunt
3059 2264 3204 2321 enim
3248 2266 3416 2322 multi
3440 2269 3548 2339 qui
3584 2270 3646 2325 in
3683 2286 3781 2343 pss-

2187 2352 2364 2423 speris
2391 2353 2622 2410 Domino
2650 2357 2896 2413 serviunt
2922 2375 2935 2411 :
2978 2358 3075 2414 sed
3100 2367 3286 2416 tamen
3324 2360 3387 2416 in
3424 2362 3680 2419 adversis
3703 2380 3785 2421 ce-

2185 2444 2343 2499 dunt.
2382 2443 2451 2498 Hi
2493 2445 2631 2503 tales
2660 2461 2767 2503 non
2816 2458 2945 2504 sunt
2980 2450 3159 2507 adhuc
3188 2450 3446 2523 perfecte
3475 2456 3680 2525 probati
3710 2457 3778 2512 ad

2185 2535 2561 2595 haereditatem
2607 2541 2946 2612 captandam.
3005 2542 3155 2601 Unde
3192 2544 3507 2616 Apostolus
3547 2564 3702 2620 quem
3730 2551 3783 2605 in

2184 2629 2462 2697 prosperis
2491 2629 2630 2685 bene
2656 2630 2841 2688 vivere
2865 2632 3066 2701 docuit,
3098 2649 3169 2692 ne
3190 2635 3246 2692 in
3277 2640 3649 2696 correctione
3670 2640 3785 2695 deﬂ-

2186 2716 2300 2772 ciat
2326 2718 2577 2774 hortatur
2604 2737 2617 2774 :
2646 2723 2907 2791 quoniam
2931 2722 3104 2781 ﬁlium
3130 2742 3297 2798 quem
3324 2728 3518 2803 diligit
3546 2731 3790 2789 Domist

2188 2809 2258 2863 ad
2285 2809 2392 2865 hoc
2416 2819 2477 2865 ut
2499 2810 2770 2868 hatredem
2800 2813 2950 2871 illum
2977 2817 3133 2889 regni
3151 2818 3429 2877 ctelorum
3458 2826 3785 2880 constituat:

2190 2904 2424 2976 castigat
2448 2905 2601 2962 illum
2642 2908 2825 2965 variis-
2857 2908 3199 2982 diversisque
3221 2913 3432 2981 modis,
3475 2924 3539 2971 et
3575 2915 3792 2989 ὤμω

2190 3004 2286 3051 aut
2310 2997 2624 3055 inﬁrmitate
2647 3011 2742 3056 aut
2772 3012 3111 3075 paupertate,
3135 3014 3229 3061 aut
3250 3009 3693 3077 persecutione,
3715 3018 3793 3064 aut

2188 3091 2496 3147 tormentis.
2529 3090 2838 3149 Notandum
2861 3104 3046 3152 autem
3071 3096 3200 3168 quia
3223 3112 3335 3155 non
3355 3100 3558 3156 omnis
3596 3103 3689 3173 qui
3711 3100 3795 3156 b-

2189 3184 2446 3255 gellatur,
2473 3186 2617 3244 ﬁlius
2639 3196 2754 3245 est:
2782 3190 2879 3247 sed
2899 3192 3078 3247 omnis
3105 3180 3248 3249 illius
3272 3192 3621 3266 ﬂagellatur.
3640 3197 3795 3265 Quen

2116 3311 2162 3375 C
2193 3291 2323 3375 ergo
2349 3285 2664 3375 sanctorum
2689 3281 2758 3337 ab
2788 3281 2894 3339 hoc
2925 3282 3125 3341 saeculo
3145 3284 3214 3340 ad
3239 3285 3641 3345 hereditatem
3672 3304 3799 3345 sen-

2193 3368 2465 3439 piternam
2482 3369 2711 3442 legimus
2728 3376 3045 3444 pervenisse
3058 3377 3176 3434 sine
3192 3378 3579 3452 ﬁagellatione
3594 3384 3797 3439 divina?

2195 3458 2540 3532 Quapropter
2592 3472 2742 3523 tanto
2767 3467 2948 3524 minus
2975 3469 3042 3525 de
3063 3467 3273 3543 ﬂagello
3293 3487 3411 3544 quo
3445 3478 3799 3551 castigamus,

2194 3570 2540 3614 murmurare
2581 3559 2880 3617 debemus:
2919 3573 3124 3634 quanto
3149 3566 3354 3625 certius
3383 3568 3447 3624 in
3473 3585 3550 3627 eo
3569 3581 3801 3643 patens

2196 3649 2500 3708 dilectionis
2520 3649 2787 3725 allectum
2814 3656 3100 3713 sentimus.
3130 3657 3283 3715 Unde
3329 3660 3457 3730 ipse
3488 3661 3633 3719 dicit
3654 3682 3671 3716 :
3697 3663 3799 3735 Ege

2194 3758 2325 3813 quos
2352 3760 2496 3810 amo,
2523 3760 2690 3817 arguo
2718 3756 2770 3803 et
2795 3749 2994 3820 castigo
3026 3744 3215 3822 (Apoc.
3246 3753 3353 3824 ut).
3377 3754 3458 3809 At
3492 3771 3634 3812 vero
3658 3758 3801 3813 ludii

2194 3831 2672 3906 ﬂagellabantzut
2710 3838 3013 3897 Antiochus
3055 3850 3113 3899 et
3158 3842 3437 3913 Herodes,
3480 3863 3601 3905 non
3647 3861 3705 3906 ut
3744 3851 3801 3905 ad

2196 3927 2570 3987 haereditatem
2595 3943 2968 4003 assumantur,
2993 3937 3089 3993 sed
3116 3946 3178 3993 ut
3199 3938 3289 3995 hic
3308 3955 3374 3996 ex
3398 3952 3569 4013 parte
3592 3944 3802 4001 demea-

2197 4028 2421 4090 stretur,
2462 4038 2582 4093 quae
2605 4024 2748 4082 mala
2771 4029 2982 4098 passuri
3009 4029 3121 4085 sint
3147 4041 3271 4102 post
3290 4044 3559 4092 mortem.

2269 4155 2339 4213 In
2368 4159 2649 4232 disciplina
2686 4176 3027 4235 perseuerate.
3059 4166 3333 4241 Tanquam
3371 4169 3509 4240 ﬁliis
3540 4174 3804 4231 charissio

2200 4250 2303 4305 mis
2334 4250 2474 4307 vobis
2513 4253 2665 4323 offert
2705 4272 2760 4310 se
2797 4255 2963 4326 Deus,
3007 4260 3305 4317 subaudis:
3331 4273 3393 4319 ut
3424 4265 3805 4327 hmreditatesn

496 4349 781 4408 terrenas,
825 4343 1110 4414 exspoliati
1157 4363 1188 4402 a
1228 4351 1622 4430 contribulibus
1659 4356 1885 4423 vestris,
1914 4366 2099 4416 tamen
2198 4342 2388 4415 Patri“?
2422 4344 2659 4403 οαεῘθεῑίε
2702 4349 2964 4419 capiatis;
3009 4366 3073 4409 ac
3109 4353 3156 4409 Si
3197 4354 3448 4412 dicere“
3482 4357 3691 4418 Helius
3731 4372 3806 4418 αἱ

498 4438 733 4486 mortem
779 4450 888 4488 non
924 4436 1280 4495 sustinuistis.
1310 4441 1501 4499 Adhuc
1536 4446 1683 4500 enim
1707 4446 1814 4502 vivi
1842 4451 2093 4508 manetis.

2200 4431 2356 4488 vobis
2380 4443 2480 4503 per
2504 4435 2848 4506 disciplinam
2878 4447 2935 4494 et
2960 4441 3391 4512 correctionem,
3435 4463 3569 4525 qua
3618 4449 3804 4506 ,σθω

500 4519 685 4592 Usque
724 4525 792 4580 ad
829 4530 1150 4598 sanguinem
1178 4534 1379 4589 restitit
1403 4552 1651 4608 pugnans
1687 4541 1947 4599 adversus
1972 4561 2100 4616 pec-
2200 4532 2430 4594 Paterno
2459 4527 2658 4600 θείων,
2700 4529 2934 4586 imusne
2962 4530 3030 4586 ad
3073 4524 3451 4593 δπτθδίίθίθω
3480 4541 3805 4611 cales”:

497 4621 700 4680 catum,
731 4617 823 4687 qui
853 4634 951 4688 pro
979 4622 1208 4679 veritate
1243 4625 1368 4682 ﬁdei
1412 4629 1674 4687 adversus
1717 4633 1961 4691 inﬁdeles
1995 4653 2095 4707 pu-

498 4704 686 4774 gnavit
736 4722 906 4777 usque
958 4711 1026 4767 ad
1086 4725 1348 4781 mortem,
1406 4719 1547 4774 sicut
1602 4722 1777 4778 sancti
1827 4704 2094 4795 apostoli,

499 4810 799 4870 eorumque
843 4816 1188 4861 successores
1239 4808 1485 4863 fecerunt
1529 4828 1542 4864 :
1591 4826 1718 4867 nam
1763 4814 2099 4875 inﬁdelitatis

496 4898 781 4959 peccatum
814 4895 1114 4952 maximum
1140 4906 1262 4954 est:
1291 4899 1418 4955 dum
1447 4911 1628 4958 autem
1654 4906 1777 4975 quis
1807 4906 1921 4964 vult
1945 4909 2096 4967 deci-

498 4995 631 5051 pere
659 4991 754 5036 aut
780 4982 1080 5053 blanditiis,
1111 4996 1206 5042 aut
1229 4991 1551 5061 terroribus,
1582 5011 1828 5068 pugnans
1859 5015 1962 5071 pro
1990 4999 2098 5059 ﬁde

499 5080 692 5128 contra
751 5074 1030 5142 inﬁdeles,
1072 5078 1258 5150 utique
1306 5081 1565 5142 adversus
1602 5098 1884 5159 peccatum
1935 5108 2098 5164 repu-

448 5240 461 5245 h
500 5172 655 5237 gnat.
684 5164 869 5222 Potest
896 5177 951 5221 et
994 5170 1060 5224 dc
1105 5172 1254 5228 omni
1297 5188 1523 5245 peccato
1567 5178 1815 5250 intelligi,
1850 5181 1916 5237 de
1956 5183 2099 5242 mala

2124 4676 2180 4742 Β
2202 4630 2367 4686 quam
2397 4627 2552 4675 extra
2587 4621 2937 4694 disciplinam
2981 4639 3122 4692 esse,
3152 4627 3339 4700 sicque
3369 4630 3440 4685 ad
3473 4647 3683 4703 ptenas
3716 4638 3806 4692 de»

2207 4711 2472 4742 οηοηι-Ιιηυιι
2502 4713 2700 4742 ἔκαε-...ε
2751 4715 2959 4742 n......:-
2994 4719 3134 4742 --:._.
3170 4719 3305 4742 .-___.I
3349 4737 3368 4742 Α
3392 4723 3463 4742 ις-
3498 4741 3503 4742 ,
3620 4730 3639 4742 .
3693 4730 3708 4742 .
3791 4739 3800 4742 -

2206 4711 2472 4781 scendere
2501 4713 2722 4771 inferni.
2751 4715 2962 4774 Putatis
2990 4719 3137 4775 enim
3164 4719 3308 4791 quod
3341 4723 3473 4780 odio
3492 4741 3599 4783 vos
3620 4730 3809 4787 habeat

2202 4814 2269 4855 ac
2308 4801 2664 4880 dereliquerit
2708 4804 2885 4875 Deus,
2914 4822 3015 4879 per
3041 4808 3156 4866 haec
3196 4827 3317 4881 quae
3345 4816 3503 4884 passi
3548 4821 3730 4877 estis?
3755 4821 3810 4878 Si

2202 4890 2287 4946 ha:
2331 4907 2439 4949 non
2480 4896 2827 4965 pateremini,
2874 4907 3003 4956 tunc
3044 4902 3219 4975 magis
3261 4904 3369 4985 hoc
3414 4922 3523 4965 vos
3567 4914 3809 4985 cogitare

2200 4990 2564 5059 competehat.
2616 4991 2751 5048 Nam
2800 4994 2846 5050 si
2891 4993 3127 5069 ﬂagellat
3165 4980 3385 5057 omnem
3423 5002 3614 5061 ﬁlium
3644 4980 3810 5080 quem

2201 5080 2415 5152 recipit,
2440 5084 2535 5153 qui
2557 5100 2664 5141 non
2694 5084 2998 5157 flagellatur
3018 5089 3137 5145 sine
3163 5090 3324 5147 dubio
3357 5108 3472 5149 non
3511 5106 3603 5152 est
3629 5099 3687 5154 in
3719 5116 3812 5155 uno

2202 5187 2356 5228 mero
2385 5173 2642 5232 ﬁliorum.
2684 5177 2782 5234 His
2825 5180 3006 5236 verbis
3036 5182 3275 5238 ostendit
3312 5184 3431 5251 eis,
3481 5189 3620 5259 quia
3671 5192 3812 5248 um

502 5252 755 5311 videlicet
784 5260 1149 5330 suggestione,
1176 5270 1230 5317 et
1255 5279 1424 5335 prava
1456 5266 1760 5335 voluntate,
1795 5270 2102 5329 immundo-
2199 5266 2467 5336 plllabam
2493 5282 2553 5323 88
2577 5269 2866 5327 derelictos
2893 5286 3053 5329 esse:
3087 5274 3214 5332 inde
3244 5278 3420 5349 magis
3440 5252 3681 5339 credere
3710 5298 3809 5353 po-

470 5355 613 5429 _que
652 5345 923 5404 desiderio
955 5367 967 5403 :
1000 5353 1198 5422 quibus
1225 5355 1316 5425 qui
1344 5357 1549 5414 resistit
1571 5374 1677 5413 non
1712 5362 2099 5421 consentiendo

452 5450 459 5459 '
502 5434 606 5504 eis,
638 5435 900 5495 adversus
929 5453 1210 5511 peccatum
1240 5455 1464 5516 pugnat.

577 5524 651 5583 Et
695 5527 844 5585 obliti
869 5533 992 5586 estis
1040 5535 1438 5603 consolationis,
1488 5555 1605 5611 qua:
1653 5540 1795 5596 vobis
1843 5552 2097 5615 tanquam

504 5612 635 5693 ﬁliis
679 5622 932 5692 loquitur,
966 5626 1142 5682 dicens
1174 5647 1189 5683 :
1216 5627 1327 5684 Fili
1353 5631 1459 5696 mi,
1505 5632 1615 5686 noli
1650 5635 1907 5706 negligere
1932 5612 2098 5693 disci-

504 5711 706 5781 plinam
751 5714 994 5783 Domini,
1037 5737 1197 5792 neque
1229 5720 1463 5793 fatigeris
1498 5724 1624 5778 dum
1653 5725 1718 5778 ab
1747 5742 1807 5780 eo
1836 5729 2097 5797 argueris.

438 5808 447 5811 ἡ
507 5808 786 5882 Sapientia
830 5810 925 5867 Dei
970 5812 1175 5881 Patris,
1219 5831 1339 5887 qua:
1379 5834 1477 5887 per
1518 5818 1863 5875 Salomouetn
1914 5821 2098 5892 loque-

505 5892 690 5972 batur,
733 5906 877 5963 inter
904 5916 1100 5966 caetera
1136 5911 1301 5967 etiam
1327 5912 1554 5983 protulit
1580 5914 1686 5970 hoc
1711 5928 1810 5986 per
1841 5929 1903 5974 os
1930 5914 2099 5986 illius,

2202 5368 2384 5417 terant
2417 5361 2567 5435 diligi
2601 5365 2671 5421 ab
2699 5366 2811 5423 illo.
2856 5367 2988 5434 Quis
3020 5372 3158 5426 enim
3187 5371 3332 5441 ﬁlius
3367 5391 3529 5447 quem
3557 5394 3673 5434 non
3696 5394 3813 5434 car-

2202 5451 2326 5520 ripit
2354 5455 2542 5522 pater?
2570 5455 2719 5511 Solet
2748 5457 3038 5527 aliquoties
3073 5460 3468 5532 paterfamilias
3496 5466 3644 5523 ﬁlios
3679 5468 3812 5524 alie-

2201 5554 2302 5597 nos
2333 5544 2611 5617 negligere
2640 5565 2654 5602 :
2688 5562 2818 5605 suos
2844 5564 2977 5608 vero
3004 5553 3275 5627 castigare
3296 5565 3353 5612 et
3383 5559 3678 5632 corripere
3698 5601 3719 5625 ,
3742 5575 3813 5615 ne

2202 5652 2298 5695 eos
2333 5640 2605 5711 Opprimat
2632 5642 2774 5698 mala
2810 5645 3160 5718 negligentia.
3204 5645 3394 5715 Nullus
3420 5661 3509 5707 est
3535 5661 3703 5725 pater
3726 5667 3814 5709 sa-

2202 5731 2358 5802 piens
2400 5734 2491 5803 qui
2522 5749 2628 5791 non
2658 5735 2919 5808 corripiat
2963 5738 3103 5794 ﬁlios
3145 5739 3559 5811 delinquentes,
3607 5754 3669 5800 et
3706 5744 3810 5799 ali-

2206 5825 2422 5895 quando
2462 5827 2604 5882 bona
2637 5839 2860 5899 agentes
2891 5831 3138 5903 increpat
3165 5841 3223 5886 ut
3249 5834 3319 5888 ad
3346 5833 3579 5897 meliora
3603 5850 3813 5892 accel-

2206 5917 2420 5976 dantur.
2462 5920 2611 5980 Unde
2634 5931 2691 5979 et
2717 5922 2859 5991 Heli,
2884 5924 3013 5995 quia
3036 5924 3174 5981 ﬁlios
3195 5938 3325 5982 suos
3349 5940 3460 5985 non
3486 5926 3768 5999 corripuit
3785 5964 3810 6005 ,
