3974 6444
224 479 326 539 921

936 483 1296 543 EXPOSlTlO
1328 481 1396 540 IN
1434 482 1581 540 EPP.
1625 480 1682 538 S.
1718 479 1943 536 PAULI.
1982 511 2050 520 —
2087 478 2154 536 IN
2193 481 2410 538 EPIST.
2447 481 2540 538 AD
2578 480 2781 540 HEBR.

3373 481 3478 539 922

222 613 333 655 non
361 599 562 655 meruit
586 613 681 656 eos
715 597 954 658 hazredes
988 601 1274 659 sacerdotii
1312 609 1434 673 post
1472 613 1531 656 se
1571 597 1799 655 derelin—
1823 599 1880 660 Α
1973 596 2156 651 Omnis
2179 606 2351 652 autem
2387 599 2662 670 disciplina
2687 601 2742 654 in
2775 601 3018 671 prwsenti
3041 601 3248 672 quidem
3275 601 3478 656 videtur

219 702 388 760 quere
415 687 468 760 (Ι
496 688 622 761 Reg.
649 689 712 757 ι).

295 776 452 845 Quod
491 779 538 832 si
568 789 717 833 eastra
768 780 1099 851 disciplinam
1140 783 1284 846 estis,
1332 781 1484 850 cujus
1520 779 1799 850 participes

221 872 351 942 [acti
369 880 490 926 sunt
516 888 693 926 omnes
713 870 840 929 boni
869 872 986 940 ﬁlii,
1013 873 1098 928 vel
1135 872 1325 929 Patres
1353 872 1525 928 sancti
1555 871 1801 941 superius

221 966 528 1032 memorati,
553 984 698 1036 ergo,
722 967 1008 1022 adulterini
1037 977 1083 1022 et
1112 985 1214 1022 non
1238 966 1339 1037 ﬁlii
1365 967 1509 1020 estis.
1542 963 1800 1034 Quisquis

219 1065 376 1112 extra
416 1055 753 1127 disciplinam
803 1057 1011 1112 Domini
1057 1065 1259 1121 manet,
1301 1055 1455 1126 cujus
1503 1053 1799 1125 disciplina;

218 1147 508 1218 participes
534 1146 662 1203 facti
693 1155 819 1203 sunt
857 1163 1044 1204 omnes
1073 1147 1196 1203 boni
1225 1146 1319 1202 ﬁlii
1350 1147 1684 1217 pertinentes
1729 1145 1798 1200 ad

218 1238 591 1295 hzereditatem
612 1240 908 1306 coalestem,
935 1240 1266 1296 adulterinus
1283 1238 1423 1294 ﬁlius
1437 1247 1538 1304 est,
1553 1253 1654 1293 nec
1668 1252 1792 1307 per-

218 1330 354 1385 tinet
376 1332 441 1386 ad
465 1331 834 1387 haereditatem
861 1340 1163 1401 paternam,
1186 1332 1312 1400 quia
1330 1346 1436 1385 non
1459 1337 1546 1384 est
1565 1328 1707 1384 lilius
1733 1327 1797 1381 li-

214 1420 378 1477 berae.
407 1421 605 1478 Cavete
650 1439 720 1479 ne
769 1422 889 1478 sitis
936 1421 1223 1478 adulterini
1264 1420 1379 1475 ﬁlii.
1409 1420 1608 1476 Omnes
1651 1419 1794 1474 enim

215 1504 460 1569 inﬁdeles
489 1521 544 1569 et
574 1513 904 1586 negligentes
937 1511 1387 1584 disciplinamque
1422 1511 1634 1566 Domini
1668 1526 1797 1567 con-

214 1610 549 1668 temnentes,
579 1605 867 1660 adulterini
895 1614 948 1661 et
969 1620 1077 1661 non
1101 1604 1194 1660 ﬁlii
1217 1613 1550 1675 reputantur.
1591 1603 1794 1659 Deinde

211 1703 385 1764 patres
425 1695 632 1764 quidem
669 1695 948 1750 habuimus
992 1695 1278 1750 eruditores
1301 1736 1316 1762 ,
1349 1708 1399 1750 et
1434 1697 1794 1749 reverebamur

210 1799 320 1838 eos.
365 1781 505 1837 Num
533 1784 697 1838 multo
726 1777 1396 1856 magis'obtemperabimus
1442 1785 1595 1840 Patri
1634 1787 1790 1856 spiri-

211 1884 382 1940 tuum,
406 1884 452 1929 et
467 1876 689 1931 vivemus
707 1877 967 1944 ?Deinde,
991 1877 1246 1932 subaudis
1259 1877 1604 1933 considerare
1624 1876 1789 1932 debe-

1905 703 2009 741 non
2031 702 2141 741 esse
2169 687 2370 756 gaudii,
2397 689 2487 742 sed
2525 690 2794 755 maeroris;
2818 699 2996 760 postea
3031 698 3204 745 autem
3248 689 3478 760 fructum

1901 781 2293 851 pacatissimam
2348 783 2642 837 exercitatis
2689 800 2780 854 per
2836 800 2950 838 eam
2997 783 3174 838 reddet
3229 783 3475 853 justitite.

1901 869 2109 937 Omnis,
2154 873 2351 942 inquit,
2374 873 2654 943 disciplina
2681 884 2790 929 tam
2813 875 3046 930 humana
3073 890 3235 946 quam
3269 875 3473 941 divina,

1901 973 2029 1020 tunc
2063 965 2278 1037 quando
2319 965 2579 1030 discitur,
2624 983 2731 1022 non
2774 969 2984 1023 videtur
3033 983 3155 1024 esse
3195 965 3477 1038 disciplina

1899 1055 2100 1124 gaudii,
2127 1055 2220 1110 sed
2253 1055 2522 1109 maeroris.
2559 1053 2683 1110 ideo
2713 1064 2891 1111 autem
2914 1058 3055 1112 hanc
3083 1072 3296 1112 omnem
3319 1065 3374 1111 et
3401 1056 3478 1112 di-

1897 1146 2078 1201 vinam
2106 1155 2161 1201 et
2192 1147 2482 1201 humanam
2512 1146 2851 1217 disciplinam
2890 1147 3133 1212 vocavit,
3163 1148 3288 1217 quia
3317 1147 3473 1216 quid-

1898 1240 2026 1310 quid
2057 1240 2304 1305 discitur,
2353 1238 2636 1308 disciplina
2675 1246 2919 1293 vocatur.
2953 1237 3159 1292 ldcirco
3207 1248 3384 1292 autem
3419 1237 3473 1292 in

1895 1331 2150 1402 praesenti
2175 1345 2279 1385 non
2311 1329 2521 1384 videtur
2551 1328 2829 1398 disciplina
2856 1328 3057 1400 gaudii,
3085 1328 3177 1382 sed
3199 1327 3470 1391 maeroris,

1895 1424 2149 1495 quoniam
2183 1422 2479 1494 ﬂagellatur
2524 1421 2818 1491 smpissime
2861 1429 2917 1475 et
2957 1419 3366 1490 constringitur,
3407 1419 3472 1472 de

1894 1530 2003 1586 quo
2030 1515 2085 1570 id
2107 1513 2284 1584 agitur
2305 1514 2533 1568 sustinet
2553 1512 2772 1576 famam,
2803 1511 3006 1581 patitur
3031 1510 3201 1581 frigus
3226 1525 3472 1564 omnem-

1893 1623 1997 1677 que
2022 1607 2279 1662 laborem.
2312 1605 2381 1659 At
2406 1620 2535 1660 vero
2574 1621 2697 1660 cum
2738 1603 3045 1674 pervenerit
3088 1601 3153 1656 ad
3179 1601 3466 1671 perfectio-

1893 1712 2037 1761 nem,
2076 1697 2291 1768 gaudet,
2346 1696 2580 1761 laatatur,
2637 1694 3109 1766 gratissimamque
3165 1692 3466 1747 mercedem

1892 1789 2100 1859 recipit,
2131 1789 2270 1843 sicut
2301 1788 2588 1857 Apostolus
2610 1787 2739 1842 dicit
2763 1805 2774 1840 :
2801 1787 3016 1851 Postea,
3043 1785 3311 1854 inquiens,
3340 1800 3465 1840 cum

1889 1882 2198 1953 pervenerit
2228 1882 2298 1936 ad
2323 1882 2537 1936 culmen
2578 1879 2943 1950 perfectionis,
2978 1877 3163 1933 reddet
3188 1878 3236 1932 ei
3274 1877 3464 1932 eadem

211 1981 354 2033 mus,
385 1966 510 2037 quia
557 1976 738 2038 patres
780 1968 1070 2024 habuimus
1110 1969 1440 2034 eruditores,
1481 1977 1535 2024 et
1564 1969 1788 2024 timeba-
1815 1960 1864 2020 Β
1890 1958 2171 2042 disciplina
2207 1971 2613 2042 pacatissimum
2662 1971 2890 2025 fructum
2939 1969 3165 2039 justitia:
3212 1984 3306 2038 per
3341 1983 3462 2022 eam

211 2071 332 2110 mus
360 2070 474 2121 eos,
511 2047 690 2112 nonne
732 2056 898 2112 multo
944 2057 1115 2128 magis
1159 2058 1647 2127 obtemperabimus
1674 2060 1785 2114 Deo

207 2146 350 2216 patri
378 2147 686 2218 spirituum,
715 2157 771 2203 et
797 2148 1038 2203 vivemus
1065 2149 1118 2202 in
1150 2149 1322 2220 gloria
1351 2149 1597 2204 aeterna?
1626 2149 1786 2204 Pater

207 2236 494 2307 spirituum
519 2238 605 2293 vel
635 2248 849 2294 creator
892 2239 1220 2306 animarum,
1276 2240 1418 2295 Deus
1445 2241 1785 2311 omnipotens

207 2339 313 2395 est,
343 2331 470 2401 quia
497 2332 677 2387 omnia
722 2333 926 2388 creavit
974 2333 1210 2402 primum
1253 2347 1320 2386 ex
1359 2333 1546 2396 nihilo,
1593 2332 1784 2387 deinde

206 2439 336 2480 vero
361 2423 738 2481 ex'elementis
764 2439 994 2496 corpora
1033 2425 1331 2492 hominum,
1378 2425 1783 2494 alienorumque

204 2513 540 2579 animalium,
569 2515 802 2568 animam
829 2529 960 2569 vero
999 2514 1233 2569 hominis
1258 2529 1326 2570 ex
1362 2513 1530 2569 nihilo
1554 2514 1778 2580 creavit,

204 2617 260 2662 et
302 2616 455 2664 creat
510 2607 704 2664 adhuc.
757 2606 875 2663 Non
927 2618 1012 2664 est
1071 2609 1216 2664 enim
1260 2609 1600 2679 putandum,.
1639 2607 1783 2678 quod

202 2703 382 2757 anima
433 2717 560 2773 pars
609 2701 836 2757 Deitatis
882 2703 972 2767 sit,
1028 2703 1280 2771 quoniam
1321 2701 1501 2756 Deitas
1551 2718 1658 2758 non
1697 2709 1784 2757 est

201 2799 404 2856 creata,
436 2791 616 2848 anima
644 2801 824 2847 autem
853 2800 1038 2848 creata
1078 2801 1180 2848 est.
1211 2790 1417 2846 Idcirco
1458 2799 1636 2845 autem
1659 2806 1781 2846 om-

199 2883 535 2954 nipotentem
564 2885 731 2940 Deum
756 2891 1056 2939 creatorem
1085 2883 1389 2938 animarum
1418 2881 1648 2951 appellat
1676 2895 1780 2934 non

200 2991 517 3047 corporum,
557 2991 682 3030 cum
733 2976 974 3031 omnium
1025 2982 1241 3030 creator
1290 2973 1381 3040 sit,
1413 2973 1540 3044 quia
1587 2986 1780 3042 corpus

199 3076 444 3122 nostrum
474 3083 540 3123 ex
573 3067 778 3123 semine
817 3077 1044 3138 paterno
1071 3067 1338 3138 simulque
1376 3076 1622 3122 materno
1655 3081 1782 3120 con-

199 3163 380 3218 ﬁcitur
407 3183 419 3217 :
449 3165 630 3220 anima
663 3179 792 3221 vero
817 3179 1030 3239 semper
1055 3182 1086 3221 a
1117 3166 1227 3220 Deo
1251 3180 1318 3221 ex
1345 3165 1513 3220 nihilo
1543 3175 1777 3220 creatur.

200 3256 278 3324 Si,
310 3258 500 3328 inquit,
533 3266 713 3328 patres
737 3257 981 3316 carnales
1003 3259 1344 3323 timebamus,
1371 3273 1400 3312 a
1428 3257 1624 3328 quibus
1647 3265 1781 3312 tem-

1886 2063 2223 2128 exercitatis,
2257 2063 2308 2116 id
2335 2070 2418 2117 est
2445 2076 2540 2132 per
2568 2060 2810 2116 eamdem
2848 2060 3184 2130 disciplinam
3224 2059 3464 2130 probatis

1887 2162 2051 2224 atque
2087 2153 2357 2216 perfectis.
2386 2154 2640 2209 Fructum
2671 2162 2850 2208 autem
2877 2154 3280 2224 pacatissimum
3303 2161 3463 2207 vocat

1886 2245 2251 2316 gratissmam
2291 2253 2453 2315 atque
2499 2245 2925 2315 acceptissimam
2969 2244 3460 2299 remunerationem

1885 2351 2046 2406 quam
2076 2337 2379 2408 percipiunt
2428 2337 2483 2391 hi
2533 2338 2624 2407 qui
2679 2352 2776 2407 per
2819 2338 3064 2393 eamdem
3119 2336 3457 2406 disciplinam

1884 2439 2208 2485 exercentur
2238 2441 2397 2500 atque
2432 2429 2747 2498 probantur.
2785 2428 2945 2485 Verbi
2991 2429 3199 2499 gratia:
3230 2427 3459 2482 Romani

1884 2520 2103 2584 tirones,
2134 2521 2225 2591 qni
2253 2522 2306 2576 in
2332 2521 2610 2592 disciplina
2636 2520 2710 2577 rei
2733 2520 2985 2576 militaris
3005 2528 3133 2578 sunt
3158 2517 3458 2586 exercitati,

1882 2612 2050 2667 multa
2107 2613 2380 2668 centraria
2429 2613 2662 2683 primum
2703 2612 3032 2667 sustinentes
3060 2620 3244 2682 postea
3290 2609 3460 2680 gavisi

1883 2712 2027 2767 sunt,
2069 2703 2440 2758 monarchtam
2485 2705 2651 2759 totius
2679 2703 2828 2759 orbis
2869 2703 3225 2774 possidentes.
3259 2701 3461 2758 Simili-

1883 2801 1967 2848 ter
1990 2794 2398 2864 intclligendum
2428 2795 2492 2850 de
2517 2796 2602 2850 his
2629 2796 2721 2865 qui
2751 2795 2802 2849 in
2836 2794 3118 2865 disciplina
3156 2793 3335 2849 divina
3374 2792 3457 2847 al-

1882 2881 2156 2953 ﬂiguntur,
2202 2883 2291 2952 qui
2335 2884 2555 2952 praemia
2590 2893 2790 2938 :eterna
2823 2885 3088 2954 recepturi
3133 2891 3282 2949 sunt,
3319 2878 3460 2938 sicut

1882 2976 2053 3032 sancti
2079 2975 2326 3044 apostoli,
2359 2985 2625 3046 martyres
2652 2985 2708 3032 et
2735 2976 2984 3032 doctores
3015 2976 3287 3032 Ecclesiae.
3323 2976 3458 3030 Pro-

1880 3077 1994 3138 pter
2015 3065 2154 3136 quod
2183 3065 2424 3120 remissas
2449 3081 2637 3118 manus
2663 3074 2708 3119 et
2739 3065 2912 3120 soluta
2958 3082 3127 3136 genua
3169 3065 3369 3136 erigite,
3408 3075 3458 3120 et

1880 3173 2088 3228 gressus
2113 3166 2274 3210 rectos
2315 3156 2471 3226 facite
2509 3156 2724 3226 pedibus
2767 3156 2964 3220 vestris,
3010 3166 3066 3209 ut
3114 3173 3216 3210 non
3255 3156 3458 3210 claudi-

1883 3266 2006 3304 cans
2034 3249 2149 3319 quis
2173 3257 2330 3313 erret,
2365 3247 2527 3317 magis
2559 3256 2730 3300 autem
2774 3256 3005 3301 sanetur.
3033 3245 3260 3316 Propter
3281 3248 3456 3319 quod?

199 3352 456 3423 pax-aliter
481 3351 882 3416 erudiebamur,
927 3359 986 3406 ιιι
1029 3351 1272 3406 bal-edes
1309 3349 1522 3404 illorum
1569 3362 1778 3402 mel-ea-
1807 3332 1851 3395 C
1882 3343 2008 3410 quia
2040 3349 2258 3410 propter
2287 3338 2624 3408 disciplinam
2665 3338 2928 3393 mercedis
2957 3339 3237 3408 praamium
3279 3340 3458 3395 reddi-

197 3460 320 3500 mur
349 3443 484 3509 ﬁeri,
516 3453 717 3514 quanto
753 3445 924 3516 magis
951 3443 1194 3500 Creatori
1223 3444 1526 3498 animarum
1556 3442 1776 3498 obedire

198 3545 358 3608 atque
387 3537 762 3607 obtemperare
789 3537 1065 3604 debemus,
1097 3546 1156 3592 ut
1203 3551 1329 3592 cum
1360 3535 1452 3591 illo
1501 3535 1554 3590 in
1604 3535 1774 3608 gloria

197 3637 412 3684 aeterna:
436 3629 785 3686 beatitudinis
812 3631 1075 3686 vivamus.
1107 3630 1218 3684 Nec
1251 3630 1586 3685 solummodo
1624 3629 1775 3685 dill'c-

197 3719 370 3772 rentia
411 3727 495 3774 est
535 3719 675 3775 inter
702 3736 796 3776 eos
827 3731 1054 3791 propter
1096 3721 1482 3778 discretionem
1523 3737 1777 3792 persona-

196 3827 339 3875 rum,
365 3811 490 3880 quia
523 3811 611 3867 isti
642 3814 865 3879 terreni,
918 3814 1005 3870 ille
1048 3824 1134 3869 est
1158 3816 1414 3880 ccelestis,
1468 3817 1561 3871 sed
1610 3818 1774 3870 etiam

197 3901 312 3971 ipsa
359 3918 522 3958 causa
567 3905 862 3976 disciplinae
909 3915 1071 3975 atque
1105 3907 1441 3962 eruditionis.
1482 3908 1599 3962 Non
1631 3909 1775 3962 enim

201 3993 269 4048 ad
297 3995 543 4049 eamdem
571 4009 812 4062 causam,
852 3995 936 4051 vel
967 3997 1032 4052 ad
1077 4011 1164 4052 res
1198 3997 1469 4068 spiritales
1502 3997 1771 4061 erudiunt,

197 4087 293 4141 sed
321 4085 386 4140 ad
415 4085 466 4140 id
511 4087 653 4155 quod
678 4087 757 4142 eis
798 4087 1030 4152 videtur,
1062 4088 1203 4143 sicut
1241 4087 1532 4158 Apostolus
1561 4087 1778 4143 manife-

198 4185 330 4242 stat,
383 4177 604 4232 dicens:
657 4177 726 4232 Et
764 4177 842 4232 illi
886 4179 1115 4249 quidem,
1157 4188 1340 4250 patres
1386 4180 1651 4246 carnales,
1707 4194 1776 4235 ex

197 4283 426 4338 quorum
449 4268 655 4324 semine
688 4284 914 4339 corpora
947 4270 1291 4340 sumpsimus,
1314 4270 1368 4323 in
1391 4279 1618 4340 tempore
1645 4287 1776 4341 pau-

198 4369 378 4415 corum
423 4361 644 4428 dierum,
686 4362 973 4416 secundum
1012 4378 1162 4416 suam
1200 4361 1520 4415 voluntatem
1571 4362 1777 4416 erudie-

198 4453 320 4507 bant
348 4467 481 4507 nos:
511 4455 594 4508 hic
633 4464 831 4520 autem,
872 4454 1032 4510 Pater
1057 4455 1265 4510 scilicet
1295 4454 1600 4525 spirituum,
1631 4455 1700 4508 ad
1721 4455 1775 4509 id

199 4543 338 4615 quod
357 4543 482 4598 utile
503 4553 576 4599 est
598 4546 775 4601 erudit
798 4561 915 4611 nos,
939 4546 1042 4601 hoc
1062 4555 1144 4602 est
1164 4547 1231 4601 ad
1253 4546 1480 4601 salutem
1502 4555 1556 4601 et
1574 4545 1778 4601 utilita-

199 4641 306 4688 tem
348 4635 543 4689 animae
589 4645 830 4690 nostrte:
892 4636 946 4690 in
977 4637 1269 4706 recipiendo
1310 4636 1776 4705 sancti/irationem

199 4726 336 4796 ejus.
370 4725 448 4781 llli
497 4727 712 4796 quidem
741 4735 923 4797 patres
961 4726 1206 4782 carnales
1256 4727 1323 4783 ad
1368 4729 1468 4783 hoc
1525 4729 1779 4784 erudiunt

200 4834 317 4885 nos,
347 4827 407 4872 ut
437 4818 568 4888 ipsis
609 4818 777 4873 simus
820 4819 977 4873 utiles
1021 4819 1317 4874 secundum
1347 4835 1498 4874 suam
1526 4819 1775 4876 volunta-

199 4921 332 4976 tem,
359 4925 476 4980 quaa
503 4909 556 4964 in
585 4909 834 4964 omnibus
869 4924 973 4963 non
1005 4917 1088 4965 est
1114 4909 1260 4965 utilis
1283 4928 1304 4962 :-
1341 4910 1481 4965 Deus
1504 4926 1632 4966 vero
1659 4926 1775 4966 om-

197 5003 449 5071 nipotens
495 5001 561 5056 ad
602 5001 783 5056 omnia
835 4999 987 5054 utilia
1031 5015 1128 5054 nos
1177 4999 1424 5065 instituit,
1473 5008 1533 5054 ut
1582 5000 1776 5056 anima:

194 5101 399 5149 nostra:
426 5093 480 5147 in
519 5091 746 5148 salutem
781 5107 1178 5161 consequamur
1206 5099 1262 5146 et
1302 5091 1624 5160 recipiamus
1651 5107 1776 5147 san-

195 5183 579 5238 ctiﬁcationem
607 5182 743 5253 ejus,
775 5182 1024 5238 videlicet
1061 5189 1121 5236 ut
1158 5180 1328 5235 simus
1357 5182 1529 5235 sancti
1574 5197 1774 5238 secun-

192 5275 326 5328 dum
352 5273 638 5344 quemdam
688 5271 924 5338 modum,
977 5272 1119 5328 sicut
1147 5279 1201 5327 et
1230 5271 1344 5343 ipse
1400 5280 1621 5328 sanctus
1667 5282 1771 5339 est,

186 5363 345 5432 juxta
377 5366 518 5434 quod
563 5364 677 5434 ipse
721 5363 890 5419 dicit:
945 5363 1127 5419 Sancti
1161 5373 1340 5428 estote,
1369 5365 1493 5434 quia
1515 5381 1607 5436 ego
1646 5381 1772 5419 san-

193 5469 310 5511 ctus
357 5473 472 5510 sum
506 5455 651 5527 (Lev.
681 5457 778 5526 xi).
821 5456 903 5510 Ad
944 5457 1066 5521 hoc,
1098 5456 1342 5526 inquam,
1373 5472 1472 5512 nos
1499 5457 1678 5512 erudit
1721 5466 1775 5514 et

192 5547 444 5618 castigat,
469 5555 528 5600 ut
557 5561 653 5600 nos
684 5543 880 5601 eﬂiciat
910 5547 1098 5615 dignos
1123 5548 1236 5602 suis
1274 5547 1603 5602 muneribus.
1634 5548 1774 5604 Una-

195 5651 424 5709 qua!th
476 5637 676 5692 etenim
719 5650 850 5707 gens
897 5639 1188 5691 secundum
1237 5655 1388 5693 suam
1440 5641 1771 5695 voluntatem

198 5732 338 5786 ﬁlios
379 5731 574 5796 erodit,
603 5731 744 5786 sicut
771 5731 1100 5786 consuetudo
1127 5731 1226 5786 fuit
1252 5733 1616 5787 Romanorum
1649 5749 1774 5788 suos

198 5824 335 5878 ﬁlios
371 5823 585 5878 erudire
611 5824 664 5878 in
688 5838 746 5879 re
779 5821 997 5877 militar'
1052 5830 1109 5877 et
1133 5821 1445 5881 Grzeoorum
1472 5827 1666 5882 litteris
1693 5825 1775 5881 in-

95 5930 108 5958 '-
163 5941 168 5946 ·
191 5917 423 5975 nituere
459 5931 606 5984 suos,

1882 3441 1986 3499 tur,
2041 3431 2400 3501 gaudiumque
2452 3429 2846 3499 subsequitur:
2907 3429 2991 3484 vel
3049 3438 3334 3503 pr0pterca
3394 3439 3456 3488 ut

1878 3523 2097 3594 possitis
2140 3522 2512 3578 hzereditatem
2538 3535 2827 3590 supernam
2851 3534 2971 3574 cum
3001 3519 3156 3575 bonis
3186 3520 3307 3577 ﬁliis
3336 3536 3456 3590 per-

1878 3615 2082 3685 cipere,
2116 3613 2371 3668 remissas
2401 3625 2592 3666 manus
2641 3626 2672 3664 a
2700 3609 2843 3667 bono
2879 3625 3062 3680 Opere,
3095 3619 3151 3666 et
3181 3620 3456 3681 torpentes

1877 3708 1986 3762 otio
2014 3705 2242 3778 pigritia:
2275 3722 2288 3760 :
2325 3714 2379 3760 et
2408 3703 2579 3760 soluta
2610 3718 2785 3774 genua
2810 3702 3002 3774 erigite
3030 3705 3095 3757 ad
3126 3703 3266 3758 bona
3290 3719 3454 3774 opera

1877 3798 2101 3866 agenda.
2140 3796 2245 3850 Per
2283 3795 2445 3864 pedes
2486 3802 2750 3848 autemet
2785 3808 2980 3862 genua,
3013 3792 3269 3848 debemus
3314 3794 3456 3849 acci-

1875 3902 2004 3957 pere
2047 3888 2186 3941 bona
2209 3901 2395 3954 opera,
2431 3886 2572 3941 sicut
2619 3893 2673 3939 et
2709 3899 2806 3952 per
2844 3899 3057 3947 manus,
3105 3897 3200 3953 per
3238 3900 3458 3955 gressus

1879 3983 2057 4028 autem
2082 3971 2406 4026 intellectum
2439 3970 2896 4038 intentionemque
2918 3969 3132 4034 mentis,
3157 3978 3210 4023 et
3231 3980 3312 4024 est
3333 3985 3456 4024 sen-

1879 4081 2010 4122 sus:
2045 4062 2195 4117 Talia
2233 4076 2397 4131 opera
2431 4061 2594 4131 agite,
2632 4074 2750 4129 qua:
2780 4058 3079 4128 perfectum
3126 4057 3454 4112 intellectum

1878 4161 2114 4216 habeant
2153 4156 2296 4228 quod
2324 4156 2463 4210 bona
2509 4152 2806 4208 intentione
2856 4151 3006 4206 ﬁant.
3041 4150 3208 4207 Recte
3237 4152 3455 4224 ,inquit,

1879 4248 2181 4312 ambulate,
2230 4260 2299 4301 ne
2336 4243 2657 4300 claudicatio
2699 4241 2819 4313 plus
2865 4252 3170 4308 accrescat,
3209 4243 3304 4300 sed
3363 4259 3456 4314 po—

1878 4342 1986 4397 tius
2005 4340 2072 4394 ad
2093 4346 2290 4394 statum
2313 4334 2650 4391 rectitudinis
2672 4334 2930 4404 erigatur.
2959 4333 3238 4390 Remissas
3262 4350 3454 4391 manus

1877 4443 1932 4490 et
1959 4445 2134 4502 genua
2164 4428 2337 4484 soluta
2382 4426 2601 4480 mandat
2629 4425 2857 4496 erigere,
2889 4425 3026 4480 sicut
3052 4434 3107 4480 et
3126 4424 3294 4481 Isaias
3317 4442 3454 4496 pra).-

1878 4525 2029 4593 cipit,
2062 4522 2285 4576 dicens:
2317 4517 2624 4588 Confortate
2657 4533 2844 4570 manus
2873 4515 3180 4582 dissolutas,
3218 4527 3264 4570 et
3285 4534 3456 4588 genua

1879 4615 2073 4672 debilia
2114 4614 2351 4668 roborate
2383 4611 2516 4685 (Isa.
2563 4601 2728 4676 xxiv,
2773 4609 2850 4681 5),
2897 4619 2956 4665 ut
3002 4626 3106 4664 non
3148 4609 3456 4668 claudicans

1802 4691 1854 4752 D
1881 4712 2004 4782 quis
2031 4716 2196 4774 erret,
2227 4708 2279 4763 id
2300 4714 2402 4771 est,
2435 4715 2493 4759 ut
2518 4719 2622 4758 non
2638 4703 2893 4758 haesitans
2919 4703 3042 4773 quis
3069 4703 3122 4757 in
3152 4703 3256 4758 ﬁde
3277 4704 3458 4760 bonis-

1883 4815 1987 4872 que
2017 4799 2269 4870 operibus
2293 4804 2442 4851 erret
2467 4795 2552 4849 via
2579 4793 2939 4860 rectitudinis,
2970 4795 3140 4865 magis
3164 4805 3342 4850 autem
3370 4810 3457 4850 sa-

1882 4901 2040 4946 netur
2068 4905 2098 4943 a
2132 4887 2368 4958 peccatis
2399 4885 2666 4941 credendo
2692 4892 2837 4940 recte
2859 4884 2913 4939 in
2941 4885 3128 4951 Deum,
3155 4900 3218 4940 ac
3240 4886 3285 4940 si
3314 4885 3458 4941 dice-

1882 4991 1992 5037 ret:
2010 4980 2110 5047 Qui
2125 4995 2229 5034 non
2248 4987 2391 5034 recte
2414 4978 2605 5042 credit,
2621 4977 2812 5032 melius
2839 4986 2924 5033 est
2937 4985 2995 5033 ut
3012 4976 3218 5033 ﬁrmius
3233 4985 3287 5033 et
3313 4985 3459 5031 tena-

1881 5073 1998 5128 cius
2018 5071 2203 5126 credat
2230 5078 2492 5140 quatenus
2521 5069 2772 5124 omnibus
2801 5068 2977 5123 modis
3006 5067 3245 5123 inveniat
3283 5069 3456 5124 medi-

1879 5166 2058 5220 cinam
2100 5163 2294 5217 anima:
2343 5179 2470 5217 suae.
2521 5161 2618 5217 llis
2657 5171 2837 5216 autem
2887 5159 3062 5216 verbis
3090 5159 3458 5216 haesitationes

1880 5271 2070 5312 eorum
2096 5256 2289 5328 tangit,
2318 5257 2382 5310 ad
2412 5256 2515 5312 hoc
2543 5265 2602 5311 ut
2635 5255 2755 5310 sine
2783 5255 2962 5325 aliqua
2984 5253 3319 5310 dubitatione
3340 5269 3459 5310 cre-

1881 5351 2071 5407 derent
2107 5352 2160 5406 in
2200 5349 2392 5406 Deum.

1952 5453 2145 5510 Pacem
2176 5454 2447 5526 sequimini
2478 5470 2595 5508 cum
2627 5453 2889 5520 omnibus,
2931 5451 3188 5508 subaudis
3217 5452 3391 5516 bonis,
3406 5459 3455 5506 et

1878 5549 2278 5603 sanctimoniam
2321 5548 2430 5602 sine
2457 5564 2559 5618 qua
2602 5563 2751 5601 nemo
2778 5547 2968 5602 videbit
2993 5545 3182 5600 Deum.
3215 5545 3456 5602 Plurima

1879 5641 2095 5712 quidem
2149 5649 2306 5706 sunt,
2357 5655 2476 5710 qua:
2514 5639 2742 5696 formam
2785 5639 3275 5710 discretionemque
3311 5637 3456 5692 chri-

1878 5732 2172 5788 stianitatis
2217 5731 2537 5796 ostendunt,
2578 5734 2670 5788 sed
2714 5733 2833 5804 plus
2866 5731 3117 5795 omnibus
3150 5747 3216 5788 ac
3261 5731 3456 5788 melius

1880 5824 2162 5880 cliaritatis
2195 5831 2392 5878 mutuae
2434 5823 2656 5880 allectus
2677 5833 2731 5880 et
2762 5840 2896 5895 pax,
2928 5838 3048 5894 qua:
3075 5823 3315 5879 omnium
3357 5822 3454 5877 ho-

1880 5920 2087 5976 minum
2117 5919 2280 5976 corda
2305 5921 2602 5977 consociat.
2635 5919 2972 5991 Quapropter
2995 5917 3126 5977 dicit
3151 5918 3269 5988 ipsa
3300 5915 3454 5972 Veri-
