3974 6500
462 481 570 540 925
946 475 1299 535 HAYMONIS
1339 470 1815 530 HALBERSTAT.
1858 469 2073 527 EPISC.
2109 468 2265 526 OPP.
2304 469 2489 526 PARS
2524 466 2566 521 l.
2598 485 2668 505 -'-—
2691 460 3043 520 COMMENT.
3084 457 3237 515 BIBL
3669 450 3796 512 994

468 619 554 664 tas
585 624 598 661 :
626 603 818 660 Pacem
844 602 1077 673 relinquo
1098 600 1241 655 vobis
1261 597 1716 670 (Joan.x1v,27);
1745 596 2006 652 etiterum
2034 612 2047 648 :
2080 597 2130 659 Α
2155 610 2258 648 nus
2284 601 2463 648 autem
2496 588 2716 661 proprie
2746 586 2947 641 dicitur
2978 583 3334 654 irreligiosus,
3366 583 3534 654 quasi
3570 594 3798 651 porro,

469 698 538 753 In
560 699 657 752 hoc
686 703 991 766 cognoscent
1017 709 1193 748 omnes
1235 693 1361 763 quia
1392 692 1493 745 mei
1530 691 1655 745 estis
1672 685 1927 757 discipuli
1945 727 1959 752 ,
2001 685 2053 740 si
2162 684 2214 738 id
2236 692 2321 739 est
2356 682 2511 751 longe
2538 696 2568 733 a
2598 676 2723 732 fano
2760 686 2816 732 et
2842 675 3044 746 templo
3067 674 3185 741 Dei,
3212 673 3303 730 bic
3329 682 3517 728 autem
3542 686 3798 766 proca—

470 764 800 844 diiectioncm
828 785 1117 841 habueritis
1137 784 1207 838 ad
1236 784 1455 838 invicem
1484 782 1593 852 (Id.
1626 797 1744 845 xm,
1781 780 1904 851 35);
1926 792 2052 849 pro-
2154 776 2460 845 strimargo,
2490 773 2603 828 sive
2632 785 2731 841 pro
2771 769 2864 826 illo
2884 769 2978 839 qui
3008 767 3138 822 utile
3174 783 3272 839 pro
3312 766 3494 821 inutili
3522 764 3753 819 vendit
3776 804 3795 825 ,

471 888 655 952 mel-ea
684 880 976 950 Apostolus
998 878 1129 934 dicit
1163 897 1175 933 :
1213 875 1410 931 Pacem
1447 875 1722 946 sequimini
1748 891 1865 928 cum
1886 873 2057 928 omnis
2154 868 2390 939 ponitur.
2436 862 2591 931 Quod
2625 864 2762 917 bene
2790 860 3041 932 congruit
3077 859 3217 914 Esau
3239 900 3254 923 ,
3294 859 3389 929 qui
3422 856 3533 912 fuit
3567 855 3797 913 castri-

475 973 569 1027 bus
617 972 795 1027 bonis.
851 970 1011 1026 Pacis
1067 978 1251 1026 autem
1306 970 1522 1025 nomine
1568 969 1914 1040 intelligenda
1973 976 2059 1023 est
2158 976 2377 1031 margus
2405 968 2569 1029 atque
2598 957 2844 1029 gulosus,
2868 954 3106 1011 vendens
3134 952 3503 1026 primogenita
3538 966 3659 1005 sua
3690 964 3798 1019 pro

474 1062 692 1118 dilectio
743 1069 798 1116 et
839 1060 1150 1116 concordia.
1209 1058 1578 1115 Sanctimonia
1626 1068 1807 1114 autem
1859 1058 2059 1137 dicitur

474 1153 695 1207 castitas
720 1152 919 1206 mentis
944 1159 1001 1207 et
1028 1152 1275 1221 corporis
1298 1166 1361 1205 ac
1383 1152 1427 1207 si
1458 1150 1667 1206 diceret
1698 1165 1711 1203 :
1745 1150 1821 1205 Ita
1853 1149 2063 1220 diligite

475 1244 666 1298 omnes
693 1243 864 1299 bonos
884 1250 946 1298 ut
973 1244 1350 1313 vosmetipsos,
1376 1251 1433 1298 et
1455 1243 1526 1298 sit
1552 1244 1605 1297 in
1631 1242 1785 1298 vobis
1812 1243 2060 1310 castitas,

478 1333 594 1391 sive
616 1334 882 1389 munditia
912 1335 1111 1390 mentis
1139 1343 1194 1391 et
1214 1336 1476 1405 corporis,
1506 1335 1764 1405 quoniam
1795 1335 1913 1389 sine
1932 1349 2067 1405 pace

479 1432 534 1481 et
568 1426 927 1481 sanctimonia
968 1442 1127 1483 nemo
1154 1428 1357 1484 videbit
1394 1430 1582 1484 Deum.
1614 1427 1768 1482 Beati
1805 1429 1943 1483 enim
1971 1446 2067 1499 pa-

378 1579 381 1582 ,
482 1516 640 1585 ciﬁci,
668 1518 917 1588 quoniam
939 1518 1038 1588 ipsi
1061 1517 1159 1588 ﬁlii
1189 1518 1286 1573 Dei
1313 1519 1652 1575 vocabuntur.
1684 1518 1837 1573 Beati
1871 1520 2066 1574 mundo

483 1605 669 1672 corde,
692 1608 940 1677 quoniam
968 1608 1067 1677 ipsi
1088 1607 1257 1663 Deum
1289 1609 1533 1664 videbunt
1564 1608 1779 1678 (Matth.
1811 1608 1888 1679 v).
1930 1607 2069 1664 Con-

484 1697 791 1768 templantes
846 1701 1025 1771 nequis
1103 1702 1236 1757 desit
1303 1704 1491 1774 gratim
1550 1703 1668 1759 Dei.
1737 1702 1877 1769 Quid
1939 1703 2072 1758 dicit

485 1792 946 1862 contemplantes,
974 1794 1029 1849 id
1057 1803 1140 1850 est
1187 1797 1474 1867 diligenter
1523 1799 1864 1853 attendentes
1909 1807 2073 1866 atque

486 1883 922 1951 considerantes,
959 1895 1020 1941 ut
1044 1888 1165 1959 quis
1187 1899 1425 1945 vestrum
1452 1891 1581 1946 dicit
1625 1893 1799 1961 gratia
1831 1891 1960 1957 Dei,
1993 1892 2074 1947 sic

2136 1047 2252 1107 {vili
2280 1050 2429 1112 cibo,
2459 1064 2560 1119 pro
2582 1046 2836 1103 lenticula
2860 1045 3064 1101 scilicet
3090 1042 3228 1099 rufa.
3255 1042 3654 1113 Primogenita
3687 1056 3791 1093 au-

2161 1151 2268 1199 tem
2312 1141 2417 1198 isto
2454 1141 2509 1196 in
2539 1140 2659 1195 loco
2700 1138 3040 1210 appellantur
3067 1137 3242 1191 honor
3278 1144 3335 1189 et
3375 1132 3645 1204 dignitas
3696 1146 3792 1184 sa-

2162 1230 2406 1287 cerdotii.
2439 1230 2579 1284 Ante
2617 1227 2980 1284 sacerdotium
3018 1226 3161 1282 enim
3192 1224 3407 1289 Aaron,
3443 1238 3565 1292 quo
3599 1235 3635 1274 a
3676 1216 3791 1274 Deo

2162 1320 2516 1376 constitutum
2543 1318 2701 1375 estin
2734 1318 2852 1388 lege
2870 1358 2885 1384 ,
2913 1332 3102 1372 omnes
3123 1312 3477 1385 primogeniti
3507 1311 3791 1367 sacerdo-

2165 1420 2247 1467 tes
2270 1419 2426 1466 erant
2449 1411 2590 1467 sicut
2626 1410 2727 1464 fuit
2755 1408 2881 1465 Sem
2912 1408 3004 1478 qui
3035 1416 3090 1462 et
3125 1404 3533 1462 Melchisedech
3572 1403 3791 1473 primo-

2167 1506 2377 1576 genitus
2440 1504 2581 1559 ﬁlius
2644 1502 2759 1558 Noe
2822 1503 2939 1557 fuit.
3005 1501 3195 1572 Magna
3260 1500 3471 1554 etenim
3532 1496 3787 1565 dignitas

2168 1605 2284 1653 erat
2307 1597 2508 1652 habere
2536 1596 2893 1668 primogenita
2915 1636 2930 1661 ,
2965 1595 3221 1666 quoniam
3260 1602 3316 1648 et
3340 1593 3409 1647 de
3458 1590 3783 1647 substantia

2169 1698 2329 1760 atque
2410 1688 2725 1744 haereditate
2806 1696 3031 1758 paterna
3112 1687 3376 1758 majorem
3456 1684 3780 1756 portionem

2172 1779 2495 1844 sumebant,
2567 1779 3121 1848 vestimentorumque
3175 1786 3376 1833 ornatu
3446 1776 3781 1846 locupletior

2173 1872 2510 1942 Splendebat.
2541 1870 2694 1927 Unde
2718 1871 2918 1941 legitur
2965 1870 3023 1926 in
3068 1868 3285 1935 Genesi,
3339 1869 3495 1938 quod
3526 1867 3774 1922 Rebecca

486 1972 724 2043 loquitur
753 1992 875 2031 cum
905 1979 984 2033 eis
1016 1988 1273 2050 tanquam
1299 1996 1421 2037 cum
1447 1959 1781 2049 viatoribus,
1821 1984 1913 2053 qui
1937 1999 2058 2039 cum
2089 1965 2138 2025 Β
2166 1965 2436 2036 θεειβίθηε
2466 1964 2783 2019 “sumen”
2806 1963 2947 2053 E53}!
2977 1961 3135 2016 Valde
3160 1960 3326 2026 bona,
3366 1975 3501 2053 illi“:
3548 1959 3696 2029 θυοδ

488 2081 715 2121 numero
761 2076 817 2121 et
862 2070 1122 2125 comitatu
1162 2072 1216 2125 in
1262 2071 1418 2142 longa
1462 2073 1659 2128 itinera
1710 2082 2067 2144 permaneant

489 2155 684 2225 quibus
709 2158 845 2213 solet
872 2161 1053 2216 dicere
1082 2162 1130 2217 is
1144 2163 1235 2233 qui
1269 2164 1350 2218 eis
1389 2172 1584 2233 praeest
1620 2163 1844 2221 :Videte
1868 2181 1938 2221 ne
1964 2166 2065 2221 ali-

488 2247 612 2316 quis
654 2259 933 2304 remaneat
963 2251 1055 2321 qui
1086 2267 1195 2307 non
1237 2264 1428 2324 pergat
1460 2256 1778 2323 nobiscum;
1820 2256 1985 2312 veluti
2018 2258 2069 2313 si

488 2338 693 2395 diceret
722 2358 737 2394 :
769 2340 885 2397 Non
920 2344 1024 2398 hoc
1064 2351 1273 2399 tantum
1307 2347 1544 2415 requiro,
1579 2358 1637 2401 ut
1670 2362 1766 2403 vos
1811 2348 1913 2403 soli
1946 2364 2068 2419 gra-

489 2431 621 2486 tiam
657 2436 1096 2503 consequamini,
1138 2438 1480 2508 patriamque
1513 2440 1788 2495 caelestem
1828 2441 2066 2509 intretis,

492 2522 587 2577 sed
608 2524 773 2577 etiam
812 2524 1112 2595 inspiciatis
1137 2534 1192 2583 et
1217 2538 1466 2585 caeteros.
1500 2530 1745 2586 Gratiam
1771 2542 1951 2588 autem
1972 2532 2070 2588 Dei

493 2611 642 2677 dicit,
676 2612 858 2679 ﬁdem,
885 2630 1058 2684 spem,
1083 2623 1139 2672 et
1174 2618 1518 2685 cbaritatem,
1550 2636 1647 2690 per
1675 2637 1810 2690 quas
1831 2631 2071 2678 meretur

495 2701 656 2756 homo
676 2704 905 2771 gratiam
922 2705 1017 2761 Dei
1048 2707 1292 2763 invenire
1309 2748 1326 2774 ,
1352 2710 1478 2779 quia
1505 2726 1628 2766 cum
1651 2711 1771 2766 istis
1804 2712 1986 2779 habet,
2016 2719 2071 2769 et

498 2793 752 2863 reliquas.
785 2794 910 2852 Sive
944 2801 1172 2869 gratiam
1198 2802 1292 2857 Dei
1324 2803 1455 2859 dicit
1480 2806 1855 2861 remissionem
1885 2822 2070 2877 pecca-

496 2893 674 2940 torum
693 2928 709 2954 ,
746 2903 867 2959 quae
895 2893 1051 2948 nobis
1080 2896 1248 2964 gratis
1270 2896 1434 2952 datur
1464 2913 1495 2952 a
1526 2898 1637 2954 Deo
1676 2899 1731 2954 in
1772 2900 2063 2970 baptismo.

497 2976 686 3038 Videte
706 3024 721 3049 ,
752 2985 956 3055 inquit,
985 2992 1198 3059 nequis
1226 3001 1465 3048 vestrum
1500 2993 1708 3050 alienus
1734 2996 1805 3050 sit
1834 3011 1866 3049 a
1892 2996 2067 3068 gratia

494 3070 627 3138 Dei,
656 3090 777 3145 quae
812 3080 971 3134 datur
1008 3082 1060 3135 in
1088 3083 1412 3154 baptimate,
1452 3087 1538 3142 vel
1583 3101 1613 3141 a
1652 3086 1757 3142 ﬁde
1795 3087 2063 3156 perfecta,

491 3166 810 3237 ceterisque
857 3171 1165 3237 virtutibus,
1211 3191 1274 3229 ne
1329 3193 1433 3247 qua
1488 3177 1642 3231 radix
1690 3179 2066 3234 amaritudinis

492 3268 701 3310 sursum
730 3260 1028 3328 germinans
1056 3264 1340 3334 impediat,
1370 3276 1417 3321 et
1440 3284 1532 3338 per
1556 3267 1704 3322 illam
1726 3270 2067 3340 inquinentur

496 3347 667 3401 multi.
700 3347 960 3407 Radicem
997 3355 1377 3413 amaritudinis
1404 3366 1561 3415 vocat
1589 3359 1921 3416 voluntatem
1952 3376 2070 3416 ma-

496 3437 625 3505 lam,
639 3455 968 3513 pravumque
981 3446 1355 3515 intentionem,
1372 3452 1514 3506 unde
1529 3453 1773 3522 procedit
1787 3463 2069 3523 peccatum

496 3532 893 3590 amaritudinis.
918 3534 1053 3590 Nam
1084 3538 1225 3594 sicut
1250 3541 1403 3597 radix
1436 3557 1619 3597 amara
1649 3543 1859 3599 fructus
1884 3544 2071 3601 dulces

498 3634 604 3675 non
633 3631 815 3692 potest
856 3625 1129 3695 proferre,
1163 3630 1257 3684 sed
1299 3632 1381 3685 sui
1412 3633 1652 3700 similes,
1680 3634 1784 3689 hoc
1812 3644 1895 3690 est
1922 3650 2074 3690 ama-

501 3724 613 3775 ros,
646 3712 965 3783 sulphureas
987 3732 1199 3788 quoque
1226 3718 1346 3775 fons
1372 3736 1541 3792 aquas
1568 3738 1673 3777 non
1696 3724 1894 3779 emittit
1921 3725 2074 3781 habi-

499 3799 578 3855 les
627 3802 695 3855 ad
743 3802 1063 3872 bibendum,
1119 3809 1194 3864 ita
1246 3811 1385 3865 mala
1441 3813 1691 3868 voluntas
1744 3822 1798 3868 et
1846 3814 2074 3871 intentio

498 3906 667 3962 prava
691 3895 888 3950 malam
904 3900 1273 3968 operationem
1286 3911 1341 3957 et
1353 3913 1635 3973 peccatum
1650 3907 2029 3963 amaritudinis
2043 3922 2073 3963 a
2120 3940 2123 3945 -

496 3998 558 4042 se
582 3988 834 4045 emittunt
862 3991 1057 4061 quibus
1082 3994 1374 4064 impeditur
1394 3998 1498 4052 iter
1523 3998 1589 4051 ad
1617 3999 1849 4068 patriam
1881 4015 2075 4056 ascen-

498 4077 658 4133 dendi
693 4080 967 4138 ctelestem
990 4126 1003 4150 ,
1035 4093 1196 4155 atqde
1222 4103 1321 4157 per
1352 4088 1498 4142 illam
1526 4089 1722 4144 malam
1746 4090 2075 4149 voluntatem

498 4168 567 4223 de
622 4182 727 4239 qua
775 4174 1073 4242 procedunt
1120 4179 1325 4233 semina
1380 4181 1668 4249 nequitiae,
1724 4183 2078 4253 inquinamur

496 4262 685 4327 multi,
715 4265 842 4333 quia
870 4268 1139 4324 modicum
1162 4270 1483 4327 fermentum
1509 4280 1675 4328 totam
1702 4289 1936 4330 massam
1961 4291 2080 4332 cor-

502 4354 735 4423 rumpit,
786 4364 842 4410 et
883 4372 988 4413 uno
1022 4368 1246 4430 peccato
1290 4363 1652 4432 inﬁdelitatis,
1695 4364 1878 4420 omnia
1914 4376 2080 4437 Opera

496 4459 625 4513 qua:
650 4452 900 4514 poterant
925 4448 1063 4503 bona
1090 4464 1210 4506 esse
1239 4453 1623 4522 depravantur,
1652 4462 1708 4510 et
1744 4470 1853 4510 uno
1882 4470 2077 4527 peccat

502 4544 621 4591 tore
643 4538 798 4594 multi
826 4541 1267 4612 coinqui‘na‘ﬁtur.
1306 4545 1478 4601 Radix
1514 4547 1658 4601 enim
1700 4548 2082 4605 amaritudinis

503 4630 811 4699 specialiter
839 4643 1121 4702 peccatum
1153 4636 1486 4694 inﬁdelitatis
1515 4648 1691 4709 poteSt
1726 4641 1986 4711 intelligi,
2018 4641 2083 4695 li-

504 4730 589 4778 cet
631 4724 698 4778 ad
745 4725 942 4780 malam
984 4729 1335 4797 voluntatem,
1378 4741 1540 4802 atque
1586 4734 1941 4789 intentionem
1990 4748 2082 4790 ne-

418 4958 426 4967 .
505 4925 749 4968 amarum
779 4914 915 4970 dixit
941 4930 1062 4972 esse
1083 4959 1097 4983 ,
1145 4919 1401 4987 quoniam
1435 4920 1568 4975 nihil
1617 4924 1856 4978 amarius
1880 4932 1963 4979 est
1990 4925 2084 4983 illo

502 5015 788 5078 postquam
843 5008 1005 5065 fuerit
1055 5021 1444 5082 perpetratum.
1500 5013 1653 5082 Quod
1712 5017 2086 5088 experimento

505 5107 804 5168 agnoscunt
825 5141 840 5167 ,
869 5102 961 5172 qui
998 5110 1122 5173 post
1153 5102 1450 5159 admissum
1478 5105 1733 5161 delictum
1758 5150 1772 5175 ,
1808 5110 2088 5166 conscien-

506 5188 594 5244 tia:
630 5202 862 5247 maerore
896 5204 1244 5250 macerantur
1264 5237 1280 5263 ,
1311 5196 1534 5267 diraque
1565 5199 1697 5254 satis
1726 5202 2088 5258 amaritudine

507 5294 900 5338 consumuntur
940 5285 996 5340 in
1031 5294 1243 5342 tantum
1279 5297 1344 5343 ut
1390 5291 1693 5346 amaritudo
1741 5291 1913 5363 ipsius
1958 5294 2091 5349 deli-

506 5374 607 5440 cti,
658 5375 832 5446 ipsum
862 5377 1230 5445 intellectum,
1275 5381 1554 5452 ipsamque
1580 5387 1844 5441 rationem
1878 5386 2090 5457 aliquo-

486 5463 610 5519 'ties
637 5463 939 5536 subvertat,
963 5469 1104 5525 sicut
1131 5470 1198 5527 de
1221 5471 1354 5527 Cain
1380 5473 1611 5544 legimus
1637 5475 1728 5545 qui
1752 5476 1810 5531 in
1834 5477 2089 5548 despera-

507 5554 711 5611 tionem
740 5559 865 5613 ruit.

502 5665 510 5674 ·
582 5644 666 5699 Ne
694 5649 812 5717 quis
843 5649 1130 5719 fornicator
1156 5663 1247 5708 aut
1271 5654 1528 5726 profanus
1550 5666 1609 5711 ut
1642 5656 1785 5713 Esau
1806 5701 1821 5725 ,
1848 5661 1941 5732 qui
1968 5679 2089 5733 pro-

490 5745 624 5806 vpter
642 5755 805 5795 unam
832 5759 1004 5800 escam
1026 5746 1255 5801 vendidit
1290 5748 1650 5820 primogenita
1676 5768 1795 5808 sua.
1834 5752 2090 5810 Fornica-

512 5837 600 5883 tor
632 5833 929 5901 appellatur
949 5837 1122 5903 Esau,
1152 5839 1245 5908 qui
1268 5849 1457 5896 contra
1479 5842 1807 5901 voluntatem
1834 5848 2007 5916 patris
2036 5856 2092 5903 et

506 5921 705 5999 matris
732 5938 932 5987 uxores
953 5928 1471 6013 aliepigenasadgit
1483 5931 1639 6015 (Gen.
1664 5936 1877 6015 xxxvi).
1902 5936 2089 5993 Prefa-

2170 2054 2313 2110 domi
2341 2054 2596 2120 habebat,
2612 2054 2789 2110 induit
2808 2069 2871 2108 ea
2899 2051 3081 2119 Jacob,
3102 2052 3290 2122 sicque
3307 2051 3689 2107 adduxiteutn
3708 2049 3769 2105 ad

2168 2155 2379 2218 patrem
2395 2145 2545 2219 (Gen.
2568 2146 2870 2219 xxvu).Qui
2887 2154 2945 2200 ut
2958 2145 3128 2201 sensit
3147 2144 3397 2211 odorem,
3412 2144 3765 2199 vestimento-

2170 2254 2399 2309 rumque
2412 2237 3053 2310 ejusfragrantiam,dixit
3070 2237 3225 2292 :Ecce
3240 2237 3499 2305 odor/itii
3515 2238 3759 2309 me:qu

2175 2334 2307 2385 odor
2333 2332 2447 2402 agri
2491 2330 2668 2402 (Ibid.
2699 2334 2740 2403 ).
2785 2332 2918 2400 Quia
2970 2345 3098 2403 ergo
3148 2332 3289 2386 inter
3341 2328 3573 2385 Judzeos
3620 2336 3763 2386 erati;

2170 2424 2390 2494 quidam
2417 2432 2714 2479 sectatores
2737 2424 2881 2479 Esau
2908 2425 2961 2478 in
2989 2422 3349 2479 fornicatione
3382 2431 3551 2494 atque
3570 2421 3748 2477 castri-

2170 2517 2397 2586 margia,
2424 2516 2634 2572 reducit
2658 2517 2738 2572 eis
2781 2516 3071 2588 Apostolus
3096 2516 3163 2571 ad
3192 2517 3532 2571 memoriam
3565 2516 3747 2571 iactum

2169 2606 2338 2673 Esau,
2377 2607 2599 2662 hortans
2624 2608 2923 2663 cavendum
2953 2608 3019 2663 ab
3063 2608 3316 2662 omnibus
3350 2607 3490 2673 illis,
3542 2622 3609 2661 ne
3647 2605 3758 2675 quis

2170 2701 2244 2756 illi
2273 2701 2465 2756 similis
2492 2701 2647 2757 fieret
2676 2702 2768 2772 qui
2814 2717 2914 2772 pro
2963 2701 3327 2759 delectatione
3388 2701 3758 2772 temporalium

2171 2808 2375 2859 rerum,
2406 2808 2580 2863 usque
2605 2792 2674 2847 ad
2702 2792 2984 2848 vendenda
3014 2808 3111 2849 sua
3158 2792 3538 2864 primogenita
3588 2806 3760 2862 perve-

2171 2884 2269 2938 nit.
2304 2883 2527 2954 Propria
2573 2883 2839 2955 siquidem
2865 2883 3195 2955 negligentia
3220 2891 3275 2938 et
3304 2883 3623 2954 cupiditate
3648 2898 3760 2935 rea-

2170 2972 2310 3029 didit
2337 2974 2623 3042 honorem,
2663 2990 2823 3045 quem
2845 2991 2876 3029 a
2897 2976 3009 3030 Deo
3031 2983 3380 3046 perceperat,
3401 2985 3461 3029 et
3483 2991 3593 3045 pro
3617 2989 3762 3045 pana

2170 3079 2230 3119 re
2258 3081 2512 3137 magnam
2552 3066 2780 3136 gloriam
2818 3066 3071 3136 perdidit.
3111 3065 3429 3122 Postremus
3454 3064 3647 3121 factus
3676 3074 3762 3126 est.

2170 3156 2262 3225 qui
2296 3164 2414 3210 erat
2438 3157 2648 3228 primus
2685 3174 2697 3209 :
2730 3166 2784 3212 et
2812 3158 2904 3228 qui
2929 3167 3047 3213 erat
3089 3158 3385 3224 secundus,
3420 3160 3636 3213 mansit
3674 3157 3766 3228 pri-

2170 3263 2310 3303 mus.
2342 3246 2537 3304 Scitote
2560 3250 2698 3304 enim
2724 3252 2972 3322 quoniam
2996 3260 3177 3323 postea
3203 3252 3421 3321 cupiens
3457 3253 3765 3307 heredum

2095 3327 2142 3390 C
2175 3339 2600 3408 benedictionem,
2633 3343 2936 3413 reprobatus
2964 3354 3060 3409 est,
3087 3344 3347 3400 subaudis
3388 3360 3420 3397 a
3457 3343 3603 3400 Deo.
3640 3344 3763 3398 Nar-

2177 3439 2260 3487 rat
2314 3433 2542 3489 historia
2592 3433 2819 3491 Genesis
2869 3438 2888 3508 (
2914 3422 3105 3509 Ibid.)
3164 3438 3309 3507 quod
3382 3437 3540 3492 Esau
3606 3452 3769 3492 rever-

2175 3534 2291 3580 tens
2320 3526 2386 3581 de
2417 3543 2569 3598 agro,
2598 3537 2657 3582 ut
2703 3530 2967 3599 comperit
2991 3546 3049 3586 se
3078 3540 3419 3600 praeventum
3448 3546 3480 3584 a
3516 3529 3691 3584 fratre
3714 3526 3768 3583 ad

2172 3619 2601 3675 benedictionem
2630 3622 2821 3691 patris,
2851 3622 2988 3677 dixit
3014 3638 3135 3677 cum
3160 3623 3427 3694 lacrymis
3453 3631 3512 3678 et
3532 3623 3769 3678 clamore

2180 3727 2377 3782 magno
2410 3730 2422 3767 :
2468 3712 2519 3765 Ν
2524 3730 2611 3767 um
2642 3730 2801 3767 unum
2827 3713 3232 3769 benedictionem
3252 3715 3435 3780 habes,
3465 3716 3669 3784 pater?
3695 3713 3772 3768 Be-

2175 3806 2332 3860 nedic
2361 3804 2526 3860 etiam
2553 3813 2608 3861 et
2636 3806 3069 3862 mihi.Cuilsaac
3103 3824 3115 3859 :
3145 3806 3607 3862 Dominumtuum
3634 3807 3768 3860 ilium

2175 3897 2452 3962 constitui,
2468 3907 2521 3952 et
2538 3897 2701 3964 ultra,
2720 3898 2795 3952 ﬁli
2821 3898 2913 3964 mi,
2937 3898 3031 3953 tibi
3048 3900 3175 3968 quid
3191 3898 3390 3953 faciam
3403 3898 3771 3971 ?(1bid.)Tan-

2176 3988 2298 4042 dem
2322 3989 2492 4044 victus
2505 3988 2654 4044 Isaac
2671 3988 2999 4045 clamoribus
3016 3989 3182 4056 illius,
3201 3991 3350 4046 dedit
3367 3992 3419 4044 ei
3444 3989 3771 4047 benedictio-

2177 4096 2299 4136 nem
2317 4083 2381 4137 de
2394 4082 2591 4137 divitiis
2606 4082 2765 4152 hujus
2786 4084 2968 4140 δωριιιί
2988 4103 3000 4139 :
3018 4095 3073 4140 et
3096 4094 3155 4141 ut
3168 4086 3220 4139 in
3238 4085 3324 4141 his
3350 4102 3478 4156 qua:
3493 4094 3650 4142 terra
3665 4103 3772 4158 pro»

2179 4171 2288 4227 fert
2308 4173 2606 4229 abundaret
2634 4173 2820 4230 dicens
2844 4191 2857 4227 :
2884 4174 2953 4228 In
2974 4176 3287 4245 pinguedine
3323 4186 3483 4232 teme
3508 4188 3565 4231 et
3597 4181 3653 4232 in
3677 4194 3771 4232 rore

2180 4263 2291 4318 cali
2330 4265 2593 4335 desuper,
2642 4266 2740 4321 erit
2794 4266 3078 4321 benedictio
3133 4278 3225 4321 tua
3264 4265 3486 4339 (Ibid.).
3546 4269 3777 4341 Appara

2182 4370 2312 4428 ergo
2354 4356 2478 4426 quia
2528 4373 2649 4412 cum
2696 4357 2955 4413 voluisset
2988 4357 3312 4414 lnereditare
3338 4359 3773 4434 benedictionem

2176 4457 2487 4521 paternam,
2528 4450 2850 4522 dignitatem
2880 4451 3134 4507 videlicet
3169 4452 3470 4524 sacerdotii
3515 4452 3773 4523 recipere,

2184 4558 2304 4613 qua:
2320 4543 2435 4613 jam
2464 4543 2726 4598 amiserat
2752 4558 2961 4599 necnon
2988 4553 3043 4599 et
3072 4528 3419 4600 sanctitatem
3458 4546 3645 4614 patris
3670 4558 3775 4599 cum

2187 4635 2380 4703 spiritu
2394 4633 2708 4705 prophetiae,
2739 4635 2979 4705 peccatis
3001 4635 3419 4706 impedientibus
3439 4635 3512 4689 ad
3536 4635 3648 4691 hoc
3678 4650 3779 4706 per.

2108 4694 2161 4757 θ
2188 4694 2509 4794 ductus-est:
2535 4736 2597 4782 ut
2623 4694 3009 4799 reprobaretur
3032 4694 3246 4794 a.l)e0‘,
3282 4735 3340 4782 et
3378 4694 3777 4783 fraudaretur:

503 4827 686 4884 quam,
718 4822 780 4872 ut
806 4817 1040 4876 diximus
1064 4862 1079 4887 ,
1104 4822 1397 4878 referatur.
1429 4824 1497 4879 Et
1535 4839 1775 4897 congrue
1796 4811 2115 4897 peccatum.

2186 4820 2357 4876 fratre
2380 4821 2753 4877 benedictione
2784 4829 3027 4892 paterna.
3058 4821 3212 4877 Unde
3239 4829 3295 4877 et
3322 4822 3584 4890 sequitur
3624 4839 3641 4876 :
3670 4820 3778 4875 Non

2178 4915 2324 4969 enim
2352 4915 2541 4969 invenit
2579 4916 2898 4984 pwnitentia:
2937 4914 3132 4982 locant,
3177 4930 3489 4986 quanquam
3538 4932 3664 4969 cum
3712 4914 3779 4967 la-

2188 5004 2382 5074 crymis
2412 5005 2708 5075 inquisisset
2734 5022 2872 5060 eam.
2907 5005 3086 5074 Quare
3123 5021 3230 5061 non
3270 5007 3485 5062 invenit
3514 5009 3778 5079 pteuiten.

2192 5097 2280 5152 tia:
2326 5095 2527 5164 locum,
2575 5099 2632 5155 id
2670 5107 2754 5154 est
2788 5099 3000 5154 veniam
3031 5115 3129 5170 per
3175 5100 3586 5171 paenitentiam,
3626 5117 3780 5173 quan

2193 5204 2316 5246 cum
2347 5188 2600 5261 lacrymis
2628 5192 2915 5262 quaesivit?
2937 5192 3077 5259 Quia
3096 5194 3171 5250 ita
3197 5209 3304 5250 non
3323 5196 3585 5264 quaesivit
3615 5206 3677 5249 ut
3698 5197 3781 5251 de-

2192 5284 2333 5341 buit.
2349 5283 2629 5355 Lacrymze
2647 5286 2793 5341 enim
2824 5286 2929 5341 illa:
2948 5287 3335 5359 indignationis
3359 5286 3591 5343 fuerunt
3610 5290 3782 5359 potius

2196 5380 2384 5435 amissi
2410 5379 2630 5435 honoris
2666 5389 2722 5435 et
2748 5382 2993 5439 rancoris
3026 5391 3215 5438 contra
3237 5381 3465 5438 fratrem
3496 5400 3667 5454 quam
3698 5389 3783 5441 hu-

2195 5471 2439 5527 militatis
2465 5486 2709 5542 veraeque
2735 5473 3089 5543 poenitentize,
3110 5472 3252 5528 unde
3272 5458 3329 5527 et
3350 5473 3527 5529 dixit:
3574 5474 3781 5530 Veniat

2194 5562 2307 5618 dies
2336 5564 2506 5618 luctus
2526 5565 2691 5633 patris
2722 5566 2823 5619 mei
2843 5574 2899 5618 ut
2926 5566 3161 5621 occidam
3179 5566 3343 5624 Iacob
3368 5570 3595 5639 fratrem
3616 5584 3783 5624 metu

2201 5653 2360 5723 (Ibid.
2390 5654 2430 5726 ),
2464 5665 2791 5725 quapropter
2817 5672 3129 5726 quanquam
3156 5675 3279 5715 cum
3318 5661 3581 5732 lacrymis
3603 5662 3781 5730 inqui-

2198 5753 2360 5807 sisset
2402 5768 2547 5817 eam,
2589 5752 2701 5821 jam
2753 5754 2819 5809 ad
2867 5754 3017 5809 illum
3044 5754 3222 5812 locum
3251 5756 3653 5812 benedictionis
3679 5773 3780 5812 nm

2196 5845 2374 5915 potuit
2419 5861 2703 5915 pervenire
2742 5854 2807 5899 ut
2836 5846 3030 5903 frater
3068 5862 3218 5903 suus.
3249 5847 3324 5905 Ita
3348 5850 3495 5904 enim
3520 5850 3783 5905 debuerat

2198 5938 2482 6010 poenitere,
2525 5938 2666 5995 sicut
2712 5938 2780 5995 de
2808 5937 2971 5999 Petro
3013 5939 3257 6014 legimus,
3307 5943 3404 6015 qui
3434 5958 3572 6013 etim
3600 5941 3782 6002 Del-'-
