3974 6446
154 428 264 489 Ἠἲῦ

862 438 1219 496 EXPOSlTlO
1254 438 1322 494 IN
1359 424 1505 495 EPP.
1547 438 1604 496 s.
1646 437 1869 496 eam.
1910 471 1980 480 —
2012 439 2080 495 IN
2114 440 2330 497 EPIST.
2370 440 2463 497 AD
2501 439 2705 495 unua.

3301 438 3408 496 926

159 567 284 630 nam
311 557 564 621 negasset,
593 568 826 623 egressus
851 553 993 623 foras
1022 539 1157 624 ﬂevit
1183 570 1358 609 amare
1392 552 1542 624 (Luc.
1574 551 1731 624 xxu).
1761 571 1810 630 Α
1837 560 2129 623 paruerunt
2177 568 2350 622 neque
2394 552 2509 607 visa
2547 558 2671 607 sunt
2697 549 2848 621 signa
2875 549 3070 622 quibus
3115 556 3412 619 terrentur,

144 628 368 720 ,ldcirco
395 641 470 698 illi
502 643 782 699 dimissum
808 653 892 700 est
924 654 1031 700 tam
1070 646 1274 716 grande
1299 654 1580 715 peccatum
1603 660 1736 714 quo-

162 736 310 792 niam
342 736 481 792 sicut
506 735 692 792 debuit
716 738 1089 807 paenitentiam
1106 740 1234 809 egit.
1258 739 1380 793 Non
1402 740 1538 794 enim
1564 754 1739 793 acces-

159 829 301 884 sistis
331 826 403 882 ad
426 828 750 884 tractabilem
773 840 819 885 et
846 832 1214 888 accessibilem
1230 832 1401 902 ignem
1422 832 1741 887 etturbinem

161 912 210 971 et
246 915 519 987 caliginem
555 927 602 972 et
646 919 949 989 procellam,
997 930 1043 975 et
1088 923 1223 975 tuba:
1251 938 1456 985 sonum,
1490 931 1537 975 et
1568 938 1739 976 vocem

158 1005 453 1061 uerborum.
514 1006 629 1063 Mos
679 1017 761 1064 est
796 1006 1007 1065 illorum
1042 1011 1133 1080 qui
1183 1011 1613 1080 comparationes
1663 1011 1741 1066 fa-

162 1096 349 1162 ciunt,
397 1104 458 1151 ut
494 1097 717 1153 alteram
767 1109 975 1171 partem
1026 1101 1331 1172 deprimant
1374 1112 1536 1173 atque
1593 1112 1741 1159 exte-

166 1190 353 1252 auem,
383 1195 442 1242 ut
471 1204 559 1243 res
586 1187 807 1245 alterius
836 1191 1004 1261 partis
1034 1192 1285 1263 emineat.
1320 1193 1410 1249 Sic
1431 1203 1486 1249 et
1509 1193 1740 1265 Aposto-

150 1272 247 1361 lus
273 1292 341 1332 ex
383 1279 785 1348 comparatione
832 1280 1045 1336 illorum
1075 1298 1195 1352 quae
1224 1279 1440 1338 fuerunt
1470 1284 1521 1338 in
1554 1283 1739 1339 Veteri

163 1356 534 1434 Testamento,
587 1378 767 1424 nostra
832 1369 1039 1439 majora
1096 1374 1331 1427 ostendit
1377 1380 1431 1428 et
1485 1372 1736 1441 clariora,

158 1461 529 1515 mansuetiora
566 1467 791 1532 quoque
825 1471 879 1518 et
913 1464 1137 1520 meliora
1176 1473 1338 1536 atque
1380 1466 1739 1521 admiratione

163 1550 342 1622 digna.
376 1552 531 1609 Facit
550 1556 853 1611 enimnunc
882 1554 1240 1614 dili'erentiam
1282 1559 1422 1615 inter
1462 1559 1738 1615 Christum

162 1648 219 1696 et
239 1641 477 1713 Moysen,
511 1645 651 1700 inter
674 1645 1026 1718 Evangelium
1058 1656 1111 1703 et
1139 1648 1334 1720 legem,
1371 1651 1512 1705 inter
1540 1650 1737 1707 caelum

161 1739 218 1787 et
244 1739 481 1788 montem
529 1732 677 1797 Sina,
718 1737 1083 1806 aspersionem
1130 1739 1405 1808 sanguinis
1447 1739 1652 1811 legalis,
1683 1747 1738 1794 et

161 1821 594 1879 emundationem
613 1827 888 1897 sanguinis
907 1827 1127 1884 Christi.
1153 1829 1321 1885 Multo
1344 1829 1487 1885 enim
1510 1829 1732 1886 meliora

1845 642 1983 697 sicut
2009 643 2223 713 quando
2252 642 2338 697 lex
2371 642 2495 698 data
2541 652 2640 698 est.
2672 640 2930 712 Sequitur
2958 661 2972 696 :
3008 640 3179 708 Quam
3224 656 3415 703 vocem

1845 736 2094 793 tubarum
2125 746 2183 792 et
2223 737 2550 807 angelorum,
2597 738 2686 808 qui
2730 737 3010 792 audierunt
3039 738 3416 790 excusaverunt

1841 846 1915 894 se,
1966 845 2027 882 ne
2071 829 2171 883 eis.
2194 827 2340 895 ﬁeret
2391 822 2617 893 verbum,
2651 828 2703 882 id
2744 835 2845 894 est,
2876 843 2943 882 ne
2971 826 3048 881 eis
3078 826 3412 899 loqueretur.

1843 916 1965 975 Non
1995 922 2131 976 enim
2158 920 2432 991 portabant
2462 920 2600 991 quod
2631 920 2901 974 dicebatur
2929 920 2998 974 ad
3032 938 3139 985 eos,
3190 919 3292 975 hoc
3329 925 3416 975 est

1841 1027 1944 1065 non
1976 1020 2224 1081 poterant
2255 1009 2396 1065 ferre
2427 1025 2614 1064 vocem
2642 1009 2816 1081 angeli
2869 1026 2981 1079 prze
3027 1010 3241 1077 timore,
3273 1010 3417 1065 unde

1840 1104 2169 1159 etUixerunt
2199 1103 2367 1176 Moysi
2410 1119 2424 1157 :
2458 1103 2688 1174 Loquere
2714 1113 2770 1157 tu
2820 1104 2983 1168 nobis,
3032 1121 3134 1158 non
3174 1103 3418 1175 loquatur

1842 1196 1985 1250 nobis
2015 1195 2287 1260 Dominus,
2317 1211 2378 1249 ne
2404 1195 2537 1265 forte
2556 1194 2844 1248 moriamur
2875 1193 3075 1265 (Exod.
3094 1193 3207 1266 xx).
3239 1194 3417 1251 Nimio

1839 1287 1980 1341 enim
2012 1286 2202 1341 timore
2224 1285 2438 1340 fuerant
2470 1285 2723 1356 perculsi,
2766 1284 3011 1340 videntes
3042 1292 3211 1339 totum
3258 1302 3415 1341 mon-

1842 1387 1948 1434 tem
1982 1376 2106 1434 Sina
2148 1377 2374 1443 fumare,
2425 1377 2685 1448 procellas
2730 1392 2945 1448 quoque
2981 1384 3036 1432 et
3081 1378 3317 1433 tonitrua
3363 1385 3420 1433 ει

1839 1484 1998 1523 voces
2043 1469 2286 1524 tubarum
2316 1467 2522 1540 (Ibid.).
2554 1468 2620 1521 Et
2651 1469 2696 1523 si
2724 1469 2886 1524 bestia
2917 1468 3137 1538 tetigerit
3163 1476 3408 1534 montem,

1838 1559 2176 1626 lapidabitur,
2206 1558 2458 1613 subaudis
2487 1557 2749 1627 lapidibus
2768 1558 3045 1630 grandinis
3064 1558 3276 1614 coalitus
3293 1558 3421 1617 mis—

1839 1650 2028 1705 sis.Sic
2040 1650 2183 1704 enim
2199 1660 2525 1720 praeceperat
2538 1649 2796 1704 Dominus
2813 1668 2825 1704 :
2842 1647 3023 1721 Longe
3036 1664 3093 1704 se
3107 1647 3307 1704 faciant
3324 1649 3421 1713 lilii

1835 1741 1999 1797 Israel
2029 1757 2060 1796 a
2082 1750 2287 1807 monte,
2324 1741 2576 1811 quoniam
2616 1741 2661 1796 si
2690 1741 2852 1797 homo
2887 1749 2979 1794 aut
3018 1741 3198 1812 aliqua
3246 1740 3418 1797 bestia

1838 1832 2125 1890 accesserit
2169 1833 2235 1888 ad
2262 1841 2516 1899 montem,
2566 1832 2830 1903 lapidibus
2890 1832 3165 1904 grandinis
3214 1831 3421 1887 interfl-

160 1920 286 1967 sunt
306 1912 411 1967 ista
434 1929 595 1982 quam
633 1914 860 1973 fuissent
886 1918 994 1973 illa.
1025 1919 1100 1974 lbi
1124 1920 1268 1975 enim
1292 1921 1593 1991 requiescet
1614 1938 1732 1977 um-
1759 1916 1807 1985 Β
1834 1924 2025 1979 cietur.
2059 1924 2124 1978 Et
2152 1924 2227 1979 ita
2260 1922 2500 1980 terribile
2514 1931 2631 1978 erat
2665 1921 2808 1994 quod
2837 1923 3139 1989 videbatur,
3163 1922 3420 1978 subaudis

156 2004 277 2068 bra,
307 2004 395 2059 hic
413 2005 617 2061 veritas
657 2016 869 2063 tenetur
890 2018 944 2066 et
962 2012 1235 2080 panditur.
1273 2011 1391 2068 Non
1423 2018 1731 2088 accepistis,

157 2093 354 2163 inquit,
381 2095 447 2150 ad
475 2097 811 2154 tractabilem
847 2107 902 2155 et
922 2101 1289 2156 accessibilem
1314 2104 1512 2180 ignem,
1548 2106 1598 2163 id
1628 2116 1733 2177 est,

156 2200 266 2239 non
297 2187 602 2243 accessistis
628 2190 696 2243 ad
717 2188 929 2245 visibile
975 2198 1030 2245 et
1080 2190 1347 2261 palpabile
1384 2195 1563 2252 lumen
1594 2197 1734 2266 ignis

153 2274 300 2344 quod
340 2275 457 2331 visu
485 2290 745 2348 corporeo
776 2280 998 2334 tractari
1048 2281 1234 2351 possit,
1284 2283 1423 2338 sicut
1451 2285 1517 2340 de
1560 2287 1731 2342 veteri

153 2365 355 2433 populo
389 2364 613 2422 Iudaico
646 2367 891 2439 legimus,
928 2370 1022 2425 sed
1062 2371 1384 2429 invisibilem
1428 2384 1482 2430 et
1525 2377 1735 2433 incom-

153 2456 573 2525 prehensibil‘em
601 2457 790 2514 Deum.
817 2458 944 2515 Haec
967 2461 1021 2515 in
1046 2459 1173 2517 Sina
1201 2471 1385 2519 monte
1416 2464 1560 2521 facta
1590 2466 1732 2522 refe-

155 2554 371 2610 runtur,
422 2550 636 2618 quando
657 2550 782 2605 data
810 2558 893 2606 est
930 2552 1040 2619 lex,
1078 2553 1214 2626 ignis
1243 2555 1512 2623 videlicet,
1553 2559 1730 2626 turbo,

149 2632 347 2707 caligo,
370 2639 627 2707 procella,
649 2641 788 2696 tubae
815 2656 996 2707 sonus,
1022 2652 1077 2698 et
1097 2660 1201 2701 vox
1223 2647 1530 2703 verborum.
1573 2649 1734 2705 Visus

150 2735 260 2791 est,
283 2727 459 2799 inquit
480 2730 738 2786 Dominus
762 2732 903 2788 Deus
923 2735 975 2788 in
992 2742 1173 2791 monte
1196 2735 1322 2791 Sina
1347 2737 1473 2808 (Eat.
1494 2741 1729 2812 xix,xx).

154 2814 340 2873 Turbo
383 2828 466 2875 est
510 2831 704 2877 ventus
735 2824 942 2880 validus
985 2824 1233 2883 auferens
1262 2828 1488 2898 stipulas
1512 2838 1567 2887 et
1595 2831 1733 2887 levia

152 2922 389 2983 qumque
431 2926 498 2968 ac
534 2914 809 2985 pulverem
859 2925 1019 2973 terrae
1071 2920 1366 2989 involvens,
1416 2922 1734 2994 plerumque

148 3005 321 3058 etiam
352 3005 559 3060 extollit
596 3021 716 3077 quae
741 3010 1041 3078 ponderosa
1073 3022 1216 3068 sunt.
1250 3013 1437 3087 Caligo
1474 3024 1557 3071 est
1583 3025 1734 3072 tene-

150 3095 392 3149 brositas
418 3094 550 3152 fumi
576 3106 632 3152 et
658 3099 818 3169 ignis.
848 3099 1089 3157 Procella
1113 3110 1198 3158 est
1227 3112 1517 3174 tempestas
1546 3115 1599 3163 et
1622 3108 1737 3178 plu-

152 3187 264 3240 via.
297 3185 465 3242 Facta
510 3197 640 3243 sunt
683 3199 860 3245 autem
904 3192 1004 3248 ista
1031 3195 1248 3264 quando
1286 3195 1371 3252 lex
1398 3198 1625 3253 dabatur
1677 3206 1734 3254 ut

148 3278 319 3332 corda
366 3276 672 3335 Iudaeorum
720 3296 889 3352 prona
918 3285 984 3339 ad
1018 3288 1349 3356 peccandum
1379 3299 1733 3345 concuterec-
1763 3277 1808 3345 Β

152 3375 267 3433 tur,
317 3384 387 3425 ne
436 3371 604 3441 ipsam
652 3373 823 3446 legem
855 3377 1116 3433 auderent
1147 3382 1466 3452 transgredi.
1502 3381 1656 3438 Unde
1678 3390 1734 3439 et

153 3471 499 3520 tememotus
534 3468 743 3523 exstitit
769 3468 874 3537 ibi,
908 3478 965 3524 ut
990 3471 1089 3543 ipsi
1116 3489 1182 3528 ex
1222 3481 1335 3529 toto
1365 3483 1572 3532 terrore
1605 3492 1733 3547 per-

148 3556 325 3623 cassi,
352 3556 418 3612 ad
450 3558 616 3615 Deum
644 3563 903 3617 caelorum
926 3564 1235 3635 confugium
1267 3566 1528 3623 facerent.
1561 3567 1734 3626 Tene-

154 3649 268 3704 brae
293 3658 470 3706 autem
501 3654 641 3707 sicut
675 3662 729 3709 et
762 3656 937 3725 caligo
976 3660 1357 3716 obscuritatem
1398 3663 1567 3733 ipsius
1601 3663 1734 3734 legis

154 3742 466 3814 designant.
515 3745 696 3802 Turbo
724 3748 835 3803 sive
874 3755 1167 3808 commotio
1184 3764 1490 3823 ventorum,
1512 3760 1736 3814 commi-

156 3835 435 3888 nationem
466 3836 633 3905 ipsius
660 3839 812 3908 legis,
842 3856 962 3909 quae
996 3844 1146 3910 dicit,
1175 3847 1221 3899 si
1257 3848 1376 3915 quis
1420 3849 1522 3903 hoc
1565 3850 1648 3903 vel
1676 3850 1738 3904 il-

158 3925 251 3978 lud
296 3924 508 3991 fecerit,
555 3930 853 3985 occidatur.
899 3934 1143 3989 Procella
1191 3937 1362 4006 ipsam
1398 3940 1731 3996 vindictam:

166 4017 471 4076 tubaesonus
501 4025 840 4091 praesentiam
870 4035 925 4080 et
954 4028 1243 4083 adventum
1290 4030 1385 4085 Dei
1408 4032 1739 4102 omnipoten-

164 4109 253 4175 tis,
281 4111 423 4168 unde
458 4113 597 4169 idem
625 4115 916 4187 Apostolus
942 4118 1077 4176 alias
1103 4121 1232 4176 dicit
1262 4139 1273 4174 :
1308 4121 1375 4176 In
1403 4123 1559 4194 jussu
1587 4134 1637 4179 et
1682 4126 1739 4181 in

160 4206 282 4259 uoce
333 4205 633 4277 archangeli
686 4217 736 4262 et
784 4211 843 4264 in
897 4211 1020 4264 tuba
1066 4211 1165 4266 Dei
1212 4212 1486 4270 descendet
1522 4215 1586 4270 de
1610 4215 1737 4272 creto

162 4295 237 4368 (Ι
290 4294 746 4371 ΤΙιεεε.ιν,,1ϐ)
803 4314 818 4354 :
868 4314 965 4372 per
1008 4303 1196 4358 tubam
1252 4312 1431 4361 autem
1480 4305 1734 4379 intelligi-

160 4397 251 4444 tur
277 4389 394 4460 ipsa
442 4405 545 4447 vox
588 4388 922 4463 angelorum.
967 4395 1082 4451 Non
1129 4396 1274 4451 enim
1316 4407 1399 4452 est
1437 4400 1735 4469 putandum

158 4487 303 4555 quod
351 4500 501 4542 aenea
554 4498 647 4543 aut
687 4502 884 4546 cornea
932 4491 1056 4547 tuba
1105 4493 1277 4565 angeli
1308 4494 1728 4566 iucrcpaverint.

158 4576 277 4632 Vox
303 4590 513 4648 quoque
546 4581 832 4636 verborum
867 4592 991 4639 non
1022 4584 1188 4656 ipsius
1224 4588 1616 4659 omnipotentis
1637 4590 1733 4646 Dei

156 4669 498 4739 intelligitur,
547 4672 1020 4757 sed'angelorum.
1080 4677 1183 4732 Per
1241 4679 1537 4749 subjectam
1588 4684 1733 4740 enim

1835 2025 1895 2071 ut
1922 2031 2095 2087 neque
2117 2016 2373 2072 auderent
2386 2017 2594 2083 audire,
2613 2030 2788 2086 neque
2805 2016 3062 2072 accedere
3076 2016 3142 2071 ad
3157 2024 3415 2071 montem.

1906 2106 2115 2176 Moyses
2132 2108 2275 2162 enim
2300 2107 2435 2162 dixit
2466 2121 2484 2159 :
2508 2107 2805 2163 Exterritus
2824 2118 2938 2162 sum
2955 2117 3003 2160 et
3027 2105 3413 2161 tremebundus.

1838 2195 1895 2251 Si
1928 2196 2137 2268 Moyses
2181 2199 2475 2253 exterritus
2511 2206 2615 2265 est,
2649 2198 2779 2268 quid
2825 2198 3112 2254 dicendum
3143 2197 3207 2251 de
3255 2192 3420 2249 aliis?

1836 2284 1940 2342 Sed
1969 2290 2261 2343 accessistis
2291 2289 2359 2343 ad
2387 2288 2518 2344 Sion
2544 2298 2773 2344 montem
2796 2298 2843 2343 et
2889 2290 3149 2344 civitatem
3196 2285 3292 2340 Dei
3348 2286 3420 2339 vi-

1835 2379 2023 2445 ventis,
2054 2377 2387 2435 Hierusalem
2446 2379 2718 2436 eaelestem.
2773 2379 2851 2435 Ex
2898 2377 3264 2450 superioribus
3316 2377 3418 2432 ista

1833 2470 2089 2538 pendent,
2114 2471 2203 2525 ubi
2237 2471 2439 2525 dictum
2461 2479 2566 2537 est,
2593 2482 2699 2527 non
2728 2470 3033 2526 accessistis
3066 2470 3134 2526 ad
3164 2468 3419 2525 tractabi-

1836 2560 1939 2614 lem
1970 2569 2024 2616 et
2048 2562 2419 2617 accessibilem
2461 2562 2638 2634 ignem
2680 2562 2878 2618 montis
2906 2561 3076 2627 Sinai,
3116 2561 3210 2617 sed
3238 2576 3417 2617 acces-

1836 2656 1981 2712 sistis
2002 2655 2068 2710 ad
2093 2657 2221 2712 Sion
2262 2665 2522 2724 montem,
2546 2665 2739 2712 cratera
2763 2670 2860 2726 per
2881 2656 3246 2726 parenthesim
3272 2654 3415 2710 dicta

1837 2758 1980 2803 sunt.
2005 2748 2110 2803 Per
2142 2749 2271 2803 Sion
2302 2756 2481 2804 autem
2512 2763 2630 2818 qua:
2659 2747 3050 2817 interpretatur
3095 2746 3415 2818 speculatio,

1837 2844 1891 2899 et
1920 2859 2016 2915 per
2034 2842 2370 2899 Hierusalem
2395 2857 2513 2913 qua:
2537 2844 2921 2912 interpretatur
2948 2841 3085 2896 visio
3108 2841 3278 2912 pacis,
3301 2838 3417 2893 vult

1838 2936 2061 3006 intelligi
2093 2935 2368 2991 caelestem
2397 2935 2651 3005 patriam,
2686 2933 2981 2990 Ecclesium
3028 2933 3279 2988 videlicet
3326 2948 3415 2988 su-

1837 3045 2081 3101 pernam,
2111 3043 2230 3100 quae
2273 3035 2482 3083 constat
2506 3042 2574 3081 ex
2601 3027 2803 3097 angelis
2833 3034 2886 3080 et
2908 3023 3215 3080 hominibus
3230 3023 3410 3091 justis,

1839 3121 1904 3176 ad
1934 3137 2091 3191 quam
2118 3120 2392 3176 acceditur
2415 3118 2519 3174 fide
2548 3126 2603 3173 et
2639 3118 2925 3173 desiderio.
2953 3116 3295 3182 Accessistis,
3328 3116 3415 3170 in-

1839 3211 1975 3279 quit,
2006 3210 2071 3265 ad
2101 3208 2231 3264 Sion
2260 3217 2516 3275 montem,
2564 3206 2665 3262 hoc
2690 3213 2772 3261 est
2801 3206 2867 3260 ad
2910 3205 3179 3260 civitatem
3210 3202 3303 3259 Dei
3331 3203 3415 3257 vi-

1840 3301 2017 3355 ventis
2063 3299 2399 3355 llierusalem
2447 3297 2551 3353 fide
2591 3305 2646 3353 et
2689 3296 2973 3353 desiderio.
3004 3296 3073 3350 Et
3102 3295 3409 3351 accessistis

1837 3392 1907 3446 ad
1939 3390 2282 3461 frequentiam
2308 3390 2420 3445 sive
2449 3388 2848 3443 multitudinem
2876 3386 3161 3440 multorum
3191 3385 3414 3441 millium

1837 3480 2165 3551 angelorum,
2189 3478 2668 3535 consociatiillisin
2691 3476 2815 3543 ﬁde,
2842 3475 3188 3532 consociandi
3211 3475 3409 3533 iterum

1836 3573 1889 3628 in
1922 3571 2110 3644 gloria,
2134 3571 2287 3640 juxta
2317 3572 2460 3642 quod
2491 3571 2749 3626 Dominus
2769 3569 2901 3625 dicit
2929 3588 2941 3623 :
2969 3568 3141 3623 Erunt
3162 3567 3318 3623 electi
3339 3567 3414 3623 si-

1834 3673 1927 3720 cut
1959 3666 2132 3735 angeli
2156 3666 2249 3720 Dei
2278 3666 2330 3718 in
2368 3665 2527 3730 coelo,
2562 3671 2618 3719 et
2665 3661 2971 3718 accessistis
3016 3661 3085 3716 ad
3116 3659 3408 3713 Ecclesium

1833 3759 2212 3828 primitivorum
2240 3758 2327 3829 qui
2352 3757 2630 3826 conscripti
2656 3767 2775 3810 sunt
2803 3756 2860 3810 in
2903 3754 3062 3809 cretis.
3112 3752 3409 3808 Ecclesiam

1834 3847 1915 3915 pri
1924 3847 2231 3900 mitivorum
2246 3847 2501 3901 debemus
2515 3846 2760 3915 accipere
2774 3846 2830 3899 in
2845 3843 3125 3913 apostolis,
3149 3843 3239 3912 qui
3253 3841 3416 3912 primi

1838 3935 2183 3990 crediderunt
2212 3974 2226 3998 ,
2267 3951 2495 4005 quorum
2539 3935 2663 3989 ﬁdei
2715 3934 2792 3989 illi
2840 3934 3077 4002 adjuncti
3124 3940 3251 3987 sunt
3298 3947 3418 3987 cre-

1837 4026 2010 4080 dendo
2043 4043 2055 4079 :
2106 4033 2160 4081 et
2190 4042 2416 4096 quorum
2446 4026 2663 4081 nomina
2689 4026 2889 4094 scripta
2917 4033 3043 4078 sunt
3072 4023 3125 4077 in
3151 4023 3416 4077 memoria

1837 4117 2220 4187 omnipotentis
2257 4117 2375 4183 Dei,
2393 4118 2546 4187 juxta
2571 4116 2713 4186 quod
2734 4116 2848 4186 ipsa
2870 4112 3085 4170 Veritas
3122 4113 3201 4169 eis
3233 4113 3370 4169 dixit
3396 4130 3415 4168 :

1837 4207 2067 4267 Gaudete
2120 4209 2244 4279 quia
2299 4211 2513 4265 nomina
2560 4220 2733 4266 vestra
2795 4212 2987 4281 scripta
3004 4219 3126 4264 sunt
3179 4210 3235 4264 in
3278 4208 3421 4264 caelis

1838 4299 1989 4372 (Luc.
2023 4300 2100 4373 χ).
2126 4300 2192 4354 Ει
2214 4302 2521 4358 accessistis
2547 4302 2807 4358 ad‘Deum
2822 4302 3055 4373 judicem
3086 4302 3337 4369 omnium,
3360 4301 3417 4359 id

1836 4405 1921 4449 est
1948 4394 2015 4448 ad
2046 4395 2327 4449 Dominum
2348 4394 2532 4451 Jesum
2558 4397 2647 4466 qui
2672 4396 2803 4451 dicit
2834 4412 2847 4449 :
2878 4394 3042 4450 Pater
3080 4411 3183 4448 non
3201 4394 3417 4464 judicat

1833 4496 2163 4558 quemquam,
2195 4487 2285 4542 sed
2310 4504 2459 4542 omne
2479 4489 2744 4558 judicium
2782 4489 2923 4542 dedit
2953 4486 3094 4541 Filio
3123 4485 3305 4559 (Idan.
3334 4486 3411 4557 v),

1837 4594 1932 4650 per
1954 4580 2103 4633 illum
2119 4580 2262 4634 enim
2285 4578 2547 4648 judicabit
2572 4581 2715 4636 Deus
2745 4579 2907 4634 Pater
2940 4592 3046 4634 non
3081 4577 3419 4634 solummodo

1835 4670 2167 4736 Judreos,sed
2181 4686 2370 4727 omnes
2397 4672 2643 4728 homines
2666 4692 2677 4725 :
2700 4680 2751 4726 et
2766 4672 3071 4728 accessistis
3087 4672 3156 4726 ad
3170 4672 3416 4743 spiritum

155 4768 489 4827 creaturam,
527 4764 628 4818 hoc
651 4773 735 4819 est
753 4778 850 4835 per
870 4768 1139 4839 angelum,
1155 4769 1476 4840 loquebatur
1500 4774 1644 4830 Deus
1664 4775 1733 4830 ad

1840 4762 2097 4831 iustorum
2119 4763 2485 4833 perfectorum.
2519 4762 2780 4833 Spiritum
2802 4762 3073 4831 justorum
3112 4770 3271 4819 vocat
3297 4761 3424 4833 Spi-

76 4870 77 4873 η
158 4850 400 4923 Moysen.
430 4851 563 4909 Nam
593 4856 737 4925 quod
780 4874 884 4914 non
910 4867 1055 4916 esset
1075 4876 1179 4917 vox
1226 4862 1341 4931 Dei,
1373 4866 1631 4924 Dominus
1651 4869 1735 4924 de-

157 4954 427 5003 monstrat
472 4948 526 5003 in
577 4949 900 5023 Evangelio,
948 4954 1173 5025 loquens
1230 4956 1429 5015 Iudaeis
1488 4978 1502 5014 :
1554 4958 1738 5033 Neque

160 5055 335 5094 vocem
385 5041 500 5111 ejus
567 5044 788 5099 audistis
813 5087 827 5111 ,
888 5058 1051 5118 neque
1104 5050 1323 5119 speciem
1372 5052 1486 5121 ejus
1538 5052 1739 5107 vidistis

159 5127 347 5200 (Joan.
371 5131 447 5203 v).
474 5133 540 5189 Et
565 5136 710 5205 quod
734 5136 943 5209 Moyses
963 5154 1085 5194 cum
1113 5140 1320 5210 angelo,
1348 5156 1455 5197 non
1484 5157 1608 5197 cum
1634 5143 1739 5198 Do-

159 5222 315 5278 mino
337 5221 503 5279 fuerit
547 5224 759 5283 locutus
801 5229 1040 5285 ostendit
1090 5232 1281 5285 beatus
1331 5231 1637 5303 Stephanus
1684 5233 1740 5288 in

162 5314 428 5371 concione
451 5330 547 5371 sua
575 5333 737 5386 quam
765 5320 956 5375 habuit
981 5334 1105 5376 cum
1132 5320 1331 5378 Iudaeis
1358 5341 1370 5376 ε
1401 5323 1489 5379 hic
1512 5331 1616 5390 est,
1658 5324 1742 5379 in-

162 5403 377 5472 quiens,
401 5405 632 5479 Moyses,
660 5410 751 5480 qm
778 5409 880 5465 fuit
905 5426 1027 5467 cum
1064 5413 1273 5483 angelo,
1300 5415 1391 5484 qui
1420 5414 1741 5486 loquebatur

163 5496 216 5552 ei
240 5496 297 5554 in
318 5507 505 5555 monte
530 5499 678 5556 Sina.
711 5500 1057 5575 Evangelium
1084 5514 1264 5561 autem
1288 5523 1394 5563 non
1422 5507 1523 5564 fuit
1559 5511 1742 5566 datum

163 5587 488 5647 intremore
528 5607 702 5663 neque
743 5609 866 5650 cum
912 5599 1362 5667 comminatione,
1403 5600 1498 5657 sed
1548 5602 1742 5659 aﬂ'ectu

163 5688 415 5752 paterno.
447 5682 683 5742 Locutus
704 5696 789 5743 est
816 5689 1074 5745 Dominus
1107 5692 1352 5750 fidelibus
1391 5703 1644 5767 tanquam
1677 5698 1741 5751 li-

164 5772 280 5830 liis.
307 5774 443 5832 Nam
468 5778 766 5837 ascendens
787 5782 841 5836 in
867 5791 1105 5839 montem
1136 5788 1351 5854 quando
1380 5787 1520 5844 inter
1547 5800 1743 5846 caetera

167 5872 441 5945 praecepta
463 5872 592 5931 vitae
612 5874 1116 5960 octobeatitudines
1137 5877 1221 5935 eis
1241 5881 1487 5951 protulit,
1516 5896 1627 5938 non
1644 5894 1745 5956 ap»

1838 4859 2002 4914 ritum
2043 4868 2313 4925 sanctum,
2351 4874 2451 4929 per
2489 4872 2648 4929 quem
2695 4858 3104 4915 sanctiﬁcantur
3129 4870 3315 4912 omnes
3364 4855 3418 4910 in

1838 4953 2182 5022 baptismate,
2233 4953 2560 5024 accipientes
2612 4952 2680 5007 ab
2730 4953 2822 5008 illo
2872 4951 3249 5009 remissionem
3305 4964 3422 5006 om-

1841 5045 1989 5099 nium
2031 5052 2377 5115 peccatorum
2410 5062 2423 5096 :
2458 5055 2513 5100 et
2539 5046 2675 5102 bene
2700 5045 2927 5116 perfecti
2970 5052 3249 5108 vocantur,
3295 5041 3424 5113 quia

1844 5142 1971 5190 tunc
1990 5134 2123 5204 justi
2154 5135 2383 5205 perfecti
2411 5137 2667 5204 existent,
2711 5138 2837 5193 dum
2867 5136 2937 5192 ab
2958 5134 3209 5192 omnibus
3236 5141 3423 5190 conta-

1846 5226 1947 5297 giis
1977 5229 2324 5294 mundantur,
2349 5229 2463 5283 sive
2483 5229 2728 5300 spiritum
2748 5229 3019 5298 justorum
3060 5216 3423 5299 perfectorum

1847 5317 1997 5384 dicit,
2025 5320 2235 5376 animas
2276 5330 2586 5379 sanctorum
2610 5322 2703 5393 qui
2743 5320 2884 5392 apud
2920 5321 3089 5375 Deum
3118 5304 3424 5389 probabiles

1846 5415 2188 5483 exstiterunt,
2221 5418 2416 5489 quibus
2454 5417 2728 5492 conjuncti
2771 5416 2993 5490 fuerant.
3014 5414 3091 5469 illi
3116 5411 3223 5469 ﬁde
3251 5420 3308 5468 et
3333 5412 3425 5467 de-

1848 5510 2065 5567 siderio.
2116 5508 2433 5565 Accessistis
2487 5521 2701 5580 quoque
2749 5506 2817 5561 ad
2862 5506 3043 5562 Iesum
3084 5502 3422 5558 mediatorem

1851 5603 2166 5660 Testamenti
2204 5600 2362 5656 Novi.
2394 5602 2655 5657 Dominus
2674 5598 2829 5655 Jesus
2856 5613 2953 5668 per
2969 5596 3073 5652 hoc
3093 5597 3236 5667 quod
3263 5595 3423 5649 homo

1847 5697 2052 5768 pariter
2080 5706 2134 5750 et
2172 5695 2314 5751 Deus
2358 5704 2461 5759 est,
2511 5694 2778 5749 mediator
2822 5698 3010 5747 noster
3038 5698 3139 5757 est,
3170 5690 3422 5761 quoniam

1850 5789 1989 5845 sicut
2015 5787 2223 5860 Moyses
2248 5785 2509 5841 mediator
2536 5782 2636 5837 fuit
2677 5784 2819 5838 inter
2847 5782 3017 5838 Deum
3044 5790 3099 5837 et
3142 5779 3420 5853 populum,

1848 5882 2011 5940 verba
2043 5881 2139 5939 Dei
2163 5880 2403 5938 referens
2414 5879 2488 5936 ad
2514 5876 2789 5951 populum,
2821 5882 3119 5950 rursusque
3141 5874 3324 5949 populi
3351 5872 3425 5935 ad
