3974 6468
488 396 623 455 .9'27
987 385 1344 450 HAYMONIS
1384 379 1865 444 HALBEBSTAT.
1906 380 2118 437 EPISC.
2161 378 2312 440 OPP.
2355 379 2536 440 PARS
2571 375 2614 440 Ι.
2643 412 2714 424 -—
2745 378 3103 438 COMMENT.
3145 375 3315 436 BIBL.
3714 379 3831 440 98

517 516 686 571 Deum
703 511 993 569 secundum
1009 509 1153 582 quod
1194 511 1310 580 ipse
1357 503 2098 575 dicitzEgosequestervesler
2125 501 2179 561 Α
2204 495 2357 561 Quod
2404 505 2579 551 autem
2629 497 2801 550 adhuc
2839 489 2996 550 semel
3042 493 3189 561 dicit,
3226 493 3463 549 ostendit
3508 489 3828 548 mobilium

518 609 723 664 medius
748 608 884 661 inter
907 605 1074 659 Deum
1099 613 1146 658 et
1172 620 1258 659 vos
1285 601 1539 674 (Deut.v,
1565 597 1647 671 5),
1676 593 2099 652 itaetDominus
2199 588 2611 644 translationem
2659 596 2918 658 tanquam
2967 585 3254 651 factorum,
3304 594 3366 640 ut
3417 591 3713 640 maneant
3759 598 3828 640 ea

516 697 675 756 Iesus
691 699 852 753 verba
868 697 963 751 Dei
977 693 1541 758 Patrisretulitnobis,
1561 701 1618 747 et
1631 690 1792 747 modo
1814 696 1994 744 nostra
2019 702 2102 742 re-
2200 696 2320 752 qute
2353 689 2479 736 sunt
2513 678 2828 736 immobilia.
2857 679 2963 733 lsta
2996 678 3166 733 motio
3186 676 3308 732 caeli
3337 684 3393 732 et
3421 685 3601 732 terra:
3635 677 3716 730 ad
3745 676 3828 730 in-

517 789 624 848 fert
645 791 710 844 ad
729 786 1242 859 illuminterpellans
1267 786 1481 841 assidue
1507 799 1607 855 pro
1633 783 1805 846 nobis,
1832 779 2102 850 simulque
2200 775 2544 837 novationem
2610 782 2666 829 et
2727 773 3162 829 meliorationem
3239 772 3458 827 illorum
3529 771 3822 843 pertinet.

517 900 612 944 sua
629 884 881 954 passione
912 881 1239 938 conﬁrmans
1260 881 1414 936 nobis
1439 879 1841 934 Testamentum
1869 874 2094 929 Novum.
2201 866 2373 921 Terra
2408 867 2646 936 quidem,
2690 866 3161 936 appropinquante
3199 867 3286 921 die
3316 865 3539 936 judicii,
3595 875 3824 924 motum

517 977 598 1030 Ad
611 975 962 1047 aspersionem
974 992 1178 1046 quoque
1199 973 1469 1044 sanguinis
1498 971 1804 1027 accessistis
1817 968 2000 1023 melius
2022 967 2101 1022 lo-
2203 960 2514 1026 sustinebit,
2551 961 2644 1017 sed
2667 961 2869 1030 pariter
2893 961 3253 1016 movebuntur
3272 960 3474 1017 cmlum
3507 976 3585 1015 ac
3612 969 3780 1015 terra
3804 974 3823 1018 :

515 1067 756 1132 quentem
781 1084 938 1138 quam
972 1067 1117 1122 Abel.
1147 1066 1296 1122 More
1324 1066 1480 1137 legis,
1520 1063 1849 1134 aspersionis
1883 1061 2102 1116 nomine
2202 1062 2257 1108 et
2303 1053 2654 1110 mutabuntur
2690 1056 2758 1110 ab
2812 1056 2916 1110 hac
2964 1056 3144 1124 specie
3189 1056 3244 1110 in
3289 1055 3622 1122 meliorem,
3663 1054 3824 1124 juxta

517 1160 956 1215 emundationem
983 1159 1187 1216 Christi
1215 1159 1492 1229 sanguinis
1533 1154 1818 1219 intimavit,
1847 1155 2102 1224 quoniam
2203 1147 2344 1216 quod
2392 1147 2682 1218 Apostolus
2735 1146 2866 1204 dicit
2915 1148 3044 1203 alibi
3079 1167 3092 1202 :
3131 1146 3372 1203 Prwterit
3408 1148 3604 1219 ﬁgura
3661 1149 3822 1217 hujus

517 1252 797 1308 mundatio
821 1269 940 1324 quae
964 1269 1062 1324 per
1102 1253 1416 1323 sanguinem
1451 1251 1627 1313 ﬁebat,
1661 1248 1903 1320 aspersio
1944 1264 2103 1303 voca-
2202 1242 2386 1294 mundi
2432 1238 2485 1313 (1
2511 1240 2633 1296 Cor.
2683 1241 2802 1313 vn).
2829 1241 3035 1296 Mutata
3083 1241 3276 1312 ﬁgura,
3324 1240 3659 1295 remanebit
3704 1241 3822 1296 sub-

517 1341 698 1398 batur.
751 1343 1114 1401 Accesserunt
1161 1359 1290 1415 ergo
1336 1344 1411 1398 illi
1451 1343 1517 1398 ad
1557 1341 1869 1412 sanguinem
1901 1340 2103 1396 Christi

520 1435 634 1490 sive
648 1435 715 1490 ad
731 1436 1190 1502 emundatiouem,
1215 1437 1314 1491 hoc
1337 1445 1418 1490 est
1442 1436 1506 1489 ad
1525 1435 1828 1506 passionem
1847 1433 1962 1503 ejus
1975 1449 2106 1503 quo-

519 1527 668 1582 niam
689 1526 794 1583 ﬁde
813 1528 1080 1598 passionis
1101 1527 1216 1595 ejus
1252 1526 1494 1582 mundati
1533 1534 1676 1581 sunt.
1711 1525 1943 1595 Sanguis
1972 1540 2105 1580 vero

521 1619 722 1676 Christi
763 1621 957 1676 melius
992 1621 1232 1691 loquitur
1278 1637 1441 1690 quam
1494 1621 1714 1691 sanguis
1762 1619 1915 1684 Abel,
1976 1619 2104 1690 quia

523 1716 743 1784 sanguis
768 1715 900 1770 Abel
940 1717 1230 1772 vindictam
1283 1717 1610 1786 exposcebat
1658 1716 1941 1771 homicidae
1996 1715 2106 1769 fra-

521 1807 655 1863 tris:
682 1809 900 1880 sanguis
923 1824 1054 1864 vero
1075 1809 1275 1865 Christi
1314 1809 1478 1864 vitam
1507 1818 1561 1865 et
1586 1808 1972 1878 indulgentiam
2003 1807 2106 1861 im-

2205 1336 2423 1401 stantia,
2465 1337 2676 1406 eritque
2700 1345 2887 1404 postea
2911 1335 3105 1391 crelum
3132 1350 3331 1390 novum
3364 1343 3420 1388 et
3450 1341 3611 1388 terra
3659 1348 3816 1388 nova.

2205 1425 2413 1482 leum
2461 1435 2641 1483 autem
2681 1427 2772 1482 hic
2801 1443 2907 1482 non
2947 1426 3219 1482 sidereum
3253 1441 3436 1496 neque
3477 1425 3812 1490 aethereum,

2205 1517 2297 1572 sed
2323 1519 2462 1573 istud
2484 1534 2704 1575 aereum
2728 1520 2932 1590 accipe,
2954 1535 2983 1573 a
3013 1535 3119 1589 quo
3141 1527 3196 1573 et
3216 1534 3346 1573 aves
3364 1516 3496 1572 cmli
3527 1517 3811 1571 dicuntur.

2276 1608 2464 1680 Itaque
2511 1627 2723 1681 regnum
2775 1610 3038 1665 immobile
3096 1611 3482 1680 suscipientes,
3553 1609 3812 1664 subaudis

2205 1719 2350 1758 nunc
2378 1703 2431 1757 in
2456 1717 2570 1774 spe,
2609 1704 2752 1773 quod
2782 1705 3085 1774 percepturi
3115 1718 3300 1758 sumus
3331 1703 3388 1757 in
3421 1718 3512 1769 re,
3546 1703 3808 1759 habemus

2206 1797 2436 1866 gratiam
2489 1811 2586 1866 per
2631 1811 2791 1865 quam
2835 1797 3136 1852 serviamus
3185 1796 3480 1866 placentes
3536 1795 3656 1851 Deo
3694 1813 3804 1850 eum

518 1899 766 1972 plorabat
784 1901 897 1957 suis
914 1904 1378 1972 persecutoribus,
1401 1904 1612 1959 dicente
1639 1904 1732 1960 illo
1752 1905 1819 1958 ad
1840 1903 2056 1958 Patrem
2086 1917 2101 1955 :

2210 1898 2354 1943 metu
2380 1895 2435 1943 et
2473 1890 2795 1944 reverentia.
2846 1888 3080 1960 Regnum
3123 1889 3415 1952 immobile,
3443 1889 3704 1945 Ecclesia
3729 1901 3804 1944 est

521 1987 706 2057 Pater,
770 1992 977 2063 ignosce
1039 1992 1165 2059 illis,
1238 1995 1364 2064 quia
1419 1996 1654 2048 nesciunt
1720 1995 1846 2066 quid
1895 1995 2101 2064 faciunt

464 2096 466 2098 '
519 2079 672 2153 (Luc.
718 2099 872 2148 χχιιι,
921 2084 1032 2156 54).
1063 2083 1161 2139 Vel
1189 2095 1337 2141 certe
1363 2086 1553 2142 melius
1579 2087 1817 2157 loquitur
1846 2088 1972 2142 dum
2004 2102 2104 2142 nos

518 2174 802 2248 loquentes
825 2180 956 2236 facit
981 2181 1124 2251 quod
1148 2181 1305 2238 Jesus
1332 2183 1445 2253 ipse
1473 2193 1557 2240 est
1599 2184 1768 2240 Filius
1803 2185 1918 2251 Dei,
1951 2183 2103 2254 cujus

516 2270 770 2341 passione
813 2287 999 2328 sumus
1043 2273 1306 2344 redempti
1345 2285 1400 2330 et
1438 2275 1764 2347 baptismate
1808 2277 2018 2332 abluti:
2047 2284 2105 2331 et

519 2364 645 2434 quia
674 2379 772 2434 per
806 2366 1121 2436 sanguinem
1148 2368 1265 2439 ejus
1295 2385 1483 2425 sumus
1521 2369 1698 2426 effecti
1735 2371 1828 2425 ﬁlii
1857 2370 1974 2434 Dei,
2012 2369 2104 2424 Vi-

518 2454 634 2509 dete
661 2473 723 2511 ne
755 2460 1001 2512 recusetis
1022 2457 1335 2530 loquentem,
1370 2462 1513 2532 quod
1541 2463 1830 2519 estdicere
1859 2482 1870 2517 :
1903 2462 2102 2520 Cavete

519 2561 588 2600 ne
630 2550 991 2605 contemnatis
1027 2550 1212 2606 Jesum
1264 2553 1572 2622 loquentem
1612 2572 1707 2625 per
1751 2556 2101 2626 Evangelium

519 2652 699 2703 suum,
752 2641 998 2710 quoniam
1049 2643 1105 2694 in
1151 2642 1365 2698 dextera
1433 2641 1614 2699 Patris
1677 2645 1817 2700 sedet
1861 2648 2100 2700 conside-

519 2745 644 2783 rans
697 2730 834 2800 quod
879 2733 1233 2803 unusquisque
1273 2744 1511 2788 nostrum
1552 2746 1676 2805 agat
1705 2734 1873 2806 (Luc.
1925 2736 2097 2807 μιν).

523 2819 583 2877 Si
614 2823 750 2877 enim
777 2822 857 2877 illi
885 2841 987 2878 non
1009 2825 1327 2895 effugerunt,
1365 2837 1660 2883 recusantes
1689 2846 1805 2883 eum
1833 2830 1922 2900 qui
1948 2847 2103 2900 super

516 2923 715 2974 terram
731 2915 1058 2986 loquebatur,
1076 2916 1239 2971 multo
1257 2919 1422 2987 magis
1436 2936 1528 2974 nos
1543 2921 1632 2990 qui
1647 2920 1711 2973 de
1734 2920 1873 2975 ctelis
1889 2920 2103 2992 loquen-

520 3015 622 3060 tem
651 3007 794 3061 nobis
828 3008 1125 3071 avertimus,
1156 3009 1414 3064 subaudis
1459 3026 1566 3065 non
1594 3009 1930 3082 cll'ugiemus,
1957 3026 2024 3065 ac
2049 3012 2095 3066 si

520 3097 726 3154 diceret
763 3118 776 3153 :
805 3098 860 3155 Si
898 3109 1084 3170 patres
1107 3102 1272 3156 vestri
1289 3103 1986 3175 vindictamjomnipotentis
2005 3104 2103 3160 Dei

519 3207 628 3247 non
666 3190 985 3264 effugerunt.
1029 3193 1122 3265 qui
1148 3203 1416 3266 praecepta
1443 3195 1586 3250 illius
1615 3197 1955 3266 praevaricati
1977 3205 2102 3252 sunt

2207 1980 2445 2036 cmlestis
2474 1996 2592 2050 qua:
2624 1990 2836 2038 constat
2865 1999 2933 2038 ex
2964 1981 3170 2052 angelis
3200 1991 3256 2037 et
3278 1983 3796 2051 hominibusjustis.

2206 2071 2449 2144 Regnum
2495 2082 2673 2128 autem
2723 2073 2818 2128 Dei
2864 2072 3108 2128 Ecclesia
3151 2073 3252 2128 ista
3298 2082 3421 2138 est,
3479 2085 3540 2128 et
3593 2064 3794 2146 mgnum

2205 2165 2462 2222 Ecclesim
2498 2169 2838 2238 omnipotens
2882 2168 3022 2222 Deus
3059 2176 3162 2225 est.
3207 2167 3325 2222 Hoc
3365 2183 3611 2238 regnum
3657 2169 3790 2222 mdo

2208 2259 2532 2329 suscipimus
2563 2259 2618 2313 in
2651 2273 2767 2328 spe,
2813 2267 2942 2313 tunc
2979 2267 3159 2313 autem
3207 2259 3597 2328 percipiemus
3641 2260 3691 2313 in
3725 2275 3784 2320 re,

2207 2369 2328 2408 cum
2378 2353 2661 2407 tradiderit
2703 2350 2952 2408 Christus
2999 2368 3226 2423 regnum
3267 2352 3387 2406 Deo
3417 2360 3478 2406 et
3519 2351 3682 2406 Patri.
3713 2351 3788 2405 ld-

2207 2443 2354 2500 circo
2385 2454 2564 2499 autem
2589 2443 2893 2514 appellatur
2930 2458 3155 2515 regnum
3183 2443 3502 2504 immobile,
3542 2444 3776 2512 quoniam

2208 2539 2254 2593 si
2300 2537 2496 2593 ctelum
2543 2547 2597 2592 et
2647 2547 2792 2593 terra
2843 2537 3191 2592 immobiliter
3228 2537 3637 2606 permanebunt
3665 2547 3778 2606 post

2209 2628 2660 2691 immutationem,
2700 2628 2871 2683 multo
2897 2629 3071 2698 magis
3098 2628 3256 2683 electi
3287 2637 3420 2697 post
3446 2627 3788 2683 resurrectio-

2209 2737 2332 2776 nem
2376 2721 2724 2777 immobiliter
2765 2723 3226 2778 immortalitatem
3259 2722 3313 2776 in
3344 2737 3620 2793 corpore,
3654 2731 3700 2776 et
3725 2722 3786 2775 in-

2208 2813 2745 2870 commutabilitatem
2799 2815 2853 2868 in
2907 2814 3084 2869 anima
3136 2814 3468 2883 percipient,
3537 2811 3787 2884 regimini

2210 2921 2333 2962 cum
2359 2906 2470 2961 Deo
2497 2907 2828 2962 :eternaliter
2854 2925 2866 2960 :
2892 2915 3160 2962 eruntque
3199 2907 3300 2976 ipsi
3335 2922 3588 2977 regnum
3620 2908 3787 2961 immo-

2208 2997 2318 3052 bile
2356 2998 2740 3067 omnipotentis
2783 2997 2900 3063 Dei,
2936 3006 2992 3052 et
3021 3013 3244 3065 regnum
3291 2997 3522 3052 illorum
3569 3005 3789 3052 contem-

2209 3087 2376 3158 platio
2408 3096 2609 3143 sanctae
2638 3087 2935 3144 Trinitatis.
2978 3089 3046 3144 Et
3073 3089 3216 3159 quod
3252 3088 3404 3143 istud
3445 3105 3681 3158 regnum
3711 3090 3790 3144 im-

2211 3179 2408 3235 mobile
2437 3181 2796 3250 suscipiamus
2825 3181 2878 3235 in
2908 3197 2988 3246 re,
3021 3181 3271 3236 hortatur
3296 3179 3614 3250 Apostolus
3643 3193 3696 3236 ut
3715 3183 3791 3236 ln-

519 3280 835 3340 fabricando
879 3285 1081 3341 idolum
1102 3327 1118 3350 ,
1158 3301 1277 3355 qua:
1302 3302 1399 3357 per
1436 3286 1657 3358 Moysen
1686 3287 1771 3342 vel
1807 3302 1903 3356 per
1935 3304 2102 3360 ange-
2131 3279 2178 3344 C
2211 3270 2436 3326 beamus
2475 3272 2729 3342 gratiam,
2759 3287 2858 3341 Ρθῐ·
2875 3286 3037 3341 quam
3067 3273 3376 3327 εθτνίθωυε
3411 3273 3535 3327 Deo
3557 3313 3573 3335 ν
3605 3272 3793 3342 131303"

518 3371 630 3432 lum
654 3376 779 3431 data
810 3387 937 3433 sunt
975 3378 1099 3444 illis,
1129 3394 1357 3449 quorum
1393 3386 1622 3449 uterque
1659 3380 1711 3434 in
1742 3388 1883 3435 terra
1920 3380 2105 3450 loque-

519 3471 700 3538 batur,
739 3472 910 3528 multo
941 3474 1112 3545 magis
1142 3491 1241 3530 nos
1269 3491 1374 3530 non
1404 3476 1704 3545 poterimus
1731 3477 1962 3532 evadere
1986 3477 2104 3531 vin-

516 3560 722 3619 dictam
747 3563 908 3629 illius,
934 3565 976 3619 si
1007 3574 1277 3636 praacepta
1302 3582 1421 3636 qua:
1459 3582 1556 3637 per
1582 3566 1774 3621 Filium
1807 3567 1928 3622 data
1957 3576 2102 3634 sunt,

520 3657 1024 3726 contempserimus.
1069 3659 1146 3713 llli
1175 3676 1297 3716 eum
1329 3661 1381 3715 in
1413 3669 1556 3716 terra
1586 3661 1896 3732 loquentem
1922 3663 2107 3718 audie-

522 3754 668 3812 runt,
694 3761 793 3802 nos
819 3747 884 3803 de
911 3749 1048 3803 ctelo
1073 3769 1085 3804 :
1121 3758 1339 3820 propter
1365 3750 1626 3806 unitatem
1655 3759 1836 3807 autem
1858 3766 2104 3822 persona:

523 3850 684 3904 quam
727 3836 889 3893 habet
929 3837 1095 3895 Filius
1119 3839 1214 3895 Dei
1245 3839 1297 3893 iu
1323 3841 1532 3896 duabus
1557 3842 1789 3907 naturis,
1817 3842 2015 3898 dicitur
2038 3844 2105 3898 de

521 3929 660 3986 caelo
684 3930 837 3987 nobis
864 3930 1030 4002 loqui.
1065 3932 1122 3988 lu
1163 3941 1308 3988 terra
1345 3933 1488 3988 enim
1523 3934 1806 3990 videbatur
1829 3933 1975 4005 loqui
2007 3949 2105 4005 per

519 4025 935 4092 humanitatem,
973 4027 1067 4083 sed
1096 4035 1214 4082 erat
1250 4027 1302 4082 in
1336 4036 1478 4082 terra
1511 4037 1564 4082 ct
1592 4028 1644 4082 in
1682 4027 1820 4083 coelo
1846 4042 1946 4098 per
1973 4028 2108 4083 divi-

520 4117 770 4174 nitatem.
837 4116 988 4174 Unde
1030 4120 1145 4188 ipse
1195 4118 1370 4174 dicit:
1405 4118 1576 4172 Nemo
1619 4119 1853 4174 ascendit
1903 4121 1958 4174 in
2005 4136 2106 4176 cae-

519 4207 651 4274 lum,
701 4209 802 4264 nisi
838 4211 929 4280 qui
968 4210 1233 4264 descendit
1266 4210 1329 4265 de
1364 4209 1510 4276 caelo,
1546 4209 1717 4265 Filius
1759 4213 1985 4267 hominis
2014 4214 2107 4283 qui

521 4311 595 4355 est
649 4301 702 4355 in
765 4300 892 4356 caelo
951 4301 1160 4373 (Joan.
1224 4303 1350 4374 ιιι).
1416 4304 1678 4361 Similiter
1737 4306 1865 4360 dum
1927 4305 2106 4360 Evan-

521 4392 720 4464 gelium
741 4393 1068 4463 praedicatur
1099 4395 1152 4450 in
1208 4397 1390 4464 terris,
1432 4397 1546 4468 ipse
1587 4412 1802 4467 quoque
1849 4398 1917 4453 de
1963 4398 2103 4455 coelo

523 4483 682 4540 nobis
738 4483 978 4555 loquitur
1017 4504 1031 4540 :
1076 4498 1405 4559 quapropter
1448 4489 1746 4544 audiendus
1799 4499 1885 4545 est
1934 4490 2105 4546 multo

524 4577 715 4632 melius
741 4593 904 4648 quam
938 4577 1169 4651 Moyses.
1201 4579 1480 4652 Sequitur,
1509 4581 1661 4651 cujus
1691 4596 1789 4635 vox
1810 4583 1967 4636 movit
2000 4593 2105 4636 ter-

521 4682 637 4720 ram
667 4678 810 4734 tunc,
845 4669 1106 4726 subaudis
1147 4672 1362 4742 quando
1403 4672 1487 4726 lex
1544 4672 1668 4726 data
1703 4681 1808 4736 est,
1854 4688 1991 4726 nunc
2025 4689 2105 4728 re-

520 4758 798 4827 promittit,
828 4758 1004 4814 dicens
1027 4775 1046 4814 :
1074 4761 1258 4815 Adlmc
1286 4760 1443 4815 semel
1465 4770 1512 4814 et
1535 4777 1626 4830 ego
1649 4761 1858 4815 movebo
1889 4778 1994 4816 non
2021 4780 2105 4818 so-

522 4846 630 4900 lum
659 4858 874 4916 terram,
905 4851 996 4905 sed
1017 4851 1174 4905 etiam
1199 4851 1403 4905 caelum.
1441 4851 1560 4922 Ipse
1585 4852 1676 4921 qui
1703 4860 1830 4906 tunc
1860 4852 2105 4922 jussione

520 4945 691 5000 movit
733 4955 970 5001 montem
1003 4944 1158 5011 Sina,
1182 4955 1237 5001 et
1260 4955 1460 5002 terram
1494 4947 1545 5002 in
1584 4947 1815 5004 circuitu
1854 4948 1971 5018 ejus
2012 4950 2103 5006 ubi

520 5032 748 5110 populus
763 5038 965 5104 stabat,
989 5038 1205 5107 quando
1233 5035 1399 5108 Moysi
1427 5039 1572 5094 dedit
1595 5039 1787 5112 legem,
1819 5041 1934 5111 ipse
1960 5057 2102 5097 nunc

521 5128 886 5198 repromittit,
935 5145 1040 5184 non
1093 5138 1302 5200 partem
1359 5139 1518 5188 terra:
1567 5134 1892 5188 movendam
1941 5149 1970 5188 a
2021 5149 2098 5200 se,

519 5235 699 5291 neque
735 5219 908 5291 ipsam
950 5228 1118 5275 totam
1160 5230 1358 5277 terram
1399 5223 1757 5290 solummodo,
1804 5225 1900 5280 sed
1936 5226 2102 5282 etiam

519 5309 740 5367 caelum.
769 5310 836 5366 Et
864 5309 984 5367 ideo
1017 5320 1220 5380 quanto
1244 5311 1445 5382 majora
1475 5329 1638 5383 opera
1667 5313 1784 5369 ﬁeri
1813 5315 2099 5384 promittit,

522 5411 675 5456 tanto
717 5402 889 5475 magis
941 5403 1210 5458 timendus
1248 5411 1351 5458 est.
1395 5403 1546 5458 Licet
1572 5405 1717 5459 enim
1761 5414 2102 5462 terraemotus

521 5494 716 5565 surpius
761 5494 923 5551 fuerit
951 5494 1005 5549 in
1049 5495 1276 5550 diversis
1316 5495 1449 5551 locis
1487 5495 1822 5565 diversisque
1856 5496 2101 5566 partibus

522 5587 728 5652 mundi,
777 5603 884 5643 non
931 5587 1033 5641 fuit
1063 5596 1240 5644 tamen
1287 5603 1382 5658 per
1421 5597 1591 5643 totum
1635 5589 1915 5654 mundum,
1959 5600 2010 5645 et
2055 5592 2100 5646 si

525 5690 670 5736 mota
698 5691 781 5735 est
813 5691 976 5745 terra,
1012 5697 1120 5736 non
1153 5692 1332 5738 tamen
1363 5681 1580 5737 coelum.
1628 5682 1779 5738 Unde
1807 5683 1944 5738 bene
1973 5684 2102 5739 dicit

521 5773 689 5830 semel
717 5772 954 5828 futurum
979 5775 1213 5831 essehoc
1235 5776 1288 5831 in
1311 5775 1396 5831 die
1416 5774 1628 5844 judicii,
1655 5775 1949 5830 ostendens
1970 5776 2098 5846 quia

519 5881 800 5937 nunquam
849 5867 1047 5925 iterum
1093 5871 1472 5928 movebuntur.
1519 5868 1671 5926 Unde
1719 5878 1776 5926 et
1809 5871 2096 5941 sequitur:

2129 4632 2183 4694 D

2209 3369 2293 3416 tes
2335 3362 2430 3416 illi.
2481 3361 2723 3418 Gratiam
2763 3372 2943 3418 autem
2983 3363 3116 3418 dicit
3156 3362 3319 3418 ﬁdem
3365 3374 3622 3426 rectam,
3667 3379 3793 3434 span

2207 3464 2436 3520 certam,
2461 3458 2780 3512 charitatem
2814 3457 3133 3528 perfectam,
3165 3473 3292 3512 cum
3321 3459 3666 3528 Operatioue
3689 3473 3791 3512 san-

2207 3556 2315 3614 cta,
2363 3561 2459 3618 per
2500 3564 2621 3618 quas
2657 3549 2916 3604 debemus
2960 3548 3072 3604 Deo
3109 3548 3318 3604 servire
3359 3562 3496 3604 cum
3541 3558 3711 3612 metu,
3745 3549 3793 3601 ti-

2208 3646 2419 3693 mentes
2469 3637 2617 3693 illum
2645 3647 2704 3693 ut
2727 3639 2896 3695 Deum
2923 3648 2977 3694 et
2997 3639 3234 3710 judicem
3263 3640 3523 3694 omnium
3543 3679 3561 3703 ,
3609 3650 3664 3694 et
3688 3654 3790 3693 cu:

2209 3728 2513 3784 reverentia
2563 3728 2848 3800 diligentes
2893 3729 3041 3783 illum
3071 3740 3134 3784 ut
3164 3737 3399 3800 patrem.
3425 3728 3656 3785 Timere
3686 3745 3792 3783 eam

2207 3821 2485 3886 debemus,
2539 3838 2606 3878 ne
2657 3831 2713 3876 et
2756 3823 2847 3878 hic
2893 3822 3244 3893 ﬁagellemur,
3282 3831 3343 3878 et
3381 3825 3741 3894 postmodum
3768 3838 3790 3876 ί

2208 3915 2396 3985 requie
2425 3930 2761 3986 separemur.

2795 4016 3022 4074 CAPUT
3063 4017 3195 4072 XIII.

2279 4109 2489 4164 Etenim
2515 4110 2657 4164 Deus
2680 4119 2854 4164 noster
2873 4112 3007 4181 ignis
3042 4128 3351 4166 consumens
3379 4123 3485 4167 est.
3517 4114 3669 4169 Deus
3691 4130 3795 4168 oin-

2207 4202 2458 4271 nipotens
2495 4202 2635 4273 ignis
2681 4202 3014 4272 appellatur,
3064 4218 3171 4260 non
3209 4211 3266 4258 ut
3299 4205 3602 4260 materiam
3647 4221 3794 4274 quam

2206 4297 2334 4353 fecit
2377 4305 2676 4361 consumat,
2719 4299 2812 4352 sed
2854 4298 3000 4368 quod
3028 4298 3269 4354 exterius
3318 4298 3492 4354 homo
3535 4301 3792 4362 attrahat.

2207 4393 2508 4464 rubiginem
2539 4393 2747 4448 scilicet
2776 4400 3144 4463 peccatorum.
3180 4391 3298 4447 Non
3331 4393 3485 4448 enim
3516 4394 3656 4449 illud
3685 4411 3798 4450 con-

2206 4485 2372 4540 sumit
2419 4485 2560 4554 quod
2601 4485 2715 4554 ipse
2749 4484 2876 4540 fecit
2907 4503 2920 4539 :
2947 4485 3043 4540 sed
3081 4485 3224 4555 quod
3263 4484 3480 4541 malitia
3522 4485 3794 4541 hominum

2208 4576 2405 4632 intulit.
2439 4576 2564 4648 Agit
2601 4586 2656 4632 et
2695 4577 2823 4632 illud
2850 4577 2953 4633 iste
2987 4577 3147 4647 ignis,
3179 4577 3306 4632 dum
3343 4578 3518 4632 corda
3548 4579 3794 4634 videlicet

2208 4668 2486 4723 hominum
2515 4670 2582 4724 ad
2611 4684 2848 4725 amorem
2891 4669 2986 4724 Dei
3016 4668 3285 4724 accendit.
3319 4668 3398 4724 De
3426 4685 3544 4740 quo
3580 4672 3708 4741 igne
3725 4687 3797 4726 ve-

2207 4761 2341 4816 ritas
2369 4761 2500 4818 dicit
2527 4779 2539 4815 :
2572 4761 2753 4832 Ignem
2779 4761 2896 4815 ueni
2913 4762 3117 4815 mittere
3137 4761 3194 4814 in
3218 4769 3438 4826 terram,
3461 4772 3513 4815 et
3537 4764 3676 4831 quid
3699 4763 3797 4816 solo

2206 4853 2308 4907 nisi
2349 4863 2402 4906 ut
2445 4853 2626 4907 ardeat
2659 4851 2808 4923 (Luc.
2859 4868 2958 4919 xu,
3007 4852 3142 4924 49)?
3188 4852 3360 4908 Terra
3403 4854 3562 4909 enim
3610 4867 3794 4911 vocat:

2207 4957 2333 5004 sunt
2359 4948 2523 5004 corda
2564 4957 2772 5004 terrena
2795 4990 2811 5014 ,
2845 4964 2968 5018 quae
2994 4950 3124 5005 dum
3154 4964 3370 5020 semper
3395 4950 3452 5005 in
3483 4950 3705 5008 inﬁmis
3730 4969 3799 5007 co-

2205 5041 2557 5112 gitationibus
2598 5042 2988 5110 desideriisque
3015 5042 3247 5098 terrenis
3274 5053 3606 5107 versantur,
3641 5062 3672 5099 a
3707 5061 3801 5099 nia-

2204 5132 2365 5204 lignis
2416 5134 2694 5204 spiritibus
2743 5135 2900 5204 quasi
2952 5143 3167 5191 terrena
3219 5133 3648 5191 conculcantur.
3709 5137 3800 5193 Sed

2204 5225 2383 5297 ignem
2412 5226 2670 5280 Dominus
2700 5226 2755 5281 in
2779 5237 2979 5282 terram
3003 5228 3171 5283 mittit
3195 5242 3319 5284 cum
3347 5226 3538 5283 alllatu
3565 5226 3803 5300 Spiritus

2204 5319 2373 5374 sancti
2405 5317 2564 5373 corda
2596 5318 2896 5374 carnalium
2935 5320 3216 5376 hominum
3248 5321 3317 5376 ad
3345 5337 3599 5378 amorem
3633 5323 3732 5379 Dei
3756 5329 3802 5378 et

2202 5409 2432 5480 proximi
2473 5409 2740 5465 accendit.
2769 5410 2908 5466 Ecce
2932 5425 3100 5480 quare
3125 5411 3427 5481 appellatur
3449 5415 3802 5483 omnipotens

2209 5503 2350 5558 Deus
2399 5501 2576 5572 ignis,
2633 5501 2876 5559 videlicet
2933 5503 3401 5572 quiarubiginem
3441 5514 3801 5574 peccatoru-

2208 5594 2498 5658 consumit,
2528 5603 2583 5648 et
2612 5595 2775 5650 corda
2820 5595 3099 5650 hominum
3139 5595 3205 5650 ad
3241 5596 3567 5651 eharitatem
3607 5612 3801 5653 accen-

2210 5685 2305 5742 dit.
2339 5685 2443 5741 Sed
2472 5696 2649 5756 potest
2687 5685 2861 5741 adhuc
2897 5687 3063 5756 quaeri
3086 5701 3256 5757 quare
3290 5687 3626 5742 assimiletur
3655 5687 3800 5759 igni?

2208 5777 2288 5832 Ad
2332 5780 2434 5834 hoc
2479 5795 2608 5834 vero
2657 5779 3090 5849 respondendum
3139 5779 3420 5850 est:quia
3472 5781 3619 5834 sicut
3661 5780 3800 5851 ignis

2209 5871 2340 5928 latet
2367 5873 2420 5928 in
2448 5872 2692 5929 silicibus
2720 5880 2775 5929 et
2808 5873 2978 5943 petris
3000 5913 3014 5938 ,
3060 5873 3135 5930 ita
3162 5873 3514 5944 omnipotens
3549 5873 3700 5929 Deus
3743 5874 3798 5930 in
