3974 6458
496 412 615 475 931

978 407 1332 467 ﬂAYMONlS
1358 406 1839 465 BALBERSTAT.
1877 407 2095 465 EPISC.
2137 403 2288 466 OPP.
2330 406 2513 465 PARS
2548 407 2589 464 1.
2631 440 2703 451 -
2738 400 3093 467 COMMENT.
3134 410 3306 467 BIBL.

3720 415 3827 473 93!

513 525 667 595 Quod
696 522 999 595 exemplum
1038 530 1099 577 ut
1122 522 1355 592 pertinet
1381 519 1447 575 ad
1470 519 1632 575 Josue
1651 561 1665 586 ,
1698 520 1771 574 ita
1803 529 1859 575 et
1884 521 1951 574 ad
1982 536 2094 575 om-
2119 527 2172 586 Α
2198 522 2517 587 reticorum,
2559 522 2759 591 quibus
2781 523 3211 577 abducuntur'et
3233 533 3564 592 separantur
3598 528 3825 597 Simpli-

514 636 638 676 nem
668 619 893 673 electum
916 657 930 683 ,
953 616 1044 685 qui
1074 630 1221 685 spem
1251 628 1402 669 suam
1430 612 1483 666 in
1516 612 1626 668 Deo
1649 611 1813 667 habet
1837 612 2087 681 positam.

508 709 669 767 Nulla
698 709 842 763 enim
866 709 1075 763 ratione
1099 706 1376 770 mentitur,
1402 706 1446 763 si
1479 704 1532 759 in
1561 704 1653 760 illo
1678 720 1829 774 spem
1849 713 2091 760 nostram

508 804 781 875 ponimus.

579 896 689 962 Ita,
721 893 977 948 subaudis
1005 900 1087 947 est
1111 892 1202 948 ille
1235 889 1541 955 nobiscum,
1579 896 1634 943 ut
1664 888 1986 957 conﬁdenter
2011 888 2092 943 diu»

450 1006 453 1009 ·
507 1002 710 1051 camus,
744 985 997 1039 Dominus
1026 984 1153 1037 mihi
1204 982 1418 1051 adjutor
1462 990 1557 1045 est,
1609 996 1711 1036 non
1750 979 1938 1035 timebo
1963 979 2091 1050 quid

508 1080 671 1151 faciat
701 1079 829 1133 mihi
873 1078 1048 1131 homo.
1101 1076 1345 1131 Hominis
1386 1075 1603 1131 nomine
1622 1072 1946 1143 intelligitur
1978 1074 2087 1143 hic,

505 1187 616 1229 non
655 1170 828 1227 solum
863 1169 1098 1225 carnalis
1137 1168 1362 1238 quilibet
1402 1166 1762 1229 adversarius,
1806 1166 1899 1221 sed
1928 1166 2090 1222 etiam

505 1263 680 1325 hostis
706 1262 980 1331 antiquus,
1016 1260 1107 1330 qui
1140 1260 1301 1321 homo
1330 1258 1648 1329 appellatur,
1673 1258 1740 1313 ab
1770 1255 1943 1312 oﬁicio
1992 1272 2091 1314 suo

505 1338 827 1413 vocabulum
853 1366 1089 1416 sumens,
1114 1366 1181 1406 eo
1206 1352 1347 1419 quod
1377 1349 1649 1406 hominem
1672 1349 1924 1419 decipiat,
1952 1350 2094 1405 sicut

506 1455 561 1502 et
609 1446 858 1503 Christus
912 1446 996 1502 leo
1054 1445 1354 1516 appellatur
1408 1452 1632 1516 propter
1696 1442 2087 1500 fortitudinem.

506 1536 661 1593 Unde
688 1536 956 1607 Pr0pheta
982 1537 1113 1591 dicit
1144 1553 1156 1590 :
1194 1535 1353 1605 Eripe
1377 1552 1478 1600 me,
1506 1535 1749 1601 Domine,
1788 1535 1853 1590 ab
1878 1536 2090 1591 homine

501 1627 643 1682 malo
672 1626 841 1699 (Psal.
876 1626 1129 1696 cxxxrx),
1183 1626 1236 1682 id
1290 1634 1373 1681 est
1406 1626 1641 1682 diabolo.
1692 1625 1917 1695 Oportet
1957 1641 2090 1698 ergo

500 1735 602 1793 nos
655 1720 708 1775 in
766 1721 1016 1777 omnibus
1072 1719 1512 1777 tribulationibus
1550 1735 1643 1777 seu
1696 1720 2087 1777 tentationibus

500 1812 643 1867 hunc
677 1812 999 1868 versiculum
1047 1812 1454 1885 l’salmographi
1499 1828 1593 1869 seu
1635 1813 2086 1881 Apostoliexcla-

2194 615 2370 669 ciores
2399 629 2430 667 a
2461 614 2692 669 veritate
2716 613 2862 678 ﬁdei,
2897 614 3310 684 superstitiones
3338 632 3567 688 quoque
3596 617 3823 679 Judae-

2194 720 2334 769 rum,
2367 704 2460 774 qui
2489 706 2682 765 docent
2735 705 3121 761 abstinendum
3165 722 3195 759 a
3254 708 3594 778 quibusdam
3656 712 3814 778 cibis,

2190 813 2328 867 quos
2375 796 2462 852 lex
2503 797 2778 868 prohibet,
2814 799 3078 869 quosdam
3125 815 3255 855 vero
3282 803 3636 858 concedunt.
3676 804 3814 872 Quis

2189 903 2319 959 ergo
2354 887 2497 943 inter
2550 887 2670 944 illos
2698 897 2859 943 erant
2894 889 3114 959 quidam
3165 891 3462 946 carnaliter
3490 894 3813 963 sapientes,

2190 980 2285 1050 qui
2334 995 2580 1034 escarum
2640 979 3021 1036 observatione
3067 989 3125 1035 et
3181 980 3491 1037 differentia
3572 985 3813 1041 seduce-

2190 1073 2321 1129 hant
2346 1072 2627 1143 quosdam,
2678 1073 3054 1129 abstrahentes
3081 1088 3177 1129 cos
3212 1089 3244 1127 a
3273 1075 3531 1129 doctrina
3567 1092 3812 1148 evange-

2188 1163 2315 1231 lica,
2344 1180 2466 1235 quas
2495 1164 2632 1219 dixit
2678 1164 2855 1220 oainia
2901 1179 3027 1220 esse
3056 1166 3257 1219 munda
3285 1166 3505 1219 mundis
3563 1166 3706 1238 (Tit.
3750 1172 3806 1239 ι),

2188 1258 2482 1330 alloquitur
2539 1258 2682 1314 illos‘
2711 1258 3042 1329 Apostolus,
3103 1273 3172 1313 ne
3227 1258 3449 1314 illorum
3504 1261 3806 1330 peregrina

2189 1349 2434 1404 doctrina
2463 1336 2885 1404 abducerentur.
2944 1349 3099 1416 Quod
3123 1357 3177 1403 et
3207 1350 3456 1419 apertius
3479 1351 3803 1405 maniﬁsut

2189 1445 2518 1515 subjungens
2548 1458 2561 1495 :
2608 1442 2878 1513 Optimum
2902 1452 2977 1499 est
3006 1443 3143 1496 enim
3179 1445 3355 1512 gratia
3391 1444 3654 1497 stabilire
3698 1461 3797 1501 cor.

2189 1551 2301 1599 non
2339 1535 2469 1589 escis
2496 1551 2612 1605 qua:
2641 1551 2748 1590 non
2790 1534 3100 1604 profuerunt
3140 1534 3543 1589 ambulantibus
3602 1537 3665 1589 in
3707 1538 3795 1589 eis.

2186 1625 2481 1696 Optimum,
2532 1625 2727 1695 inquit,
2757 1633 2812 1680 et
2838 1624 3136 1696 perfectum
3162 1635 3267 1691 est,
3297 1626 3563 1682 stabilire
3584 1637 3649 1682 et
3677 1644 3796 1683 con-

2185 1715 2419 1771 solidarc
2469 1714 2805 1770 intellectum
2850 1716 3017 1770 animi
3070 1715 3125 1770 in
3174 1716 3353 1787 gratia
3412 1716 3565 1772 Novi
3613 1718 3793 1773 Testa-

2185 1806 2375 1873 menti,
2406 1814 2464 1861 ut
2490 1806 2737 1861 habeatis
2762 1805 2922 1861 ﬁdem
2944 1804 3262 1875 perlatam,
3293 1807 3606 1863 credentes
3625 1810 3791 1863 omnis

459 1960 468 1967 ,
499 1918 668 1969 mare,
702 1904 981 1960 dicentes:
1014 1905 1271 1959 Dominus
1297 1905 1425 1960 mihi
1475 1906 1691 1975 adjutor
1722 1916 1819 1971 est,
1873 1922 1975 1961 non
2014 1907 2083 1961 ti-
2113 1926 2161 1987 Β
2188 1900 2385 1955 munda
2416 1900 2652 1966 vitandis,
2682 1916 2788 1956 non
2816 1900 3059 1955 stabilire
3087 1901 3141 1955 in
3164 1899 3500 1957 differentiis
3527 1912 3591 1959 et
3617 1904 3788 1959 obser-

495 1997 640 2051 mebo
671 1997 795 2065 quid
819 1998 981 2067 faciat
1001 1997 1128 2052 mihi
1151 1998 1327 2063 homo,
1358 1998 1411 2053 id
1434 2008 1519 2053 est
1542 1997 1764 2067 quilibet
1792 1998 1961 2054 hostis
1991 2006 2085 2053 aut

494 2090 859 2146 adversarius.

568 2180 880 2236 Mementote
908 2182 1306 2252 prtepositorum
1344 2192 1629 2237 vestrorum
1657 2223 1671 2249 ,
1718 2183 1807 2253 qui
1834 2183 1973 2238 vobis
2002 2182 2082 2237 lo-

496 2275 603 2328 cuti
631 2284 750 2329 sunt
774 2275 981 2330 uerbum
1015 2275 1108 2330 Dei
1134 2292 1153 2331 :
1190 2293 1411 2347 quorum
1461 2277 1720 2331 intuentes
1746 2277 1946 2331 exitum
1967 2293 2084 2331 σοπ-

492 2373 821 2439 versationis,
858 2372 1136 2427 imitamini
1163 2372 1343 2442 ﬁdem.
1380 2372 1582 2430 Omnes
1609 2373 1825 2442 quidem
1876 2372 2082 2442 praelati

498 2474 552 2521 et
580 2465 830 2520 doctores
858 2464 910 2519 in
939 2474 1201 2534 quantum
1228 2465 1366 2522 bona
1388 2464 1684 2536 pnedicant
1711 2473 1766 2518 et
1790 2464 1931 2518 bona
1957 2479 2083 2532 ope-

492 2565 705 2621 rantur,
751 2555 1002 2610 audiendi
1030 2564 1156 2610 sunt
1183 2564 1239 2611 et
1262 2555 1503 2610 imitandi
1538 2572 1551 2608 :
1579 2555 1634 2610 in
1661 2563 1921 2623 quantum
1955 2568 2083 2609 vero

492 2657 587 2703 aut
633 2647 740 2703 no'n
783 2656 928 2702 recte
978 2647 1297 2716 praedicant,
1340 2656 1433 2700 aut
1470 2646 1611 2701 male
1659 2646 1866 2711 vivunt,
1906 2659 2083 2715 neque

493 2736 745 2792 audiendi
776 2744 899 2791 sunt
928 2749 1102 2807 neque
1128 2736 1410 2802 imitandi;
1445 2735 1594 2791 verbi
1646 2734 1819 2805 gratia
1848 2752 1861 2787 :
1910 2733 1967 2790 Si
1991 2749 2078 2789 re-

491 2841 579 2887 cte
606 2830 884 2903 praedicat,
917 2839 972 2886 et
1001 2830 1139 2895 bene
1167 2830 1319 2896 vivit,
1348 2829 1647 2885 audiendus
1673 2835 1758 2887 est
1788 2837 1843 2884 et
1867 2828 2078 2883 imitan-

493 2924 594 2980 dus
628 2943 641 2979 :
674 2925 721 2980 si
747 2939 877 2979 vero
905 2932 1158 2979 neutrum
1190 2924 1302 2995 agit
1323 2964 1338 2988 ,
1385 2938 1492 2981 non
1518 2931 1604 2979 est
1638 2922 1938 2980 audiendus
1984 2938 2081 2978 ne-

491 3030 596 3085 que
629 3015 922 3071 imitandus
949 3030 962 3068 :
993 3022 1047 3069 at
1073 3028 1201 3070 vero
1231 3014 1277 3069 si
1301 3023 1448 3071 recte
1475 3014 1751 3085 pmdicat,
1788 3014 1914 3070 licet
1938 3015 2078 3070 male

490 3108 657 3171 vivat,
674 3122 779 3162 non
795 3113 878 3161 est
890 3103 1321 3163 contemnendus
1335 3114 1392 3160 ut
1407 3121 1511 3160 non
1526 3105 1962 3163 audiatur.Unde
1974 3107 2077 3162 Do-

490 3198 668 3253 minus
695 3196 832 3251 dixit
856 3194 1072 3269 (Mattlt.
1127 3195 1284 3267 χχιιι)
1317 3210 1331 3249 :
1361 3194 1490 3263 Qute
1516 3196 1700 3251 dicunt
1728 3195 1922 3263 facite,
1956 3213 2076 3267 quae

491 3302 671 3345 autem
690 3287 1090 3344 faciuntfacere
1116 3286 1300 3343 nolite.
1318 3287 1453 3356 Quia
1481 3303 1609 3359 ergo
1624 3288 1714 3344 isti
1741 3290 1912 3345 honos
1938 3304 2077 3359 prte-
2102 3306 2150 3370 ο

452 3382 695 3453 ,positos
746 3380 1068 3445 habuerant,
1102 3388 1319 3436 sanctos
1369 3370 1621 3436 videlicet
1666 3379 1938 3449 apostolos
1985 3396 2078 3438 eo-

490 3490 719 3547 rumque
755 3487 1126 3539 successores,
1160 3473 1412 3529 hortatur
1441 3486 1536 3529 eos
1563 3481 1622 3529 ut
1649 3488 1920 3530 memores
1968 3474 2079 3531 sint

490 3566 706 3623 illorum
735 3606 750 3631 ,
801 3579 1095 3635 eorumque
1145 3563 1572 3622 conversationis
1596 3604 1612 3630 ,
1673 3565 2080 3623 considerantes

491 3659 723 3723 exitum,
761 3657 863 3714 hoc
912 3667 999 3713 est
1037 3657 1494 3729 perseverantiam
1520 3672 1693 3731 usque
1723 3658 1777 3713 in
1808 3657 1975 3715 ﬁnem
2022 3660 2078 3714 in

491 3750 598 3805 ﬁde
619 3756 787 3816 recta,
824 3749 1087 3819 bonisque
1108 3750 1364 3821 operibus
1395 3749 1741 3807 imitarentur
1761 3748 1944 3817 ﬁdem,
1974 3751 2078 3807 hoc

493 3852 579 3901 est
609 3842 917 3898 ﬁrmitatem
942 3842 1232 3901 bonorum.
1263 3842 1401 3911 Quia
1429 3856 1559 3911 ergo
1579 3840 1742 3903 ﬁnem
1764 3842 1965 3901 bonum
1989 3844 2082 3897 ha-

493 3936 610 3992 buit
633 3951 818 3997 eorum
844 3936 1204 4002 conversatio,
1233 3935 1440 3991 idcirco
1468 3935 1753 3991 imitamini
1778 3936 1938 3995 ﬁdem
1964 3936 2080 3992 illo-

490 4046 634 4086 rum.
677 4029 866 4085 Fidem
916 4038 1093 4084 autem
1131 4028 1441 4085 ﬁrmitatem
1498 4043 1592 4084 seu
1619 4030 2078 4097 perseverantiam

492 4122 706 4183 illorum
732 4122 881 4179 dicit.

561 4234 717 4289 Iesus
739 4233 978 4288 Christus
1006 4234 1118 4288 heri
1141 4242 1191 4288 et
1216 4233 1389 4298 hodie,
1437 4235 1547 4304 ipse
1577 4242 1623 4288 et
1650 4234 1705 4288 in
1730 4233 1942 4290 sa'cula.
1998 4235 2079 4290 Ad

492 4327 773 4398 superiora
826 4325 1097 4395 pertinent
1151 4325 1285 4392 ista,
1338 4326 1428 4381 ubi
1480 4334 1707 4381 testatus
1755 4334 1839 4380 est
1877 4324 2079 4380 dixisse

494 4421 664 4476 Deum
690 4437 705 4473 :
741 4418 862 4473 Non
889 4427 938 4471 te
967 4418 1200 4472 deseram
1230 4435 1391 4489 neque
1416 4418 1794 4489 derelinquam.
1824 4416 2081 4472 Poterant

492 4510 569 4566 illi
598 4509 926 4579 respondere
952 4510 1055 4565 hoc
1079 4526 1184 4566 non
1206 4504 1479 4581 pertinere
1505 4512 1570 4566 ad
1598 4512 1691 4566 Dei
1724 4510 2076 4581 promissum,

493 4599 620 4670 quia
650 4613 757 4655 non
787 4607 870 4661 est
901 4600 1058 4659 nobis
1084 4601 1427 4671 promissum,
1456 4602 1553 4656 sed
1578 4602 1757 4671 potius
1777 4600 1941 4656 Josue
1961 4617 2079 4671 pro-

492 4690 643 4746 misit
674 4690 775 4745 hoc
798 4690 976 4757 Dens;
1009 4692 1078 4746 ad
1108 4693 1224 4748 haec
1260 4693 1547 4763 Apostolus
1576 4711 1588 4745 :
1623 4692 1799 4747 Nolite
1824 4694 2076 4760 deﬁcere,
2102 4672 2158 4734 D

495 4783 772 4852 quoniam,
807 4784 950 4840 sicut
975 4784 1211 4854 pertinet
1238 4785 1306 4838 ad
1334 4782 1497 4840 Josue
1522 4785 1625 4838 ista
1660 4785 1968 4853 promissio,
2002 4787 2077 4841 ita

489 4878 725 4951 pertinet
779 4879 847 4934 ad
875 4893 992 4944 vos,
1020 4878 1277 4948 quoniam
1326 4875 1485 4932 Jesns
1516 4875 1766 4933 Christus
1796 4878 1887 4947 qui
1919 4880 2079 4935 unius

490 4970 739 5026 essentia:
764 4970 1008 5026 existens
1039 4985 1163 5023 cum
1187 4968 1348 5022 Patre
1375 4978 1500 5025 tunc
1529 4969 1788 5040 temporis
1817 4970 1932 5040 ipse
1952 4969 2078 5037 fuit,

491 5063 606 5133 ipse
633 5071 736 5126 est,
770 5063 885 5132 ipse
905 5063 1013 5117 erit
1042 5070 1097 5116 et
1139 5060 1193 5117 in
1224 5062 1445 5119 stecula.
1498 5060 1675 5118 Nolite
1702 5071 1895 5133 putare
1922 5061 2079 5135 quasi

491 5155 581 5224 qui
632 5163 758 5208 tunc
783 5152 1042 5223 temporis
1068 5152 1172 5209 fuit
1211 5163 1269 5209 et
1296 5169 1402 5209 non
1427 5154 1697 5210 sitmodo.
1726 5155 1871 5210 ldem
1907 5155 1956 5211 ei
1988 5155 2081 5225 qui

492 5245 595 5301 fuit
628 5244 766 5310 heri,
798 5244 939 5300 idem
964 5244 1069 5300 erit
1093 5252 1147 5299 et
1175 5246 1230 5300 in
1257 5246 1533 5301 saeculum.
1580 5245 1707 5302 Heri
1738 5256 1917 5302 autem
1942 5263 2081 5319 prte-

494 5339 712 5395 teritqu
750 5338 1021 5409 signiﬁcat
1047 5347 1259 5409 tempus
1290 5355 1304 5391 :
1337 5340 1522 5404 hodie,
1560 5356 1834 5411 praesens:
1882 5342 2079 5397 saecula

493 5446 649 5499 vero,
691 5431 929 5488 futurum
958 5432 1075 5487 sine
1100 5432 1353 5498 termino,
1383 5441 1640 5505 tanquam
1664 5437 1869 5492 diceret
1899 5453 1912 5489 :
1936 5438 2078 5491 Ante

497 5524 690 5580 saecula
716 5533 773 5579 et
800 5524 854 5580 in
874 5523 1069 5580 szecula
1100 5533 1155 5579 et
1182 5534 1305 5595 post
1332 5525 1548 5593 szecula,
1578 5542 1795 5598 semper
1815 5528 2076 5593 manebit,

498 5622 636 5677 sicut
661 5621 727 5676 de
754 5619 843 5675 illo
870 5619 1140 5690 Propheta
1166 5619 1299 5675 dicit
1325 5638 1337 5674 :
1381 5620 1455 5675 Tu
1481 5632 1655 5676 autem
1680 5622 1817 5677 idem
1856 5624 1965 5693 ipse
2001 5639 2074 5689 es,

498 5723 545 5768 et
576 5714 701 5766 anni
726 5714 800 5766 tui
827 5730 929 5768 non
955 5711 1198 5780 deﬁcient
1230 5710 1415 5781 (Hebr.
1452 5711 1512 5783 ι).

441 5872 447 5877 .
572 5801 834 5857 Doctrinis
885 5803 1046 5859 uariis
1086 5813 1137 5855 et
1186 5804 1470 5873 peregrinis
1523 5802 1680 5857 nolite
1714 5805 1922 5859 abduci.
1977 5806 2080 5860 Do-

501 5892 690 5951 ctrina:
727 5894 889 5951 varice
929 5903 985 5949 et
1007 5893 1324 5964 peregrinae,
1372 5910 1510 5950 nova
1539 5895 1787 5967 dogmata
1814 5905 1943 5952 sunt
1972 5898 2080 5952 ha:-

2187 1996 2494 2052 vationibus
2519 2010 2792 2062 escarum,
2845 1995 3089 2051 dicentes
3137 1996 3406 2067 quosdam
3441 1996 3607 2054 cibos
3641 2013 3783 2053 mun-

2187 2091 2306 2157 dos,
2331 2089 2592 2160 quosdam
2622 2090 2928 2145 immundos
2958 2088 3050 2159 qui
3075 2087 3208 2144 nihil
3238 2088 3586 2159 profuerunt
3606 2092 3781 2145 ambu-

2186 2178 2423 2238 lantibus
2461 2182 2514 2235 in
2563 2180 2670 2236 illis
2720 2180 3211 2237 observationibus.
3263 2180 3402 2237 Post
3430 2180 3659 2237 Domini
3701 2183 3773 2237 ad-

2184 2279 2403 2325 ventum
2432 2271 2611 2327 omnia
2639 2270 2727 2326 illa
2757 2286 2878 2342 quae
2908 2271 2965 2326 in
2997 2270 3168 2342 ﬁgura
3194 2272 3628 2342 contingebant,
3677 2287 3773 2328 ces-

2185 2370 2442 2419 saverunt
2470 2379 2484 2416 :
2515 2370 2571 2417 et
2592 2361 2828 2417 maxime
2851 2370 3138 2431 postquam
3168 2361 3440 2417 Dominus
3473 2362 3609 2417 dixit
3630 2362 3773 2419 :Noa

2183 2458 2327 2526 quod
2351 2455 2518 2510 intrat
2548 2454 2603 2508 in
2646 2468 2709 2509 os
2741 2453 3056 2522 coinquinat
3094 2452 3374 2508 hominem
3406 2470 3420 2505 :
3472 2452 3563 2509 sed
3596 2456 3761 2507 omnis

2184 2555 2311 2604 sunt
2349 2546 2547 2600 munda
2599 2544 2831 2600 mundis.
2889 2543 3036 2598 Vidit
3072 2543 3346 2614 siquidem
3394 2543 3547 2598 Dens
3586 2555 3765 2599 cum:

2181 2654 2303 2712 quae
2351 2639 2516 2704 fecit,
2564 2647 2825 2707 erantque
2870 2635 3027 2691 valde
3077 2636 3241 2691 bona.
3297 2632 3771 2691 Meliusestenin

2181 2732 2342 2787 ﬁdem
2401 2729 2635 2784 retinere
2664 2744 2788 2783 cum
2819 2726 3062 2799 perfecto
3090 2740 3278 2797 opere,
3329 2741 3511 2797 quam
3545 2728 3615 2783 de
3639 2726 3775 2782 dile.

2181 2825 2355 2883 rentia
2384 2824 2627 2880 ciborum
2665 2824 2964 2895 disputare,
3017 2823 3316 2894 rejiciendo
3358 2822 3454 2876 illa
3484 2838 3613 2893 qua:
3648 2823 3773 2878 Dens

2178 2919 2379 2975 munda
2425 2917 2649 2973 creavit.
2702 2916 2817 2974 Una
2866 2929 3101 2987 namque
3128 2912 3373 2986 perfecta
3430 2914 3773 2973 observantia

2177 3021 2282 3077 est,
2313 3012 2583 3067 abstinere
2628 3027 2660 3065 a
2685 3011 2965 3081 peccatis:
2994 3008 3127 3064 nihil
3171 3010 3317 3063 enim
3356 3008 3599 3079 prodest
3621 3009 3775 3065 aliti-

2176 3120 2306 3161 nere
2329 3121 2359 3160 a
2383 3106 2518 3161 cibis
2541 3105 2585 3160 si
2617 3121 2723 3161 non
2750 3105 3087 3160 abstineatur
3117 3117 3149 3157 a
3174 3104 3438 3174 peccatis.
3496 3103 3639 3159 Nam
3660 3105 3776 3163 licet

2176 3206 2430 3272 gererent
2482 3196 2558 3252 illi
2585 3197 2821 3252 studium
2851 3197 2999 3253 circa
3028 3196 3407 3266 hujuscemodi
3437 3199 3777 3255 observatio-

2181 3306 2299 3357 nes,
2322 3290 2455 3345 nihil
2475 3291 2555 3345 eis
2574 3288 2798 3361 profuit,
2826 3289 2873 3344 si
2898 3288 3058 3344 ﬁdem
3082 3304 3187 3345 non
3213 3290 3559 3346 habuerunt.
3597 3292 3657 3346 In
3688 3292 3777 3346 hoc

2179 3385 2326 3440 enim
2357 3385 2500 3454 quod
2539 3382 2711 3454 legem
2738 3382 3137 3449 cuétodiebant,
3177 3382 3381 3453 profuit
3409 3383 3566 3440 illis:
3604 3387 3661 3441 in
3686 3388 3779 3441 hoc

2178 3476 2321 3546 quod
2334 3476 2474 3532 escis
2487 3490 2592 3530 non
2608 3474 3119 3541 vescebantur,nihil
3131 3474 3382 3530 utilitatis
3395 3488 3777 3547 perceperunt.

2255 3567 2523 3622 Habemus
2569 3567 2738 3621 altare
2766 3567 2830 3620 de
2858 3582 2962 3637 quo
2996 3566 3146 3620 edere
3200 3582 3303 3620 non
3331 3566 3534 3622 habent
3564 3580 3779 3638 poteste-

2180 3670 2279 3715 tem
2303 3661 2392 3731 qui
2415 3658 2752 3713 tabernaculo
2780 3658 3098 3713 deserviunt.
3136 3656 3394 3728 Legalem
3429 3661 3779 3715 consuetudi-

2178 3769 2305 3810 nem
2359 3752 2428 3807 ad
2487 3751 2808 3823 mysterium
2865 3749 3273 3819 spiritalemque
3333 3763 3568 3806 sensum
3622 3752 3781 3807 refert

2178 3847 2488 3918 Apostolus.
2552 3845 2710 3916 Legis
2746 3844 3012 3914 siquidem
3049 3853 3381 3915 praeceptum
3434 3853 3563 3901 erat
3594 3855 3651 3901 nt
3700 3849 3781 3902 de-

2180 3944 2322 3999 cima
2361 3944 2445 3998 die
2472 3940 2685 4011 septimi
2716 3939 2919 3994 mensis
2940 3954 2970 3992 a
3002 3939 3295 3995 festivitate
3321 3939 3601 4011 paschali,
3630 3939 3779 3997 festi-

2180 4037 2349 4092 vitate
2397 4035 2649 4089 videlicet
2685 4032 3114 4104 propinationis,
3183 4031 3499 4103 acciperent
3557 4032 3779 4087 vitulum

2179 4138 2235 4186 et
2262 4130 2492 4193 hircum,
2538 4136 2592 4183 et
2639 4126 2983 4181 immolatent
3028 4139 3152 4179 eum
3187 4133 3339 4180 extra
3390 4134 3583 4180 castra
3611 4144 3628 4182 ;
3658 4141 3781 4180 san-

2181 4222 2400 4292 guinem
2444 4228 2623 4273 autem
2659 4218 2871 4273 illorum
2901 4215 3212 4272 animalium
3241 4215 3411 4271 ferret
3448 4217 3705 4287 pontifex
3732 4218 3781 4271 in

2182 4311 2387 4367 Sancta
2420 4318 2755 4375 sanctorum,
2783 4317 3040 4366 oraturus
3068 4307 3217 4364 solus
3238 4323 3339 4379 pro
3371 4310 3586 4378 populo
3610 4327 3627 4363 ε
3663 4326 3781 4365 car

2180 4420 2279 4459 nes
2316 4418 2447 4458 vero
2486 4402 2699 4458 illorum
2728 4409 3080 4472 portarentur
3115 4409 3269 4456 extra
3318 4411 3543 4467 castra,
3596 4402 3779 4473 ibique

2180 4505 2681 4562 concremarentnr,
2719 4512 2818 4551 nec
2848 4512 2968 4551 esse
2998 4496 3203 4550 licitum
3227 4495 3387 4550 alicui
3425 4497 3779 4552 tabernaculo

2178 4588 2506 4645 deservienti
2544 4603 2611 4643 ex
2648 4587 2759 4642 illis
2805 4587 3107 4643 comedere.
3174 4585 3555 4657 Spiritualiter
3600 4598 3776 4644 autem

2182 4690 2273 4745 illa
2318 4690 2424 4745 duo
2469 4689 2745 4755 animalia,
2781 4688 3029 4743 videlicet
3084 4688 3283 4743 vitulus
3306 4696 3367 4743 et
3396 4689 3623 4758 hircus,
3650 4691 3779 4762 ﬁgl-

2184 4797 2301 4839 ram
2332 4789 2517 4837 tenent
2554 4782 2766 4837 Domini
2805 4780 3139 4837 Salvatoris:
3180 4780 3296 4851 lpse
3334 4790 3424 4837 est
3449 4786 3611 4838 enim
3645 4786 3779 4839 vita-

2181 4879 2285 4943 lus,
2336 4894 2497 4948 quem
2540 4878 2662 4949 pius
2710 4885 2862 4949 pater
2914 4879 2967 4932 in
3021 4877 3361 4948 regressione
3413 4878 3516 4933 ﬁlii
3570 4881 3777 4950 prodigi

2182 4970 2498 5034 immolavit,
2534 4970 2648 5041 ipse
2674 4981 2729 5025 et
2757 4971 2938 5025 hircus
2963 4971 3055 5041 qui
3100 4987 3200 5042 pro
3225 4974 3615 5041 peccatoribus
3636 4975 3777 5029 obla-

2184 5072 2271 5119 tus
2318 5071 2422 5118 est.
2490 5060 2739 5117 Pontifex
2790 5077 3005 5133 quoque
3049 5061 3141 5117 ille
3181 5063 3271 5132 qui
3331 5078 3459 5117 cum
3515 5066 3780 5136 sanguine

2188 5154 2404 5211 illorum
2450 5154 2765 5209 animalium
2824 5154 3062 5209 intrabat
3106 5155 3160 5209 in
3200 5154 3401 5210 Sancta
3462 5168 3777 5211 sanctorum

2186 5256 2444 5305 oraturus
2476 5262 2577 5318 pro
2597 5248 2815 5318 populo,
2847 5255 3031 5319 typum
3068 5250 3289 5319 gerebat
3315 5250 3475 5304 istius
3502 5250 3622 5305 veri
3654 5266 3779 5322 ροι-

2187 5339 2369 5405 tiﬁcis,
2409 5338 2501 5408 qui
2540 5354 2663 5393 cum
2700 5340 2961 5407 sanguine
2995 5339 3262 5408 passionis
3286 5356 3397 5395 sua:
3422 5340 3483 5394 in
3515 5341 3778 5396 interiora

2188 5432 2378 5503 patria:
2406 5430 2645 5487 caelestis
2684 5431 2925 5497 intravit,
2958 5440 3214 5488 oraturus
3240 5449 3338 5503 pro
3368 5433 3626 5489 ﬁdelibus
3646 5435 3773 5490 suis.

2186 5524 2613 5580 lmmolabantur
2640 5523 2730 5579 illa
2758 5524 3010 5579 animalia
3042 5525 3184 5579 intra
3214 5531 3393 5580 castra
3454 5526 3555 5581 sed
3584 5542 3779 5581 carnes

2187 5621 2399 5678 illorum
2418 5629 2573 5676 extra
2608 5628 2789 5676 castra
2814 5620 3287 5685 comburebantur,
3304 5623 3430 5692 quia
3464 5631 3522 5678 et
3545 5621 3775 5677 Redenr

2184 5722 2311 5785 ptor
2343 5720 2529 5768 noster
2550 5713 2601 5768 in
2638 5711 2973 5769 Hierusalem
3003 5713 3156 5783 quasi
3194 5715 3334 5768 intra
3365 5725 3547 5771 castra
3578 5715 3775 5771 immo—

2184 5805 2327 5862 latus
2362 5815 2448 5861 est
2477 5807 2699 5862 vocibus
2738 5815 2791 5861 et
2808 5807 3010 5879 judicio
3047 5807 3275 5862 ﬁliorum
3308 5807 3496 5877 Israel,
3534 5811 3631 5875 sed
3664 5828 3779 5865 car-

2186 5916 2283 5957 nes
2318 5898 2461 5956 illius
2490 5888 2644 5956 extra
2679 5899 3023 5958 Hierusalem
3058 5900 3113 5957 in
3130 5915 3290 5957 cruce
3328 5904 3631 5960 combusta:
3654 5912 3777 5960 sunt
