3974 6480
198 344 412 437 ρξε’

888 367 1250 433 ΕΧΡοειτιο
1285 373 1353 429 ΙΝ
1388 371 1539 429 EPP.
1582 369 1639 427 S.
1677 369 1776 425 PA!

1886 409 1898 423 .
1937 400 2008 413 -—-
2042 372 2109 429 ΙΝ
2146 373 2365 433 EPIST.
2401 376 2495 434 AD
2530 376 2737 437 HEBR.

198 494 324 564 igne
347 486 615 562 passionis
646 501 659 541 :
693 485 920 554 Quando
943 486 1089 540 enim
1117 486 1453 555 adiudicatus
1479 492 1563 541 est
1590 484 1773 550 morti,
1802 489 1855 551 Α
1879 484 2104 539 cabatur
2124 485 2400 543 Calvarius
2450 488 2663 560 (Matth.
2716 492 2911 566 xxvu).
2952 491 3025 551 Ut
3047 508 3177 566 ergo
3199 494 3461 561 Dominus

198 584 555 643 clamantibus
585 579 786 636 Iudaeis
821 579 1035 649 (Matth.
1070 581 1242 652 xxvr).
1276 580 1417 635 Reus
1445 590 1519 634 est
1549 580 1730 634 mortis
1754 593 1774 632 :

199 676 490 746 Cruciﬁge,
514 673 760 743 cruci-ﬁge
785 688 904 726 eum
921 712 936 737 ,
973 671 1368 741 quodammodo
1397 674 1683 744 (quantum
1709 672 1777 726 ad

200 771 320 827 illos
342 765 601 840 pertinet)
626 764 934 820 immolatus
967 773 1067 820 est.
1101 764 1254 831 Quod
1307 764 1516 818 Marcus
1545 777 1776 834 evange-

199 865 322 920 lista
358 861 546 917 volens
575 858 733 915 nobis
781 856 1069 915 ostendere
1119 856 1193 910 ita
1230 870 1371 923 esse,
1421 855 1589 910 dicit:
1643 853 1775 908 Erat

200 968 372 1015 autem
402 958 532 1010 hora
553 954 736 1019 tertia,
779 962 827 1007 et
867 950 1239 1022 eruciﬁxerunt
1264 965 1385 1005 euut
1419 948 1612 1021 (Marc.
1642 948 1774 1018 xv):

199 1050 395 1121 linguis
422 1048 671 1103 videlicet
697 1047 827 1101 suis.
880 1044 1016 1100 Nam
1045 1045 1175 1101 hora
1203 1052 1356 1103 sexta
1388 1043 1442 1098 in
1489 1057 1650 1098 cmee
1694 1050 1776 1097 est

204 1140 416 1196 levatus
441 1146 597 1194 extra
612 1136 971 1201 Hierusalem,
987 1135 1170 1204 ibique
1192 1148 1390 1203 corpus
1413 1134 1529 1204 ejus
1557 1131 1778 1188 combu-

201 1240 340 1286 stum
363 1238 444 1285 est
481 1228 602 1299 igne
632 1226 916 1299 passionis.
974 1225 1157 1280 Altare
1200 1234 1382 1281 autem
1408 1224 1537 1280 illud
1561 1224 1776 1280 Judaeov-

203 1337 320 1377 rum
362 1320 505 1390 quod
539 1318 702 1373 ﬁebat
750 1325 905 1372 extra
942 1325 1141 1381 castra,
1193 1316 1285 1370 ubi
1325 1315 1778 1371 consumebantur

202 1428 415 1479 carnes,
454 1412 625 1467 altare
653 1410 905 1466 Ecclesia:
929 1419 1031 1477 est,
1060 1410 1148 1464 ubi
1173 1410 1413 1481 quotidie
1435 1426 1632 1480 corpus
1655 1425 1780 1465 con-

202 1514 445 1563 secratur
475 1504 695 1560 Christi.
727 1503 999 1557 Habemus
1031 1516 1161 1571 ergo
1185 1502 1359 1558 altare
1384 1502 1656 1568 Ecclesiae,
1686 1503 1776 1557 ubi

201 1603 551 1652 consecratur
578 1610 773 1664 corpus
804 1593 1144 1648 Dominicnm
1172 1611 1185 1647 :
1216 1594 1282 1649 de
1309 1611 1417 1665 quo
1441 1610 1547 1651 non
1578 1595 1781 1650 habent

199 1695 519 1759 potestatem
549 1685 709 1742 edere
736 1726 751 1751 ,
794 1685 885 1754 qui
918 1684 1267 1739 tabernaculo
1294 1687 1537 1756 corporis
1567 1686 1650 1741 sui
1681 1687 1777 1741 de-

198 1778 482 1835 serviunt:
539 1774 898 1833 fornicatores
938 1774 1217 1839 videlicet,
1268 1774 1520 1842 adulteri,
1555 1775 1773 1841 ebriosi,

1877 577 2122 630 umbram
2151 586 2203 632 et
2250 580 2479 651 ﬁguram
2507 584 2561 639 in
2603 584 2887 641 veritatem
2933 597 3290 656 converteret,
3335 605 3459 663 qua

1876 664 1943 722 de
1971 680 2029 721 se
2058 667 2276 736 suisque
2297 672 2552 729 membris
2575 674 3077 745 prarﬁgurabantur,
3108 693 3313 751 suoque
3333 693 3459 737 salt-vt

1872 758 2037 827 guine
2078 758 2372 815 redimeret
2395 769 2557 831 atque
2582 766 2866 822 mandaret
2895 767 3146 839 populum
3177 768 3232 826 in
3256 786 3316 829 se
3334 786 3457 831 cre's

1879 846 2118 917 dentem,
2152 850 2286 909 loris
2314 850 2653 915 Hierusalem
2677 870 2867 925 passus
2904 868 3005 915 est.

1948 940 2215 1007 Excantata
2240 943 2401 1013 igitur
2432 945 2501 1000 ad
2554 932 2721 1008 Deum
2763 959 2912 1011 astra
2956 960 3150 1017 castra,
3196 954 3458 1027 imprope.

1878 1031 2015 1087 riunt
2061 1032 2174 1102 ejus
2217 1042 2506 1104 portantes.
2562 1035 2699 1103 Quia
2732 1053 2861 1109 ergo
2888 1042 3145 1105 Dominus
3175 1058 3275 1113 pro
3306 1046 3461 1105 nobis

1877 1137 2070 1193 passus
2097 1132 2200 1190 est,
2244 1125 2492 1180 hortatur
2522 1128 2815 1196 Apostolus
2841 1140 2899 1184 ut
2948 1131 3224 1195 imitemur
3285 1134 3457 1203 illum,

1878 1214 2064 1270 dicens
2092 1233 2105 1268 :
2135 1214 2322 1286 Igitur,
2374 1218 2498 1286 quia
2531 1217 2645 1287 ipse
2677 1224 2829 1277 extra
2859 1231 3040 1283 castra
3072 1239 3263 1293 passus
3288 1236 3373 1284 est
3404 1236 3462 1288 ut

1878 1320 1981 1361 nos
2014 1307 2397 1374 sanetilicaret,
2436 1308 2780 1379 egrediamur
2812 1313 2881 1369 ad
2910 1326 3031 1377 eum
3057 1323 3211 1373 extra
3235 1330 3462 1373 convert

1879 1395 2143 1450 sationem
2177 1396 2474 1452 carnalium
2506 1398 2806 1469 hominum,
2855 1403 3245 1463 mortiﬁcautes
3284 1423 3460 1469 inem-

1877 1486 1975 1543 bra
2012 1497 2201 1544 nostra
2232 1505 2353 1545 cum
2403 1490 2550 1546 vitiis
2585 1498 2641 1547 et
2667 1495 3134 1565 concupiscentiis,
3181 1506 3236 1552 et
3281 1499 3462 1561 imite-i

1879 1593 2002 1633 mur
2026 1579 2141 1651 ejus
2170 1580 2500 1650 passionem,
2523 1584 2842 1655 martyrium
2869 1600 2966 1656 pro
3003 1587 3095 1643 illo
3118 1590 3458 1653 sustinendo.

1879 1663 1992 1726 Hoc
2018 1680 2104 1727 est
2153 1673 2297 1727 enim
2350 1674 2740 1745 improperium
2792 1676 2934 1743 illius
2979 1690 3220 1751 portare,
3271 1685 3461 1743 eadem

1879 1777 2000 1833 quae
2032 1763 2122 1820 ille
2169 1765 2424 1821 sustinuit
2453 1766 2586 1836 pati.
2632 1766 2777 1823 Crux
2818 1770 2961 1829 enim
3013 1772 3158 1832 illius
3193 1776 3462 1849 imprope-

194 1868 480 1932 immundi,
528 1875 584 1921 et
627 1867 683 1921 bi
714 1866 808 1937 qui
856 1866 1125 1921 seminant
1154 1866 1300 1922 inter
1332 1866 1529 1923 fratres
1566 1869 1774 1924 discor-
1804 1846 1853 1923 Β
1881 1855 2022 1910 rium
2074 1854 2191 1925 eius
2242 1858 2451 1915 Videtur
2493 1858 2629 1914 οδεεθ
2670 1862 2931 1931 Ρ³8³ηίεν
2983 1865 3139 1927 "(ibis
3169 1846 3348 1927 autsin
3369 1846 3464 1927 est

196 1962 329 2028 dias,
358 1975 653 2030 omnesque
680 1959 772 2029 qui
800 1958 1163 2029 voluptatibus
1199 1966 1254 2015 et
1282 1960 1567 2017 desideriis
1596 1963 1778 2019 carnis

195 2068 308 2109 sua:
334 2053 661 2109 deserviunt.
701 2050 806 2117 Qui
838 2052 977 2105 enim
1000 2052 1285 2106 manducat
1314 2061 1363 2107 et
1383 2052 1511 2107 bibit
1544 2054 1773 2124 indigne,

187 2144 448 2215 judicium
474 2142 574 2196 sibi
597 2141 878 2199 manducat
901 2151 949 2196 et
974 2141 1100 2197 bibit
1142 2142 1195 2210 (Ι
1221 2141 1343 2199 Cor.
1370 2142 1469 2214 ιι).

269 2232 507 2299 Quorum
534 2234 671 2287 enim
708 2232 1017 2287 animalium
1065 2233 1290 2303 infertur
1307 2233 1519 2304 sanguis
1539 2249 1634 2304 pro
1659 2250 1777 2305 pce-

194 2333 312 2379 cato
345 2325 403 2378 in
439 2321 633 2379 Sancta
675 2339 768 2394 per
808 2322 1124 2394 pontiﬁcem,
1185 2323 1373 2379 horum
1420 2340 1639 2395 corpora
1668 2341 1779 2379 cre-
1863 2345 1866 2349 ’

194 2422 409 2468 mantat
448 2422 599 2469 extra
627 2423 820 2468 castra.
871 2412 999 2468 Haec
1033 2413 1300 2482 quomodo
1337 2413 1405 2469 ad
1443 2413 1611 2469 Deum
1650 2430 1777 2485 per-

192 2502 407 2558 tineam
457 2503 592 2559 satis
617 2544 632 2569 ,
672 2511 732 2558 ut
761 2518 907 2569 reor,
963 2502 1162 2558 dictum
1194 2503 1444 2559 habetur.
1500 2502 1606 2561 Sed
1635 2503 1777 2574 'qnia

192 2593 310 2664 ipse
338 2604 499 2665 caput
527 2595 767 2663 omnium
808 2594 1134 2660 electorum,
1176 2609 1275 2665 per
1300 2609 1493 2650 carnes
1522 2595 1642 2652 illas
1663 2596 1778 2652 aui-

194 2686 416 2741 malium
457 2686 666 2757 possint
714 2684 938 2756 intelligi
967 2699 1155 2740 omnes
1180 2684 1340 2742 electi
1378 2686 1471 2755 qui
1502 2694 1654 2742 extra
1685 2702 1778 2742 ca-

191 2785 329 2847 atra,
370 2779 474 2834 hoc
498 2787 584 2834 est
604 2788 758 2833 extra
788 2778 1254 2834 conversationem
1281 2778 1626 2837 saecularium
1659 2795 1778 2835 car-

192 2871 398 2929 nalium
426 2872 521 2943 qui
542 2872 821 2928 hominum
853 2870 1230 2927 mortiﬁcando
1259 2873 1497 2927 membra
1527 2888 1625 2928 sua
1654 2888 1778 2935 cum

192 2966 342 3022 vitiis
370 2978 426 3021 et
451 2964 904 3036 concupiscentiis
929 3004 946 3031 ,
985 2964 1101 3020 sive
1123 2972 1394 3036 martyres
1438 2981 1538 3035 pro
1573 2965 1777 3022 Christi

194 3060 414 3117 nomine
464 3060 737 3116 sustinent
771 3061 952 3123 omnia
990 3060 1239 3124 adversa,
1285 3067 1338 3113 et
1367 3059 1578 3115 fervore
1604 3060 1777 3116 sancti

195 3151 429 3223 Spiritus
454 3151 670 3207 accensi
700 3159 1023 3207 consumunt
1053 3150 1109 3207 in
1144 3165 1207 3207 se
1254 3150 1515 3222 quidquid
1552 3149 1773 3206 ﬂuidum

193 3252 359 3313 atque
419 3241 765 3297 libidinosum
831 3241 1140 3307 invenitur,
1207 3242 1507 3311 ardentque
1571 3242 1775 3312 pariter

192 3348 382 3390 amore
432 3331 730 3389 dilectionis
768 3331 865 3388 Dei
892 3340 947 3387 et
997 3331 1227 3402 proximi
1289 3331 1585 3403 Dupliciter
1629 3332 1776 3391 enim

192 3431 588 3482 consumuntur
634 3431 787 3479 extra
834 3431 1043 3488 castra,
1103 3423 1217 3478 sive
1263 3423 1387 3478 dum
1446 3422 1776 3481 mortiﬁcant

193 3516 438 3573 membra
464 3530 563 3571 sua
603 3530 728 3573 cum
764 3512 913 3570 vitiis
938 3523 996 3570 et
1039 3512 1519 3583 concupiscentiis,
1548 3521 1610 3569 ut
1632 3513 1774 3571 dixi-

193 3627 338 3678 mus,
375 3612 488 3668 sive
521 3612 646 3668 dum
693 3610 762 3665 ad
811 3609 1115 3681 exemplum
1167 3609 1460 3666 Dominicae
1506 3610 1775 3681 passionis

191 3705 442 3776 martyrii
469 3703 706 3774 palmam
740 3705 994 3768 subeunt,
1014 3701 1167 3770 juxta
1197 3702 1343 3773 quod
1367 3702 1556 3759 beatus
1584 3702 1775 3759 Petrus

182 3797 445 3854 hortatur
485 3794 706 3851 dicens:
748 3792 986 3850 Christus
1014 3809 1200 3863 passus
1245 3801 1321 3846 est
1366 3808 1461 3862 pro
1487 3794 1656 3859 nobis,
1697 3810 1777 3848 re-

192 3886 435 3956 linquens
484 3883 628 3938 vobis
659 3882 973 3953 exemplum,
1002 3891 1059 3934 ut
1104 3882 1379 3951 sequimini
1405 3884 1617 3952 vestigia
1660 3884 1776 3952 ejus

199 3976 251 4047 (I
287 3974 431 4029 Petr.
483 3972 565 4045 ιι).
620 3973 853 4028 infertur
887 3972 1106 4038 sanguis
1141 3971 1353 4026 illorum
1399 3971 1540 4027 intra
1579 3972 1776 4029 Sancta

197 4079 299 4137 per
346 4064 681 4134 pontiﬁcem,
746 4063 875 4127 dum
920 4062 1133 4119 illorum
1170 4063 1281 4119 vita
1331 4062 1614 4120 laudabilis
1664 4063 1776 4121 Deo

195 4156 347 4213 Patri
387 4164 743 4227 praasentatur
773 4170 870 4225 per
895 4170 1083 4211 verum
1110 4153 1445 4211 sacerdotem
1476 4152 1660 4210 Jesum
1684 4155 1777 4225 qui

196 4256 283 4304 est
306 4248 602 4303 advocatus
637 4254 820 4303 noster
840 4244 1191 4315 interpellans
1218 4259 1317 4314 pro
1337 4243 1511 4299 nobis.
1542 4244 1612 4300 Et
1648 4261 1777 4315 con-

195 4354 332 4410 grue
360 4353 458 4408 pcr
504 4333 997 4407 sanguinenijuxta
1040 4336 1324 4405 accipitur,
1354 4336 1480 4405 quia
1525 4336 1635 4393 vita
1674 4337 1774 4393 ho—

194 4431 360 4495 minis
384 4429 437 4484 in
463 4429 724 4499 sanguine
746 4435 850 4483 est.
909 4426 1034 4482 Sive
1060 4426 1279 4497 sanguis
1302 4426 1519 4481 illorum
1546 4424 1777 4487 infertur

195 4523 253 4579 in
282 4520 501 4588 Sancta,
538 4522 664 4575 dum
695 4520 909 4577 illorum
934 4518 1128 4575 anima:
1176 4534 1297 4574 cum
1346 4519 1619 4591 triumpho
1645 4537 1771 4591 pas-

193 4617 368 4676 sionis
392 4616 458 4671 ad
486 4615 724 4671 caelestia
750 4614 1083 4671 deferuntur.
1118 4613 1260 4669 Bene
1284 4630 1497 4684 quoque
1537 4616 1590 4669 in
1616 4617 1771 4673 altari

192 4716 589 4769 consumuntur
636 4708 761 4779 quia
798 4708 979 4775 omnia
1016 4708 1120 4763 ista
1179 4708 1351 4763 sancti
1411 4716 1678 4780 martyres
1717 4711 1772 4771 in

190 4801 305 4860 ﬁde
343 4800 651 4873 adimplent,
706 4814 815 4870 qua
862 4813 919 4855 se
943 4798 1173 4855 credunt
1218 4814 1251 4853 a
1278 4798 1391 4855 Deo
1413 4801 1770 4856 remunerari.

190 4897 276 4957 De
317 4897 404 4961 his
445 4909 565 4966 qua;
593 4894 647 4948 in
685 4895 789 4957 hoc
814 4892 969 4953 altari
1002 4901 1406 4957 consecrantur,
1440 4909 1546 4949 non
1575 4894 1776 4953 habent

192 4994 520 5060 potestatem
559 4985 720 5041 edere
747 4982 839 5054 qui
886 4981 1230 5041 tabernaculo
1257 4983 1598 5051 deserviunt,
1633 4999 1773 5056 quo-

191 5078 346 5135 niam
371 5076 439 5131 ad
459 5090 524 5131 ea
548 5090 668 5146 quae
707 5074 879 5135 sancti
900 5083 1164 5145 martyres
1190 5074 1242 5126 in
1289 5073 1391 5129 ﬁde
1421 5074 1655 5144 perlecta
1685 5092 1773 5132 su.

195 5169 449 5227 stiuendo
490 5168 807 5237 adimplent,
858 5181 966 5223 non
1023 5165 1223 5222 audent
1268 5166 1529 5221 accedere
1577 5167 1630 5221 hi
1681 5170 1775 5239 qui

197 5259 489 5317 carnaliter
510 5259 719 5328 vivunt,
766 5268 822 5315 ct
867 5272 1053 5317 amore
1082 5256 1241 5325 hujus
1292 5257 1475 5329 seaculi
1526 5267 1777 5316 tenentur

194 5353 447 5409 astricti.-

274 5442 495 5514 Propter
532 5442 692 5511 quod,
720 5441 975 5499 subaudis
1010 5442 1326 5514 mysterium
1354 5441 1776 5514 adimplendnm,

182 5547 246 5617 let
271 5537 447 5603 Jesus,
477 5546 530 5590 ut
575 5535 927 5604 sanctiﬁcaret
950 5552 1042 5604 per
1068 5537 1376 5607 sanguinem
1418 5553 1572 5592 suum
1608 5556 1780 5610 popu-

195 5633 309 5687 lum
341 5631 394 5686 in
438 5645 499 5686 se
529 5630 859 5693 credentem,
884 5638 1033 5683 castra
1056 5639 1259 5698 portam
1296 5647 1483 5701 passus
1504 5640 1601 5685 est.
1629 5631 1784 5689 Sicut

190 5723 338 5781 liber
379 5722 789 5795 Evangeliorum
820 5728 1069 5787 testatur,
1119 5721 1341 5777 dicens:
1371 5723 1535 5778 Extra
1570 5734 1781 5797 portam

200 5813 537 5873 Hierusalem
566 5830 760 5891 passus
783 5822 868 5873 est
891 5814 946 5872 in
978 5815 1094 5872 loco
1123 5814 1532 5886 decollatorum,
1572 5819 1663 5891 qui
1690 5836 1783 5876 vo-

1868 1948 2239 2027 ksauctiticatio
2281 1960 2338 2006 et
2366 1950 2681 2021 redemptio.
2728 1951 2994 2019 Exeamus
3040 1958 3200 2028 igitur
3241 1960 3309 2014 ad
3343 1944 3489 2033 eum~

1865 2038 2025 2101 'eztra
2047 2051 2241 2105 castra,
2275 2041 2635 2112 despicientes
2653 2046 2967 2114 praesentia,
2981 2059 3229 2113 amantes
3254 2049 3458 2120 futura,

1877 2138 2282 2188 contemnentes
2331 2131 2563 2189 visibilia
2580 2173 2594 2199 ,

1876 2229 2098 2276 interna.
2132 2222 2389 2292 Sequitur
2420 2241 2433 2277 :

1951 2312 2076 2369 Non
2115 2315 2254 2370 enim
2295 2316 2544 2377 habemus
2591 2317 2679 2372 lue
2725 2331 3019 2379 manentem
3046 2323 3328 2393 ciuitatem,
3369 2328 3461 2390 sed

1876 2403 2112 2475 futuram
2142 2405 2474 2478 inquirimus.
2521 2406 2742 2467 Certum
2766 2417 2850 2465 est
2873 2411 3002 2481 quia
3046 2412 3103 2468 in
3127 2415 3233 2472 hoc
3261 2420 3463 2491 mundo
3492 2399 3496 2402 i

1876 2514 1984 2555 non
2010 2514 2294 2570 possumus
2321 2500 2523 2557 habere
2559 2502 2928 2561 habitaculum
2955 2513 3242 2574 aeternum,
3283 2524 3463 2581 neque

1877 2591 2150 2647 civitatem
2173 2605 2387 2663 semper
2414 2602 2744 2663 manentem,
2767 2596 3020 2666 quoniam
3033 2601 3266 2659 mundus
3287 2610 3464 2660 trans.

1874 2683 1976 2745 ibit
2017 2691 2074 2738 et
2118 2684 2559 2755 concupiscentia
2605 2687 2737 2754 ejus.
2818 2686 3156 2760 Quapropter
3208 2693 3465 2754 debemus

1878 2777 2099 2833 tendere
2129 2776 2357 2831 summis
2390 2777 2596 2834 nisibus
2621 2768 2691 2832 ad
2709 2779 2982 2841 civitatem
3026 2781 3300 2845 caelestem
3330 2785 3462 2843 Hie-

1876 2864 2134 2932 rusalcm,
2165 2880 2286 2935 qua:
2316 2866 2677 2923 habitatorem
2700 2868 2867 2926 habet
2908 2872 3095 2937 Deum,
3134 2874 3466 2937 aeternaliter

1875 2973 2312 3033 permansurum.
3178 2968 3181 2969 '
3452 3014 3453 3017 η

1946 3047 2055 3104 Per
2075 3050 2241 3120 ipsum
2272 3049 2436 3121 igitur
2462 3048 2741 3108 offerimus
2786 3036 3015 3111 hostiam
3057 3056 3233 3121 laudis
3265 3073 3467 3130 scurror

1876 3141 2009 3208 Deo,
2056 3141 2111 3196 id
2152 3152 2226 3197 est
2273 3142 2504 3215 fructum
2540 3141 2799 3199 labiorum
2854 3146 3213 3216 conﬁtentium
3267 3151 3467 3213 nomini

2665 2134 3036 2201 desiderantes
3096 2148 3155 2197 et
3210 2154 3460 2202 amantes

1798 3208 1846 3277 θ
1876 3234 2012 3304 ejus.
2040 3233 2147 3290 Per
2166 3208 2370 3306 ipsum,
2412 3234 2464 3290 id
2518 3242 2602 3290 est
2626 3234 2925 3304 Christum,
2949 3208 3232 3301 'debetuus
3268 3208 3469 3305 oli‘errs

1879 3330 1988 3385 Deo
2040 3328 2188 3384 Patri
2222 3327 2548 3385 sacrificium
2580 3328 2755 3386 laudis
2787 3338 2843 3385 et
2870 3332 3168 3402 gratiarum
3222 3338 3466 3396 actiones

1872 3437 1976 3496 pro
2003 3421 2258 3478 omnibus
2293 3422 2453 3478 bonis
2479 3423 2547 3479 ab
2577 3422 2671 3493 illo
2698 3425 2992 3496 perceptis.
3040 3426 3248 3489 Idcirco
3283 3439 3466 3503 autem

1877 3518 2172 3589 gratiarum
2222 3517 2468 3577 actiones
2504 3515 2742 3574 fructum
2791 3518 3057 3579 labiorum
3090 3531 3280 3590 vocat,
3335 3526 3465 3595 quia

1877 3608 2083 3664 eaedem
2114 3608 2413 3679 gratiarum
2448 3608 2691 3664 actiones
2720 3606 2956 3673 fructum
2980 3612 3327 3680 prtemiorum
3354 3631 3469 3674 me:

1876 3704 2084 3752 rentur.
2129 3690 2283 3753 Unde
2314 3696 2605 3768 Apostolus
2627 3697 2798 3766 dicit,
2841 3700 2968 3769 quia
3008 3717 3097 3763 ore
3116 3702 3175 3771 ﬁt
3210 3704 3468 3774 confessio

1879 3786 1947 3839 ad
1972 3784 2197 3840 salutem
2228 3784 2407 3857 (Rom.
2459 3786 2538 3858 χ).
2588 3785 2668 3841 illi
2714 3802 2842 3858 ergo
2880 3791 3116 3858 pecudes
3144 3791 3466 3862 offerebant,

1879 3890 1977 3929 nos
2002 3886 2183 3929 autem
2218 3876 2355 3930 nihil
2380 3877 2573 3933 horum
2600 3876 2901 3945 oderimus,
2948 3881 3044 3939 sed
3072 3882 3241 3943 solam
3269 3889 3467 3955 gratia-

1879 3981 1999 4020 rum
2025 3966 2292 4022 actionem
2319 3967 2428 4023 Dco
2455 3969 2649 4027 olIerre
2677 3970 2952 4039 debemus.
3006 3972 3084 4031 De
3112 3975 3216 4037 hoc
3253 3978 3465 4032 sacriﬁ-

1881 4056 1965 4113 cio
1995 4058 2125 4113 dicit
2167 4058 2451 4115 Psalmista
2484 4078 2495 4114 :
2525 4059 2755 4119 lmmola
2798 4062 2909 4118 Deo
2944 4066 3260 4137 sacriﬁcium
3289 4068 3466 4137 laudis

1880 4147 2055 4222 (Prol.
2083 4150 2255 4222 xux).

1950 4242 2313 4312 Beneﬁcentia:
2343 4254 2517 4299 autem
2569 4253 2620 4300 et
2663 4249 3041 4309 communionis
3075 4251 3233 4321 nolite
3288 4255 3467 4313 oblivi-

1878 4335 1973 4393 sci.
2009 4332 2221 4389 Talibus
2241 4335 2379 4389 enim
2410 4337 2594 4392 hostiis
2619 4350 2942 4409 promeretur
2969 4341 3132 4397 Deus.
3163 4345 3465 4417 Beneﬁcus,

1879 4425 2076 4483 dicitur
2100 4425 2262 4481 homo
2284 4425 2466 4498 largus
2488 4435 2542 4482 et
2561 4427 2917 4502 eleemosynis
2940 4433 3171 4492 deditus.
3204 4436 3330 4497 lude
3370 4442 3466 4498 be-

1878 4517 2165 4573 neﬁcentia
2195 4518 2392 4574 dicitur
2447 4520 2673 4593 largitas
2724 4523 3214 4598 eleemosynarum.
3255 4506 3466 4605 Βεηεβξ.

1879 4614 2081 4679 cautim,
2112 4612 2305 4683 inquit,
2334 4623 2382 4668 et
2416 4617 2796 4673 communionis
2824 4618 2982 4689 nolite
3018 4620 3268 4690 oblivisci,
3301 4626 3355 4687 id
3385 4639 3468 4687 est

1879 4702 2146 4773 largitatis
2209 4704 2710 4777 eleemosynarum,
2768 4718 2825 4765 et
2888 4716 3281 4774 communionis
3339 4724 3467 4791 (qua

1882 4798 2283 4855 communicare
2308 4809 2362 4855 et
2389 4801 2715 4875 participare
2757 4804 2966 4871 debetis
2993 4808 3115 4868 aliis
3139 4826 3206 4868 ex
3241 4813 3469 4871 faculta-

1883 4888 2027 4943 tibus
2053 4889 2269 4961 vestris)
2308 4890 2474 4947 uolite
2502 4891 2769 4951 oblivisci.
2801 4893 2861 4951 Si
2891 4895 2983 4953 alii
3005 4909 3211 4958 vestras
3240 4918 3468 4973 rapuere

1879 4978 2230 5046 substantias,
2256 4987 2433 5037 tamen
2462 4998 2531 5038 ex
2556 4983 2637 5040 eis
2662 5000 2797 5056 quas
2825 4987 3062 5059 habetis,
3093 4992 3467 5068 eleemosynas

1878 5075 2009 5131 dare
2045 5076 2212 5133 nolite
2256 5077 2526 5145 oblivisci,
2569 5081 2710 5137 sicut
2749 5081 3019 5154 Propheta
3063 5087 3195 5145 dicit
3227 5107 3240 5144 :
3271 5089 3466 5148 Beatus

1876 5168 1965 5245 qui
2002 5166 2240 5239 intelligit
2279 5186 2435 5242 super
2479 5187 2697 5242 egenum
2741 5185 2790 5231 et
2831 5192 3111 5248 pauperem
3148 5180 3320 5250 (Psal.
3351 5188 3463 5255 ιι).

1883 5255 2093 5313 Talibus
2119 5259 2259 5315 enim
2304 5261 2520 5329 liostiis',
2566 5272 2622 5319 et
2652 5257 2971 5325 muneribus
2996 5268 3464 5344 elcemosynarum

1878 5359 2202 5419 promeretur
2227 5351 2368 5409 Deus
2393 5355 2635 5427 adipisci.
2674 5356 2826 5415 Unde
2854 5359 2985 5416 dicit
3013 5364 3276 5435 prepheta
3306 5382 3322 5422 :
3361 5364 3468 5422 Mi-

1882 5445 2223 5507 sericordiam
2257 5447 2370 5502 volo
2397 5458 2445 5505 et
2472 5466 2576 5505 non
2622 5452 2942 5521 sacriﬁcium
2974 5453 3151 5529 (Osee.
3200 5458 3297 5532 vr).
3351 5458 3467 5520 Non

1878 5550 1967 5606 est
1994 5541 2414 5600 considerandus
2456 5560 2661 5616 pauper
2696 5548 2790 5618 qui
2818 5549 3031 5609 videtur
3064 5552 3335 5628 accipere,
3371 5560 3468 5615 sed

1886 5635 2065 5706 potius
2089 5635 2179 5707 qui
2198 5634 2357 5705 jussit
2380 5639 2527 5694 dare.
2557 5639 2913 5713 Eleemosyua
2940 5644 3085 5703 enim
3112 5660 3231 5721 qum
3242 5648 3467 5723 pauperi

1888 5726 2117 5798 largitur
2144 5726 2197 5781 in
2230 5735 2398 5794 terra,
2435 5744 2465 5784 a
2512 5730 2623 5786 Deo
2671 5731 2929 5801 recipitur
2975 5748 3034 5795 tn
3062 5740 3221 5798 cmlo.
3260 5740 3330 5797 Et
3354 5743 3465 5799 noli

1888 5818 2167 5881 attendere
2192 5820 2335 5892 quod
2366 5821 2470 5878 hoc
2508 5822 2602 5889 tibi
2626 5822 2696 5887 sit
2720 5825 3033 5889 redditurus
3058 5833 3205 5905 quod
3224 5834 3463 5906 accepit:
