3974 6478
1427 276 1566 292 μιν--
1609 280 1612 281 ν
1655 278 1693 290 \u

518 366 629 426 935

992 360 1350 424 HAYMONIS
1389 358 1875 419 HALBERSTAT.
1917 355 2134 415 EPISC.
2175 354 2329 413 OPP.
2369 354 2550 412 PARS
2587 356 2630 412 Ι.
2669 387 2741 399 -—
2777 353 3133 414 COMMENT.
3171 353 3358 411 BIBL.‘

3729 355 3831 412 956

520 486 582 538 tu
611 481 754 538 enim
784 490 981 538 terram
1011 481 1233 547 dedisti,
1291 479 1379 534 ille
1409 479 1607 536 coelum
1656 477 1866 543 reddet,
1917 484 2122 545 tcmpo—
2150 474 2204 537 Α
2227 468 2325 536 dit,
2361 486 2536 542 neque
2562 472 2782 526 damnat
2811 478 2955 542 quod
2993 471 3188 526 bonam
3216 467 3550 525 voluntatem
3583 479 3707 522 non
3734 467 3829 522 ha-

520 573 656 630 ralia
683 571 895 637 dedisti,
929 581 1130 626 aeterna
1163 571 1513 624 mercaberis.

595 661 812 717 Obedite
836 661 1128 731 prmpositis
1157 660 1338 713 vestris
1357 669 1404 713 et
1430 659 1694 730 subjacete
1723 660 1816 714 eis.
1852 659 2118 716 Obedien-

521 753 646 810 dum
699 761 783 807 est
827 752 1080 808 omnibus
1124 750 1363 821 praelatis
1407 761 1463 806 et
1519 751 1987 822 praedicatoribus,
2029 753 2116 807 in-

517 851 777 915 quantum
819 842 1066 897 doctrina
1115 850 1172 898 et
1223 857 1402 899 mores
1453 843 1667 900 illorum
1722 853 1906 900 sancte
1946 860 2001 900 et
2029 846 2118 915 pie

519 936 780 992 existunt.
833 933 892 990 Si
943 943 1124 991 autem
1166 951 1196 990 a
1246 938 1334 990 via
1370 937 1712 994 rectitudinis
1754 939 2115 1009 deviaverint,

517 1029 661 1082 sicut
689 1025 896 1086 Scriba:
921 1035 978 1082 et
1001 1026 1286 1092 Pharisaei,
1308 1043 1417 1083 non
1437 1026 1697 1084 faciamus
1721 1029 1902 1099 qualia
1929 1041 2112 1102 agunt,

515 1120 610 1176 sed
640 1118 823 1190 qualia
849 1118 1056 1186 dicunt,
1087 1119 1190 1174 nisi
1223 1116 1361 1174 forte
1393 1119 1446 1173 in
1484 1119 1589 1174 ﬁde
1613 1120 1874 1175 contrarii
1890 1121 2116 1177 exstite-

515 1211 644 1265 rint.
676 1209 812 1265 Nam
849 1209 894 1266 si
933 1211 988 1265 in
1015 1209 1122 1266 ﬁde
1151 1210 1406 1266 contrarii
1449 1211 1774 1278 exstiterint,
1803 1228 1908 1267 non
1939 1213 2111 1268 solum

512 1303 720 1364 vitandi
749 1312 896 1370 sunt,
955 1304 1049 1359 sed
1077 1305 1239 1360 etiam
1266 1304 1524 1376 fugiendi.
1568 1304 1638 1359 At
1669 1306 1714 1361 si
1743 1305 1881 1361 bene
1917 1307 2110 1364 docue-

512 1397 643 1460 rint,
686 1396 1117 1469 discrepaverint
1169 1406 1353 1452 autem
1408 1397 1650 1452 moribus
1682 1415 1709 1452 a
1741 1398 1982 1466 Christo,
2017 1416 2112 1454 au-

513 1485 724 1543 diamus
755 1503 880 1544 eum
910 1489 1179 1544 dicentem
1211 1489 1275 1544 de
1307 1488 1503 1544 talibus
1538 1490 1592 1543 in
1620 1505 1852 1560 persona
1891 1490 2110 1547 Scriba-

512 1594 634 1636 rum
668 1588 723 1637 et
753 1581 1185 1637 Pharisaeorum:
1240 1580 1412 1651 Super
1436 1583 1735 1636 cathedram
1769 1584 1941 1655 Moysi
1965 1586 2111 1640 sede-

514 1681 640 1726 runt
695 1671 894 1728 Scribae
942 1683 991 1727 et
1035 1656 1349 1728 Phariswii
1389 1675 1567 1728 omnia
1617 1691 1737 1746 ergo
1787 1693 2109 1747 quaecunque

510 1763 736 1818 dixerint
770 1764 912 1819 vobis
954 1775 1152 1820 servate
1192 1775 1241 1820 et
1279 1765 1459 1835 facite,
1485 1767 1770 1821 secundant
1792 1785 1908 1823 vero
1948 1786 2105 1841 opera

2221 561 2450 619 beamus
2478 580 2606 636 erga
2633 578 2748 619 vos.

2293 655 2533 725 Amplius
2557 667 2729 710 autem
2753 654 3006 725 deprecor
3028 670 3118 708 vos
3140 654 3236 708 hoc
3256 653 3448 723 facere,
3463 670 3573 725 quo
3602 652 3827 707 celerius

2220 747 2470 800 restituar
2507 747 2668 801 vobis.
2708 745 3012 801 Voluntatis
3053 745 3270 816 quidem
3317 761 3451 800 tneze
3501 755 3592 801 est
3641 747 3830 801 venire

2219 836 2288 892 ad
2315 853 2430 905 vos,
2457 839 2688 910 ideoque
2720 847 2930 896 attente
2968 839 3229 910 deprecor
3255 853 3352 894 vos
3373 853 3475 909 pro
3506 853 3600 893 me
3634 853 3823 905 orare.

2215 939 2279 985 ut
2306 932 2414 988 cito
2447 933 2777 990 desiderium
2800 948 2981 988 meum
3002 932 3290 1002 impleatur
3311 930 3570 987 veniendi
3603 931 3683 985 ad
3713 947 3823 988 vos.

2215 1022 2285 1078 Et
2307 1024 2778 1096 notandum_quod
2805 1025 2984 1096 primo
3007 1024 3313 1096 postulabat
3340 1025 3410 1078 ab
3439 1023 3528 1078 eis
3551 1024 3824 1079 orationis

2217 1115 2534 1190 suffragium
2587 1133 2652 1174 ac
2693 1117 2889 1174 deinde
2926 1131 3034 1172 non
3068 1115 3408 1186 simpliciter,
3437 1113 3541 1170 sed
3576 1124 3704 1168 tota
3745 1116 3822 1169 in-

2213 1211 2474 1276 tentione,
2500 1218 2555 1265 et
2583 1210 2734 1266 omni
2761 1225 2989 1282 prorsus
3011 1209 3192 1265 studio
3215 1209 3359 1280 piam
3380 1207 3708 1262 orationem
3731 1222 3822 1276 pm

2213 1299 2294 1356 eis
2323 1301 2391 1356 ad
2420 1301 2709 1357 Dominum
2738 1299 2936 1367 fundit,
2962 1300 3212 1370 inquiens
3246 1317 3258 1352 :

2282 1391 2424 1447 Deus
2465 1404 2642 1448 autem
2677 1394 2823 1463 pacis
2863 1394 2954 1465 qui
2978 1394 3160 1448 eduxit
3181 1394 3245 1447 de
3282 1393 3511 1447 mortuis
3555 1401 3818 1462 pastorem

2211 1498 2459 1553 magnum
2505 1485 2737 1539 omnium
2764 1486 2820 1538 in
2847 1486 3100 1556 sanguine
3134 1485 3434 1539 testamenti
3479 1485 3679 1538 aeterni
3718 1483 3816 1536 Do-

2210 1575 2410 1628 minum
2442 1586 2679 1630 nostrum
2705 1575 2889 1630 Jesum
2919 1575 3205 1631 Christum.
3249 1575 3397 1630 Deus
3429 1575 3596 1645 pacis
3637 1575 3741 1629 isto
3765 1574 3810 1627 in

2207 1662 2328 1719 loco
2351 1665 2673 1739 intelligitur
2692 1668 2836 1723 Deus
2861 1666 3024 1722 Pater
3051 1683 3081 1721 a
3109 1682 3214 1737 quo
3242 1683 3371 1723 vera
3398 1683 3516 1737 pax
3547 1668 3805 1736 procedit,

2209 1759 2301 1827 qui
2330 1767 2414 1813 est
2439 1768 2653 1813 amator
2677 1760 2851 1830 pacis,
2880 1769 2935 1815 et
2959 1760 3051 1828 qui
3084 1775 3185 1814 nos
3213 1759 3542 1829 paciﬁcavit
3581 1773 3684 1829 per
3705 1773 3806 1811 orn-

507 1853 723 1908 illorum
761 1855 917 1911 nolite
969 1857 1161 1927 facere.
1218 1857 1410 1932 Dicunt
1466 1859 1600 1912 enim
1654 1870 1703 1914 et
1755 1877 1858 1914 non
1899 1860 2096 1930 faciunt

2207 1848 2296 1903 nia
2327 1849 2429 1905 sibi
2460 1864 2558 1919 per
2579 1851 2896 1922 sanguinem
2941 1849 3064 1904 Filii
3107 1850 3210 1915 sui,
3249 1851 3367 1921 ipse
3393 1851 3604 1905 eduxit
3631 1864 3801 1922 pasto-

510 1947 726 2020 (Matth.
758 1949 897 2023 nt).
945 1949 1060 2022 Ipsi
1088 1952 1226 2006 enim
1265 1952 1596 2022 pervigilant,
1643 1953 1794 2022 quasi
1845 1955 2103 2008 rationem

505 2057 601 2112 pro
656 2043 934 2098 animabus
981 2045 1167 2098 vestris
1204 2044 1493 2109 reddituri,
1525 2053 1580 2097 ut
1617 2061 1734 2099 cum
1780 2045 1974 2116 gaudio
2003 2045 2101 2101 hoc

507 2133 706 2203 faciant
740 2144 787 2189 et
816 2152 919 2190 non
939 2145 1215 2206 gementes.
1251 2135 1512 2192 Omnibus
1542 2136 1760 2207 quidem
1785 2137 2024 2206 praelatis
2047 2148 2102 2194 et

504 2224 811 2295 praepositis
860 2226 1220 2283 obediendum
1277 2234 1393 2293 est,
1452 2227 1555 2283 nisi
1596 2227 1735 2284 forte
1786 2243 1816 2284 a
1872 2231 2102 2287 veritate

506 2312 632 2368 ﬁdei
669 2314 1082 2372 aberraverint:
1121 2317 1393 2388 praecipue
1432 2324 1611 2373 tamen
1665 2318 1772 2375 illis
1802 2320 1894 2390 qui
1924 2322 2100 2390 pervi-

505 2401 693 2474 gilant,
726 2405 828 2460 hoc
848 2413 932 2461 est
953 2405 999 2461 si
1031 2406 1149 2463 sine
1200 2407 1605 2463 intermissione
1630 2408 1855 2480 vigilant
1882 2410 1936 2464 in
1965 2425 2100 2480 prae-

505 2492 798 2561 dicatione,
830 2495 886 2550 in
912 2495 1056 2552 bono
1080 2498 1347 2568 exemplo,
1383 2507 1440 2553 et
1465 2514 1596 2554 cura
1629 2500 1960 2555 exteriorum
1994 2502 2100 2559 sol-

510 2582 648 2639 liciti
677 2586 998 2653 existentes,
1039 2587 1274 2657 qualiter
1299 2605 1398 2659 pro
1424 2589 1503 2645 eis
1547 2589 1811 2645 rationem
1851 2593 2097 2650 reddant.

506 2676 633 2733 Ideo
660 2679 861 2735 subditi
885 2681 1143 2737 debemus
1169 2698 1289 2738 esse
1313 2684 1554 2754 praelatis
1583 2686 1803 2754 nostris,
1829 2689 1922 2758 qui
1952 2690 2100 2746 solli-

507 2767 602 2822 citi
625 2777 750 2823 sunt
777 2771 844 2826 de
873 2772 1048 2840 nobis,
1094 2782 1279 2844 utpote
1303 2791 1402 2845 pro
1449 2777 1604 2832 nobis
1627 2781 1888 2836 rationem
1921 2783 2100 2838 reddi-

505 2862 638 2927 turi,
669 2870 727 2917 ut
751 2879 872 2919 cum
915 2866 1110 2937 gaudio
1148 2868 1250 2922 hoc
1281 2868 1500 2936 faciant,
1550 2879 1604 2926 et
1658 2889 1763 2928 non
1801 2885 2095 2945 gementes,

504 2952 561 3009 id
601 2962 704 3022 est,
757 2964 818 3011 ut
863 2973 986 3013 cum
1023 2959 1208 3016 laetitia
1260 2970 1314 3016 et
1351 2962 1626 3020 hilaritate
1678 2980 1864 3021 curam
1925 2970 2099 3026 nostri

504 3055 691 3116 agant,
719 3055 775 3103 et
807 3064 914 3105 non
941 3065 1065 3104 cum
1089 3067 1367 3108 murmure
1397 3061 1450 3108 et
1471 3055 1878 3124 perturbatione
1905 3059 2097 3126 animi,

502 3137 756 3208 quoniam
777 3137 1096 3209 plerumque
1119 3141 1258 3196 mala
1284 3145 1626 3200 conversatio
1646 3153 1702 3202 et
1729 3147 2098 3206 inobedientia

2206 1957 2323 1997 rem
2369 1959 2621 2014 magnum
2669 1945 2851 1998 ovium
2892 1944 2958 2000 de
2999 1945 3261 2010 mortuis,
3303 1944 3360 2000 id
3397 1952 3494 2000 est.
3535 1945 3608 2000 de
3641 1943 3798 2015 sepul-

2207 2049 2332 2099 cro,
2385 2035 2478 2104 qui
2523 2036 2672 2091 locus
2719 2036 2939 2106 proprie
2983 2036 3322 2092 mortuorum
3361 2045 3482 2100 est,
3545 2039 3795 2094 suscitans

2207 2125 2358 2182 illum
2383 2129 2540 2183 tertia
2566 2129 2672 2195 die,
2681 2129 2839 2199 juxta
2863 2130 3006 2200 quod
3029 2130 3142 2200 ipse
3163 2129 3334 2185 Filius
3361 2132 3793 2201 appropinquans

2204 2219 2445 2288 passioni
2469 2221 2683 2285 orabat,
2712 2220 2929 2277 dicens:
2958 2220 3140 2287 Pater,
3161 2221 3406 2291 clari/ica
3432 2221 3645 2276 Filium
3666 2233 3782 2275 ta-

2205 2309 2389 2381 (Joan.
2439 2313 2594 2385 xvn),
2625 2313 2680 2367 id
2725 2322 2830 2380 est,
2877 2314 3077 2369 suscita
3119 2313 3316 2369 Filium
3359 2323 3546 2370 tuum.
3577 2315 3644 2370 Et
3678 2313 3787 2384 quid

2205 2399 2337 2456 dicit
2367 2401 2540 2456 eidem
2576 2404 2718 2458 Deus
2761 2402 2924 2458 Pater
2947 2405 3000 2458 in
3029 2404 3276 2474 psalmo:
3316 2403 3592 2476 Exsurge,
3623 2405 3784 2474 glori:

2202 2507 2337 2558 mea,
2379 2510 2619 2564 exsurge,
2647 2493 2956 2565 psalterium
2988 2491 3160 2566 (Psal.
3185 2494 3294 2566 LVI)
3317 2537 3330 2560 ,
3371 2496 3432 2550 id
3475 2504 3551 2550 est
3590 2495 3774 2549 chorus

2203 2585 2443 2640 omnium
2491 2584 2773 2642 virtutum.
2821 2585 2918 2642 Cui
2959 2587 3168 2642 Filius:
3201 2588 3520 2660 Exsurgens
3571 2587 3784 2641 diluat.

2203 2675 2420 2747 (Ibid).
2447 2676 2592 2752 Deus
2608 2693 2737 2750 ergo
2757 2677 2921 2733 Pater
2941 2677 3338 2734 eduxitFilium
3371 2695 3540 2734 suum
3571 2679 3639 2733 de
3660 2693 3786 2733 mor-

2205 2769 2333 2835 tuis,
2370 2770 2474 2826 hoc
2501 2780 2587 2826 est
2619 2771 2686 2827 de
2712 2770 2927 2827 inferno
2957 2771 3040 2827 vel
3069 2771 3134 2826 de
3162 2772 3450 2844 sepulcro,
3475 2773 3638 2844 juxta
3664 2772 3788 2843 quod

2201 2860 2442 2930 psalmus
2473 2863 2827 2932 praedixerat:
2849 2863 2976 2918 Non
3000 2863 3149 2917 dabis
3175 2874 3421 2918 sanctum
3449 2874 3610 2918 tuum
3635 2865 3788 2919 videre

2204 2953 2591 3023 corruptionem
2635 2953 2811 3024 (Psal.
2843 2941 3082 3025 xv)."Et,
3113 2963 3173 3008 ut
3217 2954 3292 3009 ita
3342 2955 3644 3020 dicamus,
3692 2957 3792 3026 ipse

2201 3041 2373 3100 Filius
2419 3044 2705 3100 suscitavit
2755 3046 3103 3117 semetipsum
3151 3061 3248 3117 per
3284 3050 3608 3117 potentiam
3635 3050 3790 3104 verbi.

2205 3135 2342 3191 Nam
2391 3139 2536 3193 sicut
2581 3147 2692 3194 tota
2737 3139 2977 3195 Trinitas
3018 3140 3226 3195 creavit
3253 3140 3408 3195 illum
3437 3143 3722 3199 hominem
3748 3145 3793 3198 in

501 3229 866 3300 subjectorum
891 3231 956 3285 ad
983 3233 1401 3289 amaritudinem
1423 3246 1720 3306 provocant
1738 3240 1948 3296 animos
1967 3257 2096 3312 prae-

2203 3237 2361 3286 utero
2381 3231 2657 3302 virginali,
2686 3233 2761 3287 ita
2791 3241 2903 3289 tota
2925 3231 3167 3288 Trinitas
3195 3234 3386 3289 eduxit
3409 3235 3576 3291 illum
3607 3253 3639 3290 a
3670 3254 3795 3293 mor-

500 3319 756 3389 latorum,
803 3323 938 3380 adeo
989 3332 1049 3379 ut
1102 3327 1380 3397 segniores
1434 3337 1594 3399 atque
1641 3332 1912 3389 tristiores
1951 3335 2098 3391 circa

504 3414 808 3484 profectum
847 3415 1062 3472 illorum
1092 3419 1330 3474 existant
1361 3439 1376 3477 :
1424 3422 1540 3478 sive
1583 3425 1803 3481 obedire
1840 3425 2097 3485 debemus

500 3504 629 3573 illis,
659 3515 722 3562 ut
745 3507 800 3562 in
832 3507 921 3564 die
952 3509 1145 3580 judicii
1187 3527 1309 3566 cum
1357 3515 1552 3584 gaudio
1602 3532 1702 3587 pro
1751 3517 1908 3573 nobis
1932 3521 2096 3578 ratio-

498 3613 626 3654 nem
681 3599 912 3655 reddant
946 3603 1122 3657 securi
1169 3603 1235 3659 de
1270 3606 1530 3674 praemio,
1565 3615 1620 3662 et
1664 3623 1771 3664 non
1817 3620 2096 3682 gementes

501 3690 650 3745 anxii
689 3691 756 3746 de
785 3699 969 3747 nostra
1019 3692 1388 3752 damnatione.
1422 3696 1539 3752 Hoc
1590 3699 1726 3753 enim
1755 3716 1857 3755 non
1889 3705 2094 3774 expedit

498 3779 662 3844 vobis,
694 3779 952 3837 subaudis
981 3790 1041 3837 ut
1076 3783 1153 3837 illi
1206 3787 1470 3856 gemendo
1497 3803 1682 3842 curam
1707 3791 1873 3846 vestri
1911 3802 2092 3862 agant,

498 3872 583 3927 vel
610 3887 710 3944 pro
735 3874 886 3932 vobis
918 3875 1186 3933 rationem
1214 3895 1340 3935 cum
1380 3880 1597 3936 tristitia
1631 3883 1874 3939 reddant.

589 3969 752 4025 Orate
794 3989 890 4043 pro
948 3973 1115 4029 nobis.
1172 3973 1272 4032 llic
1326 3978 1635 4048 superbiam
1693 3980 2092 4054 elationemque

495 4067 697 4122 mentis
745 4069 1106 4137 quorumdam
1151 4070 1466 4141 pontiﬁcum
1513 4074 1777 4141 destruit,
1825 4077 1916 4148 qui
1963 4088 2092 4150 typo

494 4158 766 4229 superbia:
815 4158 987 4215 inﬁati
1045 4160 1408 4234 dedignantur
1452 4165 1732 4237 deprecari
1787 4184 1913 4225 suos
1962 4173 2092 4228 sub-

489 4249 697 4321 jectos,
724 4259 992 4320 quatenus
1033 4267 1133 4323 pro
1160 4255 1239 4309 eis
1268 4257 1542 4312 orationes
1587 4257 1836 4315 fundant.
1873 4260 1931 4317 Si
1961 4279 2090 4336 ergo

494 4339 586 4395 ille
619 4340 713 4410 qui
758 4341 826 4396 ad
867 4343 970 4399 hoc
999 4353 1224 4399 vocatus
1256 4356 1340 4400 est
1379 4362 1408 4400 a
1454 4349 1702 4415 Domino,
1733 4362 1790 4407 ut
1819 4354 2012 4411 doctor
2033 4365 2089 4412 et

495 4431 758 4504 magister
785 4434 1026 4489 omnium
1051 4436 1294 4504 gentium
1323 4438 1497 4503 ﬁeret,
1524 4455 1629 4496 non
1659 4451 1743 4497 est
1767 4443 2086 4516 dedignatus

492 4531 700 4594 petere,
730 4534 999 4594 quatenus
1022 4541 1122 4596 pro
1149 4527 1240 4582 illo
1271 4528 1498 4598 subjecti
1529 4531 1667 4601 ejus,
1693 4550 1830 4604 quos
1854 4537 2083 4594 Domino

2199 3323 2331 3389 tuis,
2372 3325 2627 3394 quoniam
2656 3324 3054 3380 indivisibiliter
3089 3337 3387 3396 operantur
3417 3328 3532 3384 illa:
3559 3339 3676 3386 tres
3692 3347 3798 3402 per-

2200 3431 2366 3473 sonae.
2417 3416 2646 3486 Magnus
2694 3426 2875 3474 autem
2903 3428 3090 3488 pastor
3113 3428 3196 3474 est
3225 3420 3495 3476 Dominus
3527 3421 3693 3479 Iesus
3717 3425 3796 3493 qui

2199 3509 2268 3564 ad
2302 3525 2503 3580 pascua
2533 3511 2691 3577 vitae,
2731 3519 2786 3566 et
2833 3526 3049 3566 amtena
3095 3521 3250 3582 prata
3295 3515 3542 3571 virentis
3568 3517 3796 3587 paradisi

2198 3617 2326 3658 suas
2347 3617 2478 3659 oves
2499 3603 2766 3674 perducit.
2799 3605 2919 3674 Ipse
2939 3613 3024 3660 est
3045 3613 3232 3675 pastor
3258 3606 3352 3675 qui
3376 3607 3525 3662 dicit
3549 3609 3609 3663 in
3640 3609 3796 3663 Evan-

2197 3694 2335 3763 gelio
2363 3707 2377 3747 :
2410 3693 2523 3764 Ego
2567 3711 2682 3749 sum
2725 3703 2906 3765 pastor
2957 3695 3121 3750 bonus
3171 3694 3356 3766 (Joan.
3399 3697 3483 3768 ι).
3514 3697 3671 3754 Oves
3698 3699 3798 3768 eius

2197 3798 2323 3844 sunt
2370 3790 2550 3857 electi,
2600 3791 2667 3847 de
2711 3791 2909 3861 quibus
2941 3791 3058 3862 ipse
3102 3791 3236 3848 dicit
3265 3811 3277 3846 :
3308 3791 3448 3848 Oves
3471 3812 3618 3852 mea
3640 3813 3797 3851 τοίω

2194 3898 2365 3936 meam
2395 3883 2618 3938 audiunt
2644 3892 2692 3938 et
2720 3892 3010 3958 sequuntur
3031 3900 3133 3949 me,
3159 3894 3208 3939 et
3232 3901 3327 3956 ego
3354 3886 3528 3941 vitam
3554 3900 3796 3944 (eterna

2194 3972 2262 4026 do
2289 3974 2364 4027 eis
2398 3973 2610 4046 (Ibid).

2264 4063 2415 4135 Aptet
2448 4081 2556 4131 vos,
2610 4065 2664 4120 id
2695 4072 2780 4122 est
2802 4076 3074 4137 praeparet
3097 4083 3219 4135 vos,
3240 4068 3648 4143 perfectosque
3687 4073 3797 4128 rai-

2172 4146 2284 4213 'dat
2305 4199 2320 4225 ,
2350 4159 2404 4213 in
2425 4160 2568 4213 omni
2591 4159 2746 4226 bono,
2769 4170 2824 4214 ut
2848 4161 3059 4231 faciatis
3082 4162 3405 4218 voluntatem
3431 4167 3587 4237 ejus,
3614 4170 3802 4238 facim

2191 4248 2248 4302 in
2279 4249 2422 4303 vobis
2445 4249 2585 4320 quod
2609 4249 2811 4321 placeat
2846 4268 3024 4306 coram
3047 4271 3102 4307 se
3132 4271 3226 4323 per
3263 4254 3454 4310 Iesum
3501 4257 3798 4318 Christus.

2189 4342 2278 4412 qui
2309 4352 2382 4396 est
2407 4342 2578 4413 gloria
2609 4343 2663 4398 in
2690 4343 2885 4398 sa'cula
2911 4345 3251 4400 surculorum.
3286 4348 3479 4402 Amen.
3512 4349 3696 4416 Deus,
3729 4353 3803 4404 ia-

2192 4431 2328 4502 quit,
2359 4433 2504 4502 pacis
2530 4443 2668 4504 aptet
2696 4450 2785 4489 vos
2805 4435 2859 4490 in
2891 4437 3034 4491 omni
3066 4437 3224 4504 bona,
3256 4439 3359 4493 hoc
3391 4448 3478 4495 est
3509 4441 3694 4498 faciat
3719 4459 3804 4497 vos

2190 4537 2346 4598 aptos
2386 4527 2440 4583 in
2477 4528 2582 4583 ﬁde
2609 4538 2793 4596 recta,
2829 4530 2882 4584 in
2911 4530 3188 4597 doctrina,
3223 4532 3278 4586 in
3312 4537 3658 4603 operatione
3685 4553 3801 4609 per-

495 4589 830 4684 acquisierat
854 4627 1096 4684 orarent,
1126 4629 1330 4689 quanto
1359 4625 1532 4693 magis
1556 4589 1804 4696 indigent
1835 4626 1974 4697 pleni
2005 4629 2081 4684 in-

2203 4619 2350 4685 Tecta,
2402 4629 2462 4676 ut
2511 4622 2730 4692 possitis
2765 4623 2880 4694 ejus
2915 4623 3233 4679 voluntatem
3267 4625 3572 4695 perﬁcere,
3605 4589 3804 4700 (04;!!!

493 4705 672 4772 vidia,
718 4708 931 4778 rapina,
985 4709 1213 4782 aliisque
1255 4714 1402 4770 vitiis
1435 4719 1700 4787 respersi,
1743 4719 2081 4779 orationibus

491 4796 861 4868 subiectorum
889 4801 1204 4859 subveniri?
1236 4805 1497 4876 Sequitur
1527 4826 1540 4862 :
1573 4805 1900 4878 Conﬁdimus
1939 4815 2080 4868 enim

489 4889 614 4962 quia
656 4889 842 4945 bonam
880 4894 1250 4949 conscientiam
1292 4895 1575 4964 habemus,
1603 4899 1658 4953 in
1690 4901 1930 4954 omnibus
1955 4902 2080 4958 bene

488 4978 714 5034 volentes
739 4985 1056 5038 conversari.
1098 4983 1430 5056 Culpabatur
1474 4987 1767 5059 Apostolus
1793 5007 1822 5046 a
1853 4990 2074 5062 Iudaeis,

488 5072 633 5140 quod
677 5088 783 5128 non
841 5073 1093 5146 diligeret
1139 5085 1356 5148 gentem
1411 5095 1598 5146 suam,
1633 5083 1773 5139 sicut
1819 5087 2079 5156 gentiles,

485 5162 718 5234 ideoque
773 5165 969 5222 blande
1015 5183 1080 5223 ac
1135 5169 1507 5240 deprecatorie
1562 5174 1856 5248 alloquitur
1909 5179 2093 5249 illos,

484 5255 782 5312 ostendens
812 5271 871 5314 se
896 5258 1095 5314 bonam
1134 5260 1470 5318 voluntatem
1497 5265 1702 5325 habere
1732 5270 1785 5324 in
1825 5272 2080 5328 omnibus

484 5346 822 5416 hominibus,
852 5351 957 5407 hoc
999 5360 1114 5420 est,
1144 5363 1198 5409 et
1237 5355 1290 5409 in
1340 5355 1538 5413 Iudaeis
1570 5371 1624 5416 et
1670 5363 1720 5417 in
1769 5364 2079 5434 gentilibus.

480 5435 838 5508 Conﬁdimus,
872 5441 1066 5512 inquit,
1111 5460 1210 5516 ego
1240 5462 1304 5501 ac
1350 5450 1482 5504 socii
1509 5453 1636 5520 mei,
1667 5453 1867 5508 bonam
1893 5456 2083 5513 volun-

482 5541 651 5590 tatem
683 5551 782 5592 nos
811 5537 1011 5595 habere
1060 5539 1113 5594 in
1158 5542 1411 5599 omnibus
1441 5546 1749 5602 hominibus
1769 5590 1783 5615 ,
1819 5549 1958 5606 bene
1989 5568 2082 5608 vo-

482 5621 661 5680 lentes
687 5629 999 5683 conversari
1031 5637 1141 5685 tam
1165 5630 1380 5689 Iudaeos
1414 5651 1577 5705 quam
1627 5638 1874 5708 gentiles.
1904 5640 2079 5700 Nolite

483 5714 695 5787 aliquas
741 5721 1118 5780 accusationes
1163 5735 1260 5780 aut
1295 5727 1720 5786 detrectationes
1790 5734 2076 5803 proferre,

483 5809 745 5878 quoniam
791 5813 1125 5870 conscientia
1157 5826 1344 5875 nostra
1380 5820 1622 5888 innullo
1649 5839 1748 5880 nos
1778 5828 2074 5898 reprehen-

2188 4711 2305 4782 ipse
2352 4712 2407 4767 in
2439 4713 2576 4767 vobis
2616 4714 2753 4785 quod
2791 4715 2997 4786 placeat
3048 4716 3144 4772 illi.
3187 4717 3235 4771 A
3278 4721 3439 4776 vobis
3484 4725 3646 4779 enim
3681 4724 3805 4780 nihil

2187 4806 2314 4862 boni
2345 4806 2546 4862 habere
2574 4808 2824 4878 potestis,
2855 4809 2958 4864 nisi
3001 4809 3094 4865 illo
3118 4813 3496 4882 pmveniente
3523 4827 3587 4872 et
3618 4818 3806 4874 subsr

2187 4906 2407 4968 quente,
2438 4897 2594 4968 juxta
2640 4901 2785 4971 quod
2831 4901 3074 4973 psalmus
3112 4915 3323 4973 exorat,
3365 4908 3569 4967 dicens
3598 4929 3616 4965 :
3656 4912 3805 4967 Mise-

2185 4989 2419 5043 ricordia
2450 4991 2564 5060 ejus
2595 4994 2871 5062 prteveniet
2908 5010 3012 5060 me,
3052 5004 3101 5049 et
3129 4997 3503 5054 misericordia
3530 5005 3660 5072 ejus
3689 5007 3808 5059 sub-

2185 5092 2429 5153 sequetur
2471 5099 2553 5138 me
2603 5082 2774 5157 (Psal.
2824 5087 2998 5160 Lvm).
3042 5089 3335 5159 Apostolus
3378 5107 3615 5166 quoque
3673 5100 3806 5154 alias

2187 5174 2357 5230 dicit:
2390 5174 2533 5230 Deus
2560 5185 2635 5231 est
2663 5178 2753 5248 qui
2777 5189 3026 5249 operatur
3060 5181 3115 5235 in
3151 5181 3300 5236 nobis
3338 5193 3388 5238 et
3419 5189 3579 5253 velle,
3601 5199 3660 5241 et
3694 5208 3809 5259 per-

2185 5268 2341 5338 ﬁcere
2383 5267 2641 5342 (Philipp.
2689 5272 2771 5341 ιι).
2821 5269 2948 5328 Haec
2993 5282 3172 5329 autem
3221 5277 3406 5331 omnia
3461 5293 3563 5362 per
3608 5281 3807 5338 Iesum

2187 5359 2481 5426 Christum,
2515 5362 2569 5416 in
2614 5362 2860 5419 oratione
2898 5365 3146 5435 perﬁcit,
3192 5369 3458 5437 quoniam
3487 5360 3614 5443 per
3651 5375 3810 5431 illum

2151 5532 2155 5536 .
2187 5454 2317 5510 facti
2359 5465 2520 5526 atque
2573 5457 2830 5528 redempti
2869 5474 3092 5514 sumus:
3126 5470 3180 5515 et
3210 5476 3308 5532 per
3339 5461 3494 5519 illum
3525 5468 3809 5540 quidquid

2187 5549 2316 5605 boni
2354 5551 2638 5616 habemus,
2669 5553 2824 5608 nobis
2851 5553 3314 5611 subministratur.
3357 5556 3464 5612 Cui
3489 5571 3565 5614 est
3594 5560 3811 5632 gloria,

2186 5642 2240 5697 id
2280 5651 2362 5698 est
2411 5644 2522 5698 Deo
2569 5644 2715 5698 Patri
2746 5653 2801 5699 et
2841 5643 2967 5701 Jesu
2996 5644 3246 5715 Christo,
3279 5648 3336 5702 in
3381 5651 3570 5705 omnia
3610 5651 3814 5711 futura

2184 5735 2398 5790 sa’cula.
2448 5738 2632 5791 Amen.
2677 5737 2849 5793 Amen
2892 5748 3070 5793 autem
3101 5739 3450 5799 conﬁrmatio
3477 5755 3560 5799 est
3593 5763 3715 5817 pro
3744 5764 3812 5806 eo

2185 5829 2329 5900 quod
2351 5836 2434 5901 est
2462 5827 2572 5903 ﬁat,
2604 5830 2688 5886 vel
2716 5830 2790 5886 ita
2822 5839 2905 5886 est
2933 5846 3119 5907 verum
3151 5840 3210 5888 ut
3238 5832 3390 5888 dixit.
