3974 6438
149 437 255 493 937

1003 423 1366 486 EXPOSlTlO
1401 425 1470 483 ΙΝ
1506 410 2002 482 APOCALYPSIN.
2041 452 2113 464 —
2147 421 2540 479 ΡΒΑΞΡΑΤΙΟ.

3305 419 3410 482 938

219 548 364 618 Rogo
386 555 560 601 autem
581 561 691 610 vos,
713 545 926 616 fratres,
949 553 1006 598 ut
1025 543 1293 613 sufferatis
1316 542 1521 598 uerbum
1533 539 1727 596 solatii.
1757 545 1809 605 Α
1835 536 2102 607 simulque
2125 536 2400 592 blanditur
2426 536 2534 602 eis,
2565 535 2693 591 dum
2735 534 3124 592 honorabiliter
3147 548 3242 592 eos
3270 536 3412 594 salu-

150 640 362 696 Eteuint
397 654 489 709 per
523 637 706 708 paucis
746 635 932 706 scripsi
979 634 1141 689 vobis.
1191 632 1328 688 Nota
1377 632 1523 702 quod
1565 639 1734 685 totam

150 729 447 803 Epistolam
471 743 639 783 unum
670 729 898 784 verbum
930 724 1220 796 appellavit
1243 737 1346 778 nec
1373 721 1510 777 dixit
1539 735 1553 775 :
1584 721 1734 789 Rogo

149 840 249 883 vos
270 831 329 877 ut
347 821 616 878 suﬁ'eratis
636 820 908 890 patienter
928 812 1586 878 verbum'admonitionis,
1606 811 1734 881 quia

149 914 524 988 pusillanimes
564 920 752 977 era-nt;
789 911 883 967 sed
913 909 1121 964 verbum
1146 906 1343 973 solatii,
1367 905 1470 961 hoc
1498 911 1581 959 est
1608 917 1732 988 ver-

149 985 280 1065 bum
317 1002 730 1067 consolationis,
771 1001 1106 1068 verbumque
1150 993 1565 1052 adhortationis.
1615 985 1734 1048 Non

150 1097 296 1153 enim
340 1094 534 1163 scripsi
581 1092 733 1147 vobis
762 1089 930 1145 multa
952 1129 967 1154 ,
1006 1087 1102 1143 sed
1131 1100 1324 1156 pauca,
1356 1084 1425 1139 ad
1448 1097 1736 1153 compara-

155 1189 354 1244 tionem
378 1186 591 1241 illorum
613 1198 734 1254 qua:
753 1182 906 1237 vobis
924 1180 1182 1244 dicerem,
1203 1178 1250 1233 si
1273 1190 1512 1246 praesens
1534 1189 1730 1242 essem,

153 1281 350 1335 timens
377 1277 530 1332 vobis
557 1277 710 1332 oneri
738 1291 879 1331 esse.

222 1369 531 1440 Cognoscite
559 1368 778 1437 fratrem
805 1374 1040 1421 nostrum
1077 1361 1407 1419 Timotheum
1435 1360 1734 1422 dimissum.

154 1459 470 1516 Timotheum
502 1457 852 1526 coepiscopus
877 1462 999 1509 erat
1025 1453 1170 1508 beati
1211 1450 1478 1525 Apostoli,
1505 1467 1560 1514 ει
1585 1455 1738 1526 adju-

152 1563 239 1609 tor
284 1553 341 1607 in
387 1551 804 1622 praedicatione,
835 1564 996 1619 quem
1036 1547 1169 1603 dicit
1198 1547 1486 1612 dimissum
1512 1570 1544 1610 a
1569 1569 1648 1620 se,
1685 1560 1740 1609 et

149 1645 222 1699 ad
249 1643 688 1714 praedicationem
718 1642 1009 1715 directum,
1038 1653 1152 1705 sive
1173 1649 1425 1714 Athenis,
1461 1647 1554 1702 ubi
1584 1646 1739 1702 illum

151 1737 427 1793 dimiserat
457 1734 707 1791 fortassis.
747 1732 1057 1813 Apostolus.
1089 1741 1279 1797 Potest
1307 1741 1473 1795 etiam
1515 1737 1740 1809 intelligi

147 1830 293 1900 quod
317 1828 374 1883 in
402 1843 626 1890 carcere
653 1843 918 1900 retentus,
953 1843 1080 1889 utne
1109 1833 1274 1889 fuerit
1301 1831 1575 1888 dimissus.
1604 1828 1738 1885 Cum

1834 638 1933 694 tat,
1959 636 2226 698 quatenus
2270 627 2767 684 animadverterent
2794 642 2853 683 se
2885 627 3031 698 diligi
3059 626 3128 683 ab
3153 627 3276 695 illo,
3303 643 3412 685 non

1831 721 1901 776 ad
1924 718 2160 784 oculum,
2195 718 2293 774 sed
2315 727 2374 773 et
2402 734 2472 775 ex
2501 727 2616 774 toto
2651 719 2849 774 mentis
2893 717 3105 774 affectu.
3158 717 3411 774 Salutant

1833 826 1920 865 vos
1959 809 2024 863 de
2054 807 2220 862 Italia
2261 807 2471 878 fratres.
2521 807 2878 879 Apertissime
2920 809 3006 864 his
3049 809 3232 866 verbis
3256 809 3413 868 nobis

1832 901 2009 957 innuit
2038 900 2166 972 quia
2194 899 2379 955 Roma:
2399 899 2542 958 hanc
2565 902 2850 974 epistolam
2881 902 3182 971 scripserit,
3207 916 3325 972 qua:
3355 901 3413 958 in

1833 994 2051 1064 regione
2080 991 2264 1047 Italica
2305 991 2413 1052 sita
2444 1003 2546 1060 est,
2579 1002 2634 1050 et
2658 994 2797 1050 sicut
2839 992 3150 1048 doctoribus
3179 993 3412 1059 videtur,

1829 1085 1888 1141 in
1916 1097 2134 1143 carcere
2162 1097 2282 1146 erat
2309 1097 2435 1143 tunc
2463 1086 2742 1156 temporis.

1902 1177 2092 1240 Gratia
2133 1200 2254 1238 cum
2300 1181 2538 1237 omnibus
2576 1178 2741 1234 vobis.
2786 1179 2969 1232 Amen.
3001 1177 3188 1233 Gratia
3216 1177 3415 1234 dicitur

1835 1278 2004 1350 gratis
2031 1277 2176 1332 data.
2208 1274 2409 1331 Gratia
2427 1281 2608 1328 autem
2633 1271 2851 1328 nomine
2874 1270 3130 1326 debemus
3159 1269 3247 1326 hic
3275 1269 3418 1326 acci-

1831 1384 1965 1442 pere
1987 1367 2150 1423 ﬁdem
2175 1365 2616 1437 perlectamcum
2637 1361 2985 1419 exsecutione
3006 1361 3269 1416 bonorum
3289 1374 3416 1430 ope-

1837 1475 1982 1527 rum,
2009 1457 2388 1515 remissionem
2414 1468 2630 1526 quoque
2657 1459 3024 1525 peccatorum,
3061 1464 3222 1520 quam
3251 1447 3421 1520 perci-

1837 1553 1994 1624 piunt
2022 1549 2181 1606 electi
2214 1556 2458 1618 tempore
2483 1544 2848 1616 baptismatis,
2880 1544 3080 1600 donum
3102 1542 3267 1597 etiam
3295 1538 3419 1609 Spi-

1833 1647 1976 1704 ritus
2004 1643 2202 1710 sancti,
2223 1643 2366 1714 quod
2388 1641 2546 1696 datur
2569 1649 2680 1696 tam
2705 1639 2760 1694 in
2787 1637 3111 1710 baptismate
3133 1648 3297 1706 quam
3321 1647 3419 1704 per

1838 1738 2240 1811 imposi-tionem
2265 1749 2458 1790 manus
2482 1733 2882 1804 episcoporum,
2904 1745 3024 1800 quae
3044 1727 3227 1784 omnia
3247 1725 3420 1797 gratis

1839 1847 1871 1887 a
1906 1833 2018 1887 Deo
2038 1829 2258 1886 dantur.
2289 1825 2424 1882 Orat
2449 1840 2580 1897 ergo
2606 1823 2895 1892 Apostolus
2926 1829 2987 1876 ut
3005 1820 3111 1875 ista
3135 1818 3318 1874 omnia
3343 1815 3422 1872 illi

147 1937 276 1998 quo,
301 1921 358 1982 id
387 1936 472 1983 est
492 1944 618 1982 cum
648 1928 953 1992 TimOtheo,
983 1927 1031 1981 si
1050 1927 1268 1980 celerius
1294 1925 1488 1980 uenerit
1513 1923 1583 1978 ad
1622 1939 1734 1990 vos,
1764 1919 1812 1980 B
1838 1920 2035 1990 quibus
2065 1918 2341 1976 scribebat
2380 1915 2743 1986 possiderent.
2777 1912 3008 1969 Oremus
3033 1917 3089 1966 et
3114 1924 3212 1998 nos
3240 1906 3421 1998 Domi-

147 2019 334 2072 m’debo
384 2034 494 2074 uos.
547 2019 938 2074 Mansuetiores
975 2032 1070 2074 eos
1106 2017 1217 2072 vult
1259 2016 1514 2082 reddere,
1557 2013 1740 2070 dicens

150 2119 488 2176 separa-tum
514 2109 582 2164 ad
613 2124 711 2164 eos
740 2109 944 2164 venire.

225 2198 468 2253 Salutate
489 2216 665 2254 omnes
687 2201 991 2270 prapositos
1017 2207 1213 2254 vestros
1235 2207 1281 2252 et
1301 2213 1480 2252 omnes
1506 2204 1734 2250 sanctos.

155 2285 311 2342 Sicut
339 2288 668 2358 generaliter
695 2288 952 2343 omnibus
995 2287 1237 2343 Hebraeis
1271 2287 1409 2341 hanc
1454 2284 1736 2357 epistolam

150 2379 477 2448 scripserat,
503 2379 577 2434 ita
606 2379 930 2451 generaliter
950 2393 1146 2433 omnes
1174 2377 1345 2432 salute
1372 2375 1555 2446 vigere
1579 2382 1736 2444 opta-

146 2464 272 2534 bat,
291 2483 395 2523 non
422 2469 591 2524 solum
614 2468 887 2538 praelatos,
912 2468 1009 2522 sed
1034 2467 1198 2522 etiam
1225 2480 1413 2520 omnes
1440 2462 1736 2532 subjectos,

151 2574 297 2630 quos
317 2569 533 2617 sanctos
549 2570 728 2626 vocat,
749 2561 875 2632 quia
895 2561 1068 2616 sancti
1081 2558 1301 2615 fuerant
1320 2559 1374 2615 in
1388 2558 1733 2629 baptismate,

1836 2026 1972 2066 num
2012 2011 2106 2082 pia
2154 2008 2582 2080 supplicatione,
2634 2011 2902 2074 quatenus
2953 2015 3051 2072 per
3104 1996 3444 2066 suifragium-

1835 2105 2040 2177 egregii
2061 2104 2143 2159 sui
2164 2101 2405 2174 Apostoli
2428 2101 2622 2156 horum
2644 2111 2931 2153 numerum
2955 2107 3054 2149 nos
3077 2103 3420 2162 possessores

1835 2195 1894 2250 in
1932 2193 2190 2266 praesenti
2232 2180 2454 2257 elliciat,
2484 2190 2752 2258 iidemque
2778 2200 2942 2258 quam
2967 2183 3149 2239 docuit
3180 2181 3419 2252 integer-

1839 2285 1978 2340 rime
2023 2284 2424 2349 custodientes,
2456 2282 2719 2352 bonisque
2759 2278 3014 2350 operibus
3059 2281 3418 2336 exornantes,

1834 2379 1907 2434 ad
1934 2377 2445 2448 contemplationem
2468 2388 2716 2445 superna:
2743 2369 2990 2437 visionis,
3016 2367 3235 2424 Christo
3261 2365 3417 2429 duce,

1833 2472 2143 2541 pertingere
2177 2483 2502 2525 mereamur.
2531 2466 2724 2521 Amen.

1205 2699 3409 2738 Mn
2635 2723 3154 2738 ____.__._...

1135 2723 2846 2738 ...Μήνη

161 2726 1202 2768 ἔπει-π

1208 2893 2372 3043 HAYMONIS

1264 3161 1922 3222 HALBERSTATENSIS
1956 3156 2263 3218 EPISCOPI

419 3352 1203 3518 EXPOSI’1‘IONIS
1310 3347 1445 3509 IN
1549 3349 1782 3508 ΔΡθι

1843 3343 2342 3504 ALYPSIN
2446 3343 2557 3501 B.
2650 3338 3154 3526 ,JOANNIS

1391 3627 1666 3711 LIBRI
1745 3627 2177 3708 SEPTEM.

496 3791 671 3854 (quta
687 3792 959 3843 editionem
976 3789 1140 3840 datam
1151 3786 1370 3839 Coloniae
1394 3795 1522 3836 anno
1539 3783 1684 3846 1531,
1697 3781 1827 3847 apud
1847 3781 2166 3844 Euchariutn,
2181 3785 2474 3846 procurante
2495 3777 2758 3834 Godefrido
2779 3774 3067 3841 Hittorpto.)

961 4015 1715 4134 HAYMONIS
1802 4013 2600 4132 PREFATIO.

225 4312 479 4384 Legimus
526 4311 580 4366 in
625 4307 1005 4365 Ecclesiastica
1057 4307 1284 4363 historia
1325 4305 1545 4364 beatum
1582 4308 1744 4368 Ioan-
1770 4311 1818 4376 C
1845 4308 2084 4380 phetiam
2128 4313 2187 4362 et
2230 4320 2350 4362 eam
2391 4319 2511 4376 qua:
2550 4302 2788 4362 revelata
2835 4312 2918 4360 est
2963 4313 3088 4362 ante
3130 4305 3422 4365 adventum

151 4422 282 4466 stem
322 4420 353 4459 a
403 4402 706 4458 Domitiano
751 4400 1070 4470 impiissimo
1116 4399 1333 4455 (lassare
1381 4400 1438 4455 in
1481 4399 1739 4457 Pathmos

152 4495 390 4556 insulam
447 4493 765 4564 relegatum,
824 4491 1017 4548 exsilio
1079 4490 1459 4560 deportatum,
1522 4491 1741 4550 metallo

155 4591 474 4646 damnatum
515 4586 585 4640 ob
622 4583 1043 4654 insuperabilem
1081 4581 1358 4654 Evangelii
1405 4583 1742 4654 praedicatio-

154 4697 310 4748 nem,
339 4689 398 4734 ut
424 4679 498 4733 ibi
534 4677 757 4733 forsitan
787 4685 996 4732 secreta
1030 4692 1390 4742 marmorum,
1420 4676 1506 4731 vel
1536 4685 1742 4733 terram

151 4775 386 4838 foderet,
427 4781 521 4826 aut
571 4771 656 4825 his
700 4770 966 4826 similibus
994 4770 1278 4841 praeceptis
1298 4769 1601 4824 deserviret
1631 4769 1737 4824 im-

151 4862 475 4935 perialibus,
501 4861 640 4917 sicut
668 4859 897 4931 legimus
931 4860 1135 4916 factum
1168 4861 1219 4914 in
1247 4860 1592 4931 passionibus
1612 4875 1738 4915 san-

154 4967 374 5013 ctorum
426 4963 748 5025 martyrum.
807 4952 908 5009 Ubi
965 4962 1170 5023 quanto
1221 4952 1397 5024 magis
1448 4954 1742 5024 putabatur

154 5049 355 5104 vinciri
391 5048 634 5104 custodia
665 5047 923 5111 humana,
959 5052 1107 5101 tanto
1136 5045 1311 5117 magis
1349 5055 1522 5102 metas
1551 5047 1741 5103 huma-

158 5141 350 5197 nitatis
375 5141 786 5204 transcendens,
817 5139 1019 5195 meruit
1044 5140 1226 5195 videre
1254 5139 1516 5194 cmlestia.
1559 5139 1627 5194 Et
1653 5140 1740 5195 cui

156 5243 310 5288 certa
338 5232 675 5303 negabantur
709 5231 883 5301 spatia
918 5239 1186 5298 terrarum
1215 5231 1498 5298 excedere,
1529 5240 1740 5287 secreta

155 5331 290 5380 sunt
330 5337 587 5380 concessa
632 5332 924 5394 penetrare.
952 5324 1216 5381 cmlestia.
1246 5324 1310 5378 Et
1345 5333 1548 5394 quanto
1567 5324 1740 5394 magis

157 5412 564 5470 destitutus'est
599 5415 837 5471 humano
881 5416 1096 5482 solatio,
1143 5423 1293 5472 tanto
1325 5416 1376 5472 ei
1406 5415 1578 5472 adfuit
1604 5416 1739 5473 divi.-

159 5520 314 5560 num.
343 5505 528 5576 ibique
548 5505 746 5562 meruit
772 5505 956 5562 videre
984 5508 1122 5565 hanc
1146 5509 1486 5579 prophetiam
1511 5509 1574 5564 de
1594 5516 1738 5565 statu

157 5599 445 5669 pratsentis
494 5607 552 5656 et
597 5597 792 5654 futurae
829 5599 1107 5668 Ecclesiae,
1147 5617 1268 5673 quae
1313 5602 1454 5658 inter
1502 5601 1739 5673 reliquos

1845 4401 2078 4467 Domini,
2101 4408 2302 4471 quanta
2327 4398 2580 4455 distantia
2623 4405 2710 4453 est
2737 4396 2878 4453 inter
2907 4412 3124 4454 servum
3152 4407 3210 4454 et
3255 4399 3428 4457 domi-

1841 4511 1990 4560 num,
2016 4494 2157 4548 inter
2180 4493 2351 4563 legem
2388 4501 2442 4546 et
2472 4489 2846 4561 Evangelium,
2879 4490 3021 4546 inter
3047 4489 3218 4547 Deum
3241 4502 3297 4548 et
3327 4494 3425 4550 ho-

1842 4587 2043 4643 minem
2078 4604 2089 4639 :
2123 4585 2248 4656 quia
2280 4584 2423 4655 quod
2445 4583 2520 4638 illi
2543 4582 2839 4639 cernebant
2866 4597 2898 4636 a
2928 4582 3086 4653 longe
3109 4591 3420 4654 venturum,

1843 4681 1946 4736 hoc
1976 4679 2076 4734 iste
2104 4678 2214 4746 jam
2245 4691 2310 4730 ex
2331 4687 2486 4748 parte
2513 4675 2749 4731 maxima
2777 4674 2978 4730 factum
3006 4683 3063 4730 et
3089 4675 3144 4732 in
3163 4679 3423 4748 prasenti

1841 4771 2148 4828 faciendum
2220 4768 2476 4824 ostendit.
2537 4766 2673 4822 Nam
2735 4767 2877 4823 sicut
2928 4766 3123 4824 beatus
3183 4767 3425 4826 Joannes

1842 4864 2081 4936 Baptista
2117 4862 2323 4917 idcirco
2367 4859 2542 4930 major
2581 4859 2808 4914 habetur
2836 4858 3090 4914 omnibus
3117 4859 3422 4930 prephetis,

1841 4954 1968 5025 quia
1989 4967 2148 5024 quem
2178 4951 2251 5007 illi
2279 4951 2667 5022 prtedixerunt,
2690 4950 2790 5005 iste
2817 4950 2988 5021 digito
3007 4949 3421 5020 demonstravit,

1843 5045 1918 5101 ita
1957 5053 2013 5099 et
2055 5044 2173 5098 haec
2213 5041 2497 5114 prophetia
2543 5040 2716 5111 major
2752 5048 2836 5095 est
2858 5040 3151 5096 omnibus:
3193 5041 3320 5114 quia
3355 5058 3422 5100 ea

1841 5153 1962 5210 quae
1982 5137 2203 5206 antiqua
2247 5133 2534 5191 revelanda
2568 5133 2817 5204 praedixit
2847 5133 3152 5204 prophetia,
3178 5135 3295 5191 hac
3330 5150 3422 5190 re-

1841 5231 2017 5288 velata
2041 5228 2295 5286 ostendit.
2322 5227 2380 5284 ln
2401 5229 2504 5284 hac
2532 5235 2713 5282 autem
2739 5226 3068 5282 revelatione
3092 5221 3227 5282 nihil
3252 5227 3424 5284 histo-

1842 5324 2016 5380 ricum
2041 5332 2124 5380 est
2151 5321 2546 5392 accipiendum,
2573 5321 2718 5391 quod
2756 5319 2870 5390 ipsa
2900 5320 3086 5384 verba,
3125 5319 3169 5375 si
3210 5320 3423 5376 subtili-

1842 5425 1926 5471 ter
1953 5415 2336 5486 inspiciuntur,
2360 5415 2556 5470 docere
2581 5413 2902 5484 probantur.
2927 5411 3112 5482 Neque
3136 5413 3278 5466 enim
3319 5411 3424 5466 hoc

1841 5507 1958 5564 ﬁeri
1993 5514 2191 5578 potest,
2220 5514 2280 5560 ut
2300 5519 2473 5576 pauca
2501 5520 2534 5561 e
2560 5503 2744 5559 multis
2771 5501 3036 5564 dicamus,
3062 5501 3204 5570 quod
3226 5500 3426 5556 viderit

1841 5601 2112 5659 veraciter
2139 5613 2308 5669 equos
2337 5600 2392 5653 in
2419 5597 2650 5664 visione,
2692 5609 2922 5666 quorum
2962 5607 3282 5649 ascensores
3327 5593 3426 5648 ba-

157 5687 298 5751 Novi
346 5689 674 5747 Testamenti
713 5690 886 5748 libros
914 5693 1198 5763 prophetia
1233 5695 1565 5761 nominatur,
1597 5695 1739 5752 sicut
1767 5677 1821 5738 Π
1845 5695 2035 5752 herent
2065 5692 2263 5748 loricas
2288 5690 2474 5761 igneas
2500 5697 2557 5744 et
2581 5687 2958 5760 byacintbinas
2985 5694 3042 5741 et
3080 5685 3423 5756 sulphureas.

158 5780 219 5837 in
241 5783 588 5854 sequentibus
625 5784 824 5840 dicitur
861 5801 876 5838 :
919 5782 1115 5840 Beatus
1141 5787 1232 5856 qui
1270 5785 1392 5857 legit
1419 5786 1574 5842 verba
1611 5804 1737 5858 pro-

156 5875 349 5945 phetiae
369 5876 548 5948 hujus.
572 5873 678 5930 Sed
711 5882 860 5930 tanta
895 5875 1150 5932 distantia
1174 5885 1257 5933 est
1278 5878 1418 5934 inter
1447 5880 1586 5934 hanc
1612 5893 1731 5949 pro-

601 5971 856 6032 Parnm.
920 5969 1172 6033 CXVII.
1279 6053 1287 6057 _

1846 5787 1970 5842 Tria
2000 5799 2231 5854 namque
2261 5796 2458 5855 genera
2507 5780 2777 5836 visionum
2805 5788 2988 5850 patres
3019 5777 3188 5834 nostri
3229 5777 3428 5833 intelli-

1847 5879 2017 5952 genda
2050 5878 2304 5934 dixerunt
2354 5894 2366 5930 :
2414 5874 2648 5946 primum
2691 5873 2899 5930 scilicet
2945 5871 3246 5944 corporale,
3285 5870 3426 5930 sicut

2906 5967 2984 6028 3i)
