3974 6448
140 455 239 513 941

1097 456 1454 514 EXPOSITIO
1495 452 1558 509 IN
1598 447 2086 507 APOCALYPSiN.
2126 480 2193 489 —
2231 450 2356 505 [ΑΒ.
2399 450 2438 504 l.

3294 452 3398 507 942

135 579 302 644 ditur,
339 575 586 634 ﬁdelibus
630 577 918 650 aperitur.‘
932 577 1049 636 Non
1090 581 1233 638 enim
1257 589 1478 652 propter
1515 575 1704 632 ﬁdeles
1736 575 1783 635 Α
1815 571 1962 632 vidit,
1991 569 2503 640 subintelligendum
2535 578 2622 626 est
2649 585 2984 642 quacunque
3013 573 3082 628 de
3109 573 3395 634 incarnato

135 684 342 734 servos,
389 671 485 726 sed
529 680 750 742 propter
786 672 933 728 fures
974 679 1030 727 et
1079 673 1317 728 latrones
1361 673 1559 727 divitia
1602 675 1703 728 sub

135 760 414 834 slgnaculo
439 761 778 817 clauduntur.
818 761 924 818 Sed
951 763 1176 818 dicendo
1208 777 1357 834 ergo,
1390 762 1712 834 signiﬁcavit

136 864 192 912 et
221 854 527 911 inﬁdelibus
561 854 760 920 claudi,
801 864 856 910 et
887 855 1129 911 ﬁdelibus
1165 855 1394 926 spiritali
1449 856 1720 911 exercitio

135 948 320 1004 docuit
345 946 562 1018 aperiri.
593 947 750 1003 Unde
773 957 830 1003 et
856 947 1064 1002 Danieli
1099 947 1301 1002 dicitur
1333 965 1346 1001 :
1399 945 1556 1012 Vade,
1586 947 1711 1017 quia

133 1038 306 1095 clausi
363 1048 485 1094 sunt
527 1039 818 1110 signatique
867 1055 1128 1094 sermones
1175 1056 1336 1110 usque
1381 1039 1450 1092 ad
1507 1047 1710 1109 tempus

131 1132 452 1204 pneﬂnitum
502 1131 662 1204 (Dan.
713 1131 835 1203 xu).
893 1131 1106 1187 Mittens
1143 1149 1235 1202 per
1271 1130 1515 1202 angelum
1556 1147 1712 1185 suum

131 1246 279 1285 servo
301 1246 394 1314 suo
423 1229 640 1284 Joanni.
665 1229 770 1285 Iste
791 1229 1017 1299 angelus
1042 1228 1095 1284 in
1122 1227 1291 1299 ﬁgura
1314 1226 1516 1284 Christi
1545 1242 1709 1297 appa-

130 1322 244 1377 ruit
266 1321 426 1377 beato
451 1321 662 1389 Joanni,
713 1323 839 1394 quia
881 1322 1024 1379 enim
1053 1337 1177 1378 cum
1219 1321 1382 1377 Patre
1419 1330 1473 1378 et
1506 1319 1712 1399 Spiritu

130 1418 325 1467 sancto
348 1410 519 1466 Filius
536 1427 683 1468 .unus
711 1419 795 1467 est
820 1413 986 1478 Deus,
1019 1411 1202 1468 omnia
1232 1412 1502 1477 revelans,
1525 1411 1712 1480 utique

127 1511 187 1558 et
223 1503 473 1574 angelum
502 1502 652 1558 illum
691 1503 951 1575 replevit;
993 1512 1154 1572 atque
1188 1503 1241 1557 in
1273 1502 1376 1558 illis
1412 1503 1574 1557 corde
1609 1502 1709 1556 ha-

126 1594 342 1661 bitans,
392 1610 489 1666 per
539 1611 661 1652 eum
703 1596 916 1654 locutus
961 1606 1043 1652 est
1088 1595 1304 1652 Joanni.
1359 1595 1478 1667 lpse
1528 1604 1710 1650 autem

125 1688 366 1745 Joannes
392 1689 616 1760 ﬁguram
643 1689 899 1746 Ecclesiae
928 1699 1095 1756 tenet,
1121 1690 1259 1746 sicut
1282 1690 1336 1744 in
1363 1689 1710 1759 sequentibus

125 1782 452 1838 videbimus.
502 1781 599 1837 Cui
641 1782 890 1839 Christus
916 1783 1081 1854 (sicut
1120 1783 1324 1839 dictum
1362 1783 1465 1853 est)
1509 1797 1616 1836 non
1656 1781 1710 1835 in

124 1889 226 1929 sua
252 1881 466 1937 natura,
513 1874 610 1929 sed
654 1890 751 1945 per
788 1875 1042 1947 angelum
1087 1877 1362 1947 apparuit,
1413 1874 1553 1931 sicut
1579 1874 1709 1929 olim

1815 661 1908 716 Dei
1939 659 2132 725 Verbo,
2161 661 2274 715 sive
2317 661 2373 715 in
2418 661 2736 729 divinitate,
2787 662 2903 717 sive
2955 663 3010 717 in
3057 665 3393 724 humanitate

1813 754 2082 824 cognovit.
2134 752 2293 807 Aliud
2332 768 2462 808 vero
2505 755 2638 809 vidit
2681 755 2852 811 oculis
2899 758 3198 827 corporeis,
3231 768 3394 831 atque

1814 846 1959 901 aliud
1987 845 2158 901 oculis
2179 844 2379 901 mentis
2407 859 2421 898 :
2446 846 2617 901 oculis
2638 849 2834 903 mentis
2859 848 2992 904 vidit
3030 850 3390 920 divinitatem,

1813 938 1984 994 oculis
2004 938 2282 1008 corporeis
2301 938 2714 994 humanitatem.
2744 939 2886 995 Vidit
2915 955 3039 996 eum
3063 950 3190 998 ante
3209 946 3393 1000 omnia

1814 1029 2009 1084 saecula
2039 1044 2070 1083 a
2102 1027 2266 1083 Patre
2289 1028 2552 1099 genitum,
2597 1044 2718 1085 cum
2745 1030 2906 1087 Patre
2945 1033 3126 1088 omnia
3173 1033 3388 1091 fecisse.

1814 1119 1959 1174 Vidit
1996 1119 2051 1174 in
2097 1119 2205 1176 ﬁne
2233 1125 2533 1190 temporum
2563 1128 2748 1174 natum
2783 1136 2849 1175 ex
2883 1132 3057 1178 matre
3077 1140 3177 1194 pro
3203 1135 3396 1182 nostra

1813 1210 2005 1276 salute,
2038 1210 2232 1266 deinde
2277 1225 2515 1279 passum,
2547 1225 2578 1264 a
2616 1211 2767 1281 justo
2796 1211 3014 1268 homine
3039 1216 3325 1284 sepultum,
3358 1206 3391 1272 a

1811 1303 2041 1358 mortuis
2084 1302 2484 1368 resuscitatum,
2529 1313 2690 1373 atque
2723 1303 2774 1358 in
2809 1304 3031 1360 dextera
3055 1307 3233 1362 Patris
3258 1309 3388 1364 sub-

1811 1394 2068 1460 levatum,
2102 1395 2294 1450 deinde
2323 1395 2389 1449 ad
2411 1392 2674 1464 judicium
2703 1405 3004 1452 venturum.
3038 1397 3185 1454 Vidit
3207 1400 3393 1472 itaque

1812 1486 1926 1540 haec
1946 1486 2151 1548 omnia,
2183 1496 2238 1540 et
2260 1486 2626 1542 testimonium
2649 1488 2942 1556 perhibuit,
2966 1498 3021 1544 et
3041 1491 3245 1547 scimus
3263 1494 3393 1563 quia

1810 1591 1998 1632 verum
2018 1586 2101 1633 est
2126 1580 2490 1634 testimonium
2520 1579 2656 1650 ejus.
2685 1578 2790 1635 Sed
2811 1582 2952 1652 quod
2981 1583 3109 1638 fecit
3131 1582 3390 1652 Joannes,

1810 1669 1913 1725 hoc
1941 1671 2104 1724 etiam
2136 1670 2267 1725 facit
2302 1672 2540 1742 quotidie
2581 1673 2845 1741 Ecclesia,
2894 1673 3048 1743 cujus
3087 1676 3392 1732 membrum

1813 1760 1902 1816 ille
1935 1761 2054 1829 fuit,
2080 1772 2136 1817 et
2159 1763 2211 1817 in
2243 1762 2397 1832 cujus
2422 1764 2590 1835 ﬁgura
2621 1767 2762 1821 hanc
2783 1766 3146 1838 Apocalypsin
3178 1769 3334 1834 vidit,
3359 1786 3412 1825 a.

1813 1853 1966 1924 cujus
1992 1868 2087 1910 ore
2116 1856 2485 1910 testimonium
2523 1857 2666 1912 illius
2695 1873 2802 1913 non
2825 1859 3050 1926 recedit,
3090 1861 3219 1930 quia
3241 1860 3392 1917 inde-

124 1963 255 2019 fecit
310 1964 574 2034 patribus.
633 1945 884 2036 Expleto‘
918 1967 1063 2021 enim
1115 1945 1415 2020 ministerio
1487 1971 1704 2035 propter

1810 1947 2052 2002 sinenter
2079 1947 2340 2004 doctrinis
2370 1948 2512 2004 illius
2539 1949 2768 2005 resistit.

122 2055 273 2124 quod
297 2061 540 2121 venerat,
572 2055 721 2112 visus
755 2065 840 2112 est
878 2057 1042 2113 etiam
1078 2060 1146 2113 ab
1181 2057 1492 2112 hominibus
1531 2071 1703 2126 quan-

123 2145 221 2200 diu
268 2146 506 2217 Oportuit
530 2188 545 2214 ,
583 2141 1200 2220 donec’quadragesimo
1238 2149 1324 2204 die
1366 2147 1610 2204 ascendit
1649 2147 1703 2202 in

121 2236 322 2292 ccelum
350 2255 368 2304 ;
399 2254 508 2294 non
557 2238 812 2310 deinceps
849 2256 948 2311 per
985 2256 1108 2296 eam
1145 2240 1501 2296 substantiam
1541 2254 1704 2310 quam

121 2331 358 2401 sumpsit
383 2347 414 2385 a
445 2332 602 2388 nobis
647 2348 907 2404 apparere
949 2334 1137 2389 voluit.
1177 2333 1331 2390 Unde
1359 2349 1467 2389 non
1512 2347 1705 2401 corpo-

120 2422 294 2478 ralem
338 2422 454 2492 ejus
490 2425 836 2494 praesentiam
875 2425 1133 2482 debemus
1160 2425 1457 2496 requirere,
1482 2424 1576 2480 sed
1609 2438 1705 2493 po-

123 2515 236 2570 tius
269 2515 491 2571 credere
535 2532 658 2572 eum
689 2533 808 2573 esse
849 2518 1046 2588 ubique
1090 2517 1144 2572 in
1181 2517 1362 2572 divina
1398 2514 1700 2585 majestate.

120 2605 298 2662 Totus
327 2605 511 2676 itaque
551 2605 718 2662 Filius
754 2607 848 2662 Dei
885 2623 982 2678 per
1010 2607 1348 2662 divinitatem
1373 2614 1492 2663 erat
1526 2607 1580 2662 in
1608 2621 1705 2660 an-

121 2694 269 2763 gelo,
293 2702 439 2750 totus
457 2711 581 2750 cum
607 2695 768 2750 Patre
783 2704 837 2750 et
858 2695 1058 2766 Spiritu
1082 2703 1268 2751 sancto
1289 2694 1621 2750 consistebat
1648 2692 1700 2747 in

119 2788 269 2843 coelo
301 2788 446 2858 quod
470 2788 602 2844 nulli
634 2788 724 2843 alii
750 2803 910 2860 posse
949 2787 1222 2851 tribuitur,
1260 2786 1364 2842 nisi
1405 2786 1482 2841 illi
1524 2787 1702 2841 incor-

118 2892 304 2948 porea:
331 2887 387 2933 et
411 2878 639 2948 simplici
683 2888 914 2942 naturas,
940 2893 1061 2948 qua:
1084 2885 1194 2931 tota
1221 2877 1274 2931 in
1310 2875 1464 2931 oculis
1498 2874 1700 2944 reperi-

120 2982 238 3037 tur,
268 2979 384 3026 tota
407 2971 467 3026 in
501 2971 678 3038 terris,
723 2979 833 3026 tota
865 2972 980 3027 sine
1021 2971 1138 3025 loco
1169 2970 1222 3024 in
1261 2968 1402 3034 loco,
1429 2977 1542 3023 tota
1584 2968 1700 3022 sine

117 3072 280 3134 parte
319 3063 373 3117 in
416 3064 682 3133 partibus.
715 3061 857 3131 Quid
900 3071 984 3118 est
1023 3071 1203 3117 autem
1248 3062 1466 3126 mirum,
1507 3060 1552 3114 si
1582 3066 1703 3130 post

118 3155 243 3224 ejus
280 3153 709 3209 incarnationem
754 3155 976 3228 angelus
1012 3169 1301 3224 apparens,
1357 3152 1549 3208 similis
1592 3151 1700 3205 ﬁlio

118 3245 363 3301 hominis
389 3245 606 3311 dicitur,
633 3245 774 3301 sicut
807 3246 861 3300 in
897 3245 1350 3315 consequentibus
1372 3243 1696 3306 invenimus,

118 3352 248 3393 cum
271 3336 435 3391 etiam
457 3336 630 3407 angeli
652 3337 743 3407 qui
773 3337 939 3391 multo
966 3344 1090 3392 ante
1112 3334 1229 3405 ejus
1257 3335 1544 3391 adventura
1576 3350 1698 3388 san-

117 3426 229 3486 etis
272 3429 519 3499 patribus
571 3439 958 3499 apparuerunt,
1008 3422 1110 3484 viri
1149 3429 1446 3484 vocantur?
1483 3427 1600 3494 Quo
1644 3427 1698 3481 in

118 3521 247 3579 loco
269 3522 399 3577 dicit
431 3523 624 3578 beatus
648 3520 945 3579 Ansbertus
967 3522 1281 3583 Ambrosius
1305 3541 1316 3575 :
1347 3520 1509 3576 Credi
1535 3520 1700 3575 etiam

1876 2037 2071 2093 Beatus
2101 2039 2190 2110 qui
2221 2038 2342 2110 legit
2365 2049 2414 2094 et
2447 2040 2595 2094 audit
2633 2041 2784 2096 verba
2825 2045 3108 2114 prophetiw
3139 2043 3318 2115 hujus,
3342 2057 3392 2101 et

1805 2138 1974 2184 servat
1996 2146 2058 2183 ea
2091 2146 2207 2200 qua:
2243 2131 2295 2185 in
2333 2148 2395 2186 ea
2423 2132 2616 2203 scripta
2650 2141 2790 2186 sunt.
2823 2133 3043 2204 Tempus
3071 2136 3210 2190 enim
3235 2153 3394 2208 prape

1806 2229 1900 2273 est.
1926 2218 1981 2301 ln
2005 2220 2092 2274 his
2119 2221 2296 2276 verbis
2319 2222 2545 2277 duorum
2569 2238 2810 2291 personae
2829 2226 3389 2294 comprehenduntur:

1807 2311 2087 2367 doctorum
2117 2313 2384 2378 videlicet,
2418 2315 2508 2384 qui
2553 2314 2738 2386 legunt
2765 2324 2822 2371 et
2851 2315 2970 2372 aliis
3014 2326 3308 2388 exponunt,
3338 2325 3396 2372 et

1807 2404 2133 2470 auditorum,
2163 2404 2256 2474 qui
2298 2405 2523 2460 audiunt
2545 2416 2604 2461 et
2632 2405 2890 2471 retinent,
2938 2417 2995 2463 et
3023 2424 3187 2478 opere
3227 2407 3390 2479 perﬁ-

1807 2496 1955 2551 ciunt
2004 2512 2070 2552 ea
2105 2512 2225 2568 qua:
2254 2498 2308 2552 in
2339 2513 2402 2554 ea
2443 2500 2643 2569 scripta
2678 2507 2822 2556 sunt.
2859 2499 3014 2557 Licet
3038 2502 3184 2558 enim
3212 2502 3300 2557 hic
3329 2501 3395 2556 li-

1805 2589 1904 2643 ber
1943 2589 2109 2644 multa
2157 2589 2355 2645 habeat
2385 2591 2439 2645 in
2486 2607 2544 2647 se
2585 2592 2848 2662 profunda
2886 2594 3164 2665 mysteria,
3209 2603 3396 2650 tamen

1805 2679 1970 2734 multa
1999 2688 2124 2735 sunt
2154 2680 2249 2746 ibi,
2273 2696 2394 2751 qua:
2419 2683 2584 2737 etiam
2612 2683 2678 2738 ad
2695 2683 2932 2739 litteram
2958 2685 3244 2748 custodita,
3270 2701 3391 2740 ma-

1805 2787 1963 2841 gnam
1994 2773 2279 2828 utilitatem
2307 2781 2361 2829 et
2387 2775 2614 2830 salutem
2644 2783 2904 2847 praistant
2929 2777 3043 2832 suis
3071 2778 3392 2833 observato-

1807 2863 1976 2918 ribus.
2011 2862 2247 2919 Servant
2288 2875 2471 2921 autem
2503 2881 2566 2922 ea
2603 2883 2724 2936 qua:
2771 2868 2826 2922 in
2866 2883 2931 2922 ea
2981 2868 3179 2939 scripta
3229 2877 3391 2933 sunt,

1805 2955 1895 3024 qui
1928 2954 2084 3009 ﬁdem
2117 2955 2316 3010 Christi
2345 2957 2411 3011 'et
2436 2957 2690 3012 Ecclesiae
2721 2973 2829 3013 non
2876 2958 3112 3025 violant,
3157 2960 3248 3029 qui
3293 2974 3390 3015 ca-

1804 3055 1931 3102 vent
1976 3047 2268 3117 prohibita,
2317 3056 2374 3102 et
2423 3047 2648 3117 implent
2680 3046 2860 3116 jussa,
2901 3056 3148 3104 metuunt
3187 3049 3395 3105 minata

1805 3139 2086 3209 supplicia,
2131 3146 2315 3195 amant
2343 3141 2608 3211 promissa
2639 3139 2900 3196 caelestia.
2938 3139 3076 3196 Hinc
3112 3149 3297 3196 autem
3327 3141 3395 3195 li-

1805 3229 1968 3300 quido
2000 3229 2286 3300 colligitur,
2313 3240 2530 3300 quanta:
2554 3231 2624 3286 sit
2642 3229 2981 3286 auctoritatis
3006 3270 3021 3294 ,
3069 3237 3396 3301 quarumque

1804 3321 2156 3387 excellentizc,
2180 3337 2304 3377 cum
2327 3322 2470 3377 inter
2493 3337 2682 3378 omnes
2705 3323 2871 3378 libros
2900 3322 3034 3377 Novi
3061 3322 3395 3379 Testamenti

1804 3414 1892 3468 hic
1922 3413 2262 3469 solummodo
2286 3415 2568 3484 prophetia
2602 3415 2932 3480 nominatur,
2978 3431 3140 3484 quam
3171 3415 3262 3484 qui
3296 3415 3397 3470 ob-_

1802 3508 2100 3562 servaverit
2133 3508 2328 3563 beatus
2360 3522 2480 3564 esse
2506 3508 2841 3578 perhibetur.
2890 3509 2972 3562 Ad
3010 3511 3158 3578 quod
3185 3517 3240 3564 et
3266 3509 3394 3565 sub-

117 3619 304 3686 potest
348 3612 506 3669 beato
547 3612 718 3668 Paulo
770 3613 1012 3684 apostolo
1043 3613 1350 3678 Dominum,
1388 3620 1509 3682 post
1544 3625 1699 3666 suam

1808 3597 2041 3669 iungitur
2077 3616 2090 3652 :
2124 3599 2360 3670 Tempus
2389 3599 2531 3656 enim
2554 3614 2726 3670 prope
2751 3607 2862 3665 est,
2908 3597 3098 3668 judicii
3141 3601 3390 3666 scilicet,

118 3704 516 3768 ascensionem,
545 3719 650 3759 non
680 3705 733 3759 in
763 3721 857 3760 sua
895 3713 1084 3759 natura
1112 3704 1447 3774 apparuisse,
1479 3704 1572 3759 sed
1606 3717 1698 3772 po-

120 3796 234 3852 tius
274 3811 372 3864 per
405 3794 651 3863 angelum
685 3801 891 3848 tantum
919 3795 971 3848 in
999 3810 1062 3848 ea
1105 3794 1297 3858 forma,
1333 3793 1385 3847 in
1407 3809 1514 3862 qua
1545 3808 1698 3847 reco-

121 3885 310 3958 gnosci
337 3885 406 3938 ab
435 3883 743 3951 hominibus
765 3884 921 3938 solet.
947 3883 1099 3950 Quod
1130 3884 1256 3939 hinc
1279 3883 1442 3939 etiam
1478 3884 1699 3953 probari

121 3983 324 4049 potest,
355 3975 480 4045 quia
515 3975 562 4030 si
605 3974 794 4029 beatus
826 3973 1026 4028 Paulus
1069 3988 1241 4042 nuper
1286 3987 1602 4039 conversus,
1644 3974 1699 4028 in

125 4079 226 4121 sua
271 4078 393 4118 eum
435 4061 734 4117 substantia
775 4061 1020 4127 vidisset,
1068 4075 1403 4130 consequens
1450 4069 1612 4125 esset,
1644 4069 1704 4116 ut

123 4170 238 4229 prae
269 4155 518 4211 omnibus
543 4153 735 4210 dilecto
759 4155 1040 4224 discipulo,
1064 4155 1272 4224 sibique
1295 4155 1364 4210 ab
1392 4155 1703 4209 adolescen-

122 4250 202 4304 tia
241 4248 439 4313 dicato,
488 4263 596 4302 non
638 4262 737 4318 per
774 4248 1040 4318 angelum,
1079 4248 1172 4302 sed
1205 4263 1302 4318 per
1354 4248 1702 4318 semetipsum

123 4348 432 4410 appareret.
474 4337 626 4405 Quod
657 4338 826 4395 dicit:
863 4338 1078 4394 Mittens
1111 4353 1208 4408 per
1258 4338 1504 4408 angelum
1545 4352 1702 4391 suum

123 4447 284 4488 servo
318 4447 415 4487 suo
451 4430 666 4497 Joanui,
697 4447 899 4487 morem
935 4440 1243 4486 sanctorum
1276 4430 1496 4485 Patrum
1532 4439 1698 4495 tenet,

122 4523 220 4593 qui
248 4523 303 4578 in
325 4522 438 4579 suis
470 4523 628 4578 dictis
675 4522 755 4578 sic
787 4523 854 4578 de
892 4538 951 4578 se
977 4522 1130 4592 quasi
1166 4522 1232 4577 de
1256 4521 1363 4577 alio
1385 4521 1697 4592 loquuntur.

1802 3691 2018 3758 quando
2053 3691 2362 3746 redditurus
2409 3699 2492 3746 est
2532 3689 2822 3761 unicuique
2863 3689 3017 3760 juxta
3059 3707 3223 3762 opera
3265 3708 3386 3749 sua.

1801 3781 1880 3835 Ac
1901 3781 1946 3837 si
1986 3782 2193 3837 diceret
2221 3799 2236 3836 :
2268 3781 2416 3836 Felix
2449 3782 2539 3852 qui
2583 3781 2708 3836 ﬁdei
2745 3782 3100 3837 sacramentis
3129 3782 3389 3849 imbutus,

1803 3881 1858 3926 et
1887 3887 2007 3942 qua:
2047 3873 2100 3926 in
2126 3873 2210 3926 bis
2231 3872 2489 3942 jubentur
2509 3873 2766 3934 custodit,
2807 3881 2864 3926 et
2883 3887 3003 3941 quae
3033 3873 3392 3942 prohibentur

1802 3976 1908 4016 non
1947 3961 2245 4030 praesumit,
2294 3961 2420 4030 quia
2467 3969 2522 4016 et
2564 3960 2962 4017 observationis
3014 3969 3227 4030 tempus
3280 3979 3392 4018 non

1802 4053 1990 4124 longas
2019 4069 2197 4109 moras
2225 4054 2470 4119 innectit,
2500 4063 2555 4110 et
2586 4053 2958 4110 retributionis
2985 4054 3099 4111 dies
3129 4057 3391 4125 quodam-

1803 4147 1962 4202 modo
1987 4148 2041 4200 in
2064 4145 2246 4216 januis
2268 4148 2537 4203 consistit.

1872 4249 2103 4304 Joannes
2127 4260 2315 4320 septem
2334 4250 2561 4306 ecclesiis
2583 4268 2700 4320 qua:
2720 4263 2839 4307 sunt
2860 4253 2913 4307 in
2932 4254 3074 4308 Asia.
3101 4251 3241 4309 Asia:
3271 4257 3390 4310 dua:

1804 4349 1948 4406 sunt,
1981 4341 2154 4410 major
2181 4342 2384 4397 scilicet
2419 4352 2471 4397 et
2497 4343 2691 4409 minor,
2722 4360 2841 4414 quae
2879 4345 3056 4399 minor
3087 4346 3140 4400 in
3181 4355 3384 4402 sortem

1801 4433 1949 4487 venit
1976 4433 2131 4487 beato
2159 4431 2371 4498 Joanni,
2403 4433 2455 4488 in
2484 4449 2588 4504 qua
2616 4445 2740 4491 sunt
2773 4445 2976 4506 septem
2999 4437 3246 4494 civitates
3275 4453 3388 4494 me-

1805 4523 2139 4591 tropolitana:
2165 4539 2390 4593 quarum
2406 4534 2567 4596 caput
2591 4536 2674 4581 est
2697 4526 2971 4596 Ephesus;
3005 4528 3099 4583 sed
3125 4543 3245 4584 cum
3274 4543 3387 4582 ma-

125 4613 284 4670 Unde
322 4621 441 4668 est:
483 4611 578 4668 Vir
603 4624 714 4668 erat
755 4615 809 4668 in
853 4623 992 4668 terra
1025 4613 1140 4667 llus
1170 4614 1378 4668 nomine
1417 4612 1540 4678 Job,
1569 4621 1696 4678 etc.,
1725 4654 1777 4714 Β
1797 4617 1884 4687 jor
1918 4617 2114 4671 minori
2144 4617 2406 4688 jungitur,
2448 4634 2581 4689 pene
2613 4621 2956 4676 medietatem
2998 4622 3180 4678 mundi
3220 4637 3384 4679 occu-

121 4720 317 4775 usque,
349 4705 586 4760 recedens
611 4722 644 4759 ιι
670 4705 810 4760 malo
841 4704 980 4776 (Job.
1003 4709 1064 4775 ι).
1090 4705 1157 4760 Ει
1181 4720 1195 4759 :
1223 4705 1356 4760 Erat
1384 4704 1590 4775 Moyses
1620 4706 1701 4759 vir

121 4796 432 4850 mitissimus
488 4813 643 4866 super
692 4813 867 4850 onmes
919 4798 1009 4867 qui
1063 4797 1406 4851 morabantur
1450 4798 1506 4850 in
1559 4807 1700 4851 terra

124 4891 320 4962 (Num.
351 4891 474 4962 xu),
499 4900 554 4946 et
582 4891 720 4946 idem
748 4889 984 4947 Joannes
1004 4908 1144 4961 επερο
1170 4893 1222 4946 in
1250 4892 1540 4965 Evangelio
1564 4907 1694 4949 suo:

124 4979 230 5035 Hic
254 4989 338 5035 est
358 4980 653 5050 discipulus
678 4980 767 5037 ille
787 4995 946 5050 quem
975 4981 1230 5052 diligebat
1253 4981 1428 5037 Jesus.

201 5069 304 5136 Qui
343 5071 692 5126 testimonium
740 5071 997 5142 perhibuit
1045 5072 1194 5126 verba
1228 5071 1342 5138 Dei,
1388 5083 1433 5127 et
1469 5075 1702 5129 testimo-

125 5162 276 5216 nium
325 5160 454 5216 Jesu
506 5162 720 5217 Christi.
784 5161 1065 5219 Perhibuit
1127 5163 1494 5218 testimonium
1536 5167 1702 5220 verbo

124 5253 224 5309 Del
252 5252 506 5318 Joannes.
549 5269 669 5310 cum
705 5255 838 5310 dixit
879 5255 1058 5324 (Joan.
1087 5255 1128 5327 ι)
1163 5273 1175 5309 :
1206 5255 1274 5310 In
1302 5257 1560 5326 principio
1589 5267 1702 5311 erat

125 5345 372 5410 uerbum;
399 5355 489 5402 et:
531 5347 722 5401 Omnia
747 5364 836 5417 per
862 5347 1028 5418 ipsum
1065 5349 1208 5418 facta
1244 5359 1402 5412 sunt;
1445 5358 1536 5404 et:
1571 5348 1702 5404 Erat

127 5434 226 5490 lux
250 5453 369 5491 uera
395 5455 512 5508 qua:
547 5436 809 5492 iiluminat
853 5449 1098 5506 omnem,’
1125 5450 1252 5506 etc,
1286 5457 1406 5511 qua!
1435 5443 1488 5496 in
1512 5446 1704 5498 eodem
1745 5489 1755 5501 κ

130 5528 254 5583 loco
272 5529 338 5584 de
363 5529 642 5584 divinitate
655 5530 800 5584 verbi
822 5540 1141 5603 sequuntur.
1157 5533 1437 5590 Perhibuit
1460 5535 1702 5591 testimo-

130 5622 278 5675 nium
301 5621 425 5676 Jesu
447 5621 668 5686 Christi,
689 5637 810 5677 cum
834 5623 1001 5676 dixit:
1023 5622 1088 5676 Et
1118 5622 1337 5679 Verbum
1360 5643 1484 5680 caro
1505 5627 1701 5696 factum

128 5717 226 5775 est,
255 5719 302 5763 et
329 5710 577 5765 habitavit
605 5713 658 5764 in
690 5711 835 5765 nobis
858 5709 1038 5782 (Joan.
1071 5713 1131 5783 ι).
1162 5714 1276 5770 Νοη
1307 5723 1485 5771 tamen
1512 5717 1704 5772 dividi-

129 5816 252 5856 mus
279 5815 538 5871 personas
563 5817 686 5857 cum
711 5801 812 5858 ista
824 5803 1072 5867 dicimus,
1098 5805 1191 5859 sed
1215 5815 1501 5877 utramque
1523 5818 1704 5865 osten—

131 5893 308 5948 dimus
345 5902 609 5949 naturam.
666 5895 816 5962 Quod
861 5910 991 5952 vero
1039 5897 1114 5952 ait
1159 5898 1212 5951 in
1253 5899 1337 5952 his
1383 5917 1702 5972 qmrruuquc

1806 4719 1954 4778 pant.
1980 4709 2116 4764 Huic
2143 4718 2302 4764 tantae
2330 4711 2535 4782 regioni
2561 4711 2703 4768 Deus
2742 4714 3081 4784 omnipotens
3106 4729 3203 4785 per
3231 4729 3386 4771 suam

1806 4801 2231 4856 misericordiam
2252 4803 2545 4874 praeposuit
2559 4805 2964 4873 praedicatorem
2983 4807 3201 4862 beatum
3224 4805 3386 4862 Joan-

1807 4909 1954 4958 nem,
1996 4903 2050 4949 et
2095 4893 2216 4948 idco
2259 4894 2698 4964 illcfspecialiter
2755 4898 2996 4954 ecclesiis
3046 4898 3188 4954 Asiae
3228 4913 3383 4953 suam

1805 4985 1990 5058 dirigit
2009 4987 2366 5057 prophetiam.
2389 4987 2619 5044 Verbum
2646 4991 2787 5059 quod
2809 4989 3049 5060 loquitur
3063 4997 3271 5060 septem
3287 5003 3384 5044 eci-

1806 5077 1984 5132 clesiis
2012 5077 2173 5143 Asiae,
2213 5080 2400 5150 utique
2443 5082 2590 5135 omni
2631 5081 2888 5137 Ecclesia:
2917 5081 3066 5137 dicit.
3104 5079 3233 5148 Quae
3259 5096 3382 5136 cum

1804 5184 1909 5222 una
1948 5169 2057 5233 sit,
2092 5173 2398 5238 septenario
2439 5183 2663 5228 numero
2709 5172 3184 5242 comprehenditur
3208 5213 3222 5238 ,
3274 5189 3382 5248 quo

1804 5273 1944 5328 saepe
1976 5258 2111 5313 solet
2145 5260 2470 5315 universitas
2501 5259 2956 5333 designari,juxta
2987 5261 3142 5316 illud:
3169 5261 3381 5330 Septies

1806 5353 1859 5406 in
1890 5352 1974 5406 die
2001 5352 2212 5406 laudem
2243 5353 2352 5408 dixi
2400 5354 2516 5420 tibi,
2551 5355 2630 5410 vel
2667 5367 2887 5424 propter
2917 5355 3194 5410 innumera
3239 5355 3377 5409 dona

1806 5459 1926 5513 qua:
1953 5445 2175 5514 percipit
2200 5445 2446 5516 aSpiritu
2475 5447 2793 5516 sancto,qui
2818 5462 2938 5502 cum
2954 5461 3092 5500 unus
3111 5447 3180 5501 sit
3211 5444 3382 5514 Spiri-

1806 5541 1891 5587 tus
1922 5532 2134 5602 replens
2173 5533 2358 5588 orbem
2397 5544 2681 5598 terrarum,
2729 5536 2781 5590 id
2810 5544 2895 5590 est
2933 5535 3241 5590 universam
3275 5537 3378 5589 Εσ-

1796 5624 2051 5688 clesiam;
2081 5625 2278 5679 dicitur
2305 5628 2465 5680 etiam
2506 5627 2834 5696 septiformis
2863 5642 2894 5680 a
2931 5625 3191 5697 propheta
3217 5639 3382 5694 super

1797 5715 2085 5772 Dominum
2125 5719 2454 5787 requievisse
2491 5731 2713 5788 propter
2736 5728 2972 5788 septem,
2997 5720 3052 5773 id
3082 5726 3164 5773 est
3199 5717 3404 5772 multi»~

1797 5808 1955 5880 plicia
1987 5811 2124 5865 dona
2157 5825 2272 5871 sua,
2303 5825 2420 5880 qua:
2444 5819 2667 5880 praestat
2698 5810 2962 5866 ﬁdelibus.
2996 5810 3123 5866 Una
3154 5819 3236 5865 est
3279 5811 3382 5863 ita-

1799 5915 1904 5968 quc
1929 5899 2188 5969 Ecclesia,
2217 5900 2352 5955 sicut
2378 5916 2515 5956 unus
2539 5908 2621 5958 cst
2647 5901 2906 5973 Spiritus;
2937 5900 3077 5958 unde
3103 5909 3157 5956 et
3191 5901 3380 5957 catho-
