3974 6448
562 442 673 498 945

1044 435 1397 493 llAYMONlS
1438 431 1919 490 llALBERSTAT.
1962 429 2177 487 EPISC.
2218 429 2369 487 OPP.
2406 431 2586 487 PARS
2620 433 2661 488 Ι.
2701 463 2774 474 -
2811 430 3170 489 COMMENT.
3209 431 3383 487 BIDL.

3782 433 3885 487 958

563 558 667 615 lica
696 554 881 612 Grmee
911 552 1131 614 (ﬁcitur,
1168 551 1218 605 id
1246 560 1334 605 est
1359 548 1701 614 universalis,
1741 555 1797 603 et
1823 544 2157 622 septiformis
2182 551 2231 609 Α
2258 548 2499 617 quotidie
2533 549 2780 605 Christus
2806 565 2963 606 suam
2993 550 3287 607 Ecclesium
3310 566 3408 621 per
3436 550 3737 605 intentam
3764 564 3887 622 gra-

565 646 800 718 Spiritus
824 657 1049 699 munere
1077 649 1160 696 est
1196 641 1416 715 repleta.
1451 640 1604 697 Unde
1631 650 1686 695 et
1712 639 1766 694 in
1788 620 2054 694 Zacharia
2076 634 2157 691 le-

565 738 743 810 gimus
784 732 970 806 (Zach.
1001 734 1111 804 tv),
1139 731 1526 788 candelabrum
1573 738 1747 787 totum
1793 743 2041 794 aureum,
2064 727 2160 781 ha-

562 830 697 887 bens
718 841 886 899 super
922 840 979 879 se
1012 834 1216 894 septem
1250 824 1606 881 infusoria‘ct
1638 831 1844 894 septem
1875 821 2155 887 lucernas;

560 937 725 993 quam
749 921 915 977 etiam
941 918 1314 990 scpiilormem
1342 916 1640 974 Ecclesium
1660 916 1878 974 Christo
1902 911 2157 985 conjungi

560 1012 730 1069 Isaias
776 1016 1188 1075 commemorat,
1236 1009 1470 1064 dicens:
1530 1006 1925 1079 Appreliendent
1964 1014 2157 1076 septem

560 1101 807 1158 mulieres
831 1102 998 1156 virum
1022 1115 1183 1157 unum
1211 1099 1265 1152 in
1294 1098 1380 1153 die
1400 1098 1517 1165 illa,
1540 1099 1766 1154 dicentes
1790 1110 1809 1148 :
1834 1094 2033 1159 Panem
2058 1111 2157 1150 no-

563 1202 731 1247 strum
771 1190 1099 1247 comedemus
1136 1188 1271 1261 (lsa.
1299 1190 1397 1260 tv),
1428 1196 1535 1243 etc.
1564 1187 1657 1242 Vir
1686 1187 1789 1243 iste
1826 1200 1968 1241 unus
2000 1184 2160 1242 Chri-

562 1292 678 1340 stus
704 1293 789 1339 est
831 1297 990 1352 quem
1027 1280 1357 1352 septifortnis
1383 1279 1621 1336 Ecclesia
1650 1278 2050 1350 complectitur,
2072 1278 2163 1335 di-

562 1391 694 1433 cens
732 1393 745 1429 :
793 1374 993 1430 Panem
1021 1381 1266 1429 nostrum
1309 1372 1676 1437 comedemus,
1706 1385 1907 1442 corpus
1946 1369 2157 1426 scilicet

565 1479 718 1525 tuum
746 1468 905 1524 nobis
931 1483 961 1522 a
1005 1467 1114 1522 Deo
1146 1466 1329 1521 datum
1372 1465 1841 1529 manducabimus,
1869 1464 2158 1520 vestimen-

568 1560 637 1620 tis
662 1559 922 1615 virtutum
977 1557 1311 1621 ornabimur,
1347 1556 1720 1612 tantummodo
1752 1556 2033 1612 invocetur
2059 1571 2155 1613 no-

564 1668 690 1708 men
722 1661 872 1708 tuum
899 1664 1062 1721 super
1092 1666 1211 1714 nos,
1241 1649 1397 1706 aufer
1424 1648 1772 1720 opprobrium
1800 1657 2068 1714 nostrum,
2098 1658 2157 1704 ut

568 1748 645 1804 sis
678 1747 763 1802 vir
788 1754 991 1811 noster,
1024 1761 1093 1800 ne
1122 1744 1540 1814 improperando
1582 1742 1764 1799 dicant
1792 1742 1947 1798 nobis
1982 1741 2153 1796 Judtei

568 1841 845 1912 quodnon
885 1840 1180 1894 habeamus
1223 1837 1421 1892 virum.
1453 1836 1608 1894 Unde
1640 1846 1698 1892 et
1736 1835 1998 1893 Salomon
2023 1835 2154 1892 dicit

2262 641 2391 697 tiam
2422 656 2642 708 vocans,
2674 642 3021 699 mitissimam
3053 643 3230 698 reddit
3253 650 3308 699 et
3329 641 3631 698 humilem.

2282 798 2291 803 ι
2329 729 2517 787 Gratia
2542 732 2707 786 vobis.
2753 730 2942 788 Gratia
2972 732 3170 789 dicitur
3197 732 3367 805 gratis
3388 732 3537 797 data,
3580 744 3711 787 non
3739 746 3882 786 mer-

2257 837 2351 880 ces
2374 822 2609 889 reddita,
2637 823 2733 879 sed
2761 823 2921 878 venia
2943 824 3117 896 gratis
3135 823 3352 891 collata,
3381 840 3510 896 qua
3535 823 3739 895 gratia
3762 839 3879 895 spe-

2258 915 2472 973 cialiter
2505 916 2557 973 in
2594 917 2701 972 hoc
2721 923 2805 972 est
2832 916 3169 987 accipienda,
3191 917 3319 984 quia
3361 917 3487 973 sine
3534 917 3761 973 merito
3790 918 3877 972 bo-

2258 1007 2471 1063 minum
2505 1007 2657 1064 misit
2680 1008 2824 1064 Deus
2859 1007 3055 1064 Filium
3089 1025 3268 1071 suum,
3313 1009 3407 1080 qui
3434 1025 3545 1066 nos
3596 1025 3717 1065 suo
3756 1026 3875 1065 san-

2258 1099 2422 1173 guine
2451 1099 2701 1165 redemit,
2727 1109 2782 1155 ct
2814 1100 2882 1155 ad
2909 1100 3223 1155 ﬁliationem
3256 1100 3351 1156 Dei
3393 1100 3695 1173 perduxit.
3734 1100 3877 1157 Unde

2257 1200 2314 1246 et
2336 1189 2582 1261 sequitur
2610 1199 2656 1244 et
2695 1206 2821 1261 pax,
2851 1190 2977 1260 quia
3008 1189 3260 1247 videlicet
3285 1190 3402 1262 ipse
3424 1206 3531 1261 per
3558 1206 3739 1245 suam
3762 1207 3874 1261 pas-

2258 1282 2463 1338 sionem
2484 1295 2658 1353 genus
2677 1276 3114 1337 ltumanum‘Deo
3133 1280 3281 1336 Patri
3305 1282 3659 1353 paciﬁcavit.
3697 1282 3768 1337 Et
3790 1299 3870 1338 no-

2256 1372 2480 1429 tandum
2513 1373 2656 1443 quod
2694 1388 2800 1429 non
2828 1372 3049 1439 dicitur,
3076 1390 3182 1445 pax
3203 1384 3258 1429 et
3282 1373 3482 1445 gratia,
3514 1375 3616 1430 sed
3643 1377 3869 1446 prmisit

2257 1465 2392 1521 titur
2421 1467 2596 1538 gratia
2629 1482 2694 1522 ac
2724 1466 2917 1523 deinde
2965 1466 3308 1540 subjungitnr
3335 1483 3469 1538 pax,
3513 1468 3655 1538 quia
3704 1468 3867 1523 nullas

2256 1555 2324 1611 ad
2369 1570 2558 1625 pacem
2604 1556 3060 1612 reconciliationis
3104 1556 3290 1612 venire
3318 1556 3551 1626 poterit,
3594 1555 3708 1610 nisi
3741 1557 3864 1609 hunc

2255 1647 2428 1716 gratia
2454 1646 2844 1705 misericordia:
2873 1647 3235 1719 prmeesscrit,
3267 1648 3397 1718 quia
3452 1656 3521 1701 ut
3573 1647 3648 1701 ad
3688 1663 3859 1717 pacem

2256 1736 2352 1792 Dei
2382 1737 2567 1792 venire
2596 1738 2959 1809 possimus,a
2984 1737 3080 1793 Dei
3119 1739 3292 1811 gratia
3336 1738 3602 1810 perventi
3654 1754 3855 1805 sumus;

2257 1829 2584 1899 generaliter
2609 1840 2788 1886 autem
2813 1831 2998 1886 omnia
3024 1825 3144 1901 qu'a:
3165 1847 3192 1884 a
3222 1832 3332 1885 Deo
3355 1830 3740 1901 percipimus,
3762 1832 3855 1888 sive

470 1922 475 1933 ’
564 1930 751 2003 (Prov.
789 1932 892 1999 rx),
921 1935 1048 2002 quia
1086 1929 1352 2000 sapientia
1394 1928 1596 1985 excidit
1624 1928 1727 1984 sibi
1756 1927 2040 1984 columnas
2065 1941 2154 1983 se-
2185 1912 2233 1974 Β
2261 1923 2318 1977 in
2344 1921 2470 1988 ﬁde,
2499 1921 2612 1977 sive
2637 1923 2691 1977 in
2714 1937 2900 1994 opere,
2932 1923 2985 1977 in
3024 1922 3373 1986 abstinentia,
3408 1922 3462 1976 in
3488 1921 3714 1993 jejunio
3743 1912 3849 1977 etin

562 2032 732 2095 ptem,
757 2022 1038 2080 columnas
1059 2030 1266 2091 septem
1292 2020 1514 2086 excidit,
1545 2028 1601 2077 et
1622 2020 1840 2076 domum
1864 2018 2012 2084 fecit,
2032 2020 2161 2090 quia

565 2119 835 2173 abamore
860 2115 1144 2187 praesentis
1165 2112 1347 2169 saeculi
1368 2114 1502 2169 dura
1517 2114 1679 2169 corda
1700 2113 1981 2185 gentilium
2001 2113 2165 2184 septi-

566 2211 729 2268 formi
757 2210 949 2280 spiritu
976 2208 1243 2279 implenda
1271 2207 1562 2278 separavit,
1591 2215 1756 2279 atque
1799 2207 1864 2262 ad
1892 2206 2163 2263 fortitudi-

556 2319 691 2360 nem
713 2298 953 2360 celestis
973 2300 1185 2357 aedilicii
1207 2301 1400 2356 erexit.
1431 2300 1600 2357 Recte
1624 2301 1791 2356 etiam
1812 2299 1915 2356 hoc
1934 2313 2163 2356 numero

565 2395 898 2467 septenario,
930 2393 1023 2463 qui
1043 2401 1258 2450 constat
1282 2406 1350 2448 ex
1375 2392 1551 2450 tribus
1566 2400 1623 2448 et
1639 2403 1898 2463 quatuor,
1919 2390 2161 2447 Ecclesia

562 2485 1074 2559 comprehenditur,
1115 2500 1237 2555 qua:
1274 2484 1327 2539 in
1356 2493 1592 2555 quatuor
1620 2483 1807 2540 mutuli
1838 2491 2024 2556 partes
2057 2481 2163 2538 dif-

566 2580 688 2635 fusa
715 2579 1037 2634 inconcussa
1066 2583 1250 2631 mente
1286 2584 1341 2631 et
1377 2574 1481 2630 ﬁde
1516 2575 1771 2631 observat
1804 2583 2008 2630 sanctae
2039 2574 2161 2630 Tri—

482 2650 493 2663 ’
567 2671 757 2727 uitatis
787 2670 969 2725 ﬁdem.
1005 2667 1172 2739 Cujus
1201 2666 1411 2722 numeri
1447 2666 1767 2738 mysterium
1796 2665 1962 2721 etiam
1989 2680 2160 2722 unus-

570 2761 799 2833 quisque
846 2760 1011 2815 bomo
1061 2758 1116 2812 in
1171 2771 1232 2813 se
1283 2756 1566 2823 continet,
1612 2757 1707 2827 qui
1753 2756 1941 2827 utique
1990 2769 2162 2810 mem-

562 2853 727 2909 brum
771 2858 856 2907 est
892 2848 1053 2919 hujus
1094 2848 1375 2916 Ecclesiae,
1402 2848 1531 2904 dum
1581 2861 1647 2902 ex
1686 2855 1921 2917 quatuor
1948 2851 2162 2903 constat

567 2945 905 3010 humoribus,
976 2950 1214 3014 quatuor
1257 2940 1423 3013 pollet
1471 2939 1807 3005 virtutibus,
1870 2946 1927 2995 et
1984 2937 2161 3011 diligit

564 3035 738 3094 Deum
783 3051 852 3092 ex
904 3042 1018 3091 toto
1064 3034 1232 3089 corde
1277 3048 1401 3098 suo,
1454 3040 1512 3088 et
1550 3047 1620 3087 ex
1674 3038 1785 3087 tota
1831 3030 2011 3086 anima
2038 3045 2159 3097 sua,

565 3137 623 3184 et
675 3143 742 3185 ex
814 3137 925 3183 tota
975 3124 1252 3181 voluntate
1318 3138 1439 3179 sua.
1500 3121 1637 3178 Nam
1710 3122 1883 3178 tribus
1934 3122 2158 3193 spirita-

2258 2014 2493 2078 cteteris,
2528 2015 2699 2086 gratis
2740 2030 2769 2069 a
2819 2013 2931 2069 Deo
2978 2015 3133 2069 nobis
3182 2014 3508 2069 tribuuntur
3571 2014 3691 2069 sola
3734 2014 3845 2069 illius

2256 2104 2652 2160 misericordia.
2697 2103 3055 2173 Qumrendum
3098 2114 3183 2161 est
3229 2106 3281 2159 in
3336 2105 3445 2160 hoc
3488 2105 3624 2162 loco
3681 2123 3767 2162 cur
3798 2108 3837 2161 in

2260 2198 2386 2254 dato
2415 2198 2626 2269 gratim,
2655 2198 2931 2252 nominato
2978 2197 3113 2252 Filio
3156 2207 3211 2253 et
3244 2198 3459 2270 Spiritu
3492 2210 3715 2263 sancto,
3746 2216 3825 2269 per-

2261 2278 2393 2344 sona
2420 2287 2601 2344 Patris
2634 2286 2937 2344 rcticetur?
2967 2286 3100 2341 Nam
3127 2304 3246 2341 cum
3276 2288 3446 2343 dicit:
3468 2288 3555 2343 At»
3579 2308 3643 2344 eo
3661 2294 3742 2361 qui
3761 2303 3825 2353 αι,

2253 2390 2307 2434 et
2341 2379 2432 2450 qui
2459 2388 2593 2445 erat,
2645 2389 2693 2432 et
2715 2379 2805 2449 qui
2839 2388 3085 2433 venturus
3116 2390 3212 2443 est,
3242 2379 3452 2434 Filium
3473 2381 3532 2436 in
3566 2383 3648 2436 bis
3685 2382 3835 2439 verbis

2252 2470 2521 2537 ostendit,
2550 2472 2693 2542 quod
2720 2469 2950 2524 maxime
2992 2486 3055 2525 ex
3099 2471 3200 2525 hoc
3225 2471 3460 2540 probat,
3486 2486 3601 2526 cum
3622 2471 3823 2539 saliua-

2258 2564 2334 2635 git
2361 2582 2372 2618 :
2405 2562 2509 2632 Qui
2558 2556 2819 2618 venturus
2843 2571 2947 2629 est,
2977 2562 3043 2618 ad
3077 2559 3343 2632 judicium
3377 2564 3619 2631 scilicet,
3641 2572 3698 2619 ut
3719 2564 3830 2620 ταὶς

2260 2656 2346 2711 dat
2376 2655 2666 2725 unicuique
2693 2653 2845 2723 juxta
2870 2670 3032 2726 opera
3066 2671 3181 2711 sua.
3222 2655 3386 2710 Pater
3415 2658 3563 2711 enim
3594 2657 3830 2727 mni-di.

2259 2760 2343 2805 cat
2383 2767 2716 2823 quamquam,
2747 2751 2837 2806 sed
2866 2769 3016 2807 omne
3030 2751 3291 2822 judicium
3319 2754 3476 2808 dedit
3502 2752 3654 2809 Filio
3679 2753 3826 2823 (locs.

2257 2842 2336 2913 ν),
2362 2842 2456 2914 qui
2504 2842 2652 2899 solus
2704 2858 2829 2900 cum
2881 2844 3043 2901 Patre
3084 2855 3141 2901 et
3183 2844 3395 2917 Spiritu
3454 2858 3656 2904 sancto
3701 2852 3831 2906 habet

2257 2945 2400 2998 esse,
2426 2933 2553 3004 quia
2579 2948 2795 3004 semper
2818 2942 2898 2990 est
2940 2935 3314 3000 immutabilis,
3352 2939 3506 2993 unde
3533 2938 3830 2995 Psalmists:

2262 3021 2342 3078 Tu
2363 3034 2537 3078 autem
2568 3024 2703 3079 idem
2732 3026 2840 3095 ipse
2866 3042 2918 3080 es
2947 3024 3121 3096 (Psnl.
3150 3029 3247 3096 et).
3283 3027 3424 3082 Sunt
3468 3031 3648 3086 etiam
3674 3032 3831 3104 angeli.

2258 3117 2355 3173 sed
2384 3117 2794 3173 mutabilitatem
2836 3119 2983 3189 passi
3022 3128 3168 3183 sunt,
3217 3123 3445 3189 quando
3496 3140 3651 3182 unus
3681 3140 3830 3180 eorum

562 3220 709 3286 liter,
746 3228 805 3276 et
849 3228 1083 3291 quatuor
1132 3217 1494 3288 corporaliter
1542 3216 1708 3287 viget.
1755 3214 1815 3271 lu
1870 3214 2158 3272 dilectione
2200 3286 2227 3291 _
2261 3216 2440 3266 motus
2486 3224 2583 3279 per
2630 3209 2939 3280 superbiam
2990 3210 3205 3264 cecidit.
3259 3209 3406 3266 Sunt
3464 3213 3830 3281 bomines,se.l

566 3315 711 3371 enim
743 3286 1071 3378 Det-tribus
1115 3286 1469 3381 qualitatibus
1515 3286 1835 3381 spiritaliter
1862 3309 2152 3366 excitatur.
2184 3286 2230 3350 (ἶ
2262 3299 2567 3366 mutabiles,
2600 3300 2762 3357 ‘situt
2813 3300 3022 3370 primus
3078 3302 3242 3356 homo
3280 3311 3541 3359 mutatus
3589 3316 3693 3366 est,
3720 3316 3829 3360 etet

566 3409 689 3479 Ipse
708 3420 840 3462 vero
887 3404 1246 3475 corporaliter
1269 3418 1337 3459 ex
1368 3402 1598 3458 materia
1635 3402 1808 3457 calida
1839 3408 1894 3458 et
1937 3401 2155 3474 frigida,
2253 3391 2402 3463 iusto
2432 3390 2610 3447 factus
2641 3398 2726 3483 est
2752 3390 3007 3463 ίηὶυδιυεν
3030 3407 3096 3447 ει
3126 3390 3266 3447 bono
3298 3392 3537 3481 illlpins.
3562 3411 3631 3449 ex
3660 3397 3833 3483 immot-

570 3499 795 3557 bumida
848 3503 905 3552 et
951 3497 1096 3552 sicca
1151 3496 1515 3566 componitur.
1565 3494 1716 3562 Asia,
1770 3494 2159 3565 interpretatur

571 3591 748 3647 elatio.
781 3588 956 3644 Elatio
983 3595 1166 3644 autem
1192 3594 1250 3642 et
1278 3586 1334 3640 in
1364 3586 1560 3642 bonam
1583 3594 1642 3643 et
1681 3586 1735 3641 in
1765 3585 1964 3640 malam
2003 3586 2160 3656 poni-

570 3692 662 3738 tur
685 3688 916 3752 partem,
962 3691 1064 3733 nec
1115 3691 1333 3747 semper
1373 3692 1473 3747 pro
1501 3678 1635 3733 vitio
1666 3676 1905 3748 ponitur,
1934 3680 2028 3733 sed
2055 3678 2159 3732 ali-

567 3773 785 3845 quando
813 3770 1048 3828 cnltnina
1079 3769 1340 3824 virtutum
1374 3768 1639 3841 designat.
1663 3768 1722 3823 ln
1750 3769 1893 3823 bono
1919 3768 2159 3838 ponitur,

571 3875 632 3921 ut
668 3863 797 3920 illud
840 3861 993 3919 Isaite
1038 3860 1175 3932 (Isti.
1223 3875 1375 3925 mu,
1406 3859 1495 3930 cx)
1528 3877 1540 3913 :
1574 3858 1780 3913 Ponant
1809 3867 1858 3914 te
1887 3858 1943 3913 in
1979 3874 2162 3929 super-

568 3958 707 4012 biam
737 3953 1074 4015 “sculorum.
1108 3950 1396 4008 Sustollam
1424 3959 1474 4005 te
1499 3966 1656 4019 super
1696 3948 2028 4005 altitudinem
2052 3958 2159 4004 ter-

567 4064 664 4104 τα».
692 4046 1018 4105 Altitudines
1049 4051 1210 4100 terrae
1257 4050 1384 4097 sunt
1432 4041 1655 4108 divitiae,
1686 4043 1945 4107 honores,
1984 4041 2161 4114 digni-

573 4147 731 4193 tates.
767 4137 942 4205 Super
969 4134 1283 4189 altitudines
1309 4133 1405 4188 has
1434 4133 1576 4188 Deus
1597 4133 1939 4202 onmipotens
1979 4134 2161 4203 posuit

571 4227 813 4289 Petrum,
861 4222 1107 4287 Paulum,
1158 4229 1213 4276 et
1267 4230 1493 4277 cazteros
1538 4221 1632 4292 qui
1682 4221 1915 4291 primum
1960 4221 2157 4278 funda-

577 4298 821 4379 mentum
854 4314 1109 4369 Ecclesiae
1132 4310 1404 4381 jccerunt.
1432 4309 1567 4365 Nam
1593 4311 1738 4367 sicut
1763 4326 1888 4366 cum
1917 4319 2161 4367 montem

573 4407 820 4478 quisquis
847 4404 1179 4468 conscendit,
1211 4418 1278 4459 eo
1317 4402 1590 4473 paulisper
1611 4410 1810 4458 caetera
1831 4400 2163 4471 subjaccntia

572 4502 822 4573 despicit,
853 4515 960 4571 quo
990 4500 1056 4553 ad
1096 4498 1287 4551 altiora
1323 4495 1445 4566 plus
1471 4509 1692 4567 gressus
1736 4495 1924 4560 tendit,
1970 4496 2044 4551 ita
2070 4494 2164 4567 qui

577 4592 933 4647 intentionem
980 4588 1170 4642 nititur
1223 4586 1388 4657 ﬁgere
1431 4583 1486 4639 in
1525 4583 1773 4650 summis,
1832 4598 1898 4639 eo
1932 4584 2164 4655 amplius

2262 3483 2357 3539 tali
2381 3484 2643 3539 mortalis.
2670 3482 2865 3540 Omnis
2906 3484 3053 3539 enim
3082 3493 3333 3539 creatura
3381 3475 3680 3542 mutabilis
3715 3475 3829 3541 coui-

2260 3583 2446 3647 parata
2472 3575 2785 3639 mternitati,
2807 3575 2962 3647 quasi
2991 3591 3095 3630 non
3137 3584 3243 3639 est,
3274 3574 3524 3650 ideoque
3569 3579 3830 3649 specialiter

2260 3680 2380 3722 esse
2405 3667 2604 3721 habere
2630 3668 2846 3733 dicitur,
2871 3668 2962 3738 qui
2991 3683 3204 3739 semper
3243 3668 3386 3723 idem
3414 3679 3530 3725 est.
3563 3672 3696 3725 Erat
3715 3687 3824 3732 vero,

2261 3760 2383 3830 quia
2401 3770 2689 3830 antequam
2705 3761 2771 3816 de
2784 3762 2938 3816 beata
2954 3759 3170 3834 Virgine
3184 3770 3523 3818 nasceretur
3536 3765 3594 3818 in
3614 3775 3825 3832 tearpere.

2263 3861 2454 3908 cuncta
2475 3867 2596 3906 cum
2620 3851 2779 3906 Patre
2805 3850 2934 3907 fecit
2962 3851 3394 3925 tempora,jnxta
3424 3855 3568 3909 illud
3598 3874 3615 3910 :
3643 3854 3702 3910 In
3720 3856 3825 3925 ρτίιι-

2261 3943 2399 4015 cipio
2418 3955 2529 4003 erat
2560 3942 2783 3998 Verbum
2804 3941 2985 4015 (Joan.
3001 3946 3063 4016 t);
3082 3954 3165 3999 et:
3188 3943 3383 3999 Omnia
3403 3964 3512 4017 per
3536 3949 3709 4020 ipsum
3725 3947 3825 4017 {sua

2260 4046 2381 4092 sunt
2399 4036 2612 4109 (Ibid.).
2629 4038 2903 4097 Venturus
2921 4048 3005 4094 est
3026 4041 3093 4096 ad
3113 4037 3407 4108 judicium,
3424 4044 3601 4112 juxta
3626 4045 3743 4099 illud
3761 4058 3830 4096 as-

2261 4127 2499 4200 gelorum
2516 4128 2840 4200 promissum
2860 4147 2874 4182 :
2893 4128 2980 4183 Sic
3006 4131 3654 4203 uertietquentodmodum
3677 4135 3830 4190 ddisti:

2261 4234 2380 4274 eum
2414 4229 2618 4274 euntem
2643 4220 2697 4274 in
2721 4218 2906 4274 caelum
2930 4220 3067 4291 (Ast.
3092 4220 3154 4292 t).
3194 4219 3333 4277 Cum
3384 4223 3591 4296 itaque
3630 4228 3830 4283 bacam

2264 4309 2371 4365 nisi
2398 4308 2495 4364 soli
2527 4308 2663 4365 Filio
2691 4324 2991 4382 congruere
3017 4311 3323 4377 videantur,
3373 4324 3433 4369 ct
3462 4315 3619 4373 hanc
3647 4318 3828 4391 gratim

2265 4400 2504 4457 Ecclesia
2526 4399 2796 4472 justorum
2826 4417 2857 4457 a
2884 4401 3042 4459 Patre
3071 4412 3125 4460 et
3152 4400 3286 4459 Filio
3312 4416 3493 4476 atque
3522 4410 3723 4479 Spiritu
3742 4425 3830 4463 san-

2265 4501 2354 4549 cto
2394 4493 2644 4564 percipit,
2677 4493 2804 4565 quia
2842 4509 3072 4564 quorum
3117 4496 3514 4568 inseparabilis
3546 4512 3639 4557 est
3674 4504 3830 4564 unLus,

2268 4584 2644 4656 inseparabilis
2671 4593 2756 4640 cst
2781 4586 2946 4641 etiam
2973 4589 3236 4657 operatio,
3265 4590 3412 4660 quod
3447 4593 3563 4648 sibi
3612 4595 3721 4649 vult
3741 4596 3830 4651 hoc.

574 4692 793 4739 terrena
811 4679 1055 4749 despicit,
1086 4692 1193 4747 quo
1239 4647 1470 4747 amplius
1512 4647 1767 4731 elevatur
1788 4675 1855 4730 ad
1894 4647 2157 4744 code-stin,
2192 4647 2240 4707 θ
2264 4647 2407 4748 quod
2436 4677 2774 4734 solummodo
2808 4647 3094 4735 mentio-lit
3122 4647 3239 4736 Filii
3273 4647 3355 4736 vel
3378 4647 3833 4754 Spiritus

574 4783 631 4832 et
662 4772 804 4843 quod
839 4771 991 4842 prius
1029 4769 1080 4824 in
1108 4768 1218 4823 imo
1250 4766 1457 4838 positus
1483 4780 1646 4836 super
1671 4780 1729 4821 se
1754 4766 2004 4831 credidit,
2039 4774 2161 4837 post

574 4866 915 4925 ascendendo
939 4862 1247 4934 proﬁciens,
1281 4862 1381 4917 sub
1407 4876 1466 4915 se
1503 4875 1623 4917 esse
1643 4860 1944 4932 cognoscit.
1967 4860 2024 4916 In
2057 4862 2157 4919 hac

574 4962 713 5016 bona
739 4957 971 5014 elatione
1000 4953 1249 5010 consistit
1291 4952 1549 5018 Ecclesia,
1574 4953 1699 5024 quia
1732 4962 1947 5009 terrena
1978 4953 2157 5010 omnia

574 5052 816 5116 calcans,
862 5057 1042 5105 mente
1082 5046 1251 5104 etelos
1298 5047 1586 5114 inhabitat,
1631 5048 1821 5103 dicens
1851 5062 1971 5103 cum
2013 5046 2158 5117 Apo-

576 5141 757 5198 stolo:
810 5138 1009 5195 Nostra
1056 5138 1376 5193 conversatio
1406 5139 1461 5193 in
1507 5136 1648 5193 caelis
1673 5148 1749 5193 est
1803 5136 2025 5209 (Philip.
2052 5139 2160 5210 tn).

576 5234 729 5302 Quod
757 5233 801 5289 si
828 5232 991 5288 etiam
1013 5231 1301 5288 elationem
1324 5230 1379 5286 in
1408 5230 1738 5287 contrariam
1771 5240 1981 5299 partem
2012 5229 2165 5286 intel-

578 5325 744 5396 ligere
790 5323 1145 5388 voluerimus,
1180 5336 1357 5392 neque
1406 5321 1460 5375 in
1508 5321 1612 5375 hoc
1650 5335 1680 5374 a
1729 5334 1866 5375 sano
1895 5320 2163 5377 intellectu

579 5417 897 5480 recedimus,
925 5417 1049 5486 quia
1106 5414 1256 5471 multi
1286 5430 1317 5469 a
1359 5429 1455 5471 sua
1504 5415 1756 5484 superbia
1806 5411 1997 5483 dejecti
2041 5426 2166 5473 sunt

578 5526 675 5580 per
701 5510 927 5577 gratiam
959 5508 1158 5563 Christi
1188 5516 1353 5576 atque
1387 5506 1687 5574 ltumiliati;
1719 5508 1785 5566 ad
1812 5522 1950 5579 quos
1976 5509 2162 5576 etiam,

578 5600 706 5669 quia
730 5600 969 5655 membra
997 5610 1120 5657 sunt
1149 5598 1422 5664 Ecclesiae,
1468 5600 1583 5655 lucc
1619 5601 1855 5672 pertinet
1881 5598 2161 5655 revelatio.

581 5691 858 5761 tinpletum
889 5694 991 5750 hoc
1029 5692 1406 5763 cognoscimus
1435 5693 1490 5749 in
1536 5692 1723 5761 Paulo,
1759 5695 1851 5765 qui
1883 5694 2039 5763 prius
2067 5694 2166 5753 fuit

578 5784 848 5850 superbus
895 5784 1149 5842 Ecclesia:
1196 5794 1515 5857 persecutor
1542 5825 1559 5851 ,
1606 5784 1799 5841 deinde
1847 5785 2024 5843 factus
2085 5797 2169 5845 est

580 5872 858 5943 piissimus
886 5877 1225 5945 praedicator.
1255 5878 1329 5933 De
1353 5878 1597 5948 superbis
1639 5877 1783 5934 enim
1818 5887 1980 5951 atque
2009 5880 2167 5938 elatis

2268 4765 2377 4823 Sed
2406 4766 2684 4823 sciendum
2716 4769 2839 4839 quia
2867 4786 2984 4825 mos
3023 4778 3107 4827 est
3138 4785 3307 4828 sacne
3336 4772 3659 4846 Scriptura:
3696 4787 3749 4833 ut
3771 4778 3833 4831 ubi

2268 4863 2428 4916 unius
2462 4860 2522 4915 tit
2568 4862 2771 4918 mentio
2803 4879 3047 4933 persona:
3091 4868 3157 4921 de
3202 4863 3505 4933 Trinitate,
3558 4880 3675 4925 tota
3713 4869 3835 4925 una!

2268 4952 2503 5008 Trinitas
2530 4952 2876 5023 intelligatur.
2919 4955 3061 5026 Ergo
3089 4956 3179 5012 ubi
3208 4957 3263 5012 in
3310 4972 3565 5028 persona
3597 4963 3717 5017 Filii
3741 4961 3838 5016 6dr-

2266 5043 2407 5100 libus
2429 5045 2662 5115 gratiam
2693 5045 2932 5101 tribuere
2970 5046 3213 5117 legentes
3253 5050 3606 5120 audivimus,
3634 5052 3779 5110 simul
3799 5053 3839 5104 is

2263 5136 2380 5207 ipsa
2402 5136 2619 5193 datione
2640 5136 2855 5193 Patrem
2893 5147 2950 5193 et
2975 5138 3168 5194 Filium
3198 5148 3251 5194 et
3292 5139 3579 5213 Spiritum
3628 5154 3838 5202 sanam

2264 5229 2565 5302 intelligere
2585 5230 2867 5287 debemus.
2900 5231 3097 5288 lterum
3125 5238 3408 5304 quaeritur,
3464 5253 3609 5293 cum
3640 5240 3842 5301 situas

2265 5324 2501 5394 Spiritus
2525 5325 2619 5396 qui
2666 5324 2839 5397 replet
2862 5327 3047 5382 orbem
3080 5336 3372 5393 terrarum,
3399 5344 3508 5384 cur
3533 5329 3773 5387 Joannes
3803 5329 3843 5381 is

2268 5419 2368 5476 hac
2390 5418 2719 5476 revelatione
2760 5430 2968 5490 septem
3000 5421 3227 5490 spiritus
3250 5421 3597 5479 introducit?
3618 5424 3842 5479 nimium

2264 5520 2488 5582 propter
2516 5513 2906 5581 septenariam,
2938 5512 2989 5565 id
3015 5522 3100 5567 est
3133 5512 3488 5584 multiplicem
3518 5516 3647 5588 ejus
3684 5530 3843 5587 ομη-

2268 5604 2491 5659 tionem.
2521 5604 2760 5676 Simplex
2793 5607 2976 5675 itaque
3002 5615 3088 5662 est
3116 5607 3442 5677 proprietate
3474 5619 3719 5671 natura,
3740 5604 3847 5662 uta-l-

2270 5695 2437 5766 tiplcx
2462 5711 2590 5753 vero
2625 5698 2923 5767 gratiarum
2966 5697 3365 5761 distributione.
3418 5698 3569 5755 lliuc
3616 5698 3843 5754 Salomon

2268 5786 2402 5843 dicit
2425 5787 2676 5845 eumdem
2702 5788 2957 5858 spiritum
3004 5787 3224 5844 unicum
3271 5796 3326 5844 et
3381 5788 3767 5860 multiplicem.
3794 5783 3843 5836 ει

2269 5896 2303 5935 a
2330 5888 2519 5948 septem
2569 5880 2855 5952 spiritibus,
2905 5898 3024 5951 qua:
3081 5881 3135 5936 in
3188 5891 3459 5953 conspectu
3520 5880 3710 5936 throni
3754 5877 3843 5947 sit!
