3974 6440
117 365 235 421 935

1022 356 1026 361 ’
1092 368 1457 427 EXPOSlTlO
1493 369 1561 425 IN
1598 368 2098 431 APOCALYPSIN.
2141 406 2208 415 —
2246 374 2371 431 LIB.
2410 375 2450 433 Ι.

3298 364 3406 439 Sit-6

118 490 265 565 sunt.
294 482 547 541 Thronus
592 482 692 540 Dei
744 492 870 539 sunt
916 483 1092 554 angeli
1135 484 1307 541 sancti
1358 493 1414 538 et
1461 482 1710 539 homines
1741 484 1788 546 A
1816 486 2118 541 surrexisse
2169 489 2253 543 vel
2305 490 2505 546 vixisse
2553 490 2897 560 computandi
2945 500 3087 547 sunt.
3130 489 3224 548 ille
3273 507 3403 565 ergo

112 560 270 641 iusti,
322 576 378 631 in
427 592 659 650 quorum
719 578 988 633 mentibus
1038 594 1136 649 per
1187 578 1348 634 ﬁdem
1402 577 1712 649 requiescit.

119 666 279 724 Unde
298 677 381 727 est
405 686 422 724 :
451 670 643 725 Anima
664 670 799 741 justi
828 670 975 726 series
1002 681 1081 726 est
1106 674 1378 742 sapientite
1414 671 1565 744 (Sep.
1592 670 1711 743 vn).

114 762 177 818 In
199 763 358 834 cujus
398 763 580 819 throni
603 771 898 833 conspectu
928 762 1166 835 Spiritus
1195 776 1416 821 sanctus
1443 774 1550 829 est,
1586 764 1714 833 quia

117 853 177 908 in
214 859 535 909 sanctorum
574 852 838 909 memoria
888 857 970 919 (ut
1019 854 1278 922 diximus)
1316 854 1626 923 requiescit,
1657 862 1714 908 et

116 945 240 1002 illos
276 946 540 1017 possidet,
588 963 886 1019 eorumque
935 963 1099 1018 opera
1142 949 1402 1020 disponit,
1437 956 1490 1003 et
1519 948 1586 1003 ad
1615 945 1711 1003 Dei

117 1054 360 1095 amorem
404 1047 462 1096 et
507 1041 878 1112 proximorum
924 1040 1172 1096 accendit
1219 1040 1593 1107 dilectionem,
1639 1040 1709 1095 ad

115 1144 277 1199 quem
329 1130 495 1186 etiam
547 1131 858 1201 specialiter
926 1131 1176 1186 remissio
1223 1131 1461 1201 pertinet
1514 1145 1711 1202 pecca-

116 1232 317 1287 torum,
350 1236 472 1291 qua:
495 1222 557 1277 ﬁt
588 1222 643 1277 in
687 1221 1011 1291 baptismate
1038 1236 1203 1291 opere
1231 1219 1467 1291 Spiritus
1492 1221 1664 1276 sancti
1689 1237 1705 1287 ;

115 1317 264 1373 unde
318 1315 580 1373 Dominus
631 1316 765 1372 dicit
809 1315 1120 1386 apostolis:
1177 1315 1405 1387 Accipite
1454 1312 1708 1385 Spiritum

114 1419 398 1466 sanctum:
450 1427 673 1483 quorum
721 1409 1022 1465 remiseritis
1074 1417 1309 1481 peccata,
1373 1408 1710 1465 remittuntur

112 1501 190 1555 eis
217 1498 401 1573 (Joan.
427 1501 541 1572 xx).
575 1500 754 1569 Quare
785 1508 989 1571 septem
1032 1498 1261 1571 spiritus
1312 1498 1581 1563 dicantur,
1617 1511 1709 1553 su.

113 1592 420 1667 pradictum
441 1601 547 1650 est.

150 1708 153 1709 '
186 1686 255 1741 Et
300 1705 334 1742 a
373 1684 502 1742 Iesu
552 1684 781 1749 Christo,
830 1685 920 1757 qui
949 1694 1023 1740 est
1052 1684 1197 1739 testis
1222 1683 1416 1753 fidelis.
1465 1683 1603 1751 Quia
1640 1683 1713 1737 de

110 1775 334 1833 Christo
382 1784 502 1833 erat
546 1775 702 1847 plura
750 1775 1051 1839 locuturus,
1107 1773 1303 1828 iterum
1349 1773 1548 1842 repetit
1590 1770 1708 1841 ejus

1816 576 2208 647 primogenitus
2235 593 2570 637 mortuorum
2599 591 2743 637 recte
2767 592 3009 646 vocatur,
3034 586 3159 653 quia
3182 584 3259 637 sic
3281 600 3402 640 sur-

1816 668 1959 723 rexit
1992 670 2297 735 amortuis,
2325 679 2386 727 ut
2431 672 2569 727 ultra
2611 688 2716 727 non
2761 683 3086 729 moreretur.
3140 675 3325 730 Potest
3352 685 3405 732 et

1814 759 1972 815 aliter
1991 760 2215 832 intelligi
2249 780 2262 816 :
2292 778 2481 820 omnes
2506 764 2663 820 electi
2692 767 2782 836 qui
2819 781 2877 820 se
2901 766 3252 831 mortillcant,
3280 784 3403 821 cum

1814 850 1961 906 vitiis
1990 859 2046 906 et
2074 853 2332 922 peccatis,
2359 861 2413 908 et
2461 854 2762 924 voluptates
2818 858 2999 912 carnis
3056 858 3110 912 in
3148 872 3208 914 se
3253 860 3403 915 occi-

1813 941 1968 1009 dunt,
2002 944 2629 1017 tnortuisuntpeccato,
2680 956 2738 1003 et
2787 949 2975 1004 vivunt
3030 949 3141 1006 Deo
3172 965 3401 1022 quorum

1809 1034 2202 1105 primogenitus
2239 1037 2400 1109 digne
2452 1048 2676 1093 vocatur
2725 1038 2991 1107 Christus,
3046 1042 3173 1111 quia
3210 1056 3404 1114 pecea-

1810 1134 1926 1181 tum
1993 1144 2100 1184 non
2150 1128 2318 1195 fecit,
2364 1139 2421 1186 et
2475 1130 2946 1188 mortiﬁcationem
2994 1134 3122 1189 vita:
3169 1136 3405 1192 carnalis

1809 1219 2063 1275 ostendit.
2110 1219 2177 1273 Et
2204 1222 2443 1293 print-aps
2490 1239 2669 1293 regum
2705 1234 2878 1279 teme.
2910 1223 3086 1295 Reges
3120 1234 3279 1283 terra:
3309 1241 3401 1295 ap-

1810 1309 2082 1379 pellantur
2109 1327 2299 1368 omnes
2348 1312 2505 1369 electi
2548 1313 2639 1383 qui
2684 1314 2934 1389 vitiorum
2967 1316 3301 1386 tyrannidem
3348 1317 3400 1369 in

1809 1413 1870 1455 se
1895 1414 2223 1473 consurgere
2253 1416 2358 1459 non
2389 1402 2592 1469 sinunt,
2625 1403 2719 1460 sed
2772 1404 2853 1460 eis
2893 1405 3016 1475 jure
3050 1404 3395 1459 damnantur.

1809 1490 2057 1548 Possunt.
2093 1502 2272 1550 autem
2322 1502 2381 1550 et
2414 1509 2569 1564 reges
2612 1504 2772 1551 terrm
2823 1497 3137 1566 specialiter
3172 1496 3397 1568 intelligi

1805 1587 2215 1657 praedicatores,
2250 1588 2344 1659 qui
2386 1589 2513 1645 dum
2560 1588 2723 1645 corda
2776 1589 3076 1644 carnalium
3132 1604 3164 1644 a
3217 1589 3399 1660 pravi-

1808 1686 1920 1734 tate
1959 1680 2318 1754 restringunt,
2348 1696 2514 1753 super
2561 1690 2764 1737 terram
2796 1691 2856 1738 ut
2905 1696 3060 1754 reges
3105 1684 3397 1755 imperant,

1808 1777 2068 1828 cmterum
2120 1773 2277 1829 bonis
2328 1781 2384 1829 et
2438 1772 2809 1844 spiritualibus
2846 1773 2978 1830 viris
3035 1774 3089 1830 in
3142 1775 3290 1831 nullo
3339 1792 3398 1831 se

109 1874 424 1944 personam,
454 1872 639 1928 dicens
667 1891 680 1926 ε
712 1871 777 1927 Et
802 1886 831 1925 ιι
877 1868 1004 1927 ,ιεειι
1030 1868 1267 1936 Christo,
1297 1870 1389 1939 qui
1427 1877 1513 1925 est
1551 1869 1717 1925 testis,
1739 1854 1783 1914 Β
1808 1862 2124 1933 praeferunt.
2170 1861 2303 1921 Hinc
2336 1871 2415 1920 est
2454 1863 2597 1933 quod
2626 1864 2820 1919 Petrus
2875 1864 3124 1921 Cornelio
3152 1882 3211 1921 se
3259 1882 3399 1923 coas-

112 1954 310 2031 ﬁdelis,
341 1963 395 2019 id
436 1972 520 2020 est
556 1978 753 2028 verax,
799 1962 1068 2033 quoniam
1087 1960 1236 2016 Patri
1266 1961 1513 2031 perhibet
1551 1960 1707 2016 testi.

111 2057 374 2125 monium,
413 2056 598 2114 dicens
624 2056 864 2113 inda-is:
908 2053 1072 2110 Pater
1095 2056 1158 2110 in.
1197 2071 1280 2110 me
1329 2070 1566 2120 manens,
1598 2056 1709 2123 ipse

110 2149 242 2219 facit
270 2164 426 2221 opera
470 2147 652 2222 (Joan.
678 2148 828 2218 xiv);
860 2156 950 2203 et:
1006 2145 1135 2202 Htrc
1162 2158 1235 2203 est
1263 2148 1368 2202 vita
1399 2158 1619 2213 interna,
1649 2157 1707 2202 ut

110 2255 426 2317 cognoscant
456 2256 505 2301 te
537 2244 718 2324 (loqu.
744 2245 914 2317 xvrr);
941 2253 1032 2301 et:
1067 2242 1156 2300 Sic
1181 2242 1323 2299 Deus
1343 2243 1526 2299 dilexit
1555 2262 1706 2300 mune

109 2336 260 2405 dum,
300 2348 355 2393 ut
388 2336 587 2392 Filium
632 2355 786 2394 suum
830 2337 1155 2409 unigenitum
1185 2337 1333 2391 daret
1365 2335 1548 2409 (Joan.
1582 2337 1705 2408 tn);

108 2438 203 2485 et:
238 2428 347 2500 Ego
389 2430 650 2502 trtnc'pso
692 2447 793 2483 non
820 2429 932 2485 reui
975 2428 1158 2501 (Joan.
1198 2428 1318 2499 vn);
1351 2436 1407 2483 et
1431 2427 1596 2484 multa
1621 2429 1708 2485 his

109 2522 330 2577 similia.
384 2522 490 2580 Sed
519 2524 657 2579 sicut
686 2522 855 2579 Filius
879 2531 964 2578 est
1004 2522 1160 2577 testis
1211 2520 1405 2590 ﬁdelis,
1433 2523 1505 2578 ita
1541 2522 1706 2579 etiam

109 2602 296 2680 Pater,
348 2614 422 2668 ita
476 2622 530 2669 et
576 2613 808 2684 Spiritus
843 2622 1086 2670 sanctus.
1133 2613 1220 2668 Ait
1256 2614 1397 2669 enim
1451 2613 1611 2669 Pater
1641 2615 1708 2671 de

106 2702 269 2770 Filio,
285 2703 649 2759 testimonium
675 2703 747 2759 illi
775 2704 1066 2774 perhibens
1091 2721 1103 2757 :
1140 2701 1243 2757 Hic
1265 2713 1339 2758 est
1362 2702 1538 2759 Filius
1560 2722 1704 2761 meus

107 2797 351 2861 dilectus,
406 2798 459 2852 in
504 2815 607 2865 quo
654 2798 785 2852 mihi
833 2796 1124 2868 complacui
1172 2796 1392 2869 (Matth.
1421 2797 1528 2869 tu).
1561 2797 1707 2868 Ipse-

105 2903 217 2960 que
260 2887 428 2944 Filius
475 2888 542 2944 de
593 2872 794 2960 Spi‘ritu
839 2888 1089 2959 perhibet
1155 2886 1525 2943 testimonium
1583 2901 1707 2943 cum

105 2972 280 3035 dicit:
337 2977 564 3051 Spiritus
590 2989 664 3033 est
694 2979 785 3050 qui
836 2976 1061 3049 viviﬁcat
1090 2975 1276 3049 (Joan.
1306 2976 1381 3045 Vt)
1409 2993 1422 3043 ;
1453 2986 1507 3032 et
1534 2995 1546 3031 :
1581 2975 1706 3047 Spi-

105 3060 246 3131 ritus
273 3072 363 3128 ubi
396 3072 500 3128 uult
552 3073 715 3143 spirat
746 3072 927 3145 (.loan.
962 3072 1077 3143 Ill);
1136 3080 1230 3127 et:
1267 3069 1573 3126 Paracletus
1600 3072 1711 3142 ipse

105 3182 201 3223 W8
226 3163 428 3221 docebit
461 3166 638 3219 omnia
673 3164 855 3236 (Joan.
890 3164 1026 3237 xlv).
1057 3164 1292 3234 Spiritus
1318 3178 1533 3235 quoque
1581 3178 1705 3219 san-

1809 1954 2026 2024 qualem
2080 1954 2280 2011 fatetur
2338 1956 2475 2024 (Act.
2546 1957 2624 2027 x);
2688 1956 2910 2010 Ananiae
2972 1972 3100 2012 vero
3160 1959 3403 2015 animum

1808 2047 1990 2121 gladio
2019 2049 2170 2106 verbi
2196 2048 2415 2120 perimit
2443 2048 2583 2120 (Act.
2609 2048 2684 2119 v).

1882 2138 2173 2196 Sciendum
2203 2148 2284 2196 est
2313 2149 2493 2195 autem
2536 2140 2662 2210 quia
2716 2139 3102 2209 przedieatores
3142 2140 3401 2195 Ecclesia}

1807 2230 1972 2286 etiam
2005 2231 2136 2302 ipsis
2161 2230 2471 2287 carnalibus
2492 2231 2567 2286 ita
2591 2231 2857 2286 dominari
2897 2240 3179 2303 appetunt,
3205 2239 3396 2300 quate-

1809 2336 1911 2377 nus
1945 2330 2001 2376 et
2024 2322 2456 2393 compassionem
2492 2329 2723 2387 naturae,
2752 2330 2804 2377 et
2835 2321 2980 2377 vitiis
3015 2320 3399 2377 rectitudinem

1809 2414 2120 2469 exhibeant.
2152 2414 2354 2470 Eorum
2395 2414 2579 2484 itaque
2618 2413 2870 2484 princeps
2895 2422 2981 2468 est
3006 2413 3275 2477 Christus,
3299 2413 3405 2483 qui

1808 2512 1894 2560 est
1935 2519 2031 2559 rex
2064 2519 2276 2575 regum,
2320 2511 2377 2559 et
2416 2503 2679 2558 Dominus
2721 2502 3137 2568 dominantium,
3184 2502 3250 2556 de
3286 2517 3395 2573 quo

1809 2594 1987 2649 adhuc
2016 2593 2265 2665 sequitur
2298 2612 2313 2649 :
2343 2592 2447 2660 Qui
2492 2591 2671 2649 dilexit
2705 2608 2821 2657 nos,
2852 2602 2899 2647 et
2934 2592 3061 2647 lavit
3090 2608 3186 2647 nos
3211 2610 3244 2645 a
3278 2604 3396 2661 pea-

1809 2689 1940 2743 catis
1963 2688 2153 2742 nostris
2187 2688 2242 2743 in
2269 2687 2523 2757 sanguine
2546 2702 2661 2740 suo.
2696 2686 2815 2754 Quo
2840 2685 2985 2741 enim
3013 2699 3199 2740 amore
3229 2684 3399 2740 Filius

1809 2779 1903 2835 Dei
1935 2796 2035 2835 nos
2074 2779 2347 2845 dilexerit,
2390 2780 2677 2851 passiones
2729 2779 2872 2834 illius
2916 2778 3210 2837 ostendunt
3261 2795 3398 2850 quas

1810 2886 1906 2941 pro
1928 2872 2083 2927 nobis
2132 2870 2377 2941 pertulit.
2409 2871 2484 2926 De
2512 2872 2614 2927 hac
2636 2871 2927 2926 dilectione
2954 2872 3032 2925 ait
3056 2870 3353 2940 Apostolus
3381 2889 3393 2923 :

1809 2962 2051 3019 Christus
2106 2962 2288 3018 dilexit
2344 2960 2653 3026 Ecclesium,
2708 2972 2755 3016 et
2799 2961 3019 3017 tradidit
3066 2963 3396 3031 semetipsum

1808 3070 1904 3125 pro
1929 3069 1991 3107 ea
2027 3048 2244 3124 (Epltes.
2283 3052 2358 3124 v).
2394 3050 2472 3106 Ad
2508 3050 2663 3121 cujus
2690 3052 2857 3106 etiam
2903 3052 3248 3108 dilectionem
3277 3052 3397 3105 imi—-

1814 3144 2033 3201 tandam
2062 3146 2313 3202 hortatur
2342 3143 2548 3210 ﬁdeles,
2594 3146 2827 3200 dicens:
2858 3144 3148 3200 Ambulate
3181 3144 3234 3199 in
3259 3144 3397 3201 dile-

103 3238 231 3315 ctus
259 3255 324 3312 de
340 3255 476 3313 Filio
501 3217 868 3312 testim‘onium
890 3217 1023 3312 dicit
1061 3217 1204 3327 quod
1231 3256 1305 3311 sit
1326 3217 1545 3321 icrilas,
1566 3257 1705 3311 sicut

1811 3236 1992 3291 ctione
2016 3235 2159 3291 sicut
2203 3243 2261 3291 et
2292 3234 2541 3291 Christus
2589 3234 2778 3291 dilexit
2807 3250 2925 3301 nos,
2956 3243 3017 3289 et
3055 3235 3274 3290 tradidit
3312 3250 3398 3290 sev

104 3349 381 3421 scriptum
405 3357 490 3404 est
540 3366 553 3403 :
605 3347 836 3419 Spiritus
866 3356 941 3402 est
969 3348 1061 3420 qui
1096 3346 1426 3416 testiﬁcatur,
1457 3348 1704 3418 quoniam

104 3440 350 3506 Christus
379 3451 452 3497 est
483 3442 672 3496 veritas
702 3438 755 3513 (Ι
784 3439 945 3497 Joan.
974 3441 1063 3512 v);
1096 3451 1152 3497 et
1182 3441 1296 3513 ipse
1321 3440 1492 3497 Filius
1525 3441 1656 3497 dicit
1686 3461 1699 3497 :

104 3532 215 3588 Ille
242 3532 596 3588 testimonium
622 3532 909 3604 perhibebit
958 3531 1023 3587 de
1067 3549 1146 3587 me
1187 3532 1370 3605 (Joan.
1403 3531 1515 3603 xv).
1550 3531 1705 3588 Unde

105 3618 388 3679 sciendum
419 3633 501 3679 est
522 3623 648 3694 quia
670 3623 812 3679 sicut
840 3623 894 3679 hi
922 3632 1031 3679 tres
1059 3639 1225 3679 unum
1248 3631 1392 3690 sunt,
1417 3623 1495 3679 sic
1516 3637 1701 3678 eorum

109 3712 479 3769 testimonium
510 3713 728 3768 unicum
762 3721 868 3777 est,
917 3728 1226 3782 quanquam
1282 3711 1506 3767 alterius
1550 3711 1702 3767 testi-

106 3801 294 3856 monio
316 3800 451 3855 alter
472 3801 792 3856 insinuetur.
819 3799 1140 3870 Specialiter
1162 3810 1341 3856 autem
1358 3801 1527 3856 Filius
1549 3801 1704 3856 testis

107 3894 360 3961 vocatur,
417 3883 541 3953 quia
596 3899 698 3954 pro
747 3885 1060 3940 testimonio
1116 3885 1364 3941 veritatis
1413 3900 1587 3955 usque
1636 3887 1703 3940 ad

111 3982 348 4031 mortem
381 3976 629 4043 pervenit
654 3976 858 4041 carnis,
878 3976 1004 4045 quia
1033 3984 1088 4031 et
1110 3990 1234 4031 cum
1256 3976 1433 4032 omnis
1463 3975 1703 4032 Ecclesia

113 4066 169 4121 in
198 4063 646 4135 praedicatoribus
676 4063 894 4121 Christo
942 4066 1310 4122 testimonium
1360 4065 1702 4139 perhibebat,

114 4155 190 4213 illi
217 4154 526 4227 specialiter
561 4163 730 4212 testes
758 4166 1044 4225 vocantur,
1076 4159 1170 4229 qui
1221 4172 1321 4230 pro
1367 4157 1570 4214 Christi
1601 4175 1703 4214 no-

111 4248 260 4307 mine
279 4250 602 4305 moriuntur.
646 4245 1034 4321 Primogenitus
1080 4259 1429 4305 mortuorum.
1491 4251 1704 4307 Primus

113 4342 278 4398 homo
306 4354 371 4395 ea
420 4338 730 4395 conditione
768 4349 982 4396 creatus
1018 4349 1122 4408 est,
1155 4349 1214 4397 ut
1263 4341 1364 4398 nisi
1399 4352 1702 4414 peccasset,

112 4430 437 4488 immortalis
492 4431 816 4499 mansisset;
874 4432 969 4487 sed
1012 4433 1139 4504 quia
1185 4435 1435 4504 peccavit
1462 4442 1705 4492 mortuus

109 4531 214 4587 est,
249 4530 303 4578 et
330 4522 491 4579 rediit
521 4522 574 4579 in
607 4530 833 4577 matrem
861 4538 1034 4590 suam,
1062 4525 1165 4580 hoc
1194 4532 1278 4580 est
1312 4524 1364 4579 in
1390 4532 1610 4591 terram,
1640 4525 1704 4581 de

112 4630 221 4686 qua
249 4612 427 4669 fuerat
454 4614 725 4681 conditus,
752 4614 965 4671 dicente
996 4615 1101 4671 sibi
1132 4616 1394 4673 Domino:
1432 4617 1593 4673 Terra
1628 4636 1701 4685 es,

111 4714 160 4761 et
193 4706 247 4759 in
274 4715 468 4759 terram
499 4706 787 4770 reverteris,
841 4706 905 4761 de
935 4724 1039 4778 qua
1089 4719 1391 4781 assumptus
1447 4726 1501 4764 es
1549 4709 1701 4782 (Cen.

111 4796 219 4865 tu).
251 4795 387 4864 Quia
419 4794 681 4851 formatus
709 4812 775 4852 ex
804 4796 933 4852 limo
974 4806 1130 4853 terrae
1162 4800 1213 4854 in
1241 4801 1479 4856 animam
1521 4801 1706 4857 viven-

113 4894 271 4952 tem,
343 4886 495 4957 quasi
552 4902 617 4941 ex
672 4888 861 4943 matris
933 4897 1089 4944 utero
1141 4890 1295 4945 vivus
1344 4901 1702 4961 processerat.

110 4974 410 5048 Postquam
437 4987 612 5034 autem
654 4978 829 5036 factus
855 4988 938 5035 est
993 4980 1080 5038 ille
1116 4984 1375 5049 mortalis,
1404 4986 1590 5057 genuit
1639 4984 1703 5040 ﬁ-

112 5067 219 5125 lios
244 5070 501 5127 mortales
541 5082 597 5128 et
634 5082 968 5142 peccatores,
1014 5075 1106 5145 qui
1155 5090 1345 5131 omnes
1397 5079 1595 5134 mortui
1644 5078 1698 5134 in

112 5150 348 5220 matrem
393 5180 544 5221 suam
592 5174 953 5223 revertuntur.
1005 5166 1240 5225 Veniens
1300 5170 1442 5226 Deus
1487 5185 1616 5244 ergo
1645 5172 1699 5227 in

113 5273 300 5322 carne,
330 5258 519 5314 eadem
554 5257 669 5328 lege
713 5270 958 5317 mortuus
987 5270 1093 5327 est,
1125 5270 1286 5334 atque
1312 5263 1365 5317 in
1408 5270 1562 5319 utero
1587 5280 1701 5319 ma-

112 5342 217 5404 tris
246 5348 510 5417 sepultus.
544 5347 658 5405 Sed
685 5348 809 5422 quia
838 5352 996 5407 tertia
1021 5353 1109 5417 die
1151 5369 1180 5407 a
1219 5353 1445 5408 mortuis
1485 5352 1596 5423 jam
1622 5355 1702 5410 vi-

114 5430 306 5496 cturus
334 5441 405 5515 in
431 5448 693 5497 aeternum
735 5444 993 5509 surrexit,
1048 5453 1104 5500 et
1132 5460 1278 5500 mors
1306 5444 1383 5499 illi
1424 5445 1561 5501 ultra
1594 5462 1699 5502 non

123 5514 511 5600 dominabitur,
540 5532 928 5603 primogenitus
959 5544 1297 5591 mortuorum
1324 5535 1583 5607 appellari
1612 5536 1706 5592 de-

117 5620 263 5687 buit;
294 5622 423 5679 licet
454 5623 601 5679 enim
623 5625 956 5680 surrexerint
984 5624 1071 5681 alii
1103 5636 1246 5691 ante,
1270 5628 1410 5683 sicut
1440 5627 1699 5694 Lazarus,

115 5719 299 5769 tamen
345 5728 450 5769 non
509 5724 862 5770 surrexerunt
911 5716 964 5771 in
1014 5726 1273 5773 :eternum
1308 5720 1523 5787 victuri,
1575 5721 1700 5792 quia

138 5811 315 5860 terum
345 5803 543 5861 mortui
570 5806 750 5861 carnis
774 5806 1011 5863 debitum
1063 5810 1359 5868 solverunt.
1410 5813 1562 5872 Unde
1590 5832 1695 5872 non

1810 3327 2098 3397 metipsum
2125 3343 2225 3398 pro
2254 3327 2442 3393 nobis;
2474 3326 2667 3382 dilexit
2691 3336 2872 3381 autem
2903 3342 3002 3381 nos
3028 3325 3255 3396 pulcher
3292 3325 3395 3382 fte~

1808 3419 1925 3485 dos,
1949 3419 2069 3490 pius
2090 3418 2303 3491 impios,
2330 3419 2448 3475 sine
2471 3426 2696 3493 peccato
2715 3427 3054 3488 peccatores,
3084 3432 3185 3473 nec
3205 3418 3395 3488 quales

1806 3523 2027 3566 eramus
2075 3525 2175 3567 nos
2218 3510 2427 3577 dilexit,
2467 3511 2564 3568 sed
2585 3509 2772 3581 quales
2806 3509 2923 3581 ipsa
2959 3509 3249 3566 dilectione
3294 3525 3396 3567 nos

1808 3603 1968 3670 fecit;
2025 3603 2171 3660 unde
2224 3612 2279 3659 et
2324 3603 2575 3660 subditur
2611 3622 2625 3658 :
2663 3612 2720 3659 et
2763 3602 2896 3659 lavit
2938 3618 3037 3659 nos
3084 3618 3114 3657 a
3157 3602 3398 3674 peccatis

1806 3696 2011 3754 nostris
2036 3697 2092 3753 in
2114 3698 2374 3766 sanguine
2395 3712 2511 3753 suo.
2534 3696 2641 3754 Iste
2662 3706 2719 3752 et
2743 3712 2900 3753 amor
2920 3696 3211 3753 ineﬂ‘abilis
3231 3705 3287 3753 et
3310 3697 3396 3753 in—

1805 3787 2336 3857 comprehensibilis,
2369 3788 2496 3858 quia
2547 3803 2670 3843 cum
2714 3804 2815 3858 pro
2854 3788 3013 3856 juxta
3052 3789 3139 3843 vix
3192 3788 3396 3859 aliquis

1807 3879 2094 3944 moriatur,
2144 3878 2394 3935 Christus
2441 3881 2741 3936 secundum
2792 3892 3005 3951 tempus
3030 3892 3278 3938 mortuus
3308 3895 3395 3943 es:

1806 3985 1905 4041 pro
1933 3970 2136 4041 impiis,
2166 3979 2226 4027 ut
2274 3986 2372 4027 nos
2394 3970 2617 4027 oll‘erret
2649 3974 2779 4036 Deo,
2818 3971 2999 4042 justus
3052 3973 3239 4042 utique
3289 3989 3390 4043 pro

1808 4062 2042 4132 injustis.
2074 4064 2283 4120 Etcum
2317 4078 2565 4120 essemus
2588 4064 2844 4120 maculati
2874 4065 3108 4131 delictis,
3140 4065 3271 4121 lavit
3293 4082 3392 4123 nos

1808 4174 1905 4215 suo
1928 4160 2211 4231 sanguine,
2232 4169 2291 4215 nt
2311 4161 2593 4217 exhiberet
2614 4161 2714 4217 sibi
2738 4160 3036 4217 Ecclesium
3061 4176 3165 4217 non
3187 4162 3394 4219 haben-

1808 4258 1915 4305 ttm
1942 4251 2209 4306 maculam
2233 4262 2327 4306 aut
2348 4268 2558 4324 rugam,
2588 4251 2674 4307 vel
2701 4251 2903 4323 aliquid
2931 4252 3261 4323 huiusmodi.
3284 4252 3387 4323 Qui

1806 4346 1971 4402 etiam
2004 4348 2318 4419 sanguinem
2359 4363 2470 4403 suae
2510 4347 2778 4419 passionis
2804 4348 2969 4403 vertit
3012 4348 3245 4404 nobisin
3274 4363 3392 4422 my-

1807 4438 2032 4494 sterium
2065 4439 2376 4507 ablutionis,
2412 4449 2472 4496 ut
2515 4442 2568 4496 in
2601 4440 2707 4497 ﬁde
2732 4442 2927 4497 mortis
2961 4442 3078 4514 ejus
3110 4442 3389 4513 haptizati,

1809 4534 1877 4588 ab
1901 4533 2152 4589 omnibus
2177 4534 2500 4589 mundemur
2544 4537 2800 4606 peccatis.
2834 4535 2970 4591 Hinc
2999 4536 3289 4606 Apostolus
3314 4539 3390 4594 di-

1808 4625 1885 4680 cit
1938 4642 1954 4679 :
2014 4624 2319 4697 Quicunque
2359 4626 2610 4698 baptisati
2656 4643 2836 4682 sumus
2870 4628 2927 4682 in
2976 4626 3186 4683 Christo
3238 4626 3390 4694 Iesu,

1808 4714 1860 4770 in
1885 4728 2049 4772 morte
2070 4718 2231 4789 ipsius
2265 4718 2516 4788 baptizati
2539 4735 2719 4774 sumus
2741 4719 2917 4794 (Rom.
2948 4722 3047 4789 vt).
3092 4721 3185 4776 Est
3212 4730 3391 4776 autem

1807 4814 1863 4861 et
1898 4807 2197 4863 secundum
2233 4806 2560 4876 baptismum
2613 4807 2805 4865 effusio
2850 4810 3241 4882 lacrymarum,
3287 4827 3391 4880 quo

1805 4898 2099 4954 momentis
2122 4898 2350 4970 singulis
2374 4898 2719 4968 haptizantur
2742 4901 3020 4972 publicani
3061 4910 3117 4954 et
3143 4911 3377 4971 peccato

1808 5005 1915 5056 res,
1950 4990 2220 5061 quomodo
2247 4990 2500 5045 videlicet
2525 4991 2691 5046 Maria
2722 5001 2845 5063 post
2878 4993 3075 5047 multas
3102 4995 3389 5049 criminum

1804 5077 2098 5151 lacrymas,
2126 5086 2181 5133 et
2224 5080 2415 5135 Petrus
2437 5080 2652 5137 ablutus
2679 5090 2764 5138 est
2793 5092 2914 5152 post
2948 5091 3156 5139 ternam
3180 5084 3388 5140 Domini

1805 5171 2169 5241 negationem.

1876 5264 1945 5319 Et
1968 5265 2087 5337 fecit
2128 5283 2220 5322 nos
2254 5284 2465 5338 regnum
2490 5279 2535 5323 et
2563 5270 2863 5325 sacerdotes
2891 5269 2999 5325 Deo
3028 5281 3073 5325 et
3102 5268 3257 5326 Patri
3275 5288 3370 5328 suo

1803 5361 1908 5417 Per
1928 5361 2071 5416 hanc
2116 5362 2442 5417 sententiam
2483 5378 2675 5419 omnes
2707 5363 2886 5430 electi,
2932 5366 3243 5422 sacerdotes
3294 5367 3369 5423 de

1805 5459 2201 5516 monstrantur,
2224 5452 2497 5524 quisupra
2528 5468 2684 5524 reges
2715 5453 2931 5510 fuerant
2952 5455 3220 5528 appellati.
3255 5457 3385 5524 Quia

1804 5540 1949 5597 enim
1977 5550 2137 5613 caput
2170 5540 2404 5597 ﬁdelium
2430 5557 2522 5599 rex
2545 5555 2628 5600 est
2650 5552 2705 5600 et
2728 5548 3001 5611 sacerdos,
3027 5556 3381 5618 congruenter

1804 5641 1860 5688 et
1893 5634 2134 5690 membra
2176 5635 2399 5705 capitis,
2455 5650 2609 5707 reges
2656 5645 2712 5693 et
2755 5639 3066 5695 sacerdotes
3103 5648 3387 5696 vocantur.

1805 5722 2009 5790 Quibus
2037 5740 2132 5794 per
2153 5724 2371 5781 Petrum
2394 5726 2593 5783 dicitur
2627 5744 2639 5780 :
2685 5725 2786 5783 Vos
2812 5729 2934 5785 estis
2957 5744 3121 5800 genus
3144 5731 3386 5797 electum,

1805 5815 1975 5887 regale
1999 5817 2348 5874 sacerdotium
2374 5817 2427 5890 (I
2451 5816 2596 5876 Petr.
2626 5820 2709 5892 ιι).
2743 5820 2848 5893 ipsi
2875 5823 3018 5879 enim
3049 5832 3174 5881 sunt
3207 5836 3383 5896 reges,
