3974 6488
592 362 595 367 ’
610 383 714 439 947

1072 382 1422 439 ΠᾹῨΜΟΝΙΞ
1456 382 1929 439 IIALBERSTAT.
1975 382 2144 440 EPIS‘

2247 382 2376 439 DPP.
2420 382 2603 441 PARS
2633 386 2672 442 1.
2714 418 2782 430 -—-
2816 381 3166 443 COMMENT.
3213 384 3417 443 Βιει..

3770 389 3872 448 988

611 496 712 567 ipsi
752 504 806 552 et
841 499 1146 552 sacerdotes
1192 504 1246 549 et
1274 494 1599 549 sacrificium
1644 485 1702 550 et
1753 494 1939 558 altare,
1972 510 2094 565 quia
2123 504 2179 548 et
2205 498 2250 556 A
2280 495 2469 550 Omnis
2519 496 2703 566 itaque
2720 474 2923 559 oculus,
2959 496 3010 551 id
3039 507 3121 553 est
3160 502 3341 557 omnis
3387 500 3581 564 homo,
3608 501 3720 571 qui
3747 508 3871 558 tunc

617 586 874 641 tumultus
907 584 1198 640 carnalium
1228 584 1557 654 voluptatum
1580 574 1767 639 contra
1816 600 1875 639 se
1899 585 2176 654 insurgen—

609 689 692 733 tes
716 686 771 732 ut
798 692 954 749 rcges
986 676 1284 741 refrenant,
1306 685 1360 730 et
1387 676 1711 732 sacrificium
1742 678 1916 734 laudis
1947 685 2000 731 et
2031 694 2175 733 mor-

609 766 919 823 tificationis
954 768 1064 822 Deo
1115 767 1416 834 immolant,
1453 774 1753 839 corpusque
1796 786 1949 826 suum
1980 786 2009 824 a
2040 785 2175 840 prae-

584 856 776 914 sentis
822 858 1001 915 seculi
1054 860 1442 929 cupiditatibus
1492 864 1854 928 mortiﬁcant,
1907 873 1966 918 ut
1998 865 2171 920 hostia

604 950 727 1006 viva
756 948 904 1005 ﬁant.
942 950 1061 1021 Ipse
1100 950 1283 1021 itaque
1309 950 1628 1022 Unigenitus
1654 955 1849 1019 Patris,
1875 970 1969 1009 rex
2001 964 2055 1011 et
2086 972 2172 1011 sa-

602 1037 812 1102 cerdos,
845 1037 972 1094 fecit
999 1054 1126 1095 suos
1164 1040 1363 1095 electos
1402 1056 1557 1111 reges
1597 1052 1651 1097 et
1674 1045 2013 1111 sacerdotes,
2034 1062 2171 1116 quos

601 1142 759 1197 reges
786 1135 947 1183 terrae
967 1130 1267 1195 constituit,
1291 1138 1346 1185 et
1371 1131 1485 1202 ipso
1512 1148 1672 1202 opere
1693 1136 2001 1192 sacerdotes
2025 1152 2171 1193 mon-

599 1217 814 1272 stravit.
841 1217 993 1286 Quod
1032 1230 1217 1276 autem
1243 1222 1456 1287 dicitur,
1490 1221 1600 1277 Deo
1626 1232 1681 1277 et
1714 1223 1882 1291 Patri,
1914 1240 2018 1280 non
2051 1227 2169 1281 dua:

598 1313 832 1373 naturae,
859 1322 961 1363 nec
990 1309 1112 1365 dua:
1139 1325 1405 1380 personm,
1430 1313 1525 1367 sed
1567 1328 1673 1367 una
1701 1315 2034 1382 ostenditur;
2074 1318 2168 1373 ubi

599 1398 765 1471 etiam
788 1397 1021 1470 Spiritus
1059 1408 1279 1456 sanctus
1302 1400 1454 1470 juxta
1498 1403 1735 1473 regulam
1760 1406 2055 1475 praemissae
2080 1407 2164 1462 in-

596 1489 907 1562 telligentiae
926 1493 1133 1564 pariter
1149 1494 1481 1566 intelligitur.
1500 1495 1616 1566 Ipsi
1630 1496 1796 1568 gloria
1819 1507 1866 1552 et
1892 1498 2164 1569 imperium

595 1582 652 1636 in
696 1583 891 1639 saecula
931 1584 1261 1640 steculorum.
1304 1587 1488 1647 Amen.
1521 1588 1671 1644 Filio’
1688 1591 1917 1658 scilicet,
1948 1592 2039 1662 qui
2065 1608 2164 1653 nos

595 1672 747 1739 fecit,
767 1682 824 1731 et
845 1674 937 1745 qui
957 1690 1056 1731 nos
1078 1678 1383 1734 sacerdotes
1404 1679 1519 1734 fieri
1545 1680 1731 1748 voluit,
1756 1683 1844 1739 ubi
1871 1684 2031 1738 etiam
2055 1699 2163 1739 am-

595 1760 787 1820 borum
861 1767 1154 1837 accipimus
1210 1770 1547 1837 charitatem,
1619 1788 1737 1844 quae
1785 1783 1869 1831 εει
1927 1773 2161 1846 Spiritus

591 1854 826 1916 sanctus.
1308 1868 1313 1871 ‘
1332 1848 1335 1853 ’
1876 1872 1881 1881 ‘

662 1946 799 2004 Ecce
819 1953 955 2006 venit
985 1969 1102 2006 cum
1137 1952 1374 2010 nubibus.
1403 1954 1459 2010 In
1494 1957 1632 2014 nube
1655 1967 1912 2015 venturus
1940 1969 2024 2016 est
2049 1959 2159 2016 Do-

588 2039 768 2095 minus
796 2041 863 2096 ad
884 2040 1161 2111 judicium,
1191 2046 1315 2116 quia
1340 2047 1394 2101 in
1420 2047 1560 2103 nube
1599 2050 1841 2106 ascendit
1865 2053 1916 2106 in
1939 2052 2157 2107 caelum.

591 2127 685 2183 Sic
734 2129 881 2185 enim
933 2131 1186 2187 dixerunt
1236 2134 1411 2205 angeli
1475 2138 1731 2207 apostolis
1772 2137 1960 2207 :Quid
2006 2141 2156 2196 statis

587 2218 892 2288 aspicientes
917 2221 971 2275 in
1009 2222 1189 2277 cerium
1205 2225 1231 2278 ?
1262 2224 1364 2280 Hic
1391 2225 1545 2282 Iesus
1569 2230 1643 2283 sic
1669 2231 1855 2297 ueniet,
1901 2233 2156 2302 quemad-

585 2306 799 2363 modum
845 2310 1045 2366 vidistis
1077 2329 1194 2367 eam
1238 2323 1440 2370 euntem
1470 2318 1524 2371 in
1552 2317 1734 2374 coelum
1785 2320 1920 2392 (Act.
1957 2321 2019 2394 1).
2046 2322 2155 2377 Nu-

580 2397 735 2456 bium
772 2409 951 2456 autem
979 2402 1200 2473 sarpelit
1231 2407 1434 2464 mentio
1475 2408 1529 2463 in
1562 2422 1719 2466 sacro
1756 2411 1986 2481 eloquio,
2011 2415 2153 2471 unde

580 2486 809 2561 legimus
838 2493 890 2545 in
922 2493 1125 2560 Exodo,
1174 2497 1316 2565 quod
1341 2499 1681 2568 omnipotens
1730 2502 1873 2560 Deus
1923 2505 1976 2559 in
2012 2509 2152 2563 nube

578 2580 720 2639 ﬁlios
737 2583 899 2641 Israel
923 2588 1106 2643 eduxit
1128 2591 1192 2645 de
1213 2589 1465 2662 Egypto.
1494 2593 1919 2651 Tuber-naculum
1938 2613 2150 2669 quoque

580 2672 751 2746 Moysi
782 2686 835 2734 et
880 2679 1136 2750 templum
1186 2681 1490 2739 Salomonis
1520 2685 1688 2741 nubes
1724 2686 1983 2759 implevit,
2014 2691 2147 2747 etin

579 2764 794 2822 Domini
852 2770 1326 2840 transfiguratione
1386 2774 1602 2847 Moysen
1651 2786 1706 2833 et
1756 2780 1926 2835 Eliam
1976 2783 2147 2839 nubes

579 2855 942 2914 obumbravit.
974 2861 1030 2915 In
1054 2864 1284 2920 nubibus
1307 2866 1467 2921 etiam
1494 2870 1662 2925 sancti
1688 2874 1896 2941 venturi
1919 2884 2043 2930 sunt
2078 2877 2145 2933 ad

575 2948 836 3019 judicium
855 2993 870 3018 ,
892 2950 1047 3021 juxta
1071 2953 1199 3010 illud
1215 2956 1473 3027 Apostoli,
1503 2960 1628 3031 quia
1657 2964 1918 3032 rapientur
1939 2965 2147 3023 obviam

575 3035 784 3094 Christo
804 3041 865 3097 in-
881 3044 1102 3099 nubibus
1121 3044 1173 3114 (Ι
1202 3044 1378 3102 Thess.
1404 3048 1499 3119 Iv).
1522 3048 1611 3105 Illa
1631 3060 1810 3106 autem
1834 3054 2002 3111 nubes
2023 3070 2144 3126 qua:

560 3129 713 3190 ‘ﬂli’os
747 3133 909 3191 Israel
942 3136 1300 3207 illuminabat,
1344 3150 1400 3196 et
1444 3141 1728 3214 Egyptios
1762 3146 1995 3202 tenebris
2016 3149 2140 3204 'cir-

2280 589 2657 653 resurrexerit,
2703 587 2908 643 videbit
2939 603 3061 642 eum
3092 589 3466 659 corporaliter,
3515 590 3646 646 sive
3688 592 3761 646 ad
3794 594 3869 646 ti-

2279 684 2409 742 tsm,
2431 679 2547 733 sive
2571 679 2637 732 ad
2661 685 2917 745 mortem;
2948 694 3054 735 non
3076 688 3258 734 autem
3280 680 3608 737 animalium
3633 697 3865 751 ipsum

2276 766 2358 821 vis
2388 767 2443 821 in
2466 769 2725 836 sanguine
2742 777 2847 833 est,
2874 779 3070 825 etcum
3093 770 3398 825 moriuntur
3416 786 3549 827 esse
3576 771 3867 835 desinunt,

2273 858 2460 915 oculus
2505 860 2648 914 enim
2692 860 2923 921 videbit,
2955 860 3050 915 sed
3084 859 3265 931 potius
3302 860 3495 917 oculus
3548 860 3863 916 hominum.

2273 947 2387 1003 Alia
2412 949 2694 1005 translatio
2738 951 2870 1006 dicit
2895 969 2910 1004 :
2940 949 3157 1005 Videbit
3179 966 3303 1008 eum
3330 952 3516 1007 omnis
3546 951 3757 1007 oculos
3786 960 3861 1006 ta-

2271 1040 2399 1107 lem,
2421 1041 2633 1111 qualem
2654 1042 2862 1098 scilicet
2887 1043 3267 1113 despexerunt,
3295 1051 3352 1097 et
3381 1043 3611 1114 qualem
3640 1044 3863 1099 credas

2270 1133 2577 1198 noluerunt,
2606 1141 2660 1188 et
2706 1143 2836 1191 tunc
2866 1134 3216 1205 imple-bitur:
3267 1132 3468 1189 Videbit
3512 1135 3702 1189 omnis
3747 1151 3859 1189 cura

2269 1224 2501 1279 salutare
2527 1223 2627 1280 Dei
2659 1223 2810 1296 (Luc.
2834 1226 2937 1296 ut).
2968 1224 3037 1278 Et
3062 1224 3154 1294 qui
3182 1240 3301 1278 eum
3324 1233 3679 1294 pupugerusst
3696 1264 3721 1289 ,
3742 1226 3859 1279 sub-

2269 1314 2421 1369 audis
2439 1313 2703 1369 videbunt
2723 1327 2867 1378 eum,
2890 1312 3056 1369 Judaei
3089 1312 3315 1377 scilicet,
3335 1311 3432 1382 qui
3456 1312 3858 1370 cruciﬁxum

2266 1420 2390 1462 eum
2436 1405 2636 1477 lingua,
2671 1405 2813 1461 sicut
2852 1404 3062 1460 Marcus
3112 1404 3243 1459 dicit
3292 1403 3499 1476 (Marc.
3544 1405 3646 1476 xv)
3682 1422 3700 1457 :
3732 1402 3853 1458 Enr

2265 1508 2438 1553 autem
2463 1498 2591 1551 hora
2618 1499 2799 1563 tertia,
2821 1508 2871 1553 et
2902 1497 3274 1566 crnciﬁmerunt
3312 1496 3493 1560 illum,
3520 1497 3849 1553 clamantes:

2264 1586 2409 1643 Reus
2431 1597 2512 1644 est
2539 1589 2756 1656 mortis;
2774 1597 2828 1644 et
2849 1589 3046 1644 milites
3067 1588 3222 1642 Pilati
3251 1589 3517 1643 videbunt
3536 1603 3673 1644 eum
3700 1604 3849 1659 quem

2263 1680 2548 1737 illudentes
2574 1682 2993 1746 crucifiserunt;
3020 1666 3277 1736 videbunt
3298 1691 3491 1735 autem
3523 1696 3640 1737 non
3668 1689 3728 1736 ut
3746 1682 3844 1751 jus

2263 1782 2629 1839 contemnant,
2655 1774 2794 1830 sicut
2814 1774 2966 1844 prius
2988 1774 3310 1841 irridebant,
3337 1774 3643 1841 insultent,
3671 1791 3735 1830 ac
3765 1776 3843 1831 la-

2140 1882 2147 1887 λ
2187 1850 2236 1912 Β
2264 1873 2463 1931 tentur,
2487 1866 2581 1922 sed
2627 1873 2688 1920 ut
2711 1873 2961 1934 paveant,
2997 1874 3234 1936 gemant,
3282 1863 3517 1935 lugeant
3545 1873 3605 1919 et
3637 1866 3839 1920 tristes:-

2262 1965 2371 2021 tur,
2399 1955 2541 2011 unde
2573 1963 2630 2010 et
2670 1954 2943 2021 subditur,
2966 1964 3015 2008 et
3040 1962 3169 2010 tunc
3191 1953 3440 2025 plangent
3463 1971 3527 2009 se
3561 1972 3835 2026 superes-

2260 2061 2439 2100 omnes
2466 2044 2632 2100 tribus
2656 2053 2840 2111 teme,
2873 2044 2927 2100 id
2960 2055 3063 2109 est,
3111 2044 3300 2100 omnes
3347 2044 3590 2115 reprobi
3642 2056 3824 2102 terra:

2256 2136 2647 2202 desiderantes,
2668 2144 2725 2193 et
2745 2152 2843 2207 per
2863 2136 3186 2191 desiderium
3217 2144 3426 2191 terram
3452 2136 3821 2201 inhabitantes,

2256 2227 2550 2285 honoribus
2576 2227 2894 2298 semetipsos
2918 2225 3257 2291 extollentes,
3280 2227 3335 2281 in
3369 2226 3625 2283 lusoriis
3655 2227 3807 2298 dep-

2254 2326 2359 2385 tes,
2386 2316 2581 2389 quibus
2633 2316 2890 2373 Dominus
2909 2315 3077 2371 dicit:
3112 2313 3201 2370 Vae
3233 2316 3383 2369 vobis
3428 2315 3704 2380 diuitibus,
3748 2317 3814 2387 qui

2253 2409 2451 2465 habetis
2499 2408 2905 2464 consolationem
2946 2417 3166 2463 vestram
3216 2405 3372 2479 (Luc.
3432 2409 3539 2480 vt).
3567 2407 3817 2478 Praecipue

2250 2511 2431 2558 autem
2470 2503 2525 2557 hi
2570 2500 2825 2572 plangent
2849 2514 2908 2556 se
2938 2515 3101 2570 super
3139 2514 3285 2564 eum,
3319 2500 3423 2570 qui
3451 2514 3811 2571 cummagna.

2250 2602 2395 2650 runt.
2437 2591 2606 2665 Magis
2634 2601 2815 2648 autem
2840 2590 3097 2647 dolebunt
3119 2590 3303 2644 miseri
3345 2592 3487 2661 quia
3515 2590 3676 2646 tatu:
3701 2604 3821 2662 per-

2249 2688 2376 2744 dent
2400 2685 2684 2741 Dominum
2706 2696 2868 2755 quam
2896 2683 3041 2753 quod
3087 2681 3500 2738 atrocissimum
3534 2681 3817 2736 inciderunt

2246 2784 2596 2833 tormentum.
2634 2768 2813 2829 Etiam
2836 2788 2857 2829 ε
2883 2772 3067 2826 Amen.
3100 2770 3251 2838 Quod
3288 2781 3374 2827 est
3417 2772 3574 2841 apud
3625 2771 3813 2825 Latinos

2244 2870 2431 2933 etiam,
2464 2867 2566 2922 hoc
2593 2864 2735 2936 apud
2779 2862 3032 2921 Hebms
3071 2877 3269 2928 amen;
3308 2870 3621 2931 utrumque
3662 2868 3817 2915 auten

2241 2949 2324 3016 est
2354 2956 2664 3012 adverbium
2692 2953 3033 3010 aftirmantis.
3064 2952 3203 3009 Dicit
3218 2968 3348 3024 ergo
3369 2965 3390 3007 :
3414 2952 3639 3017 Etiam,
3661 2966 3819 3014 anes,

2242 3065 2306 3106 ac
2327 3049 2371 3105 si
2408 3048 2612 3103 diceret
2648 3045 3031 3116 ingeminando
3063 3060 3077 3098 :
3106 3042 3304 3099 Verum
3338 3052 3469 3109 est,
3503 3058 3701 3098 verum
3725 3050 3815 3104 est,

2243 3147 2299 3195 et
2319 3138 2517 3195 mutari
2544 3151 2650 3192 non
2693 3142 2892 3204 potest,
2930 3134 3055 3204 quia
3095 3133 3351 3204 plangent
3403 3148 3467 3189 se
3509 3147 3682 3203 super
3710 3145 3817 3185 eu

558 3221 881 3292 cumdabat,
902 3228 1111 3285 Domini
1136 3198 1404 3302 significat
1426 3198 1787 3300 clementiam,
1806 3252 1924 3308 quae
1946 3236 2142 3295 illumi-
2167 3198 2212 3261 Ο
2242 3245 2429 3286 omnes
2451 3229 2622 3284 tribus
2651 3235 2825 3283 terra).
2865 3224 3186 3296 Cognoscite
3219 3240 3345 3281 eum
3372 3241 3480 3296 pro
3510 3229 3815 3286 certolutu-

570 3326 666 3371 nat
705 3317 991 3388 perfectos,
1037 3330 1090 3376 et
1116 3322 1355 3378 obcaecat
1394 3325 1669 3395 reprobos.
1715 3327 1791 3383 lta
1820 3328 2015 3399 quippe
2041 3345 2138 3385 ve-

569 3409 725 3464 niens
753 3410 1013 3467 Dominus
1035 3412 1101 3466 ad
1126 3412 1404 3483 judicium,
1428 3418 1707 3489 apparebit
1727 3418 1956 3475 blandus
1978 3419 2141 3487 justis

562 3512 711 3569 quos
737 3498 899 3555 etiam
930 3500 1273 3569 illuminabit,
1314 3505 1443 3560 dum
1489 3507 1556 3562 ad
1590 3508 1948 3564 contueudam
1984 3524 2137 3565 suam

569 3574 905 3658 maiestatem
954 3605 1059 3645 eos.
1077 3594 1419 3663 perduxerit;
1466 3604 1523 3652 et
1572 3598 1825 3655 terribilis
1871 3601 2133 3670 reprobis,

570 3695 713 3757 quos
736 3682 789 3735 in
836 3683 1124 3740 tenebroso
1151 3688 1409 3744 carceris
1433 3687 1552 3745 loco
1579 3692 1997 3748 eonstituet.‘De
2028 3708 2136 3764 quo

558 3771 626 3825 Ain
670 3771 965 3844 Evangelio
1007 3775 1252 3831 dicitur:
1294 3776 1543 3835 Inutilem
1588 3797 1793 3839 servum
1817 3782 2053 3854 projicfte
2079 3787 2135 3839 in

561 3864 808 3941 tenebras
845 3868 1164 3933 exteriores;
1196 3869 1300 3926 illis
1340 3872 1484 3927 enim
1531 3873 1711 3929 dicet-:
1755 3873 1949 3941 Venite,
1986 3877 2136 3931 bene-

567 3952 694 4007 dicti
724 3937 905 4011 Ptitris
928 3958 1062 4023 mei;
1091 3959 1206 4016 istis
1233 3968 1410 4017 autem
1440 3980 1453 4016 :
1481 3963 1560 4019 lte
1586 3965 1641 4019 in
1666 3967 1837 4036 ignem
1859 3976 2131 4035 (sternunt,

563 4046 655 4115 qui
674 4058 890 4115 paratus
909 4058 983 4104 est
1005 4050 1213 4105 diabolo
1237 4050 1608 4128 (Mattlt.xxv).
1634 4055 1768 4113 Nam
1789 4066 1845 4115 et
1867 4060 1969 4116 hoc
1991 4061 2133 4131 quod

564 4134 805 4209 .Egyptii
852 4148 908 4195 et
952 4140 1044 4196 filii
1072 4141 1236 4199 Israel
1264 4147 1330 4201 ad
1349 4160 1409 4202 se
1437 4163 1544 4205 non
1566 4160 1819 4220 poterant
1853 4154 2131 4222 accedere,

556 4230 668 4285 hoc
692 4230 959 4302 significat
988 4235 1129 4303 quod
1149 4235 1420 4295 Abraham
1449 4241 1601 4296 diviti
1638 4245 1911 4314 respondit
1942 4263 1955 4299 :
1987 4245 2133 4300 Inter

548 4324 658 4375 nos
698 4331 745 4376 et
774 4338 858 4377 vos
891 4324 1045 4379 chaos
1086 4342 1328 4399 magnum
1374 4331 1641 4400 ﬁrmatum
1686 4345 1763 4390 est
1799 4333 1958 4407 (Luc.
1994 4336 2127 4406 ενι).

544 4410 866 4485 ,Αιίᾳυεηᾶο
904 4418 1068 4473 etiam
1098 4422 1268 4476 nubes
1304 4438 1498 4494 corpus
1525 4424 1724 4483 Christi
1751 4428 2038 4500 significat,
2070 4437 2130 4485 ut

2242 3340 2383 3388 rum,
2411 3321 2554 3393 quod
2570 3320 2660 3376 tali
2687 3319 2955 3376 sententia
2984 3318 3182 3372 ﬁrmat.

2309 3410 2424 3482 Ego
2444 3426 2561 3465 sum
2589 3408 2745 3480 alpha
2777 3417 2826 3462 et
2859 3424 3067 3479 omega,
3096 3408 3417 3479 principium
3461 3420 3516 3464 et
3563 3410 3707 3479 ﬁnis.
3731 3408 3817 3465 Hic

2232 3501 2346 3572 1am
2396 3500 2678 3557 manifeste
2720 3499 3057 3567 ostenditur,
3105 3500 3229 3569 quia
3281 3499 3521 3570 angelus
3570 3501 3669 3571 qui
3716 3502 3815 3556 hac

2236 3594 2427 3651 Joanni
2458 3592 2761 3658 nuntiavit,
2801 3606 3085 3662 personam
3118 3592 3210 3646 Dei
3232 3592 3287 3646 in
3326 3607 3388 3647 se
3408 3592 3682 3658 habebat,
3706 3606 3813 3646 cn

2236 3685 2403 3740 dicit:
2429 3684 2540 3754 Ego
2567 3698 2687 3739 sum
2723 3682 2881 3752 alpha
2910 3692 2965 3736 et
2997 3696 3209 3754 omega,
3236 3681 3586 3752 principium
3614 3683 3810 3738 etﬁnis.

2237 3776 2498 3833 Similiter
2516 3784 2573 3831 et
2599 3775 2712 3844 ipse
2735 3773 2972 3829 Joannes
2997 3773 3087 3844 qui
3112 3774 3223 3828 hazc
3242 3772 3376 3828 dicit
3404 3774 3595 3840 nobis,
3625 3775 3726 3831 tale
3744 3780 3813 3828 est

2235 3875 2290 3923 et
2311 3867 2454 3937 quod
2479 3866 2676 3921 Paulus
2710 3865 2840 3920 dicit
2869 3883 2881 3919 :
2910 3867 2992 3919 An
3021 3865 3433 3934 experimentum
3454 3868 3813 3936 ρων-ἱιὲτῴ

2232 3960 2321 4030 qui
2347 3959 2401 4012 in
2434 3973 2516 4012 me
2543 3956 2771 4028 loquitur
2800 3953 3079 4010 Christus?
3101 3952 3181 4028 (Il
3211 3953 3334 4010 Cor.
3366 3962 3496 4026 xm)
3530 3967 3593 4013 et
3622 3957 3809 4012 David:

2232 4048 2527 4116 Attendite,
2570 4047 2757 4120 popule
2787 4065 2962 4114 meus,
2992 4047 3156 4119 legem
3173 4063 3343 4102 meam
3392 4046 3559 4103 Psal.
3601 4049 3813 4119 una).

2231 4140 2405 4212 Alpba
2429 4139 2570 4212 apud
2583 4138 2821 4205 Graecos,
2849 4138 3088 4203 Latinos,
3114 4146 3169 4193 et
3183 4136 3466 4203 Hebraros,
3497 4129 3821 4210 principium

2231 4238 2317 4288 est
2368 4229 2799 4296 elementorum;
2838 4228 2987 4298 quod
3039 4227 3183 4283 enim
3230 4227 3371 4299 apud
3436 4243 3548 4284 nos
3600 4234 3683 4295 Δ,
3727 4229 3815 4283 hoc

2230 4329 2315 4377 est
2339 4321 2478 4393 apud
2499 4320 2712 4376 Graecos
2748 4318 2928 4388 alpha,
2956 4317 3095 4387 apud
3127 4316 3382 4373 Hebraeos
3425 4317 3624 4388 alepb.
3661 4318 3817 4374 Pam

2230 4427 2417 4484 omega
2458 4410 2641 4468 finalis.
2678 4421 2762 4467 est
2788 4411 3175 4467 elementorum
3216 4410 3355 4480 apud
3387 4409 3647 4467 Cmam.
3691 4410 3819 4480 Quid

554 4502 695 4560 illud
726 4525 745 4560 ί
774 4504 909 4565 Ecce
930 4511 1180 4566 Dominus
1201 4516 1440 4569 ascendet
1476 4533 1630 4588 super
1662 4518 1847 4573 nubem
1876 4519 2056 4587 levem,
2079 4530 2127 4576 et
2160 4556 2209 4617 Β
2234 4513 2415 4617 ill-‘0"?
2441 4505 2512 4606 3.“
2532 4503 2763 4617 alapae!
2781 4500 3814 4617 οιηθξῗὶξξωΔδ-ἸῙῘῘἛΣ

565 4596 882 4665 ingredietur
903 4599 1191 4674 Egyptum
1210 4604 1346 4677 (Isa.
1372 4607 1507 4679 xix).
1525 4606 1697 4678 Super
1721 4611 1916 4664 nubem
1936 4611 2132 4682 quippe

564 4688 735 4745 levem
765 4694 1025 4761 ascendit,
1057 4706 1113 4751 et
1149 4697 1201 4752 in
1236 4698 1526 4770 Egyptum
1556 4701 1721 4765 venit,
1765 4703 1977 4771 quando
2004 4719 2127 4758 car-

563 4794 687 4834 uem
726 4780 1074 4842 humanitatis
1111 4796 1308 4843 nostrae
1335 4805 1636 4858 assumens,
1680 4793 1798 4848 sine
1838 4794 2131 4865 gravedine

560 4872 764 4940 peccati
792 4873 850 4928 in
876 4877 1076 4932 mundo
1109 4879 1374 4948 apparuit.
1408 4879 1593 4937 Nubes
1615 4891 1792 4938 autem
1815 4884 2124 4955 pluraliter,

558 4971 778 5021 sanctos
819 4966 1126 5038 signiﬁcant
1149 4971 1546 5040 praedicatores,
1576 4975 1665 5043 qui
1690 4975 1879 5045 pluunt
1920 4977 2123 5044 verbis,

559 5062 615 5109 et
635 5066 921 5112 coruscant
951 5060 1259 5127 miraculis;
1284 5062 1350 5118 de
1378 5063 1572 5133 quibus
1585 5068 2013 5138 perprophetam
2037 5068 2121 5124 di-

558 5148 701 5201 citur
739 5167 751 5201 :
785 5147 854 5202 Et
912 5151 1131 5205 nubibus
1162 5154 1420 5209 mandabo
1474 5173 1537 5210 ne
1580 5156 1769 5227 pluunt,
1816 5174 1972 5226 super
2007 5174 2122 5212 eam

558 5238 698 5310 (Isa.
740 5240 817 5313 v),
868 5243 971 5299 hoc
1014 5252 1115 5309 est,
1147 5259 1308 5314 super
1336 5246 1544 5301 vineam
1586 5247 1832 5313 imbrem.
1868 5247 2002 5302 Cum
2038 5248 2125 5304 his

555 5332 810 5399 nubibus,
838 5335 940 5407 hoc
959 5346 1063 5402 εει,
1093 5352 1219 5394 cum
1241 5338 1578 5396 multitudine
1603 5349 1911 5396 sanctorum
1934 5348 2155 5395 ventu—'

556 5436 651 5477 rus
678 5431 760 5479 est
791 5423 1048 5482 Dominus
1091 5430 1157 5484 ad
1176 5430 1459 5500 judicium,
1484 5430 1609 5500 quia
1640 5432 1692 5485 in
1719 5445 1906 5488 eorum
1947 5429 2123 5486 cordi-

555 5516 657 5569 bus
684 5516 971 5587 habitabit;
1000 5519 1141 5574 unde
1163 5529 1276 5575 est:
1301 5519 1554 5575 Dominus
1585 5522 1743 5576 veniet
1767 5521 1835 5574 ad
1856 5521 2120 5591 judicium

555 5623 675 5663 cum
703 5598 987 5666 senioribus
1030 5612 1209 5683 populi
1239 5613 1322 5669 sui
1351 5612 1485 5685 (Isa.
1522 5612 1623 5682 Ill).
1668 5610 1736 5665 Et
1782 5611 1968 5668 videbit
2002 5628 2119 5666 eum

557 5701 723 5754 omnis
750 5701 946 5757 oculus.
978 5702 1204 5760 Omnem
1233 5704 1446 5761 oculum
1489 5703 1689 5759 usitato
1717 5718 1868 5759 more
1891 5702 2117 5759 locutio-

557 5809 707 5851 num.
746 5812 844 5868 pro
893 5800 1036 5854 omni
1086 5799 1303 5857 homine
1352 5798 1590 5869 positum
1636 5796 1723 5855 hic
1774 5797 2116 5870 accipiamus.

2233 4594 2559 4664 Principium
2586 4602 2643 4649 et
2669 4594 2825 4659 finis;
2857 4592 3176 4664 principium
3203 4591 3449 4654 scilicet,
3489 4603 3628 4649 ante
3670 4607 3817 4663 quas

2233 4685 2444 4751 nullus,
2464 4684 2584 4740 linis
2607 4699 2752 4750 vero,
2783 4691 2903 4753 post
2927 4697 3086 4753 quem
3108 4682 3318 4747 nullus;
3346 4682 3435 4737 vel
3460 4683 3816 4754 principium,

2231 4792 2386 4848 aquo
2434 4774 2613 4832 omnia
2655 4783 2873 4830 sumunt
2906 4775 3141 4838 initium,
3176 4774 3298 4828 finis
3337 4789 3499 4841 vero,
3562 4776 3625 4831 in
3665 4788 3817 4846 quem

2229 4877 2420 4923 cuncta
2449 4867 2842 4934 terminantur;
2882 4864 2968 4920 vel
2989 4864 3334 4936 principium,
3364 4866 3504 4934 quia
3537 4867 3600 4921 in
3624 4868 3821 4937 princi-

2227 4959 2316 5030 pio
2357 4966 2474 5014 erat
2508 4957 2775 5023 Verbum,
2808 4956 2958 5021 finis,
2995 4956 3121 5026 quia
3155 4954 3399 5010 Verbum
3438 4972 3578 5012 caro
3622 4958 3821 5013 faena

2227 5058 2342 5113 est,
2379 5048 2521 5104 unde
2548 5057 2605 5104 et
2636 5048 2750 5118 ipse
2784 5062 2878 5117 per
2900 5046 3095 5102 Isaiam
3140 5045 3304 5101 dicit:
3332 5047 3474 5101 Ante
3498 5064 3591 5103 rue
3621 5066 3732 5103 non
3752 5056 3822 5102 at

2227 5140 2483 5209 formatus
2520 5140 2658 5194 Deus
2675 5180 2691 5206 ,
2736 5149 2783 5193 et
2808 5147 2920 5208 post
2943 5155 3023 5193 me
3044 5155 3147 5193 non
3173 5139 3269 5193 erit
3296 5137 3436 5211 (Ira.
3468 5141 3668 5211 nm).
3695 5140 3821 5195 Nam

2227 5230 2447 5302 etquod
2468 5230 2722 5295 Joannes,
2745 5229 2853 5284 imo
2875 5229 3095 5299 angelus
3115 5245 3181 5284 ex
3217 5244 3450 5299 persona
3475 5231 3579 5286 Dei
3608 5234 3725 5288 hoc
3748 5232 3825 5286 di-

2226 5330 2335 5386 cat,
2369 5320 2676 5376 manifestat
2700 5334 2821 5375 cum
2850 5318 3123 5392 subiungit
3150 5337 3164 5373 :
3192 5318 3329 5373 Dicit
3360 5318 3641 5376 Dominus
3660 5322 3825 5381 Dus.

2227 5396 2316 5482 qui
2340 5421 2483 5477 erat,
2517 5420 2567 5466 et
2610 5412 2701 5482 qui
2738 5421 2842 5479 est,
2874 5420 2923 5465 et
2951 5411 3040 5482 qui
3070 5418 3317 5464 venturus
3346 5421 3422 5464 est
3452 5413 3825 5482 omnipotens.

2227 5502 2377 5570 Quod
2394 5501 2506 5572 jam
2542 5517 2700 5571 supra
2726 5501 3029 5572 expositum
3055 5508 3157 5556 est.

2237 5648 2245 5659 ρ
2296 5613 2409 5684 Ego
2436 5612 2665 5667 Joannes
2691 5610 2856 5681 frater
2881 5619 3065 5665 vester.
3097 5606 3383 5678 Hucusque
3431 5610 3713 5679 praefatio
3748 5628 3831 5668 se-

2225 5706 2439 5779 quentis
2462 5701 2824 5777 libri,.cxhinc
2852 5700 3078 5756 historia
3099 5699 3300 5769 incipit.
3326 5697 3612 5767 Loquitur
3636 5712 3831 5756 autem

2224 5793 2466 5852 ecclesiis
2494 5790 2654 5860 Asia‘,
2685 5790 2880 5861 quibus
2905 5798 2959 5847 et
2984 5803 3041 5846 se
3064 5786 3319 5861 aequalem
3347 5788 3695 5860 ostendens,
3731 5794 3829 5848 bu~
