3974 6444
126 362 235 422 9J9

1087 358 1451 416 EXPOSlTlO
1488 358 1556 415 IN
1594 355 2096 416 APOCALYPSIN.
2135 386 2201 395 —
2237 352 2363 410 LIB.
2403 350 2444 407 l.

3282 351 3392 429 950‘

125 475 377 535 utilitatis
423 488 590 532 causa
623 473 754 531 dicit
786 490 798 526 :
830 472 944 545 Ego
991 472 1224 528 Joannes
1256 472 1417 542 frater
1446 480 1608 533 restet:
1650 471 1707 526 in
1735 467 2049 534 Amonium
2097 465 2299 521 Christi
2348 478 2408 521 se
2457 462 2585 520 dicit
2635 462 2964 535 relegatum,
3018 478 3121 518 non
3168 472 3388 535 propter

129 569 257 634 ﬁde,
288 578 334 623 et
362 566 621 638 particeps
649 565 703 618 in
735 563 1073 618 tribulatione
1101 573 1147 618 et
1176 580 1354 634 regno,
1382 572 1429 617 et
1456 560 1710 633 patientia

125 661 183 715 iu
210 659 417 717 Christo
444 656 593 712 Jesu.
625 657 742 725 Quo
771 658 823 711 in
859 657 980 713 loco
1008 657 1114 714 duo
1145 666 1275 714 sunt
1298 656 1461 713 simul
1490 656 1713 729 conjun-

126 751 346 823 genda,
396 748 675 805 tribulatio
726 748 933 805 scilicet
975 755 1030 804 et
1080 751 1360 820 patientia.
1414 749 1711 805 Tribulatio

127 845 279 900 enim
306 850 362 901 et
382 842 647 913 patientia
676 842 951 911 pertinent
979 844 1046 898 ad
1080 828 1242 914 caput
1270 854 1324 899 et
1347 844 1416 899 ad
1444 843 1709 909 membra,

129 950 358 1007 mgnum
388 942 569 992 autem
589 934 927 993 solummodo
953 934 1019 991 ad
1044 944 1227 1005 caput.
1254 934 1533 1005 Particeps
1557 933 1713 990 Chri-

125 1026 203 1081 sti
223 1020 574 1085 'l‘nitJoannes
599 1023 653 1081 in
677 1022 1024 1081 tribulatione
1048 1023 1400 1093 etpatientia,
1418 1024 1544 1094 quia
1570 1022 1717 1081 sicut

124 1116 380 1173 Christus
412 1129 604 1186 passus
628 1123 723 1171 est.
751 1113 1071 1184 upprobria,
1090 1114 1387 1178 irrisiones,
1431 1112 1715 1182 colaphos,

122 1218 187 1265 et
217 1211 465 1275 verbera,
499 1210 572 1264 ita
597 1216 652 1263 et
686 1210 876 1264 beatus
904 1205 1142 1281 Joannes
1182 1206 1274 1274 qui
1311 1203 1608 1274 ﬁagellatus
1630 1206 1710 1261 le-

125 1302 289 1372 gitur.
324 1300 376 1354 iu
423 1298 649 1357 Actibus
695 1298 1082 1368 apostolorum,
1133 1306 1190 1353 et
1236 1313 1264 1352 a
1310 1296 1611 1354 Domitiano
1656 1297 1711 1357 in

132 1389 348 1444 liuentis
372 1388 476 1446 olei
504 1388 706 1446 dolium
732 1387 930 1443 missus
950 1427 965 1451 ,
1002 1386 1067 1442 ad
1101 1387 1346 1443 ultimum
1390 1385 1457 1441 ab
1484 1387 1712 1443 homini-

133 1480 235 1534 bus
260 1487 541 1548 separatus
557 1487 659 1533 est.
682 1476 960 1545 Particeps
984 1491 1195 1546 quoque
1221 1474 1322 1530 luit
1350 1475 1402 1529 in
1429 1476 1709 1545 patientia,

130 1571 258 1639 quia
285 1558 428 1625 sicut
450 1568 700 1624 Christus
728 1569 995 1639 patienter
1020 1584 1081 1622 su
1119 1567 1277 1621 tinuit
1307 1568 1639 1636 passionem,
1657 1576 1713 1623 et

129 1678 262 1717 suos
280 1661 630 1718 cruciﬁxores
646 1661 1033 1731 diligebat,pro
1052 1661 1248 1730 quibus
1268 1661 1477 1725 orabat,
1494 1659 1708 1716 dicens:

131 1752 315 1817 Pater,
353 1770 414 1808 ne
458 1762 663 1807 statuas
713 1752 817 1808 illis
843 1753 942 1807 hoc
982 1762 1249 1822 peceatum
1280 1750 1543 1824 (Aen-vn)
1587 1765 1601 1806 :
1637 1751 1710 1806 ita

1811 556 2159 614 homicidium
2196 565 2290 610 aut
2318 565 2511 611 caetera
2542 555 2788 611 crimina.
2815 554 2890 608 Ex
2930 552 3032 609 illis
3052 554 3247 625 quippe
3271 566 3389 611 erat

1811 663 1950 704 unus
1989 647 2185 720 quibus
2228 646 2357 702 dicit
2396 646 2653 701 Dominus
2696 664 2708 699 :
2755 642 2903 699 Beati
2952 645 3096 699 eritis
3150 634 3265 698 cum
3302 663 3388 700 ros

1812 738 2014 792 oderint
2060 735 2315 800 homines,
2347 746 2396 790 et
2424 736 2776 808 separarerint
2807 752 2911 801 ros,
2951 746 2997 789 et
3044 735 3387 806 exprobrare-

1811 829 1939 891 rint,
1966 838 2014 883 et
2046 826 2294 897 ejecerint
2316 843 2497 880 nonum
2525 838 2745 881 restrum
2774 837 3022 898 tanquam
3048 825 3241 882 malum
3268 845 3390 897 pro-

1810 931 1922 993 pter
1950 934 2034 974 me
2064 918 2218 988 (Luc.
2267 918 2384 989 vr),
2425 926 2479 972 ct
2508 917 2633 972 alibi
2668 936 2680 970 :
2721 917 2763 972 G
2788 961 2813 970 .,
2842 918 2956 973 dele
2993 918 3132 990 quod
3177 920 3387 972 nomina

1811 1022 1979 1074 vestra
2006 1012 2196 1080 scripta
2222 1020 2339 1065 sunt
2367 1009 2421 1063 in
2450 1007 2575 1063 coelo
2600 1007 2751 1081 (Luc.
2785 1009 2858 1078 ς).
2888 1007 3077 1065 Omnis
3114 1008 3256 1063 cnim
3298 1009 3397 1078 qui

1813 1104 2016 1161 idcirco
2062 1105 2268 1175 patitur
2306 1103 2641 1174 passionem,
2681 1102 2805 1173 quia
2843 1102 3176 1157 divinitatem
3208 1113 3262 1157 et
3291 1103 3390 1156 hn~

1813 1199 2128 1254 inanitatem
2167 1196 2285 1251 Filii
2321 1194 2411 1251 Dei
2442 1194 2719 1266 praedicat,
2746 1195 2938 1249 beatus
2961 1194 3085 1259 erit,
3118 1193 3393 1275 ct‘talibus

1814 1297 2023 1346 secreta
2050 1287 2293 1345 cmlestia
2330 1285 2734 1351 revelabuntur,
2775 1300 2897 1339 cum
2925 1284 2995 1339 ad
3019 1285 3281 1340 visionem
3305 1290 3402 1345 sui‘

1811 1377 2477 1452 pcrvenerinttjreatoris.
2568 1424 2583 1435 ,

1885 1466 1991 1522 Fui
2038 1468 2092 1522 in
2140 1467 2327 1538 spiritu
2360 1467 2412 1519 in
2458 1466 2541 1519 die
2586 1462 2738 1518 Domi
2778 1465 2876 1519 ica.
2919 1462 3018 1519 llic
3048 1461 3161 1532 jam
3202 1472 3395 1535 aperte

1815 1559 2235 1624 demonstratur,
2265 1557 2482 1625 beatum
2517 1554 2780 1611 Joannem
2813 1556 2955 1610 hanc
2993 1555 3254 1610 visionem
3284 1570 3389 1608 non

1815 1650 2191 1721 corporaliter,
2223 1651 2318 1705 sed
2348 1649 2400 1705 in
2434 1649 2630 1721 spiritu
2668 1649 2887 1704 vidisse.
2935 1648 3049 1703 Non
3104 1658 3282 1703 tamen
3337 1648 3403 1705 in;

1815 1726 2040 1806 somnis,
2079 1740 2172 1797 sed
2201 1741 2257 1796 in
2285 1739 2485 1797 exstasi
2520 1749 2705 1810 raptus
2733 1749 2836 1804 est,
2871 1739 3007 1794 sicut
3037 1746 3091 1794 et
3117 1739 3401 1803 Ezechiel;

126 1854 187 1900 ct
230 1845 419 1900 beatus
443 1843 678 1899 Joannes
723 1843 977 1916 diligebat
1012 1860 1104 1900 eos
1133 1844 1223 1914 qui
1265 1844 1316 1899 ei
1350 1843 1487 1897 mala
1516 1822 1710 1898 infere-

1818 1834 1905 1904 qui
1938 1848 2060 1888 cum
2100 1832 2312 1888 sederet
2350 1831 2403 1886 in
2432 1830 2595 1887 domo
2634 1848 2752 1898 sua,
2784 1841 2838 1888 et
2875 1846 3035 1887 senes
3060 1822 3195 1886 Juda'
3234 1830 3390 1886 sede-

130 1935 281 1995 bant,
316 1942 370 1988 et
398 1949 497 2004 pro
524 1933 629 1988 illis
664 1934 875 1989 orabat.
908 1934 1147 2003 Regnum
1190 1942 1369 1991 autem
1398 1932 1611 2003 proprie
1643 1932 1709 1988 ad

129 2034 293 2095 caput
317 2025 573 2096 pertinet,
595 2025 687 2095 qui
710 2033 792 2080 cst
816 2039 1036 2095 regnum
1059 2033 1376 2096 perpetuum
1400 2032 1709 2078 samtorum

127 2132 375 2173 suorum.
404 2116 604 2186 .Neque
627 2116 772 2181 enim
814 2116 958 2175 aliud
991 2131 1212 2185 regnum
1239 2122 1321 2170 est
1350 2115 1461 2169 suis
1484 2113 1710 2170 daturus

126 2208 321 2267 electis
346 2223 507 2277 quam
550 2208 809 2278 seipsum,
841 2206 1038 2278 quibus
1068 2206 1317 2273 dicturus
1348 2215 1429 2262 est
1448 2226 1467 2269 ;
1508 2205 1729 2273 Venite,

126 2297 387 2353 benedicti
428 2294 608 2353 Putris
641 2299 748 2356 mei
771 2296 987 2367 (Matth.
1026 2296 1178 2369 xxv),
1209 2298 1363 2368 quasi
1394 2298 1572 2353 «icat:
1609 2299 1727 2374 Ve;

127 2388 265 2453 nite.
296 2388 558 2453 membra,
593 2396 815 2458 regnate
839 2396 961 2458 post
992 2387 1394 2443 tribulationem
1426 2388 1479 2443 in
1510 2391 1726 2462 capite,

127 2480 259 2550 quia
286 2495 386 2553 ego
414 2492 635 2550 regnum
680 2488 954 2547 vestrum;
994 2480 1060 2534 de
1089 2479 1190 2535 hoc
1236 2495 1397 2549 regno
1429 2480 1543 2551 ipse
1583 2481 1728 2545 dicit,

128 2570 331 2627 Judieis
362 2570 635 2642 :Begnum
664 2570 761 2626 Dei
790 2570 932 2624 intra
961 2588 1046 2625 vos
1081 2580 1154 2629 est
1196 2570 1345 2642 (Luc.
1379 2570 1533 2642 xvn).
1565 2570 1707 2629 Con-

131 2662 479 2719 siderandum
520 2660 755 2730 denique
803 2660 931 2731 quia
984 2660 1039 2715 in
1074 2661 1247 2729 tribus
1282 2661 1603 2732 participem
1651 2676 1711 2717 se

129 2751 265 2809 dicit
289 2749 565 2816 Joannes,
595 2750 650 2809 in
680 2750 1020 2809 tribulatione
1059 2751 1297 2816 scilicet,
1349 2760 1404 2806 ct
1451 2768 1612 2822 regno
1657 2762 1711 2809 et

130 2842 425 2913 patientia;
452 2842 553 2898 sed
576 2842 754 2897 media
787 2843 1095 2927 horumvest
1121 2858 1374 2927 regnum,
1406 2859 1503 2898 nec
1534 2852 1712 2912 potest

127 2934 420 3005 possideri,
446 2935 553 2991 nisi
590 2941 645 2990 et
667 2934 793 2990 hinc
824 2920 1099 2990 tribulatio
1121 2920 1449 3000 eriercuerit,
1479 2944 1533 2989 et
1560 2934 1710 2993 illinc

129 3025 395 3095 patientia
422 3025 744 3083 defenderit.
777 3025 951 3087 Tenet
976 3027 1120 3085 enim
1152 3026 1208 3081 in
1232 3025 1336 3085 hoc
1368 3026 1487 3085 loco
1520 3043 1730 3103 persoe.

130 3133 262 3172 nam
292 3117 533 3173 omnium
565 3116 824 3177 ﬁdelium.

205 3203 313 3260 Fui
335 3206 391 3260 in
412 3205 585 3260 insula
607 3222 723 3277 qua:
744 3215 959 3261 uocatur
982 3180 1229 3266 Pathmos
1251 3216 1459 3279 prapter
1490 3183 1785 3283 Verbum.C

133 3296 233 3350 Dei
270 3305 318 3351 et
355 3297 710 3353 testimonium
750 3295 880 3352 Jesu
909 3296 1122 3353 Christi.
1170 3298 1411 3367 Quatuor
1437 3301 1598 3356 rebus
1626 3301 1716 3357 hic

130 3402 284 3443 suam
314 3387 603 3447 conﬁrmat
645 3390 1013 3447 narrationem
1048 3410 1059 3445 :
1102 3408 1354 3462 persona,
1390 3409 1510 3449 cum
1544 3394 1713 3451 dicit:

136 3477 247 3550 Ego
266 3477 529 3545 Joannes;
556 3478 699 3545 loco,
720 3495 841 3535 cum
871 3493 929 3534 se
956 3480 1010 3535 in
1040 3481 1297 3536 Pathmos
1324 3482 1554 3538 insulam
1580 3484 1715 3540 rele-

130 3577 316 3645 gatum
341 3568 607 3635 ostendit;
629 3584 809 3634 causa,
828 3586 996 3641 quare
1020 3571 1136 3627 haec
1157 3587 1354 3643 passus
1376 3574 1471 3639 sit,
1494 3583 1715 3646 propter

135 3658 371 3714 Verbum
391 3659 603 3716 scilicet
625 3660 747 3728 Dei,
770 3669 825 3716 et
848 3671 1109 3733 tempore,
1128 3665 1180 3721 id
1202 3672 1286 3721 est
1306 3667 1391 3721 die
1416 3667 1709 3725 Dominica.

131 3749 230 3807 Fui
279 3750 331 3806 in
380 3751 552 3807 insula
601 3768 720 3822 qua:
761 3762 982 3809 vocatur
1008 3754 1301 3823 Pathmos;
1332 3758 1560 3815 historia
1586 3771 1714 3817 uota

128 3848 237 3906 est,
268 3841 485 3895 beatum
528 3839 791 3896 Joannem
825 3844 1033 3898 scilicet
1079 3845 1133 3899 in
1183 3845 1441 3902 Pathmos
1484 3849 1715 3905 insulam

132 3932 427 4002 relegatum
449 3942 666 4003 propter
689 3933 926 3989 Verbum
950 3935 1064 4000 Dei,
1092 3937 1177 3991 cui
1204 3937 1568 3993 testimonium
1596 3955 1715 4009 per-

132 4021 373 4089 hibebat,
409 4023 592 4079 dicens
621 4042 634 4079 :
662 4023 720 4079 ln
750 4026 1014 4095 principio
1054 4035 1172 4081 erat
1200 4027 1476 4094 Verbum;
1509 4036 1564 4082 et
1599 4045 1721 4099 pro-

128 4122 255 4182 pter
285 4113 650 4170 tcstimouium
678 4113 805 4172 Jesu
832 4114 1054 4183 Christi,
1099 4117 1242 4191 quod
1283 4116 1333 4174 ei
1376 4117 1713 4194 perhibebat,

68 4224 73 4227 τ
128 4202 279 4274 quod
309 4202 512 4260 scilicet
538 4212 681 4261 esset
702 4220 863 4261 verus
886 4207 1027 4262 Deus
1052 4215 1105 4262 et
1134 4222 1294 4262 verus
1316 4208 1476 4262 homo
1499 4224 1514 4273 ;
1549 4217 1603 4263 et
1630 4209 1716 4263 cui

132 4291 435 4371 negabatur
479 4305 624 4355 terra
670 4305 913 4367 apertum
949 4305 1033 4353 est
1072 4296 1287 4353 C(elum.
1331 4297 1718 4373 interpretatur

128 4378 313 4447 autem
353 4386 614 4444 Pathmos
653 4389 884 4455 fretum;
931 4389 1006 4445 ibi
1044 4390 1240 4467 quippe
1281 4390 1511 4461 amplius
1544 4389 1718 4446 fervet

129 4490 317 4544 mre,
345 4479 490 4550 quod
534 4479 731 4539 fretum
787 4480 1002 4543 dicitur,
1045 4481 1134 4535 ubi
1169 4481 1447 4554 angustius
1488 4487 1614 4535 est:
1663 4488 1718 4535 et

130 4569 257 4630 ideo
306 4585 414 4625 non
462 4570 905 4651 inconvenienpr
949 4588 1046 4642 per
1085 4587 1281 4629 nomen
1326 4572 1486 4633 istius
1527 4571 1713 4628 insula:

127 4662 380 4730 angustia
406 4661 676 4732 passionis
703 4662 1047 4737 exprimitur,
1076 4676 1241 4735 quam
1259 4661 1570 4734 patiebatur
1592 4661 1717 4716 bea-

132 4762 222 4808 tus
239 4750 501 4820 Joannes,
528 4753 874 4810 sicutcmteri
903 4768 1132 4823 quorum
1159 4767 1442 4823 personam
1470 4752 1709 4824 gerebat.

126 4843 348 4917 Quanto
376 4845 557 4916 magis;
576 4842 719 4902 enini
742 4844 921 4905 sancti
958 4844 1011 4899 in
1039 4844 1294 4919 praesenti
1328 4844 1435 4900 vita
1472 4842 1715 4916 adligan-

131 4949 246 5002 tnr,
272 4951 337 4991 eo
366 4936 596 5010 amplius
624 4935 731 4992 illis
770 4942 981 4991 secreta
1012 4935 1258 4990 coelestia
1272 4932 1711 5007 manifestantur.

130 5027 290 5084 Unde
307 5027 505 5084 Paulus
521 5028 574 5083 in
587 5042 807 5087 carcere
821 5028 1028 5098 positus
1050 5027 1272 5097 dicebat.
1287 5044 1302 5082 :
1329 5027 1528 5083 Nostra
1542 5038 1713 5082 autem

127 5122 456 5177 conversatio
476 5123 533 5178 in
552 5122 693 5177 cretis
714 5132 791 5175 est
815 5120 1034 5191 (Philip.
1062 5120 1168 5192 tu).
1192 5119 1475 5175 Sustineat
1500 5136 1714 5190 quoque

125 5213 316 5283 ehipsi
352 5211 477 5267 mali
507 5228 721 5282 pmnas,
745 5212 872 5282 quia
896 5210 1183 5267 homicida:
1209 5208 1629 5276 interﬁciuntur,
1658 5210 1713 5265 in

126 5300 852 5365 carceribustrecluduntur;
885 5302 976 5363 sed
1001 5316 1106 5361 non
1133 5316 1305 5373 ptena
1322 5298 1449 5356 facit
1472 5310 1709 5367 sanctos,

127 5392 233 5467 sed
264 5393 495 5465 iustitia.
536 5391 792 5449 Sustinet
825 5393 1341 5465 plerumquejustus
1371 5392 1586 5457 similia,
1616 5393 1709 5449 sed

121 5481 307 5551 justus
352 5490 573 5553 propter
619 5478 889 5549 justitiam
934 5492 1258 5557 coronatur,
1301 5481 1531 5552 injustus
1583 5497 1711 5539 vero

128 5583 359 5645 propter;
382 5573 721 5647 iniquitatem
749 5574 1052 5649 damnatur.
1079 5573 1216 5653 Hinc
1238 5571 1523 5635 Psalmista
1547 5573 1706 5630 dicit:

124 5665 322 5733 Junii“
352 5656 686 5748 Μέμφις,
708 5652 1291 5745 ,ςιηᾴὶεοᾳτηεπρααεᾳὶῃ
1321 5682 1489 5745 meam
1536 5664 1707 5739 (Psal.

129 5753 511 5828 xttt)-.,Llude,
552 5755 983 5833 bene-propter
1030 5758 1262 5827 Verbum
1312 5758 1406 5818 Dei
1456 5769 1507 5817 ct
1559 5760 1727 5837 testi:

1813 1935 1933 1981 rent
1974 1940 2155 1981 coram
2214 1924 2327 1991 illo,
2368 1924 2563 1981 ductus
2607 1934 2690 1980 est
2736 1932 2918 1979 mente
2961 1923 3014 1978 in
3067 1921 3388 1977 Jerusalem.

1811 2019 1996 2087 itaque
2025 2016 2163 2073 sicut
2208 2015 2411 2071 dictum
2458 2025 2560 2081 est,
2593 2014 2725 2070 nihil
2748 2028 2868 2085 'per
2913 2029 3108 2086 corpus
3146 2014 3280 2068 vidit
3309 2014 3402 2089 vel

1811 2109 2038 2175 audivit,
2068 2106 2152 2164 vel
2190 2109 2379 2173 sensit,
2411 2108 2505 2168 vel.
2535 2106 2830 2169 intellexit,
2861 2105 2942 2162 vel
2972 2102 3144 2183 ipsam
3174 2122 3393 2160 carnem

1812 2199 2052 2255 funditus
2083 2198 2323 2256 deseruit
2344 2239 2359 2266 ,
2390 2200 2604 2272 quando
2635 2200 2775 2254 hanc
2818 2198 3197 2276 revelatiqnem
3238 2195 3392 2260 vidit,

1812 2292 1905 2348 sed
1935 2290 2209 2353 docendus
2239 2288 2355 2369 ejus
2377 2290 2619 2362 spiritus,
2649 2306 2678 2344 a
2705 2289 2912 2361 Spiritu
2928 2289 3163 2359 docente
3186 2303 3391 2343 assum-

1811 2390 1936 2452 ptus
1974 2389 2078 2448 est,
2117 2390 2176 2436 ut
2205 2380 2311 2435 alta
2340 2389 2395 2438 et
2424 2381 2652 2453 mystica
2690 2390 2873 2452 posset
2923 2379 3143 2435 intueri.
3176 2376 3415 2443 ,Notan-r.

1811 2474 1938 2529 dum
1979 2482 2162 2530 autem
2215 2473 2458 2551 quodse
2498 2490 2605 2530 non
2650 2474 2701 2529 in
2744 2474 2833 2530 die
2862 2472 3092 2537 sabbati,
3124 2481 3215 2526 aut
3243 2480 3394 2527 sexta

1811 2564 1969 2632 feria,
2003 2565 2097 2622 sed
2128 2565 2299 2625 indie
2333 2565 2610 2639 Dominica
2649 2574 2857 2637 raptum
2898 2566 3063 2620 fuisse
3096 2564 3244 2619 dicit.
3288 2564 3391 2619 δο-

1813 2655 1884 2711 let
1914 2654 2059 2710 enim
2088 2655 2323 2727 qualitas
2355 2671 2533 2711 rerum
2563 2656 2773 2711 ostendi
2817 2671 2914 2728 pro
2957 2654 3215 2727 qualitate
3251 2664 3415 2710 tem—.

1810 2764 2022 2823 porum.
2057 2747 2193 2804 llinc
2224 2757 2307 2804 est
2339 2748 2483 2821 quod
2513 2748 2781 2804 Abraham
2813 2748 2864 2804 in
2893 2748 3106 2808 fervore
3135 2744 3257 2825 ﬁdei
3286 2730 3396 2803 sua:

1812 2842 2032 2917 angelos
2055 2841 2282 2897 meridie
2310 2841 2462 2908 vidit,
2493 2849 2547 2897 et
2574 2842 2710 2919 Loth
2734 2843 2785 2898 iu
2807 2843 3108 2914 perditione
3133 2842 3396 2899 Sodomo-

1813 2949 1933 2988 rum
1959 2933 2193 3004 vesperi,
2224 2933 2393 2994 Adam
2418 2945 2539 3009 post
2560 2934 2870 3001 meridiem;
2900 2936 3154 2993 Salomon
3177 2953 3394 3009 quoque

1813 3025 2155 3095 sapientiam
2184 3036 2651 3105 nonservaturus
2701 3028 2755 3082 in
2800 3036 2958 3083 nocte
3004 3029 3267 3100 percepit.
3317 3028 3395 3083 Ita

1814 3131 1944 3189 ergo
1987 3116 2041 3171 in
2090 3116 2192 3172 hoc
2229 3116 2347 3172 loco
2390 3132 2487 3187 per
2515 3118 2655 3173 diem
2688 3118 3021 3175 Dominicam
3046 3132 3232 3191 aperte
3264 3120 3397 3175 ﬁdes

1818 3200 2156 3277 intelligitur,
2182 3219 2302 3276 qua:
2329 3203 2441 3275 jam
2479 3206 2761 3263 manifesta
2798 3217 2918 3264 erat
2950 3209 3004 3265 in
3035 3218 3146 3265 toto
3173 3210 3396 3273 mumlo,

1815 3297 2029 3367 quando
2053 3296 2154 3351 ista
2185 3294 2401 3352 videbat
2429 3296 2621 3354 beatus
2656 3296 2908 3356 Joannes.
2941 3297 3059 3356 Jam
3090 3301 3231 3357 enim
3256 3301 3396 3373 Apo-

1816 3385 1939 3442 stoli
1973 3384 2202 3456 profecti
2240 3386 2674 3457 praedicaverunt
2696 3388 2915 3461 ubique,
2961 3398 3016 3445 et
3052 3390 3164 3462 jam
3200 3407 3394 3461 corpo-

1819 3476 1946 3533 ralis
1970 3477 2109 3534 illius
2136 3478 2343 3533 vacatio
2373 3478 2583 3534 sabbati
2613 3480 2667 3534 in
2723 3479 3055 3550 spiritualem
3081 3482 3400 3541 transierat.

1818 3568 2057 3625 Ecclesia
2090 3584 2304 3640 quoque
2334 3584 2495 3640 quam
2535 3569 2728 3628 beatus
2765 3570 3000 3645 Joannes
3032 3571 3393 3644 signiﬁcabat,

1811 3660 1923 3730 jam
1975 3661 2116 3716 facta
2169 3662 2351 3718 carnis
2404 3662 2781 3730 mortiﬁcans,
2830 3664 2883 3719 in
2935 3662 3109 3720 lucem
3163 3664 3399 3735 Spiritus

1818 3756 2170 3825 assurgebat;
2203 3764 2256 3810 et
2290 3770 2479 3812 omnes
2508 3756 2663 3812 electi
2691 3757 2748 3812 in
2782 3756 2868 3811 die
2914 3757 3195 3815 Dominica
3234 3762 3397 3822 sunt,

1819 3844 1942 3912 quia
1972 3844 2036 3895 ad
2068 3844 2262 3912 gaudia
2292 3834 2484 3901 futurae
2512 3846 2922 3903 resurrectionis
2959 3846 3307 3901 hilarescunt.

1892 3931 1956 3984 Et
1983 3932 2159 3984 muliri
2185 3941 2297 4000 post
2340 3950 2418 3993 me
2459 3950 2630 3987 rorem
2675 3950 2919 4007 magnmn
2948 3945 3195 4008 tanquam
3236 3936 3397 3999 tuber,

1818 4021 2036 4074 dicentis
2067 4021 2194 4073 mihi
2227 4021 2422 4087 :Qnod
2466 4024 2603 4078 rides
2653 4024 2816 4079 scribe
2856 4026 2909 4078 in
2946 4026 3107 4089 libro.
3146 4024 3301 4083 Sicut
3339 4027 3391 4079 in

1819 4107 2011 4180 spiritu
2049 4110 2256 4180 positus
2302 4111 2599 4182 spiritualia
2646 4113 2809 4180 vidit,
2851 4114 2928 4170 sic
2953 4131 3013 4169 ea
3047 4130 3165 4186 qum
3194 4116 3399 4170 audivit

1819 4214 1921 4253 vox
1953 4197 2248 4271 spiritualis
2298 4196 2431 4267 fuit;
2481 4201 2704 4266 scilicet,
2741 4203 2830 4274 qui
2872 4212 3025 4259 extra
3074 4218 3271 4276 corpus
3299 4221 3397 4277 per

1818 4286 2324 4358 contemplationem
2380 4289 2603 4345 eductus
2660 4290 2872 4357 fuerat,
2938 4282 3395 4364 quemadmodum

1819 4377 2041 4432 dorsum
2080 4377 2399 4433 habebatur.
2431 4378 2545 4435 Non
2579 4382 2722 4436 enim
2752 4397 2850 4454 per
2886 4400 3081 4454 corpus
3109 4385 3212 4440 ista
3241 4384 3395 4463 vidit,

1819 4479 1877 4524 ut
1903 4478 2025 4541 post
2056 4468 2276 4525 dorsum
2321 4472 2565 4544 carperis
2598 4473 2797 4545 aliquid
2842 4475 3080 4545 videret;
3110 4477 3205 4533 sed
3227 4476 3411 4561 facies

1747 4535 1794 4596 θ
1824 4561 1969 4618 illius
1989 4562 2304 4636 intelligitur
2324 4535 2435 4634 ipsa
2462 4562 2543 4620 vis
2565 4535 3191 4643 contemplationis,quze
3211 4552 3400 4629 extenv

1823 4656 2049 4712 debatur
2073 4655 2141 4711 ad
2170 4671 2232 4712 ea
2262 4673 2381 4727 quae
2412 4644 2643 4723 videbat,
2672 4658 2893 4716 dorsum
2928 4646 3061 4717 vero
3096 4660 3303 4727 oblivio
3332 4663 3400 4717 de

1822 4748 2211 4820 prtcsentibus,
2240 4764 2306 4804 ex
2358 4751 2555 4820 quibus
2602 4752 2828 4808 eductus
2865 4767 2961 4825 per
3007 4754 3254 4824 spiritum
3291 4755 3399 4825 iam

1822 4838 2057 4894 videbat.
2092 4839 2298 4893 Idcirco
2345 4834 2879 4910 itaque‘cwlestibus
2905 4843 3166 4907 intentus,
3210 4834 3397 4897 vocem

1825 4931 1878 4985 in
1908 4929 1993 4986 his
2021 4946 2139 5001 qua:
2172 4931 2371 4987 oblitus
2424 4931 2600 4987 fuerat
2630 4933 2853 4999 audivit,
2880 4942 2953 5000 ut,
2980 4934 3173 4989 faciem
3204 4934 3403 4989 mentis

1820 5010 1887 5075 ad
1904 5036 1965 5075 ea
1990 5029 2351 5087 converteret,
2382 5031 2435 5077 et
2449 5038 2510 5077 ea
2535 5039 2652 5097 qua:
2675 5024 2893 5080 videbat
2916 5025 3253 5080 auditoribus
3277 5042 3402 5103 pro-

1821 5110 1996 5166 futura
2020 5112 2303 5177 scriberet,
2330 5113 2404 5167 ita
2434 5121 2487 5168 et
2502 5114 2673 5169 sancti
2700 5125 2821 5187 post
2837 5130 2895 5171 se
2914 5116 3095 5171 omnia
3113 5116 3401 5187 praesentis

1818 5204 1940 5258 vita:
1988 5204 2181 5285 gaudia
2227 5202 2458 5269 habent,
2493 5215 2546 5260 et
2576 5207 2628 5260 in
2670 5214 2796 5261 ante
2838 5221 2896 5261 se
2943 5206 3271 5270 extendunt,
3303 5221 3403 5276 pro

1821 5293 1989 5350 nihilo
2027 5295 2287 5351 ducentes
2310 5295 2491 5352 omnia
2523 5296 2862 5369 temporalia,
2896 5297 3023 5353 dum
3053 5297 3404 5355 considerant

1818 5387 2009 5443 ﬁtturm
2032 5387 2153 5442 vita:
2175 5386 2718 5460 gaudia,juxtai11ud
2747 5387 2988 5461 Apostoli
3017 5406 3029 5443 :
3060 5369 3234 5445 Unum
3257 5388 3401 5459 quod

1818 5492 1953 5536 retro
1985 5492 2067 5536 est
2090 5480 2393 5536 obliviscens
2414 5522 2428 5548 ,
2459 5483 2511 5537 in
2541 5483 2901 5539 auterioribus
2926 5499 3012 5539 me
3035 5486 3290 5551 extendo,
3321 5501 3400 5540 se-

1818 5589 1987 5655 quens
2012 5575 2246 5649 bruviunt
2288 5582 2505 5655 teter-nae
2555 5575 2841 5631 vocationis
2882 5572 3103 5649 (Philip.
3157 5575 3262 5647 tu).
3308 5574 3401 5651 Sic

1820 5654 1999 5724 autem
2039 5666 2238 5723 dicitur
2267 5669 2317 5723 ei
2348 5686 2359 5722 :
2391 5654 2543 5737 Quod
2581 5669 2731 5724 vides
2761 5669 2937 5725 scribe
2965 5670 3016 5724 in
3057 5668 3214 5735 llltl‘O,
3261 5685 3325 5725 ac
3351 5672 3397 5724 si

1823 5763 2131 5821 diceretur:
2167 5760 2318 5847 Quod
2363 5764 2575 5819 visurus
2614 5778 2691 5819 cs.
2739 5762 2977 5821 Necdum
3005 5764 3149 5835 enim
3196 5746 3401 5843 aliquid
