3974 6472
577 390 675 448 951

1042 377 1396 444 ΗΑἮῙΟΝΙΞ
1436 382 1912 444 HALBERSTAT.
1953 385 2139 445 EPISL

2244 385 2365 439 lPP.
2408 383 2589 446 PAltS
2631 408 2673 441 ε.
2720 416 2777 426 —-
2804 384 3159 447 COMMENT.
3201 386 3374 447 BiBL.

3772 389 3874 448 952

577 507 809 574 viderat,
840 512 935 561 sed
967 513 1173 560 tantum
1223 505 1289 560 ad
1333 503 1624 560 videndum
1668 503 1908 559 elevatus
1949 500 2146 558 fuerat.
2178 505 2228 564 Α
2257 506 2480 570 quatur,
2524 500 2770 570 sequitur
2799 500 2917 571 ejits
2961 500 3282 565 consilium,
3314 517 3423 570 quo
3462 504 3545 558 ait
3590 506 3865 564 cuidam:

576 597 801 655 Librum
828 605 1006 652 autem
1033 595 1352 650 memoriam
1395 592 1512 664 ejus
1540 593 1793 665 appellat,
1833 593 1887 648 id
1925 601 2048 649 est:
2092 606 2157 647 ea

578 706 701 761 qua:
725 688 874 743 vides
909 686 1145 743 reconde
1176 687 1231 741 in
1261 695 1441 742 mente
1466 694 1578 751 tua,
1624 693 1679 742 et
1711 685 1830 740 aliis
1853 684 2016 740 etiam
2044 699 2159 738 ma-

576 779 791 845 nifesta,
819 792 946 834 nam
975 777 1119 849 quod
1161 778 1288 834 libri
1334 776 1643 846 signiﬁcent
1674 776 1837 833 corda
1876 770 2157 830 hominum

573 877 630 924 et
650 868 1058 934 conscientiam,
1089 875 1321 923 testatur
1348 867 1537 922 Daniel
1567 867 1660 937 qui
1690 866 1823 920 dicit
1851 884 1864 919 :
1894 864 2155 934 Antiquus

573 961 774 1014 dierum
800 959 955 1026 sedit,
986 968 1036 1014 et
1054 959 1176 1014 libri
1199 959 1366 1030 aperti
1392 968 1537 1025 sunt,
1565 968 1613 1013 et
1640 958 1775 1013 alius
1796 958 1926 1012 liber
1956 960 2046 1029 qui
2080 967 2154 1012 est

571 1050 996 1124 vitte(Dan.vu).
1033 1051 1124 1107 Sic
1145 1053 1306 1107 etiam
1331 1051 1580 1107 ﬁdelibus
1607 1051 1820 1115 dicitur,
1839 1051 2052 1121 utquod
2076 1050 2156 1106 vi-

571 1143 718 1205 dent,
734 1142 786 1197 id
802 1151 887 1198 est
905 1142 1049 1212 quod
1068 1141 1393 1211 intelligunt,
1409 1150 1462 1196 et
1478 1141 1576 1212 ipsi
1592 1142 1643 1196 in
1660 1141 1915 1201 cordibus
1936 1141 2049 1197 suis
2066 1158 2154 1197 re-

571 1235 816 1299 cordaut,
845 1240 900 1288 et
916 1233 1038 1288 aliis
1063 1233 1225 1288 etiam
1250 1231 1599 1287 manifestare
1622 1232 1896 1287 studeant.
1921 1232 2043 1289 Vox
2060 1248 2155 1285 au-

570 1335 680 1380 tem
699 1324 815 1380 haec
830 1322 943 1379 sive
964 1322 1017 1378 in
1042 1322 1267 1389 Joanne,
1286 1323 1399 1378 sive
1422 1322 1472 1376 in
1488 1321 1755 1388 Ecclesia,
1784 1330 1930 1381 recte
1958 1337 2152 1393 magna

568 1418 816 1480 vocatur,
846 1413 973 1484 quia
1015 1428 1122 1469 non
1165 1412 1232 1470 de
1281 1411 1666 1476 mediocribus,
1700 1410 1795 1466 sed
1826 1412 1892 1467 de
1926 1412 2159 1467 summis

568 1503 829 1574 loquitur.
862 1502 993 1571 Quae
1020 1503 1184 1559 etiam
1208 1502 1359 1574 quasi
1391 1502 1516 1557 tuba
1537 1502 1753 1566 dicitur,
1785 1505 1910 1572 quia
1941 1518 2038 1573 per
2056 1519 2153 1561 ora

569 1595 981 1664 praedicatorum
1037 1603 1237 1661 sonat,
1286 1595 1480 1663 quibus
1529 1609 1628 1665 per
1672 1594 1866 1651 Isaiam
1910 1595 2146 1650 dicitur:

572 1687 741 1754 Quasi
779 1688 903 1743 tuba
949 1687 1123 1742 exulta
1167 1704 1339 1741 vocem
1380 1698 1528 1741 tuam
1557 1686 1692 1757 (lsa.
1727 1689 1903 1755 Lvm).
1936 1686 2069 1742 Nam
2097 1698 2153 1744 et

568 1780 705 1833 bene
733 1792 838 1833 vox
866 1792 1027 1848 quam
1056 1778 1259 1833 audivit
1285 1778 1549 1842 Joannes,
1579 1787 1633 1836 et
1666 1779 1722 1833 in
1754 1778 1848 1835 illo
1886 1778 2145 1843 Ecclesia,

2262 588 2320 645 Si
2349 590 2433 645 vis
2461 605 2581 645 esse
2608 589 2897 662 perfectus,
2927 590 3105 647 vende
3136 593 3319 649 omnia
3345 609 3466 663 qua:
3500 596 3699 653 habes
3727 608 3785 655 et
3807 603 3865 656 da

2258 681 2611 751 pauperibus,
2640 690 2694 737 et
2725 682 2846 737 veni
2876 694 3108 753 sequere
3130 696 3241 749 me,
3277 691 3331 738 et
3360 685 3605 745 habebis
3641 688 3864 746 thesau-

2259 787 2377 827 rum
2407 773 2461 827 in
2489 773 2650 828 coelo.
2978 758 2981 761 ’
3180 782 3187 789 ’

2328 861 2590 932 Smyrna.
2607 862 2836 936 Smyrna
2859 862 3058 920 dicitur
3085 866 3349 922 canticum
3366 886 3558 924 eorum
3582 884 3609 923 .'
3628 886 3860 941 quorum

2256 954 2529 1007 canticum
2556 953 2663 1008 nisi
2684 954 3027 1010 electorum?
3049 956 3195 1011 ldem
3221 968 3304 1013 est
3329 961 3646 1026 canticum,
3674 962 3861 1032 dequo

2255 1042 2545 1098 Psalmista
2592 1044 3020 1101 dicit:Cantate
3056 1046 3282 1103 Domino
3332 1053 3620 1107 canticum
3675 1071 3857 1109 nam

2255 1130 2428 1206 (Psal.
2474 1133 2621 1206 xcv).
2664 1133 2866 1190 Verum
2894 1138 3009 1192 lucc
3055 1139 3222 1194 verba
3250 1152 3356 1195 non
3385 1142 3481 1196 uni
3508 1150 3744 1198 tantum
3773 1159 3854 1199 ec-

2254 1225 2431 1280 clesiae
2479 1226 2765 1292 dicuntur,
2813 1228 2909 1284 sed
2955 1236 3162 1283 tantum
3212 1231 3558 1301 generaliter
3605 1233 3854 1292 Ecclesia:

2251 1317 2542 1372 universali
2568 1319 2914 1373 conveniunt.
2938 1317 3019 1374 Ad
3044 1318 3199 1389 cujus
3222 1322 3479 1377 membra
3494 1323 3851 1394 pertinebant

2253 1408 2507 1479 apostoli,
2522 1409 2718 1479 quibus
2739 1408 3004 1466 Dominus
3024 1411 3237 1467 dicebat
3259 1411 3277 1466 ἐ
3301 1412 3649 1471 laudatum
3676 1433 3847 1471 nam

2251 1502 2317 1556 do
2346 1502 2486 1557 vobis
2515 1501 2695 1572 (Joan.
2728 1502 2874 1575 xm).
2908 1500 3029 1574 Ipsa
3078 1505 3220 1560 enim
3250 1505 3547 1577 diligendo
3594 1507 3769 1563 Deum
3802 1517 3846 1563 et

2250 1592 2584 1664 proximum,
2602 1593 2872 1648 canticum
2895 1608 3093 1648 novum
3111 1602 3311 1660 cantat,
3338 1597 3437 1666 qui
3459 1598 3739 1669 adimplet
3756 1600 3845 1655 hoc

2252 1687 2586 1741 mandatum.
2615 1686 2812 1743 Cantat
2836 1689 3000 1743 etiam
3040 1690 3309 1745 canticum
3347 1706 3599 1756 novum,
3645 1693 3841 1762 quando

2252 1777 2569 1848 mysterium
2594 1778 3003 1845 incarnationis,
3018 1781 3306 1850 passionis,
3328 1798 3395 1835 ac
3421 1785 3839 1839 resurrectionis

566 1880 823 1938 tanquam
854 1883 956 1922 vox
995 1868 1195 1925 dicitur
1220 1871 1387 1935 tubte,
1408 1885 1526 1940 qua:
1556 1870 1624 1925 ab
1652 1869 2002 1925 interioribus
2029 1871 2146 1926 sine
2183 1849 2223 1910 Β
2251 1866 2366 1938 ejus
2388 1849 3063 1925 concelebrat.Perfectius
3090 1878 3270 1926 autem
3288 1871 3342 1925 in
3366 1871 3573 1927 futuro
3597 1877 3832 1939 cantabit,

564 1961 797 2032 strepitu
838 1976 1030 2017 sonum
1078 1961 1276 2031 accipit
1297 1977 1457 2032 quem
1483 1961 1690 2033 profert
1730 1961 2143 2032 exterius,.quia

559 2052 812 2108 videlicet
840 2052 927 2108 ille
963 2052 1079 2109 sine
1106 2069 1237 2109 sono
1280 2054 1430 2109 vocis
1463 2053 1669 2111 audivit
1692 2053 1844 2123 prius
1868 2053 1923 2108 in
1955 2053 2137 2115 corde,

559 2146 702 2215 quod
733 2146 1073 2217 postmodum
1102 2148 1280 2203 sonuit
1310 2146 1548 2221 exterius
1575 2147 1629 2201 in
1657 2146 1964 2217 voce,,quia
1986 2145 2144 2201 aliter

560 2238 631 2292 ad
676 2236 968 2307 prophetas
1016 2237 1197 2294 divina
1246 2255 1347 2293 vox
1397 2238 1609 2303 sonuit,
1650 2246 1813 2309 atque
1848 2237 2007 2293 aliter
2038 2237 2139 2308 ipsi

560 2335 750 2405 postea
796 2328 958 2384 locuti
1006 2338 1148 2385 sunt.
1203 2328 1340 2385 Deus
1383 2330 1529 2385 enim
1570 2330 1787 2385 locutus
1820 2330 1888 2384 ad
1926 2329 2047 2385 illos
2084 2329 2151 2391 in

559 2416 726 2472 corde
754 2416 871 2473 siue
900 2432 1033 2473 sono
1053 2419 1222 2484 vocis,
1248 2419 1348 2490 ipsi
1380 2428 1558 2473 autem
1584 2426 1773 2490 postea
1801 2418 1966 2479 locuti
1989 2429 2137 2488 sunt,

559 2517 850 2578 operantes
871 2510 1035 2565 verba
1061 2526 1185 2566 cum
1206 2510 1388 2582 lingua
1418 2513 1614 2568 carnis.

632 2596 700 2651 Et
727 2599 871 2653 mitte
897 2609 1086 2669 septem
1112 2599 1361 2667 ecclesiis,
1386 2601 1440 2656 id
1467 2610 1552 2657 est
1578 2604 1813 2674 generali
1843 2605 2134 2672 Ecclesiae;

558 2688 686 2759 quia
713 2688 854 2743 sicut
878 2703 1040 2759 supra
1055 2689 1255 2745 dictum
1269 2698 1375 2756 est,
1394 2690 1452 2745 in
1463 2693 1765 2763 septenario
1779 2709 2006 2750 numero
2020 2694 2138 2749 uni-

555 2780 791 2835 versitas
818 2781 1146 2853 exprimitur
1182 2781 1440 2838 ﬁdelium.
1466 2782 1600 2840 Nam
1630 2800 1682 2841 et
1713 2785 1857 2856 quod
1891 2787 1985 2847 uni
2014 2788 2136 2847 illa-

560 2884 678 2923 rum
732 2869 1003 2940 loquitur,
1050 2870 1237 2948 utique
1285 2873 1537 2934 omnibus
1585 2880 1831 2937 ecclesiis
1877 2881 2133 2951 loquitur.

561 2960 713 3020 [Iule
742 2977 795 3022 et
829 2968 881 3023 in
910 2971 1258 3038 sequentibus
1284 2971 1415 3026 dicit
1443 2989 1455 3025 :
1490 2971 1596 3038 Qui
1622 2972 1777 3028 habet
1800 2990 2015 3042 aurem,
2034 2991 2135 3029 au-

556 3056 668 3111 diat
695 3060 822 3129 quid
846 3058 1074 3130 Spiritus
1096 3061 1236 3117 dicat
1267 3062 1499 3119 ecclesiis
1527 3064 1708 3136 (Apoc.
1742 3065 1827 3139 tt).

629 3147 854 3218 Epheso.
889 3150 1133 3220 Ephesus
1160 3152 1552 3223 interpretatur
1570 3154 1807 3211 voluntas
1828 3156 1943 3213 sive
1964 3159 2136 3214 consi-

554 3240 683 3294 lium
713 3257 903 3298 meum.
944 3240 1062 3310 Quo
1086 3243 1304 3299 nomine
1333 3245 1662 3315 generaliter
1693 3248 1872 3303 omnis
1894 3248 2135 3305 Ecclesia

556 3330 1057 3401 comprehenditur,
1087 3331 1143 3387 in
1182 3348 1287 3403 qua
1317 3341 1403 3390 est
1432 3333 1525 3390 Dei
1549 3335 1799 3392 voluntas
1822 3351 1921 3407 per
1952 3337 2141 3405 ﬁdem,

556 3431 784 3499 spem'et
807 3424 1152 3492 charitatem,
1179 3436 1485 3497 caeteraque
1511 3428 1655 3491 bona
1682 3444 1868 3500 opera.
1900 3430 2053 3489 Unde
2077 3438 2135 3486 et

555 3516 673 3585 ipsa
696 3531 804 3570 non
830 3530 1004 3584 suam,
1033 3518 1124 3573 sed
1144 3517 1240 3574 Dei
1262 3520 1443 3588 potius
1470 3520 1807 3578 voluntatem
1841 3521 1896 3578 iu
1928 3537 1986 3577 se
2016 3521 2133 3579 ﬁeri

555 3612 768 3672 optans,
800 3603 932 3660 dicit
960 3606 1200 3675 quotidie
1240 3607 1292 3661 in
1329 3609 1596 3676 oratione,
1631 3619 1693 3665 ut
1733 3626 1842 3666 non
1889 3626 2009 3678 sua,
2037 3611 2133 3668 sed

554 3692 652 3750 Dei
706 3694 759 3750 in
797 3710 860 3750 ea
902 3695 996 3750 ﬁat
1042 3697 1307 3754 voluntas.
1359 3698 1457 3754 Cui
1498 3701 1662 3755 etiam
1703 3717 1734 3756 a
1772 3701 1998 3759 Domino
2040 3718 2136 3774 per

553 3784 873 3854 prophetam
908 3785 1144 3841 dicitur:
1170 3785 1293 3842 Non
1318 3790 1579 3844 vocaberis
1620 3790 1762 3845 ultra
1791 3790 2057 3858 derelicta,
2084 3801 2134 3846 et

553 3885 695 3930 terra
728 3887 818 3932 tua
848 3876 1112 3945 desolata,
1142 3878 1231 3933 sed
1257 3881 1522 3936 vocaberis
1557 3880 1796 3938 voluntas
1833 3900 1949 3938 mea
1978 3884 2035 3938 in
2070 3900 2134 3938 ea

556 3965 692 4037 (Ira.
717 3967 874 4039 Lxu).
903 3967 1035 4036 Qua:
1062 3968 1225 4024 etiam
1249 3970 1384 4026 bene
1403 3970 1691 4026 consilium
1710 3988 1890 4028 meum
1911 3972 2132 4041 dicitur,

552 4059 680 4130 quia
710 4058 961 4115 videlicet
1008 4073 1114 4113 non
1159 4074 1338 4127 suum,
1366 4060 1460 4118 sed
1486 4061 1583 4116 Dei
1618 4062 1700 4118 sui
1730 4062 1978 4132 sequitur
2004 4077 2134 4118 con-

551 4150 1021 4218 silium,.audicns
1055 4148 1183 4205 illud
1213 4148 1516 4208 Salomonis
1549 4168 1566 4205 επ
1592 4151 1742 4206 Audi.
1759 4150 2057 4217 consilium,
2084 4159 2141 4213 et

551 4243 755 4312 suscipe
786 4241 1115 4313 disciplinam
1156 4251 1216 4295 ut
1243 4242 1315 4297 sis
1349 4242 1557 4314 sapiens
1598 4244 1654 4297 in
1693 4243 1989 4307 novissimis
2027 4243 2133 4299 tuis

553 4333 737 4404 (Prov.
768 4331 917 4403 xIx);
943 4341 998 4389 et
1039 4333 1273 4388 iterum:
1310 4332 1503 4391 Omnia
1544 4333 1629 4404 fac,
1657 4350 1776 4389 cum
1812 4334 2051 4401 consilio,
2083 4344 2133 4390 et

550 4436 664 4498 post
708 4425 907 4495 factum
949 4414 1052 4481 non
1094 4425 1362 4497 prenitebis
1387 4424 1576 4498 (Eccli.
1623 4426 1800 4499 χχιιι)
1826 4443 1841 4494 ;
1867 4428 2013 4499 quod
2048 4443 2134 4484 re-

551 4516 736 4587 probis
800 4514 1193 4573 contradicitur
1241 4533 1257 4570 :
1301 4513 1617 4585 Despexistis
1660 4532 1813 4571 omne
1855 4517 2131 4573 consilium

549 4625 733 4665 meum,
755 4608 936 4681 (Prov.
969 4608 1042 4681 t);
1076 4617 1133 4665 et
1160 4607 1286 4664 alibi
1319 4625 1332 4663 :
1367 4606 1491 4663 Non
1526 4619 1602 4664 est
1641 4609 1880 4666 voluntas
1918 4629 2036 4666 mea
2072 4614 2130 4668 in

550 4700 694 4756 vobis
741 4699 1009 4770 (Malach.
1038 4700 1095 4775 ι)
1121 4742 1138 4767 ,
1185 4702 1263 4756 ait
1304 4701 1584 4758 Dominus.
1627 4701 1921 4761 Sciendum
1948 4715 2131 4761 autem

550 4793 675 4864 quia
725 4793 974 4851 voluntas
1012 4796 1246 4866 pertinet
1289 4795 1357 4851 ad
1402 4795 1759 4863 charitatem,
1798 4811 1904 4866 qua
1943 4805 2139 4854 sancta

2161 3208 2207 3272 C

351 4892 361 4903 ‘
454 4902 458 4906 Α
550 4883 795 4942 Ecetesia
847 4900 954 4941 non
1002 4885 1198 4942 timore
1241 4894 1470 4957 cogente
1508 4885 1737 4943 Domino
1784 4887 1986 4954 servit,
2036 4887 2132 4944 sed

550 4985 743 5047 sponte
776 4975 1022 5036 Creatori
1055 4992 1115 5033 se
1142 4977 1362 5043 subdit,
1416 4978 1600 5034 dicens
1642 4994 1764 5034 cum
1802 4977 2128 5035 Psalmista:

558 5067 864 5124 Voluntarie
884 5069 1193 5139 sacriﬁcabo
1213 5069 1305 5124 tibi
1333 5068 1504 5141 (Psal.
1542 5069 1682 5141 Lm).
1710 5069 2005 5127 Consilium
2034 5085 2130 5126 au-

548 5169 660 5237 tem
687 5158 754 5215 ad
778 5159 1167 5216 correctionem
1188 5201 1201 5227 ,
1238 5160 1364 5231 quia
1406 5160 1654 5230 quamvis
1679 5160 1897 5230 quidam
1929 5161 1983 5216 in
2016 5160 2131 5217 suis

547 5262 870 5318 permanere
915 5249 1215 5307 sceleribus
1250 5250 1574 5306 omnimodis
1603 5250 1803 5316 velint,
1834 5251 1893 5305 ﬁt
1922 5250 1991 5304 ad
2034 5265 2135 5307 eos

549 5350 732 5396 tamen
759 5355 854 5412 per
880 5339 975 5397 Dei
1004 5342 1432 5399 misericordiam
1456 5357 1636 5398 sermo
1665 5341 2044 5408 correctionis,
2069 5351 2135 5399 ut

450 5474 451 5477 η
550 5429 753 5499 rejecto
777 5446 963 5488 errore
987 5432 1271 5494 consilium
1302 5431 1492 5488 salutis
1520 5431 1837 5501 percipiant.
1865 5429 1957 5487 Sic
1978 5432 2124 5486 enim

549 5534 829 5581 correctus
866 5535 948 5581 est
978 5524 1194 5591 Saulus,
1224 5524 1310 5580 cui
1361 5534 1481 5581 erat
1519 5524 1804 5581 consilium
1840 5535 1898 5581 ut
1926 5541 2124 5583 nomen

549 5611 750 5669 Christi
779 5614 982 5670 deleret
1007 5615 1076 5671 de
1102 5621 1266 5681 terra,
1296 5622 1353 5669 et
1384 5629 1452 5671 ex
1477 5614 1603 5686 lupo
1623 5613 1797 5673 factus
1825 5625 1909 5675 est
1931 5632 2121 5688 agnus.

2156 4561 2207 4622 D

2242 1959 2459 2028 quando
2485 1952 2687 2014 videbit
2715 1959 2766 2013 in
2792 1976 2851 2015 re
2866 1961 3008 2031 quod
3027 1977 3166 2017 nunc
3182 1963 3326 2017 videt
3347 1962 3405 2017 in
3420 1979 3552 2034 spe,
3585 1974 3646 2020 et
3673 1966 3829 2036 imple-

2240 2050 2391 2104 hitur
2418 2049 2546 2104 illud
2576 2069 2587 2103 :
2622 2049 2772 2105 Beati
2800 2052 2891 2122 qui
2923 2051 3159 2106 habitant
3188 2053 3243 2106 in
3273 2053 3436 2109 domo
3467 2063 3600 2121 tua,
3637 2056 3825 2110 Domist

2242 2138 2415 2211 (Psal.
2456 2140 2706 2213 LXXX-lli).
2739 2140 2892 2197 Unde
2941 2142 3359 2199 Ezechicl‘dicit
3405 2144 3642 2215 (Bacch.
3685 2147 3742 2216 tt)
3779 2162 3820 2202 se

2238 2233 2441 2288 vidisse
2470 2232 2688 2298 librum,
2712 2233 2766 2288 in
2803 2250 2909 2305 quo
2939 2242 3059 2289 erat
3090 2235 3353 2305 scriptum
3387 2251 3628 2293 carmen
3668 2248 3720 2295 et
3763 2240 3813 2292 b-

2240 2324 2600 2380 mentationes
2655 2329 2711 2380 et
2744 2340 2843 2379 vas.
2875 2322 2976 2391 Qui
3024 2325 3165 2380 enim
3218 2325 3293 2379 ibi
3340 2325 3589 2381 voluerit
3623 2337 3817 2383 cantare

2240 2432 2484 2485 carmen,
2525 2419 2627 2475 hoc
2656 2426 2744 2473 est
2784 2416 3053 2473 canticum
3082 2433 3301 2481 novum,
3331 2434 3560 2473 necesse
3579 2430 3655 2475 at
3681 2422 3811 2474 utin

2240 2511 2495 2583 praesenti
2535 2511 2643 2566 vita
2691 2511 2889 2566 habeat
2941 2508 3390 2566 lamentationem
3445 2510 3671 2566 deﬂendo
3709 2528 3798 2566 sua

2239 2610 2293 2657 et
2313 2601 2487 2657 aliena
2516 2608 2757 2673 peccata.
2787 2600 2889 2669 Qui
2919 2615 3048 2655 vero
3073 2600 3124 2654 in
3150 2601 3415 2670 prmsenti
3449 2603 3817 2673 contempserit

2237 2693 2439 2750 habere
2480 2690 2946 2755 lamentationem.
2981 2707 3063 2746 va:
3109 2691 3182 2747 illi
3230 2691 3351 2747 sine
3374 2694 3630 2747 dubicin
3657 2694 3811 2747 futuro

2239 2786 2689 2857 erit,utillissine
2718 2786 3160 2844 ﬁuehsbeutihus
3195 2800 3304 2854 vra,
3330 2784 3580 2843 isti'sine
3611 2788 3811 2843 termino

2237 2885 2463 2941 Alleluia
2491 2883 3016 2941 decantentvvicturi.

2308 2969 2587 3046 Pergamo.
2611 2973 2907 3045 Pergamus
2930 2974 3534 3044 interpretaturdirisio
3562 2993 3806 3030 cernam.

2236 3059 2449 3123 Cornua
2496 3064 2804 3137 signiﬁcant
2830 3081 3016 3137 regna,
3043 3074 3103 3120 ut
3131 3064 3300 3120 habes
3333 3062 3387 3119 in
3421 3064 3578 3121 libro
3603 3064 3809 3120 Danielis

2237 3166 2293 3213 et
2334 3160 2389 3213 in
2434 3158 2731 3224 Zacharia;
2784 3172 2987 3213 cornua
3033 3172 3164 3226 ergo
3208 3157 3414 3212 Christi
3456 3159 3807 3229 intelliguqu

2237 3250 2408 3306 sancti
2455 3248 2522 3304 ad
2566 3263 2792 3321 regnum
2824 3248 2968 3303 illius
3004 3248 3215 3303 venturi
3248 3268 3260 3304 :
3295 3250 3389 3304 sed
3435 3249 3589 3304 sicut
3637 3250 3813 3305 Christi

2235 3356 2438 3399 cornua
2484 3339 2602 3410 ejus
2640 3339 2883 3396 membra
2915 3348 3040 3396 sunt
3083 3340 3277 3410 quibus
3336 3357 3584 3411 regnum
3615 3342 3811 3395 datam

2234 3444 2319 3488 est
2345 3439 2685 3503 perpetuum,
2714 3431 2788 3486 ita
2824 3439 2949 3486 sunt
2978 3446 3179 3487 cornua
3200 3429 3407 3487 diaboli
3434 3431 3575 3500 ejus
3596 3435 3816 3489 membra

2233 3536 2354 3593 quae
2375 3536 2496 3576 cum
2518 3535 2583 3576 eo
2621 3518 3053 3579 damnabuntuu
3068 3519 3213 3574 inter
3235 3517 3351 3574 htec
3384 3520 3590 3591 itaque
3612 3536 3807 3582 cornua,

2234 3614 2289 3670 id
2337 3620 2420 3667 est
2469 3612 2611 3667 inter
2645 3609 2834 3681 justos.
2869 3618 2925 3665 et
2965 3609 3255 3679 reprobos,
3291 3618 3350 3663 et
3397 3609 3559 3665 inter
3618 3626 3808 3684 regnum

2234 3702 2437 3777 Christi
2464 3712 2517 3757 et
2544 3699 2774 3766 diaboli,
2809 3709 2994 3755 sancta
3028 3698 3268 3755 Ecclesia
3310 3698 3456 3754 facit
3488 3702 3807 3761 divisionem.

2234 3793 2360 3865 quia
2385 3801 2633 3864 segregat
2662 3791 2836 3846 bonos
2862 3807 2892 3846 a
2925 3791 3104 3857 malis,
3131 3790 3397 3861 superbos
3430 3794 3509 3847 ab
3542 3793 3809 3847 humilibus

2226 3883 2434 3952 judicio
2469 3882 2771 3948 sententiae,
2798 3881 2987 3937 dicens
3022 3896 3036 3935 :
3067 3879 3249 3937 Omnis
3271 3884 3365 3954 qui
3394 3900 3460 3937 se
3491 3886 3716 3953 exultat,
3736 3884 3809 3936 h-

2232 3972 2524 4028 miliabitur
2549 3970 2701 4044 (Luc.
2733 3971 2911 4044 xvtu).
2936 3971 3012 4027 De
3047 3972 3135 4029 his
3180 3975 3451 4030 cornibus
3496 3987 3557 4031 et
3606 3977 3808 4033 Psalmi-

2234 4074 2316 4121 sta
2375 4065 2506 4121 dicit
2550 4082 2565 4122 :
2610 4065 2803 4121 Omnia
2853 4081 3049 4120 cornua
3091 4076 3429 4137 peccatorum
3474 4072 3808 4141 εοηίήπςειι,

2233 4168 2279 4214 et
2308 4157 2683 4219 excitabuntur
2704 4174 2902 4213 cornua
2917 4159 3054 4228 justi
3082 4156 3254 4231 (Paul.
3282 4161 3500 4231 μεως).
3530 4160 3675 4217 Hinc
3692 4162 3809 4217 enim

2234 4250 2564 4307 discernitur
2608 4248 2812 4309 Christi
2844 4265 3068 4320 regnum
3114 4258 3168 4304 et
3218 4250 3473 4317 diaboli,
3525 4253 3813 4308 humilitate

2232 4340 2440 4401 scilicet
2467 4355 2692 4412 regnum
2731 4339 2933 4396 Christi
2972 4339 3236 4407 elevatur,
3268 4342 3540 4412 superbia
3586 4359 3718 4400 vero
3750 4359 3813 4399 re

2231 4447 2394 4503 gnum
2422 4431 2617 4486 diaboli
2641 4428 2912 4499 deiicitur.
3366 4418 3369 4419 ⁷

2303 4522 2347 4576 Τ
2347 4523 2588 4593 hyatirte.
2615 4521 2878 4594 Thyatira
2894 4522 3092 4582 dicitur
3109 4521 3409 4583 illuminant
3422 4541 3448 4588 ;
3474 4513 3812 4595 ᾳυοῖὄωὶιτε

2232 4614 2556 4688 generaliter
2602 4614 2847 4670 Ecclesia
2889 4613 3223 4686 designatur,
3250 4630 3372 4684 qua:
3402 4616 3721 4677 illuminat:
3748 4629 3813 4674 est

2233 4706 2301 4762 ab
2345 4720 2409 4761 eo
2439 4705 2530 4775 qui
2559 4704 2824 4760 illuminat
2862 4719 3078 4760 omnem
3116 4705 3391 4759 hominem
3422 4711 3741 4766 venientem
3768 4711 3812 4764 ia

2232 4798 2378 4854 hunc
2405 4797 2682 4861 mundum,
2714 4794 2801 4851 cui
2826 4794 3116 4866 Apostolus
3142 4813 3156 4849 :
3189 4793 3394 4850 Fuisti:
3430 4798 3734 4870 aliquando
3754 4812 3815 4852 te-

2233 4888 2426 4952 nebrae,
2451 4903 2589 4940 nunc
2618 4894 2792 4939 autem
2838 4885 2932 4939 lux
2972 4886 3028 4939 in
3058 4882 3287 4940 Domino
3318 4885 3561 4956 (.Epltes.
3598 4889 3725 4961 Iv),
3760 4889 3814 4941 de

2230 4993 2339 5049 qua
2381 4986 2437 5033 et
2474 4976 2643 5033 Isaias.
2680 4993 2694 5030 :
2734 4974 2972 5047 Populus
3004 4976 3094 5047 qui
3132 4974 3439 5031 ambulabat
3496 4979 3560 5033 in
3607 4981 3815 5034 tenebris

2230 5065 2367 5139 (lsa.
2412 5066 2509 5136 lx).

2301 5154 2576 5215 Sardibus.
2616 5156 2807 5217 Sardis
2852 5166 3011 5216 sonat
3059 5158 3114 5214 in
3160 5157 3343 5228 lingua
3389 5158 3566 5215 latina
3601 5159 3817 5229 principi

2227 5248 2655 5320 pulchritudinis,
2672 5259 2795 5320 apta
2822 5251 3137 5306 subauditur
3158 5261 3213 5306 et
3232 5259 3447 5306 ornata.
3463 5250 3570 5307 Cui
3592 5238 3813 5312 scilicet.

2228 5339 2332 5395 nisi
2361 5339 2437 5394 illi
2465 5339 2532 5395 de
2557 5355 2663 5410 quo
2695 5338 2979 5395 Psalmista
3000 5342 3131 5397 dicit
3160 5358 3173 5396 :
3206 5339 3488 5412 Speciosus
3516 5341 3696 5411 forma
3715 5356 3817 5412 pra

2226 5428 2352 5501 ﬁliis
2406 5432 2678 5486 hominum
2709 5430 2882 5503 (Psal.
2916 5432 3085 5505 xuv),
3115 5433 3250 5488 etin
3283 5430 3535 5487 Canticis
3574 5433 3815 5486 cantico-

2228 5506 2350 5579 rum
2383 5543 2396 5578 :
2429 5519 2566 5577 Ecce
2599 5531 2655 5576 tu
2679 5521 2896 5595 pulcher
2924 5541 3011 5592 es,
3046 5525 3230 5579 dilecte
3256 5524 3329 5576 mi
3358 5519 3546 5593 (Cant.
3573 5522 3650 5591 ι).
3685 5520 3817 5576 Huic

2227 5615 2413 5687 itaque
2444 5615 2677 5687 principi
2704 5613 3122 5688 pulchritudinis
3156 5624 3242 5670 est
3271 5622 3394 5684 apta
3423 5621 3480 5669 et
3505 5620 3815 5683 purpurata

549 5703 843 5760 Consilium
868 5713 1047 5761 autem
1066 5705 1267 5762 Christi
1287 5715 1474 5763 sancta
1494 5706 1738 5764 Ecclesia
1758 5708 1971 5781 accipit,
1996 5709 2122 5779 quia
2220 5707 2464 5766 Ecclesia
2494 5724 2592 5781 per
2616 5719 2934 5767 ornamenta
2958 5710 3246 5775 virtutum;
3278 5708 3422 5763 unde
3445 5715 3507 5761 et
3539 5721 3637 5776 per
3669 5701 3815 5759 Psal-

551 5794 659 5850 'cta
688 5796 925 5867 peccatis
965 5811 1021 5853 se
1046 5798 1299 5869 custodit,
1330 5807 1388 5856 et
1410 5808 1471 5855 ut
1495 5797 1882 5871 perfectionem
1924 5814 2118 5857 conse-

2224 5800 2440 5859 mistam
2464 5799 2663 5863 dicitur
2689 5819 2702 5855 :
2725 5799 2902 5856 Astitit
2931 5800 3108 5871 regina
3131 5816 3163 5854 a
3186 5797 3385 5854 dextris
3409 5797 3517 5855 tuis
3540 5797 3594 5851 in
3624 5795 3812 5851 restit-
