3974 6444
191 395 294 452 955

1147 390 1508 450 EXPOSITIO
1543 389 1610 446 1N
1646 388 2138 447 APOCALYPSIN.
2181 425 2249 434 —
2284 392 2410 448 LIB.
2449 391 2494 449 1.

3345 393 3449 452 954

191 511 445 564 deaurato
476 507 650 582 (Psal.
680 510 866 580 xuv);
904 517 958 563 et
1007 508 1059 562 in
1110 506 1351 562 Cantieis
1392 505 1725 561 canticorum
1752 519 1767 556 :
1796 504 1848 563 Α
1873 502 2134 570 colorem,
2170 507 2293 575 quia
2330 505 2557 578 refulget
2582 506 2762 561 divina
2785 508 3067 576 sapientia,
3094 509 3160 562 de
3185 523 3288 578 qua
3313 509 3452 564 serio

193 600 502 655 Hurenulas
533 617 720 654 aureas
745 601 996 670 faciemus
1026 599 1117 653 tibi
1153 597 1328 669 (Cant.
1353 598 1416 669 ι).

265 687 666 760 Philadelphia.
695 689 1062 758 Philadelphia
1096 690 1294 743 dicitur
1326 688 1536 742 salvans
1556 687 1772 741 Incredi-

194 790 350 834 tatem
391 780 504 835 Dei.
548 779 666 852 Ipsa
699 782 842 835 enim
872 779 1110 834 Ecclesia
1152 779 1439 834 haereditas
1464 777 1680 842 dicitur,
1707 778 1774 830 de

195 888 302 944 qua
341 872 504 927 Pater
539 873 604 928 ad
646 873 878 928 Filium:
914 871 1135 926 Postula
1178 890 1209 925 a
1253 887 1367 936 me,
1410 879 1458 926 et
1503 871 1640 924 dabo
1682 871 1774 924 tibi

197 972 372 1033 gentes
398 962 752 1018 [nereditatem
784 973 932 1016 tuam
961 960 1129 1032 (Psal.
1166 961 1249 1033 ιι),
1278 969 1332 1016 et
1361 961 1429 1015 de
1457 975 1562 1029 qua
1598 959 1773 1014 coloni

200 1052 327 1108 mali
380 1053 626 1107 videntes
666 1051 956 1116 haeredem,
1003 1050 1296 1104 dixerunt:
1331 1047 1433 1102 Hic
1478 1059 1553 1103 est
1586 1048 1774 1114 hreres,

201 1145 368 1200 venite
405 1144 700 1198 occidamus
723 1159 861 1207 eum,
879 1153 925 1197 et
947 1151 1122 1198 nostra
1141 1142 1234 1194 erit
1258 1141 1536 1195 hwreditas
1557 1138 1773 1210 (Matth.

201 1235 338 1306 xxi).
368 1236 484 1306 Ipsa
511 1244 595 1290 est
615 1251 744 1306 ager
769 1235 890 1300 Dei,
910 1235 1024 1305 ipsa
1044 1241 1099 1289 et
1124 1234 1304 1297 vinea,
1325 1248 1444 1302 quae
1466 1248 1563 1303 per
1585 1231 1779 1302 prted't-

203 1335 415 1383 catores
443 1342 568 1382 suos
599 1327 672 1381 ita
704 1327 915 1382 salvare
943 1325 1142 1396 satagit
1181 1324 1529 1394 semetipsam
1549 1363 1564 1387 ,
1597 1332 1653 1376 ut
1677 1321 1786 1376 fide

203 1426 259 1472 et
283 1431 446 1488 opere
469 1418 578 1473 Deo
602 1417 830 1488 placeat,
859 1425 914 1472 et
938 1417 1008 1471 ab
1038 1415 1179 1470 illius
1203 1413 1480 1470 voluntate
1505 1427 1780 1485 nunquam

205 1511 443 1570 recedat.
769 1575 772 1578 Α

276 1601 562 1656 ιιιοιιὶεἱιυ.
592 1600 844 1656 Laodicia
869 1599 1101 1654 vertitur
1120 1597 1175 1652 in
1195 1604 1380 1654 nostra
1407 1595 1588 1666 lingua
1619 1593 1782 1647 tribas

206 1691 448 1747 amabilis
486 1691 710 1745 Domino
738 1732 752 1756 ,
792 1691 905 1747 sive
951 1689 1170 1745 fuerunt
1211 1689 1266 1744 in
1313 1687 1536 1743 vomitu.
1588 1685 1785 1742 Tribus

208 1782 424 1837 nomine
446 1795 599 1836 sacra
630 1781 910 1851 Scriptura
935 1795 1077 1850 saepe
1099 1780 1298 1843 utitur;
1329 1779 1472 1831 unde
1494 1784 1578 1831 est
1599 1793 1614 1828 :
1647 1774 1785 1828 Illuc

1872 602 2022 666 ptum
2044 604 2127 649 est
2157 613 2168 647 :
2207 596 2500 651 Thesauris
2526 597 2904 653 desiderabilis
2946 599 3237 668 requiescit
3271 598 3323 653 in
3353 613 3450 654 ore

1874 690 2147 760 sapientis.
2178 688 2350 743 Habet
2374 690 2672 756 lucernam,
2696 691 2819 760 quia
2843 691 2984 746 lucet
3013 693 3176 746 verbo
3195 701 3250 746 et
3269 706 3451 744 exent-

1874 781 1995 852 plo,
2039 778 2193 847 juxta
2241 781 2383 850 quod
2425 779 2621 834 Paulus
2670 782 2802 835 dicit
2841 799 2854 835 :
2898 782 2965 835 In
3006 783 3174 836 medio
3225 783 3450 836 nationis

1873 887 2048 942 praete
2093 879 2140 924 et
2179 886 2461 940 perversis,
2485 871 2622 923 inter
2643 889 2772 940 quos
2797 871 2976 925 lucetis
3005 873 3138 925 sicut
3166 871 3452 924 luminaria

1875 966 1930 1019 in
1963 965 2182 1030 mundo,
2210 963 2416 1017 verbum
2445 964 2563 1016 rittr
2584 966 2898 1017 continentes
2925 963 3145 1034 (Philip.
3174 963 3256 1034 tt).
3283 962 3455 1016 Habet
3481 987 3486 992 -

1877 1072 2090 1127 quoque
2114 1055 2571 1127 ctlongitudincm
2603 1056 2657 1108 in
2688 1055 3095 1126 longanimitate
3119 1057 3230 1125 spei
3255 1066 3309 1109 et
3328 1070 3452 1126 per-

1878 1149 2277 1214 sevcrantiam,
2323 1148 2536 1202 dicente
2578 1146 2804 1202 Domino
2854 1165 2866 1197 :
2919 1146 3022 1212 Qui
3059 1146 3456 1216 perseveraverit

1878 1258 2041 1312 usque
2069 1242 2122 1294 in
2155 1239 2334 1308 ﬁnem,
2360 1239 2444 1292 hic
2483 1237 2658 1291 salvus
2694 1237 2790 1290 erit
2841 1236 3058 1305 (Matth.
3110 1237 3278 1307 XXIV).
3318 1235 3455 1301 Quia

1879 1333 2040 1387 etiam
2059 1329 2439 1385 candelabrum
2461 1327 2730 1381 tundendo
2755 1326 3089 1395 producitur,
3111 1326 3241 1378 satis
3264 1340 3459 1378 conve~

1878 1428 1958 1481 nit
1999 1423 2270 1487 Eeclesim,
2308 1437 2427 1492 quae
2460 1420 2686 1474 diversis
2726 1417 2961 1472 afficitur
3007 1418 3061 1471 in
3113 1418 3216 1472 hoc
3264 1416 3459 1471 sweulo

1881 1514 2175 1587 pressaris,
2201 1512 2338 1566 inter
2375 1525 2512 1579 quas
2542 1509 2961 1564 consolationem
2991 1508 3209 1562 adhibet
3245 1506 3321 1562 illi
3355 1508 3459 1561 l)o-

1883 1607 2064 1662 minus
2091 1605 2278 1659 dicens
2309 1617 2324 1656 :
2355 1601 2484 1656 Cum
2513 1599 2858 1654 ambulareris
2889 1599 2943 1651 in
2967 1599 3101 1668 igne,
3121 1615 3223 1650 non
3252 1601 3462 1650 combu-

1885 1701 2014 1755 reris
2035 1739 2050 1761 ,
2083 1706 2128 1750 et
2150 1696 2365 1764 ﬂamma
2389 1709 2490 1745 non
2515 1691 2716 1744 ardebit
2741 1691 2794 1742 in
2823 1701 2871 1742 te
2897 1687 3029 1759 (Isa.
3065 1689 3250 1758 xtur);
3285 1696 3337 1740 et
3370 1701 3466 1756 per

1886 1789 2211 1858 Prophetam
2241 1801 2254 1837 :
2279 1779 2586 1837 Convertam
2612 1796 2822 1834 manum
2857 1796 3022 1832 meam
3043 1780 3110 1832 ad
3143 1789 3212 1842 te,
3233 1788 3280 1831 et
3306 1792 3482 1830 exeo--

208 1875 344 1931 enim
380 1875 723 1928 ascenderunt
750 1874 937 1939 tribus,
967 1873 1131 1928 tribus
1161 1872 1373 1926 Domini
1403 1868 1574 1939 (Psal.
1613 1867 1781 1940 cxxt).

1901 1896 2049 1953 juam
2087 1877 2156 1931 ad
2193 1891 2382 1946 purum
2420 1874 2648 1928 scoriam
2683 1882 2830 1926 tuam
2865 1869 3016 1940 (Isa.
3049 1871 3110 1942 1).
3150 1870 3215 1923 Et
3250 1871 3385 1924 bene
3410 1869 3464 1923 in

209 1965 253 2019 Α
287 1965 458 2020 tribus
485 1966 690 2022 scilicet
717 1966 1025 2030 ordinibus,
1048 1965 1138 2035 qui
1177 1963 1402 2021 forsitan
1433 1973 1589 2019 erant
1616 1963 1668 2018 in
1694 1978 1788 2033 po-

210 2054 683 2126 puloJudaeorum,
709 2057 851 2111 sicut
879 2055 1096 2111 fuerunt
1129 2055 1268 2126 apud
1290 2053 1582 2121 Romanos,
1612 2054 1664 2108 in
1703 2069 1787 2109 se-

210 2147 488 2203 natoribus
519 2148 746 2213 scilicet,
784 2148 1074 2215 militibus,
1123 2155 1177 2203 et
1206 2147 1476 2218 agricolis,
1506 2147 1580 2201 ita
1608 2157 1661 2202 et
1685 2147 1788 2205 Ec-

210 2239 373 2300 clesia
397 2239 597 2295 eisdem
633 2239 802 2295 tribus
826 2238 999 2294 modis
1036 2239 1288 2309 partitur,
1318 2238 1370 2292 in
1396 2236 1784 2302 sacerdotibus,

213 2331 502 2396 militibus,
531 2339 583 2386 et
609 2329 1022 2402 agricultoribus
1042 2370 1056 2394 ,
1086 2345 1206 2398 qua:
1232 2327 1674 2383 tribusamabilis
1705 2326 1786 2380 di-

214 2424 372 2488 citur,
407 2421 559 2492 juxta
587 2423 730 2492 quod
768 2420 1056 2491 Apostolus
1080 2421 1248 2487 dicit:
1283 2419 1384 2487 Qui
1422 2420 1610 2475 dilexit
1661 2433 1783 2484 nos,

214 2522 268 2570 et
299 2513 428 2567 lavit
455 2528 552 2567 nos
583 2527 612 2565 a
639 2514 877 2584 peccatis
900 2512 1120 2565 nostris.
1150 2511 1216 2564 Et
1239 2511 1351 2580 ipse
1372 2510 1629 2564 Dominus
1657 2526 1670 2562 :
1698 2508 1791 2563 Sic

215 2607 396 2668 dilexit
440 2605 578 2660 Deus
622 2605 891 2668 mundum,
943 2613 999 2657 ut
1047 2603 1240 2659 Filium
1281 2620 1436 2659 suum
1469 2603 1791 2674 unigenitum

216 2700 363 2752 daret
384 2697 563 2767 (Joan.
596 2698 701 2766 ιιι).
734 2695 901 2751 Porro
938 2695 1081 2766 quod
1107 2696 1306 2751 dicitur
1350 2695 1570 2751 fuerunt
1603 2695 1656 2748 in
1697 2711 1792 2750 vo-

217 2786 374 2851 mitu,
400 2786 466 2840 ad
511 2786 769 2856 reprobos
809 2785 1062 2855 pertinet,
1091 2783 1182 2854 qui
1209 2783 1368 2837 simul
1392 2783 1642 2852 permixti
1669 2791 1796 2838 sunt

216 2882 398 2947 bonis,
429 2881 570 2936 sicut
590 2880 642 2933 in
668 2894 793 2935 arca
817 2893 983 2950 grana
1013 2893 1133 2932 cum
1155 2877 1351 2946 paleis.
1380 2876 1482 2947 Qui
1510 2877 1670 2930 etiam
1696 2891 1793 2930 sua

220 2974 506 3051 prmsentia
541 2979 769 3043 gravant
798 2978 1048 3036 sanctos,
1077 2968 1251 3024 veluti
1283 2968 1432 3022 noxii
1474 2967 1598 3022 cibi.
1643 2967 1796 3024 Unde

221 3075 274 3125 et
301 3080 520 3121 necesse
547 3073 707 3120 estut
735 3062 1022 3134 ejiciantur
1049 3062 1115 3116 de
1137 3075 1362 3130 corpore
1383 3059 1602 3116 Christi.
1637 3058 1796 3113 Tales

221 3161 407 3229 utique
446 3157 661 3212 fuerunt
699 3155 962 3220 haeretici,
986 3153 1076 3223 qui
1106 3152 1266 3222 ejccti
1289 3159 1414 3206 sunt
1438 3150 1505 3204 ab
1531 3150 1796 3216 Ecclesia,

223 3255 286 3310 de
315 3252 510 3323 quibus
551 3249 788 3307 Ioannes
824 3248 954 3303 dicit
986 3266 998 3300 :
1031 3247 1113 3301 Ea:
1137 3245 1281 3300 nobis
1305 3245 1562 3308 exierunt,
1587 3243 1676 3298 sed
1698 3259 1802 3297 non
1829 3240 1872 3300 C

221 3355 370 3402 erant
400 3361 464 3398 ex
497 3343 643 3396 nobis
675 3339 856 3413 (loan.
891 3339 987 3410 II);
1021 3348 1076 3394 et
1111 3338 1395 3392 Psalmisla
1429 3353 1442 3390 :
1474 3334 1691 3404 Expelle
1718 3352 1803 3388 eos

221 3437 468 3510 quoniam
497 3435 832 3488 irritaverant
862 3440 930 3497 te,
961 3431 1176 3485 Domine
1197 3427 1368 3502 (Psal.
1390 3429 1466 3498 v).
1495 3427 1550 3482 In
1577 3441 1803 3496 quorum

223 3531 386 3590 etiam
407 3543 635 3601 persona
665 3527 718 3581 in
743 3525 1091 3596 sequentibus
1119 3523 1279 3594 hujus
1302 3520 1598 3594 prophetia:
1625 3519 1804 3573 verbis

223 3623 462 3678 dicitur:
495 3620 629 3686 Quia
658 3618 860 3690 tepidus
885 3633 958 3684 es,
983 3617 1233 3688 incipiant
1275 3624 1326 3669 te
1371 3627 1602 3669 evomere
1626 3627 1691 3666 ea:
1717 3626 1807 3665 ore

223 3729 336 3768 mea
361 3715 541 3782 (Apoc.
571 3710 677 3781 ιιι).

303 3804 367 3857 Et
392 3817 665 3856 conversus
694 3815 808 3854 sum
837 3808 895 3852 ut
915 3798 1136 3852 viderem
1162 3813 1336 3850 vocem
1361 3812 1477 3866 qute
1505 3794 1810 3864 loquebatur

228 3909 449 3950 mecum.
475 3891 574 3945 llic
602 3889 808 3958 liquido
835 3887 1028 3951 claret,
1067 3901 1173 3940 non
1195 3883 1554 3953 corporalem,
1579 3883 1672 3937 sed
1702 3882 1810 3950 spi-

230 3985 444 4042 ritalem
477 3997 666 4039 vocem
702 3980 965 4035 Joannem
992 3978 1228 4045 audisse,
1257 3975 1383 4045 quia
1417 3989 1527 4030 non
1567 3981 1627 4028 ut
1666 3971 1818 4026 audi-

235 4087 337 4140 ret,
370 4075 463 4131 sed
488 4083 546 4128 ut
581 4073 788 4128 videret
817 4071 949 4133 dicit
978 4085 1036 4124 se
1064 4081 1406 4124 conversum.
1439 4064 1594 4132 Quod
1623 4062 1810 4133 utique

228 4167 382 4238 juxta
423 4164 666 4236 corporis
707 4176 898 4218 sensus
928 4159 1260 4232 impossibile
1296 4173 1416 4214 esse
1447 4155 1814 4228 cognoscitur,

233 4278 341 4322 non
373 4261 516 4316 enim
543 4274 645 4314 vox
683 4272 923 4328 unquam
949 4254 1119 4310 videri
1152 4260 1349 4324 potest.
1381 4250 1486 4307 Sed
1511 4250 1598 4305 ille
1627 4256 1813 4318 raptus

235 4353 427 4424 spiritu
457 4349 522 4404 ad
549 4363 760 4404 summa
794 4343 1233 4415 contemplanda,
1266 4341 1398 4396 nihil
1429 4341 1573 4396 aliud
1610 4339 1815 4394 audivit

235 4457 396 4513 quam
424 4440 576 4505 vidit,
620 4438 745 4508 quia
787 4438 891 4492 hoc
918 4444 1004 4491 est
1036 4434 1146 4492 illic
1199 4433 1386 4488 audire
1432 4431 1575 4502 quod
1609 4431 1812 4494 videre,

235 4535 339 4589 hoc
377 4533 560 4587 videre
609 4529 752 4601 quod
813 4527 1020 4584 audire.
1067 4526 1304 4582 Ecclesia
1346 4539 1558 4595 quoque
1597 4539 1716 4594 qua:
1760 4523 1812 4577 in

1887 1974 2066 2033 medio
2090 1980 2293 2040 septem
2333 1964 2776 2022 candelabron
2814 1977 3101 2016 aureorum
3131 1961 3278 2014 videt
3302 1959 3465 2015 Joan-

1888 2083 1985 2124 nes
2006 2064 2235 2121 similem
2250 2060 2387 2116 Filio
2408 2058 2666 2122 hominis,
2689 2057 2813 2126 quia
2839 2056 3088 2110 Christus
3103 2056 3193 2124 qui
3215 2053 3467 2109 Ecclesiae

1889 2175 1998 2216 sua:
2020 2155 2293 2228 praesidet,
2323 2161 2378 2207 et
2405 2149 2738 2222 prtesidcndo
2765 2165 2883 2202 eam
2911 2148 3163 2217 protegit,
3202 2147 3252 2200 in
3290 2145 3467 2200 medio

1889 2251 2184 2308 electorum
2225 2260 2444 2302 suorum
2475 2251 2580 2307 cst,
2608 2240 2901 2296 secundum
2943 2241 3072 2293 illud
3107 2257 3121 2294 :
3157 2237 3257 2293 Ubi
3275 2237 3469 2304 fuerint

1890 2343 1994 2396 duo
2018 2339 2094 2395 uel
2124 2349 2225 2393 tres
2251 2336 2548 2406 congregati
2572 2334 2624 2387 in
2653 2333 2862 2386 nomine
2888 2348 3020 2395 meo,
3051 2331 3119 2384 ibi
3141 2347 3256 2383 sum
3289 2331 3339 2382 in
3364 2345 3472 2385 nte-

1889 2435 1976 2490 dio
1999 2447 2178 2488 eorum
2214 2427 2429 2498 (Matth.
2457 2429 2646 2496 xvm);
2683 2433 2737 2480 et
2757 2424 2882 2478 alibi
2915 2444 2926 2478 :
2959 2423 3180 2478 Exsulta
3212 2433 3258 2476 et
3286 2421 3472 2486 lauda,

1891 2524 2142 2580 habitatio
2202 2520 2352 2582 Sion,
2399 2518 2521 2589 quia
2555 2533 2774 2586 magnus
2819 2515 2874 2568 in
2922 2514 3090 2567 medio
3133 2514 3208 2566 tui
3257 2522 3470 2566 sanctus

1891 2615 2064 2671 Israel
2093 2613 2226 2685 (Isa.
2257 2609 2377 2681 xu).
2406 2609 2724 2664 Intuendum
2768 2616 2852 2662 est
2878 2615 3056 2660 autem
3087 2606 3210 2674 quia
3240 2620 3345 2658 non
3379 2603 3471 2657 ab-

1894 2709 2067 2765 solute
2101 2705 2234 2760 dicit
2263 2719 2320 2758 sc
2350 2702 2552 2757 vidisse
2591 2699 2630 2754 F
2638 2699 2784 2754 ilium
2823 2698 3086 2761 hominis,
3121 2697 3213 2751 sed
3242 2695 3471 2766 similem

1895 2803 2032 2860 Filio
2057 2797 2312 2856 hominis.
2333 2796 2427 2851 Ille
2453 2797 2596 2850 enim
2628 2791 2849 2864 angelus
2877 2791 2958 2862 (ut
2985 2804 3124 2860 saepe
3139 2789 3342 2844 dictum
3370 2787 3471 2857 est)

1897 2903 2182 2964 personam
2213 2885 2414 2941 Christi
2438 2883 2680 2954 gerebat,
2705 2881 2793 2950 qui
2821 2879 3024 2934 idcirco
3050 2894 3154 2932 non
3174 2877 3282 2947 jam
3307 2875 3475 2930 Filius

1900 2981 2155 3046 hominis,
2189 2978 2280 3034 sed
2304 2974 2493 3030 similis
2536 2971 2672 3026 Filio
2722 2969 2959 3024 hominis
2987 2967 3307 3037 appellatur,
3351 2965 3481 3033 quia

1902 3073 2113 3128 devicta
2147 3076 2320 3123 morte
2349 3063 2463 3133 jam
2498 3077 2602 3116 non
2635 3059 2883 3123 moritur,
2909 3073 3056 3112 mors
3085 3056 3159 3109 illi
3200 3055 3339 3108 ultra
3370 3069 3481 3107 ιιοιι

1900 3160 2294 3225 doz‘ninabitur;
2324 3155 2404 3210 vel
2427 3161 2573 3209 certe
2601 3150 2789 3207 similis
2812 3148 2948 3203 Filio
2976 3146 3209 3202 hominis
3232 3153 3483 3206 vocatur,

1905 3255 2030 3325 quia
2063 3252 2162 3307 etsi
2194 3264 2415 3306 carnem
2445 3255 2681 3302 nostram
2711 3241 2946 3313 accepit,
2976 3249 3156 3295 tamen
3202 3255 3306 3293 non
3354 3236 3484 3291 fecit

1906 3353 2208 3418 peccatum,
2225 3341 2318 3398 sed
2339 3339 2588 3411 apparuit
2614 3337 2666 3391 in
2689 3334 3037 3391 similitudine
3052 3331 3230 3388 carnis
3252 3329 3479 3402 peccati.

1906 3439 2190 3509 Proprium
2225 3435 2368 3490 enim
2417 3441 2499 3488 est
2537 3430 2816 3486 hominum
2854 3435 3080 3499 peccato
3118 3441 3222 3480 non
3264 3438 3487 3488 carere,

1908 3531 2051 3585 unde
2077 3536 2132 3584 et
2165 3527 2292 3598 quia
2324 3526 2436 3596 ipse
2469 3531 2748 3594 peccatum
2779 3537 2886 3575 non
2918 3520 3078 3585 fecit,
3117 3535 3214 3589 per
3252 3515 3483 3571 Psalmi-

1907 3631 2046 3676 stam
2072 3619 2268 3674 dicitur
2299 3635 2314 3672 :
2349 3615 2461 3686 Ego
2483 3623 2656 3668 autem
2701 3628 2819 3666 sum
2853 3612 3039 3665 vermis
3090 3619 3135 3663 et
3186 3625 3287 3662 non
3334 3605 3487 3660 homo

1911 3711 2083 3788 (Psal.
2118 3710 2202 3783 ιι).
2257 3708 2511 3764 Vestitum
2539 3707 2746 3778 podere.
2776 3703 3001 3761 Poderis
3039 3703 3203 3756 vestis
3239 3708 3320 3755 est
3351 3698 3488 3754 tala-

1910 3807 2008 3869 ris,
2033 3804 2157 3874 quia
2185 3811 2239 3858 et
2260 3801 2434 3856 Crteci
2465 3799 2631 3869 podas
2666 3796 2834 3868 pedes
2863 3797 3066 3851 dicunt.
3103 3794 3206 3848 Per
3235 3792 3488 3863 podcrem

1913 3896 2094 3963 itaque
2126 3905 2345 3946 carnem
2387 3888 2590 3944 Christi
2641 3889 2897 3942 debemus
2954 3885 3284 3954 intelligere,
3327 3896 3490 3961 quam

1913 3987 2027 4056 ipse
2051 3999 2210 4039 verus
2233 3980 2484 4037 sacerdos
2508 3979 2718 4040 obtulit,
2738 3975 2952 4047 quando
2974 3991 3030 4029 se
3051 3976 3230 4029 crucis
3252 3958 3490 4042 patibulo

1914 4073 2064 4128 Patri
2090 4087 2188 4143 pro
2219 4071 2379 4125 nobis
2402 4069 2588 4124 obtulit
2618 4065 3416 4131 bostiamviventem,sanctam
3439 4063 3498 4118 in

1915 4165 2135 4220 odorem
2167 4160 2468 4216 suavitatis.
2513 4157 2643 4226 Quae
2697 4155 2944 4211 videlicet
2997 4154 3167 4210 vestis.
3213 4169 3381 4224 usque
3425 4152 3499 4209 ad

1916 4254 2052 4310 talos
2071 4250 2351 4322 pertingit,
2389 4249 2515 4319 quia
2550 4248 2663 4317 ipse
2691 4260 2818 4301 suos
2847 4259 3018 4314 usque
3042 4244 3110 4300 ad
3145 4252 3374 4300 mortem
3413 4242 3494 4297 di-

1917 4345 2072 4410 lexit,
2097 4344 2310 4399 dicente
2338 4340 2544 4398 Joanne
2570 4358 2584 4394 :
2616 4337 2748 4394 Cum
2774 4337 3037 4392 dilexisset
3067 4353 3190 4392 suos
3228 4335 3317 4407 qui
3348 4344 3498 4390 erant

1915 4437 1969 4490 in
1996 4434 2210 4500 mundo,
2233 4434 2287 4488 in
2311 4433 2466 4502 linem
2489 4431 2671 4486 dilexit
2693 4447 2779 4485 eos
2823 4429 3008 4499 (Joan.
3040 4430 3178 4499 xm).
3231 4427 3357 4483 Sive
3401 4442 3507 4498 per

1917 4528 2172 4599 podcrem
2212 4541 2498 4597 possumus
2520 4523 2819 4593 intelligere
2845 4522 3149 4594 generalem
3176 4520 3502 4584 Ecclesium,

233 4625 440 4681 Joanne
471 4625 754 4694 figuratur,
780 4630 902 4691 post
925 4635 982 4676 se
1003 4620 1148 4675 videt
1174 4634 1384 4686 vocem,
1407 4619 1531 4689 quia
1555 4616 1812 4688 mysteria
1845 4609 1894 4666 D
1921 4635 2040 4690 qua:
2063 4618 2230 4674 vestis
2259 4626 2343 4672 cst
2375 4616 2610 4681 Domini,
2637 4615 2788 4686 juxta
2816 4615 2958 4685 quod
3005 4614 3053 4669 ei
3094 4623 3318 4683 paterna
3365 4627 3500 4667 voce

236 4733 357 4788 qua:
387 4715 439 4770 in
467 4730 525 4770 se
552 4715 698 4768 videt
742 4712 1026 4783 completa,
1063 4711 1116 4767 in
1145 4711 1261 4783 lege
1287 4719 1342 4764 et
1364 4710 1642 4780 prophetis
1679 4723 1810 4763 con-

238 4811 441 4866 siderat
485 4807 845 4878 prrenunliata
871 4824 886 4873 ;
916 4807 994 4862 sic
1022 4808 1164 4862 enim
1194 4807 1454 4876 scriptum
1486 4813 1568 4861 est
1610 4806 1663 4859 in
1700 4804 1811 4860 Gc—

238 4906 355 4962 ncsi
389 4921 405 4960 :
438 4903 607 4958 Erunt
647 4903 751 4956 duo
796 4903 851 4955 in
895 4918 1052 4956 carne
1097 4919 1202 4956 una
1251 4898 1400 4972 (Gen.
1436 4900 1541 4972 ιι),
1570 4899 1817 4955 Christus

240 4994 448 5050 scilicet
471 5003 526 5048 et
547 4991 806 5047 Ecclesia.
835 4989 988 5046 Unde
1018 4989 1214 5045 Paulus
1240 5007 1253 5044 :
1281 4989 1392 5061 Ego
1417 4999 1592 5044 autem
1621 4989 1738 5043 dico
1763 4991 1817 5043 in

243 5083 451 5141 Christo
475 5095 521 5138 et
549 5085 601 5137 in
632 5081 867 5136 Ecclesia
896 5080 1112 5151 (Ep/tes.
1141 5081 1216 5151 v).

313 5173 383 5228 Et
429 5188 702 5228 conversus
747 5171 854 5226 vidi
884 5180 1074 5243 septem
1114 5164 1430 5224 candelabra
1461 5186 1641 5235 aurea,
1685 5179 1731 5224 et
1763 5172 1818 5225 in

242 5267 412 5326 medio
448 5275 639 5334 septem
668 5262 1100 5318 candelabrorum
1131 5277 1410 5316 aureorum
1436 5259 1656 5315 similem
1681 5259 1821 5314 Filio

244 5357 486 5414 hominis.
525 5355 745 5424 Septem
772 5353 1094 5412 candelabra
1121 5369 1283 5408 aurea
1320 5353 1422 5408 hoc
1454 5353 1636 5422 ipsum
1657 5351 1829 5422 signia

244 5450 409 5506 ﬂeant
453 5447 597 5518 quod
651 5455 856 5516 septem
898 5446 1174 5510 ecclesim,
1220 5443 1273 5499 id
1313 5453 1398 5499 cst
1453 5443 1814 5498 universalem

244 5539 563 5605 Ecclesium,
597 5538 722 5593 dum
749 5537 919 5592 verba
938 5552 1125 5591 eorum
1154 5535 1334 5590 lumen
1377 5535 1616 5591 scientia:
1659 5533 1818 5590 simul

245 5641 302 5689 et
326 5633 526 5687 amoris
552 5629 857 5685 incendium
883 5629 1146 5698 praebent,
1172 5628 1327 5682 donis
1349 5626 1679 5698 septiformis
1699 5626 1824 5697 Spi-

245 5721 386 5778 ritus
421 5719 696 5776 refertam.
721 5717 830 5774 Sed
853 5732 958 5772 non
990 5717 1283 5786 incongrue
1313 5719 1365 5773 in
1393 5728 1598 5789 septem
1627 5720 1825 5775 cande-

246 5811 415 5872 hbris
442 5811 618 5867 aureis
642 5809 940 5878 ﬁguratur;
976 5809 1137 5865 habet
1158 5809 1301 5864 enim
1333 5811 1568 5868 Ecclesia
1599 5828 1820 5869 aureum

1921 4726 2018 4783 per
2044 4709 2373 4780 Prophetam
2403 4707 2628 4762 dicitur:
2646 4705 2771 4760 Vivo
2793 4721 2906 4776 ego,
2925 4705 3048 4758 dicit
3074 4703 3350 4768 Dominus,
3375 4701 3499 4773 quia

1922 4804 2002 4857 his
2026 4801 2264 4856 omnibus
2298 4798 2430 4854 velut
2470 4807 2774 4853 ornamento
2797 4797 3028 4851 vestieris
3057 4795 3192 4865 (Isa.
3229 4795 3379 4864 xm!)
3405 4809 3418 4855 ;
3447 4801 3504 4846 et

1924 4891 2122 4948 Paulus
2147 4890 2393 4944 fidelibus
2421 4888 2552 4943 dicit
2581 4905 2594 4940 :
2627 4886 2889 4958 Quotquot
2917 4887 2970 4938 in
3003 4883 3206 4937 Christo
3252 4882 3511 4950 baptizari

1925 4983 2069 5046 estis,
2093 4981 2362 5036 Christum
2379 4978 2621 5033 induistis
2643 4975 2694 5048 (I
2718 4974 2841 5031 Car.
2869 4975 2931 5048 1).
2962 4974 3091 5041 Quae
3127 4973 3294 5028 vestis
3335 4985 3514 5040 usque

1924 5079 1989 5132 ad
2017 5073 2180 5146 pedes
2215 5073 2406 5138 tendit,
2441 5072 2566 5142 quia
2601 5085 2772 5140 usque
2819 5069 2886 5123 ad
2923 5067 3214 5122 novissima
3261 5064 3512 5120 membra.

1924 5166 2162 5222 fidelium
2185 5165 2238 5220 in
2270 5165 2376 5220 line
2398 5161 2581 5219 swculi
2609 5162 2885 5216 nascitura
2918 5169 3019 5214 est.
3056 5158 3123 5212 Et
3165 5157 3512 5228 pra'cinctunt

1923 5268 1993 5322 ad
2041 5265 2304 5323 mamillas
2341 5277 2473 5320 zona
2498 5280 2681 5318 aurea.
2708 5263 2765 5319 In
2795 5262 2974 5318 Veteri
3009 5261 3356 5317 Testamento
3377 5258 3512 5331 legi.-

1924 5378 2044 5416 mus
2069 5359 2273 5414 Danieli
2307 5358 2591 5413 Dominum
2619 5357 2969 5430 pratcinctum
3009 5356 3320 5427 apparuisse
3343 5355 3397 5410 in
3424 5368 3518 5410 res

1925 5453 2106 5517 nibus,
2131 5452 2248 5522 ipso
2267 5458 2558 5506 attestante
2585 5449 2675 5519 qui
2725 5449 2803 5503 ait
2844 5466 2859 5503 :
2899 5447 3086 5503 Levavi
3133 5445 3309 5503 oculos
3335 5462 3517 5510 meos,

1925 5551 1974 5599 et
1998 5543 2123 5608 vidi,
2170 5553 2218 5597 et
2242 5559 2356 5598 ecce
2385 5543 2621 5602 vir,unus
2663 5541 2872 5595 vestitus
2906 5539 3077 5602 lineis,
3122 5548 3170 5592 et
3208 5554 3354 5600 renes
3369 5566 3381 5600 -_
3396 5536 3519 5608 ejus

1928 5637 2149 5691 accincti
2173 5635 2348 5706 (Dan.
2371 5634 2446 5706 x).
2478 5633 2574 5690 Hie
2604 5642 2784 5688 autem
2808 5631 2998 5687 Joanui
3022 5631 3244 5704 angelus
3271 5635 3375 5687 non
3397 5628 3516 5699 jam.

1930 5725 1988 5780 in
2015 5725 2255 5789 renibus,
2285 5723 2378 5780 sed
2407 5723 2475 5778 ad
2511 5722 2779 5778 mamillas
2818 5723 3140 5793 praecinctus
3187 5721 3514 5778 ostenditur.

1933 5815 2254 5876 Prmcinc‘io
2282 5832 2473 5875 renum
2519 5815 2902 5874 cohibitioncm
2933 5815 3204 5887 signiﬁcat
3249 5814 3517 5880 luxurim;
