3974 6446
249 350 352 408 957

1191 356 1554 413 EXPUSITIO
1589 355 1654 409 ιιι
1692 355 2187 412 APOCALYPSIS.
2224 388 2292 432 -—.
2330 357 2458 412 LIB.
2495 357 2536 411 1.

3377 355 3484 412 958

317 470 387 526 Et
413 469 630 526 habebat
656 470 709 525 in
737 471 948 527 dextera
977 488 1074 526 sua
1100 481 1289 542 septem
1314 471 1510 528 stellas.
1539 471 1675 540 Quid
1706 471 1815 526 sint
1841 474 1889 533 Α
1914 472 2220 540 prtesentia,
2250 472 2404 542 cujus
2443 479 2590 526 tanta
2629 469 2682 524 in
2712 467 2890 526 divino
2924 467 3140 540 eloquio
3169 468 3508 538 prtedicatur.

249 568 452 632 septem
495 561 691 626 stellae,
733 562 847 632 ipse
876 561 1096 634 angelus
1136 563 1308 634 aperit
1348 564 1400 618 in
1448 562 1812 628 sequentibus,

243 659 468 717 dicens:
501 657 719 730 Septem
743 656 980 729 '(inquit)
1006 656 1175 712 stellae
1221 655 1397 724 angeli
1434 662 1560 709 sunt
1605 661 1813 724 septem

245 751 629 806 Ecclesiarum.
661 750 772 806 Hoc
801 750 976 820 ipsum
1013 750 1178 804 etiam
1218 757 1273 804 et
1299 748 1544 818 superius
1569 761 1815 817 compre-

243 844 433 900 ltendit
474 845 528 899 in
569 843 908 899 candelabris
953 851 1179 913 septem,
1224 842 1276 900 id
1324 849 1408 896 est
1453 839 1813 896 universalem

243 933 560 1000 Ecclesiam,
599 935 712 990 sive
735 949 921 990 omnes
942 934 1210 990 doctores.
1241 932 1392 1000 Quod
1419 933 1564 986 enim
1591 932 1812 1002 singulis

243 1025 449 1096 angelis
495 1025 691 1082 dicitur
735 1025 803 1080 ad
841 1025 1121 1080 universos
1168 1024 1354 1093 utique
1405 1022 1653 1077 refertur.
1699 1023 1810 1079 Hoc

242 1119 442 1191 quippe
470 1118 728 1174 Dominus
754 1118 1083 1182 manifestat,
1105 1118 1194 1187 qui
1218 1133 1339 1171 cum
1367 1118 1431 1172 de
1461 1117 1683 1188 singulis
1711 1134 1802 1172 an-

244 1208 378 1280 gelis
407 1209 586 1264 dicat:
625 1207 830 1280 Angelo
857 1208 1000 1264 illius
1024 1207 1280 1262 Ecclesiae
1300 1206 1495 1271 scribe,
1528 1207 1580 1260 in
1606 1205 1712 1261 line
1735 1207 1810 1261 ita

239 1296 516 1352 concludit
534 1315 550 1353 :
569 1297 672 1364 Qui
690 1298 839 1352 habet
859 1314 1058 1364 aurem,
1082 1299 1264 1353 audiat
1288 1297 1412 1369 quid
1435 1295 1660 1367 Spiritus
1672 1298 1814 1352 dicat

253 1380 480 1437 ecclesiis
499 1382 678 1453 (Apoc.
701 1382 782 1450 ιι).
805 1379 982 1435 Stellae
999 1380 1141 1435 enim
1157 1380 1211 1434 in
1228 1387 1384 1434 nocte
1406 1379 1608 1442 lucent,
1631 1375 1820 1430 simili-

257 1485 340 1528 ter
354 1482 405 1527 ct
426 1473 775 1537 candelabra;
800 1480 957 1541 atque
977 1471 1097 1526 ideo
1116 1485 1221 1525 non
1242 1468 1680 1524 inconvenienter
1699 1481 1818 1536 per-

253 1580 386 1622 sona
415 1565 665 1620 Ecclesia:
693 1564 746 1618 in
767 1564 851 1619 his
870 1563 1048 1619 verbis
1070 1562 1411 1632 exprimitur,
1440 1560 1673 1614 maxime
1694 1572 1822 1613 vero

253 1659 554 1722 doctorum,
584 1655 673 1725 qui
701 1655 754 1709 in
785 1663 940 1709 nocte
983 1653 1140 1722 hujus
1165 1651 1343 1708 saeculi
1374 1651 1552 1705 lucent
1579 1648 1742 1702 verbo
1767 1654 1822 1701 et

253 1761 455 1818 opere,
508 1746 733 1816 aliisque
784 1744 1088 1814 exemplum
1147 1741 1450 1797 sanctitatis
1498 1747 1555 1794 et
1605 1736 1823 1791 luminis

1917 559 2336 628 magnificentia.

1985 656 2054 711 Et
2089 657 2248 728 facies
2289 659 2403 727 ejus
2439 659 2574 713 sicut
2611 658 2689 714 sol
2717 659 2852 712 lucet
2886 659 2940 712 in
2979 659 3164 714 uirtute
3194 675 3312 713 sua.
3353 659 3488 726 Quia

1917 746 2163 804 Christus
2187 755 2243 802 et
2269 742 2505 804 Ecclesia
2529 765 2637 804 una
2662 757 2746 805 est
2775 765 3025 820 persona,
3058 759 3220 820 caput
3248 751 3490 806 videlicet

1917 848 1972 894 et
2019 838 2290 904 membra,
2325 853 2422 908 per
2468 838 2661 895 faciem
2705 839 2822 908 ejus
2865 855 3152 910 possumus
3191 841 3491 911 intelligere

1919 939 2152 995 sanctos,
2181 945 2288 985 non
2314 937 2490 984 tamen
2521 930 2652 986 tales
2679 932 2864 1001 quales
2891 949 3034 988 nunc
3057 942 3201 998 sunt,
3236 933 3328 988 sed
3359 949 3486 1003 qua-
3531 928 3534 932 ’

1918 1019 1995 1073 les
2016 1019 2350 1090 postmodum
2371 1018 2557 1085 futuri,
2579 1034 2702 1074 cum
2729 1021 2793 1075 ad
2822 1023 2901 1075 sui
2927 1021 3200 1078 Creatoris
3222 1024 3486 1079 visionem

1917 1109 2280 1179 pervenerint.
2315 1108 2465 1164 Unde
2505 1117 2559 1164 et
2598 1109 2854 1164 Dominus
2896 1111 2949 1166 in
2988 1112 3276 1184 Evangelio
3308 1113 3440 1180 dicit
3473 1132 3515 1170 :.

1923 1198 2068 1254 Tunc
2107 1199 2241 1268 justi
2285 1199 2554 1270 fulgebunt
2595 1201 2726 1254 sicut
2770 1201 2849 1256 sol
2888 1203 2941 1256 in
2988 1220 3142 1274 regno
3185 1201 3365 1259 Patris
3409 1206 3492 1260 sui

1921 1287 2134 1358 (Hatth.
2163 1289 2304 1361 xm).
2335 1290 2488 1357 Quod
2512 1290 2760 1346 videlicet
2787 1307 2894 1348 non
2924 1295 2990 1348 de
3026 1294 3129 1349 isto
3158 1295 3272 1350 sole
3295 1296 3492 1352 visibili

1921 1376 2219 1449 intelligere
2246 1379 2534 1446 debemus,
2559 1396 2682 1437 cum
2717 1391 2773 1437 et
2812 1382 2926 1452 ipse
2967 1383 3136 1439 multo
3163 1392 3292 1439 tunc
3319 1386 3494 1455 majus

1921 1469 2100 1525 lumen
2135 1471 2418 1528 habiturus
2455 1473 2546 1539 sit,
2571 1473 2726 1542 juxta
2772 1475 2900 1530 illud
2938 1475 3306 1545 propheticum
3337 1494 3350 1530 :
3377 1475 3494 1530 Erit

1922 1556 2015 1612 lita:
2044 1558 2184 1614 luna:
2215 1561 2348 1615 sicut
2388 1561 2480 1616 luat
2505 1562 2648 1629 solis,
2676 1573 2724 1618 et
2747 1563 2838 1617 lux
2867 1564 2991 1618 solis
3029 1565 3161 1618 sicut
3189 1563 3282 1618 lux
3304 1576 3494 1634 septem

1922 1646 2123 1702 dierum
2145 1648 2280 1719 (Isa.
2308 1651 2458 1724 xxx),
2483 1651 2578 1706 sed
2601 1653 2777 1722 potius
2796 1654 2863 1706 de
2883 1653 2972 1708 illo
3009 1653 3076 1708 de
3097 1669 3202 1724 quo
3235 1654 3492 1723 scriptum

1925 1745 2040 1792 est:
2074 1737 2228 1794 Vobis
2244 1741 2538 1795 timentibus
2555 1758 2740 1796 nomen
2762 1759 2932 1796 meum
2953 1744 3147 1798 orietur
3170 1745 3249 1798 sol
3268 1744 3492 1813 justitiar

252 1837 573 1901 ostendunt,
611 1825 1310 1903 quibus'utique'Dominus
1337 1828 1509 1884 dicit:
1541 1825 1630 1881 Sic
1657 1824 1824 1879 luceat
1855 1818 1900 1877 Β
1930 1827 2184 1898 (Malach.
2216 1832 2311 1901 tv).
2361 1830 2418 1886 Si
2461 1841 2639 1888 autem
2683 1835 2853 1888 sancti
2900 1832 3074 1902 majus
3117 1835 3297 1891 lumen
3336 1835 3522 1891 habe--

253 1928 348 1982 lux
373 1935 538 1981 vestra
565 1939 741 1979 coram
765 1923 1079 1988 hominibus,
1110 1931 1166 1974 ut
1193 1921 1439 1975 videntes
1469 1931 1626 1990 opera
1657 1925 1825 1972 vestra

256 2019 429 2079 bona,
473 2015 758 2088 gloriﬁcent
788 2011 1004 2068 Patrem
1050 2022 1278 2067 uestrum
1319 2011 1412 2081 qui
1455 2010 1511 2064 in
1565 2007 1703 2063 cadis
1751 2014 1826 2061 est

254 2107 470 2178 (Matth.
499 2105 573 2176 v).
608 2105 834 2162 Dextera
865 2113 1042 2160 autem
1073 2104 1294 2169 Christi,
1320 2103 1373 2157 in
1394 2103 1497 2158 hoc
1522 2101 1640 2156 loco
1669 2099 1827 2155 intel-

256 2199 440 2273 ligitur
475 2214 684 2256 summa
713 2199 989 2254 beatitudo
1020 2207 1074 2253 et
1103 2195 1436 2267 prosperitas
1457 2193 1650 2248 futura:
1679 2192 1826 2256 vitae,

259 2311 379 2367 quae
404 2311 549 2350 nunc
573 2301 753 2348 manet
791 2294 844 2348 in
877 2305 999 2362 spe,
1029 2300 1157 2346 tunc
1199 2297 1379 2345 autem
1421 2289 1526 2344 erit
1567 2287 1626 2342 in
1662 2300 1737 2340 re.
1770 2284 1828 2340 In

259 2387 361 2442 hac
384 2370 605 2441 dextera
630 2383 742 2454 jam
766 2383 941 2440 sancti
971 2383 1274 2438 consistunt
1291 2420 1306 2446 ,
1331 2379 1455 2450 quia
1488 2379 1540 2433 in
1569 2377 1662 2433 Dei
1686 2390 1831 2448 [πως

259 2476 614 2532 destinatione
636 2475 748 2545 jam
773 2483 982 2531 certum
1013 2471 1341 2541 manet,.qui
1379 2470 1488 2526 sint
1522 2470 1578 2524 in
1605 2468 1830 2523 dextera

259 2567 581 2635 collocandi,
609 2568 826 2638 quando
853 2567 974 2639 agni
1002 2567 1396 2637 separabuntur
1424 2564 1491 2618 ab
1515 2561 1701 2624 medie,
1736 2575 1836 2615 nee

260 2675 530 2733 quaquam
553 2675 680 2730 pars
699 2660 916 2714 sinistra
936 2659 1062 2723 erit,
1084 2657 1208 2726 quia
1231 2655 1518 2712 infelicitas
1535 2652 1620 2708 vel
1646 2651 1836 2706 adver-

263 2751 398 2806 sitas
418 2749 562 2804 nulla
584 2763 679 2804 eos
699 2748 934 2813 nocebit,
951 2748 1146 2816 quibus
1165 2754 1219 2802 et
1231 2745 1474 2802 dicturus
1493 2750 1606 2797 est:
1632 2737 1830 2803 Venite,

231 2855 245 2868 ί
264 2841 520 2898 benedicti
537 2838 717 2894 Patris
741 2840 841 2894 mei
866 2838 1080 2910 (Matth.
1110 2836 1264 2908 χχιιι)
1291 2844 1345 2891 et
1373 2843 1589 2922 uetera.
1625 2831 1702 2886 De
1733 2832 1835 2922 hac

263 2936 483 2989 dextera
509 2932 766 2988 Dominus
791 2947 888 3002 per
914 2931 1236 3001 Prophetam
1260 2921 1516 2984 Ecclesiae
1545 2925 1674 2980 dicit
1701 2941 1717 2976 :
1752 2921 1835 2976 Ne

263 3023 447 3076 timeas
468 3061 484 3087 ,
510 3022 759 3092 quoniam
799 3020 1086 3075 auxiliatus
1127 3035 1244 3073 sum
1273 3019 1385 3082 tui,
1417 3026 1466 3071 et
1504 3014 1744 3084 suscipiet
1787 3020 1837 3066 te

263 3107 478 3166 dextera
505 3111 648 3166 Iusti
673 3112 772 3165 mei
798 3111 978 3181 (Joan.
1009 3109 1140 3180 xu).
1170 3109 1236 3164 Et
1265 3109 1330 3162 de
1363 3123 1453 3162 ore
1488 3102 1836 3176 ejusgladiul

264 3210 484 3271 utraque
510 3211 655 3271 parte
677 3163 860 3256 acutus
883 3201 1077 3256 exibat.
1099 3163 1322 3256 Cladius
1348 3163 1598 3264 utrinque
1624 3200 1834 3256 acutus,
1863 3163 1912 3227 θ

268 3291 547 3360 Scriptura
583 3291 794 3348 Veteris
839 3306 903 3347 ac
952 3290 1085 3354 Novi
1121 3287 1454 3345 Testamenti
1481 3283 1836 3354 intelligitur;

268 3381 394 3438 hinc
425 3381 621 3438 Paulus
657 3382 788 3440 dicit
815 3401 828 3436 :
861 3382 929 3436 Et
953 3382 1187 3452 gladium
1214 3380 1447 3450 spiritus,
1469 3376 1608 3448 quod
1629 3385 1705 3432 est
1726 3389 1839 3429 ver-

268 3473 388 3527 bum
415 3472 512 3528 Dei
542 3471 757 3545 (Ephes.
791 3473 887 3545 vr).
915 3474 1017 3540 Qui
1053 3472 1262 3544 gladius
1286 3470 1352 3526 de
1381 3469 1475 3525 ore
1507 3469 1623 3540 ejus
1651 3481 1840 3542 proce-

266 3564 364 3629 dit,
391 3565 546 3635 juxta
571 3565 710 3636 quod
739 3566 853 3635 ipse
882 3566 1140 3622 Dominus
1168 3563 1298 3620 dicit
1326 3581 1340 3620 :
1373 3561 1498 3630 Non
1526 3561 1583 3614 in
1608 3557 1718 3614 solo
1745 3573 1840 3628 pa-

269 3671 332 3710 ne
353 3656 470 3710 vivit
495 3655 669 3717 homo,
694 3655 784 3710 sed
819 3655 873 3708 in
898 3656 1038 3710 omni
1068 3655 1216 3710 verba
1241 3653 1380 3724 quod
1407 3651 1638 3722 procedit
1663 3650 1727 3703 de
1751 3663 1839 3704 ore

269 3746 367 3800 Dei
394 3744 608 3813 (Matth.
634 3744 730 3812 tv).
765 3744 1002 3814 Utraque
1025 3753 1206 3799 autem
1231 3751 1382 3819 parte
1409 3746 1598 3797 acutus
1623 3739 1837 3804 dicitur,

270 3835 396 3904 quia
422 3832 670 3888 videlicet
699 3833 824 3887 hinc
851 3833 1036 3901 culpas
1075 3833 1282 3902 operis,
1311 3831 1457 3885 illinc
1483 3838 1843 3900 resecatlpec-

272 3931 393 3976 cata
423 3921 796 3992 cogitationis;
829 3920 998 3976 Vetus
1037 3922 1181 3976 enim
1217 3921 1619 3976 Testamentum
1663 3917 1793 3972 dicit
1825 3933 1840 3972 :

277 4009 402 4068 Non
445 4009 679 4076 occides;
721 4027 823 4065 non
868 4001 1125 4080 {uraberis
1157 4008 1352 4079 (Exod.
1406 4025 1510 4074 xx;
1553 4006 1707 4060 Deut.
1739 4004 1838 4078 v):

274 4100 482 4157 Novum
507 4115 634 4155 vero
657 4098 871 4172 (Matth.
899 4101 952 4172 v)
971 4118 984 4154 :
1005 4100 1106 4165 Qui
1131 4096 1552 4168 irasciturfratri
1578 4090 1699 4160 suo,
1727 4111 1844 4148 reus

272 4193 370 4246 erit
402 4192 639 4262 judicio;
678 4201 774 4248 et:
819 4190 920 4257 Qui
962 4191 1144 4245 viderit
1190 4188 1457 4244 mulierem
1495 4187 1562 4242 ad
1603 4185 1846 4257 concupi-

272 4283 521 4340 scendum
555 4300 701 4351 eam,
734 4283 851 4355 jam
893 4283 1176 4337 moechatus
1210 4291 1283 4336 est
1327 4297 1441 4350 eam
1465 4280 1521 4333 in
1549 4278 1703 4332 corde
1726 4293 1838 4346 suo.

246 4423 248 4426 .
275 4373 512 4431 Vocatur
537 4375 696 4429 etiam
730 4389 908 4430 sermo
933 4373 1028 4430 Dei
1058 4372 1264 4444 gladius
1284 4382 1512 4442 utraque
1538 4379 1692 4443 parte
1717 4386 1844 4426 acu-

274 4478 381 4534 tus,
407 4467 532 4538 quia
566 4467 755 4524 dividit
791 4468 962 4528 honos
985 4483 1014 4522 a
1042 4467 1215 4523 malis.
1250 4467 1398 4524 Unde
1433 4468 1547 4536 ipse
1585 4449 1843 4520 Dominus

273 4544 432 4612 dicit:
459 4556 583 4612 Non
604 4559 716 4612 veni
733 4573 911 4626 pacem
931 4559 1150 4623 mittere,
1171 4557 1262 4612 sed
1283 4555 1515 4627 gladium
1537 4554 1747 4626 (Matth.
1764 4556 1836 4626 ι).

291 4645 413 4702 Veni
433 4648 568 4702 enim
596 4659 1076 4720 separarepatrem
1099 4648 1344 4703 adversus
1365 4647 1556 4716 ﬁlium,
1587 4656 1634 4701 et
1674 4646 1844 4716 ﬁliam

276 4737 523 4793 adversus
546 4747 766 4793 matrem
792 4756 965 4806 suam,
989 4748 1044 4794 et
1069 4746 1284 4794 caetera.
1308 4736 1405 4794 Vel
1419 4748 1570 4802 certe
1592 4738 1712 4794 ideo
1734 4738 1846 4808 gla-y

275 4826 398 4884 dius
427 4827 516 4882 bis
539 4835 732 4899 acutus
753 4828 1156 4898 vocatur,_quia
1183 4837 1238 4882 et
1274 4825 1617 4898 imperfectos
1651 4843 1845 4883 secun-

277 4917 402 4996 dum
442 4915 678 4974 litteram
705 4917 945 4978 exterius
981 4917 1265 4982 informat,
1295 4925 1350 4974 et
1385 4917 1654 4988 perfectos
1687 4919 1844 4990 juxta

277 5007 563 5077 mysticum
612 5007 943 5082 intellectum
990 5005 1216 5074 interius
1259 5008 1459 5062 erudit.
1504 5009 1845 5076 Auditenim

276 5097 502 5173 simplex
514 5099 742 5180 quisque
764 5099 835 5170 ibi
856 5117 868 5162 :_
892 5097 1008 5154 Non
1030 5097 1389 5176 adulterabis;
1409 5114 1514 5156 non
1539 5099 1769 5172 occides,
1794 5107 1849 5158 et

275 5201 498 5264 caetera,
528 5203 582 5264 et
595 5192 782 5261 ,ponit_
805 5192 858 5246 in
888 5190 1068 5274 animo
1100 5206 1200 5268 suo
1239 5183 1700 5267 liaeqcustodire;
1722 5192 1845 5252 dum

278 5294 459 5364 autent
477 5285 612 5362 haec
632 5285 807 5360 facit,
826 5285 1062 5366 abscidit,
1081 5299 1140 5363 se
1173 5300 1270 5358 per
1296 5284 1390 5360 Dei
1421 5286 1704 5358 verberanti
1733 5301 1850 5350 car-

279 5376 500 5454 nalibus.
518 5375 1007 5458 delectationem».
1025 5385 1100 5454 in.
1125 5377 1240 5448 haec
1281 5365 1446 5454 duini
1475 5377 1640 5454 terni,
1667 5387 1847 5458 ςυξιιος

280 5451 1849 5548 ἀίεηςίοριήξρθρὲέπρὲβί.έ.δψ;ὐδ.εῑβιλο’δαρίειιιίότηυοέιυβ

279 5543 812 5644 memmium
830 5543 1258 5644 materies-9w!
1274 5543 1433 5640 audit.
1455 5556 1467 5614 ε
1489 5557 1564 5630 1η
1581 5560 1847 5638 prin-tirio

280 5639 643 5734 dum“?!
663 5639 847 5733 (λαίφεα.
867 5639 930 5730 ιι,
953 5661 1017 5728 et.
1037 5639 1252 5732 «ἐπιξῐξίθ-
1293 5652 1496 5735 Quibus
1518 5653 1844 5732 sublevatus.

283 5745 1847 5828 "militumtumnsslaamitis.uuiallssiﬂsmtimu{reicitis

1924 1921 2059 1976 bunt
2091 1936 2254 1990 quam
2274 1921 2355 1976 sol
2373 1923 2477 1977 iste
2497 1922 2724 1980 visibilis
2740 1964 2754 1989 ,
2778 1935 3035 1994 quantum
3058 1935 3310 1994 putamus
3329 1926 3502 1981 excel-

1927 2013 2212 2068 lentiorem
2239 2022 2295 2070 et
2328 2013 2693 2070 sublimiorem
2730 2032 2849 2072 esse
2876 2017 3068 2086 capitis
3111 2017 3434 2082 claritatem,
3467 2033 3501 2074 a
3529 2053 3534 2058 -

1928 2120 2036 2174 quo
2066 2106 2308 2161 membra
2338 2105 2816 2161 iiluminabuntur!
2853 2107 3004 2162 Unde
3043 2116 3243 2162 etcum
3285 2110 3350 2162 de
3391 2108 3502 2162 sole

1928 2194 2016 2249 hic
2041 2195 2353 2265 loqueretur
2394 2195 2652 2262 Joannes,
2680 2198 2921 2254 addidit:
2961 2197 3112 2254 Sicut
3155 2197 3234 2256 sol
3265 2198 3405 2253 lucet
3445 2199 3500 2252 in

1929 2286 2124 2341 virtute
2164 2302 2296 2352 sua,
2333 2289 2548 2357 quando
2588 2289 2793 2345 scilicet
2835 2289 3134 2344 meridiano
3161 2296 3402 2359 tempore
3449 2289 3525 2342 in.

1930 2384 2124 2430 centro
2147 2377 2272 2431 coeli
2318 2378 2410 2432 ita‘
2437 2378 2770 2448 resplendet,
2798 2389 2857 2433 ut
2892 2379 3194 2435 nullatenus
3234 2382 3502 2445 humanus

1931 2476 2179 2534 aspectus
2225 2467 2366 2523 ferre
2395 2469 2572 2524 valeat
2600 2469 2896 2525 claritatem
2933 2470 3150 2526 luminis
3177 2470 3311 2539 ejus.
3352 2470 3520 2525 Hanc-

1932 2560 2229 2616 claritatem
2252 2563 2487 2616 ostendit
2514 2563 2567 2617 in
2597 2572 2778 2618 monte
2805 2579 2985 2618 coram
3011 2563 3182 2620 tribus
3207 2563 3504 2632 discipulis,

1932 2649 2148 2719 quando
2187 2649 2325 2705 facta
2361 2661 2445 2706 est
2473 2651 2642 2708 facies
2668 2650 2783 2720 ejus
2807 2653 2945 2707 sicut
2973 2652 3076 2708 sol.
3113 2652 3332 2708 Centies
3361 2653 3502 2708 enim

1932 2754 2140 2800 tantum
2168 2746 2330 2816 (sicut
2375 2746 2506 2802 dicit
2547 2723 2736 2802 beatus
2764 2746 3018 2818 Hilarius)
3053 2745 3230 2810 fulsit,
3275 2746 3368 2800 sed
3398 2759 3529 2812 non-

1934 2837 2123 2892 habuit
2189 2837 2524 2906 Evangelista
2579 2845 2886 2900 creaturam
2951 2836 3365 2909 splendidiorem
3417 2835 3507 2904 cui

1935 2943 2250 2996 comparare
2278 2937 2459 2997 posset
2487 2930 2728 2984 eamdem
2761 2930 3085 2992 claritatem,
3140 2928 3342 2982 idcirco
3375 2926 3529 2992 dicit.

1938 3020 2076 3074 sicut
2101 3019 2267 3074 solem
2293 3019 2685 3089 resplenduisse
2713 3019 2903 3074 faciem
2936 3017 3070 3086 ejus.
3097 3019 3162 3072 Et
3183 3017 3357 3086 qualis
3377 3027 3512 3070 tunc

1941 3109 2187 3180 apparuit
2217 3108 2492 3175 Dominus,
2522 3109 2646 3165 talis
2677 3111 2861 3180 utique
2889 3119 3145 3164 venturus
3171 3117 3254 3164 est
3280 3109 3346 3162 ad
3363 3107 3508 3176 judie.

1939 3201 2101 3269 cium.
2127 3200 2244 3268 Quo
2272 3200 2325 3258 in
2348 3199 2466 3256 loco
2487 3201 2654 3271 quaeri
2677 3211 2886 3272 potest:
2907 3202 2950 3256 si
2981 3201 3234 3264 Dominus
3259 3199 3326 3253 ad
3351 3213 3510 3270 geneo;

1939 3294 2104 3364 ralem
2133 3294 2580 3350 resurrectionem
2618 3311 2740 3350 cum
2784 3304 2930 3350 tanta
2971 3295 3216 3352 claritate
3250 3302 3530 3352 venturul'

1937 3397 2038 3453 est,
2067 3405 2235 3460 quare
2272 3404 2378 3444 non
2408 3389 2462 3444 in
2489 3389 2676 3444 eadem
2709 3389 2956 3448 claritate
2991 3395 3115 3458 post
3139 3402 3289 3442 suam
3330 3400 3530 3448 κων-κ

1937 3481 2232 3554 rectionem
2277 3480 2528 3551 apparuit
2565 3479 2870 3549 discipulis?
2913 3479 2993 3534 Ad
3038 3478 3179 3548 quod
3223 3475 3528 3531 dicendum

1937 3579 2044 3637 est,
2079 3572 2200 3627 ideo
2243 3579 2364 3642 post
2397 3585 2550 3626 suam
2589 3570 3041 3628 resurrectionem
3093 3568 3398 3630 claritatem.
3425 3565 3530 3626 sui.

1937 3665 2116 3720 vultus
2137 3663 2412 3735 discipulis
2437 3663 2803 3728 abscondisse,
2827 3672 2886 3717 ut
2911 3678 3034 3717 eum
3059 3661 3141 3715 vel
3170 3658 3368 3715 sull‘ere
3387 3657 3514 3726 quia

1937 3755 2142 3810 vissent
2167 3753 2250 3808 vel
2285 3768 2637 3824 cognoscere;
2668 3753 2809 3822 quod
2837 3752 2881 3806 si
2911 3767 3014 3807 non
3045 3749 3280 3812 fecisset,
3307 3755 3529 3802 morsa--

1940 3847 2070 3900 lium
2113 3845 2253 3900 oculi
2299 3845 2482 3899 videre
2518 3859 2641 3900 eum
2685 3859 2792 3898 non
2830 3850 3068 3911 possent.
3101 3841 3158 3894 Si
3183 3840 3346 3906 enim,
3387 3852 3526 3892 cum.

1943 3933 2116 3988 adhuc
2157 3931 2382 3986 mortale
2414 3947 2608 4001 corpus
2631 3939 2892 4001 gestaret,
2921 3930 3063 3985 ferre
3089 3943 3194 3982 non
3218 3933 3512 3996 potuerunt

1943 4023 2242 4080 claritatem
2266 4023 2446 4080 vultus
2486 4021 2622 4090 ejus,
2650 4022 2866 4091 quando
2900 4019 3315 4089 transﬁguratus
3337 4025 3420 4072 est
3451 4017 3514 4072 iu

1943 4123 2146 4179 monte,
2171 4123 2371 4184 quanto
2398 4114 2577 4169 minus
2603 4113 2703 4168 hoc
2727 4120 2964 4183 possent,
2991 4112 3036 4166 si
3071 4118 3194 4180 post
3231 4123 3382 4164 suam
3425 4122 3534 4162 re-v

1942 4207 2329 4264 surrectionem
2353 4207 2489 4278 ipse,
2513 4220 2617 4261 non
2643 4214 2702 4259 ut
2719 4205 2818 4268 sol,
2843 4205 2938 4260 sed
2961 4201 3377 4274 septempliciter
3397 4197 3512 4256 sole

1943 4299 2180 4368 fulgente
2215 4313 2368 4353 suam
2418 4296 2788 4354 manifestaret
2811 4295 3132 4351 claritatem.
3159 4292 3296 4360 Quid
3334 4299 3511 4346 autem

1943 4388 2045 4443 ista
2064 4388 2129 4443 de
2156 4386 2381 4440 Domino
2399 4384 2648 4449 dicimus,
2665 4399 2788 4440 cum
2812 4383 2972 4438 etiam
2995 4398 3118 4449 nos,
3145 4381 3325 4437 miseri
3350 4387 3524 4450 atque,

1947 4477 2219 4540 mortales,
2235 4475 2538 4530 claritatem
2561 4483 2868 4530 sanctarum
2891 4473 3190 4528 animarum
3213 4485 3334 4525 cum
3355 4477 3528 4536 aster;

1946 4583 2018 4624 no
2062 4567 2174 4623 sole
2219 4565 2535 4636 fulgentium
2582 4564 2849 4619 sustinere
2895 4578 3002 4618 non
3032 4561 3305 4638 valemus?
3345 4559 3528 4634 Porro.

1945 4658 2088 4730 quod
2129 4658 2358 4722 dicitur,
2395 4656 2562 4712 solem
2608 4655 2722 4733 sive
2768 4655 2947 4710 lunam
2994 4653 3252 4725 majorem
3298 4649 3518 4706 luminis
3571 4652 3574 4654 ’

1945 4751 2246 4807 claritatem
2269 4749 2470 4804 habere
2489 4755 2612 4818 post
2635 4747 2776 4802 diem
2790 4745 3000 4815 judicii,
3016 4745 3199 4814 utique
3221 4742 3286 4798 ad
3307 4741 3526 4812 lapsum.

1945 4849 2001 4903 et
2043 4839 2438 4910 reparationem
2482 4838 2643 4909 primi
2682 4837 2915 4906 hominis
2941 4836 3196 4907 pertinet.
3225 4833 3520 4901 Postquam

1945 4932 2090 4989 enim
2111 4931 2276 4986 homo
2303 4929 2400 4984 Dei
2425 4928 2734 4984 mandatum
2769 4923 3212 4996 transgrediendo
3253 4919 3522 4992 peccavit,

1946 5023 2200 5080 tenebras
2226 5021 2480 5084 incurrit,
2503 5027 2559 5073 et
2591 5017 2793 5083 idcirco
2832 5017 2998 5084 etiam
3041 5015 3156 5086 ipse
3185 5011 3286 5078 sol,
3312 5011 3410 5084 qui
3448 5011 3524 5086 ad

1947 5113 2267 5184 obsequium
2305 5111 2539 5178 hominis
2575 5107 2753 5176 fuerat
2770 5167 2776 5174 ί
2795 5107 3073 5178 conditus,
3088 5105 3407 5180 claritatem
3421 5097 3520 5182 sui

1948 5203 2164 5260 luminis
2197 5202 2428 5267 maxima
2455 5209 2706 5276 exparte.
2735 5197 2990 5276 perdidit...
3019 5195 3525 5274 meammeam:

1948 5303 2036 5350 tus
2064 5293 2226 5350 fuerit
2269 5277 2464 5366 homo]
2491 5297 2804 5370 atquepost
2831 5286 3135 5376 generalem
3168 5282 3523 5366 resurreptigﬁ

1949 5399 2074 5448 nem
2093 5390 2424 5461 renovatus,
2441 5389 2642 5452 tuncet
2671 5381 2794 5457 ipse
2823 5379 2903 5452 sol
2931 5378 3296 5453 renovabitur,
3317 5385 3374 5448 et
3397 5391 3525 5450 sep-~

1952 5473 2300 5556 ιετμνιῆρίιοτ»
2345 5473 2402 5542 .id
2447 5466 3524 5556 ρεῌιξμιιρτειενίειετ-,ιιιξεςηιηρςιφςςιιιτεςς

1950 5567 2047 5628 bit.
2083 5565 2428 5638 Unde.\etiam
2465 5580 2565 5626 nec
2591 5573 2783 5636 (postea
2820 5577 3067 5636 occasum
3100 5558 3523 5638 patietur,,sicut

1948 5635 2453 5738 isildot'uspt‘estatur},
2485 5671 2558 5734 ne.
2579 5656 2724 5732 impii
2745 5639 3001 5738 (claritate.
3029 5635 3244 5730 luminis
3266 5650 3380 5732 equ

1948 5729 2226 5828 fruantur.“
2257 5729 2577 5832 Aliterlzlsol
2609 5729 2766 5816 habet
2792 5729 2966 5818 ortum
2996 5729 3524 5828 et.{occasu‘rpéiid‘eor
