3974 6476
432 439 537 514 959

874 432 1256 493 .HAYMONIS
1293 417 1771 491 HALBERSTAT.
1814 425 2028 483 El’lSC.
2072 422 2221 480 OPP.
2262 419 2444 476 PARS
2482 419 2523 475 l.
2556 448 2624 459 -
2661 414 3019 474 COMMENT.
3064 412 3236 468 BIILL.

3644 412 3765 465 900

432 568 542 625 que
568 566 806 623 congrue
836 558 1180 618 comparatur
1207 545 1455 609 Christo,
1489 542 1581 614 qui
1613 541 1805 598 habuit
1842 550 2020 596 ortum
2050 542 2100 599 Α
2127 534 2331 590 sanctis
2354 531 2804 625 praedicatoribus
2835 529 3090 625 doctrina
3113 527 3353 600 Spiritus
3389 525 3599 625 sancti.
3640 522 3765 625 Dio—

434 645 711 702 nascendo
760 641 1130 713 temporaliter
1158 656 1226 696 cx
1272 644 1480 704 matre,
1529 645 1586 695 et
1631 652 1884 692 occasum
1930 648 2027 705 per

435 746 689 793 mortem.
723 735 892 791 Porro
919 734 1085 789 facies
1112 734 1279 800 illius,
1305 732 1594 788 manufesta
1620 732 1673 785 in
1700 747 1863 786 carne
1886 744 2028 801 prac-

436 829 614 893 sentia
666 826 1015 898 intelligitur,
1058 842 1177 897 qua:
1221 826 1539 881 abscondita
1582 834 1664 879 est
1711 823 1927 894 quando
1975 822 2028 876 in

432 934 597 989 cruce
643 918 930 983 occubuit,
981 919 1073 972 sed
1122 917 1320 972 iterum
1375 931 1663 986 resurgens
1703 931 1735 970 a
1777 914 2028 977 mortuis,

435 1010 816 1082 cmpitlucere
856 1009 909 1065 in
939 1009 1139 1064 virtute
1177 1024 1305 1075 sua,
1335 1008 1390 1063 in
1436 1006 1777 1062 multitudine
1822 1005 2030 1063 scilicet

434 1101 848 1168 miraculorum,
872 1110 929 1158 et
955 1102 1341 1174 prmiicatione
1366 1101 1667 1157 doctorum.
1699 1099 1834 1155 Nam
1870 1109 1928 1156 et
1965 1102 2032 1157 de

434 1208 632 1248 occasu
660 1193 947 1249 Psalmista
977 1194 1108 1249 dicit
1134 1212 1148 1248 :
1181 1192 1292 1249 Iter
1314 1193 1471 1263 facile
1496 1193 1542 1249 ei
1564 1194 1655 1264 qui
1680 1194 1918 1251 ascendit
1941 1211 2032 1249 su-

434 1303 528 1356 per
552 1304 796 1342 occasum
822 1284 997 1355 (Psal.
1040 1286 1228 1357 nxvu).
1279 1286 1452 1357 Super
1496 1302 1751 1343 occasum
1797 1298 2032 1357 namque

437 1376 727 1443 ascendit,
776 1377 905 1448 quia
953 1376 1097 1432 unde
1142 1375 1431 1440 occubuit,
1484 1376 1609 1431 inde
1652 1376 1912 1431 surrexit.
1966 1376 2033 1432 Et

438 1470 659 1540 quando
700 1470 802 1525 ista
845 1470 1061 1526 dicebat
1101 1468 1373 1536 Joannes,
1414 1468 1528 1538 jam
1580 1478 1769 1535 ortus,
1806 1468 1924 1539 jam
1964 1470 2033 1527 ad

438 1576 691 1633 occasum
719 1576 930 1626 versus,
952 1559 1063 1629 jam
1093 1574 1320 1631 surgens
1351 1559 1547 1615 iterum
1590 1559 1807 1615 lucebat
1835 1560 1888 1614 in
1922 1560 2036 1615 vir-

442 1659 563 1711 tute
590 1667 723 1718 sua;
755 1652 806 1707 id
832 1661 914 1708 est
932 1653 1047 1724 jam
1075 1653 1126 1706 in
1149 1667 1313 1709 carne
1338 1660 1519 1717 natus,
1547 1667 1760 1723 passus,
1787 1660 1843 1707 et
1870 1651 2040 1708 casei-

441 1752 611 1809 tatus,
650 1744 874 1814 ipsaque
902 1743 1019 1813 ejus
1059 1744 1336 1809 nativitas,
1369 1744 1582 1814 passio,
1608 1753 1667 1800 et
1706 1744 2040 1801 resurrectio

2132 627 2354 681 tandum
2387 634 2566 681 autem
2595 624 2721 695 quia
2748 637 2857 678 non
2898 621 3033 677 dicit
3061 618 3300 676 Joannes
3325 618 3457 689 quid
3507 616 3754 688 angelus

2128 718 2342 782 fecerit,
2371 732 2578 788 ponens
2607 716 2884 770 dexteram
2918 729 3071 768 suam
3121 727 3286 783 super
3324 711 3516 775 illum,
3551 720 3753 763 utrum

2128 810 2378 864 videlicet
2406 808 2667 863 levaverit
2700 823 2824 861 cum
2861 822 2890 860 a
2929 815 3108 871 terra,
3141 818 3207 859 an
3240 803 3544 858 detraxerit
3585 801 3752 857 illum

2131 900 2199 954 ad
2231 910 2467 965 terram;
2494 898 2588 954 sed
2616 912 2683 953 ex
2716 896 2958 953 Daniclis
2983 895 3254 951 volumine
3287 894 3450 964 (Dan.
3486 893 3545 965 χ)
3572 893 3751 947 disci-

2130 1006 2251 1046 mus
2276 990 2418 1059 quod
2450 1006 2480 1045 a
2525 998 2670 1044 terra
2698 985 2820 1044 eum
2850 988 3135 1052 levaverit,
3162 986 3255 1056 qui
3285 985 3417 1040 dicit
3450 985 3607 1056 quod
3640 1000 3750 1037 an-

2130 1080 2281 1154 gelus
2305 1081 2395 1151 qui
2423 1088 2541 1135 erat
2572 1080 2850 1135 accinctus
2876 1094 3010 1133 auro
3045 1079 3250 1150 ohryzo
3275 1118 3288 1141 ,
3313 1084 3368 1135 et
3393 1090 3600 1146 corpus
3625 1076 3752 1146 ejus

2131 1162 2283 1247 quasi
2340 1174 2751 1250 chrysolithos,
2810 1172 2991 1246 posuit
3039 1172 3318 1229 dexteram
3367 1186 3523 1224 suam
3576 1183 3755 1238 super

2132 1288 2289 1336 eum,
2320 1283 2375 1326 et
2409 1271 2586 1326 erexit
2626 1286 2750 1325 cum
2781 1284 2942 1338 super
2974 1283 3147 1339 genua
3191 1281 3309 1323 sua.
3344 1263 3512 1319 Ponit
3556 1264 3753 1333 itaque

2133 1356 2357 1435 angelus
2393 1378 2610 1418 manum
2653 1376 2817 1431 super
2850 1359 3112 1416 Joannem
3148 1356 3426 1427 jacentem
3464 1356 3540 1411 ad
3576 1354 3752 1425 pedes

2134 1471 2262 1515 suos
2303 1463 2561 1524 tanquam
2605 1462 2879 1508 mortuum
2907 1492 2924 1517 ,
2968 1460 3024 1507 et
3068 1451 3231 1519 erigit
3285 1446 3483 1513 illum,
3525 1447 3753 1517 quando

2134 1546 2386 1605 Christus
2422 1547 2677 1604 Ecclesia:
2706 1561 2850 1609 suas,
2879 1560 3009 1616 quae
3033 1560 3091 1600 se
3116 1542 3412 1598 mortificat
3430 1582 3449 1607 ,
3470 1540 3751 1595 auxilium

2135 1642 2524 1699 consolationis
2550 1641 2777 1712 porrigit
2813 1655 2910 1710 per
2955 1654 3084 1695 suos
3126 1636 3545 1708 prmdicatores.
3577 1634 3749 1701 Quasi

2136 1739 2281 1796 enim
2309 1738 2535 1795 dextera
2562 1735 2765 1792 Christi
2794 1749 2957 1804 super
2981 1733 3218 1788 fidelium
3252 1731 3420 1786 corda
3470 1729 3753 1801 pressaris

443 1849 617 1897 totum
642 1839 913 1896 claruerat
952 1856 1051 1911 per
1081 1840 1303 1906 orbem;
1336 1848 1392 1895 et
1417 1839 1619 1896 ideirco
1648 1838 1819 1897 facies
1857 1840 2031 1912 angeli
2064 1906 2101 1912 _
2133 1841 2192 1888 et
2216 1831 2484 1903 angustiis
2507 1844 2715 1901 pressa,
2746 1828 2950 1883 Paulus
2972 1824 3250 1896 apostolus
3276 1824 3492 1894 positus
3530 1830 3663 1876 erat
3694 1830 3752 1874 ut

439 1948 549 1988 non
591 1932 931 2003 simpliciter,
952 1906 1071 1989 sed
1117 1932 1262 1989 sicut
1300 1930 1381 1988 sol
1430 1930 1603 1997 lucet,
1625 1931 1680 1987 in
1707 1932 1907 1988 virtute
1930 1906 2037 1987 sua
2064 1906 2108 1966 Β
2136 1941 2232 1982 eos
2275 1923 2617 1988 sublevaret,
2664 1934 2790 1977 cum
2818 1920 2901 1974 eis
2942 1917 3377 1975 consolationem
3410 1914 3747 1973 adhibebat.

440 2024 780 2096 Splendebat.

509 2115 583 2173 Et
604 2133 724 2171 cum
754 2116 993 2171 vidissem
1013 2132 1154 2179 eum,
1183 2114 1347 2171 cecidi
1369 2115 1440 2169 ad
1464 2114 1618 2185 pedes
1639 2115 1752 2185 ejus
1779 2124 2037 2186 tanquam

440 2216 705 2262 mortuus.
729 2203 970 2262 Joannes
1004 2206 1058 2261 in
1097 2206 1198 2262 hoc
1229 2204 1353 2261 loco
1382 2205 1652 2275 signiﬁcat
1681 2220 1898 2261 omnem
1921 2204 2033 2260 ele-

439 2305 654 2355 ctorum
685 2296 1119 2361 multitudinem,
1146 2295 1370 2366 angelus
1405 2311 1585 2351 autem
1629 2295 1798 2351 solius
1840 2296 2037 2366 capitis

440 2401 730 2457 personam
756 2386 914 2457 gerit.
945 2385 1063 2442 Non
1094 2394 1273 2441 autem
1306 2386 1395 2441 hic
1419 2387 1582 2456 pedes
1607 2385 1824 2441 Domini
1849 2426 1865 2452 ,
1896 2386 2039 2441 sicut

441 2478 692 2549 superius
722 2477 1088 2534 :eternitatem
1122 2477 1420 2533 divinitatis
1448 2476 1598 2545 ejus,
1640 2492 1746 2532 non
1778 2478 2037 2548 prasdica~

443 2578 614 2635 tores,
646 2585 752 2624 non
784 2569 1020 2639 denique
1042 2577 1239 2625 castora
1267 2569 1514 2624 membra
1533 2607 1549 2633 ,
1585 2568 1681 2623 sed
1711 2575 1918 2624 tantum
1951 2569 2037 2624 in-

443 2658 585 2715 dicia
615 2659 884 2728 passionis
911 2658 1028 2728 ejus
1054 2667 1109 2715 et
1138 2658 1461 2717 humilitatis
1486 2657 1809 2730 significant,
1851 2658 1943 2728 qui
1978 2674 2044 2716 se

445 2750 755 2807 ltumiliavit
783 2765 953 2821 usque
993 2751 1062 2807 ad
1094 2759 1344 2806 mortem.
1375 2750 1454 2806 Ad
1482 2750 1648 2820 pedes
1687 2764 1818 2821 ergo
1859 2750 2041 2821 angeli

443 2841 684 2903 Joannes
707 2843 873 2910 cadit,
896 2844 1022 2898 dum
1046 2850 1233 2898 sancta
1256 2841 1495 2897 Ecclesia
1524 2841 1747 2909 vestigia
1769 2842 2041 2911 passionis

451 2937 626 3008 ipsius
646 2937 913 3002 imitatur,
923 2936 1081 3007 juxta
1112 2936 1242 2991 illud
1274 2935 1421 2991 Petri
1447 2952 1460 2990 :
1484 2933 1725 2999 Christus
1748 2952 1937 3005 passus
1960 2945 2037 2991 est

440 3042 541 3097 pro
570 3025 737 3092 nobis,
769 3028 911 3081 vobis
953 3026 1248 3098 relinquens
1289 3025 1615 3096 exemplum,
1646 3036 1702 3080 ut
1740 3027 2036 3097 sequamini

444 3119 660 3190 vestigia
679 3119 795 3190 ejus
818 3119 987 3189 (Petr.
1004 3118 1087 3190 ιι),
1116 3127 1173 3178 ct
1202 3120 1304 3176 hoc
1332 3119 1711 3176 mortificando
1736 3134 1796 3176 se
1816 3136 1939 3176 cum
1960 3121 2039 3175 vi-

449 3212 544 3268 tiis
561 3219 618 3267 et
638 3212 1113 3282 concupiscentiis.
1130 3212 1211 3268 Ad
1236 3212 1402 3283 pedes
1420 3211 1539 3281 ejus
1566 3212 1734 3278 cadit,
1751 3212 1877 3283 quia
1907 3213 2037 3268 dum

446 3303 763 3359 considerat
777 3302 1194 3375 Redemptorcm
1209 3319 1368 3359 suum
1386 3313 1680 3369 mortuum,
1698 3320 1823 3359 mox
1840 3306 2043 3361 mundo

447 3394 711 3460 moriens,
738 3395 808 3450 ad
844 3395 1106 3451 imitanda
1145 3395 1265 3466 ejus
1292 3395 1515 3466 vestigia
1557 3395 1909 3466 semetipsum
1944 3397 2043 3452 lm-

447 3488 650 3545 militer
667 3488 982 3558 prosternit.
1004 3488 1155 3547 Bene
1176 3495 1356 3543 autem
1374 3486 1613 3544 Joannes
1634 3503 1743 3543 non
1770 3495 2043 3555 mortuus,

449 3579 547 3635 sed
578 3586 834 3648 tanquam
861 3587 1108 3634 mortuus
1141 3578 1404 3635 cecidisse
1434 3577 1633 3634 dicitur
1660 3578 1727 3633 ad
1761 3577 1926 3647 pedes
1948 3594 2043 3635 an-

448 3668 588 3738 geli,
625 3668 751 3738 quia
780 3666 937 3724 electi
967 3668 1246 3725 imitantes
1271 3668 1495 3739 vestigia
1519 3669 1788 3739 passionis
1815 3668 2039 3735 Christi,

450 3758 554 3816 etsi
584 3758 889 3814 moriuntur
910 3759 1134 3825 mundo,
1157 3759 1347 3815 vivunt
1374 3768 1553 3816 tamen
1582 3757 1712 3816 Deo.
1744 3758 1882 3816 Hinc
1904 3760 2047 3830 Apo-

452 3850 625 3907 stolus
654 3851 822 3907 dicit:
856 3849 978 3909 Vivo
1000 3862 1174 3907 autem
1190 3851 1308 3922 jam
1334 3870 1436 3909 non
1457 3869 1572 3922 ego,
1596 3852 1716 3907 vivit
1742 3869 1863 3908 vero
1888 3854 1943 3908 in
1963 3869 2045 3909 me

452 3942 693 3999 Christus
720 3940 921 4015 (Colat.
959 3942 1057 4015 tt);
1086 3953 1143 4000 et
1169 3945 1365 4003 iterum
1396 3962 1412 3999 :
1437 3942 1666 4001 Obsecro
1703 3962 1791 4001 vos
1815 3954 1871 4001 ut
1895 3945 2045 4001 eahi-

450 4036 615 4091 bcatis
632 4052 859 4107 corpora
902 4046 1071 4092 vestra
1100 4037 1328 4093 hostium
1361 4038 1612 4095 viventem
1636 4036 1815 4109 (Rom.
1841 4038 1967 4109 xu),
1991 4046 2047 4093 et

449 4136 673 4184 (vetera.
698 4125 884 4183 Hostia
914 4127 1112 4199 quippe
1149 4127 1477 4193 immolatur,
1505 4137 1564 4184 et
1608 4127 1730 4183 viva
1757 4135 1841 4183 est
1861 4169 1875 4192 ,
1916 4126 2045 4198 quia

450 4218 629 4277 sancti
648 4217 753 4274 etsi
774 4233 836 4273 se
864 4218 1201 4273 mortificant
1244 4234 1365 4275 cum
1400 4218 1547 4275 vitiis
1575 4227 1632 4275 et
1659 4219 2047 4289 concupiscen-

453 4311 570 4375 tiis,
587 4325 693 4365 non
718 4317 903 4365 tamen
930 4309 1145 4381 penitus
1163 4325 1195 4365 a
1220 4325 1448 4382 corpore
1475 4311 1754 4368 recedunt.
1780 4309 1877 4367 Vel
1898 4322 2046 4367 certe

454 4411 718 4471 tanquam
744 4400 945 4456 mortui
985 4401 1122 4457 fiunt
1141 4443 1155 4467 ,
1194 4418 1315 4459 cum
1339 4418 1398 4458 se
1424 4402 1756 4458 mortiﬁcant
1777 4442 1792 4468 ,
1822 4402 1951 4473 quia
1987 4403 2043 4458 in

454 4505 554 4561 spe
593 4489 790 4547 futura:
835 4493 1251 4549 resurrectionis
1285 4494 1396 4563 jam
1439 4494 1660 4560 vivunt,
1704 4493 1855 4562 juxta
1911 4492 2045 4550 illud

455 4581 732 4651 Apostoli:
754 4580 955 4636 Hormi
970 4583 1114 4649 estis,
1132 4594 1179 4637 et
1199 4583 1303 4638 vita
1317 4593 1483 4638 vestra
1505 4583 1809 4641 abscondita
1831 4593 1905 4639 est
1924 4600 2043 4639 cum

459 4671 669 4729 Christo
692 4673 749 4727 in
771 4672 903 4740 Deo,
927 4684 974 4728 et
997 4690 1117 4729 cum
1137 4672 1379 4731 Christus
1403 4677 1709 4746 apparuerit
1728 4677 1836 4731 vita
1856 4686 2044 4745 vestra,

459 4777 585 4823 tunc
608 4776 659 4825 et
684 4784 771 4824 vos
795 4768 1112 4839 apparebitis
1140 4785 1258 4823 cum
1284 4770 1397 4840 ipso
1428 4771 1485 4824 in
1508 4769 1679 4840 gloria
1708 4767 1908 4833 (Catos.
1941 4768 2046 4840 ιιι).

460 4860 530 4917 Et
550 4860 724 4932 posuit
749 4859 1019 4917 dexteram
1043 4876 1197 4916 suam
1224 4877 1382 4933 super
1417 4878 1519 4928 me,
1553 4861 1732 4917 dicens
1763 4876 1782 4915 :
1818 4860 1946 4916 Noli
1984 4862 2050 4915 ti~

459 4970 618 5010 mere.
645 4951 763 5010 Non
791 4966 1006 5023 semper
1030 4952 1086 5007 in
1118 4967 1277 5009 sacro
1314 4951 1532 5024 eloquio
1563 4968 1703 5009 unus
1733 4966 1924 5008 sermo
1951 4968 2049 5024 pro

463 5059 571 5100 uno
597 5044 863 5115 accipitur
883 5057 1067 5099 sensu.
1092 5041 1345 5111 Legimus
1369 5042 1567 5115 quippe
1591 5042 1844 5114 superius
1865 5043 2051 5099 dexter

460 5150 580 5193 ram
606 5133 916 5207 signiﬁcare
935 5150 1202 5191 summam
1225 5135 1612 5191 beatitudinem
1640 5135 1836 5193 futura:
1854 5138 1979 5193 vita:
1997 5146 2055 5194 et

461 5226 905 5298 prosperitatem,
924 5226 978 5281 in
1006 5241 1112 5296 qua
1135 5227 1308 5283 sancti
1332 5226 1445 5298 jam
1470 5228 1773 5307 copsistunt
1797 5229 1893 5284 Dei
1918 5244 2055 5299 prm-

465 5320 844 5377 destinatione.
893 5320 1010 5376 Non
1054 5336 1184 5392 ergo
1232 5322 1322 5376 hic
1376 5320 1557 5376 taliter
1608 5316 1923 5392 accipienda
1972 5329 2057 5376 est

466 5414 711 5482 dextera,
743 5416 884 5471 sicut
912 5415 965 5469 in
998 5414 1263 5486 superiori
1298 5428 1462 5469 versu
1488 5428 1503 5468 :
1535 5414 1702 5485 pedes
1732 5429 1839 5469 non
1870 5413 2054 5484 priora

466 5505 523 5561 ln
557 5521 616 5561 se
643 5506 924 5583 continent
947 5503 1228 5577 mysteria,
1253 5504 1346 5561 sed
1366 5511 1581 5560 tantum
1605 5503 1852 5573 exempla
1882 5504 2056 5559 imita-

466 5598 631 5656 tionis
658 5599 862 5656 Christi
901 5606 956 5654 et
982 5599 1249 5669 passionis
1282 5596 1613 5670 signiﬁcant.
1644 5595 1833 5666 Itaque
1862 5596 1917 5652 in
1951 5598 2056 5654 hoc

467 5689 588 5749 loco
633 5707 731 5764 per
773 5692 1055 5748 dexteram
1098 5691 1272 5762 angeli
1315 5690 1574 5748 debemus
1604 5688 1908 5760 intelligere
1936 5704 2057 5746 san-

466 5793 589 5844 ctos
610 5789 1009 5861 praedicatores.
1037 5790 1190 5847 Unde
1215 5803 1310 5860 per
1330 5785 1551 5857 Moysen
1572 5784 1774 5840 dicitur
1801 5801 1815 5815 θ
1842 5783 1913 5839 In
1939 5784 2060 5840 dex-

469 5889 586 5937 tera
615 5881 729 5952 ejus
759 5884 908 5957 ignea
933 5885 1017 5947 (ea:
1046 5884 1225 5956 (Deut.
1254 5882 1480 5955 XXXIII);
1514 5897 1576 5939 ac
1600 5881 1644 5941 si
1668 5881 1970 5939 diceretur:
2000 5879 2057 5935 lu

2074 4637 2124 4696 D

2137 2018 2323 2073 dicens
2348 2035 2365 2072 :
2397 2015 2522 2071 Non
2542 2022 2662 2070 sunt
2690 2012 2966 2083 condigna
2990 2012 3260 2082 passiones
3294 2007 3461 2078 hujus
3489 2006 3751 2075 temporis

2136 2113 2212 2166 ad
2231 2112 2470 2181 futuram
2497 2107 2721 2179 gloriam
2754 2121 2873 2177 qua:
2910 2102 3224 2159 revelabitur
3260 2103 3325 2156 in
3360 2101 3520 2154 nobis
3562 2098 3749 2170 (non.

2136 2204 2277 2271 vin).
2301 2201 2418 2256 Non
2444 2207 2625 2255 autem
2657 2198 2893 2254 Ecclesia
2920 2197 2999 2253 ita
3017 2195 3248 2266 erigitur
3282 2210 3316 2249 a
3344 2200 3539 2256 terra,
3574 2202 3637 2246 ut
3659 2207 3750 2262 po-

2136 2294 2287 2349 nitus
2328 2292 2394 2348 ab
2425 2290 2680 2346 omnibus
2713 2287 2980 2359 angustiis
3020 2285 3452 2348 submoventur;
3495 2285 3593 2339 sed
3626 2299 3744 2338 cum

2138 2386 2262 2441 talia
2298 2393 2352 2439 ct
2377 2384 2465 2439 his
2490 2381 2689 2438 similia
2718 2380 2871 2436 audit
2895 2396 2995 2448 pro
3020 2377 3186 2433 illatis
3225 2376 3608 2445 passimiilms.
3639 2392 3739 2430 cur

2136 2475 2205 2529 ad
2230 2472 2425 2544 gaudia
2451 2471 2692 2528 caelestis
2720 2472 2910 2540 patriae
2951 2468 3217 2527 sublevat.
3255 2466 3396 2521 Tale
3437 2468 3615 2536 quippe
3642 2473 3724 2520 est

2139 2567 2269 2623 illud
2298 2564 2576 2636 Evangelii
2599 2582 2613 2620 :
2635 2562 2813 2618 Nolite
2840 2564 3021 2618 timere
3042 2578 3129 2616 eos
3156 2561 3247 2631 qui
3272 2562 3525 2614 occidunt
3558 2576 3735 2628 corpus

2140 2659 2354 2731 (Matth.
2388 2658 2484 2727 x);
2521 2666 2579 2713 et
2626 2656 2752 2711 alibi
2782 2675 2795 2709 :
2827 2653 3084 2719 Gaudete,
3123 2652 3265 2722 quod
3312 2654 3541 2707 nomina
3585 2664 3748 2706 ecséra

2137 2749 2332 2821 scripta
2370 2758 2491 2804 sunt
2524 2749 2583 2803 in
2612 2746 2740 2802 cinia
2770 2744 2925 2819 (Luc.
2959 2744 3037 2815 ιι).
3070 2744 3434 2799 Beneautem
3468 2743 3582 2798 illic
3609 2743 3749 2797 addi-

2139 2853 2227 2900 tur
2254 2862 2268 2899 :
2299 2842 2478 2899 Nolite
2509 2843 2727 2907 timere,
2754 2854 2823 2897 ac
2847 2839 2891 2895 si
2915 2839 3223 2896 electorum.
3244 2837 3518 2895 Ecclesia:
3546 2838 3751 2892 dicere-

2140 2945 2228 2991 tur
2261 2953 2277 2989 :
2310 2935 2471 3006 Erige
2508 2933 2713 2990 mentis
2753 2930 2998 2987 auditum
3030 2931 3083 2985 in
3123 2929 3399 3001 passionis
3454 2928 3753 2984 certamine

2139 3028 2207 3083 ad
2234 3026 2415 3083 futura
2436 3026 2681 3097 praemia,
2704 3031 2764 3079 et
2792 3031 3013 3094 accepta
3037 3022 3269 3092 desuper
3299 3021 3541 3087 ﬁducia,
3573 3021 3751 3077 huma-

2141 3136 2269 3177 num
2299 3120 2555 3174 timorem
2577 3117 2839 3172 audacter
2865 3115 3023 3186 longe
3048 3111 3327 3183 prepulsa.

2215 3220 2327 3291 Ego
2351 3235 2470 3275 sum
2494 3219 2712 3290 primus,
2727 3224 2778 3272 et
2798 3214 3132 3279 novissimus,
3148 3222 3197 3267 et
3215 3213 3406 3277 vivus;
3435 3221 3491 3267 ει
3522 3213 3608 3282 [εἰ
3628 3229 3751 3267 inor-

2146 3322 2290 3377 tuus,
2323 3322 2374 3365 et
2404 3327 2522 3365 ecce
2551 3324 2669 3364 sum
2711 3308 2886 3362 vivens
2924 3309 2982 3362 iu
3022 3305 3219 3361 uacula
3255 3306 3616 3360 seculorum.
3666 3305 3747 3361 llic

2144 3400 2595 3459 manifestissime
2641 3406 2902 3471 apparet,
2975 3398 3100 3468 quia
3158 3396 3389 3466 angelus
3440 3399 3544 3468 qui
3607 3399 3749 3452 beato

2143 3494 2337 3553 Joanni
2375 3494 2627 3565 apparuit
2649 3534 2664 3559 ,
2694 3493 2926 3565 ﬁguram
2973 3490 3178 3547 Christi
3211 3490 3405 3546 tenuit.
3456 3489 3582 3545 Non
3616 3492 3743 3545 enim

2145 3586 2237 3643 alii
2264 3601 2423 3657 quam
2446 3585 2665 3641 Christo
2692 3594 2843 3650 nato,
2858 3598 3044 3655 passo,
3066 3598 3130 3639 ac
3158 3582 3485 3654 sepulto,et
3519 3582 3745 3639 resusci-

2146 3686 2261 3735 tato
2288 3677 2404 3734 hzec
2432 3678 2597 3734 verba
2627 3677 2977 3734 conveniunt.
3008 3674 3128 3746 Ipse
3165 3682 3253 3729 est
3287 3674 3532 3744 primus,
3568 3674 3623 3728 in
3652 3687 3749 3744 quo

2147 3768 2290 3827 facta
2341 3777 2464 3826 sunt
2496 3770 2719 3834 omnia;
2773 3769 2889 3840 ipse
2931 3768 3290 3829 novissimus,
3322 3780 3426 3837 per
3456 3781 3626 3834 quem
3674 3778 3751 3819 re-

2147 3871 2388 3920 staurata
2424 3870 2559 3918 sunt
2604 3863 2895 3916 universa:
2930 3859 3045 3929 ipse
3102 3865 3189 3912 est
3229 3857 3443 3927 primus
3491 3858 3588 3926 qui
3631 3863 3753 3911 sum

2148 3952 2344 4012 saecula
2372 3962 2571 4009 natus:
2597 3953 2651 4007 in
2676 3951 2947 4023 principio
2972 3958 3092 4006 erat
3116 3946 3390 4013 Verbum;
3421 3950 3545 4017 ipse
3572 3947 3751 4003 novis-

2148 4045 2352 4111 simus,
2383 4044 2509 4114 quia
2536 4043 2590 4098 in
2622 4041 2730 4098 line
2767 4050 3072 4112 temporum
3112 4047 3272 4095 natus
3298 4058 3312 4093 :
3336 4037 3586 4093 Verbum
3630 4053 3755 4093 caro

2148 4132 2349 4190 factum
2372 4141 2479 4198 est,
2506 4132 2860 4188 ethabitavit
2905 4131 2957 4186 in
2989 4130 3163 4185 nabis.
3199 4128 3266 4185 Et
3296 4129 3458 4183 vivus
3502 4128 3616 4190 fui.
3641 4129 3748 4193 ait,

2146 4223 2235 4280 Vel
2264 4230 2390 4280 ante
2432 4224 2613 4279 omnia
2656 4221 2853 4279 srecula
2897 4222 2950 4276 in
3002 4220 3303 4277 divinitatis
3347 4220 3639 4285 essentia,
3669 4218 3750 4273 vel

2149 4325 2276 4371 ante
2315 4323 2547 4370 mortem
2576 4313 2849 4369 in‘carue.
2884 4312 2953 4367 Et
2988 4320 3239 4367 mortuus
3261 4352 3277 4376 ,
3324 4310 3597 4365 subaudis
3634 4318 3753 4381 post

2148 4405 2485 4461 nativitatem
2513 4404 2713 4460 carnis.
2738 4404 2807 4459 Et
2830 4418 2957 4459 ecce
2986 4417 3113 4458 sum
3126 4402 3319 4456 vivens
3343 4402 3399 4455 in
3424 4401 3629 4456 saecula
3658 4414 3753 4455 sa-

2150 4496 2416 4559 culorum,
2439 4502 2565 4567 post
2588 4495 3069 4560 resurrectionem,
3096 4493 3241 4550 sicut
3262 4492 3565 4563 Apostolus
3591 4494 3748 4549 dicit:

2152 4585 2392 4642 Christus
2420 4603 2696 4658 resurgens
2721 4604 2754 4641 ιι
2785 4586 3031 4649 mortuis,
3052 4586 3167 4655 jam
3199 4601 3303 4640 non
3326 4586 3599 4650 moritur;
3622 4600 3757 4639 mors

2148 4678 2231 4734 illi
2267 4678 2410 4734 ultra
2451 4695 2557 4733 non
2603 4667 2961 4733 dominabitur
3004 4677 3175 4750 (Rom.
3220 4677 3321 4749 vt).
3367 4676 3491 4745 Quo
3544 4678 3600 4733 in
3640 4676 3753 4731 loco

2148 4786 2351 4840 magna
2406 4769 2708 4826 consolatio
2756 4770 3105 4841 intelligenda
3148 4778 3233 4825 est
3285 4769 3538 4824 adhibita
3600 4769 3757 4824 beato

2152 4861 2344 4918 Joanni
2366 4902 2381 4928 ,
2433 4862 2519 4916 cui
2542 4859 2748 4930 jacenti
2779 4870 3033 4931 tanquam
3068 4868 3282 4915 mortuo
3309 4860 3519 4915 dicitur
3547 4878 3562 4915 :
3593 4860 3756 4914 Vivus

2150 4953 2231 5009 fui
2260 4962 2315 5009 et
2344 4962 2624 5021 mortuus,
2650 4963 2705 5009 et
2734 4969 2853 5010 sum
2884 4955 3077 5010 vivens
3102 4954 3155 5009 in
3180 4953 3378 5008 secula
3406 4954 3750 5009 saeculorum.

2148 5044 2299 5101 Nihil
2328 5045 2481 5101 enim
2506 5047 2609 5102 hac
2658 5043 2941 5101 aﬂ‘cctione
2976 5046 3364 5117 congruentius
3411 5060 3583 5117 quam
3614 5042 3750 5116 quod

2144 5138 2262 5194 sibi
2284 5137 2512 5194 similem
2535 5139 2590 5193 in
2617 5146 2790 5195 morte
2805 5139 3093 5194 Dominum
3115 5139 3354 5202 audiret,
3369 5139 3464 5207 qui
3488 5148 3750 5209 tanquam

2158 5242 2406 5288 mortuus
2421 5231 2657 5304 jacebat.
2674 5230 2752 5287 Ac
2776 5232 2820 5287 si
2842 5232 3049 5287 diceret
3069 5230 3319 5288 Christus
3339 5238 3448 5286 tam
3468 5232 3576 5287 sibi
3594 5242 3749 5303 quam

2157 5311 2411 5379 omnibus
2438 5323 2686 5380 ﬁdelibus
2717 5342 2730 5377 :
2764 5322 2944 5379 Nolite
2973 5325 3164 5380 timere
3202 5340 3302 5395 pro
3348 5338 3437 5378 me
3480 5325 3634 5393 pati,
3662 5319 3751 5392 qui

2157 5414 2292 5469 estis
2322 5416 2562 5471 membra
2583 5455 2599 5481 ,
2632 5430 2755 5470 cum
2799 5430 2900 5486 ego
2930 5415 3022 5485 qui
3051 5429 3171 5470 sum
3214 5421 3411 5484 caput,
3450 5428 3556 5482 pro
3601 5410 3750 5467 vobis

2159 5507 2299 5563 mori
2342 5522 2447 5563 non
2488 5507 2849 5564 dubitaverim
2873 5548 2887 5570 ,
2917 5508 3041 5579 quia
3072 5508 3215 5563 sicut
3244 5522 3345 5577 ego
3374 5514 3497 5576 post
3520 5514 3748 5560 mortem

2158 5601 2302 5667 vivo,
2336 5601 2406 5656 ita
2432 5608 2489 5656 et
2516 5616 2612 5657 vos
2640 5601 2835 5656 vivetis
2862 5599 3169 5656 resuscitati
3194 5615 3223 5653 a
3247 5598 3445 5668 capite.
3475 5593 3751 5651 Αιιεητῒήε

2158 5705 2290 5764 ergo
2310 5693 2438 5757 quia
2462 5701 2587 5763 post
2611 5701 2840 5748 mortem
2865 5693 3002 5747 vivit
3027 5693 3139 5746 vita
3159 5699 3367 5757 vestra,
3389 5704 3511 5758 (pne
3538 5694 3751 5743 constat

2161 5786 2216 5841 in
2248 5785 2446 5856 capite,
2476 5784 2785 5855 exemplum
2825 5786 2981 5841 vobis
3011 5785 3305 5841 ostendens
3336 5782 3661 5853 quandoque
3690 5778 3747 5834 in

2163 5877 2386 5947 gloriam
2422 5876 2758 5950 resurgendi,
2789 5877 2835 5934 si
2862 5877 3021 5935 modo
3043 5891 3182 5933 vano
3210 5876 3403 5932 timore
3429 5888 3535 5929 non
3574 5888 3753 5930 reces-
