3974 6444
257 436 357 496 931

1217 432 1584 491 ΕΧΡΟΞῙΤΙΟ
1622 431 1684 489 IN
1725 421 2334 488 ΑΡΟΟᾹΙΑῩΡΒΙΝᾹ-
2367 430 2495 487 LlB.
2537 431 2579 486 1.

3437 429 3544 486 9ίι2

254 552 437 611 seritis
467 551 532 607 de
560 565 806 622 corpore.
842 549 905 605 Et
940 551 1104 606 habeo
1133 547 1300 604 claves
1335 548 1516 602 mortis
1546 557 1593 600 et
1628 544 1838 613 inferni.
1872 549 1918 606 Α
1948 543 2186 598 scribere
2208 545 2402 600 debeat
2425 560 2490 600 ea
2514 558 2634 614 qua:
2666 543 2822 609 vidit,
2847 551 2903 598 et
2926 558 3068 598 nunc
3089 543 3288 598 iterata
3317 557 3450 598 voce
3471 543 3542 598 ad
3595 543 3599 548 ’

255 641 362 706 Per
387 642 566 696 claves
595 650 834 712 potestas
875 651 1076 696 :rterna
1104 649 1158 696 et
1180 638 1468 708 iudiciaria
1507 638 1842 707 designatur.

259 734 414 791 Unde
438 732 598 788 Petro
629 733 833 788 dictum
874 742 994 788 est:
1037 732 1152 786 Tibi
1193 731 1330 786 dabo
1366 731 1535 785 claves
1576 729 1718 798 regni
1747 744 1846 782 co:-

257 825 428 881 lorum
455 823 673 895 (Matth.
703 826 837 895 xw).
868 825 1051 895 Neque
1077 824 1220 878 enim
1242 823 1521 894 pueriliter
1549 819 1848 889 intelligere

243 919 517 972 debemus
543 917 719 972 claves
740 933 858 972 esse
889 918 938 971 in
972 917 1133 982 coelo,
1165 913 1621 985 quemadmodum
1643 912 1846 967 suntin

259 1014 403 1068 ostio
424 1053 437 1078 ,
467 1013 560 1067 sed
589 1028 686 1082 per
713 1017 894 1067 claves
917 1019 1159 1082 potestas
1193 1007 1509 1078 intelligitur
1536 1005 1736 1077 ligandi
1760 1013 1845 1059 at-

261 1119 366 1175 que
393 1103 655 1159 solvendi.
703 1103 778 1157 Ita
812 1118 942 1174 ergo
976 1115 1031 1157 et
1059 1103 1148 1157 hic
1185 1101 1416 1155 clavium
1447 1098 1666 1154 nomine
1697 1106 1848 1166 pote-

261 1202 374 1249 stas
401 1203 600 1248 aatcrna
638 1193 962 1248 ostenditur.
1005 1192 1156 1248 Unde
1192 1201 1248 1245 et
1292 1190 1418 1244 alibi
1457 1190 1656 1244 dicitur
1687 1205 1700 1241 :
1746 1186 1850 1252 Qui

262 1289 428 1358 aperit
456 1297 502 1340 et
529 1303 677 1340 nemo
699 1285 933 1349 claudit;
975 1283 1174 1338 claudit
1201 1295 1246 1338 et
1279 1299 1427 1338 nemo
1465 1283 1630 1351 aperit
1664 1282 1846 1350 (Apoc.

259 1377 365 1446 ιιι).
398 1375 566 1430 Porro
597 1391 742 1429 mors
789 1374 1034 1429 diabolus
1083 1372 1432 1443 intelligitur,
1478 1371 1604 1440 quia
1649 1369 1850 1424 invidia

259 1465 458 1521 diaboli
492 1480 640 1521 mors
668 1465 913 1520 introivit
942 1465 997 1518 in
1028 1462 1214 1518 orbem
1261 1470 1570 1525 terrarum;
1606 1458 1852 1515 infernus

259 1567 464 1623 autem,
499 1559 742 1613 membra
767 1558 910 1613 illius
931 1558 999 1612 ad
1024 1571 1212 1627 punias
1243 1555 1440 1610 inferni
1473 1564 1720 1610 ventura.
1745 1553 1851 1607 lla-

257 1647 352 1703 bet
383 1648 567 1719 itaque
607 1648 778 1703 Filius
808 1649 897 1702 Dei
927 1647 1108 1703 claves
1147 1647 1336 1702 mortis
1362 1654 1419 1700 et
1448 1645 1642 1700 inferni
1664 1686 1680 1711 ,
1723 1645 1850 1715 quia

233 1754 358 1795 sua
386 1739 597 1794 occulta
627 1740 958 1794 reseratione
994 1739 1087 1792 dat
1121 1745 1444 1807 potestatem
1483 1737 1696 1791 diabolo
1722 1777 1736 1801 ,
1766 1735 1851 1789 vel

239 1830 378 1899 ejus
409 1831 688 1895 membris,
734 1839 796 1884 ut
840 1830 1065 1884 saeviant
1095 1829 1147 1882 in
1177 1828 1610 1899 persecutionem
1639 1835 1851 1882 sancto-

1946 636 2289 692 scribendum
2325 636 2669 707 compellitur
2707 637 2761 690 in
2797 635 3120 706 repetitione
3161 635 3336 700 verbi,
3372 635 3566 706 negli-v

1947 728 2126 797 gentia
2158 728 2394 797 torporis
2435 736 2743 784 removetur
2789 743 2817 780 a
2862 728 3042 782 studio
3085 726 3540 796 praedicatorum,

1949 828 2004 872 ut
2040 834 2160 888 quin
2194 818 2388 890 sacpius
2418 819 2810 884 admonentur,
2845 819 2962 873 sine
2990 819 3246 873 tarditate
3285 817 3545 887 implean-

1927 922 2058 966 tur.
2085 911 2376 980 Sequitur:

2023 1003 2421 1058 Sacramentum
2451 1013 2643 1074 septem
2673 1003 2941 1058 stellarum
2965 1020 3098 1074 quas
3126 1003 3303 1059 vidisti
3338 1004 3397 1058 in
3423 1004 3543 1059 dea:-

1949 1105 2061 1150 tera
2097 1113 2234 1160 mea,
2257 1105 2304 1149 et
2337 1105 2531 1165 septem
2555 1095 2873 1149 candelabra
2904 1109 3107 1150 aurea:
3139 1107 3332 1167 septem
3369 1097 3545 1166 angeli

1948 1198 2068 1241 sunt
2091 1197 2284 1256 septem
2307 1185 2645 1240 ecclesiarum
2671 1196 2718 1240 et
2745 1186 3060 1240 candelabra
3085 1196 3277 1258 septem
3301 1200 3320 1237 .°
3349 1197 3543 1256 septem

1949 1279 2178 1334 ecclesia:
2235 1290 2376 1334 sunt.
2428 1278 2843 1333 Sacramenlum
2893 1277 3211 1349 mysterium
3270 1289 3394 1345 est,
3450 1278 3540 1332 ubi

1950 1373 2092 1427 aliud
2116 1374 2349 1436 videtur,
2375 1380 2427 1426 et
2447 1370 2590 1425 aliud
2617 1370 2950 1440 intelligitur,
2982 1372 3118 1425 sicut
3145 1370 3317 1443 (verbi
3342 1370 3542 1442 gratia)

1951 1463 2005 1518 in
2037 1463 2237 1518 Christi
2269 1478 2514 1532 corpore,
2546 1463 2635 1516 ubi
2666 1477 2788 1517 cum
2825 1461 3072 1516 videatur
3101 1463 3272 1532 panis,
3300 1478 3428 1516 vera
3457 1469 3545 1517 est

1949 1571 2096 1611 caro.
2130 1555 2281 1611 [lude
2314 1556 2412 1625 ipsi
2443 1556 2755 1612 sacerdotes
2777 1556 3000 1610 dicunt:
3037 1557 3388 1611 Sacramenta
3421 1571 3544 1625 quae

1951 1648 2303 1716 sumpsimus,
2321 1646 2564 1710 Domine,
2591 1647 3049 1716 proficiantnobis
3071 1647 3137 1701 ad
3165 1647 3392 1702 salutem
3416 1661 3542 1701 cor-

1949 1737 2100 1808 poris
2125 1747 2180 1791 et
2205 1738 2419 1792 animm.
2460 1737 2534 1791 lta
2574 1753 2702 1808 ergo
2737 1747 2792 1793 et
2833 1739 2920 1792 hic
2959 1748 3360 1794 sacramentum
3390 1747 3540 1806 erat,

1951 1832 2077 1901 quia
2102 1831 2386 1899 inscptem
2410 1830 2580 1887 stellis
2604 1831 2688 1886 vel
2711 1839 2918 1900 septem
2937 1832 3300 1898 candelabris,
3330 1833 3544 1888 univer-

257 1935 403 1990 rum,
434 1932 490 1976 et
511 1922 712 1976 iterum
736 1937 860 1978 cum
892 1922 1036 1986 vult,
1068 1920 1193 1975 facit
1222 1935 1438 1975 omnem
1465 1920 1853 1989 conquiescere
1882 1911 1926 1969 B
1954 1921 2085 1976 salis
2113 1921 2351 1976 Ecclesia
2378 1922 2805 1991 exprimebatur.
2835 1923 2988 1990 Quod
3033 1924 3176 1978 enim
3206 1923 3544 1993 signiﬁcatur

255 2027 445 2067 eorum
464 2013 839 2068 tentationem.
859 2012 953 2066 His
975 2013 1214 2066 clavibus
1238 1997 1853 2067 conclususeratdiabo-

255 2101 364 2167 lus,
399 2117 522 2157 cum
554 2103 766 2158 dicente
791 2102 1020 2157 Domino
1045 2101 1168 2172 (Job
1199 2103 1293 2169 n):
1331 2101 1586 2172 Nunquid
1611 2102 1851 2156 conside-

260 2195 393 2248 rasti
412 2210 619 2248 servum
635 2211 809 2249 meum
823 2193 947 2260 Job,
965 2195 1103 2264 quod
1131 2210 1236 2247 non
1251 2196 1316 2247 sit
1341 2193 1529 2248 similis
1551 2194 1600 2247 ei
1621 2194 1673 2246 in
1689 2203 1852 2259 terra,

257 2287 342 2340 vir
363 2286 587 2355 simplex
623 2297 669 2340 et
700 2297 868 2341 rectus
885 2326 900 2352 ,
928 2287 1186 2342 tentando
1205 2301 1328 2340 eum
1355 2287 1602 2355 appetiit,
1626 2286 1812 2340 dicens
1836 2302 1849 2338 :

262 2377 519 2449 Nunquid
552 2378 652 2431 Job
677 2378 876 2447 {rustra
913 2379 1058 2431 timet
1103 2377 1308 2431 Deum?
1331 2376 1522 2431 Nonne
1555 2386 1613 2430 tu
1645 2376 1852 2431 vallasti

260 2487 381 2524 eum
415 2488 477 2524 ac
511 2471 725 2524 domum
750 2471 863 2540 ejus
886 2473 911 2524 1’
931 2481 987 2526 ct
1008 2480 1204 2526 caetera
1227 2485 1398 2539 usque
1423 2488 1436 2524 :
1464 2469 1613 2523 Mitte
1641 2485 1854 2524 manum

261 2563 548 2626 tnam,nisi
578 2564 630 2616 in
655 2562 790 2618 lacie
817 2563 1152 2618 benedixerit
1170 2562 1264 2617 tibi
1289 2562 1410 2633 (Job
1436 2577 1476 2626 ι,
1500 2563 1588 2632 ιι).
1619 2563 1853 2618 Resera-

259 2654 341 2707 vit
362 2655 411 2708 ei
444 2655 704 2709 Dominus
724 2656 952 2719 clavem,
987 2671 1110 2710 cum
1140 2663 1460 2725 potestatem
1491 2656 1731 2711 tentandi
1757 2657 1844 2710 de-

261 2745 340 2800 dit
367 2746 437 2810 ei,
467 2747 652 2801 dicens
678 2763 690 2799 :
717 2746 852 2800 Ecce
883 2747 934 2800 in
963 2764 1123 2800 manu
1149 2757 1240 2799 tua
1263 2757 1336 2801 est
1367 2745 1510 2817 (Job.
1544 2748 1626 2817 ιι).
1653 2747 1719 2800 Ει
1743 2746 1854 2810 ille,

261 2845 481 2907 accepta
501 2846 787 2907 potestate,
813 2855 1070 2909 egressus,
1096 2838 1347 2908 percussit
1369 2837 1472 2890 Job
1503 2840 1670 2891 ulcere
1693 2839 1856 2907 pessi-

263 2944 348 2981 mo
368 2927 579 2999 (lbid.).
610 2928 718 2984 Sed
736 2939 920 3001 postea
936 2930 1204 2985 cohibitus
1219 2938 1372 2985 estet
1403 2930 1503 2986 sub
1531 2930 1667 2984 clavi
1685 2929 1856 2984 reclu-

261 3034 378 3085 sus,
396 3021 610 3090 quando
631 3023 746 3092 ipsa
775 3023 1001 3077 tentatio
1018 3020 1220 3091 profuit
1241 3023 1398 3076 beato
1411 3019 1513 3076 Job
1525 3021 1592 3076 ad
1606 3020 1854 3089 gloriam,

261 3121 318 3165 et
340 3121 637 3168 restaurata
666 3123 795 3168 sunt
815 3115 863 3169 ei
891 3115 1076 3168 omnia
1099 3113 1354 3183 duplicia,
1371 3114 1580 3183 ipsique
1601 3113 1854 3170 tentatori

261 3204 450 3258 eadem
485 3206 714 3259 tentatio
747 3206 921 3261 crevit
939 3206 1008 3260 ad
1031 3205 1305 3259 cumulum
1331 3205 1698 3260 damnationis
1720 3220 1850 3261 suae.

265 3295 360 3351 llis
391 3295 633 3352 clavibus
664 3297 840 3353 fuerat
867 3299 1136 3361 dimissus,
1170 3299 1384 3369 quando
1410 3299 1630 3354 Petrum
1661 3300 1853 3355 timore
1879 3280 1924 3342 δ

265 3391 602 3455 concutiens,
651 3392 911 3460 compulit
957 3405 1158 3460 negare
1212 3392 1379 3446 Deum
1423 3409 1435 3446 :
1482 3392 1723 3448 reclusus
1767 3401 1852 3448 est

265 3482 485 3546 iterum,
511 3484 727 3552 quando
750 3483 1011 3539 Dominus
1035 3485 1274 3556 respexit
1299 3483 1540 3550 Petrum,
1568 3494 1624 3539 et
1647 3483 1733 3538 ille
1767 3483 1858 3537 lle-

264 3578 342 3630 vit
372 3592 576 3642 amare,
613 3592 678 3633 ac
703 3579 956 3633 maculas
995 3587 1163 3633 terna:
1191 3579 1494 3649 negationis
1534 3578 1664 3632 lavit
1701 3591 1853 3632 ama-

264 3668 496 3723 rissimis
524 3668 795 3738 lacrymis.
829 3669 922 3724 llis
943 3669 1106 3724 etiam
1133 3670 1389 3740 lacrymis
1413 3668 1590 3724 fuerat
1621 3669 1854 3732 laxatus,

266 3760 483 3827 quando
512 3757 734 3811 Mariam
768 3759 951 3812 multis
999 3760 1320 3813 criminibus
1366 3759 1470 3812 sibi
1508 3759 1855 3823 devinxerat;

265 3847 362 3902 sed
383 3845 597 3899 clausus
613 3856 696 3899 est
719 3847 934 3914 quando
953 3848 1173 3900 dimissa
1199 3856 1324 3900 sunt
1344 3847 1392 3900 ei
1420 3856 1641 3914 peccata
1669 3847 1857 3910 multa,

269 3935 396 4002 quia
436 3934 624 3987 dilexit
673 3935 921 3989 multum.
975 3935 1069 3988 llis
1114 3950 1329 4004 quoque
1367 3936 1611 3990 clavibus
1659 3936 1859 4005 apertis

269 4023 450 4078 fuerat
486 4025 766 4087 dimissus,
815 4027 1031 4095 quando
1073 4027 1316 4082 tentabat
1358 4026 1620 4093 Paulum,
1648 4027 1758 4092 cui,
1794 4042 1860 4082 ne

269 4115 587 4185 magnitudo
614 4115 997 4170 revelationum
1047 4132 1170 4171 eum
1215 4117 1532 4184 extolleret,
1580 4118 1738 4173 datus
1777 4128 1859 4174 est

269 4203 520 4259 stimulus
549 4206 749 4260 carnis.
782 4207 878 4260 llis
921 4208 1086 4260 divini
1123 4208 1312 4278 judicii
1345 4209 1589 4263 clavibus
1619 4210 1860 4278 quotidie

239 4317 248 4321 -
271 4301 566 4360 reseratur,
593 4309 715 4349 cum
739 4295 943 4351 electos
973 4298 1364 4353 tentationibus
1387 4298 1860 4369 fatigare'permit—

270 4385 433 4450 titur;
467 4386 772 4457 iterumque
802 4389 1183 4459 restringitur,
1223 4403 1345 4444 cum
1391 4405 1498 4444 non
1539 4405 1699 4460 supra
1747 4406 1862 4445 mo-

270 4479 417 4544 dum,
437 4479 530 4534 sed
567 4480 632 4534 ad
664 4494 974 4538 mensuram
1002 4483 1147 4552 ipsas
1175 4484 1502 4539 tentationes
1531 4501 1860 4556 exaggerare

268 4571 799 4640 permittitur,juxta
827 4573 956 4628 illud
982 4591 994 4626 :
1029 4574 1230 4629 Fidelis
1259 4576 1400 4631 Deus
1434 4578 1522 4648 qui
1566 4593 1667 4631 non
1691 4580 1857 4648 patie-

271 4670 467 4721 turvos
495 4665 688 4717 tentari
715 4681 876 4734 supra
911 4665 966 4720 id
1008 4673 1146 4736 quod
1170 4669 1404 4737 potestis.
1442 4668 1533 4722 sed
1561 4667 1716 4738 faciet
1739 4687 1855 4722 cum

269 4755 553 4809 tentatione
597 4758 754 4810 etiam
801 4768 1128 4828 prouentum,
1172 4770 1229 4813 ut
1274 4761 1482 4830 possitis
1511 4761 1768 4815 sustinere
1796 4761 1858 4833 (Ι

272 4840 396 4898 Cor.
439 4844 518 4915 ι).
684 4913 702 4931 .

345 4935 527 4990 Scribe
547 4953 669 5008 ergo
696 4955 816 5009 quin
838 4939 1011 4994 vidisti
1030 4981 1045 5004 ,
1071 4949 1118 4994 et
1144 4957 1262 5011 qua:
1290 4951 1432 5008 sunt,
1450 4951 1497 4996 et
1524 4959 1642 5013 qua:
1660 4953 1858 5014 oportet

273 5027 387 5083 ﬁeri
442 5039 558 5099 post
610 5032 740 5086 lucc.
798 5032 900 5088 Hic
950 5032 1184 5088 Joannes
1225 5043 1407 5105 typum
1456 5045 1602 5093 tenet
1653 5039 1858 5093 ordinis

271 5120 710 5190 praedicatorum,
732 5123 819 5178 cui
849 5124 1083 5179 dicitur:
1111 5123 1301 5180 Scribe
1327 5141 1448 5195 quae
1472 5109 1675 5190 vidisti,
1700 5128 1753 5182 id
1780 5137 1864 5182 est

269 5225 392 5279 qtue
426 5211 770 5280 intellexisti,
803 5215 860 5270 in
902 5215 1018 5287 lege
1045 5215 1253 5271 scilicet
1278 5225 1332 5271 et
1360 5219 1638 5287 prophetis
1659 5218 1727 5272 de
1755 5235 1857 5282 me,

269 5310 330 5353 ut
358 5316 421 5356 ea
451 5304 504 5356 in
541 5305 705 5360 corde
737 5313 942 5372 teneas,
968 5316 1025 5362 et
1051 5307 1174 5362 aliis
1202 5306 1484 5377 profutura
1512 5309 1737 5376 pandas.
1765 5310 1859 5365 Vel

271 5392 459 5460 etiam,
484 5395 529 5450 si
565 5396 873 5466 specialiter
897 5399 1013 5454 tunc
1036 5400 1200 5454 verba
1231 5398 1518 5455 referimus
1551 5401 1618 5454 ad
1646 5411 1860 5471 aposto-

270 5479 385 5547 los,
417 5482 619 5538 dicitur
662 5483 769 5541 illis
807 5496 868 5540 ιιι
916 5487 1173 5543 miracula
1217 5489 1418 5543 Christi
1450 5505 1571 5560 qua:
1608 5491 1860 5548 viderunt

273 5575 545 5640 scribant,
578 5587 633 5632 et
671 5577 790 5633 aliis
831 5582 1184 5647 annuntient,
1233 5592 1288 5637 et
1327 5598 1424 5653 per
1451 5584 1566 5639 lucc
1595 5586 1663 5640 ad
1699 5587 1859 5642 tidem

267 5661 478 5721 Christi
505 5665 638 5724 alios
666 5669 918 5736 trahant;
962 5685 1082 5740 quae
1108 5673 1273 5728 etiam
1316 5689 1460 5730 nunc
1488 5676 1705 5747 impleta
1733 5689 1861 5735 sunt

274 5758 330 5814 in
375 5775 483 5826 me,
526 5771 581 5817 et
623 5777 744 5834 quae
791 5773 1006 5834 oportet
1051 5765 1169 5822 ﬁeri
1215 5777 1337 5837 post
1374 5769 1488 5826 huic
1519 5770 1574 5826 in
1603 5773 1862 5830 membris

276 5855 431 5910 meis.
465 5855 618 5923 Quod
647 5865 827 5914 autem
869 5861 1120 5930 superius
1152 5861 1265 5932 jam
1307 5864 1511 5921 dictum
1552 5873 1638 5921 est
1678 5866 1766 5932 ei,
1801 5875 1861 5923 ut

1886 4636 1936 4694 D

1953 2030 2049 2084 per
2079 2023 2282 2084 septem
2321 2014 2524 2078 stellas,
2556 2013 2606 2068 id
2637 2014 2810 2084 ipsum
2842 2013 3179 2084 signiﬁcatur
3205 2024 3260 2070 et
3287 2031 3386 2085 per
3413 2031 3539 2085 sep-

1955 2114 2064 2160 tem
2087 2105 2434 2168 candelabra,
2463 2105 2516 2160 id
2542 2114 2626 2161 est
2645 2107 2822 2161 omnis
2843 2106 3102 2168 Ecclesia,
3131 2106 3212 2162 vel
3233 2107 3545 2178 specialiter

1953 2197 2130 2251 sancti
2154 2197 2400 2251 doctores
2421 2236 2435 2261 ,
2464 2197 2556 2267 qui
2588 2197 2843 2252 nimirum
2871 2206 3019 2252 recte
3045 2213 3143 2266 per
3183 2199 3369 2254 stellas
3395 2199 3544 2254 desi-

1953 2297 2188 2359 gnantur
2215 2298 2271 2344 et
2294 2304 2392 2358 per
2418 2289 2655 2360 angelos,
2684 2289 2809 2359 quia
2833 2300 2888 2344 et
2911 2289 2964 2344 in
2992 2288 3151 2358 hujus
3176 2290 3358 2345 swculi
3384 2298 3545 2346 nocte

1955 2381 2136 2436 lucent
2173 2396 2272 2451 per
2307 2383 2627 2436 munditiam
2670 2383 2796 2437 vitae
2819 2421 2834 2448 ,
2873 2391 2932 2436 et
2959 2382 3078 2437 aliis
3115 2383 3358 2437 coelestia
3389 2381 3546 2436 mini-

1953 2473 2178 2527 strando
2204 2514 2220 2536 ,
2271 2473 2449 2542 angeli
2492 2473 2739 2528 veritatis
2779 2474 3036 2528 existunt.
3095 2472 3302 2539 Quibus
3344 2472 3545 2528 Paulus

1955 2564 2117 2619 dicit:
2139 2562 2206 2618 In
2235 2565 2406 2618 medio
2429 2565 2658 2619 nationis
2686 2581 2860 2635 pravae
2885 2575 2933 2619 et
2957 2581 3228 2635 pervenre,
3258 2565 3395 2619 inter
3413 2581 3544 2636 quos

1955 2657 2138 2711 lucetis
2167 2657 2302 2710 sicut
2324 2657 2611 2711 luminaria
2643 2657 2699 2710 in
2720 2657 3052 2725 ﬁrmamento
3081 2656 3214 2710 rteli.
3246 2655 3359 2712 Hoc
3380 2657 3544 2711 etiam

1957 2749 2232 2803 sciendum
2250 2788 2265 2814 ,
2306 2749 2434 2818 quia
2469 2749 2576 2804 hoc
2603 2757 2689 2804 est
2712 2764 2851 2803 unus
2880 2749 3100 2818 angelus
3123 2749 3268 2818 quod
3312 2757 3542 2824 septem,

1957 2841 2058 2895 hoc
2084 2849 2290 2910 septem
2321 2841 2462 2909 quod
2493 2855 2654 2905 unus,
2698 2840 2824 2911 quia
2867 2840 3013 2909 quod
3055 2840 3146 2895 ιιιιί
3202 2839 3441 2910 loquitur
3477 2838 3547 2900 ad

1956 2947 2146 2987 omnes
2167 2933 2430 3002 pertinet;
2462 2939 2518 2986 et
2547 2933 2676 2986 item
2713 2931 2856 3001 quod
2881 2931 3133 2986 omnibus
3161 2931 3292 2986 dicit
3321 2932 3387 2986 ad
3429 2931 3545 2986 siu-

1956 3024 2111 3094 gulos
2143 3023 2392 3078 refertur.
2427 3023 2581 3090 Quod
2625 3031 2805 3077 autem
2852 3021 2994 3076 idem
3019 3020 3242 3092 angelus
3267 3021 3359 3090 qui
3385 3021 3548 3076 beato

1957 3114 2151 3171 Joanni
2200 3114 2452 3185 apparuit
2499 3113 2745 3184 quaedam
2797 3113 3076 3183 exposuit,
3127 3113 3372 3182 quaedam
3417 3125 3548 3169 vero

1959 3208 2169 3279 signata
2195 3207 2448 3276 reliquit,
2475 3207 2731 3260 nimirum
2758 3205 2960 3260 idcirco
2998 3204 3103 3259 hoc
3139 3205 3267 3275 egit,
3294 3218 3360 3258 ne
3389 3205 3546 3260 nobis

1957 3301 2117 3356 lectio
2147 3300 2290 3355 illius
2320 3300 2606 3355 vilesceret
2633 3338 2647 3363 ,
2690 3306 2747 3352 et
2789 3307 2847 3351 ut
2889 3297 3212 3352 haberemus
3259 3296 3423 3351 etiam
3451 3297 3544 3353 ubi

1957 3406 2178 3447 sensum
2203 3398 2448 3446 nostrum
2475 3389 2774 3445 exercitare
2795 3403 3096 3458 possemus.
3121 3386 3385 3456 Exposuit
3402 3401 3550 3457 quae-

1958 3487 2111 3550 dam,
2140 3485 2266 3555 quia
2306 3483 2351 3537 si
2393 3498 2461 3538 ex
2505 3490 2615 3538 toto
2639 3481 2796 3536 nobis
2826 3479 3041 3535 clausus
3069 3489 3215 3536 esset
3251 3480 3410 3546 liber,
3449 3490 3544 3536 tte-

1958 3579 2112 3633 deret
2151 3591 2251 3632 nos
2276 3590 2398 3630 enm
2427 3574 2626 3644 legere,
2657 3573 2724 3627 ad
2755 3570 2910 3640 cujus
2940 3572 3196 3643 mysteria
3220 3571 3410 3626 intima
3438 3586 3547 3627 non

1958 3683 2241 3739 possemus
2268 3666 2570 3737 pervenire.
2593 3663 2817 3728 lterum,
2835 3663 2880 3716 si
2912 3677 3006 3733 per
3030 3663 3211 3718 omnia
3225 3679 3348 3717 cum
3373 3663 3551 3731 aperi-

1960 3767 2066 3822 ret,
2095 3756 2268 3812 facilis
2295 3757 2451 3812 nobis
2480 3764 2628 3810 esset
2672 3754 2738 3808 ad
2787 3754 3223 3824 intelligendum,
3262 3763 3317 3809 et
3345 3754 3550 3810 idcirco

1959 3847 2122 3900 etiam
2160 3847 2338 3900 minus
2363 3845 2604 3900 studiose
2629 3859 2753 3898 eum
2787 3844 3108 3914 legeremus.
3148 3844 3336 3913 Angeli
3363 3853 3546 3898 autem

1961 3936 2158 4005 quibus
2185 3936 2423 4006 scripsit,
2451 3937 2589 3990 sicut
2621 3934 2675 3988 in
2703 3935 3160 4003 consequentibus
3189 3935 3547 4000 inveniemus,

1962 4043 2068 4082 non
2101 4027 2352 4082 caelestes
2380 4026 2758 4096 intelliguntur
2791 4025 3050 4095 spiritus,
3093 4025 3218 4094 quia
3257 4025 3550 4082 absurdum

1960 4127 2048 4174 est
2103 4117 2328 4173 credere
2377 4117 2581 4221 aliqpid
2621 4131 2742 4172 esse
2789 4117 2843 4171 in
2898 4116 3212 4172 caelestibus
3261 4117 3552 4187 spiritibus

1961 4209 2184 4280 dignum
2215 4209 2655 4280 reprehensione,
2685 4210 2778 4264 sed
2809 4209 2990 4280 potius
3016 4209 3202 4264 ﬁdeles
3231 4210 3284 4264 in
3307 4209 3550 4266 Ecclesia

1961 4302 2353 4367 consistentes,
2393 4303 2459 4357 de
2506 4301 2702 4373 quibus
2730 4303 2994 4372 scriptum
3029 4311 3151 4358 est:
3189 4303 3373 4373 Angeli
3402 4305 3549 4374 pacis

1962 4407 2141 4446 amare
2165 4391 2363 4461 ﬂebunt
2393 4391 2529 4462 (Isa.
2561 4393 2790 4462 xxxiii);
2823 4402 2878 4448 et
2905 4393 3200 4449 Malachias
3225 4411 3242 4448 :
3272 4393 3436 4449 Labia
3464 4412 3552 4451 sa-

1961 4482 2186 4536 cerdotis
2221 4484 2520 4537 custodiunt
2552 4485 2856 4549 scientiam,
2897 4495 2943 4538 et
2978 4484 3141 4555 legem
3179 4486 3447 4556 requirunt
3485 4502 3551 4543 ea:

1961 4589 2050 4628 ore
2074 4575 2189 4645 ejus
2222 4573 2479 4645 (Malach.
2524 4577 2606 4640 n);
2651 4576 2777 4645 quia
2821 4576 3042 4647 angelus
3083 4577 3298 4632 Domini
3343 4579 3552 4635 exerci-

1966 4677 2115 4721 tuum
2142 4676 2245 4722 est.
2277 4667 2789 4724 SanctosEcclesiaa
2815 4669 3066 4726 doctores
3092 4670 3314 4742 angelos
3343 4672 3549 4738 vocari,

1964 4759 2088 4828 quia
2113 4768 2172 4813 ut
2199 4760 2539 4829 praemissum
2562 4769 2664 4825 est,
2689 4759 2858 4816 stellae
2886 4772 2941 4815 ct
2963 4761 3289 4816 candelabra
3310 4763 3365 4817 in
3394 4763 3555 4832 hujus

1963 4851 2144 4906 δωριιιὶ
2191 4859 2351 4906 nocte
2401 4850 2584 4906 lucent
2627 4859 2683 4906 et
2725 4852 2847 4909 aliis
2889 4854 3248 4908 ministrando
3285 4853 3553 4920 cmlcstia,

1963 4941 2138 5012 angeli
2183 4941 2430 4997 veritatis
2475 4942 2738 5008 existunt,
2783 4959 2921 5013 quos
2967 4944 3168 4999 Paulus
3214 4943 3367 5012 dicit,
3415 4945 3559 5002 sicut

1962 5033 2250 5089 luminaria
2299 5035 2354 5090 in
2402 5035 2749 5091 firmamento
2802 5037 2926 5092 caeli
2987 5039 3040 5093 in
3090 5039 3268 5096 medio
3317 5039 3558 5096 nationis

1965 5139 2146 5194 pravtc
2188 5135 2244 5180 et
2288 5141 2597 5196 perversae,
2643 5143 2741 5199 per
2792 5129 3113 5186 munditiam
3158 5132 3387 5188 sincera:
3433 5134 3558 5188 vita:

1966 5219 2164 5274 lucere.
2195 5220 2456 5291 Sequitur
2485 5235 2504 5275 :

2592 5372 2819 5429 CAPUT
2844 5373 2908 5429 ll.

2038 5499 2102 5553 Et
2129 5501 2312 5572 angelo
2352 5499 2547 5573 Ephesi
2591 5503 2843 5560 Ecclesia:
2892 5507 3058 5562 scribe
3083 5521 3102 5558 :
3136 5507 3268 5563 [huc
3303 5511 3428 5564 dicit
3463 5527 3552 5581 qui
3596 5555 3598 5558 τ

1963 5601 2098 5645 tenet
2136 5604 2325 5662 septem
2366 5594 2544 5650 stellas
2586 5598 2641 5650 in
2676 5597 2892 5651 dextera
2935 5615 3064 5661 sua,
3111 5602 3200 5670 qui
3238 5601 3466 5656 antbulnt
3499 5604 3553 5656 in

1965 5683 2138 5738 medio
2159 5694 2348 5754 septem
2377 5688 2811 5742 candelabrorum
2845 5707 3146 5746 aureorum.
3184 5693 3428 5763 Ephesus
3471 5695 3554 5751 in“-

1967 5782 2294 5844 terpretatur
2317 5777 2553 5833 voluntas
2576 5780 2652 5833 vel
2677 5782 2955 5836 consilium
2982 5800 3187 5850 meum;
3209 5787 3350 5854 quod
3373 5798 3427 5842 et
3449 5779 3551 5858 ipsi

1966 5865 2219 5922 Ecclesiae
2246 5869 2499 5925 convenit
2524 5872 2852 5940 specialiter,
2877 5875 2926 5927 in
2957 5887 3060 5945 qua
3088 5887 3202 5932 erat
3237 5879 3338 5933 Dei
3362 5877 3546 5935 voluit-
