  <div class='ocr_page' id='page_1' title='image "/cluster/home/n/w/nwhite01/storage/ocr_20150623/117/hvd.32044015466899/488.png"; bbox 0 0 3974 6482; ppageno 0'>
   <div class='ocr_carea' id='block_1_1' title="bbox 174 438 301 509">
    <p class='ocr_par' dir='ltr' id='par_1_1' title="bbox 174 438 301 509">
     <span class='ocr_line' id='line_1_1' title="bbox 174 438 301 509; baseline 0 0"><span class='ocrx_word' id='word_1_1' title='bbox 174 438 179 443; x_wconf 52' lang='grc'><strong><em>“</em></strong></span> <span class='ocrx_word' id='word_1_2' title='bbox 196 448 301 509; x_wconf 69' lang='lat'><strong>965</strong></span> 
     </span>
    </p>
   </div>
   <div class='ocr_carea' id='block_1_2' title="bbox 1155 424 2677 510">
    <p class='ocr_par' dir='ltr' id='par_1_2' title="bbox 1155 424 2677 510">
     <span class='ocr_line' id='line_1_2' title="bbox 1155 424 2677 510; baseline 0.002 -3"><span class='ocrx_word' id='word_1_3' title='bbox 1155 424 1523 507; x_wconf 74' lang='lat' dir='ltr'><strong>EXPOSiTIO</strong></span> <span class='ocrx_word' id='word_1_4' title='bbox 1561 451 1625 505; x_wconf 77' lang='lat' dir='ltr'><strong>IN</strong></span> <span class='ocrx_word' id='word_1_5' title='bbox 1669 436 2169 507; x_wconf 77' lang='lat' dir='ltr'><strong>APOCALYPSlN.</strong></span> <span class='ocrx_word' id='word_1_6' title='bbox 2208 483 2281 495; x_wconf 74' lang='lat'><strong>——</strong></span> <span class='ocrx_word' id='word_1_7' title='bbox 2316 452 2447 509; x_wconf 80' lang='lat' dir='ltr'><strong>Lm.</strong></span> <span class='ocrx_word' id='word_1_8' title='bbox 2492 452 2533 510; x_wconf 85' lang='grc' dir='ltr'><strong>ι.</strong></span> <span class='ocrx_word' id='word_1_9' title='bbox 2596 444 2607 469; x_wconf 72' lang='grc'><strong>’⁷</strong></span> <span class='ocrx_word' id='word_1_10' title='bbox 2674 444 2677 447; x_wconf 75' lang='lat'>‘</span> 
     </span>
    </p>
   </div>
   <div class='ocr_carea' id='block_1_3' title="bbox 3369 456 3475 518">
    <p class='ocr_par' dir='ltr' id='par_1_3' title="bbox 3369 456 3475 518">
     <span class='ocr_line' id='line_1_3' title="bbox 3369 456 3475 518; baseline 0 0"><span class='ocrx_word' id='word_1_11' title='bbox 3369 456 3475 518; x_wconf 80' lang='lat'><strong>966</strong></span> 
     </span>
    </p>
   </div>
   <div class='ocr_carea' id='block_1_4' title="bbox 196 562 3477 637">
    <p class='ocr_par' dir='ltr' id='par_1_4' title="bbox 196 562 3477 637">
     <span class='ocr_line' id='line_1_4' title="bbox 196 562 3477 637; baseline 0.001 -15"><span class='ocrx_word' id='word_1_12' title='bbox 196 565 290 622; x_wconf 87' lang='lat' dir='ltr'><strong>sed</strong></span> <span class='ocrx_word' id='word_1_13' title='bbox 322 564 412 620; x_wconf 90' lang='lat' dir='ltr'><strong>hic</strong></span> <span class='ocrx_word' id='word_1_14' title='bbox 440 564 670 621; x_wconf 86' lang='lat' dir='ltr'><strong>tentatio</strong></span> <span class='ocrx_word' id='word_1_15' title='bbox 700 564 765 619; x_wconf 88' lang='lat' dir='ltr'><strong>ad</strong></span> <span class='ocrx_word' id='word_1_16' title='bbox 811 565 1193 635; x_wconf 81' lang='lat' dir='ltr'><strong>probationem</strong></span> <span class='ocrx_word' id='word_1_17' title='bbox 1228 566 1496 635; x_wconf 89' lang='lat' dir='ltr'><strong>pertinet,</strong></span> <span class='ocrx_word' id='word_1_18' title='bbox 1545 563 1686 620; x_wconf 91' lang='lat' dir='ltr'><strong>sicut</strong></span> <span class='ocrx_word' id='word_1_19' title='bbox 1733 571 1788 618; x_wconf 90' lang='lat' dir='ltr'><strong>et</strong></span> <span class='ocrx_word' id='word_1_20' title='bbox 1817 570 1861 626; x_wconf 75' lang='grc' dir='ltr'><strong>Α</strong></span> <span class='ocrx_word' id='word_1_21' title='bbox 1892 572 2089 631; x_wconf 87' lang='lat' dir='ltr'><strong>motus,</strong></span> <span class='ocrx_word' id='word_1_22' title='bbox 2128 565 2254 636; x_wconf 98' lang='lat' dir='ltr'><strong>quia</strong></span> <span class='ocrx_word' id='word_1_23' title='bbox 2295 580 2633 637; x_wconf 80' lang='lat' dir='ltr'><strong>nequaquam</strong></span> <span class='ocrx_word' id='word_1_24' title='bbox 2679 565 2904 621; x_wconf 89' lang='lat' dir='ltr'><strong>minoris</strong></span> <span class='ocrx_word' id='word_1_25' title='bbox 2950 566 3255 624; x_wconf 90' lang='lat' dir='ltr'><strong>sanctitatis</strong></span> <span class='ocrx_word' id='word_1_26' title='bbox 3292 562 3477 626; x_wconf 83' lang='lat' dir='ltr'><strong>locum</strong></span> 
     </span>
    </p>
   </div>
   <div class='ocr_carea' id='block_1_5' title="bbox 198 655 3536 731">
    <p class='ocr_par' dir='ltr' id='par_1_5' title="bbox 198 655 3536 731">
     <span class='ocr_line' id='line_1_5' title="bbox 198 655 3536 731; baseline 0.001 -19"><span class='ocrx_word' id='word_1_27' title='bbox 198 659 270 713; x_wconf 95' lang='lat' dir='ltr'><strong>ibi</strong></span> <span class='ocrx_word' id='word_1_28' title='bbox 302 675 315 711; x_wconf 89' lang='lat'><strong>:</strong></span> <span class='ocrx_word' id='word_1_29' title='bbox 347 655 531 711; x_wconf 79' lang='lat' dir='ltr'><strong>Tentat</strong></span> <span class='ocrx_word' id='word_1_30' title='bbox 564 672 656 712; x_wconf 82' lang='lat' dir='ltr'><strong>nos</strong></span> <span class='ocrx_word' id='word_1_31' title='bbox 684 656 866 711; x_wconf 81' lang='lat' dir='ltr'><strong>diebus</strong></span> <span class='ocrx_word' id='word_1_32' title='bbox 896 658 1070 712; x_wconf 83' lang='lat' dir='ltr'><strong>decem</strong></span> <span class='ocrx_word' id='word_1_33' title='bbox 1098 656 1260 728; x_wconf 84' lang='lat' dir='ltr'><strong>(Dan.</strong></span> <span class='ocrx_word' id='word_1_34' title='bbox 1294 658 1355 727; x_wconf 81' lang='lat' dir='ltr'><strong>i)’.</strong></span> <span class='ocrx_word' id='word_1_35' title='bbox 1390 655 1482 712; x_wconf 89' lang='lat' dir='ltr'><strong>Sic</strong></span> <span class='ocrx_word' id='word_1_36' title='bbox 1511 665 1567 711; x_wconf 89' lang='lat' dir='ltr'><strong>et</strong></span> <span class='ocrx_word' id='word_1_37' title='bbox 1595 663 1782 712; x_wconf 86' lang='lat' dir='ltr'><strong>sancta</strong></span> <span class='ocrx_word' id='word_1_38' title='bbox 1887 657 2142 722; x_wconf 91' lang='lat' dir='ltr'><strong>habebit,</strong></span> <span class='ocrx_word' id='word_1_39' title='bbox 2188 658 2233 713; x_wconf 91' lang='lat' dir='ltr'><strong>si</strong></span> <span class='ocrx_word' id='word_1_40' title='bbox 2277 660 2573 728; x_wconf 78' lang='lat' dir='ltr'><strong>perfectam</strong></span> <span class='ocrx_word' id='word_1_41' title='bbox 2615 658 2989 730; x_wconf 79' lang='lat' dir='ltr'><strong>ptenitentiam</strong></span> <span class='ocrx_word' id='word_1_42' title='bbox 3031 661 3221 731; x_wconf 85' lang='lat' dir='ltr'><strong>egerit.</strong></span> <span class='ocrx_word' id='word_1_43' title='bbox 3255 660 3480 717; x_wconf 77' lang='lat' dir='ltr'><strong>Dicatur</strong></span> <span class='ocrx_word' id='word_1_44' title='bbox 3519 656 3536 683; x_wconf 84' lang='lat'><strong><em>’</em></strong></span> 
     </span>
    </p>
   </div>
   <div class='ocr_carea' id='block_1_6' title="bbox 197 747 1784 819">
    <p class='ocr_par' dir='ltr' id='par_1_6' title="bbox 197 747 1784 819">
     <span class='ocr_line' id='line_1_6' title="bbox 197 747 1784 819; baseline -0.003 -13"><span class='ocrx_word' id='word_1_45' title='bbox 197 749 441 806; x_wconf 80' lang='lat' dir='ltr'><strong>Ecclesia</strong></span> <span class='ocrx_word' id='word_1_46' title='bbox 477 748 717 819; x_wconf 82' lang='lat' dir='ltr'><strong>quotidie</strong></span> <span class='ocrx_word' id='word_1_47' title='bbox 756 757 924 803; x_wconf 88' lang='lat' dir='ltr'><strong>tentat</strong></span> <span class='ocrx_word' id='word_1_48' title='bbox 944 790 958 815; x_wconf 91' lang='lat'><strong>,</strong></span> <span class='ocrx_word' id='word_1_49' title='bbox 992 749 1043 804; x_wconf 89' lang='lat' dir='ltr'><strong>id</strong></span> <span class='ocrx_word' id='word_1_50' title='bbox 1072 756 1157 805; x_wconf 86' lang='lat' dir='ltr'><strong>est</strong></span> <span class='ocrx_word' id='word_1_51' title='bbox 1180 748 1373 819; x_wconf 86' lang='lat' dir='ltr'><strong>probat</strong></span> <span class='ocrx_word' id='word_1_52' title='bbox 1402 748 1565 803; x_wconf 88' lang='lat' dir='ltr'><strong>corda</strong></span> <span class='ocrx_word' id='word_1_53' title='bbox 1597 747 1784 817; x_wconf 82' lang='lat' dir='ltr'><strong>singu-</strong></span> 
     </span>
    </p>
   </div>
   <div class='ocr_carea' id='block_1_7' title="bbox 200 839 1786 912">
    <p class='ocr_par' dir='ltr' id='par_1_7' title="bbox 200 839 1786 912">
     <span class='ocr_line' id='line_1_7' title="bbox 200 839 1786 912; baseline -0.001 -17"><span class='ocrx_word' id='word_1_54' title='bbox 200 841 377 898; x_wconf 89' lang='lat' dir='ltr'><strong>lorum</strong></span> <span class='ocrx_word' id='word_1_55' title='bbox 397 882 413 908; x_wconf 93' lang='lat'><strong>,</strong></span> <span class='ocrx_word' id='word_1_56' title='bbox 442 849 504 896; x_wconf 92' lang='lat' dir='ltr'><strong>ut</strong></span> <span class='ocrx_word' id='word_1_57' title='bbox 530 840 623 912; x_wconf 89' lang='lat' dir='ltr'><strong>qui</strong></span> <span class='ocrx_word' id='word_1_58' title='bbox 651 841 809 895; x_wconf 87' lang='lat' dir='ltr'><strong>ﬁdem</strong></span> <span class='ocrx_word' id='word_1_59' title='bbox 840 851 1043 896; x_wconf 89' lang='lat' dir='ltr'><strong>rectam</strong></span> <span class='ocrx_word' id='word_1_60' title='bbox 1076 855 1183 896; x_wconf 91' lang='lat' dir='ltr'><strong>non</strong></span> <span class='ocrx_word' id='word_1_61' title='bbox 1216 847 1426 904; x_wconf 87' lang='lat' dir='ltr'><strong>tenent,</strong></span> <span class='ocrx_word' id='word_1_62' title='bbox 1473 847 1566 893; x_wconf 90' lang='lat' dir='ltr'><strong>aut</strong></span> <span class='ocrx_word' id='word_1_63' title='bbox 1611 839 1786 894; x_wconf 87' lang='lat' dir='ltr'><strong>corri-</strong></span> 
     </span>
    </p>
   </div>
   <div class='ocr_carea' id='block_1_8' title="bbox 201 928 1790 1005">
    <p class='ocr_par' dir='ltr' id='par_1_8' title="bbox 201 928 1790 1005">
     <span class='ocr_line' id='line_1_8' title="bbox 201 928 1790 1005; baseline -0.002 -19"><span class='ocrx_word' id='word_1_64' title='bbox 201 940 418 1005; x_wconf 77' lang='lat' dir='ltr'><strong>gantur,</strong></span> <span class='ocrx_word' id='word_1_65' title='bbox 458 940 552 986; x_wconf 91' lang='lat' dir='ltr'><strong>aut</strong></span> <span class='ocrx_word' id='word_1_66' title='bbox 595 933 663 987; x_wconf 90' lang='lat' dir='ltr'><strong>ab</strong></span> <span class='ocrx_word' id='word_1_67' title='bbox 701 931 955 987; x_wconf 79' lang='lat' dir='ltr'><strong>Ecclesize</strong></span> <span class='ocrx_word' id='word_1_68' title='bbox 1004 929 1262 985; x_wconf 89' lang='lat' dir='ltr'><strong>societate</strong></span> <span class='ocrx_word' id='word_1_69' title='bbox 1304 929 1607 999; x_wconf 89' lang='lat' dir='ltr'><strong>pellantur,</strong></span> <span class='ocrx_word' id='word_1_70' title='bbox 1649 928 1790 984; x_wconf 85' lang='lat' dir='ltr'><strong>sicut</strong></span> 
     </span>
    </p>
   </div>
   <div class='ocr_carea' id='block_1_9' title="bbox 204 1020 1789 1094">
    <p class='ocr_par' dir='ltr' id='par_1_9' title="bbox 204 1020 1789 1094">
     <span class='ocr_line' id='line_1_9' title="bbox 204 1020 1789 1094; baseline -0.002 -15"><span class='ocrx_word' id='word_1_71' title='bbox 204 1024 365 1094; x_wconf 82' lang='lat' dir='ltr'><strong>ejecti</strong></span> <span class='ocrx_word' id='word_1_72' title='bbox 397 1031 526 1079; x_wconf 89' lang='lat' dir='ltr'><strong>sunt</strong></span> <span class='ocrx_word' id='word_1_73' title='bbox 562 1023 823 1078; x_wconf 82' lang='lat' dir='ltr'><strong>haeretici.</strong></span> <span class='ocrx_word' id='word_1_74' title='bbox 862 1022 952 1077; x_wconf 90' lang='lat' dir='ltr'><strong>isti</strong></span> <span class='ocrx_word' id='word_1_75' title='bbox 983 1022 1159 1087; x_wconf 91' lang='lat' dir='ltr'><strong>enim,</strong></span> <span class='ocrx_word' id='word_1_76' title='bbox 1188 1021 1241 1077; x_wconf 90' lang='lat' dir='ltr'><strong>id</strong></span> <span class='ocrx_word' id='word_1_77' title='bbox 1269 1029 1352 1076; x_wconf 90' lang='lat' dir='ltr'><strong>est</strong></span> <span class='ocrx_word' id='word_1_78' title='bbox 1387 1020 1556 1076; x_wconf 86' lang='lat' dir='ltr'><strong>Ebion</strong></span> <span class='ocrx_word' id='word_1_79' title='bbox 1586 1027 1644 1077; x_wconf 86' lang='lat' dir='ltr'><strong>et</strong></span> <span class='ocrx_word' id='word_1_80' title='bbox 1680 1034 1789 1076; x_wconf 76' lang='lat' dir='ltr'><strong>ca:-</strong></span> 
     </span>
    </p>
   </div>
   <div class='ocr_carea' id='block_1_10' title="bbox 205 1109 1789 1183">
    <p class='ocr_par' dir='ltr' id='par_1_10' title="bbox 205 1109 1789 1183">
     <span class='ocr_line' id='line_1_10' title="bbox 205 1109 1789 1183; baseline -0.002 -16"><span class='ocrx_word' id='word_1_81' title='bbox 205 1113 345 1179; x_wconf 85' lang='lat' dir='ltr'><strong>teri,</strong></span> <span class='ocrx_word' id='word_1_82' title='bbox 376 1121 666 1183; x_wconf 86' lang='lat' dir='ltr'><strong>antequam</strong></span> <span class='ocrx_word' id='word_1_83' title='bbox 712 1113 1184 1176; x_wconf 81' lang='lat' dir='ltr'><strong>esaminarentur,</strong></span> <span class='ocrx_word' id='word_1_84' title='bbox 1228 1109 1424 1166; x_wconf 89' lang='lat' dir='ltr'><strong>occulti</strong></span> <span class='ocrx_word' id='word_1_85' title='bbox 1475 1116 1662 1177; x_wconf 85' lang='lat' dir='ltr'><strong>erant,</strong></span> <span class='ocrx_word' id='word_1_86' title='bbox 1697 1110 1789 1165; x_wconf 89' lang='lat' dir='ltr'><strong>sed</strong></span> 
     </span>
    </p>
   </div>
   <div class='ocr_carea' id='block_1_11' title="bbox 204 1200 1791 1275">
    <p class='ocr_par' dir='ltr' id='par_1_11' title="bbox 204 1200 1791 1275">
     <span class='ocr_line' id='line_1_11' title="bbox 204 1200 1791 1275; baseline -0.003 -15"><span class='ocrx_word' id='word_1_87' title='bbox 204 1203 420 1275; x_wconf 80' lang='lat' dir='ltr'><strong>probati</strong></span> <span class='ocrx_word' id='word_1_88' title='bbox 461 1212 587 1259; x_wconf 88' lang='lat' dir='ltr'><strong>sunt</strong></span> <span class='ocrx_word' id='word_1_89' title='bbox 631 1211 742 1257; x_wconf 91' lang='lat' dir='ltr'><strong>tam</strong></span> <span class='ocrx_word' id='word_1_90' title='bbox 773 1218 803 1257; x_wconf 93' lang='lat' dir='ltr'><strong>a</strong></span> <span class='ocrx_word' id='word_1_91' title='bbox 846 1203 1007 1259; x_wconf 86' lang='lat' dir='ltr'><strong>beato</strong></span> <span class='ocrx_word' id='word_1_92' title='bbox 1049 1201 1256 1257; x_wconf 84' lang='lat' dir='ltr'><strong>Joanne</strong></span> <span class='ocrx_word' id='word_1_93' title='bbox 1298 1215 1459 1270; x_wconf 90' lang='lat' dir='ltr'><strong>quam</strong></span> <span class='ocrx_word' id='word_1_94' title='bbox 1490 1200 1571 1255; x_wconf 88' lang='lat' dir='ltr'><strong>ab-</strong></span> <span class='ocrx_word' id='word_1_95' title='bbox 1601 1200 1791 1272; x_wconf 78' lang='lat' dir='ltr'><strong>angelo</strong></span> 
     </span>
    </p>
   </div>
   <div class='ocr_carea' id='block_1_12' title="bbox 178 1293 1792 1366">
    <p class='ocr_par' dir='ltr' id='par_1_12' title="bbox 178 1293 1792 1366">
     <span class='ocr_line' id='line_1_12' title="bbox 178 1293 1792 1366; baseline -0.004 -12"><span class='ocrx_word' id='word_1_96' title='bbox 178 1296 354 1354; x_wconf 79' lang='lat' dir='ltr'><strong>&#39;illius</strong></span> <span class='ocrx_word' id='word_1_97' title='bbox 384 1297 661 1353; x_wconf 60' lang='lat' dir='ltr'><strong>Ecclesiae.</strong></span> <span class='ocrx_word' id='word_1_98' title='bbox 714 1296 782 1351; x_wconf 86' lang='lat' dir='ltr'><strong>Et</strong></span> <span class='ocrx_word' id='word_1_99' title='bbox 825 1296 951 1366; x_wconf 86' lang='lat' dir='ltr'><strong>quia</strong></span> <span class='ocrx_word' id='word_1_100' title='bbox 997 1295 1243 1366; x_wconf 78' lang='lat' dir='ltr'><strong>perversi</strong></span> <span class='ocrx_word' id='word_1_101' title='bbox 1294 1294 1548 1351; x_wconf 88' lang='lat' dir='ltr'><strong>doctores</strong></span> <span class='ocrx_word' id='word_1_102' title='bbox 1592 1293 1792 1364; x_wconf 84' lang='lat' dir='ltr'><strong>reperti</strong></span> 
     </span>
    </p>
   </div>
   <div class='ocr_carea' id='block_1_13' title="bbox 178 1386 1794 1456">
    <p class='ocr_par' dir='ltr' id='par_1_13' title="bbox 178 1386 1794 1456">
     <span class='ocr_line' id='line_1_13' title="bbox 178 1386 1794 1456; baseline -0.002 -12"><span class='ocrx_word' id='word_1_103' title='bbox 178 1392 183 1397; x_wconf 70' lang='grc'><strong><em>⁷</em></strong></span> <span class='ocrx_word' id='word_1_104' title='bbox 207 1398 359 1455; x_wconf 81' lang='lat' dir='ltr'><strong>sunt,</strong></span> <span class='ocrx_word' id='word_1_105' title='bbox 391 1388 628 1444; x_wconf 83' lang='lat' dir='ltr'><strong>damnati</strong></span> <span class='ocrx_word' id='word_1_106' title='bbox 656 1388 756 1444; x_wconf 85' lang='lat' dir='ltr'><strong>sub</strong></span> <span class='ocrx_word' id='word_1_107' title='bbox 782 1389 1146 1452; x_wconf 82' lang='lat' dir='ltr'><strong>anathemate,</strong></span> <span class='ocrx_word' id='word_1_108' title='bbox 1169 1386 1327 1456; x_wconf 88' lang='lat' dir='ltr'><strong>ejecti</strong></span> <span class='ocrx_word' id='word_1_109' title='bbox 1358 1396 1485 1442; x_wconf 90' lang='lat' dir='ltr'><strong>sunt</strong></span> <span class='ocrx_word' id='word_1_110' title='bbox 1506 1386 1794 1442; x_wconf 38' lang='lat' dir='ltr'><strong>&#39;ab&#39;Eccl&#39;e-</strong></span> 
     </span>
    </p>
   </div>
   <div class='ocr_carea' id='block_1_14' title="bbox 142 1477 1792 1542">
    <p class='ocr_par' dir='ltr' id='par_1_14' title="bbox 142 1477 1792 1542">
     <span class='ocr_line' id='line_1_14' title="bbox 142 1477 1792 1542; baseline -0.004 -6"><span class='ocrx_word' id='word_1_111' title='bbox 142 1516 145 1521; x_wconf 96' lang='lat'><strong><em>-</em></strong></span> <span class='ocrx_word' id='word_1_112' title='bbox 178 1482 185 1495; x_wconf 91' lang='lat'><strong><em>&#39;</em></strong></span> <span class='ocrx_word' id='word_1_113' title='bbox 209 1481 309 1536; x_wconf 85' lang='lat' dir='ltr'><strong>sia.</strong></span> <span class='ocrx_word' id='word_1_114' title='bbox 339 1477 602 1535; x_wconf 85' lang='lat' dir='ltr'><strong>Similiter</strong></span> <span class='ocrx_word' id='word_1_115' title='bbox 627 1478 914 1542; x_wconf 88' lang='lat' dir='ltr'><strong>Sabellius,</strong></span> <span class='ocrx_word' id='word_1_116' title='bbox 939 1478 1222 1542; x_wconf 85' lang='lat' dir='ltr'><strong>Photinus,</strong></span> <span class='ocrx_word' id='word_1_117' title='bbox 1248 1486 1303 1533; x_wconf 90' lang='lat' dir='ltr'><strong>et</strong></span> <span class='ocrx_word' id='word_1_118' title='bbox 1327 1477 1509 1531; x_wconf 65' lang='lat' dir='ltr'><strong>cartm&#39;i</strong></span> <span class='ocrx_word' id='word_1_119' title='bbox 1531 1477 1792 1541; x_wconf 88' lang='lat' dir='ltr'><strong>latrones,</strong></span> 
     </span>
    </p>
   </div>
   <div class='ocr_carea' id='block_1_15' title="bbox 178 1568 1793 1643">
    <p class='ocr_par' dir='ltr' id='par_1_15' title="bbox 178 1568 1793 1643">
     <span class='ocr_line' id='line_1_15' title="bbox 178 1568 1793 1643; baseline -0.002 -16"><span class='ocrx_word' id='word_1_120' title='bbox 178 1573 305 1643; x_wconf 83' lang='lat' dir='ltr'><strong>&#39;qui</strong></span> <span class='ocrx_word' id='word_1_121' title='bbox 344 1586 450 1626; x_wconf 89' lang='lat' dir='ltr'><strong>non</strong></span> <span class='ocrx_word' id='word_1_122' title='bbox 489 1586 588 1641; x_wconf 91' lang='lat' dir='ltr'><strong>per</strong></span> <span class='ocrx_word' id='word_1_123' title='bbox 616 1571 816 1627; x_wconf 89' lang='lat' dir='ltr'><strong>ostium</strong></span> <span class='ocrx_word' id='word_1_124' title='bbox 857 1570 998 1626; x_wconf 90' lang='lat' dir='ltr'><strong>intra</strong></span> <span class='ocrx_word' id='word_1_125' title='bbox 1037 1571 1213 1626; x_wconf 89' lang='lat' dir='ltr'><strong>sinum</strong></span> <span class='ocrx_word' id='word_1_126' title='bbox 1253 1568 1508 1625; x_wconf 81' lang='lat' dir='ltr'><strong>Ecclesiae</strong></span> <span class='ocrx_word' id='word_1_127' title='bbox 1556 1570 1793 1624; x_wconf 88' lang='lat' dir='ltr'><strong>intrave—</strong></span> 
     </span>
    </p>
   </div>
   <div class='ocr_carea' id='block_1_16' title="bbox 208 1653 1799 1736">
    <p class='ocr_par' dir='ltr' id='par_1_16' title="bbox 208 1653 1799 1736">
     <span class='ocr_line' id='line_1_16' title="bbox 208 1653 1799 1736; baseline -0.002 -15"><span class='ocrx_word' id='word_1_128' title='bbox 208 1673 357 1733; x_wconf 82' lang='lat' dir='ltr'><strong>rant,</strong></span> <span class='ocrx_word' id='word_1_129' title='bbox 385 1665 627 1722; x_wconf 72' lang='lat' dir='ltr'><strong>latebant</strong></span> <span class='ocrx_word' id='word_1_130' title='bbox 663 1679 943 1736; x_wconf 82' lang='lat' dir='ltr'><strong>quousque</strong></span> <span class='ocrx_word' id='word_1_131' title='bbox 970 1664 1038 1721; x_wconf 82' lang='lat' dir='ltr'><strong>ab</strong></span> <span class='ocrx_word' id='word_1_132' title='bbox 1062 1653 1317 1721; x_wconf 44' lang='lat' dir='ltr'><strong>Ecclesiae</strong></span> <span class='ocrx_word' id='word_1_133' title='bbox 1342 1662 1651 1736; x_wconf 85' lang='lat' dir='ltr'><strong>pastoribus</strong></span> <span class='ocrx_word' id='word_1_134' title='bbox 1672 1677 1799 1734; x_wconf 83' lang='lat' dir='ltr'><strong>pro-</strong></span> 
     </span>
    </p>
   </div>
   <div class='ocr_carea' id='block_1_17' title="bbox 178 1755 491 1811">
    <p class='ocr_par' dir='ltr' id='par_1_17' title="bbox 178 1755 491 1811">
     <span class='ocr_line' id='line_1_17' title="bbox 178 1755 491 1811; baseline -0.003 0"><span class='ocrx_word' id='word_1_135' title='bbox 178 1772 187 1777; x_wconf 92' lang='grc'><strong>·</strong></span> <span class='ocrx_word' id='word_1_136' title='bbox 208 1755 491 1811; x_wconf 83' lang='lat' dir='ltr'><strong>barentur.</strong></span> 
     </span>
    </p>
   </div>
   <div class='ocr_carea' id='block_1_18' title="bbox 285 1842 1795 1915">
    <p class='ocr_par' dir='ltr' id='par_1_18' title="bbox 285 1842 1795 1915">
     <span class='ocr_line' id='line_1_18' title="bbox 285 1842 1795 1915; baseline -0.002 -15"><span class='ocrx_word' id='word_1_137' title='bbox 285 1846 354 1900; x_wconf 84' lang='lat' dir='ltr'><strong>Et</strong></span> <span class='ocrx_word' id='word_1_138' title='bbox 399 1845 705 1915; x_wconf 77' lang='lat' dir='ltr'><strong>patientiam</strong></span> <span class='ocrx_word' id='word_1_139' title='bbox 744 1845 901 1900; x_wconf 82' lang='lat' dir='ltr'><strong>habes</strong></span> <span class='ocrx_word' id='word_1_140' title='bbox 949 1844 1225 1902; x_wconf 88' lang='lat' dir='ltr'><strong>tolerando</strong></span> <span class='ocrx_word' id='word_1_141' title='bbox 1268 1842 1538 1914; x_wconf 86' lang='lat' dir='ltr'><strong>patienter</strong></span> <span class='ocrx_word' id='word_1_142' title='bbox 1582 1842 1795 1898; x_wconf 86' lang='lat' dir='ltr'><strong>illorum</strong></span> 
     </span>
    </p>
   </div>
   <div class='ocr_carea' id='block_1_19' title="bbox 1889 748 3478 818">
    <p class='ocr_par' dir='ltr' id='par_1_19' title="bbox 1889 748 3478 818">
     <span class='ocr_line' id='line_1_19' title="bbox 1889 748 3478 818; baseline 0.003 -16"><span class='ocrx_word' id='word_1_143' title='bbox 1889 748 2075 818; x_wconf 84' lang='lat' dir='ltr'><strong>itaque</strong></span> <span class='ocrx_word' id='word_1_144' title='bbox 2102 748 2461 817; x_wconf 78' lang='lat' dir='ltr'><strong>impmnitenti</strong></span> <span class='ocrx_word' id='word_1_145' title='bbox 2493 758 2546 804; x_wconf 89' lang='lat' dir='ltr'><strong>et</strong></span> <span class='ocrx_word' id='word_1_146' title='bbox 2573 750 2640 804; x_wconf 90' lang='lat' dir='ltr'><strong>ad</strong></span> <span class='ocrx_word' id='word_1_147' title='bbox 2683 749 2850 803; x_wconf 82' lang='lat' dir='ltr'><strong>Deum</strong></span> <span class='ocrx_word' id='word_1_148' title='bbox 2882 750 3060 804; x_wconf 89' lang='lat' dir='ltr'><strong>redire</strong></span> <span class='ocrx_word' id='word_1_149' title='bbox 3088 750 3330 805; x_wconf 74' lang='lat' dir='ltr'><strong>nolenti:</strong></span> <span class='ocrx_word' id='word_1_150' title='bbox 3363 751 3478 807; x_wconf 78' lang='lat' dir='ltr'><strong>Mo-</strong></span> 
     </span>
    </p>
   </div>
   <div class='ocr_carea' id='block_1_20' title="bbox 1887 837 3479 911">
    <p class='ocr_par' dir='ltr' id='par_1_20' title="bbox 1887 837 3479 911">
     <span class='ocr_line' id='line_1_20' title="bbox 1887 837 3479 911; baseline 0.004 -20"><span class='ocrx_word' id='word_1_151' title='bbox 1887 838 2027 892; x_wconf 73' lang='lat' dir='ltr'><strong>velio</strong></span> <span class='ocrx_word' id='word_1_152' title='bbox 2069 837 2456 893; x_wconf 87' lang='lat' dir='ltr'><strong>candelabrum</strong></span> <span class='ocrx_word' id='word_1_153' title='bbox 2494 848 2645 893; x_wconf 89' lang='lat' dir='ltr'><strong>tuum</strong></span> <span class='ocrx_word' id='word_1_154' title='bbox 2691 842 2756 895; x_wconf 91' lang='lat' dir='ltr'><strong>de</strong></span> <span class='ocrx_word' id='word_1_155' title='bbox 2785 840 2903 895; x_wconf 84' lang='lat' dir='ltr'><strong>loco</strong></span> <span class='ocrx_word' id='word_1_156' title='bbox 2946 855 3044 895; x_wconf 90' lang='lat' dir='ltr'><strong>suo</strong></span> <span class='ocrx_word' id='word_1_157' title='bbox 3073 842 3175 895; x_wconf 90' lang='lat' dir='ltr'><strong>nisi</strong></span> <span class='ocrx_word' id='word_1_158' title='bbox 3211 843 3479 911; x_wconf 75' lang='lat' dir='ltr'><strong>poeniten-</strong></span> 
     </span>
    </p>
   </div>
   <div class='ocr_carea' id='block_1_21' title="bbox 1890 928 3481 1005">
    <p class='ocr_par' dir='ltr' id='par_1_21' title="bbox 1890 928 3481 1005">
     <span class='ocr_line' id='line_1_21' title="bbox 1890 928 3481 1005; baseline 0.006 -24"><span class='ocrx_word' id='word_1_159' title='bbox 1890 929 2020 982; x_wconf 89' lang='lat' dir='ltr'><strong>tiam</strong></span> <span class='ocrx_word' id='word_1_160' title='bbox 2052 928 2262 997; x_wconf 88' lang='lat' dir='ltr'><strong>egeris,</strong></span> <span class='ocrx_word' id='word_1_161' title='bbox 2296 943 2359 983; x_wconf 88' lang='lat' dir='ltr'><strong>ac</strong></span> <span class='ocrx_word' id='word_1_162' title='bbox 2383 928 2427 982; x_wconf 80' lang='lat' dir='ltr'><strong>si</strong></span> <span class='ocrx_word' id='word_1_163' title='bbox 2461 929 2770 985; x_wconf 80' lang='lat' dir='ltr'><strong>diceretur:</strong></span> <span class='ocrx_word' id='word_1_164' title='bbox 2807 931 2996 987; x_wconf 85' lang='lat' dir='ltr'><strong>Munus</strong></span> <span class='ocrx_word' id='word_1_165' title='bbox 3024 934 3327 990; x_wconf 83' lang='lat' dir='ltr'><strong>sanctitatis</strong></span> <span class='ocrx_word' id='word_1_166' title='bbox 3357 944 3481 1005; x_wconf 89' lang='lat' dir='ltr'><strong>post</strong></span> 
     </span>
    </p>
   </div>
   <div class='ocr_carea' id='block_1_22' title="bbox 1890 1016 3475 1094">
    <p class='ocr_par' dir='ltr' id='par_1_22' title="bbox 1890 1016 3475 1094">
     <span class='ocr_line' id='line_1_22' title="bbox 1890 1016 3475 1094; baseline 0.006 -23"><span class='ocrx_word' id='word_1_167' title='bbox 1890 1018 2096 1087; x_wconf 89' lang='lat' dir='ltr'><strong>lapsum</strong></span> <span class='ocrx_word' id='word_1_168' title='bbox 2118 1018 2406 1075; x_wconf 89' lang='lat' dir='ltr'><strong>criminum</strong></span> <span class='ocrx_word' id='word_1_169' title='bbox 2433 1033 2463 1072; x_wconf 90' lang='lat' dir='ltr'><strong>a</strong></span> <span class='ocrx_word' id='word_1_170' title='bbox 2493 1034 2578 1073; x_wconf 92' lang='lat' dir='ltr'><strong>me</strong></span> <span class='ocrx_word' id='word_1_171' title='bbox 2604 1035 2941 1091; x_wconf 87' lang='lat' dir='ltr'><strong>nequaquam</strong></span> <span class='ocrx_word' id='word_1_172' title='bbox 2966 1023 3217 1094; x_wconf 88' lang='lat' dir='ltr'><strong>recipies,</strong></span> <span class='ocrx_word' id='word_1_173' title='bbox 3249 1016 3357 1082; x_wconf 81' lang='lat' dir='ltr'><strong>nisi</strong></span> <span class='ocrx_word' id='word_1_174' title='bbox 3378 1040 3475 1081; x_wconf 85' lang='lat' dir='ltr'><strong>cor</strong></span> 
     </span>
    </p>
   </div>
   <div class='ocr_carea' id='block_1_23' title="bbox 1891 1111 3039 1183">
    <p class='ocr_par' dir='ltr' id='par_1_23' title="bbox 1891 1111 3039 1183">
     <span class='ocr_line' id='line_1_23' title="bbox 1891 1111 3039 1183; baseline -0.001 -15"><span class='ocrx_word' id='word_1_175' title='bbox 1891 1115 1957 1168; x_wconf 83' lang='lat' dir='ltr'><strong>ad</strong></span> <span class='ocrx_word' id='word_1_176' title='bbox 1983 1112 2354 1183; x_wconf 64' lang='lat' dir='ltr'><strong>paenitentiam</strong></span> <span class='ocrx_word' id='word_1_177' title='bbox 2384 1111 2629 1167; x_wconf 88' lang='lat' dir='ltr'><strong>emollire</strong></span> <span class='ocrx_word' id='word_1_178' title='bbox 2661 1115 2956 1170; x_wconf 74' lang='lat' dir='ltr'><strong>curaveris.</strong></span> <span class='ocrx_word' id='word_1_179' title='bbox 3034 1130 3039 1133; x_wconf 86' lang='grc'><strong>·</strong></span> 
     </span>
    </p>
   </div>
   <div class='ocr_carea' id='block_1_24' title="bbox 1963 1207 3478 1281">
    <p class='ocr_par' dir='ltr' id='par_1_24' title="bbox 1963 1207 3478 1281">
     <span class='ocr_line' id='line_1_24' title="bbox 1963 1207 3478 1281; baseline 0.003 -18"><span class='ocrx_word' id='word_1_180' title='bbox 1963 1208 2067 1264; x_wconf 84' lang='lat' dir='ltr'><strong>Sed</strong></span> <span class='ocrx_word' id='word_1_181' title='bbox 2106 1208 2203 1262; x_wconf 84' lang='lat' dir='ltr'><strong>hoc</strong></span> <span class='ocrx_word' id='word_1_182' title='bbox 2243 1207 2422 1274; x_wconf 82' lang='lat' dir='ltr'><strong>habes,</strong></span> <span class='ocrx_word' id='word_1_183' title='bbox 2466 1208 2665 1262; x_wconf 84' lang='lat' dir='ltr'><strong>bonum</strong></span> <span class='ocrx_word' id='word_1_184' title='bbox 2695 1210 2969 1274; x_wconf 85' lang='lat' dir='ltr'><strong>subaudis,</strong></span> <span class='ocrx_word' id='word_1_185' title='bbox 2997 1212 3120 1280; x_wconf 86' lang='lat' dir='ltr'><strong>quia</strong></span> <span class='ocrx_word' id='word_1_186' title='bbox 3150 1212 3307 1266; x_wconf 86' lang='lat' dir='ltr'><strong>odisti</strong></span> <span class='ocrx_word' id='word_1_187' title='bbox 3335 1211 3478 1281; x_wconf 78' lang='lat' dir='ltr'><strong>facta</strong></span> 
     </span>
    </p>
   </div>
   <div class='ocr_carea' id='block_1_25' title="bbox 1895 1297 3480 1369">
    <p class='ocr_par' dir='ltr' id='par_1_25' title="bbox 1895 1297 3480 1369">
     <span class='ocr_line' id='line_1_25' title="bbox 1895 1297 3480 1369; baseline 0.003 -15"><span class='ocrx_word' id='word_1_188' title='bbox 1895 1297 2320 1363; x_wconf 85' lang='lat' dir='ltr'><strong>Nicolaitarum,</strong></span> <span class='ocrx_word' id='word_1_189' title='bbox 2347 1314 2465 1369; x_wconf 79' lang='lat' dir='ltr'><strong>qua:</strong></span> <span class='ocrx_word' id='word_1_190' title='bbox 2498 1308 2546 1352; x_wconf 89' lang='lat' dir='ltr'><strong>et</strong></span> <span class='ocrx_word' id='word_1_191' title='bbox 2589 1314 2680 1368; x_wconf 90' lang='lat' dir='ltr'><strong>ego</strong></span> <span class='ocrx_word' id='word_1_192' title='bbox 2719 1299 2825 1353; x_wconf 84' lang='lat' dir='ltr'><strong>odi.</strong></span> <span class='ocrx_word' id='word_1_193' title='bbox 2868 1299 3065 1355; x_wconf 88' lang='lat' dir='ltr'><strong>lterum</strong></span> <span class='ocrx_word' id='word_1_194' title='bbox 3110 1301 3162 1356; x_wconf 92' lang='lat' dir='ltr'><strong>in</strong></span> <span class='ocrx_word' id='word_1_195' title='bbox 3206 1302 3311 1357; x_wconf 89' lang='lat' dir='ltr'><strong>hoc</strong></span> <span class='ocrx_word' id='word_1_196' title='bbox 3357 1302 3480 1358; x_wconf 90' lang='lat' dir='ltr'><strong>loco</strong></span> 
     </span>
    </p>
   </div>
   <div class='ocr_carea' id='block_1_26' title="bbox 1893 1389 3475 1458">
    <p class='ocr_par' dir='ltr' id='par_1_26' title="bbox 1893 1389 3475 1458">
     <span class='ocr_line' id='line_1_26' title="bbox 1893 1389 3475 1458; baseline 0.002 -15"><span class='ocrx_word' id='word_1_197' title='bbox 1893 1389 2058 1445; x_wconf 87' lang='lat' dir='ltr'><strong>vertit</strong></span> <span class='ocrx_word' id='word_1_198' title='bbox 2106 1402 2412 1444; x_wconf 88' lang='lat' dir='ltr'><strong>sermonem</strong></span> <span class='ocrx_word' id='word_1_199' title='bbox 2463 1390 2531 1443; x_wconf 87' lang='lat' dir='ltr'><strong>ad</strong></span> <span class='ocrx_word' id='word_1_200' title='bbox 2587 1404 2871 1458; x_wconf 89' lang='lat' dir='ltr'><strong>personam</strong></span> <span class='ocrx_word' id='word_1_201' title='bbox 2922 1390 3192 1457; x_wconf 90' lang='lat' dir='ltr'><strong>ﬁdelium,</strong></span> <span class='ocrx_word' id='word_1_202' title='bbox 3239 1392 3475 1449; x_wconf 85' lang='lat' dir='ltr'><strong>dicens:</strong></span> 
     </span>
    </p>
   </div>
   <div class='ocr_carea' id='block_1_27' title="bbox 1895 1478 3478 1554">
    <p class='ocr_par' dir='ltr' id='par_1_27' title="bbox 1895 1478 3478 1554">
     <span class='ocr_line' id='line_1_27' title="bbox 1895 1478 3478 1554; baseline 0.002 -19"><span class='ocrx_word' id='word_1_203' title='bbox 1895 1478 2064 1535; x_wconf 83' lang='lat' dir='ltr'><strong>Odisti</strong></span> <span class='ocrx_word' id='word_1_204' title='bbox 2096 1478 2236 1533; x_wconf 78' lang='lat' dir='ltr'><strong>facta</strong></span> <span class='ocrx_word' id='word_1_205' title='bbox 2265 1478 2670 1534; x_wconf 84' lang='lat' dir='ltr'><strong>Nicolaitarum.</strong></span> <span class='ocrx_word' id='word_1_206' title='bbox 2694 1478 2943 1535; x_wconf 82' lang='lat' dir='ltr'><strong>Nicolaus</strong></span> <span class='ocrx_word' id='word_1_207' title='bbox 2968 1496 3106 1538; x_wconf 77' lang='lat' dir='ltr'><strong>unus</strong></span> <span class='ocrx_word' id='word_1_208' title='bbox 3132 1481 3232 1535; x_wconf 83' lang='lat' dir='ltr'><strong>fuit</strong></span> <span class='ocrx_word' id='word_1_209' title='bbox 3260 1493 3325 1536; x_wconf 75' lang='lat' dir='ltr'><strong>ex</strong></span> <span class='ocrx_word' id='word_1_210' title='bbox 3358 1498 3478 1554; x_wconf 51' lang='lat' dir='ltr'><strong>sep.</strong></span> 
     </span>
    </p>
   </div>
   <div class='ocr_carea' id='block_1_28' title="bbox 1898 1570 3482 1646">
    <p class='ocr_par' dir='ltr' id='par_1_28' title="bbox 1898 1570 3482 1646">
     <span class='ocr_line' id='line_1_28' title="bbox 1898 1570 3482 1646; baseline 0.003 -20"><span class='ocrx_word' id='word_1_211' title='bbox 1898 1580 2004 1626; x_wconf 90' lang='lat' dir='ltr'><strong>tem</strong></span> <span class='ocrx_word' id='word_1_212' title='bbox 2034 1570 2355 1626; x_wconf 71' lang='lat' dir='ltr'><strong>diaconibus</strong></span> <span class='ocrx_word' id='word_1_213' title='bbox 2404 1571 2494 1641; x_wconf 88' lang='lat' dir='ltr'><strong>qui</strong></span> <span class='ocrx_word' id='word_1_214' title='bbox 2525 1571 2683 1626; x_wconf 88' lang='lat' dir='ltr'><strong>electi</strong></span> <span class='ocrx_word' id='word_1_215' title='bbox 2736 1580 2792 1626; x_wconf 88' lang='lat' dir='ltr'><strong>ct</strong></span> <span class='ocrx_word' id='word_1_216' title='bbox 2817 1573 3050 1628; x_wconf 87' lang='lat' dir='ltr'><strong>ordinati</strong></span> <span class='ocrx_word' id='word_1_217' title='bbox 3080 1583 3208 1629; x_wconf 91' lang='lat' dir='ltr'><strong>sunt</strong></span> <span class='ocrx_word' id='word_1_218' title='bbox 3248 1575 3316 1629; x_wconf 87' lang='lat' dir='ltr'><strong>ab</strong></span> <span class='ocrx_word' id='word_1_219' title='bbox 3353 1589 3482 1646; x_wconf 77' lang='lat' dir='ltr'><strong>apo—</strong></span> 
     </span>
    </p>
   </div>
   <div class='ocr_carea' id='block_1_29' title="bbox 1896 1662 3477 1733">
    <p class='ocr_par' dir='ltr' id='par_1_29' title="bbox 1896 1662 3477 1733">
     <span class='ocr_line' id='line_1_29' title="bbox 1896 1662 3477 1733; baseline 0.003 -17"><span class='ocrx_word' id='word_1_220' title='bbox 1896 1662 2073 1727; x_wconf 89' lang='lat' dir='ltr'><strong>stolis,</strong></span> <span class='ocrx_word' id='word_1_221' title='bbox 2102 1663 2195 1717; x_wconf 89' lang='lat' dir='ltr'><strong>sed</strong></span> <span class='ocrx_word' id='word_1_222' title='bbox 2224 1662 2436 1718; x_wconf 75' lang='lat' dir='ltr'><strong>cmteris</strong></span> <span class='ocrx_word' id='word_1_223' title='bbox 2466 1664 2904 1733; x_wconf 87' lang='lat' dir='ltr'><strong>permanentibus</strong></span> <span class='ocrx_word' id='word_1_224' title='bbox 2933 1664 2987 1719; x_wconf 94' lang='lat' dir='ltr'><strong>in</strong></span> <span class='ocrx_word' id='word_1_225' title='bbox 3018 1665 3318 1723; x_wconf 86' lang='lat' dir='ltr'><strong>ministerio</strong></span> <span class='ocrx_word' id='word_1_226' title='bbox 3354 1681 3477 1730; x_wconf 76' lang='lat' dir='ltr'><strong>suo,</strong></span> 
     </span>
    </p>
   </div>
   <div class='ocr_carea' id='block_1_30' title="bbox 1897 1751 3478 1823">
    <p class='ocr_par' dir='ltr' id='par_1_30' title="bbox 1897 1751 3478 1823">
     <span class='ocr_line' id='line_1_30' title="bbox 1897 1751 3478 1823; baseline 0.002 -16"><span class='ocrx_word' id='word_1_227' title='bbox 1897 1751 1988 1807; x_wconf 91' lang='lat' dir='ltr'><strong>ille</strong></span> <span class='ocrx_word' id='word_1_228' title='bbox 2034 1752 2257 1807; x_wconf 88' lang='lat' dir='ltr'><strong>recessit</strong></span> <span class='ocrx_word' id='word_1_229' title='bbox 2301 1751 2370 1807; x_wconf 89' lang='lat' dir='ltr'><strong>ab</strong></span> <span class='ocrx_word' id='word_1_230' title='bbox 2415 1767 2599 1808; x_wconf 91' lang='lat' dir='ltr'><strong>eorum</strong></span> <span class='ocrx_word' id='word_1_231' title='bbox 2648 1753 2753 1808; x_wconf 85' lang='lat' dir='ltr'><strong>ﬁde</strong></span> <span class='ocrx_word' id='word_1_232' title='bbox 2795 1760 2851 1807; x_wconf 91' lang='lat' dir='ltr'><strong>et</strong></span> <span class='ocrx_word' id='word_1_233' title='bbox 2898 1753 3311 1823; x_wconf 38' lang='lat' dir='ltr'><strong>doctrinasQui</strong></span> <span class='ocrx_word' id='word_1_234' title='bbox 3354 1769 3478 1810; x_wconf 87' lang='lat' dir='ltr'><strong>cum</strong></span> 
     </span>
    </p>
   </div>
   <div class='ocr_carea' id='block_1_31' title="bbox 1899 1840 3484 1915">
    <p class='ocr_par' dir='ltr' id='par_1_31' title="bbox 1899 1840 3484 1915">
     <span class='ocr_line' id='line_1_31' title="bbox 1899 1840 3484 1915; baseline 0.003 -18"><span class='ocrx_word' id='word_1_235' title='bbox 1899 1840 2208 1911; x_wconf 89' lang='lat' dir='ltr'><strong>culparetur</strong></span> <span class='ocrx_word' id='word_1_236' title='bbox 2247 1857 2312 1897; x_wconf 90' lang='lat' dir='ltr'><strong>eo</strong></span> <span class='ocrx_word' id='word_1_237' title='bbox 2351 1842 2496 1913; x_wconf 90' lang='lat' dir='ltr'><strong>quod</strong></span> <span class='ocrx_word' id='word_1_238' title='bbox 2537 1842 2766 1898; x_wconf 84' lang='lat' dir='ltr'><strong>haberet</strong></span> <span class='ocrx_word' id='word_1_239' title='bbox 2825 1844 3247 1915; x_wconf 86' lang='lat' dir='ltr'><strong>pulcherrimam</strong></span> <span class='ocrx_word' id='word_1_240' title='bbox 3291 1844 3484 1902; x_wconf 83' lang='lat' dir='ltr'><strong>mulie-</strong></span> 
     </span>
    </p>
   </div>
   <div class='ocr_carea' id='block_1_32' title="bbox 208 1927 3483 2007">
    <p class='ocr_par' dir='ltr' id='par_1_32' title="bbox 208 1927 3483 2007">
     <span class='ocr_line' id='line_1_32' title="bbox 208 1927 3483 2007; baseline 0.001 -16"><span class='ocrx_word' id='word_1_241' title='bbox 208 1937 619 2007; x_wconf 82' lang='lat' dir='ltr'><strong>perversitatem</strong></span> <span class='ocrx_word' id='word_1_242' title='bbox 638 1975 655 2001; x_wconf 90' lang='lat'><strong>,</strong></span> <span class='ocrx_word' id='word_1_243' title='bbox 678 1936 768 2006; x_wconf 91' lang='lat' dir='ltr'><strong>qui</strong></span> <span class='ocrx_word' id='word_1_244' title='bbox 795 1936 892 1991; x_wconf 87' lang='lat' dir='ltr'><strong>tibi</strong></span> <span class='ocrx_word' id='word_1_245' title='bbox 923 1936 1060 1990; x_wconf 88' lang='lat' dir='ltr'><strong>mala</strong></span> <span class='ocrx_word' id='word_1_246' title='bbox 1101 1936 1368 2007; x_wconf 79' lang='lat' dir='ltr'><strong>ingerunt.</strong></span> <span class='ocrx_word' id='word_1_247' title='bbox 1403 1934 1472 1988; x_wconf 86' lang='lat' dir='ltr'><strong>Et</strong></span> <span class='ocrx_word' id='word_1_248' title='bbox 1497 1934 1792 1989; x_wconf 73' lang='lat' dir='ltr'><strong>sustinuisti</strong></span> <span class='ocrx_word' id='word_1_249' title='bbox 1822 1927 1867 1988; x_wconf 85' lang='grc' dir='ltr'><strong>Β</strong></span> <span class='ocrx_word' id='word_1_250' title='bbox 1895 1950 2009 1991; x_wconf 85' lang='lat' dir='ltr'><strong>rem</strong></span> <span class='ocrx_word' id='word_1_251' title='bbox 2034 1975 2048 1999; x_wconf 90' lang='lat'><strong>,</strong></span> <span class='ocrx_word' id='word_1_252' title='bbox 2078 1940 2131 1989; x_wconf 91' lang='lat' dir='ltr'><strong>et</strong></span> <span class='ocrx_word' id='word_1_253' title='bbox 2174 1935 2400 1990; x_wconf 91' lang='lat' dir='ltr'><strong>nimium</strong></span> <span class='ocrx_word' id='word_1_254' title='bbox 2435 1935 2703 1991; x_wconf 88' lang='lat' dir='ltr'><strong>zelaretur</strong></span> <span class='ocrx_word' id='word_1_255' title='bbox 2726 1952 2846 1992; x_wconf 89' lang='lat' dir='ltr'><strong>eam</strong></span> <span class='ocrx_word' id='word_1_256' title='bbox 2865 1978 2879 2002; x_wconf 92' lang='lat'><strong>,</strong></span> <span class='ocrx_word' id='word_1_257' title='bbox 2910 1948 2969 1993; x_wconf 90' lang='lat' dir='ltr'><strong>ut</strong></span> <span class='ocrx_word' id='word_1_258' title='bbox 3012 1953 3072 1994; x_wconf 90' lang='lat' dir='ltr'><strong>se</strong></span> <span class='ocrx_word' id='word_1_259' title='bbox 3100 1947 3386 1995; x_wconf 83' lang='lat' dir='ltr'><strong>excusaret</strong></span> <span class='ocrx_word' id='word_1_260' title='bbox 3410 1940 3483 1994; x_wconf 80' lang='lat' dir='ltr'><strong>ab</strong></span> 
     </span>
    </p>
   </div>
   <div class='ocr_carea' id='block_1_33' title="bbox 208 2026 1793 2104">
    <p class='ocr_par' dir='ltr' id='par_1_33' title="bbox 208 2026 1793 2104">
     <span class='ocr_line' id='line_1_33' title="bbox 208 2026 1793 2104; baseline -0.004 -17"><span class='ocrx_word' id='word_1_261' title='bbox 208 2043 422 2104; x_wconf 79' lang='lat' dir='ltr'><strong>propter</strong></span> <span class='ocrx_word' id='word_1_262' title='bbox 466 2047 651 2085; x_wconf 82' lang='lat' dir='ltr'><strong>nomen</strong></span> <span class='ocrx_word' id='word_1_263' title='bbox 687 2047 858 2085; x_wconf 80' lang='lat' dir='ltr'><strong>meum</strong></span> <span class='ocrx_word' id='word_1_264' title='bbox 878 2073 892 2095; x_wconf 92' lang='lat'><strong>,</strong></span> <span class='ocrx_word' id='word_1_265' title='bbox 921 2040 970 2085; x_wconf 90' lang='lat' dir='ltr'><strong>et</strong></span> <span class='ocrx_word' id='word_1_266' title='bbox 999 2047 1102 2084; x_wconf 86' lang='lat' dir='ltr'><strong>non</strong></span> <span class='ocrx_word' id='word_1_267' title='bbox 1130 2030 1383 2099; x_wconf 78' lang='lat' dir='ltr'><strong>defecisti.</strong></span> <span class='ocrx_word' id='word_1_268' title='bbox 1413 2028 1489 2083; x_wconf 82' lang='lat' dir='ltr'><strong>Ac</strong></span> <span class='ocrx_word' id='word_1_269' title='bbox 1518 2028 1562 2084; x_wconf 88' lang='lat' dir='ltr'><strong>si</strong></span> <span class='ocrx_word' id='word_1_270' title='bbox 1590 2026 1793 2082; x_wconf 84' lang='lat' dir='ltr'><strong>electo-</strong></span> 
     </span>
    </p>
   </div>
   <div class='ocr_carea' id='block_1_34' title="bbox 209 2116 1797 2182">
    <p class='ocr_par' dir='ltr' id='par_1_34' title="bbox 209 2116 1797 2182">
     <span class='ocr_line' id='line_1_34' title="bbox 209 2116 1797 2182; baseline -0.004 -5"><span class='ocrx_word' id='word_1_271' title='bbox 209 2138 335 2177; x_wconf 89' lang='lat' dir='ltr'><strong>rum</strong></span> <span class='ocrx_word' id='word_1_272' title='bbox 378 2121 619 2177; x_wconf 88' lang='lat' dir='ltr'><strong>omnium</strong></span> <span class='ocrx_word' id='word_1_273' title='bbox 665 2119 921 2175; x_wconf 76' lang='lat' dir='ltr'><strong>Ecclesia:</strong></span> <span class='ocrx_word' id='word_1_274' title='bbox 947 2119 1258 2173; x_wconf 88' lang='lat' dir='ltr'><strong>diceretur:</strong></span> <span class='ocrx_word' id='word_1_275' title='bbox 1293 2117 1427 2182; x_wconf 77' lang='lat' dir='ltr'><strong>Quia</strong></span> <span class='ocrx_word' id='word_1_276' title='bbox 1466 2116 1522 2171; x_wconf 91' lang='lat' dir='ltr'><strong>in</strong></span> <span class='ocrx_word' id='word_1_277' title='bbox 1547 2117 1797 2171; x_wconf 87' lang='lat' dir='ltr'><strong>omnibus</strong></span> 
     </span>
    </p>
   </div>
   <div class='ocr_carea' id='block_1_35' title="bbox 210 2206 1799 2286">
    <p class='ocr_par' dir='ltr' id='par_1_35' title="bbox 210 2206 1799 2286">
     <span class='ocr_line' id='line_1_35' title="bbox 210 2206 1799 2286; baseline -0.004 -17"><span class='ocrx_word' id='word_1_278' title='bbox 210 2214 530 2286; x_wconf 87' lang='lat' dir='ltr'><strong>patientiam</strong></span> <span class='ocrx_word' id='word_1_279' title='bbox 570 2212 842 2277; x_wconf 84' lang='lat' dir='ltr'><strong>habuisti,</strong></span> <span class='ocrx_word' id='word_1_280' title='bbox 887 2211 1089 2267; x_wconf 88' lang='lat' dir='ltr'><strong>idcirco</strong></span> <span class='ocrx_word' id='word_1_281' title='bbox 1122 2209 1311 2280; x_wconf 87' lang='lat' dir='ltr'><strong>utique</strong></span> <span class='ocrx_word' id='word_1_282' title='bbox 1347 2224 1413 2265; x_wconf 87' lang='lat' dir='ltr'><strong>ea</strong></span> <span class='ocrx_word' id='word_1_283' title='bbox 1444 2224 1564 2280; x_wconf 63' lang='lat' dir='ltr'><strong>quae</strong></span> <span class='ocrx_word' id='word_1_284' title='bbox 1592 2208 1688 2264; x_wconf 86' lang='lat' dir='ltr'><strong>tibi</strong></span> <span class='ocrx_word' id='word_1_285' title='bbox 1729 2206 1799 2263; x_wconf 87' lang='lat' dir='ltr'><strong>ab</strong></span> 
     </span>
    </p>
   </div>
   <div class='ocr_carea' id='block_1_36' title="bbox 210 2297 1796 2375">
    <p class='ocr_par' dir='ltr' id='par_1_36' title="bbox 210 2297 1796 2375">
     <span class='ocr_line' id='line_1_36' title="bbox 210 2297 1796 2375; baseline -0.005 -15"><span class='ocrx_word' id='word_1_286' title='bbox 210 2305 399 2375; x_wconf 85' lang='lat' dir='ltr'><strong>impiis</strong></span> <span class='ocrx_word' id='word_1_287' title='bbox 441 2311 571 2359; x_wconf 88' lang='lat' dir='ltr'><strong>sunt</strong></span> <span class='ocrx_word' id='word_1_288' title='bbox 618 2302 764 2358; x_wconf 89' lang='lat' dir='ltr'><strong>illata</strong></span> <span class='ocrx_word' id='word_1_289' title='bbox 816 2310 1082 2357; x_wconf 86' lang='lat' dir='ltr'><strong>tormenta</strong></span> <span class='ocrx_word' id='word_1_290' title='bbox 1135 2297 1478 2363; x_wconf 84' lang='lat' dir='ltr'><strong>sustinuisti,</strong></span> <span class='ocrx_word' id='word_1_291' title='bbox 1521 2299 1661 2370; x_wconf 10' lang='lat' dir='ltr'><strong>quia.</strong></span> <span class='ocrx_word' id='word_1_292' title='bbox 1691 2297 1796 2353; x_wconf 86' lang='lat' dir='ltr'><strong>nisi</strong></span> 
     </span>
    </p>
   </div>
   <div class='ocr_carea' id='block_1_37' title="bbox 212 2388 1800 2465">
    <p class='ocr_par' dir='ltr' id='par_1_37' title="bbox 212 2388 1800 2465">
     <span class='ocr_line' id='line_1_37' title="bbox 212 2388 1800 2465; baseline -0.004 -16"><span class='ocrx_word' id='word_1_293' title='bbox 212 2394 530 2465; x_wconf 76' lang='lat' dir='ltr'><strong>patiemiam</strong></span> <span class='ocrx_word' id='word_1_294' title='bbox 562 2391 891 2457; x_wconf 85' lang='lat' dir='ltr'><strong>habuisses,</strong></span> <span class='ocrx_word' id='word_1_295' title='bbox 924 2390 979 2445; x_wconf 88' lang='lat' dir='ltr'><strong>in</strong></span> <span class='ocrx_word' id='word_1_296' title='bbox 1008 2399 1088 2446; x_wconf 88' lang='lat' dir='ltr'><strong>tot</strong></span> <span class='ocrx_word' id='word_1_297' title='bbox 1116 2389 1356 2445; x_wconf 80' lang='lat' dir='ltr'><strong>adversis</strong></span> <span class='ocrx_word' id='word_1_298' title='bbox 1385 2388 1698 2445; x_wconf 80' lang='lat' dir='ltr'><strong>defecisses.</strong></span> <span class='ocrx_word' id='word_1_299' title='bbox 1732 2388 1800 2443; x_wconf 86' lang='lat' dir='ltr'><strong>Et</strong></span> 
     </span>
    </p>
   </div>
   <div class='ocr_carea' id='block_1_38' title="bbox 212 2478 1799 2554">
    <p class='ocr_par' dir='ltr' id='par_1_38' title="bbox 212 2478 1799 2554">
     <span class='ocr_line' id='line_1_38' title="bbox 212 2478 1799 2554; baseline -0.003 -14"><span class='ocrx_word' id='word_1_300' title='bbox 212 2483 675 2554; x_wconf 82' lang='lat' dir='ltr'><strong>ideo-patientiam</strong></span> <span class='ocrx_word' id='word_1_301' title='bbox 705 2482 913 2538; x_wconf 87' lang='lat' dir='ltr'><strong>habens</strong></span> <span class='ocrx_word' id='word_1_302' title='bbox 937 2495 1042 2537; x_wconf 90' lang='lat' dir='ltr'><strong>non</strong></span> <span class='ocrx_word' id='word_1_303' title='bbox 1069 2479 1398 2546; x_wconf 87' lang='lat' dir='ltr'><strong>succumbis,</strong></span> <span class='ocrx_word' id='word_1_304' title='bbox 1417 2478 1542 2549; x_wconf 88' lang='lat' dir='ltr'><strong>quia</strong></span> <span class='ocrx_word' id='word_1_305' title='bbox 1564 2494 1673 2534; x_wconf 89' lang='lat' dir='ltr'><strong>non</strong></span> <span class='ocrx_word' id='word_1_306' title='bbox 1698 2494 1799 2550; x_wconf 89' lang='lat' dir='ltr'><strong>pro</strong></span> 
     </span>
    </p>
   </div>
   <div class='ocr_carea' id='block_1_39' title="bbox 211 2569 1798 2645">
    <p class='ocr_par' dir='ltr' id='par_1_39' title="bbox 211 2569 1798 2645">
     <span class='ocr_line' id='line_1_39' title="bbox 211 2569 1798 2645; baseline -0.003 -15"><span class='ocrx_word' id='word_1_307' title='bbox 211 2582 431 2630; x_wconf 84' lang='lat' dir='ltr'><strong>terrena</strong></span> <span class='ocrx_word' id='word_1_308' title='bbox 459 2572 655 2645; x_wconf 80' lang='lat' dir='ltr'><strong>gloria,</strong></span> <span class='ocrx_word' id='word_1_309' title='bbox 680 2572 774 2629; x_wconf 88' lang='lat' dir='ltr'><strong>sed</strong></span> <span class='ocrx_word' id='word_1_310' title='bbox 799 2580 1020 2643; x_wconf 85' lang='lat' dir='ltr'><strong>propter</strong></span> <span class='ocrx_word' id='word_1_311' title='bbox 1045 2584 1243 2627; x_wconf 89' lang='lat' dir='ltr'><strong>nomen</strong></span> <span class='ocrx_word' id='word_1_312' title='bbox 1273 2584 1453 2627; x_wconf 87' lang='lat' dir='ltr'><strong>meum</strong></span> <span class='ocrx_word' id='word_1_313' title='bbox 1484 2569 1601 2626; x_wconf 64' lang='lat' dir='ltr'><strong>haec</strong></span> <span class='ocrx_word' id='word_1_314' title='bbox 1635 2569 1798 2625; x_wconf 89' lang='lat' dir='ltr'><strong>susti-</strong></span> 
     </span>
    </p>
   </div>
   <div class='ocr_carea' id='block_1_40' title="bbox 288 2751 1799 2823">
    <p class='ocr_par' dir='ltr' id='par_1_40' title="bbox 288 2751 1799 2823">
     <span class='ocr_line' id='line_1_40' title="bbox 288 2751 1799 2823; baseline -0.003 -13"><span class='ocrx_word' id='word_1_315' title='bbox 288 2754 393 2810; x_wconf 81' lang='lat' dir='ltr'><strong>Sed</strong></span> <span class='ocrx_word' id='word_1_316' title='bbox 420 2754 584 2809; x_wconf 80' lang='lat' dir='ltr'><strong>habeo</strong></span> <span class='ocrx_word' id='word_1_317' title='bbox 618 2754 866 2808; x_wconf 79' lang='lat' dir='ltr'><strong>adversus</strong></span> <span class='ocrx_word' id='word_1_318' title='bbox 894 2762 943 2807; x_wconf 90' lang='lat' dir='ltr'><strong>te</strong></span> <span class='ocrx_word' id='word_1_319' title='bbox 979 2752 1119 2823; x_wconf 83' lang='lat' dir='ltr'><strong>quod</strong></span> <span class='ocrx_word' id='word_1_320' title='bbox 1158 2753 1467 2807; x_wconf 83' lang='lat' dir='ltr'><strong>charitatem</strong></span> <span class='ocrx_word' id='word_1_321' title='bbox 1509 2762 1654 2806; x_wconf 84' lang='lat' dir='ltr'><strong>tuam</strong></span> <span class='ocrx_word' id='word_1_322' title='bbox 1682 2751 1799 2822; x_wconf 79' lang='lat' dir='ltr'><strong>pri-</strong></span> 
     </span>
    </p>
   </div>
   <div class='ocr_carea' id='block_1_41' title="bbox 211 2843 1801 2917">
    <p class='ocr_par' dir='ltr' id='par_1_41' title="bbox 211 2843 1801 2917">
     <span class='ocr_line' id='line_1_41' title="bbox 211 2843 1801 2917; baseline -0.004 -15"><span class='ocrx_word' id='word_1_323' title='bbox 211 2864 357 2903; x_wconf 80' lang='lat' dir='ltr'><strong>mam</strong></span> <span class='ocrx_word' id='word_1_324' title='bbox 406 2846 678 2917; x_wconf 73' lang='lat' dir='ltr'><strong>reliquisti.</strong></span> <span class='ocrx_word' id='word_1_325' title='bbox 721 2844 981 2916; x_wconf 87' lang='lat' dir='ltr'><strong>Superius</strong></span> <span class='ocrx_word' id='word_1_326' title='bbox 1023 2845 1232 2899; x_wconf 90' lang='lat' dir='ltr'><strong>locutus</strong></span> <span class='ocrx_word' id='word_1_327' title='bbox 1272 2852 1357 2899; x_wconf 88' lang='lat' dir='ltr'><strong>est</strong></span> <span class='ocrx_word' id='word_1_328' title='bbox 1385 2843 1625 2909; x_wconf 87' lang='lat' dir='ltr'><strong>sanctis,</strong></span> <span class='ocrx_word' id='word_1_329' title='bbox 1658 2857 1801 2897; x_wconf 89' lang='lat' dir='ltr'><strong>nunc</strong></span> 
     </span>
    </p>
   </div>
   <div class='ocr_carea' id='block_1_42' title="bbox 211 2934 1800 3007">
    <p class='ocr_par' dir='ltr' id='par_1_42' title="bbox 211 2934 1800 3007">
     <span class='ocr_line' id='line_1_42' title="bbox 211 2934 1800 3007; baseline -0.004 -14"><span class='ocrx_word' id='word_1_330' title='bbox 211 2946 398 2993; x_wconf 86' lang='lat' dir='ltr'><strong>autem</strong></span> <span class='ocrx_word' id='word_1_331' title='bbox 443 2937 682 3006; x_wconf 86' lang='lat' dir='ltr'><strong>loquitur</strong></span> <span class='ocrx_word' id='word_1_332' title='bbox 725 2936 1003 3005; x_wconf 89' lang='lat' dir='ltr'><strong>reprobis,</strong></span> <span class='ocrx_word' id='word_1_333' title='bbox 1044 2935 1171 3006; x_wconf 88' lang='lat' dir='ltr'><strong>quia</strong></span> <span class='ocrx_word' id='word_1_334' title='bbox 1211 2934 1386 3007; x_wconf 86' lang='lat' dir='ltr'><strong>(sicut</strong></span> <span class='ocrx_word' id='word_1_335' title='bbox 1430 2934 1800 3005; x_wconf 89' lang='lat' dir='ltr'><strong>supradictum</strong></span> 
     </span>
    </p>
   </div>
   <div class='ocr_carea' id='block_1_43' title="bbox 210 3023 1798 3098">
    <p class='ocr_par' dir='ltr' id='par_1_43' title="bbox 210 3023 1798 3098">
     <span class='ocr_line' id='line_1_43' title="bbox 210 3023 1798 3098; baseline -0.003 -17"><span class='ocrx_word' id='word_1_336' title='bbox 210 3027 321 3098; x_wconf 80' lang='lat' dir='ltr'><strong>est)</strong></span> <span class='ocrx_word' id='word_1_337' title='bbox 356 3026 497 3081; x_wconf 82' lang='lat' dir='ltr'><strong>sicut</strong></span> <span class='ocrx_word' id='word_1_338' title='bbox 536 3033 664 3080; x_wconf 88' lang='lat' dir='ltr'><strong>sunt</strong></span> <span class='ocrx_word' id='word_1_339' title='bbox 688 3025 834 3080; x_wconf 88' lang='lat' dir='ltr'><strong>misti</strong></span> <span class='ocrx_word' id='word_1_340' title='bbox 864 3024 989 3079; x_wconf 89' lang='lat' dir='ltr'><strong>boni</strong></span> <span class='ocrx_word' id='word_1_341' title='bbox 1032 3032 1088 3079; x_wconf 89' lang='lat' dir='ltr'><strong>et</strong></span> <span class='ocrx_word' id='word_1_342' title='bbox 1124 3023 1250 3078; x_wconf 88' lang='lat' dir='ltr'><strong>mali</strong></span> <span class='ocrx_word' id='word_1_343' title='bbox 1288 3023 1342 3078; x_wconf 92' lang='lat' dir='ltr'><strong>in</strong></span> <span class='ocrx_word' id='word_1_344' title='bbox 1376 3023 1630 3094; x_wconf 78' lang='lat' dir='ltr'><strong>praesenti</strong></span> <span class='ocrx_word' id='word_1_345' title='bbox 1666 3023 1798 3089; x_wconf 82' lang='lat' dir='ltr'><strong>vita,</strong></span> 
     </span>
    </p>
   </div>
   <div class='ocr_carea' id='block_1_44' title="bbox 210 3112 1801 3183">
    <p class='ocr_par' dir='ltr' id='par_1_44' title="bbox 210 3112 1801 3183">
     <span class='ocr_line' id='line_1_44' title="bbox 210 3112 1801 3183; baseline -0.002 -12"><span class='ocrx_word' id='word_1_346' title='bbox 210 3115 294 3171; x_wconf 84' lang='lat' dir='ltr'><strong>ita</strong></span> <span class='ocrx_word' id='word_1_347' title='bbox 322 3114 684 3173; x_wconf 88' lang='lat' dir='ltr'><strong>communiter</strong></span> <span class='ocrx_word' id='word_1_348' title='bbox 696 3128 792 3170; x_wconf 81' lang='lat' dir='ltr'><strong>eos</strong></span> <span class='ocrx_word' id='word_1_349' title='bbox 821 3114 1113 3183; x_wconf 85' lang='lat' dir='ltr'><strong>alloquitur</strong></span> <span class='ocrx_word' id='word_1_350' title='bbox 1127 3113 1341 3167; x_wconf 89' lang='lat' dir='ltr'><strong>divinus</strong></span> <span class='ocrx_word' id='word_1_351' title='bbox 1362 3127 1545 3168; x_wconf 88' lang='lat' dir='ltr'><strong>sermo</strong></span> <span class='ocrx_word' id='word_1_352' title='bbox 1575 3130 1589 3167; x_wconf 90' lang='lat'><strong>:</strong></span> <span class='ocrx_word' id='word_1_353' title='bbox 1615 3112 1801 3168; x_wconf 83' lang='lat' dir='ltr'><strong>Habeo</strong></span> 
     </span>
    </p>
   </div>
   <div class='ocr_carea' id='block_1_45' title="bbox 1898 2026 3482 2102">
    <p class='ocr_par' dir='ltr' id='par_1_45' title="bbox 1898 2026 3482 2102">
     <span class='ocr_line' id='line_1_45' title="bbox 1898 2026 3482 2102; baseline 0.003 -21"><span class='ocrx_word' id='word_1_354' title='bbox 1898 2027 1999 2081; x_wconf 91' lang='lat' dir='ltr'><strong>hac</strong></span> <span class='ocrx_word' id='word_1_355' title='bbox 2029 2026 2370 2097; x_wconf 82' lang='lat' dir='ltr'><strong>suspicione,</strong></span> <span class='ocrx_word' id='word_1_356' title='bbox 2388 2028 2665 2099; x_wconf 90' lang='lat' dir='ltr'><strong>respondit</strong></span> <span class='ocrx_word' id='word_1_357' title='bbox 2707 2047 2720 2083; x_wconf 91' lang='lat'><strong>:</strong></span> <span class='ocrx_word' id='word_1_358' title='bbox 2755 2028 2869 2084; x_wconf 79' lang='lat' dir='ltr'><strong>Non</strong></span> <span class='ocrx_word' id='word_1_359' title='bbox 2892 2038 2976 2086; x_wconf 88' lang='lat' dir='ltr'><strong>est</strong></span> <span class='ocrx_word' id='word_1_360' title='bbox 3004 2030 3139 2087; x_wconf 90' lang='lat' dir='ltr'><strong>mihi</strong></span> <span class='ocrx_word' id='word_1_361' title='bbox 3168 2046 3314 2088; x_wconf 70' lang='lat' dir='ltr'><strong>cura:</strong></span> <span class='ocrx_word' id='word_1_362' title='bbox 3352 2030 3482 2102; x_wconf 91' lang='lat' dir='ltr'><strong>quid</strong></span> 
     </span>
    </p>
   </div>
   <div class='ocr_carea' id='block_1_46' title="bbox 1898 2106 3483 2188">
    <p class='ocr_par' dir='ltr' id='par_1_46' title="bbox 1898 2106 3483 2188">
     <span class='ocr_line' id='line_1_46' title="bbox 1898 2106 3483 2188; baseline 0.004 -16"><span class='ocrx_word' id='word_1_363' title='bbox 1898 2106 2092 2180; x_wconf 80' lang='lat' dir='ltr'><strong>faciat;</strong></span> <span class='ocrx_word' id='word_1_364' title='bbox 2119 2118 2211 2188; x_wconf 91' lang='lat' dir='ltr'><strong>qui</strong></span> <span class='ocrx_word' id='word_1_365' title='bbox 2242 2118 2377 2184; x_wconf 87' lang='lat' dir='ltr'><strong>vult,</strong></span> <span class='ocrx_word' id='word_1_366' title='bbox 2403 2129 2587 2174; x_wconf 86' lang='lat' dir='ltr'><strong>utatur</strong></span> <span class='ocrx_word' id='word_1_367' title='bbox 2610 2119 2720 2175; x_wconf 85' lang='lat' dir='ltr'><strong>illa.</strong></span> <span class='ocrx_word' id='word_1_368' title='bbox 2741 2118 2893 2176; x_wconf 87' lang='lat' dir='ltr'><strong>Unde</strong></span> <span class='ocrx_word' id='word_1_369' title='bbox 2918 2131 2975 2176; x_wconf 89' lang='lat' dir='ltr'><strong>et</strong></span> <span class='ocrx_word' id='word_1_370' title='bbox 3004 2121 3220 2178; x_wconf 83' lang='lat' dir='ltr'><strong>transiit</strong></span> <span class='ocrx_word' id='word_1_371' title='bbox 3245 2122 3298 2179; x_wconf 87' lang='lat' dir='ltr'><strong>in</strong></span> <span class='ocrx_word' id='word_1_372' title='bbox 3331 2137 3483 2178; x_wconf 67' lang='lat' dir='ltr'><strong>conr-</strong></span> 
     </span>
    </p>
   </div>
   <div class='ocr_carea' id='block_1_47' title="bbox 1897 2208 3487 2283">
    <p class='ocr_par' dir='ltr' id='par_1_47' title="bbox 1897 2208 3487 2283">
     <span class='ocr_line' id='line_1_47' title="bbox 1897 2208 3487 2283; baseline 0.004 -19"><span class='ocrx_word' id='word_1_373' title='bbox 1897 2223 2115 2264; x_wconf 89' lang='lat' dir='ltr'><strong>munem</strong></span> <span class='ocrx_word' id='word_1_374' title='bbox 2151 2223 2344 2275; x_wconf 87' lang='lat' dir='ltr'><strong>usum;</strong></span> <span class='ocrx_word' id='word_1_375' title='bbox 2383 2210 2526 2279; x_wconf 92' lang='lat' dir='ltr'><strong>quod</strong></span> <span class='ocrx_word' id='word_1_376' title='bbox 2573 2208 2773 2265; x_wconf 80' lang='lat' dir='ltr'><strong>factum</strong></span> <span class='ocrx_word' id='word_1_377' title='bbox 2806 2218 3092 2283; x_wconf 73' lang='lat' dir='ltr'><strong>ccepe‘runt</strong></span> <span class='ocrx_word' id='word_1_378' title='bbox 3126 2213 3304 2269; x_wconf 77' lang='lat' dir='ltr'><strong>etiam</strong></span> <span class='ocrx_word' id='word_1_379' title='bbox 3330 2212 3487 2270; x_wconf 80' lang='lat' dir='ltr'><strong>multi</strong></span> 
     </span>
    </p>
   </div>
   <div class='ocr_carea' id='block_1_48' title="bbox 1897 2300 3486 2375">
    <p class='ocr_par' dir='ltr' id='par_1_48' title="bbox 1897 2300 3486 2375">
     <span class='ocr_line' id='line_1_48' title="bbox 1897 2300 3486 2375; baseline 0.001 -18"><span class='ocrx_word' id='word_1_380' title='bbox 1897 2309 2198 2357; x_wconf 86' lang='lat' dir='ltr'><strong>sectatores</strong></span> <span class='ocrx_word' id='word_1_381' title='bbox 2226 2300 2342 2370; x_wconf 84' lang='lat' dir='ltr'><strong>ejus</strong></span> <span class='ocrx_word' id='word_1_382' title='bbox 2372 2300 2614 2367; x_wconf 87' lang='lat' dir='ltr'><strong>imitari,</strong></span> <span class='ocrx_word' id='word_1_383' title='bbox 2640 2302 2729 2372; x_wconf 87' lang='lat' dir='ltr'><strong>qui</strong></span> <span class='ocrx_word' id='word_1_384' title='bbox 2760 2303 2922 2358; x_wconf 82' lang='lat' dir='ltr'><strong>etiam</strong></span> <span class='ocrx_word' id='word_1_385' title='bbox 2964 2302 3486 2375; x_wconf 52' lang='lat' dir='ltr'><strong>idolothytaﬁcome4</strong></span> 
     </span>
    </p>
   </div>
   <div class='ocr_carea' id='block_1_49' title="bbox 1898 2390 3482 2462">
    <p class='ocr_par' dir='ltr' id='par_1_49' title="bbox 1898 2390 3482 2462">
     <span class='ocr_line' id='line_1_49' title="bbox 1898 2390 3482 2462; baseline 0 -15"><span class='ocrx_word' id='word_1_386' title='bbox 1898 2390 2116 2457; x_wconf 84' lang='lat' dir='ltr'><strong>debant,</strong></span> <span class='ocrx_word' id='word_1_387' title='bbox 2158 2401 2214 2446; x_wconf 90' lang='lat' dir='ltr'><strong>et</strong></span> <span class='ocrx_word' id='word_1_388' title='bbox 2237 2392 2389 2447; x_wconf 90' lang='lat' dir='ltr'><strong>cibos</strong></span> <span class='ocrx_word' id='word_1_389' title='bbox 2413 2407 2539 2448; x_wconf 89' lang='lat' dir='ltr'><strong>suos</strong></span> <span class='ocrx_word' id='word_1_390' title='bbox 2571 2392 3004 2462; x_wconf 76' lang='lat' dir='ltr'><strong>eibisgentilium</strong></span> <span class='ocrx_word' id='word_1_391' title='bbox 3031 2393 3482 2450; x_wconf 58' lang='lat' dir='ltr'><strong>oommiscebanta</strong></span> 
     </span>
    </p>
   </div>
   <div class='ocr_carea' id='block_1_50' title="bbox 1896 2482 3485 2553">
    <p class='ocr_par' dir='ltr' id='par_1_50' title="bbox 1896 2482 3485 2553">
     <span class='ocr_line' id='line_1_50' title="bbox 1896 2482 3485 2553; baseline 0.001 -15"><span class='ocrx_word' id='word_1_392' title='bbox 1896 2482 2159 2539; x_wconf 77' lang='lat' dir='ltr'><strong>Dicebant</strong></span> <span class='ocrx_word' id='word_1_393' title='bbox 2189 2498 2402 2553; x_wconf 90' lang='lat' dir='ltr'><strong>quoque</strong></span> <span class='ocrx_word' id='word_1_394' title='bbox 2446 2483 2590 2540; x_wconf 87' lang='lat' dir='ltr'><strong>hunc</strong></span> <span class='ocrx_word' id='word_1_395' title='bbox 2621 2484 2878 2541; x_wconf 85' lang='lat' dir='ltr'><strong>mundum</strong></span> <span class='ocrx_word' id='word_1_396' title='bbox 2910 2500 3019 2540; x_wconf 89' lang='lat' dir='ltr'><strong>non</strong></span> <span class='ocrx_word' id='word_1_397' title='bbox 3052 2500 3093 2540; x_wconf 73' lang='lat' dir='ltr'><strong>si</strong></span> <span class='ocrx_word' id='word_1_398' title='bbox 3137 2484 3287 2552; x_wconf 84' lang='lat' dir='ltr'><strong>Deo,</strong></span> <span class='ocrx_word' id='word_1_399' title='bbox 3318 2485 3413 2541; x_wconf 91' lang='lat' dir='ltr'><strong>sed</strong></span> <span class='ocrx_word' id='word_1_400' title='bbox 3451 2499 3485 2539; x_wconf 83' lang='lat' dir='ltr'><strong>a</strong></span> 
     </span>
    </p>
   </div>
   <div class='ocr_carea' id='block_1_51' title="bbox 1897 2571 3485 2644">
    <p class='ocr_par' dir='ltr' id='par_1_51' title="bbox 1897 2571 3485 2644">
     <span class='ocr_line' id='line_1_51' title="bbox 1897 2571 3485 2644; baseline 0.001 -17"><span class='ocrx_word' id='word_1_401' title='bbox 1897 2571 2219 2644; x_wconf 84' lang='lat' dir='ltr'><strong>quibusdam</strong></span> <span class='ocrx_word' id='word_1_402' title='bbox 2240 2574 2574 2644; x_wconf 86' lang='lat' dir='ltr'><strong>principibus</strong></span> <span class='ocrx_word' id='word_1_403' title='bbox 2594 2572 2819 2638; x_wconf 65' lang='lat' dir='ltr'><strong>metum,</strong></span> <span class='ocrx_word' id='word_1_404' title='bbox 2843 2583 3031 2630; x_wconf 85' lang='lat' dir='ltr'><strong>contra</strong></span> <span class='ocrx_word' id='word_1_405' title='bbox 3052 2575 3197 2644; x_wconf 91' lang='lat' dir='ltr'><strong>quod</strong></span> <span class='ocrx_word' id='word_1_406' title='bbox 3218 2571 3485 2630; x_wconf 75' lang='lat' dir='ltr'><strong>inGenei-ii</strong></span> 
     </span>
    </p>
   </div>
   <div class='ocr_carea' id='block_1_52' title="bbox 1897 2661 3485 2735">
    <p class='ocr_par' dir='ltr' id='par_1_52' title="bbox 1897 2661 3485 2735">
     <span class='ocr_line' id='line_1_52' title="bbox 1897 2661 3485 2735; baseline 0.001 -18"><span class='ocrx_word' id='word_1_407' title='bbox 1897 2662 2139 2718; x_wconf 83' lang='lat' dir='ltr'><strong>dicitur:</strong></span> <span class='ocrx_word' id='word_1_408' title='bbox 2173 2661 2241 2718; x_wconf 83' lang='lat' dir='ltr'><strong>In</strong></span> <span class='ocrx_word' id='word_1_409' title='bbox 2283 2665 2541 2735; x_wconf 81' lang='lat' dir='ltr'><strong>principio</strong></span> <span class='ocrx_word' id='word_1_410' title='bbox 2581 2666 2775 2719; x_wconf 73' lang='lat' dir='ltr'><strong>creauit</strong></span> <span class='ocrx_word' id='word_1_411' title='bbox 2812 2663 2953 2719; x_wconf 84' lang='lat' dir='ltr'><strong>Deus</strong></span> <span class='ocrx_word' id='word_1_412' title='bbox 2993 2664 3176 2719; x_wconf 69' lang='lat' dir='ltr'><strong>caelum</strong></span> <span class='ocrx_word' id='word_1_413' title='bbox 3207 2673 3254 2719; x_wconf 89' lang='lat' dir='ltr'><strong>et</strong></span> <span class='ocrx_word' id='word_1_414' title='bbox 3290 2674 3485 2719; x_wconf 81' lang='lat' dir='ltr'><strong>terram</strong></span> 
     </span>
    </p>
   </div>
   <div class='ocr_carea' id='block_1_53' title="bbox 1899 2752 3488 2827">
    <p class='ocr_par' dir='ltr' id='par_1_53' title="bbox 1899 2752 3488 2827">
     <span class='ocr_line' id='line_1_53' title="bbox 1899 2752 3488 2827; baseline -0.001 -19"><span class='ocrx_word' id='word_1_415' title='bbox 1899 2753 2052 2827; x_wconf 82' lang='lat' dir='ltr'><strong>(Gen.</strong></span> <span class='ocrx_word' id='word_1_416' title='bbox 2084 2754 2146 2827; x_wconf 85' lang='grc' dir='ltr'><strong>ι).</strong></span> <span class='ocrx_word' id='word_1_417' title='bbox 2179 2754 2248 2808; x_wconf 86' lang='lat' dir='ltr'><strong>Et</strong></span> <span class='ocrx_word' id='word_1_418' title='bbox 2284 2755 2401 2809; x_wconf 64' lang='lat' dir='ltr'><strong>haec</strong></span> <span class='ocrx_word' id='word_1_419' title='bbox 2440 2752 2583 2810; x_wconf 79' lang='lat' dir='ltr'><strong>facta</strong></span> <span class='ocrx_word' id='word_1_420' title='bbox 2631 2754 3019 2809; x_wconf 77' lang='lat' dir='ltr'><strong>Nicolaitarum</strong></span> <span class='ocrx_word' id='word_1_421' title='bbox 3059 2770 3090 2809; x_wconf 85' lang='lat' dir='ltr'><strong>a</strong></span> <span class='ocrx_word' id='word_1_422' title='bbox 3132 2754 3289 2809; x_wconf 88' lang='lat' dir='ltr'><strong>bonis</strong></span> <span class='ocrx_word' id='word_1_423' title='bbox 3329 2766 3488 2824; x_wconf 58' lang='lat' dir='ltr'><strong>rapito</strong></span> 
     </span>
    </p>
   </div>
   <div class='ocr_carea' id='block_1_54' title="bbox 1900 2844 3492 2927">
    <p class='ocr_par' dir='ltr' id='par_1_54' title="bbox 1900 2844 3492 2927">
     <span class='ocr_line' id='line_1_54' title="bbox 1900 2844 3492 2927; baseline -0.001 -28"><span class='ocrx_word' id='word_1_424' title='bbox 1900 2845 2148 2912; x_wconf 89' lang='lat' dir='ltr'><strong>diantur,</strong></span> <span class='ocrx_word' id='word_1_425' title='bbox 2199 2852 2255 2899; x_wconf 89' lang='lat' dir='ltr'><strong>et</strong></span> <span class='ocrx_word' id='word_1_426' title='bbox 2296 2844 2462 2900; x_wconf 89' lang='lat' dir='ltr'><strong>veluti</strong></span> <span class='ocrx_word' id='word_1_427' title='bbox 2510 2855 2753 2902; x_wconf 85' lang='lat' dir='ltr'><strong>stercora</strong></span> <span class='ocrx_word' id='word_1_428' title='bbox 2797 2846 3152 2900; x_wconf 89' lang='lat' dir='ltr'><strong>detestantur.</strong></span> <span class='ocrx_word' id='word_1_429' title='bbox 3174 2846 3492 2927; x_wconf 48' lang='lat' dir='ltr'><strong>.Videamus</strong></span> 
     </span>
    </p>
   </div>
   <div class='ocr_carea' id='block_1_55' title="bbox 1900 2937 3489 3010">
    <p class='ocr_par' dir='ltr' id='par_1_55' title="bbox 1900 2937 3489 3010">
     <span class='ocr_line' id='line_1_55' title="bbox 1900 2937 3489 3010; baseline 0.001 -20"><span class='ocrx_word' id='word_1_430' title='bbox 1900 2945 2085 2991; x_wconf 89' lang='lat' dir='ltr'><strong>autem</strong></span> <span class='ocrx_word' id='word_1_431' title='bbox 2108 2952 2247 3007; x_wconf 87' lang='lat' dir='ltr'><strong>quos</strong></span> <span class='ocrx_word' id='word_1_432' title='bbox 2272 2937 2362 2992; x_wconf 87' lang='lat' dir='ltr'><strong>isti</strong></span> <span class='ocrx_word' id='word_1_433' title='bbox 2392 2938 2583 3007; x_wconf 91' lang='lat' dir='ltr'><strong>spiritu</strong></span> <span class='ocrx_word' id='word_1_434' title='bbox 2614 2939 2771 2993; x_wconf 91' lang='lat' dir='ltr'><strong>aliter</strong></span> <span class='ocrx_word' id='word_1_435' title='bbox 2798 2938 3122 3010; x_wconf 88' lang='lat' dir='ltr'><strong>signiﬁcent.</strong></span> <span class='ocrx_word' id='word_1_436' title='bbox 3161 2937 3489 3007; x_wconf 50' lang='lat' dir='ltr'><strong>interpretaé</strong></span> 
     </span>
    </p>
   </div>
   <div class='ocr_carea' id='block_1_56' title="bbox 1903 3026 3489 3099">
    <p class='ocr_par' dir='ltr' id='par_1_56' title="bbox 1903 3026 3489 3099">
     <span class='ocr_line' id='line_1_56' title="bbox 1903 3026 3489 3099; baseline 0 -18"><span class='ocrx_word' id='word_1_437' title='bbox 1903 3034 1991 3081; x_wconf 90' lang='lat' dir='ltr'><strong>tur</strong></span> <span class='ocrx_word' id='word_1_438' title='bbox 2038 3035 2218 3081; x_wconf 89' lang='lat' dir='ltr'><strong>autem</strong></span> <span class='ocrx_word' id='word_1_439' title='bbox 2266 3026 2518 3083; x_wconf 86' lang='lat' dir='ltr'><strong>Nicolaus</strong></span> <span class='ocrx_word' id='word_1_440' title='bbox 2559 3028 2803 3099; x_wconf 88' lang='lat' dir='ltr'><strong>populus</strong></span> <span class='ocrx_word' id='word_1_441' title='bbox 2833 3029 3063 3094; x_wconf 86' lang='lat' dir='ltr'><strong>stultus;</strong></span> <span class='ocrx_word' id='word_1_442' title='bbox 3088 3062 3089 3067; x_wconf 60' lang='grc' dir='ltr'><strong>η</strong></span> <span class='ocrx_word' id='word_1_443' title='bbox 3119 3044 3226 3098; x_wconf 92' lang='lat' dir='ltr'><strong>quo</strong></span> <span class='ocrx_word' id='word_1_444' title='bbox 3270 3030 3489 3082; x_wconf 85' lang='lat' dir='ltr'><strong>nomine</strong></span> 
     </span>
    </p>
   </div>
   <div class='ocr_carea' id='block_1_57' title="bbox 1902 3118 3488 3192">
    <p class='ocr_par' dir='ltr' id='par_1_57' title="bbox 1902 3118 3488 3192">
     <span class='ocr_line' id='line_1_57' title="bbox 1902 3118 3488 3192; baseline 0.001 -19"><span class='ocrx_word' id='word_1_445' title='bbox 1902 3118 2129 3190; x_wconf 80' lang='lat' dir='ltr'><strong>gentiles</strong></span> <span class='ocrx_word' id='word_1_446' title='bbox 2164 3119 2499 3191; x_wconf 87' lang='lat' dir='ltr'><strong>ﬁgurantur,</strong></span> <span class='ocrx_word' id='word_1_447' title='bbox 2526 3121 2617 3192; x_wconf 91' lang='lat' dir='ltr'><strong>qui</strong></span> <span class='ocrx_word' id='word_1_448' title='bbox 2648 3121 2798 3176; x_wconf 87' lang='lat' dir='ltr'><strong>stulti</strong></span> <span class='ocrx_word' id='word_1_449' title='bbox 2838 3130 2996 3186; x_wconf 88' lang='lat' dir='ltr'><strong>sunt,</strong></span> <span class='ocrx_word' id='word_1_450' title='bbox 3022 3121 3274 3191; x_wconf 91' lang='lat' dir='ltr'><strong>quoniam</strong></span> <span class='ocrx_word' id='word_1_451' title='bbox 3301 3134 3488 3175; x_wconf 87' lang='lat' dir='ltr'><strong>veram</strong></span> 
     </span>
    </p>
   </div>
   <div class='ocr_carea' id='block_1_58' title="bbox 213 3196 1818 3284">
    <p class='ocr_par' dir='ltr' id='par_1_58' title="bbox 213 3196 1797 3279">
     <span class='ocr_line' id='line_1_58' title="bbox 213 3196 1797 3279; baseline -0.003 -18"><span class='ocrx_word' id='word_1_452' title='bbox 213 3206 435 3279; x_wconf 87' lang='lat' dir='ltr'><strong>(inquit)</strong></span> <span class='ocrx_word' id='word_1_453' title='bbox 465 3207 725 3263; x_wconf 85' lang='lat' dir='ltr'><strong>adversus</strong></span> <span class='ocrx_word' id='word_1_454' title='bbox 755 3215 840 3270; x_wconf 89' lang='lat' dir='ltr'><strong>te,</strong></span> <span class='ocrx_word' id='word_1_455' title='bbox 874 3205 925 3258; x_wconf 90' lang='lat' dir='ltr'><strong>id</strong></span> <span class='ocrx_word' id='word_1_456' title='bbox 967 3212 1051 3259; x_wconf 86' lang='lat' dir='ltr'><strong>est</strong></span> <span class='ocrx_word' id='word_1_457' title='bbox 1089 3204 1372 3258; x_wconf 88' lang='lat' dir='ltr'><strong>adversum</strong></span> <span class='ocrx_word' id='word_1_458' title='bbox 1417 3204 1678 3275; x_wconf 87' lang='lat' dir='ltr'><strong>reprobos</strong></span> <span class='ocrx_word' id='word_1_459' title='bbox 1702 3196 1797 3273; x_wconf 85' lang='lat' dir='ltr'><strong>qui</strong></span> 
     </span>
    </p>
   </div>
   <div class='ocr_carea' id='block_1_59' title="bbox 1902 3196 3492 3284">
    <p class='ocr_par' dir='ltr' id='par_1_59' title="bbox 1902 3211 3492 3284">
     <span class='ocr_line' id='line_1_59' title="bbox 1902 3211 3492 3284; baseline -0.001 -16"><span class='ocrx_word' id='word_1_460' title='bbox 1902 3214 2255 3284; x_wconf 89' lang='lat' dir='ltr'><strong>sapientiam,</strong></span> <span class='ocrx_word' id='word_1_461' title='bbox 2288 3214 2341 3268; x_wconf 91' lang='lat' dir='ltr'><strong>id</strong></span> <span class='ocrx_word' id='word_1_462' title='bbox 2387 3223 2470 3268; x_wconf 88' lang='lat' dir='ltr'><strong>est</strong></span> <span class='ocrx_word' id='word_1_463' title='bbox 2509 3212 2803 3279; x_wconf 77' lang='lat' dir='ltr'><strong>Christum,</strong></span> <span class='ocrx_word' id='word_1_464' title='bbox 2835 3214 3054 3269; x_wconf 77' lang='lat' dir='ltr'><strong>credere</strong></span> <span class='ocrx_word' id='word_1_465' title='bbox 3092 3213 3314 3280; x_wconf 87' lang='lat' dir='ltr'><strong>nolunt,</strong></span> <span class='ocrx_word' id='word_1_466' title='bbox 3345 3211 3492 3267; x_wconf 86' lang='lat' dir='ltr'><strong>unde</strong></span> 
     </span>
    </p>
   </div>
   <div class='ocr_carea' id='block_1_60' title="bbox 213 3285 1818 3376">
    <p class='ocr_par' dir='ltr' id='par_1_60' title="bbox 213 3296 1801 3367">
     <span class='ocr_line' id='line_1_60' title="bbox 213 3296 1801 3367; baseline -0.001 -15"><span class='ocrx_word' id='word_1_467' title='bbox 213 3298 274 3352; x_wconf 89' lang='lat' dir='ltr'><strong>in</strong></span> <span class='ocrx_word' id='word_1_468' title='bbox 301 3306 354 3351; x_wconf 89' lang='lat' dir='ltr'><strong>te</strong></span> <span class='ocrx_word' id='word_1_469' title='bbox 381 3306 529 3362; x_wconf 89' lang='lat' dir='ltr'><strong>sunt,</strong></span> <span class='ocrx_word' id='word_1_470' title='bbox 558 3298 684 3367; x_wconf 88' lang='lat' dir='ltr'><strong>quia</strong></span> <span class='ocrx_word' id='word_1_471' title='bbox 712 3297 941 3367; x_wconf 88' lang='lat' dir='ltr'><strong>primam</strong></span> <span class='ocrx_word' id='word_1_472' title='bbox 970 3296 1290 3353; x_wconf 87' lang='lat' dir='ltr'><strong>cltaritatem</strong></span> <span class='ocrx_word' id='word_1_473' title='bbox 1317 3296 1604 3367; x_wconf 88' lang='lat' dir='ltr'><strong>reliquisti,</strong></span> <span class='ocrx_word' id='word_1_474' title='bbox 1634 3296 1688 3352; x_wconf 90' lang='lat' dir='ltr'><strong>id</strong></span> <span class='ocrx_word' id='word_1_475' title='bbox 1717 3304 1801 3352; x_wconf 89' lang='lat' dir='ltr'><strong>est</strong></span> 
     </span>
    </p>
   </div>
   <div class='ocr_carea' id='block_1_61' title="bbox 1902 3285 3488 3376">
    <p class='ocr_par' dir='ltr' id='par_1_61' title="bbox 1904 3300 3488 3376">
     <span class='ocr_line' id='line_1_61' title="bbox 1904 3300 3488 3376; baseline -0.003 -17"><span class='ocrx_word' id='word_1_476' title='bbox 1904 3304 2034 3360; x_wconf 88' lang='lat' dir='ltr'><strong>dicit</strong></span> <span class='ocrx_word' id='word_1_477' title='bbox 2083 3303 2556 3375; x_wconf 83' lang='lat' dir='ltr'><strong>ApostoluszNos</strong></span> <span class='ocrx_word' id='word_1_478' title='bbox 2602 3305 2951 3376; x_wconf 78' lang='lat' dir='ltr'><strong>prwdicamus</strong></span> <span class='ocrx_word' id='word_1_479' title='bbox 3002 3302 3267 3358; x_wconf 81' lang='lat' dir='ltr'><strong>Christum</strong></span> <span class='ocrx_word' id='word_1_480' title='bbox 3304 3300 3488 3356; x_wconf 76' lang='lat' dir='ltr'><strong>eruci-</strong></span> 
     </span>
    </p>
   </div>
   <div class='ocr_carea' id='block_1_62' title="bbox 213 3389 1800 3456">
    <p class='ocr_par' dir='ltr' id='par_1_62' title="bbox 213 3389 1800 3456">
     <span class='ocr_line' id='line_1_62' title="bbox 213 3389 1800 3456; baseline -0.003 -8"><span class='ocrx_word' id='word_1_481' title='bbox 213 3393 379 3448; x_wconf 83' lang='lat' dir='ltr'><strong>tidem</strong></span> <span class='ocrx_word' id='word_1_482' title='bbox 420 3391 516 3447; x_wconf 89' lang='lat' dir='ltr'><strong>Dei</strong></span> <span class='ocrx_word' id='word_1_483' title='bbox 549 3399 605 3447; x_wconf 87' lang='lat' dir='ltr'><strong>et</strong></span> <span class='ocrx_word' id='word_1_484' title='bbox 642 3390 1014 3456; x_wconf 81' lang='lat' dir='ltr'><strong>dilectionem;</strong></span> <span class='ocrx_word' id='word_1_485' title='bbox 1057 3398 1112 3445; x_wconf 91' lang='lat' dir='ltr'><strong>et</strong></span> <span class='ocrx_word' id='word_1_486' title='bbox 1153 3389 1437 3446; x_wconf 87' lang='lat' dir='ltr'><strong>subdidisti</strong></span> <span class='ocrx_word' id='word_1_487' title='bbox 1479 3398 1533 3444; x_wconf 87' lang='lat' dir='ltr'><strong>te</strong></span> <span class='ocrx_word' id='word_1_488' title='bbox 1566 3389 1800 3445; x_wconf 87' lang='lat' dir='ltr'><strong>delecta-</strong></span> 
     </span>
    </p>
   </div>
   <div class='ocr_carea' id='block_1_63' title="bbox 215 3464 1804 3545">
    <p class='ocr_par' dir='ltr' id='par_1_63' title="bbox 215 3464 1804 3545">
     <span class='ocr_line' id='line_1_63' title="bbox 215 3464 1804 3545; baseline -0.003 -7"><span class='ocrx_word' id='word_1_489' title='bbox 215 3481 456 3539; x_wconf 88' lang='lat' dir='ltr'><strong>tionibus</strong></span> <span class='ocrx_word' id='word_1_490' title='bbox 477 3464 832 3538; x_wconf 68' lang='lat' dir='ltr'><strong>saicularibus</strong></span> <span class='ocrx_word' id='word_1_491' title='bbox 855 3489 911 3537; x_wconf 89' lang='lat' dir='ltr'><strong>et</strong></span> <span class='ocrx_word' id='word_1_492' title='bbox 940 3480 1190 3545; x_wconf 83' lang='lat' dir='ltr'><strong>terrenis,</strong></span> <span class='ocrx_word' id='word_1_493' title='bbox 1216 3480 1356 3534; x_wconf 89' lang='lat' dir='ltr'><strong>sicut</strong></span> <span class='ocrx_word' id='word_1_494' title='bbox 1381 3478 1577 3534; x_wconf 85' lang='lat' dir='ltr'><strong>mulier</strong></span> <span class='ocrx_word' id='word_1_495' title='bbox 1600 3478 1804 3534; x_wconf 86' lang='lat' dir='ltr'><strong>deserit</strong></span> 
     </span>
    </p>
   </div>
   <div class='ocr_carea' id='block_1_64' title="bbox 214 3570 1801 3647">
    <p class='ocr_par' dir='ltr' id='par_1_64' title="bbox 214 3570 1801 3647">
     <span class='ocr_line' id='line_1_64' title="bbox 214 3570 1801 3647; baseline -0.004 -15"><span class='ocrx_word' id='word_1_496' title='bbox 214 3577 451 3647; x_wconf 87' lang='lat' dir='ltr'><strong>primum</strong></span> <span class='ocrx_word' id='word_1_497' title='bbox 484 3575 590 3631; x_wconf 81' lang='lat' dir='ltr'><strong>viri</strong></span> <span class='ocrx_word' id='word_1_498' title='bbox 635 3589 903 3641; x_wconf 88' lang='lat' dir='ltr'><strong>amorem,</strong></span> <span class='ocrx_word' id='word_1_499' title='bbox 943 3582 1001 3630; x_wconf 90' lang='lat' dir='ltr'><strong>et</strong></span> <span class='ocrx_word' id='word_1_500' title='bbox 1036 3572 1218 3644; x_wconf 87' lang='lat' dir='ltr'><strong>jungit</strong></span> <span class='ocrx_word' id='word_1_501' title='bbox 1263 3588 1324 3629; x_wconf 85' lang='lat' dir='ltr'><strong>se</strong></span> <span class='ocrx_word' id='word_1_502' title='bbox 1363 3572 1628 3628; x_wconf 85' lang='lat' dir='ltr'><strong>adultero.</strong></span> <span class='ocrx_word' id='word_1_503' title='bbox 1665 3570 1801 3626; x_wconf 88' lang='lat' dir='ltr'><strong>Dum</strong></span> 
     </span>
    </p>
   </div>
   <div class='ocr_carea' id='block_1_65' title="bbox 215 3664 1805 3737">
    <p class='ocr_par' dir='ltr' id='par_1_65' title="bbox 215 3664 1805 3737">
     <span class='ocr_line' id='line_1_65' title="bbox 215 3664 1805 3737; baseline -0.003 -13"><span class='ocrx_word' id='word_1_504' title='bbox 215 3668 361 3724; x_wconf 86' lang='lat' dir='ltr'><strong>enim</strong></span> <span class='ocrx_word' id='word_1_505' title='bbox 386 3684 414 3721; x_wconf 89' lang='lat' dir='ltr'><strong>a</strong></span> <span class='ocrx_word' id='word_1_506' title='bbox 437 3667 759 3737; x_wconf 75' lang='lat' dir='ltr'><strong>quibusdam</strong></span> <span class='ocrx_word' id='word_1_507' title='bbox 784 3668 1023 3725; x_wconf 80' lang='lat' dir='ltr'><strong>charitas</strong></span> <span class='ocrx_word' id='word_1_508' title='bbox 1066 3667 1319 3721; x_wconf 87' lang='lat' dir='ltr'><strong>inchoata</strong></span> <span class='ocrx_word' id='word_1_509' title='bbox 1360 3664 1652 3734; x_wconf 86' lang='lat' dir='ltr'><strong>repellitur,</strong></span> <span class='ocrx_word' id='word_1_510' title='bbox 1677 3679 1805 3734; x_wconf 86' lang='lat' dir='ltr'><strong>pro-</strong></span> 
     </span>
    </p>
   </div>
   <div class='ocr_carea' id='block_1_66' title="bbox 216 3755 1802 3827">
    <p class='ocr_par' dir='ltr' id='par_1_66' title="bbox 216 3755 1802 3827">
     <span class='ocr_line' id='line_1_66' title="bbox 216 3755 1802 3827; baseline -0.004 -12"><span class='ocrx_word' id='word_1_511' title='bbox 216 3760 367 3816; x_wconf 84' lang='lat' dir='ltr'><strong>tinus</strong></span> <span class='ocrx_word' id='word_1_512' title='bbox 396 3757 661 3827; x_wconf 86' lang='lat' dir='ltr'><strong>cupiditas</strong></span> <span class='ocrx_word' id='word_1_513' title='bbox 686 3756 866 3813; x_wconf 71' lang='lat' dir='ltr'><strong>muli</strong></span> <span class='ocrx_word' id='word_1_514' title='bbox 896 3757 1275 3819; x_wconf 83' lang='lat' dir='ltr'><strong>introducitur,</strong></span> <span class='ocrx_word' id='word_1_515' title='bbox 1310 3755 1476 3825; x_wconf 81' lang='lat' dir='ltr'><strong>ﬁtque</strong></span> <span class='ocrx_word' id='word_1_516' title='bbox 1515 3756 1674 3810; x_wconf 88' lang='lat' dir='ltr'><strong>modo</strong></span> <span class='ocrx_word' id='word_1_517' title='bbox 1700 3755 1802 3809; x_wconf 87' lang='lat' dir='ltr'><strong>mi-</strong></span> 
     </span>
    </p>
   </div>
   <div class='ocr_carea' id='block_1_67' title="bbox 219 3835 1807 3915">
    <p class='ocr_par' dir='ltr' id='par_1_67' title="bbox 219 3835 1807 3915">
     <span class='ocr_line' id='line_1_67' title="bbox 219 3835 1807 3915; baseline -0.003 -8"><span class='ocrx_word' id='word_1_518' title='bbox 219 3849 471 3915; x_wconf 76' lang='lat' dir='ltr'><strong>serabili,</strong></span> <span class='ocrx_word' id='word_1_519' title='bbox 499 3859 560 3902; x_wconf 89' lang='lat' dir='ltr'><strong>ut</strong></span> <span class='ocrx_word' id='word_1_520' title='bbox 585 3835 697 3904; x_wconf 46' lang='lat' dir='ltr'><strong>nec.</strong></span> <span class='ocrx_word' id='word_1_521' title='bbox 712 3849 781 3903; x_wconf 86' lang='lat' dir='ltr'><strong>ad</strong></span> <span class='ocrx_word' id='word_1_522' title='bbox 804 3850 1126 3902; x_wconf 82' lang='lat' dir='ltr'><strong>memoriam</strong></span> <span class='ocrx_word' id='word_1_523' title='bbox 1164 3849 1253 3901; x_wconf 89' lang='lat' dir='ltr'><strong>illa</strong></span> <span class='ocrx_word' id='word_1_524' title='bbox 1294 3848 1498 3911; x_wconf 88' lang='lat' dir='ltr'><strong>redeat,</strong></span> <span class='ocrx_word' id='word_1_525' title='bbox 1535 3862 1657 3902; x_wconf 89' lang='lat' dir='ltr'><strong>cum</strong></span> <span class='ocrx_word' id='word_1_526' title='bbox 1692 3848 1807 3903; x_wconf 67' lang='lat' dir='ltr'><strong>lucc</strong></span> 
     </span>
    </p>
   </div>
   <div class='ocr_carea' id='block_1_68' title="bbox 220 3938 1808 4010">
    <p class='ocr_par' dir='ltr' id='par_1_68' title="bbox 220 3938 1808 4010">
     <span class='ocr_line' id='line_1_68' title="bbox 220 3938 1808 4010; baseline -0.003 -14"><span class='ocrx_word' id='word_1_527' title='bbox 220 3948 459 3997; x_wconf 80' lang='lat' dir='ltr'><strong>mentem</strong></span> <span class='ocrx_word' id='word_1_528' title='bbox 506 3940 665 4009; x_wconf 86' lang='lat' dir='ltr'><strong>plene</strong></span> <span class='ocrx_word' id='word_1_529' title='bbox 702 3939 1023 4010; x_wconf 84' lang='lat' dir='ltr'><strong>possederit.</strong></span> <span class='ocrx_word' id='word_1_530' title='bbox 1074 3938 1282 3992; x_wconf 71' lang='lat' dir='ltr'><strong>Memor</strong></span> <span class='ocrx_word' id='word_1_531' title='bbox 1319 3947 1426 3992; x_wconf 85' lang='lat' dir='ltr'><strong>esto</strong></span> <span class='ocrx_word' id='word_1_532' title='bbox 1465 3939 1641 4008; x_wconf 80' lang='lat' dir='ltr'><strong>itaque</strong></span> <span class='ocrx_word' id='word_1_533' title='bbox 1668 3938 1808 3992; x_wconf 77' lang='lat' dir='ltr'><strong>unde</strong></span> 
     </span>
    </p>
   </div>
   <div class='ocr_carea' id='block_1_69' title="bbox 198 4030 1807 4103">
    <p class='ocr_par' dir='ltr' id='par_1_69' title="bbox 198 4030 1807 4103">
     <span class='ocr_line' id='line_1_69' title="bbox 198 4030 1807 4103; baseline -0.001 -16"><span class='ocrx_word' id='word_1_534' title='bbox 198 4031 503 4098; x_wconf 63' lang='lat' dir='ltr'><strong>excideris,</strong></span> <span class='ocrx_word' id='word_1_535' title='bbox 520 4033 581 4087; x_wconf 78' lang='lat' dir='ltr'><strong>id</strong></span> <span class='ocrx_word' id='word_1_536' title='bbox 605 4030 690 4088; x_wconf 83' lang='lat' dir='ltr'><strong>est</strong></span> <span class='ocrx_word' id='word_1_537' title='bbox 716 4048 747 4087; x_wconf 91' lang='lat' dir='ltr'><strong>a</strong></span> <span class='ocrx_word' id='word_1_538' title='bbox 773 4046 878 4103; x_wconf 89' lang='lat' dir='ltr'><strong>qua</strong></span> <span class='ocrx_word' id='word_1_539' title='bbox 903 4032 1078 4101; x_wconf 79' lang='lat' dir='ltr'><strong>gratia</strong></span> <span class='ocrx_word' id='word_1_540' title='bbox 1109 4040 1397 4102; x_wconf 80' lang='lat' dir='ltr'><strong>separatus</strong></span> <span class='ocrx_word' id='word_1_541' title='bbox 1415 4032 1512 4095; x_wconf 84' lang='lat' dir='ltr'><strong>sis,</strong></span> <span class='ocrx_word' id='word_1_542' title='bbox 1537 4031 1628 4100; x_wconf 90' lang='lat' dir='ltr'><strong>qui</strong></span> <span class='ocrx_word' id='word_1_543' title='bbox 1657 4030 1807 4101; x_wconf 83' lang='lat' dir='ltr'><strong>prius</strong></span> 
     </span>
    </p>
   </div>
   <div class='ocr_carea' id='block_1_70' title="bbox 203 4116 1805 4196">
    <p class='ocr_par' dir='ltr' id='par_1_70' title="bbox 203 4116 1805 4196">
     <span class='ocr_line' id='line_1_70' title="bbox 203 4116 1805 4196; baseline 0 -18"><span class='ocrx_word' id='word_1_544' title='bbox 203 4125 355 4179; x_wconf 81' lang='lat' dir='ltr'><strong>mihi</strong></span> <span class='ocrx_word' id='word_1_545' title='bbox 398 4116 718 4193; x_wconf 75' lang='lat' dir='ltr'><strong>coniunctus</strong></span> <span class='ocrx_word' id='word_1_546' title='bbox 758 4125 1046 4196; x_wconf 86' lang='lat' dir='ltr'><strong>splendore</strong></span> <span class='ocrx_word' id='word_1_547' title='bbox 1094 4123 1702 4196; x_wconf 76' lang='lat' dir='ltr'><strong>sanctitatis-fidgebas;</strong></span> <span class='ocrx_word' id='word_1_548' title='bbox 1738 4122 1805 4178; x_wconf 77' lang='lat' dir='ltr'><strong>Et</strong></span> 
     </span>
    </p>
   </div>
   <div class='ocr_carea' id='block_1_71' title="bbox 198 4217 1805 4289">
    <p class='ocr_par' dir='ltr' id='par_1_71' title="bbox 198 4217 1805 4289">
     <span class='ocr_line' id='line_1_71' title="bbox 198 4217 1805 4289; baseline 0.001 -19"><span class='ocrx_word' id='word_1_549' title='bbox 198 4230 320 4287; x_wconf 72' lang='lat' dir='ltr'><strong>.age</strong></span> <span class='ocrx_word' id='word_1_550' title='bbox 347 4217 721 4287; x_wconf 67' lang='lat' dir='ltr'><strong>penitentiam,</strong></span> <span class='ocrx_word' id='word_1_551' title='bbox 743 4233 843 4289; x_wconf 87' lang='lat' dir='ltr'><strong>pro</strong></span> <span class='ocrx_word' id='word_1_552' title='bbox 866 4233 933 4273; x_wconf 91' lang='lat' dir='ltr'><strong>eo</strong></span> <span class='ocrx_word' id='word_1_553' title='bbox 953 4219 1093 4289; x_wconf 88' lang='lat' dir='ltr'><strong>quod</strong></span> <span class='ocrx_word' id='word_1_554' title='bbox 1124 4232 1212 4273; x_wconf 89' lang='lat' dir='ltr'><strong>me</strong></span> <span class='ocrx_word' id='word_1_555' title='bbox 1233 4217 1587 4288; x_wconf 86' lang='lat' dir='ltr'><strong>dereliquisti,</strong></span> <span class='ocrx_word' id='word_1_556' title='bbox 1613 4226 1671 4272; x_wconf 88' lang='lat' dir='ltr'><strong>et</strong></span> <span class='ocrx_word' id='word_1_557' title='bbox 1699 4225 1805 4272; x_wconf 91' lang='lat' dir='ltr'><strong>ter-</strong></span> 
     </span>
    </p>
   </div>
   <div class='ocr_carea' id='block_1_72' title="bbox 222 4303 1802 4381">
    <p class='ocr_par' dir='ltr' id='par_1_72' title="bbox 222 4303 1802 4381">
     <span class='ocr_line' id='line_1_72' title="bbox 222 4303 1802 4381; baseline 0.002 -19"><span class='ocrx_word' id='word_1_558' title='bbox 222 4321 415 4363; x_wconf 78' lang='lat' dir='ltr'><strong>renum</strong></span> <span class='ocrx_word' id='word_1_559' title='bbox 461 4303 700 4363; x_wconf 82' lang='lat' dir='ltr'><strong>amorem</strong></span> <span class='ocrx_word' id='word_1_560' title='bbox 744 4319 1004 4381; x_wconf 84' lang='lat' dir='ltr'><strong>tanquam</strong></span> <span class='ocrx_word' id='word_1_561' title='bbox 1035 4310 1229 4365; x_wconf 85' lang='lat' dir='ltr'><strong>mulier</strong></span> <span class='ocrx_word' id='word_1_562' title='bbox 1273 4310 1573 4365; x_wconf 86' lang='lat' dir='ltr'><strong>adulterum</strong></span> <span class='ocrx_word' id='word_1_563' title='bbox 1618 4320 1802 4365; x_wconf 83' lang='lat' dir='ltr'><strong>susce-</strong></span> 
     </span>
    </p>
   </div>
   <div class='ocr_carea' id='block_1_73' title="bbox 1900 3392 3489 3470">
    <p class='ocr_par' dir='ltr' id='par_1_73' title="bbox 1900 3392 3489 3470">
     <span class='ocr_line' id='line_1_73' title="bbox 1900 3392 3489 3470; baseline -0.004 -16"><span class='ocrx_word' id='word_1_564' title='bbox 1900 3399 2087 3468; x_wconf 75' lang='lat' dir='ltr'><strong>ﬁxum,</strong></span> <span class='ocrx_word' id='word_1_565' title='bbox 2103 3397 2308 3453; x_wconf 77' lang='lat' dir='ltr'><strong>Judteis</strong></span> <span class='ocrx_word' id='word_1_566' title='bbox 2329 3398 2537 3470; x_wconf 81' lang='lat' dir='ltr'><strong>quidem</strong></span> <span class='ocrx_word' id='word_1_567' title='bbox 2556 3397 2883 3465; x_wconf 84' lang='lat' dir='ltr'><strong>scandalum,</strong></span> <span class='ocrx_word' id='word_1_568' title='bbox 2908 3396 3141 3468; x_wconf 82' lang='lat' dir='ltr'><strong>gentibus</strong></span> <span class='ocrx_word' id='word_1_569' title='bbox 3159 3405 3337 3450; x_wconf 72' lang='lat' dir='ltr'><strong>autem</strong></span> <span class='ocrx_word' id='word_1_570' title='bbox 3356 3392 3489 3449; x_wconf 73' lang='lat' dir='ltr'><strong>stul-</strong></span> 
     </span>
    </p>
   </div>
   <div class='ocr_carea' id='block_1_74' title="bbox 1902 3484 3489 3559">
    <p class='ocr_par' dir='ltr' id='par_1_74' title="bbox 1902 3484 3489 3559">
     <span class='ocr_line' id='line_1_74' title="bbox 1902 3484 3489 3559; baseline -0.002 -18"><span class='ocrx_word' id='word_1_571' title='bbox 1902 3489 2077 3542; x_wconf 80' lang='lat' dir='ltr'><strong>titiam</strong></span> <span class='ocrx_word' id='word_1_572' title='bbox 2098 3487 2149 3556; x_wconf 90' lang='grc' dir='ltr'><strong>(Ι</strong></span> <span class='ocrx_word' id='word_1_573' title='bbox 2177 3487 2303 3542; x_wconf 86' lang='lat' dir='ltr'><strong>Cor.</strong></span> <span class='ocrx_word' id='word_1_574' title='bbox 2329 3488 2389 3559; x_wconf 84' lang='grc' dir='ltr'><strong>ι).</strong></span> <span class='ocrx_word' id='word_1_575' title='bbox 2420 3487 2554 3543; x_wconf 85' lang='lat' dir='ltr'><strong>Nam</strong></span> <span class='ocrx_word' id='word_1_576' title='bbox 2581 3488 2637 3543; x_wconf 88' lang='lat' dir='ltr'><strong>hi</strong></span> <span class='ocrx_word' id='word_1_577' title='bbox 2663 3487 3023 3544; x_wconf 90' lang='lat' dir='ltr'><strong>communiter</strong></span> <span class='ocrx_word' id='word_1_578' title='bbox 3051 3495 3279 3542; x_wconf 77' lang='lat' dir='ltr'><strong>utun‘ur</strong></span> <span class='ocrx_word' id='word_1_579' title='bbox 3298 3484 3489 3540; x_wconf 49' lang='lat' dir='ltr'><strong>uxori-4</strong></span> 
     </span>
    </p>
   </div>
   <div class='ocr_carea' id='block_1_75' title="bbox 1902 3564 3488 3650">
    <p class='ocr_par' dir='ltr' id='par_1_75' title="bbox 1902 3564 3488 3650">
     <span class='ocr_line' id='line_1_75' title="bbox 1902 3564 3488 3650; baseline -0.002 -15"><span class='ocrx_word' id='word_1_580' title='bbox 1902 3579 2036 3642; x_wconf 88' lang='lat' dir='ltr'><strong>bus,</strong></span> <span class='ocrx_word' id='word_1_581' title='bbox 2086 3564 2155 3635; x_wconf 85' lang='lat' dir='ltr'><strong>et</strong></span> <span class='ocrx_word' id='word_1_582' title='bbox 2183 3578 2481 3650; x_wconf 85' lang='lat' dir='ltr'><strong>idolothyta</strong></span> <span class='ocrx_word' id='word_1_583' title='bbox 2529 3578 2857 3645; x_wconf 86' lang='lat' dir='ltr'><strong>comedunt,</strong></span> <span class='ocrx_word' id='word_1_584' title='bbox 2894 3586 3058 3647; x_wconf 85' lang='lat' dir='ltr'><strong>atque</strong></span> <span class='ocrx_word' id='word_1_585' title='bbox 3103 3576 3273 3647; x_wconf 84' lang='lat' dir='ltr'><strong>hujus</strong></span> <span class='ocrx_word' id='word_1_586' title='bbox 3304 3574 3488 3632; x_wconf 67' lang='lat' dir='ltr'><strong>saeculi</strong></span> 
     </span>
    </p>
   </div>
   <div class='ocr_carea' id='block_1_76' title="bbox 1904 3665 3488 3735">
    <p class='ocr_par' dir='ltr' id='par_1_76' title="bbox 1904 3665 3488 3735">
     <span class='ocr_line' id='line_1_76' title="bbox 1904 3665 3488 3735; baseline -0.004 -8"><span class='ocrx_word' id='word_1_587' title='bbox 1904 3670 2210 3727; x_wconf 85' lang='lat' dir='ltr'><strong>conditores</strong></span> <span class='ocrx_word' id='word_1_588' title='bbox 2258 3670 2505 3726; x_wconf 87' lang='lat' dir='ltr'><strong>homines</strong></span> <span class='ocrx_word' id='word_1_589' title='bbox 2535 3683 2671 3725; x_wconf 51' lang='lat' dir='ltr'><strong>esse&#39;</strong></span> <span class='ocrx_word' id='word_1_590' title='bbox 2699 3667 2988 3735; x_wconf 71' lang='lat' dir='ltr'><strong>aﬂirmant,</strong></span> <span class='ocrx_word' id='word_1_591' title='bbox 3026 3668 3080 3723; x_wconf 91' lang='lat' dir='ltr'><strong>id</strong></span> <span class='ocrx_word' id='word_1_592' title='bbox 3128 3676 3254 3723; x_wconf 56' lang='lat' dir='ltr'><strong>est»:</strong></span> <span class='ocrx_word' id='word_1_593' title='bbox 3276 3665 3488 3731; x_wconf 74' lang='lat' dir='ltr'><strong>Jovem,</strong></span> 
     </span>
    </p>
   </div>
   <div class='ocr_carea' id='block_1_77' title="bbox 1907 3765 3490 3837">
    <p class='ocr_par' dir='ltr' id='par_1_77' title="bbox 1907 3765 3490 3837">
     <span class='ocr_line' id='line_1_77' title="bbox 1907 3765 3490 3837; baseline 0 -17"><span class='ocrx_word' id='word_1_594' title='bbox 1907 3765 2222 3832; x_wconf 86' lang='lat' dir='ltr'><strong>Saturnum,</strong></span> <span class='ocrx_word' id='word_1_595' title='bbox 2255 3774 2309 3822; x_wconf 92' lang='lat' dir='ltr'><strong>et</strong></span> <span class='ocrx_word' id='word_1_596' title='bbox 2335 3767 2591 3837; x_wconf 84' lang='lat' dir='ltr'><strong>reliquos,</strong></span> <span class='ocrx_word' id='word_1_597' title='bbox 2619 3768 2711 3837; x_wconf 91' lang='lat' dir='ltr'><strong>qui</strong></span> <span class='ocrx_word' id='word_1_598' title='bbox 2743 3767 2869 3821; x_wconf 89' lang='lat' dir='ltr'><strong>licet</strong></span> <span class='ocrx_word' id='word_1_599' title='bbox 2888 3767 2956 3821; x_wconf 82' lang='lat' dir='ltr'><strong>ab</strong></span> <span class='ocrx_word' id='word_1_600' title='bbox 2981 3766 3087 3821; x_wconf 84' lang='lat' dir='ltr'><strong>illis</strong></span> <span class='ocrx_word' id='word_1_601' title='bbox 3110 3766 3183 3822; x_wconf 87' lang='lat' dir='ltr'><strong>dii</strong></span> <span class='ocrx_word' id='word_1_602' title='bbox 3208 3773 3490 3837; x_wconf 64' lang='lat' dir='ltr'><strong>putentur;</strong></span> 
     </span>
    </p>
   </div>
   <div class='ocr_carea' id='block_1_78' title="bbox 1907 3854 3492 3927">
    <p class='ocr_par' dir='ltr' id='par_1_78' title="bbox 1907 3854 3492 3927">
     <span class='ocr_line' id='line_1_78' title="bbox 1907 3854 3492 3927; baseline -0.001 -15"><span class='ocrx_word' id='word_1_603' title='bbox 1907 3858 2153 3913; x_wconf 76' lang='lat' dir='ltr'><strong>homines</strong></span> <span class='ocrx_word' id='word_1_604' title='bbox 2191 3867 2371 3913; x_wconf 86' lang='lat' dir='ltr'><strong>tamen</strong></span> <span class='ocrx_word' id='word_1_605' title='bbox 2403 3855 2642 3923; x_wconf 81' lang='lat' dir='ltr'><strong>fuerunt,</strong></span> <span class='ocrx_word' id='word_1_606' title='bbox 2662 3858 2819 3912; x_wconf 80' lang='lat' dir='ltr'><strong>etin</strong></span> <span class='ocrx_word' id='word_1_607' title='bbox 2840 3858 2942 3911; x_wconf 86' lang='lat' dir='ltr'><strong>hac</strong></span> <span class='ocrx_word' id='word_1_608' title='bbox 2969 3866 3135 3922; x_wconf 86' lang='lat' dir='ltr'><strong>terra,</strong></span> <span class='ocrx_word' id='word_1_609' title='bbox 3165 3857 3290 3912; x_wconf 89' lang='lat' dir='ltr'><strong>licet</strong></span> <span class='ocrx_word' id='word_1_610' title='bbox 3320 3854 3492 3927; x_wconf 77' lang='lat' dir='ltr'><strong>turpi-</strong></span> 
     </span>
    </p>
   </div>
   <div class='ocr_carea' id='block_1_79' title="bbox 1906 3946 3493 4018">
    <p class='ocr_par' dir='ltr' id='par_1_79' title="bbox 1906 3946 3493 4018">
     <span class='ocr_line' id='line_1_79' title="bbox 1906 3946 3493 4018; baseline 0.001 -16"><span class='ocrx_word' id='word_1_611' title='bbox 1906 3955 1991 4002; x_wconf 88' lang='lat' dir='ltr'><strong>ter</strong></span> <span class='ocrx_word' id='word_1_612' title='bbox 2016 3946 2183 4001; x_wconf 86' lang='lat' dir='ltr'><strong>vitam</strong></span> <span class='ocrx_word' id='word_1_613' title='bbox 2212 3946 2501 4012; x_wconf 85' lang='lat' dir='ltr'><strong>ducentes,</strong></span> <span class='ocrx_word' id='word_1_614' title='bbox 2536 3946 3236 4018; x_wconf 59' lang='lat' dir='ltr'><strong>regiiaverunt.:8igniﬁcat</strong></span> <span class='ocrx_word' id='word_1_615' title='bbox 3278 3960 3493 4018; x_wconf 86' lang='lat' dir='ltr'><strong>quoque</strong></span> 
     </span>
    </p>
   </div>
   <div class='ocr_carea' id='block_1_80' title="bbox 1905 4035 3494 4106">
    <p class='ocr_par' dir='ltr' id='par_1_80' title="bbox 1905 4035 3494 4106">
     <span class='ocr_line' id='line_1_80' title="bbox 1905 4035 3494 4106; baseline 0.002 -16"><span class='ocrx_word' id='word_1_616' title='bbox 1905 4035 2158 4090; x_wconf 84' lang='lat' dir='ltr'><strong>Nicotaus</strong></span> <span class='ocrx_word' id='word_1_617' title='bbox 2199 4035 2512 4100; x_wconf 81' lang='lat' dir='ltr'><strong>haereticos,</strong></span> <span class='ocrx_word' id='word_1_618' title='bbox 2555 4036 2647 4105; x_wconf 89' lang='lat' dir='ltr'><strong>qui</strong></span> <span class='ocrx_word' id='word_1_619' title='bbox 2691 4050 2812 4091; x_wconf 84' lang='lat' dir='ltr'><strong>cum</strong></span> <span class='ocrx_word' id='word_1_620' title='bbox 2842 4036 2914 4091; x_wconf 83' lang='lat' dir='ltr'><strong>de</strong></span> <span class='ocrx_word' id='word_1_621' title='bbox 2940 4037 3222 4106; x_wconf 79' lang='lat' dir='ltr'><strong>sapientia</strong></span> <span class='ocrx_word' id='word_1_622' title='bbox 3253 4037 3347 4091; x_wconf 88' lang='lat' dir='ltr'><strong>Dei</strong></span> <span class='ocrx_word' id='word_1_623' title='bbox 3388 4037 3494 4093; x_wconf 81' lang='lat' dir='ltr'><strong>Pa-</strong></span> 
     </span>
    </p>
   </div>
   <div class='ocr_carea' id='block_1_81' title="bbox 1906 4122 3495 4215">
    <p class='ocr_par' dir='ltr' id='par_1_81' title="bbox 1906 4122 3495 4215">
     <span class='ocr_line' id='line_1_81' title="bbox 1906 4122 3495 4215; baseline 0.001 -34"><span class='ocrx_word' id='word_1_624' title='bbox 1906 4127 2027 4192; x_wconf 89' lang='lat' dir='ltr'><strong>tris,</strong></span> <span class='ocrx_word' id='word_1_625' title='bbox 2050 4136 2169 4195; x_wconf 71' lang='lat' dir='ltr'><strong>quze</strong></span> <span class='ocrx_word' id='word_1_626' title='bbox 2198 4133 2282 4182; x_wconf 89' lang='lat' dir='ltr'><strong>est</strong></span> <span class='ocrx_word' id='word_1_627' title='bbox 2319 4125 2489 4181; x_wconf 86' lang='lat' dir='ltr'><strong>Filius</strong></span> <span class='ocrx_word' id='word_1_628' title='bbox 2482 4167 2522 4215; x_wconf 57' lang='lat'><strong>.,</strong></span> <span class='ocrx_word' id='word_1_629' title='bbox 2549 4141 2677 4192; x_wconf 81' lang='lat' dir='ltr'><strong>vera</strong></span> <span class='ocrx_word' id='word_1_630' title='bbox 2708 4140 2814 4181; x_wconf 88' lang='lat' dir='ltr'><strong>non</strong></span> <span class='ocrx_word' id='word_1_631' title='bbox 2840 4122 3112 4193; x_wconf 79' lang='lat' dir='ltr'><strong>sentiunt,</strong></span> <span class='ocrx_word' id='word_1_632' title='bbox 3140 4126 3267 4183; x_wconf 88' lang='lat' dir='ltr'><strong>licet</strong></span> <span class='ocrx_word' id='word_1_633' title='bbox 3299 4140 3495 4184; x_wconf 86' lang='lat' dir='ltr'><strong>secun-</strong></span> 
     </span>
    </p>
   </div>
   <div class='ocr_carea' id='block_1_82' title="bbox 1905 4216 3493 4288">
    <p class='ocr_par' dir='ltr' id='par_1_82' title="bbox 1905 4216 3493 4288">
     <span class='ocr_line' id='line_1_82' title="bbox 1905 4216 3493 4288; baseline 0.002 -16"><span class='ocrx_word' id='word_1_634' title='bbox 1905 4217 2031 4272; x_wconf 91' lang='lat' dir='ltr'><strong>dum</strong></span> <span class='ocrx_word' id='word_1_635' title='bbox 2062 4217 2323 4272; x_wconf 63' lang='lat' dir='ltr'><strong>saxulum</strong></span> <span class='ocrx_word' id='word_1_636' title='bbox 2348 4217 2621 4288; x_wconf 83' lang='lat' dir='ltr'><strong>sapientes</strong></span> <span class='ocrx_word' id='word_1_637' title='bbox 2638 4216 2973 4281; x_wconf 53' lang='lat' dir='ltr'><strong>videantur;</strong></span> <span class='ocrx_word' id='word_1_638' title='bbox 2992 4227 3169 4274; x_wconf 76' lang='lat' dir='ltr'><strong>tamen</strong></span> <span class='ocrx_word' id='word_1_639' title='bbox 3197 4220 3493 4276; x_wconf 78' lang='lat' dir='ltr'><strong>secundum</strong></span> 
     </span>
    </p>
   </div>
   <div class='ocr_carea' id='block_1_83' title="bbox 1902 4307 3494 4369">
    <p class='ocr_par' dir='ltr' id='par_1_83' title="bbox 1902 4307 3494 4369">
     <span class='ocr_line' id='line_1_83' title="bbox 1902 4307 3494 4369; baseline 0.004 -7"><span class='ocrx_word' id='word_1_640' title='bbox 1902 4308 2073 4364; x_wconf 89' lang='lat' dir='ltr'><strong>Deum</strong></span> <span class='ocrx_word' id='word_1_641' title='bbox 2116 4308 2268 4363; x_wconf 86' lang='lat' dir='ltr'><strong>stulti</strong></span> <span class='ocrx_word' id='word_1_642' title='bbox 2314 4315 2460 4364; x_wconf 88' lang='lat' dir='ltr'><strong>sunt.</strong></span> <span class='ocrx_word' id='word_1_643' title='bbox 2514 4307 2652 4362; x_wconf 84' lang='lat' dir='ltr'><strong>Dum</strong></span> <span class='ocrx_word' id='word_1_644' title='bbox 2707 4310 2849 4363; x_wconf 72' lang='lat' dir='ltr'><strong>enim</strong></span> <span class='ocrx_word' id='word_1_645' title='bbox 2887 4309 3083 4365; x_wconf 79' lang='lat' dir='ltr'><strong>‘Arius~</strong></span> <span class='ocrx_word' id='word_1_646' title='bbox 3111 4310 3216 4366; x_wconf 75' lang='lat' dir='ltr'><strong>vel</strong></span> <span class='ocrx_word' id='word_1_647' title='bbox 3259 4314 3494 4369; x_wconf 61' lang='lat' dir='ltr'><strong>sectati!-</strong></span> 
     </span>
    </p>
   </div>
   <div class='ocr_carea' id='block_1_84' title="bbox 221 4397 3494 4473">
    <p class='ocr_par' dir='ltr' id='par_1_84' title="bbox 221 4397 3494 4473">
     <span class='ocr_line' id='line_1_84' title="bbox 221 4397 3494 4473; baseline 0.001 -20"><span class='ocrx_word' id='word_1_648' title='bbox 221 4400 377 4470; x_wconf 80' lang='lat' dir='ltr'><strong>pisti,</strong></span> <span class='ocrx_word' id='word_1_649' title='bbox 418 4409 473 4454; x_wconf 89' lang='lat' dir='ltr'><strong>et</strong></span> <span class='ocrx_word' id='word_1_650' title='bbox 512 4400 689 4470; x_wconf 87' lang='lat' dir='ltr'><strong>prima</strong></span> <span class='ocrx_word' id='word_1_651' title='bbox 732 4414 897 4471; x_wconf 88' lang='lat' dir='ltr'><strong>opera</strong></span> <span class='ocrx_word' id='word_1_652' title='bbox 942 4401 1059 4467; x_wconf 81' lang='lat' dir='ltr'><strong>fac,</strong></span> <span class='ocrx_word' id='word_1_653' title='bbox 1106 4402 1157 4456; x_wconf 91' lang='lat' dir='ltr'><strong>id</strong></span> <span class='ocrx_word' id='word_1_654' title='bbox 1195 4409 1276 4456; x_wconf 81' lang='lat' dir='ltr'><strong>est</strong></span> <span class='ocrx_word' id='word_1_655' title='bbox 1311 4401 1422 4456; x_wconf 90' lang='lat' dir='ltr'><strong>redi</strong></span> <span class='ocrx_word' id='word_1_656' title='bbox 1468 4402 1527 4456; x_wconf 90' lang='lat' dir='ltr'><strong>in</strong></span> <span class='ocrx_word' id='word_1_657' title='bbox 1560 4412 1798 4456; x_wconf 89' lang='lat' dir='ltr'><strong>amorem</strong></span> <span class='ocrx_word' id='word_1_658' title='bbox 1902 4414 1992 4455; x_wconf 83' lang='lat' dir='ltr'><strong>res</strong></span> <span class='ocrx_word' id='word_1_659' title='bbox 2019 4397 2294 4455; x_wconf 87' lang='lat' dir='ltr'><strong>Christum</strong></span> <span class='ocrx_word' id='word_1_660' title='bbox 2335 4408 2640 4455; x_wconf 83' lang='lat' dir='ltr'><strong>creaturam</strong></span> <span class='ocrx_word' id='word_1_661' title='bbox 2671 4411 2795 4455; x_wconf 86' lang='lat' dir='ltr'><strong>esse</strong></span> <span class='ocrx_word' id='word_1_662' title='bbox 2830 4398 3128 4467; x_wconf 74' lang='lat' dir='ltr'><strong>affirmant,</strong></span> <span class='ocrx_word' id='word_1_663' title='bbox 3156 4399 3297 4456; x_wconf 38' lang='lat' dir='ltr'><strong>‘fatui</strong></span> <span class='ocrx_word' id='word_1_664' title='bbox 3327 4411 3494 4473; x_wconf 85' lang='lat' dir='ltr'><strong>atque</strong></span> 
     </span>
    </p>
   </div>
   <div class='ocr_carea' id='block_1_85' title="bbox 222 4490 3499 4564">
    <p class='ocr_par' dir='ltr' id='par_1_85' title="bbox 222 4490 3499 4564">
     <span class='ocr_line' id='line_1_85' title="bbox 222 4490 3499 4564; baseline 0.001 -18"><span class='ocrx_word' id='word_1_665' title='bbox 222 4493 419 4563; x_wconf 84' lang='lat' dir='ltr'><strong>prioris</strong></span> <span class='ocrx_word' id='word_1_666' title='bbox 443 4493 561 4547; x_wconf 85' lang='lat' dir='ltr'><strong>viri.</strong></span> <span class='ocrx_word' id='word_1_667' title='bbox 582 4511 596 4557; x_wconf 84' lang='lat'><strong>;</strong></span> <span class='ocrx_word' id='word_1_668' title='bbox 620 4495 701 4548; x_wconf 76' lang='lat' dir='ltr'><strong>sin</strong></span> <span class='ocrx_word' id='word_1_669' title='bbox 728 4504 925 4558; x_wconf 83' lang='lat' dir='ltr'><strong>autem,</strong></span> <span class='ocrx_word' id='word_1_670' title='bbox 949 4494 1096 4548; x_wconf 75' lang='lat' dir='ltr'><strong>venio</strong></span> <span class='ocrx_word' id='word_1_671' title='bbox 1117 4493 1231 4559; x_wconf 82' lang='lat' dir='ltr'><strong>tibi,</strong></span> <span class='ocrx_word' id='word_1_672' title='bbox 1261 4502 1315 4549; x_wconf 84' lang='lat' dir='ltr'><strong>et</strong></span> <span class='ocrx_word' id='word_1_673' title='bbox 1338 4493 1678 4564; x_wconf 84' lang='lat' dir='ltr'><strong>praesentiam</strong></span> <span class='ocrx_word' id='word_1_674' title='bbox 1707 4494 1802 4549; x_wconf 71' lang='lat' dir='ltr'><strong>irte</strong></span> <span class='ocrx_word' id='word_1_675' title='bbox 1901 4490 2050 4546; x_wconf 85' lang='lat' dir='ltr'><strong>stulti</strong></span> <span class='ocrx_word' id='word_1_676' title='bbox 2086 4498 2216 4545; x_wconf 88' lang='lat' dir='ltr'><strong>sunt</strong></span> <span class='ocrx_word' id='word_1_677' title='bbox 2250 4507 2263 4543; x_wconf 89' lang='lat'><strong>:</strong></span> <span class='ocrx_word' id='word_1_678' title='bbox 2304 4491 2432 4560; x_wconf 88' lang='lat' dir='ltr'><strong>quia</strong></span> <span class='ocrx_word' id='word_1_679' title='bbox 2467 4491 2594 4547; x_wconf 89' lang='lat' dir='ltr'><strong>dum</strong></span> <span class='ocrx_word' id='word_1_680' title='bbox 2634 4491 2922 4547; x_wconf 85' lang='lat' dir='ltr'><strong>Trinitatis</strong></span> <span class='ocrx_word' id='word_1_681' title='bbox 2959 4493 3317 4548; x_wconf 86' lang='lat' dir='ltr'><strong>substantiam</strong></span> <span class='ocrx_word' id='word_1_682' title='bbox 3360 4494 3499 4549; x_wconf 64' lang='lat' dir='ltr'><strong>cum</strong></span> 
     </span>
    </p>
   </div>
   <div class='ocr_carea' id='block_1_86' title="bbox 222 4580 3492 4651">
    <p class='ocr_par' dir='ltr' id='par_1_86' title="bbox 222 4580 3492 4651">
     <span class='ocr_line' id='line_1_86' title="bbox 222 4580 3492 4651; baseline 0.002 -12"><span class='ocrx_word' id='word_1_683' title='bbox 222 4600 359 4639; x_wconf 68' lang='lat' dir='ltr'><strong>mea:</strong></span> <span class='ocrx_word' id='word_1_684' title='bbox 389 4585 484 4638; x_wconf 88' lang='lat' dir='ltr'><strong>tibi</strong></span> <span class='ocrx_word' id='word_1_685' title='bbox 511 4586 812 4650; x_wconf 86' lang='lat' dir='ltr'><strong>ostendam,</strong></span> <span class='ocrx_word' id='word_1_686' title='bbox 860 4595 909 4639; x_wconf 85' lang='lat' dir='ltr'><strong>et</strong></span> <span class='ocrx_word' id='word_1_687' title='bbox 937 4585 1146 4639; x_wconf 78' lang='lat' dir='ltr'><strong>movebo</strong></span> <span class='ocrx_word' id='word_1_688' title='bbox 1172 4584 1543 4639; x_wconf 71' lang='lat' dir='ltr'><strong>candelabrum</strong></span> <span class='ocrx_word' id='word_1_689' title='bbox 1569 4593 1714 4638; x_wconf 82' lang='lat' dir='ltr'><strong>tuum</strong></span> <span class='ocrx_word' id='word_1_690' title='bbox 1735 4584 1800 4638; x_wconf 82' lang='lat' dir='ltr'><strong>de</strong></span> <span class='ocrx_word' id='word_1_691' title='bbox 1835 4631 1877 4651; x_wconf 57' lang='grc' dir='ltr'>η</span> <span class='ocrx_word' id='word_1_692' title='bbox 1905 4580 2175 4651; x_wconf 81' lang='lat' dir='ltr'><strong>fundunt,</strong></span> <span class='ocrx_word' id='word_1_693' title='bbox 2230 4583 2509 4642; x_wconf 82' lang='lat' dir='ltr'><strong>Christum</strong></span> <span class='ocrx_word' id='word_1_694' title='bbox 2567 4600 2686 4643; x_wconf 77' lang='lat' dir='ltr'><strong>esse</strong></span> <span class='ocrx_word' id='word_1_695' title='bbox 2741 4588 2915 4644; x_wconf 86' lang='lat' dir='ltr'><strong>Deum</strong></span> <span class='ocrx_word' id='word_1_696' title='bbox 2967 4580 3361 4647; x_wconf 77' lang='lat' dir='ltr'><strong>contradicunt.</strong></span> <span class='ocrx_word' id='word_1_697' title='bbox 3390 4590 3492 4645; x_wconf 72' lang='lat' dir='ltr'><strong>De</strong></span> 
     </span>
    </p>
   </div>
   <div class='ocr_carea' id='block_1_87' title="bbox 221 4673 3493 4751">
    <p class='ocr_par' dir='ltr' id='par_1_87' title="bbox 221 4673 3493 4751">
     <span class='ocr_line' id='line_1_87' title="bbox 221 4673 3493 4751; baseline 0.002 -21"><span class='ocrx_word' id='word_1_698' title='bbox 221 4676 339 4730; x_wconf 77' lang='lat' dir='ltr'><strong>loco</strong></span> <span class='ocrx_word' id='word_1_699' title='bbox 358 4692 478 4740; x_wconf 85' lang='lat' dir='ltr'><strong>suo,</strong></span> <span class='ocrx_word' id='word_1_700' title='bbox 505 4677 605 4730; x_wconf 85' lang='lat' dir='ltr'><strong>nisi</strong></span> <span class='ocrx_word' id='word_1_701' title='bbox 632 4677 983 4746; x_wconf 69' lang='lat' dir='ltr'><strong>pwniteutiam</strong></span> <span class='ocrx_word' id='word_1_702' title='bbox 1010 4676 1196 4747; x_wconf 83' lang='lat' dir='ltr'><strong>egeris,</strong></span> <span class='ocrx_word' id='word_1_703' title='bbox 1225 4675 1278 4730; x_wconf 90' lang='lat' dir='ltr'><strong>id</strong></span> <span class='ocrx_word' id='word_1_704' title='bbox 1299 4684 1385 4729; x_wconf 85' lang='lat' dir='ltr'><strong>est</strong></span> <span class='ocrx_word' id='word_1_705' title='bbox 1410 4676 1635 4731; x_wconf 86' lang='lat' dir='ltr'><strong>movebo</strong></span> <span class='ocrx_word' id='word_1_706' title='bbox 1660 4685 1712 4729; x_wconf 89' lang='lat' dir='ltr'><strong>te</strong></span> <span class='ocrx_word' id='word_1_707' title='bbox 1736 4673 1804 4729; x_wconf 85' lang='lat' dir='ltr'><strong>de</strong></span> <span class='ocrx_word' id='word_1_708' title='bbox 1834 4673 1877 4692; x_wconf 72' lang='grc' dir='ltr'><em>ν</em></span> <span class='ocrx_word' id='word_1_709' title='bbox 1904 4677 2101 4748; x_wconf 85' lang='lat' dir='ltr'><strong>quibus</strong></span> <span class='ocrx_word' id='word_1_710' title='bbox 2143 4675 2430 4733; x_wconf 78' lang='lat' dir='ltr'><strong>Psalmista</strong></span> <span class='ocrx_word' id='word_1_711' title='bbox 2480 4676 2612 4733; x_wconf 88' lang='lat' dir='ltr'><strong>dicit</strong></span> <span class='ocrx_word' id='word_1_712' title='bbox 2660 4696 2677 4732; x_wconf 87' lang='lat'>:</span> <span class='ocrx_word' id='word_1_713' title='bbox 2729 4677 2877 4733; x_wconf 58' lang='lat' dir='ltr'><strong>Dia-it</strong></span> <span class='ocrx_word' id='word_1_714' title='bbox 2929 4679 3283 4751; x_wconf 55' lang='lat' dir='ltr'><strong>insipientia</strong></span> <span class='ocrx_word' id='word_1_715' title='bbox 3336 4675 3493 4737; x_wconf 73' lang='lat' dir='ltr'><strong>co&#39;rde</strong></span> 
     </span>
    </p>
   </div>
   <div class='ocr_carea' id='block_1_88' title="bbox 222 4764 3493 4844">
    <p class='ocr_par' dir='ltr' id='par_1_88' title="bbox 222 4764 3493 4844">
     <span class='ocr_line' id='line_1_88' title="bbox 222 4764 3493 4844; baseline 0.002 -24"><span class='ocrx_word' id='word_1_716' title='bbox 222 4767 346 4822; x_wconf 79' lang='lat' dir='ltr'><strong>loco</strong></span> <span class='ocrx_word' id='word_1_717' title='bbox 367 4767 582 4821; x_wconf 84' lang='lat' dir='ltr'><strong>virtutis</strong></span> <span class='ocrx_word' id='word_1_718' title='bbox 606 4775 731 4832; x_wconf 81' lang='lat' dir='ltr'><strong>tuae,</strong></span> <span class='ocrx_word' id='word_1_719' title='bbox 756 4776 814 4822; x_wconf 85' lang='lat' dir='ltr'><strong>et</strong></span> <span class='ocrx_word' id='word_1_720' title='bbox 838 4768 903 4822; x_wconf 90' lang='lat' dir='ltr'><strong>de</strong></span> <span class='ocrx_word' id='word_1_721' title='bbox 928 4767 1192 4823; x_wconf 86' lang='lat' dir='ltr'><strong>societate</strong></span> <span class='ocrx_word' id='word_1_722' title='bbox 1219 4767 1473 4822; x_wconf 85' lang='lat' dir='ltr'><strong>ﬁdelium.</strong></span> <span class='ocrx_word' id='word_1_723' title='bbox 1499 4764 1805 4820; x_wconf 82' lang='lat' dir='ltr'><strong>Notandum</strong></span> <span class='ocrx_word' id='word_1_724' title='bbox 1904 4784 2000 4824; x_wconf 81' lang='lat' dir='ltr'><strong>suo</strong></span> <span class='ocrx_word' id='word_1_725' title='bbox 2037 4782 2055 4821; x_wconf 91' lang='lat'><em>:</em></span> <span class='ocrx_word' id='word_1_726' title='bbox 2097 4768 2221 4823; x_wconf 73' lang='lat' dir='ltr'><strong>Non</strong></span> <span class='ocrx_word' id='word_1_727' title='bbox 2257 4764 2515 4824; x_wconf 48' lang='lat' dir='ltr'><strong>est‘Deus</strong></span> <span class='ocrx_word' id='word_1_728' title='bbox 2547 4769 2730 4841; x_wconf 82' lang='lat' dir='ltr'><strong>(Psal.</strong></span> <span class='ocrx_word' id='word_1_729' title='bbox 2770 4766 3170 4844; x_wconf 67' lang='lat' dir='ltr'><strong>an).&#39;Quorum</strong></span> <span class='ocrx_word' id='word_1_730' title='bbox 3205 4766 3349 4828; x_wconf 81' lang='lat' dir='ltr'><strong>laeta</strong></span> <span class='ocrx_word' id='word_1_731' title='bbox 3383 4768 3493 4827; x_wconf 83' lang='lat' dir='ltr'><strong>duo</strong></span> 
     </span>
    </p>
   </div>
   <div class='ocr_carea' id='block_1_89' title="bbox 219 4855 3489 4934">
    <p class='ocr_par' dir='ltr' id='par_1_89' title="bbox 219 4855 3489 4934">
     <span class='ocr_line' id='line_1_89' title="bbox 219 4855 3489 4934; baseline 0.002 -21"><span class='ocrx_word' id='word_1_732' title='bbox 219 4868 413 4914; x_wconf 81' lang='lat' dir='ltr'><strong>autem</strong></span> <span class='ocrx_word' id='word_1_733' title='bbox 430 4860 551 4915; x_wconf 81' lang='lat' dir='ltr'><strong>hoc</strong></span> <span class='ocrx_word' id='word_1_734' title='bbox 565 4860 708 4929; x_wconf 85' lang='lat' dir='ltr'><strong>quod</strong></span> <span class='ocrx_word' id='word_1_735' title='bbox 737 4871 844 4913; x_wconf 81' lang='lat' dir='ltr'><strong>non</strong></span> <span class='ocrx_word' id='word_1_736' title='bbox 870 4859 1003 4914; x_wconf 85' lang='lat' dir='ltr'><strong>dicit</strong></span> <span class='ocrx_word' id='word_1_737' title='bbox 1029 4877 1043 4913; x_wconf 88' lang='lat'><strong>:</strong></span> <span class='ocrx_word' id='word_1_738' title='bbox 1078 4859 1300 4930; x_wconf 87' lang='lat' dir='ltr'><strong>Ejiciam</strong></span> <span class='ocrx_word' id='word_1_739' title='bbox 1327 4856 1711 4913; x_wconf 79' lang='lat' dir='ltr'><strong>candelabrum</strong></span> <span class='ocrx_word' id='word_1_740' title='bbox 1738 4855 1808 4911; x_wconf 87' lang='lat' dir='ltr'><strong>de</strong></span> <span class='ocrx_word' id='word_1_741' title='bbox 1902 4862 2211 4933; x_wconf 79' lang='lat' dir='ltr'><strong>specialiter</strong></span> <span class='ocrx_word' id='word_1_742' title='bbox 2245 4864 2699 4934; x_wconf 46' lang='lat' dir='ltr'><strong>nutanturgquia&#39;</strong></span> <span class='ocrx_word' id='word_1_743' title='bbox 2729 4872 2785 4919; x_wconf 87' lang='lat' dir='ltr'><strong>et</strong></span> <span class='ocrx_word' id='word_1_744' title='bbox 2816 4864 3095 4921; x_wconf 78' lang='lat' dir='ltr'><strong>idolorum</strong></span> <span class='ocrx_word' id='word_1_745' title='bbox 3138 4864 3383 4921; x_wconf 76' lang='lat' dir='ltr'><strong>cultores</strong></span> <span class='ocrx_word' id='word_1_746' title='bbox 3406 4873 3489 4921; x_wconf 72' lang='lat' dir='ltr'><strong>&#39;et‘</strong></span> 
     </span>
    </p>
   </div>
   <div class='ocr_carea' id='block_1_90' title="bbox 221 4948 1810 5020">
    <p class='ocr_par' dir='ltr' id='par_1_90' title="bbox 221 4948 1810 5020">
     <span class='ocr_line' id='line_1_90' title="bbox 221 4948 1810 5020; baseline -0.002 -15"><span class='ocrx_word' id='word_1_747' title='bbox 221 4952 347 5005; x_wconf 82' lang='lat' dir='ltr'><strong>loco</strong></span> <span class='ocrx_word' id='word_1_748' title='bbox 378 4964 507 5015; x_wconf 86' lang='lat' dir='ltr'><strong>suo,</strong></span> <span class='ocrx_word' id='word_1_749' title='bbox 553 4951 663 5006; x_wconf 74' lang='lat' dir='ltr'><strong>sed</strong></span> <span class='ocrx_word' id='word_1_750' title='bbox 692 4956 899 5005; x_wconf 80' lang='lat' dir='ltr'><strong>tantum</strong></span> <span class='ocrx_word' id='word_1_751' title='bbox 941 4951 1353 5020; x_wconf 64' lang='lat' dir='ltr'><strong>mavelim-quia</strong></span> <span class='ocrx_word' id='word_1_752' title='bbox 1381 4948 1649 5013; x_wconf 82' lang='lat' dir='ltr'><strong>videlicet,</strong></span> <span class='ocrx_word' id='word_1_753' title='bbox 1678 4948 1810 5005; x_wconf 88' lang='lat' dir='ltr'><strong>licet</strong></span> 
     </span>
    </p>
   </div>
   <div class='ocr_carea' id='block_1_91' title="bbox 221 5039 1805 5112">
    <p class='ocr_par' dir='ltr' id='par_1_91' title="bbox 221 5039 1805 5112">
     <span class='ocr_line' id='line_1_91' title="bbox 221 5039 1805 5112; baseline -0.001 -18"><span class='ocrx_word' id='word_1_754' title='bbox 221 5043 582 5111; x_wconf 84' lang='lat' dir='ltr'><strong>quis&#39;pecoet,</strong></span> <span class='ocrx_word' id='word_1_755' title='bbox 615 5050 796 5096; x_wconf 86' lang='lat' dir='ltr'><strong>tamen</strong></span> <span class='ocrx_word' id='word_1_756' title='bbox 824 5042 871 5096; x_wconf 91' lang='lat' dir='ltr'><strong>si</strong></span> <span class='ocrx_word' id='word_1_757' title='bbox 890 5042 1268 5112; x_wconf 66' lang='lat' dir='ltr'><strong>paenitentiam</strong></span> <span class='ocrx_word' id='word_1_758' title='bbox 1286 5041 1464 5112; x_wconf 76' lang='lat' dir='ltr'><strong>egerit</strong></span> <span class='ocrx_word' id='word_1_759' title='bbox 1486 5039 1805 5111; x_wconf 60' lang='lat' dir='ltr'><strong>pzvrl‘cctam,</strong></span> 
     </span>
    </p>
   </div>
   <div class='ocr_carea' id='block_1_92' title="bbox 222 5133 1799 5207">
    <p class='ocr_par' dir='ltr' id='par_1_92' title="bbox 222 5133 1799 5207">
     <span class='ocr_line' id='line_1_92' title="bbox 222 5133 1799 5207; baseline 0 -20"><span class='ocrx_word' id='word_1_760' title='bbox 222 5148 334 5187; x_wconf 85' lang='lat' dir='ltr'><strong>non</strong></span> <span class='ocrx_word' id='word_1_761' title='bbox 352 5135 576 5189; x_wconf 80' lang='lat' dir='ltr'><strong>amittet</strong></span> <span class='ocrx_word' id='word_1_762' title='bbox 599 5134 882 5206; x_wconf 86' lang='lat' dir='ltr'><strong>pristinam</strong></span> <span class='ocrx_word' id='word_1_763' title='bbox 909 5135 1407 5207; x_wconf 85' lang='lat' dir='ltr'><strong>dignitatem-suam</strong></span> <span class='ocrx_word' id='word_1_764' title='bbox 1432 5142 1524 5188; x_wconf 85' lang='lat' dir='ltr'><strong>aut</strong></span> <span class='ocrx_word' id='word_1_765' title='bbox 1555 5133 1799 5202; x_wconf 82' lang='lat' dir='ltr'><strong>gradum.</strong></span> 
     </span>
    </p>
   </div>
   <div class='ocr_carea' id='block_1_93' title="bbox 223 5215 1804 5300">
    <p class='ocr_par' dir='ltr' id='par_1_93' title="bbox 223 5215 1804 5300">
     <span class='ocr_line' id='line_1_93' title="bbox 223 5215 1804 5300; baseline 0.001 -20"><span class='ocrx_word' id='word_1_766' title='bbox 223 5215 1070 5300; x_wconf 21' lang='lat' dir='ltr'><strong>UndePett-ns‘licetanegavcrit</strong></span> <span class='ocrx_word' id='word_1_767' title='bbox 1098 5226 1405 5295; x_wconf 87' lang='lat' dir='ltr'><strong>Christum,</strong></span> <span class='ocrx_word' id='word_1_768' title='bbox 1430 5232 1538 5282; x_wconf 83' lang='lat' dir='ltr'><strong>non</strong></span> <span class='ocrx_word' id='word_1_769' title='bbox 1570 5227 1804 5298; x_wconf 86' lang='lat' dir='ltr'><strong>perdidit</strong></span> 
     </span>
    </p>
   </div>
   <div class='ocr_carea' id='block_1_94' title="bbox 224 5311 1800 5388">
    <p class='ocr_par' dir='ltr' id='par_1_94' title="bbox 224 5311 1800 5388">
     <span class='ocr_line' id='line_1_94' title="bbox 224 5311 1800 5388; baseline 0.001 -19"><span class='ocrx_word' id='word_1_770' title='bbox 224 5314 973 5388; x_wconf 42' lang='lat' dir='ltr'><strong>apostolicumogr‘adumﬁed</strong></span> <span class='ocrx_word' id='word_1_771' title='bbox 1001 5318 1243 5373; x_wconf 84' lang='lat' dir='ltr'><strong>dicamus</strong></span> <span class='ocrx_word' id='word_1_772' title='bbox 1267 5311 1371 5372; x_wconf 85' lang='lat' dir='ltr'><strong>hoc</strong></span> <span class='ocrx_word' id='word_1_773' title='bbox 1398 5317 1498 5372; x_wconf 86' lang='lat' dir='ltr'><strong>sub</strong></span> <span class='ocrx_word' id='word_1_774' title='bbox 1527 5316 1800 5385; x_wconf 78' lang='lat' dir='ltr'><strong>exemplo:</strong></span> 
     </span>
    </p>
   </div>
   <div class='ocr_carea' id='block_1_95' title="bbox 226 5406 1808 5481">
    <p class='ocr_par' dir='ltr' id='par_1_95' title="bbox 226 5406 1808 5481">
     <span class='ocr_line' id='line_1_95' title="bbox 226 5406 1808 5481; baseline 0.001 -20"><span class='ocrx_word' id='word_1_775' title='bbox 226 5406 1036 5478; x_wconf 8' lang='lat' dir='ltr'><strong>sitanimialiquilibet‘bominum</strong></span> <span class='ocrx_word' id='word_1_776' title='bbox 1075 5423 1238 5481; x_wconf 80' lang='lat' dir='ltr'><strong>grave</strong></span> <span class='ocrx_word' id='word_1_777' title='bbox 1263 5417 1542 5480; x_wconf 81' lang='lat' dir='ltr'><strong>peccatum</strong></span> <span class='ocrx_word' id='word_1_778' title='bbox 1572 5406 1808 5463; x_wconf 86' lang='lat' dir='ltr'><strong>admittit</strong></span> 
     </span>
    </p>
   </div>
   <div class='ocr_carea' id='block_1_96' title="bbox 227 5492 1804 5568">
    <p class='ocr_par' dir='ltr' id='par_1_96' title="bbox 227 5492 1804 5568">
     <span class='ocr_line' id='line_1_96' title="bbox 227 5492 1804 5568; baseline 0.001 -16"><span class='ocrx_word' id='word_1_779' title='bbox 227 5498 285 5552; x_wconf 90' lang='lat' dir='ltr'><strong>in</strong></span> <span class='ocrx_word' id='word_1_780' title='bbox 306 5492 602 5568; x_wconf 66' lang='lat' dir='ltr'><strong>conspectu</strong></span> <span class='ocrx_word' id='word_1_781' title='bbox 633 5498 931 5565; x_wconf 75' lang='lat' dir='ltr'><strong>hominum;</strong></span> <span class='ocrx_word' id='word_1_782' title='bbox 958 5500 1172 5555; x_wconf 79' lang='lat' dir='ltr'><strong>deloco</strong></span> <span class='ocrx_word' id='word_1_783' title='bbox 1205 5512 1303 5556; x_wconf 84' lang='lat' dir='ltr'><strong>suo</strong></span> <span class='ocrx_word' id='word_1_784' title='bbox 1330 5509 1595 5566; x_wconf 81' lang='lat' dir='ltr'><strong>movetur,</strong></span> <span class='ocrx_word' id='word_1_785' title='bbox 1627 5507 1684 5554; x_wconf 84' lang='lat' dir='ltr'><strong>at</strong></span> <span class='ocrx_word' id='word_1_786' title='bbox 1720 5506 1804 5553; x_wconf 90' lang='lat' dir='ltr'><strong>ta-</strong></span> 
     </span>
    </p>
   </div>
   <div class='ocr_carea' id='block_1_97' title="bbox 227 5586 1807 5657">
    <p class='ocr_par' dir='ltr' id='par_1_97' title="bbox 227 5586 1807 5657">
     <span class='ocr_line' id='line_1_97' title="bbox 227 5586 1807 5657; baseline 0.003 -14"><span class='ocrx_word' id='word_1_787' title='bbox 227 5600 355 5643; x_wconf 73' lang='lat' dir='ltr'><strong>men</strong></span> <span class='ocrx_word' id='word_1_788' title='bbox 380 5586 565 5645; x_wconf 65' lang='lat' dir='ltr'><strong>sieito</strong></span> <span class='ocrx_word' id='word_1_789' title='bbox 583 5601 683 5657; x_wconf 88' lang='lat' dir='ltr'><strong>per</strong></span> <span class='ocrx_word' id='word_1_790' title='bbox 701 5588 1415 5657; x_wconf 65' lang='lat' dir='ltr'><strong>pmitentiamsurrexerit,</strong></span> <span class='ocrx_word' id='word_1_791' title='bbox 1443 5604 1549 5645; x_wconf 90' lang='lat' dir='ltr'><strong>non</strong></span> <span class='ocrx_word' id='word_1_792' title='bbox 1582 5598 1665 5645; x_wconf 89' lang='lat' dir='ltr'><strong>est</strong></span> <span class='ocrx_word' id='word_1_793' title='bbox 1692 5604 1807 5649; x_wconf 69' lang='lat' dir='ltr'><strong>mo,-</strong></span> 
     </span>
    </p>
   </div>
   <div class='ocr_carea' id='block_1_98' title="bbox 204 5679 1806 5756">
    <p class='ocr_par' dir='ltr' id='par_1_98' title="bbox 204 5679 1806 5756">
     <span class='ocr_line' id='line_1_98' title="bbox 204 5679 1806 5756; baseline 0.006 -27"><span class='ocrx_word' id='word_1_794' title='bbox 204 5679 411 5736; x_wconf 33' lang='lat' dir='ltr'><strong>.us‘siin</strong></span> <span class='ocrx_word' id='word_1_795' title='bbox 434 5687 739 5751; x_wconf 79' lang='lat' dir='ltr'><strong>conspectu</strong></span> <span class='ocrx_word' id='word_1_796' title='bbox 768 5680 914 5747; x_wconf 67' lang='grc' dir='ltr'><strong>νυοὶ,</strong></span> <span class='ocrx_word' id='word_1_797' title='bbox 953 5682 1079 5751; x_wconf 86' lang='lat' dir='ltr'><strong>quia</strong></span> <span class='ocrx_word' id='word_1_798' title='bbox 1116 5683 1243 5739; x_wconf 91' lang='lat' dir='ltr'><strong>licet</strong></span> <span class='ocrx_word' id='word_1_799' title='bbox 1283 5699 1379 5756; x_wconf 84' lang='lat' dir='ltr'><strong>per</strong></span> <span class='ocrx_word' id='word_1_800' title='bbox 1421 5691 1701 5754; x_wconf 82' lang='lat' dir='ltr'><strong>peccatum</strong></span> <span class='ocrx_word' id='word_1_801' title='bbox 1750 5684 1806 5738; x_wconf 85' lang='lat' dir='ltr'><strong>in</strong></span> 
     </span>
    </p>
   </div>
   <div class='ocr_carea' id='block_1_99' title="bbox 231 5764 1805 5841">
    <p class='ocr_par' dir='ltr' id='par_1_99' title="bbox 231 5764 1805 5841">
     <span class='ocr_line' id='line_1_99' title="bbox 231 5764 1805 5841; baseline 0.004 -16"><span class='ocrx_word' id='word_1_802' title='bbox 231 5764 847 5840; x_wconf 75' lang='lat' dir='ltr'><strong>eorrspectuhominum</strong></span> <span class='ocrx_word' id='word_1_803' title='bbox 886 5779 1071 5829; x_wconf 89' lang='lat' dir='ltr'><strong>motus</strong></span> <span class='ocrx_word' id='word_1_804' title='bbox 1112 5773 1234 5828; x_wconf 85' lang='lat' dir='ltr'><strong>esse</strong></span> <span class='ocrx_word' id='word_1_805' title='bbox 1272 5775 1582 5841; x_wconf 81' lang='lat' dir='ltr'><strong>videretur,</strong></span> <span class='ocrx_word' id='word_1_806' title='bbox 1625 5785 1805 5831; x_wconf 82' lang='lat' dir='ltr'><strong>tamen</strong></span> 
     </span>
    </p>
   </div>
   <div class='ocr_carea' id='block_1_100' title="bbox 229 5862 1804 5935">
    <p class='ocr_par' dir='ltr' id='par_1_100' title="bbox 229 5862 1804 5935">
     <span class='ocr_line' id='line_1_100' title="bbox 229 5862 1804 5935; baseline 0.001 -14"><span class='ocrx_word' id='word_1_807' title='bbox 229 5862 354 5934; x_wconf 66' lang='lat' dir='ltr'><strong>quia</strong></span> <span class='ocrx_word' id='word_1_808' title='bbox 404 5863 587 5923; x_wconf 83' lang='lat' dir='ltr'><strong>iu.Dei</strong></span> <span class='ocrx_word' id='word_1_809' title='bbox 627 5864 908 5935; x_wconf 61' lang='lat' dir='ltr'><strong>presentia</strong></span> <span class='ocrx_word' id='word_1_810' title='bbox 945 5874 1346 5923; x_wconf 78' lang='lat' dir='ltr'><strong>resurrecturus</strong></span> <span class='ocrx_word' id='word_1_811' title='bbox 1379 5876 1494 5926; x_wconf 86' lang='lat' dir='ltr'><strong>erat</strong></span> <span class='ocrx_word' id='word_1_812' title='bbox 1518 5898 1534 5934; x_wconf 58' lang='grc' dir='ltr'><strong>η,</strong></span> <span class='ocrx_word' id='word_1_813' title='bbox 1584 5884 1688 5925; x_wconf 86' lang='lat' dir='ltr'><strong>non</strong></span> <span class='ocrx_word' id='word_1_814' title='bbox 1724 5877 1804 5923; x_wconf 88' lang='lat' dir='ltr'><strong>est</strong></span> 
     </span>
    </p>
   </div>
   <div class='ocr_carea' id='block_1_101' title="bbox 1906 4946 3491 5025">
    <p class='ocr_par' dir='ltr' id='par_1_101' title="bbox 1906 4946 3491 5025">
     <span class='ocr_line' id='line_1_101' title="bbox 1906 4946 3491 5025; baseline 0.003 -17"><span class='ocrx_word' id='word_1_815' title='bbox 1906 4953 2193 5009; x_wconf 70' lang='lat' dir='ltr'><strong>fornicavit“</strong></span> <span class='ocrx_word' id='word_1_816' title='bbox 2222 4969 2365 5025; x_wconf 68' lang='lat' dir='ltr'><strong>saepe</strong></span> <span class='ocrx_word' id='word_1_817' title='bbox 2380 4992 2386 4997; x_wconf 54' lang='grc' dir='ltr'><em>υ</em></span> <span class='ocrx_word' id='word_1_818' title='bbox 2400 4964 2686 5010; x_wconf 65' lang='lat' dir='ltr'><strong>vocantur.</strong></span> <span class='ocrx_word' id='word_1_819' title='bbox 2726 4957 2868 5024; x_wconf 78' lang='lat' dir='ltr'><strong>Quia</strong></span> <span class='ocrx_word' id='word_1_820' title='bbox 2894 4958 3047 5012; x_wconf 77' lang='lat' dir='ltr'><strong>enim</strong></span> <span class='ocrx_word' id='word_1_821' title='bbox 3084 4946 3292 5014; x_wconf 69' lang='lat' dir='ltr'><strong>rectam</strong></span> <span class='ocrx_word' id='word_1_822' title='bbox 3310 4980 3314 4987; x_wconf 89' lang='grc'>·</span> <span class='ocrx_word' id='word_1_823' title='bbox 3329 4950 3491 5013; x_wconf 72' lang='lat' dir='ltr'><strong>ﬁdem</strong></span> 
     </span>
    </p>
   </div>
   <div class='ocr_carea' id='block_1_102' title="bbox 1906 5040 3493 5120">
    <p class='ocr_par' dir='ltr' id='par_1_102' title="bbox 1906 5040 3493 5120">
     <span class='ocr_line' id='line_1_102' title="bbox 1906 5040 3493 5120; baseline 0.002 -20"><span class='ocrx_word' id='word_1_824' title='bbox 1906 5054 2021 5100; x_wconf 77' lang='lat' dir='ltr'><strong>non</strong></span> <span class='ocrx_word' id='word_1_825' title='bbox 2052 5045 2259 5100; x_wconf 77' lang='lat' dir='ltr'><strong>habent</strong></span> <span class='ocrx_word' id='word_1_826' title='bbox 2277 5086 2292 5112; x_wconf 92' lang='lat'><strong>,</strong></span> <span class='ocrx_word' id='word_1_827' title='bbox 2330 5054 2475 5102; x_wconf 69' lang='lat' dir='ltr'><strong>suus</strong></span> <span class='ocrx_word' id='word_1_828' title='bbox 2500 5047 2625 5118; x_wconf 80' lang='lat' dir='ltr'><strong>ipse</strong></span> <span class='ocrx_word' id='word_1_829' title='bbox 2649 5052 3013 5120; x_wconf 52' lang='lat' dir='ltr'><strong>error‘quemi</strong></span> <span class='ocrx_word' id='word_1_830' title='bbox 3033 5040 3356 5120; x_wconf 69' lang='lat' dir='ltr'><strong>sequuntur,</strong></span> <span class='ocrx_word' id='word_1_831' title='bbox 3382 5054 3493 5119; x_wconf 82' lang='lat' dir='ltr'><strong>&#39;p’ro</strong></span> 
     </span>
    </p>
   </div>
   <div class='ocr_carea' id='block_1_103' title="bbox 1910 5123 3497 5211">
    <p class='ocr_par' dir='ltr' id='par_1_103' title="bbox 1910 5123 3497 5211">
     <span class='ocr_line' id='line_1_103' title="bbox 1910 5123 3497 5211; baseline 0.003 -23"><span class='ocrx_word' id='word_1_832' title='bbox 1910 5128 2120 5189; x_wconf 75' lang='lat' dir='ltr'><strong>cuiutra</strong></span> <span class='ocrx_word' id='word_1_833' title='bbox 2167 5134 2435 5190; x_wconf 69' lang='lat' dir='ltr'><strong>Motorum</strong></span> <span class='ocrx_word' id='word_1_834' title='bbox 2482 5128 2965 5207; x_wconf 60' lang='lat' dir='ltr'><strong>ipsis-imputatur.</strong></span> <span class='ocrx_word' id='word_1_835' title='bbox 3008 5123 3309 5195; x_wconf 64' lang='lat' dir='ltr'><strong>Fornibarii</strong></span> <span class='ocrx_word' id='word_1_836' title='bbox 3348 5124 3497 5211; x_wconf 51' lang='lat' dir='ltr'><strong>quod</strong></span> 
     </span>
    </p>
   </div>
   <div class='ocr_carea' id='block_1_104' title="bbox 1910 5214 3500 5298">
    <p class='ocr_par' dir='ltr' id='par_1_104' title="bbox 1910 5214 3500 5298">
     <span class='ocr_line' id='line_1_104' title="bbox 1910 5214 3500 5298; baseline 0.004 -18"><span class='ocrx_word' id='word_1_837' title='bbox 1910 5237 2017 5297; x_wconf 79' lang='lat' dir='ltr'><strong>que</strong></span> <span class='ocrx_word' id='word_1_838' title='bbox 2036 5234 2211 5293; x_wconf 81' lang='lat' dir='ltr'><strong>sunt;</strong></span> <span class='ocrx_word' id='word_1_839' title='bbox 2246 5227 2340 5297; x_wconf 91' lang='lat' dir='ltr'><strong>qui</strong></span> <span class='ocrx_word' id='word_1_840' title='bbox 2364 5222 2759 5285; x_wconf 26' lang='lat' dir='ltr'><strong>immunditiis!</strong></span> <span class='ocrx_word' id='word_1_841' title='bbox 2779 5217 2968 5290; x_wconf 57' lang='lat' dir='ltr'><strong>curuis&quot;</strong></span> <span class='ocrx_word' id='word_1_842' title='bbox 2984 5256 2985 5259; x_wconf 52' lang='grc' dir='ltr'><strong>η</strong></span> <span class='ocrx_word' id='word_1_843' title='bbox 3002 5232 3253 5289; x_wconf 70' lang='lat' dir='ltr'><strong>Serviunt</strong></span> <span class='ocrx_word' id='word_1_844' title='bbox 3272 5214 3297 5298; x_wconf 39' lang='lat'><strong>‘,&#39;</strong></span> <span class='ocrx_word' id='word_1_845' title='bbox 3310 5228 3380 5289; x_wconf 66' lang='grc' dir='ltr'><strong>ἐἰ</strong></span> <span class='ocrx_word' id='word_1_846' title='bbox 3411 5214 3500 5287; x_wconf 62' lang='lat' dir='ltr'><strong>uti</strong></span> 
     </span>
    </p>
   </div>
   <div class='ocr_carea' id='block_1_105' title="bbox 1910 5314 3495 5393">
    <p class='ocr_par' dir='ltr' id='par_1_105' title="bbox 1910 5314 3495 5393">
     <span class='ocr_line' id='line_1_105' title="bbox 1910 5314 3495 5393; baseline 0.003 -19"><span class='ocrx_word' id='word_1_847' title='bbox 1910 5318 2017 5374; x_wconf 83' lang='lat' dir='ltr'><strong>hoc</strong></span> <span class='ocrx_word' id='word_1_848' title='bbox 2049 5317 2314 5373; x_wconf 69' lang='lat' dir='ltr'><strong>maxime</strong></span> <span class='ocrx_word' id='word_1_849' title='bbox 2339 5318 2815 5388; x_wconf 47' lang='lat' dir='ltr'><strong>pereunttdutlﬁ</strong></span> <span class='ocrx_word' id='word_1_850' title='bbox 2850 5320 3071 5393; x_wconf 64' lang='lat' dir='ltr'><strong>quoque</strong></span> <span class='ocrx_word' id='word_1_851' title='bbox 3086 5320 3091 5325; x_wconf 82' lang='grc'><em>’</em></span> <span class='ocrx_word' id='word_1_852' title='bbox 3107 5314 3274 5378; x_wconf 74' lang='lat' dir='ltr'><strong>sunt&quot;</strong></span> <span class='ocrx_word' id='word_1_853' title='bbox 3300 5316 3495 5388; x_wconf 65' lang='lat' dir='ltr'><strong>stulti“,</strong></span> 
     </span>
    </p>
   </div>
   <div class='ocr_carea' id='block_1_106' title="bbox 1912 5400 3497 5483">
    <p class='ocr_par' dir='ltr' id='par_1_106' title="bbox 1912 5400 3497 5483">
     <span class='ocr_line' id='line_1_106' title="bbox 1912 5400 3497 5483; baseline 0.004 -21"><span class='ocrx_word' id='word_1_854' title='bbox 1912 5409 2130 5481; x_wconf 81' lang='lat' dir='ltr'><strong>quia-in</strong></span> <span class='ocrx_word' id='word_1_855' title='bbox 2163 5408 2441 5466; x_wconf 80' lang='lat' dir='ltr'><strong>Christum</strong></span> <span class='ocrx_word' id='word_1_856' title='bbox 2485 5411 2585 5481; x_wconf 79' lang='lat' dir='ltr'><strong>qui</strong></span> <span class='ocrx_word' id='word_1_857' title='bbox 2619 5400 3497 5483; x_wconf 57' lang='lat' dir='ltr'><strong>est?-sapienﬁa&#39;Patris&#39;;”ttdlutit</strong></span> 
     </span>
    </p>
   </div>
   <div class='ocr_carea' id='block_1_107' title="bbox 1913 5495 3491 5574">
    <p class='ocr_par' dir='ltr' id='par_1_107' title="bbox 1913 5495 3491 5574">
     <span class='ocr_line' id='line_1_107' title="bbox 1913 5495 3491 5574; baseline 0.003 -18"><span class='ocrx_word' id='word_1_858' title='bbox 1913 5499 2131 5557; x_wconf 89' lang='lat' dir='ltr'><strong>credere</strong></span> <span class='ocrx_word' id='word_1_859' title='bbox 2147 5543 2161 5567; x_wconf 93' lang='lat'><strong>,</strong></span> <span class='ocrx_word' id='word_1_860' title='bbox 2194 5498 2531 5573; x_wconf 55' lang='lat' dir='ltr'><strong>frustraque&quot;</strong></span> <span class='ocrx_word' id='word_1_861' title='bbox 2548 5495 2843 5574; x_wconf 73' lang='lat' dir='ltr'><strong>jactant&#39;se</strong></span> <span class='ocrx_word' id='word_1_862' title='bbox 2870 5498 3323 5561; x_wconf 78' lang='lat' dir='ltr'><strong>babere‘Patrem</strong></span> <span class='ocrx_word' id='word_1_863' title='bbox 3345 5502 3491 5572; x_wconf 37' lang='lat' dir='ltr'><strong>acui-‘-</strong></span> 
     </span>
    </p>
   </div>
   <div class='ocr_carea' id='block_1_108' title="bbox 1903 5582 3486 5669">
    <p class='ocr_par' dir='ltr' id='par_1_108' title="bbox 1903 5582 3486 5669">
     <span class='ocr_line' id='line_1_108' title="bbox 1903 5582 3486 5669; baseline 0.004 -22"><span class='ocrx_word' id='word_1_864' title='bbox 1903 5588 1999 5663; x_wconf 80' lang='lat' dir='ltr'><strong>jus</strong></span> <span class='ocrx_word' id='word_1_865' title='bbox 2020 5591 2223 5648; x_wconf 84' lang='lat' dir='ltr'><strong>Fillum‘</strong></span> <span class='ocrx_word' id='word_1_866' title='bbox 2240 5594 2382 5651; x_wconf 83' lang='lat' dir='ltr'><strong>odiis</strong></span> <span class='ocrx_word' id='word_1_867' title='bbox 2398 5595 2769 5665; x_wconf 34' lang='lat' dir='ltr'><strong>(insequuntur</strong></span> <span class='ocrx_word' id='word_1_868' title='bbox 2799 5606 2833 5649; x_wconf 83' lang='lat'><strong>:“</strong></span> <span class='ocrx_word' id='word_1_869' title='bbox 2845 5596 3099 5668; x_wconf 67' lang='lat' dir='ltr'><strong>quoniam</strong></span> <span class='ocrx_word' id='word_1_870' title='bbox 3129 5598 3225 5669; x_wconf 79' lang='lat' dir='ltr'><strong>qui</strong></span> <span class='ocrx_word' id='word_1_871' title='bbox 3240 5600 3356 5654; x_wconf 63' lang='lat' dir='ltr'><strong>muti</strong></span> <span class='ocrx_word' id='word_1_872' title='bbox 3368 5600 3376 5606; x_wconf 85' lang='grc'><em>’</em></span> <span class='ocrx_word' id='word_1_873' title='bbox 3388 5582 3486 5654; x_wconf 68' lang='lat' dir='ltr'><strong>lia-</strong></span> 
     </span>
    </p>
   </div>
   <div class='ocr_carea' id='block_1_109' title="bbox 1910 5676 3501 5761">
    <p class='ocr_par' dir='ltr' id='par_1_109' title="bbox 1910 5676 3501 5761">
     <span class='ocr_line' id='line_1_109' title="bbox 1910 5676 3501 5761; baseline 0.004 -22"><span class='ocrx_word' id='word_1_874' title='bbox 1910 5683 2001 5739; x_wconf 81' lang='lat' dir='ltr'><strong>bet</strong></span> <span class='ocrx_word' id='word_1_875' title='bbox 2022 5683 2255 5751; x_wconf 80' lang='lat' dir='ltr'><strong>Filium,</strong></span> <span class='ocrx_word' id='word_1_876' title='bbox 2283 5697 2384 5741; x_wconf 89' lang='lat' dir='ltr'><strong>nec</strong></span> <span class='ocrx_word' id='word_1_877' title='bbox 2414 5685 2630 5741; x_wconf 77' lang='lat' dir='ltr'><strong>Patrem</strong></span> <span class='ocrx_word' id='word_1_878' title='bbox 2658 5676 2989 5743; x_wconf 49' lang='lat' dir='ltr'><strong>habetsed</strong></span> <span class='ocrx_word' id='word_1_879' title='bbox 3012 5687 3174 5761; x_wconf 61' lang='grc' dir='ltr'><strong>διν(ςί</strong></span> <span class='ocrx_word' id='word_1_880' title='bbox 3193 5684 3501 5760; x_wconf 61' lang='lat' dir='ltr'><strong>magester</strong></span> 
     </span>
    </p>
   </div>
   <div class='ocr_carea' id='block_1_110' title="bbox 1910 5768 3499 5849">
    <p class='ocr_par' dir='ltr' id='par_1_110' title="bbox 1910 5768 3499 5849">
     <span class='ocr_line' id='line_1_110' title="bbox 1910 5768 3499 5849; baseline 0.004 -18"><span class='ocrx_word' id='word_1_881' title='bbox 1910 5775 2228 5847; x_wconf 78' lang='lat' dir='ltr'><strong>inspicimus</strong></span> <span class='ocrx_word' id='word_1_882' title='bbox 2263 5777 2285 5849; x_wconf 82' lang='grc'>)</span> <span class='ocrx_word' id='word_1_883' title='bbox 2341 5778 2482 5832; x_wconf 88' lang='lat' dir='ltr'><strong>intra</strong></span> <span class='ocrx_word' id='word_1_884' title='bbox 2510 5796 2511 5807; x_wconf 62' lang='grc' dir='ltr'>ι</span> <span class='ocrx_word' id='word_1_885' title='bbox 2538 5774 2801 5833; x_wconf 77' lang='lat' dir='ltr'><strong>sanetam</strong></span> <span class='ocrx_word' id='word_1_886' title='bbox 2839 5779 3137 5836; x_wconf 63' lang='lat' dir='ltr'><strong>Ecclesium</strong></span> <span class='ocrx_word' id='word_1_887' title='bbox 3165 5768 3499 5837; x_wconf 50' lang='lat' dir='ltr'><strong>fatemini:</strong></span> 
     </span>
    </p>
   </div>
   <div class='ocr_carea' id='block_1_111' title="bbox 1912 5858 3489 5943">
    <p class='ocr_par' dir='ltr' id='par_1_111' title="bbox 1912 5858 3489 5943">
     <span class='ocr_line' id='line_1_111' title="bbox 1912 5858 3489 5943; baseline 0.004 -20"><span class='ocrx_word' id='word_1_888' title='bbox 1912 5868 2248 5938; x_wconf 75' lang='lat' dir='ltr'><strong>invenimus,</strong></span> <span class='ocrx_word' id='word_1_889' title='bbox 2301 5885 2394 5926; x_wconf 91' lang='lat' dir='ltr'><strong>eos</strong></span> <span class='ocrx_word' id='word_1_890' title='bbox 2434 5858 2680 5925; x_wconf 62' lang='lat' dir='ltr'><strong>videlicet</strong></span> <span class='ocrx_word' id='word_1_891' title='bbox 2705 5913 2718 5938; x_wconf 94' lang='lat'><strong>,</strong></span> <span class='ocrx_word' id='word_1_892' title='bbox 2756 5874 2895 5943; x_wconf 71' lang='lat' dir='ltr'><strong>quas</strong></span> <span class='ocrx_word' id='word_1_893' title='bbox 2939 5874 2994 5928; x_wconf 78' lang='lat' dir='ltr'><strong>itt</strong></span> <span class='ocrx_word' id='word_1_894' title='bbox 3022 5877 3256 5930; x_wconf 68' lang='lat' dir='ltr'><strong>terreno</strong></span> <span class='ocrx_word' id='word_1_895' title='bbox 3292 5876 3489 5929; x_wconf 78' lang='lat' dir='ltr'><strong>‘amoi‘e</strong></span> 
     </span>
    </p>
   </div>
  </div>
