3974 6452
524 427 629 485 θΰΊ

1013 413 1367 475 HAYMONIS
1402 406 1882 467 HALBERSTAT.
1919 405 2137 463 EI‘lSC.
2174 405 2325 463 CPP.
2361 402 2543 461 PARS
2575 403 2620 461 Ι.
2654 433 2728 446 -
2760 401 3115 460 COMMENT.
3153 400 3326 457 BIBL.

529 534 900 595 thesaurizare
931 530 1213 594 videmus;
1247 525 1377 597 quid
1410 525 1555 580 enim
1595 523 1815 581 stultius
1849 537 1971 577 esse
2000 536 2101 591 po-
2129 524 2180 584 Α
2207 536 2312 590 qua
2337 520 2535 577 dicitur
2555 538 2569 574 :
2587 517 2824 591 Spiritus
2850 526 2936 574 est
2955 518 3118 574 Deus.
3142 517 3375 587 ideoque
3397 516 3527 573 dum
3552 516 3818 572 Christus

530 642 665 695 test,
695 643 854 698 quam
885 640 950 680 eo
981 623 1101 679 loco
1131 627 1243 675 tota
1284 619 1480 674 mentis
1515 616 1816 672 intentione
1848 614 2105 684 pecunias

530 720 852 780 recondere,
884 729 993 783 quo
1022 726 1128 766 non
1160 710 1289 764 licet
1337 708 1393 762 in
1442 715 1767 777 perpetuum
1798 702 2109 758 sustinere?

532 810 683 867 Unde
715 806 973 861 Dominus
1011 798 1303 871 discipulos
1348 798 1620 858 hortatur,
1658 794 1890 848 dicens:
1931 790 2109 846 Nolite

528 898 885 959 tltesaurisare
911 893 1052 949 vobis
1084 892 1355 946 thesauros
1387 888 1442 941 in
1470 896 1609 941 terra
1636 882 1864 957 (Matth.
1891 880 2022 954 vn).
2049 880 2110 936 ιη

527 994 632 1050 hoc
677 998 858 1045 autem
903 985 1193 1042 stultorum
1242 995 1472 1037 numero
1501 984 1846 1047 computatur
1875 972 1983 1040 ille,
2016 972 2111 1045 qui

528 1098 652 1139 eum
684 1081 890 1136 diceret
921 1096 947 1131 ε·
970 1076 1252 1131 Destruam
1280 1074 1468 1126 horrea
1508 1086 1657 1133 mea,
1694 1078 1742 1122 et
1779 1066 1983 1138 majora
2022 1065 2109 1135 [a-

529 1175 698 1233 ciam,
730 1187 855 1243 quia
883 1185 989 1223 non
1015 1167 1180 1220 habeo
1227 1180 1328 1236 quo
1361 1162 1568 1233 fructus
1617 1175 1757 1214 meos
1804 1148 2110 1228 congregem

531 1264 550 1335 <
584 1262 711 1317 Luc.
747 1276 822 1316 xu
849 1258 869 1333 )
894 1298 914 1325 ,
962 1257 1175 1311 audivit
1221 1271 1251 1309 a
1296 1252 1526 1309 Domino
1560 1269 1573 1305 :
1608 1248 1808 1314 Stulte,
1841 1247 1939 1302 hac
1964 1256 2111 1301 nocte

531 1357 762 1410 animam
791 1364 936 1406 tuam
975 1359 1202 1420 repetam
1233 1364 1264 1400 a
1308 1357 1388 1411 te;
1419 1351 1739 1417 aute'autem
1770 1339 2109 1412 congregasti

530 1447 683 1516 cujus
720 1454 869 1498 erunt
894 1441 921 1495 .9
953 1439 1137 1513 (Ibid.
1168 1441 1186 1508 )
1227 1438 1355 1504 Qum
1393 1436 1604 1491 scilicet
1642 1433 1793 1488 lucra
1828 1430 2111 1486 hominum

496 1520 499 1521 ν
531 1536 938 1608 insipientium,
969 1529 1305 1588 solummodo
1336 1536 1553 1581 terrena
1591 1522 1981 1594 quaerentium,
2010 1536 2109 1591 pa-

531 1624 679 1684 riunt
728 1628 783 1681 in
831 1626 933 1681 illis
974 1622 1244 1694 genimina
1278 1618 1523 1675 omnium
1562 1615 1849 1678 vitiorum,
1894 1613 2020 1683 quia
2058 1619 2113 1666 et

500 1698 824 1776 secundum
854 1715 1167 1788 Apostolum
1202 1732 1216 1767 :
1254 1712 1428 1766 Radix
1461 1719 1535 1765 est
1586 1708 1818 1763 omnium
1853 1704 2109 1760 "talorum

494 1879 499 1883 ς
530 1811 787 1882 cupiditas
822 1808 885 1881 (1
921 1805 1055 1860 Tim.
1088 1804 1211 1876 vr);
1241 1804 1367 1873 quia
1396 1800 1653 1855 videlicet
1679 1813 1776 1869 per
1807 1797 1948 1851 hanc
1974 1794 2112 1850 alius

2210 608 2469 680 loquitur,
2515 609 2571 664 in
2614 622 2680 663 eo
2723 607 2926 679 pariter
2968 607 3208 677 loquitur
3247 606 3413 662 Pater
3450 616 3512 662 et
3568 605 3814 679 Spiritus

2210 709 2430 771 sanctus
2460 714 2476 755 :
2507 698 2633 769 quia
2656 698 2800 753 sicut
2840 705 2966 754 sunt
3006 696 3398 769 inseparabiles
3437 698 3671 752 unitate
3691 738 3712 764 ,
3741 699 3811 754 sic

2210 791 2655 866 inseparabiliter
2680 791 2993 861 loquuntur,
3027 798 3081 845 et
3110 790 3308 846 docent
3341 797 3679 845 sanctorum
3706 791 3798 845 uni

2210 890 2401 940 tatem.
2437 882 2729 938 Sciendum
2760 897 2920 947 vero,
2951 882 3078 951 quia
3110 881 3168 936 in
3200 882 3305 936 hac
3342 881 3702 938 revelatione
3741 883 3799 938 si

2210 983 2301 1030 cut
2316 974 2371 1028 in
2386 972 2757 1044 sequentibus,
2781 981 2967 1045 aperte
2992 981 3365 1028 monstratur:
3394 972 3711 1043 aliquando
3734 973 3811 1031 io-

2214 1068 2401 1139 quitur
2431 1065 2602 1121 Filius
2632 1081 2697 1121 ex
2735 1080 2967 1136 persona
3005 1079 3136 1129 sua,
3164 1065 3309 1134 quod
3346 1064 3424 1119 illi
3460 1064 3811 1123 solummodo

2212 1157 2511 1214 convenit:
2562 1155 2851 1227 aliquando
2897 1169 3027 1211 vero
3078 1169 3148 1211 ex
3202 1169 3438 1225 persona
3494 1154 3810 1213 Trinitatis.

2210 1250 2442 1322 Ideoque
2472 1249 2694 1321 singulae
2722 1248 3023 1306 locutiones
3046 1248 3456 1305 considerandae
3484 1257 3637 1304 sunt
3657 1289 3675 1314 ,
3700 1264 3807 1319 qua

2211 1343 2422 1399 scilicet
2451 1341 2753 1398 referendae
2780 1342 2893 1398 sint
2925 1341 3263 1398 solummodo
3298 1341 3367 1396 ad
3402 1340 3806 1399 humanitatem

2211 1435 2333 1493 Filii
2366 1435 2494 1499 Dei,
2523 1450 2644 1506 qua:
2674 1442 2854 1489 autem
2882 1434 2950 1490 ad
2981 1433 3533 1496 totaerinitatem.
3577 1431 3804 1489 Vincenti

2211 1529 2348 1587 dabo
2383 1528 2535 1583 edere
2566 1527 2632 1582 de
2668 1527 2810 1600 ligno
2846 1528 2993 1595 vitta,
3022 1526 3164 1597 quod
3198 1536 3272 1582 est
3320 1528 3377 1581 in
3412 1527 3685 1598 paradiso
3717 1526 3803 1583 Det

2210 1622 2332 1677 mei.
2378 1620 2608 1693 Lignum
2653 1620 2804 1686 vitae,
2848 1619 3114 1689 sapientia
3152 1626 3241 1675 est
3266 1619 3365 1673 Dei
3393 1617 3630 1683 Patris,
3662 1616 3799 1675 Salo-

2212 1728 2372 1769 mone
2398 1721 2707 1776 attestante,
2737 1712 2828 1782 qui
2859 1712 2936 1766 ait
2960 1729 2976 1766 :
3000 1710 3222 1782 Lignam
3245 1711 3364 1765 vitta
3391 1711 3479 1765 Itis
3504 1712 3610 1782 qui
3634 1728 3797 1782 appre-

2212 1805 2485 1861 lteaderint
2530 1818 2683 1871 eam;
2724 1814 2771 1859 et
2817 1805 2908 1872 qui
2935 1805 3158 1859 tenuerit
3200 1821 3317 1859 eam
3338 1845 3355 1869 ,
3382 1804 3587 1859 beatus
3622 1801 3793 1873 (Prol.

528 1903 598 1959 ad
639 1902 884 1972 rapinam
906 1938 923 1966 ,
962 1899 1106 1952 alius
1154 1896 1223 1951 ad
1274 1894 1468 1950 falsum
1523 1890 1927 1954 testimonium,
1976 1887 2187 1955 alius‘B
2215 1895 2339 1968 ιιι),
2374 1896 2512 1964 Quia
2542 1897 2730 1966 urique
2768 1895 3061 1966 Apostolus
3087 1894 3367 1950 Christum
3394 1910 3529 1951 esse
3563 1903 3791 1963 mm,

529 1999 738 2067 rapitur
775 1994 844 2049 ad
886 1989 1220 2061 periurium,
1275 1995 1439 2056 atque
1487 1986 1554 2040 ad
1597 1991 1797 2040 cmtera
1834 1980 2105 2036 crimina:

527 2084 657 2151 Quae
687 2083 854 2138 etiam
894 2079 1089 2135 ludam
1139 2079 1209 2133 ad
1247 2079 1348 2133 hoc
1380 2075 1664 2146 perduxit,
1696 2081 1756 2128 ut
1802 2071 1975 2143 ipsum
2006 2071 2111 2126 Do-

438 2172 451 2178 ’
530 2173 738 2228 minum
796 2170 957 2226 morti
1006 2168 1267 2222 traderet.
1317 2166 1453 2220 Nam
1508 2172 1565 2219 et
1613 2177 1711 2234 per
1758 2160 1898 2217 hanc
1950 2160 2112 2215 homo

529 2262 755 2332 cupidus
797 2261 1032 2314 animam
1070 2274 1223 2313 suam
1258 2255 1500 2311 venalem
1536 2254 1698 2320 facit,
1743 2262 1798 2308 et
1827 2252 2110 2308 idololatra

528 2350 778 2416 eilicitur‘,
807 2348 928 2421 plus
958 2348 1186 2403 amando
1218 2355 1522 2401 creaturam
1572 2359 1734 2414 quam
1773 2341 2108 2399 Creatorem.

528 2443 683 2512 Quod
709 2443 855 2498 enim
888 2442 1018 2499 dicit
1046 2440 1337 2511 Apostolus
1364 2440 1429 2495 de
1458 2438 1685 2510 gulosis,
1714 2452 1938 2509 quorum
1968 2436 2111 2490 Deus

512 2530 701 2591 aventer
745 2545 819 2590 est
854 2532 1094 2608 (Philip.
1126 2532 1264 2604 Ill),
1296 2540 1473 2602 potest
1518 2529 1739 2601 intelligi
1790 2530 1855 2585 de
1902 2528 2111 2600 cupidis

528 2626 801 2689 similiter,
835 2640 1067 2696 quorum
1116 2625 1257 2678 Deus
1300 2636 1555 2676 nummus
1601 2629 1684 2676 est
1736 2620 1855 2676 auri
1898 2619 1982 2674 vel
2026 2633 2114 2676 ar-

528 2718 699 2788 genti.
735 2716 862 2772 Haec
898 2723 1025 2772 sunt
1053 2717 1193 2769 facta
1243 2713 1667 2779 Nicolaitarum,
1713 2713 1765 2767 id
1795 2720 1880 2769 est
1925 2712 2114 2768 stulto-

530 2822 652 2862 rum
679 2807 990 2871 hominum,
1023 2820 1358 2876 paganorum
1398 2803 1641 2871 scilicet,
1682 2815 2115 2874 czeterorumque

531 2900 827 2956 inﬁdelium
853 2909 909 2954 et
934 2899 1191 2954 falsorum
1220 2897 1685 2965 Christianorum,
1712 2913 1831 2969 qua:
1855 2897 2114 2953 Dominus

526 3001 585 3048 et
622 3008 742 3063 quae
779 3006 849 3047 ex
883 2999 1038 3062 parte
1084 2988 1225 3045 illius
1262 2998 1418 3055 sunt,
1449 2989 1602 3044 odire
1642 2988 1956 3060 probantur.
2002 2986 2113 3042 No-

529 3084 750 3139 tandum
792 3089 1005 3147 autem,
1049 3082 1174 3152 quia
1217 3097 1323 3136 non
1367 3089 1649 3145 naturam,
1683 3079 1777 3135 sed
1805 3094 1972 3149 opera
2011 3079 2111 3135 ho-

529 3175 735 3231 minum
767 3174 1026 3229 Dominus
1055 3187 1113 3228 se
1141 3171 1266 3228 odio
1297 3172 1498 3227 habere
1525 3170 1676 3226 dicit.
1713 3169 1866 3226 Unde
1892 3184 2001 3225 non
2034 3168 2115 3225 di-

2211 1987 2397 2043 dieens
2443 1986 2719 2041 Christum
2771 1985 2867 2049 Dei
2915 1984 3168 2040 virtutem
3215 1993 3271 2041 et
3314 1984 3414 2040 Dei
3461 1986 3787 2055 sapientiam.

2210 2078 2340 2146 Qua:
2368 2086 2516 2133 recte
2555 2076 2759 2147 lignum
2797 2077 2923 2131 vita:
2961 2076 3175 2141 dicitur,
3218 2075 3349 2145 quia
3394 2075 3661 2132 ﬁdelibus
3693 2076 3786 2131 suis

2210 2169 2379 2224 vitam
2407 2177 2669 2235 arternam
2704 2167 2923 2232 tribuit,
2956 2182 3093 2237 quos
3135 2167 3189 2221 in
3220 2168 3489 2237 pratsenti
3520 2169 3682 2224 satiat
3705 2181 3781 2223 sus

2208 2275 2480 2330 corpore,
2535 2259 2590 2316 in
2647 2258 2831 2313 futuro
2887 2259 3107 2314 satiabit
3161 2274 3259 2313 sua
3315 2259 3778 2328 contemplatione.

2212 2351 2368 2408 Unde
2394 2349 2681 2405 Psalntista
2708 2348 2876 2403 dicit:
2908 2346 3160 2403 Satiabor
3203 2348 3332 2404 dum
3376 2350 3781 2419 manifestum!

2209 2440 2383 2513 gloria
2409 2449 2502 2494 tua
2531 2440 2550 2512 (
2578 2437 2722 2494 l’sal.
2752 2454 2843 2495 xvi
2867 2439 2908 2511 ).
2952 2438 3098 2496 Bene
3136 2439 3346 2512 lignum
3386 2441 3514 2496 vita:
3550 2451 3761 2506 vocatur,

2211 2532 2341 2605 quia
2384 2541 2441 2588 et
2480 2532 2534 2588 in
2574 2531 2829 2603 praesenti
2874 2531 2983 2586 vita
3025 2530 3231 2587 electos
3273 2546 3411 2587 suos
3440 2532 3514 2588 ah
3546 2540 3663 2587 testu
3690 2530 3765 2586 vi-

2214 2628 2410 2683 tiorum
2463 2627 2658 2682 umbra
2698 2624 3052 2696 protectionis
3092 2622 3336 2679 defendit
3360 2663 3378 2690 ,
3422 2634 3487 2679 et
3528 2626 3582 2679 in
3622 2622 3779 2688 tutan

2213 2715 2545 2774 beatitudine
2587 2716 2769 2771 cibum
2807 2722 3026 2770 mternaa
3071 2713 3563 2784 contemplationis
3602 2714 3780 2771 deside.

2214 2809 2461 2864 rantihus
2487 2807 2711 2879 praebet.
2746 2806 2966 2862 Dicatur
2995 2806 3207 2878 itaque:
3240 2804 3507 2863 Vincenti
3540 2806 3780 2862 incentiva

2214 2900 2398 2956 carnis
2451 2914 2563 2955 suae
2586 2938 2599 2962 ,
2661 2897 2986 2953 tentationes
3038 2897 3347 2953 dzemonum
3366 2935 3389 2963 ,
3450 2897 3782 2957 adversitates

2214 3008 2508 3066 pravorum
2549 2991 2861 3057 hominum,
2905 2990 3046 3047 dabo
3095 2991 3258 3047 edere
3282 2991 3356 3046 de
3382 2990 3544 3063 ligno
3573 2991 3719 3056 vitae,
3741 2989 3783 3045 id

2214 3095 2334 3156 est,
2382 3088 2650 3158 meipsum
2695 3084 2834 3143 dabo
2878 3085 2957 3142 illi
3000 3087 3055 3142 in
3102 3085 3649 3150 remunerationem,
3686 3099 3784 3142 eum

2215 3194 2342 3236 eum
2385 3179 2693 3250 perduxero
2732 3177 2800 3232 ad
2839 3191 3017 3233 meam
3056 3175 3607 3248 contemplationem.
3644 3176 3785 3232 Para-

526 3263 841 3322 cit:0disti
882 3262 1208 3330 Nieolaitas,
1261 3277 1396 3333 quos
1446 3277 1546 3333 ego
1590 3261 1710 3326 odi;
1765 3261 1859 3316 sed
1894 3280 1909 3314 :
1939 3259 2111 3316 Odisti

2220 3246 2598 3326 disus—autem
2642 3266 2730 3325 vel
2768 3281 3013 3339 praesens
3053 3246 3373 3336 intelligi—tur
3416 3265 3673 3323 Ecclesia
3695 3304 3711 3330 ,
3744 3264 3786 3319 ἣ

527 3356 670 3412 facta
716 3355 1124 3422 Nicolaitarum,
1148 3370 1268 3437 qua;
1290 3363 1344 3409 et
1363 3368 1463 3425 ego
1483 3354 1592 3408 odi.
1623 3352 1795 3409 llomo
1821 3352 1965 3408 enim
1997 3352 2119 3407 dili-

528 3452 735 3523 gendus
754 3460 859 3515 est,
892 3464 1028 3519 opus
1055 3457 1234 3503 autem
1256 3448 1401 3502 illius
1424 3448 1626 3502 malum
1649 3448 1771 3503 odio
1788 3446 2115 3502 habendum.

604 3541 707 3607 Qui
744 3541 898 3595 habet
930 3556 1146 3604 aurem,
1187 3538 1369 3594 audiat
1410 3539 1536 3611 quid
1561 3538 1792 3611 Spiritus
1839 3537 1979 3593 dicat
2016 3537 2119 3592 Ec-

529 3633 721 3687 clesiis.
764 3631 898 3687 Cum
946 3632 1000 3687 in
1049 3630 1315 3702 principio
1357 3628 1643 3687 locutionis
1688 3629 1848 3700 hujus
1888 3627 1978 3682 uni
2022 3643 2120 3682 an-

531 3724 694 3797 gelo,
749 3723 951 3793 unique
1004 3721 1200 3793 Ephesi
1263 3721 1509 3777 ecclesia:
1564 3719 1806 3776 scribere
1862 3718 2119 3774 Dominus

523 3814 781 3886 jusserit,
828 3815 916 3870 hic
959 3825 1139 3870 autem
1187 3829 1293 3869 non
1335 3830 1501 3869 unum
1544 3813 1794 3886 angelum
1827 3812 1914 3868 vel
1955 3827 2118 3867 unam

505 3906 816 3979 ecclesiam
850 3907 917 3961 ad
958 3905 1221 3961 audienda
1266 3902 1407 3959 dicta
1446 3904 1668 3975 spiritus
1708 3903 1929 3969 invitet;
1973 3909 2123 3972 patet

530 4002 778 4075 profecto
798 4041 813 4067 ,
843 4001 971 4071 quia
1000 3998 1145 4070 quod
1172 3998 1265 4054 uni
1311 3997 1475 4063 dicit,
1507 3997 1757 4052 omnibus
1786 3995 1949 4061 dicit,
1976 4002 2033 4049 et
2063 3992 2119 4048 in

532 4111 641 4151 uno
678 4094 869 4165 angelo
902 4108 1119 4161 unaque
1162 4089 1519 4161 Ephesiorum
1562 4087 1791 4145 ecclesia
1812 4128 1828 4155 ,
1856 4086 2119 4142 unitatem

531 4186 785 4242 Ecclesia:
831 4184 1091 4254 depingit.
1146 4180 1347 4236 Verum
1403 4181 1618 4252 quaties
1686 4181 1805 4237 hate
1868 4178 2117 4234 admoni-

533 4274 773 4329 tiuncula
815 4273 1035 4343 ponitur
1075 4272 1191 4326 sive
1237 4271 1289 4325 in
1334 4272 1440 4326 hoc
1481 4270 1651 4338 libro,
1697 4269 1812 4326 sive
1849 4268 1903 4325 in
1943 4268 2119 4324 Evan-

530 4363 705 4436 gelio,
738 4364 882 4432 quod
909 4362 1157 4432 sequitur
1194 4361 1278 4417 vel
1316 4362 1609 4431 prmeedit,
1647 4359 2005 4431 spiritualiter
2035 4367 2121 4416 est

533 4452 971 4524 intelligendum;
1009 4452 1275 4523 quianon
1323 4452 1572 4522 corporis
1616 4452 1706 4507 hic
1754 4450 1904 4506 auris
1940 4450 2121 4521 requi-

532 4548 693 4615 ritur,
724 4548 819 4602 sed
858 4547 1074 4612 cordis,
1118 4562 1279 4617 quam
1326 4548 1579 4603 videlicet
1620 4561 1805 4602 aurem
1847 4547 1952 4602 nisi
1995 4546 2117 4617 quis

529 4636 815 4702 habuerit,
859 4636 1069 4707 eloquia
1124 4634 1345 4707 spiritus
1376 4652 1571 4708 capere
1609 4653 1717 4693 non
1758 4637 1978 4707 poterit.
2024 4635 2117 4692 Sic

528 4726 790 4781 Dominus
829 4725 1051 4797 loquens
1082 4728 1254 4781 turbis
1286 4727 1338 4781 in
1372 4727 1677 4797 parabolis,
1709 4742 1830 4782 cum
1861 4726 1969 4783 illic
1999 4743 2116 4784 om-

529 4836 626 4874 nes
665 4819 754 4890 qui
819 4820 1045 4874 alicraltl
1086 4836 1246 4876 aures
1287 4821 1585 4887 haberent,
1629 4828 1816 4876 monet
1846 4820 2119 4890 apostolos

528 4911 714 4967 dicens
744 4929 757 4966 :
790 4910 953 4967 Vobis
985 4913 1104 4967 dico
1143 4913 1234 4981 qui
1281 4912 1512 4981 auditis;
1556 4928 1620 4969 ac
1642 4914 1686 4969 si
1714 4913 1858 4969 dicat
1894 4933 1906 4968 :
1941 4914 2117 4970 Verba

529 5002 830 5058 caelestium
860 5013 1325 5059 sacramentorum
1367 5004 1472 5060 illis
1502 5006 1715 5077 aperio,
1755 5022 1892 5077 quos
1927 4992 2117 5062 eadem

530 5094 743 5149 interna
773 5096 955 5149 cordis
982 5111 1112 5149 aure
1141 5095 1423 5166 percipere
1454 5112 1748 5168 cognosco.
1793 5097 1987 5152 Carnis
2017 5097 2119 5152 ita-

529 5200 636 5255 que
683 5187 834 5243 auris
864 5188 928 5242 ad
958 5186 1202 5241 auditum
1249 5189 1473 5255 transit,
1520 5190 1706 5246 cordis
1751 5205 1883 5245 vero
1931 5190 2116 5245 auditu

529 5279 693 5335 simul
742 5290 797 5335 et
844 5279 1120 5336 intellectu
1168 5281 1336 5352 viget.
1382 5283 1702 5339 Intuendum
1747 5298 1959 5353 quoque
2004 5291 2118 5349 est,

528 5369 659 5438 quia
688 5385 811 5424 cum
841 5371 1064 5444 angelus
1096 5374 1149 5427 in
1178 5373 1444 5446 principio
1470 5374 1663 5429 harum
1692 5373 2025 5429 locutionum
2053 5389 2120 5429 ex

530 5474 764 5531 persona
805 5461 929 5518 Filii
980 5463 1109 5531 Dei,
1158 5466 1267 5521 iuno
1317 5476 1465 5523 certe
1513 5481 1608 5539 per
1651 5465 1903 5537 angelum
1951 5462 2120 5522 Filius

533 5551 631 5606 Dei
674 5551 956 5623 loquatur,
1005 5572 1112 5611 non
1155 5556 1354 5613 dicitur
1401 5558 1490 5614 hic
1516 5575 1529 5612 :
1556 5557 1660 5626 Qui
1700 5558 1865 5613 habet
1895 5574 2113 5626 aurem,

531 5643 722 5698 audiat
762 5644 890 5714 quid
933 5644 1103 5703 Filius
1136 5648 1230 5704 Dei
1275 5648 1455 5715 dicat;
1504 5648 1634 5713 sed,
1678 5648 1807 5719 quid
1850 5646 2115 5720 Spiritus;

532 5735 661 5804 quia
692 5736 943 5793 videlicet
970 5742 1135 5796 verba
1165 5739 1325 5807 Filii,
1358 5742 1521 5796 verba
1552 5749 1679 5796 sunt
1716 5739 1951 5811 Spiritus
1995 5754 2119 5795 san-

535 5827 629 5880 ¢ll~
676 5826 794 5889 Ouo
832 5832 1050 5890 nomine
1082 5833 1248 5889 etiam
1282 5841 1391 5889 tota
1419 5833 1659 5891 Trinitas
1688 5831 2024 5897 intelligitur,
2054 5834 2121 5889 de

2221 3378 2330 3435 qua
2373 3363 2615 3435 quotidie
2658 3362 2951 3418 comedunt
2990 3360 3177 3418 ﬁdeles
3202 3360 3320 3432 ejus
3350 3375 3568 3432 corpus
3604 3370 3659 3417 et
3691 3374 3787 3417 sar

2220 3455 2440 3525 guinem
2480 3453 2715 3509 bibunt:
2754 3451 2842 3508 vel
2885 3453 2996 3508 vita
3038 3460 3275 3517 aeterna,
3304 3464 3431 3521 qua:
3494 3452 3617 3522 ipse
3658 3450 3787 3506 Clitio

2221 3554 2336 3601 stus
2382 3553 2504 3611 est,
2552 3544 2692 3600 sicut
2744 3543 2863 3615 ipse
2903 3543 3165 3600 Dominus
3192 3543 3324 3599 dicit
3352 3560 3372 3599 :
3406 3541 3553 3599 Haec
3581 3543 3787 3599 estcui-

2220 3637 2325 3692 vita
2356 3646 2574 3713 a'tcrna,
2606 3645 2663 3691 ut
2691 3645 3007 3707 cognoscant
3038 3645 3112 3703 te,
3139 3645 3188 3690 et
3216 3650 3372 3706 quem
3396 3637 3607 3690 misisti
3638 3634 3788 3688 Iesu

2221 3726 2492 3784 Christum
2522 3727 2726 3799 (Joan.
2755 3730 2929 3800 xvu).
2974 3728 3131 3795 Quod
3176 3736 3359 3783 autem
3406 3729 3597 3784 Deum
3640 3727 3787 3784 scha-

2219 3817 2351 3874 bere
2390 3818 2550 3884 dicit,
2592 3818 2648 3873 in
2697 3819 2850 3891 cujus
2892 3818 3145 3890 paradiso
3181 3818 3285 3875 hoc
3318 3832 3443 3873 esse
3486 3818 3696 3891 lignum
3727 3832 3780 3870 as

2221 3908 2387 3976 serit,
2441 3909 2737 3965 secundum
2779 3909 3171 3965 humanitatem
3212 3908 3478 3980 loquitur,
3529 3924 3691 3979 quam
3724 3921 3789 3962 as-

2219 4001 2455 4070 sumpsit
2480 4015 2579 4073 pro
2607 4000 2782 4056 nobis.
2822 3999 2957 4068 Quae
2984 4015 3115 4071 ergo
3143 3999 3372 4057 vincunt
3409 3998 3789 4055 oblectamenta

2218 4094 2431 4165 peccati
2462 4093 2517 4149 in
2549 4094 2656 4151 hoc
2681 4093 2937 4164 paradiso
2963 4092 3243 4158 Ecclesite,
3270 4091 3361 4147 illa
3395 4091 3467 4147 ad
3500 4088 3790 4163 accipienda

2221 4186 2466 4256 corporis
2506 4194 2562 4241 et
2592 4184 2874 4257 sanguinis
2904 4183 3440 4254 sacramenta'digne
3470 4185 3791 4255 pertingant,

2217 4288 2277 4336 et
2319 4280 2388 4336 ad
2433 4280 2530 4336 Dei
2577 4264 3088 4349 contemplationem
3134 4278 3486 4350 pervenient,
3534 4280 3791 4352 ipsumque

2219 4373 2424 4445 lignum
2457 4373 2583 4428 vita:
2636 4372 2690 4427 in
2736 4371 3231 4431 remunerationem
3272 4371 3576 4440 accipient,
3607 4371 3727 4442 quia
3751 4379 3793 4425 et

2218 4462 2334 4534 ipse
2360 4471 2445 4519 est
2480 4463 2685 4535 lignum
2707 4463 2833 4518 vitae
2858 4462 3001 4533 quod
3028 4462 3155 4527 dat,
3186 4469 3245 4518 et
3272 4462 3387 4532 ipse
3415 4461 3491 4517 de
3518 4462 3671 4535 ligno
3692 4462 3793 4533 vita

2219 4547 2567 4609 vincentibus
2595 4553 2720 4619 dat,
2750 4562 2807 4608 et
2836 4553 2952 4623 ipse
2979 4550 3189 4608 fructus
3212 4552 3341 4624 ligni
3370 4562 3457 4608 est
3486 4555 3644 4625 quod
3669 4554 3767 4610 dat.

2291 4643 2361 4699 Et
2390 4644 2574 4717 angelo
2618 4643 2856 4717 Smyrna:
2879 4644 3114 4701 ecclesia:
3159 4644 3343 4701 scribe.
3374 4643 3624 4718 Smyrna
3652 4646 3792 4701 intes-

2218 4745 2464 4809 pretatur
2486 4737 2758 4793 canticum
2784 4751 2972 4791 eorum
2989 4776 3005 4801 ,
3028 4736 3298 4793 canticum
3325 4737 3396 4792 ad
3421 4736 3677 4793 laetitiam
3695 4750 3777 4809 per

2221 4829 2400 4893 tinet,
2445 4828 2589 4898 quod
2640 4836 2825 4898 aperte
2870 4826 3123 4898 congruit
3172 4824 3461 4891 ﬁdelibus,
3514 4829 3716 4898 quihm
3750 4826 3793 4880 ὴ

2220 4932 2453 4990 persona
2514 4917 2678 4972 istius
2734 4915 2979 4972 ecclesiae
3033 4915 3274 4986 loquitur
3328 4916 3623 4974 Dominus.
3698 4915 3795 4972 Nu

2219 5010 2368 5067 enim
2410 5010 2527 5065 haec
2558 5009 2721 5065 verba
2766 5009 2861 5064 uni
2907 5017 3117 5066 tantum
3165 5009 3445 5078 dicuntur,
3490 5010 3596 5067 sed
3645 5008 3796 5079 magis

2218 5100 2413 5156 unitati
2446 5108 2779 5156 sanctorum.

2293 5189 2423 5246 Htrc
2451 5190 2579 5245 dicit
2619 5193 2820 5261 primus
2862 5200 2911 5246 et
2951 5192 3284 5247 novissimus.
3317 5190 3559 5259 Primus,
3606 5192 3795 5249 sciscat

2222 5290 2349 5339 ante
2372 5295 2532 5352 quem
2563 5281 2743 5339 nullus
2769 5298 2785 5339 :
2817 5282 3168 5347 novissimus,
3198 5298 3296 5353 per
3314 5296 3475 5354 quem
3504 5290 3795 5339 restaurata

2222 5383 2351 5429 sunt
2377 5371 2580 5429 omnia.
2608 5371 2713 5438 Qui
2732 5373 2833 5443 fuit
2865 5381 3100 5428 mortuus
3121 5381 3170 5426 et
3194 5360 3333 5427 vicit.
3360 5371 3498 5440 Quia
3528 5373 3638 5429 etsi
3665 5387 3798 5429 more

2227 5476 2354 5524 tuus
2382 5466 2486 5523 fuit
2510 5482 2576 5522 ea:
2606 5465 2948 5535 inﬁrmitate,
2980 5474 3041 5520 ut
3067 5465 3353 5535 Apostolus
3395 5465 3531 5523 dicit
3565 5464 3658 5538 (11
3684 5463 3783 5521 Cc!

2221 5561 2393 5628 xm),
2425 5560 2545 5616 vivit
2574 5575 2641 5614 ea:
2667 5558 2855 5614 virtute
2897 5556 3016 5613 Dei.
3047 5556 3162 5614 Hoc
3199 5557 3343 5614 enim
3386 5567 3472 5615 est
3512 5558 3725 5629 prima
3752 5563 3797 5612 el

2222 5649 2717 5719 novissimus,quia
2746 5646 3075 5719 quisemper
3099 5648 3234 5702 vivit
3263 5647 3317 5703 in
3347 5663 3445 5704 sua
3478 5647 3797 5709 substantia.

2220 5743 2432 5815 primus
2468 5737 2778 5805 existendo,
2805 5747 3050 5795 mortuus
3088 5738 3141 5794 in
3172 5738 3511 5801 humanitate
3536 5748 3730 5797 nostra
3750 5739 3798 5794 il

2225 5833 2332 5889 ﬁne
2363 5840 2690 5901 temporum,
2722 5838 2783 5885 ut
2809 5829 2970 5886 homo
2998 5828 3291 5886 nascendo.
3700 5851 3709 5859 -
