3974 6458
491 458 590 531 θη

952 471 1308 530 numerus
1344 472 1821 532 HALBERSTKT.
1862 472 2083 530 EPlSC.
2119 471 2271 532 ore.
2312 472 2493 532 pass
2529 473 2573 532 t.
2601 458 2675 520 -'—
2708 454 3067 533 contuear.
3104 461 3287 531 BtBL.‘

3686 464 3797 524 972

491 590 675 663 positi,
700 597 848 645 recte
881 588 1114 644 dicitur:
1147 587 1427 646 Habebitis
1457 590 1861 646 tribulationem
1887 590 2075 645 diebus
2101 591 2153 652 Α
2178 589 2385 645 scilicet
2422 590 2628 661 peccati
2667 598 2723 647 et
2752 599 2927 647 morte
2974 592 3162 647 aaterni
3192 588 3462 661 supplicii.
3509 588 3612 643 Ad
3653 603 3794 657 qua-

492 686 700 740 decem.
747 684 870 739 Acsi
925 682 1138 738 dicatur
1171 701 1183 737 :
1213 682 1387 738 Nolite
1420 698 1665 754 quaerere
1697 684 1750 739 in
1780 683 1919 739 bello
1950 684 2075 738 vitae

489 778 771 850 praesentis
797 776 1036 848 requiem
1056 820 1070 842 ,
1113 778 1350 848 quamdiu
1378 785 1566 831 contra
1604 785 1932 831 tentamenta
1974 775 2078 830 ini-

491 872 614 927 mici
640 870 751 925 sive
777 878 983 938 aperta,
1012 869 1124 923 sive
1151 868 1384 932 occulta,
1420 869 1604 922 decem
1640 867 1925 937 przcceplis
1957 873 2077 920 tan-

490 976 653 1034 quam
696 961 891 1015 milites
937 960 1245 1015 armamini.
1300 959 1483 1029 Neque
1519 959 1662 1013 enim
1699 958 1881 1030 gaudii
1924 959 2076 1013 locus

487 1062 599 1118 est,
647 1052 735 1107 ubi
768 1052 874 1106 vita
907 1050 1142 1107 hominis
1177 1059 1290 1105 tota
1324 1049 1547 1106 tentatio
1578 1057 1677 1104 est.
1728 1046 1955 1115 Quidam
1996 1048 2077 1102 di-

487 1156 615 1202 cunt
647 1146 727 1217 (ut
758 1145 950 1201 beatus
980 1142 1142 1212 Beda)
1175 1143 1362 1198 decem
1410 1143 1735 1198 tentationes
1776 1142 1843 1196 ad
1887 1141 2073 1195 decem

486 1236 890 1308 persecutiones
932 1235 1209 1306 gentilium
1248 1232 1458 1298 rcterri,
1490 1240 1543 1289 et
1569 1240 1759 1304 putant
1793 1247 1823 1285 a
1863 1229 2076 1286 Nerone

486 1328 700 1384 Ca‘sarc
734 1342 907 1398 usque
932 1327 998 1380 ad
1030 1324 1442 1381 Diocletianum.
1483 1324 1634 1392 Quod
1670 1323 1941 1394 quomodo
1980 1323 2073 1389 sit,

487 1421 588 1492 .psi
621 1418 855 1475 viderint
884 1419 975 1488 qui
1004 1419 1105 1473 hoc
1134 1418 1336 1472 dicunt.
1366 1415 1552 1472 Potest
1579 1423 1758 1472 autem
1785 1427 1839 1472 et
1864 1417 1953 1472 hic
1977 1417 2075 1471 de-

487 1512 675 1566 narihs
705 1525 964 1565 numerus
998 1509 1153 1564 aliter
1200 1507 1445 1578 intelligi.
1500 1505 1724 1562 Cunctis
1775 1515 1955 1563 autem
2002 1507 2077 1562 le-

485 1605 737 1676 gentibus
809 1604 974 1676 liquet
1039 1602 1208 1658 tribus
1266 1600 1653 1656 tentationibus
1705 1600 2079 1671 principaliter

484 1697 718 1768 primum
759 1695 1027 1749 hominem
1060 1710 1089 1749 a
1122 1701 1375 1764 serpente
1412 1692 1465 1746 in
1513 1692 1769 1761 paradiso
1813 1698 2076 1746 tentatum

486 1803 550 1843 ac
594 1795 935 1858 superatum;
986 1783 1183 1855 quibus
1221 1782 1384 1838 etiam
1419 1783 1594 1836 tribus
1626 1783 1800 1838 modis
1833 1789 1957 1851 post
1994 1794 2079 1835 se-

486 1881 665 1936 cundo
719 1878 925 1934 homini
968 1884 1176 1933 tentato
1226 1873 1554 1938 succubuit,
1591 1871 1641 1927 id
1694 1880 1778 1928 est
1827 1871 2077 1939 avaritia,

486 1989 623 2029 vana
672 1971 864 2043 gloria,
924 1977 979 2024 et
1031 1967 1374 2038 cupiditate;
1429 1974 1618 2021 contra
1662 1979 1816 2035 quas,
1875 1949 2154 2019 scilicetB

484 2063 813 2137 principales
867 2060 1214 2125 tentutiones,
1252 2057 1494 2128 quotidie
1544 2054 1795 2112 Ecclesia
1833 2052 2071 2110 dimicat.

487 2155 843 2226 Septenarius
873 2162 1051 2208 autem
1090 2164 1346 2206 numerus
1374 2148 1441 2203 ad
1467 2163 1706 2220 praesens
1741 2155 1953 2217 tempus
1992 2160 2078 2201 re-

486 2248 682 2313 fertur,
728 2248 873 2319 quod
917 2254 1124 2316 septem
1169 2243 1359 2299 diebus
1391 2242 1642 2299 volvitur.
1685 2241 1820 2310 Quia
1852 2254 1981 2310 ergo
2021 2239 2076 2293 in

488 2340 635 2396 omni
671 2340 831 2409 hujus
867 2338 988 2393 vita:
1019 2336 1252 2392 termino
1288 2336 1430 2389 trina
1461 2336 1562 2391 ista
1596 2333 1821 2389 tentatio
1849 2346 1957 2387 non
1984 2347 2079 2402 po-

488 2441 597 2488 test
629 2432 840 2497 deesse,
886 2429 941 2485 in
982 2427 1180 2500 quibus
1216 2435 1415 2482 etetera
1449 2424 1581 2480 vitia
1611 2422 1950 2496 potissimum
1981 2423 2079 2478 ob-

488 2525 662 2579 tinent
700 2519 1089 2592 principatum,
1130 2526 1186 2574 et
1230 2518 1347 2573 haec
1388 2517 1503 2587 ipsa
1553 2515 1797 2570 mortalis
1828 2515 1949 2568 vita»
1981 2528 2080 2584 per

485 2624 693 2681 sep-tem
722 2613 933 2667 dierum
968 2608 1238 2665 curricula
1268 2607 1552 2671 evolvitur,
1582 2615 1728 2661 recte
1752 2605 1935 2660 decem
1960 2602 2077 2659 die-

487 2722 608 2762 rum
642 2717 869 2760 numero
891 2700 1206 2773 principalis
1233 2698 1486 2754 Ecclesiae
1522 2697 1801 2753 tribulatio
1824 2696 2079 2766 exprimi-

486 2809 597 2855 tur.
646 2797 759 2852 Hac
780 2797 922 2852 enim
956 2795 1097 2848 trina
1122 2792 1422 2848 tentatione
1452 2798 1659 2861 septem
1691 2790 1879 2844 diebus
1912 2785 2080 2858 appli-

484 2894 618 2958 cita,
656 2889 909 2947 denarius
936 2900 1195 2941 numerus
1233 2883 1589 2954 adimpletur;
1637 2880 1850 2937 dicatur
1896 2881 2080 2950 itaque

487 2986 555 3041 de
599 2982 828 3039 electis:
873 2977 1145 3033 Habebitis
1193 2973 1585 3031 tribulationem
1635 2972 1814 3029 diebus
1876 2973 2076 3037 decem,

464 3076 597 3133 'acsi
654 3074 861 3130 diceret
890 3090 903 3126 :
943 3070 1236 3140 Usquequo
1279 3058 1517 3139 praesens
1551 3067 1661 3121 vita
1689 3062 1927 3131 llniatur,
1958 3076 2080 3135 quae

483 3183 583 3237 per
621 3175 829 3235 septem
870 3161 986 3217 dies
1029 3159 1288 3225 volvitur,
1335 3166 1526 3214 contra
1553 3157 1796 3212 diversas
1823 3154 2080 3210 tentatio-

483 3277 605 3326 nes,
629 3275 750 3331 quae
779 3259 833 3312 in
868 3256 1040 3311 tribus
1064 3270 1220 3310 suum
1254 3253 1490 3306 maxime
1524 3244 1773 3305 obtinent
1806 3249 2079 3319 principa-

2178 696 2297 735 rum
2338 682 2794 753 comparationem
2825 682 2928 737 ista
2967 695 3087 751 quae
3115 681 3418 735 communis
3462 687 3582 743 est,
3638 695 3793 733 mors

2177 791 2284 831 non
2313 784 2397 830 est
2421 774 2670 830 dicenda.
2716 774 2867 830 Unde
2895 781 2951 830 et
2984 773 3271 843 Apostolus
3298 771 3609 826 carnaliter
3644 786 3794 824 tuor-

2179 875 2301 922 tuos
2351 866 2681 922 dormientes
2722 875 2902 932 vocat,
2939 866 3159 921 dicens:
3192 864 3457 918 Nolumus
3494 880 3595 918 vos
3641 863 3790 932 igno-

2178 973 2298 1012 rare
2320 957 2383 1012 de
2402 956 2775 1011 dormientibus
2797 956 2848 1028 (1
2876 955 3026 1011 Thes.
3050 956 3146 1028 tv).
3190 956 3332 1011 Mors
3360 955 3551 1024 itaque
3582 955 3787 1025 prima,

2177 1063 2297 1119 quae
2344 1047 2509 1114 laedit,
2559 1059 2841 1117 peccatum
2884 1057 2987 1104 est.
3038 1047 3173 1102 Huic
3200 1048 3385 1118 itaque
3411 1061 3540 1116 quae
3588 1046 3789 1101 laedere

2177 1142 2380 1213 possit,
2436 1139 2580 1195 nulla
2634 1141 2734 1196 alia
2785 1140 2889 1196 nisi
2936 1148 3138 1199 aeterna
3183 1140 3458 1195 damnatio
3504 1139 3788 1195 succedit.

2177 1233 2408 1303 Ideoque
2437 1233 2796 1304 praetermissa
2833 1233 3008 1289 media
3041 1249 3161 1303 qua:
3190 1248 3296 1289 n0n
3328 1236 3498 1297 laedit,
3531 1233 3654 1287 alia
3701 1234 3764 1289 de

2177 1324 2295 1380 buit
2322 1325 2503 1381 vocari
2532 1327 2788 1390 secunda,
2827 1342 2947 1396 qua:
2979 1335 3100 1396 post
3129 1334 3412 1395 peccatum
3445 1325 3630 1380 laedit.
3704 1324 3755 1377 D.

2178 1429 2334 1475 catur
2370 1420 2551 1491 itaque
2581 1434 2595 1473 :
2625 1418 2729 1488 Qui
2759 1420 2986 1486 vicerit,
3029 1435 3135 1474 non
3164 1418 3390 1475 ltedetur
3420 1435 3452 1472 a
3483 1425 3678 1473 morte
3710 1432 3785 1471 se

2177 1513 2377 1578 cunda‘,
2407 1512 2460 1568 id
2489 1520 2575 1568 est
2612 1514 2703 1583 qui
2754 1521 2982 1567 mortem
3028 1513 3235 1585 peccati
3279 1513 3333 1567 in
3380 1513 3491 1567 hoc
3536 1521 3783 1581 tempore

2179 1604 2388 1658 animas
2416 1611 2698 1659 necantem
2730 1604 3087 1675 superaverit,
3112 1604 3181 1658 ad
3210 1604 3493 1661 lzesionem
3520 1602 3652 1672 ejus
3673 1617 3782 1672 qua:

2179 1701 2301 1764 post
2328 1693 2469 1750 hanc
2506 1702 2561 1750 et
2597 1709 2825 1766 corpora
2875 1703 2931 1749 et
2972 1695 3184 1750 animas
3231 1694 3350 1750 sine
3394 1693 3509 1748 ﬁne
3556 1695 3777 1759 cruciat,

2180 1799 2287 1837 non
2334 1783 2629 1855 perveniet.
2681 1782 2810 1851 Quae
2848 1798 2995 1839 mors
3019 1798 3235 1853 semper
3262 1783 3495 1848 occidit,
3550 1792 3609 1837 et
3658 1799 3779 1838 nun-

2181 1888 2345 1944 quam
2394 1875 2459 1929 ad
2505 1876 2774 1946 integrum
2823 1875 3135 1948 exstinguit.
3198 1875 3257 1930 in
3303 1875 3560 1931 laesionis
3608 1886 3772 1931 autem

2180 1966 2382 2033 verbo,
2430 1965 2772 2021 miseriarum
2818 1966 2977 2022 debet
3018 1963 3239 2037 intelligi
3282 1967 3601 2037 corruptio.
3645 1966 3773 2023 Latii

2179 2057 2324 2112 enim
2365 2073 2473 2112 non
2501 2066 2702 2127 potest,
2724 2058 2827 2113 nisi
2857 2059 2999 2130 quod
3031 2058 3372 2128 corruptioni
3403 2058 3677 2127 subiacet.

2250 2146 2321 2202 Et
2358 2146 2542 2218 angelo
2578 2142 2823 2219 Pergami
2851 2146 3102 2204 Ecclesitt
3126 2148 3314 2204 scribe.
3352 2148 3664 2221 Pergamus
3704 2151 3768 2206 in-

2179 2248 2511 2312 terpretatur
2552 2240 2744 2297 divisio
2782 2254 3066 2296 cornuum.
3117 2238 3274 2310 Quod
3300 2252 3503 2311 aperte
3532 2243 3767 2300 Ecclesia

2180 2333 2449 2405 congruit,
2478 2333 2532 2387 in
2567 2348 2672 2404 qua
2702 2342 2826 2388 sunt
2852 2334 3011 2389 simtll
3040 2333 3167 2390 boni
3194 2342 3250 2390 et
3282 2335 3439 2402 mali,
3479 2347 3537 2392 et
3563 2336 3763 2409 gilsz-

2179 2424 2409 2481 dicaudo
2449 2420 2577 2479 facit
2613 2422 2923 2480 distantiam
2969 2424 3109 2480 inter
3150 2426 3326 2483 bonos
3377 2438 3437 2483 et
3481 2428 3645 2493 malos,
3694 2438 3745 2482 ut

2181 2513 2590 2588 conlringantnr
2612 2530 2813 2572 cornua
2838 2526 3205 2587 peccatorum,
3236 2526 3293 2572 et
3324 2518 3621 2574 exaltentnr
3637 2536 3744 2574 cor-

2180 2620 2286 2663 nua
2306 2605 2461 2676 justi.
2486 2594 2615 2661 Hice
2636 2606 2763 2661 dicit
2793 2609 2881 2678 qui
2905 2608 3056 2663 habet
3090 2609 3457 2679 rhomphcram
3479 2627 3545 2665 ex
3566 2623 3756 2681 utraque

2177 2709 2328 2771 parte
2349 2698 2579 2754 acutam.
2599 2692 2929 2770 Rhomphtca
2950 2706 3032 2755 est
3053 2700 3261 2769 gladius
3285 2703 3553 2773 utrinque
3572 2712 3758 2757 acutus.

2179 2789 2353 2845 Giadii
2400 2798 2582 2844 autem
2626 2790 2863 2854 nomine,
2908 2788 3188 2861 Scriptura
3227 2806 3390 2847 sacra
3437 2793 3763 2866 intelligitur,

2181 2879 2393 2935 dicente
2423 2877 2681 2949 Apostolo
2709 2897 2723 2933 :
2750 2876 2821 2933 Et
2850 2880 3084 2951 gladium
3120 2878 3351 2951 Spiritus
3391 2885 3543 2952 quod
3573 2896 3646 2939 est
3679 2902 3767 2938 m-

2181 2970 2302 3025 bum
2347 2970 2444 3025 Dei
2493 2970 2708 3044 (Ephes.
2752 2972 2847 3041 Vl).
2903 2969 3004 3041 Qui
3052 2972 3260 3044 gladius
3307 2975 3534 3032 Veteris
3569 2988 3623 3033 et
3652 2976 3767 3033 Novi

2181 3060 2514 3116 Testametiti
2560 3064 2697 3117 bene
2719 3073 2947 3133 utraque
2974 3074 3128 3133 parte
3159 3073 3355 3121 acutus
3395 3068 3626 3134 dicitur,
3659 3070 3765 3139 quis

2178 3152 2431 3207 videlicet
2480 3142 2606 3209 hinc
2642 3162 2865 3226 peccata
2905 3155 3106 3225 operis,
3142 3156 3291 3213 illinc
3318 3164 3545 3215 resecat
3572 3173 3766 3231 peccata

2181 3244 2542 3315 cogitationis.
2590 3242 2756 3301 Vetus
2808 3245 3006 3318 quippe
3045 3247 3460 3306 Testamentum
3508 3254 3645 3309 dicit
3686 3252 3769 3308 :Si

485 3311 928 3421 tunifcertamen
950 3347 1238 3404 habebitis.
1284 3342 1412 3399 Esto
1446 3343 1618 3413 ﬁdelis
1645 3311 1823 3414 usque.
1836 3342 1905 3396 ad
1933 3311 2070 3395 mor-
2105 3311 2151 3375 (ἶ
2181 3311 2303 3408 quis
2321 3336 2636 3392 adulterium
2674 3311 3089 3420 fecerim-morte
3117 3342 3382 3396 moriatur
3415 3343 3614 3416 (Leuit.
3652 3346 3729 3413 ui
3756 3366 3767 3398 :

485 3458 633 3510 tem,
679 3454 727 3500 et
766 3442 901 3497 dabo
941 3439 1032 3494 tibi
1076 3453 1325 3493 coronam
1367 3436 1505 3490 vitae.
1554 3434 1654 3489 Hic
1688 3433 1799 3503 jatn
1847 3433 2085 3488 ostendit

485 3546 675 3610 aperte
717 3538 783 3592 ad
823 3549 958 3605 quos
1008 3532 1194 3586 decem
1239 3530 1353 3583 dies
1392 3529 1732 3598 pertingant,
1774 3527 1827 3581 id
1871 3535 1954 3581 est
2013 3524 2083 3581 ad

485 3643 651 3686 omne
692 3634 903 3694 tempus
946 3620 1181 3692 quandiu
1223 3618 1381 3673 lldem
1426 3633 1645 3673 servare
1674 3614 1831 3672 electi
1861 3610 2079 3671 debent.

485 3718 605 3776 Hoc
628 3722 812 3783 autem
836 3722 890 3768 et
920 3709 1244 3783 generaliter
1281 3708 1427 3764 omni
1465 3707 1745 3772 Ecclesiae,
1782 3716 1837 3762 et
1868 3707 2080 3778 Specia—

483 3811 614 3867 liter
647 3808 845 3864 dieitur
882 3802 1172 3873 unicuique
1218 3799 1363 3856 ﬁdeli
1403 3798 1615 3855 animae.
1660 3796 1795 3854 Hinc
1825 3807 1909 3854 est
1939 3796 2095 3868 quod

486 3904 545 3960 in
575 3896 863 3969 Evangelio
891 3893 1155 3951 Dominus
1194 3892 1326 3948 dicit
1355 3915 1366 3945 ;
1398 3890 1503 3957 Qui
1546 3891 1945 3963 perseveraverit
1993 3907 2083 3945 us-

483 4012 585 4067 que
615 3994 669 4048 in
695 3992 855 4062 finem
874 4030 890 4056 ,
915 3987 999 4043 hic
1019 3986 1196 4042 salvus
1221 3984 1318 4041 erit
1349 3982 1563 4057 (Matth.
1603 3985 1680 4056 χ).
1735 3984 1867 4040 Esto
1898 3985 2082 4054 itaque

486 4087 663 4145 ﬁdelis
690 4097 859 4156 usque
892 4082 960 4137 ad
993 4088 1243 4143 mortem,
1278 4082 1332 4132 et
1368 4077 1509 4132 inter
1541 4075 1742 4132 multas
1769 4092 2077 4147 pressuras,

484 4184 631 4238 inter
652 4180 964 4233 innumeras
997 4172 1179 4230 clades
1196 4214 1211 4237 ,
1238 4182 1455 4240 semper
1481 4168 1723 4225 victoriae
1746 4169 2081 4238 triumphum

487 4269 731 4328 attende.
762 4266 900 4334 Quia
930 4265 1073 4320 enim
1103 4264 1206 4318 hoc
1230 4261 1475 4316 dicturus
1515 4271 1654 4325 erat,
1696 4260 1958 4330 prtemisit
1992 4276 2084 4314 su-

488 4359 712 4432 perius:
745 4355 876 4411 Ηωε
902 4355 1054 4419 dicit,
1096 4353 1186 4425 qui
1230 4351 1328 4422 fuit
1372 4358 1632 4414 mortuus,
1683 4358 1731 4405 et
1771 4350 1909 4405 vivit.
1955 4348 2081 4407 Acsi

489 4452 801 4506 diceretur:
826 4444 943 4500 Noli
969 4444 1128 4499 iidem
1157 4443 1302 4512 regis
1322 4441 1593 4505 amittere,
1626 4441 1751 4512 quia
1788 4443 1833 4497 si
1867 4448 2079 4497 mecum

490 4550 606 4597 toto
630 4538 754 4595 belli
795 4545 1036 4606 tempore
1056 4532 1421 4596 dimicaveris,
1459 4540 1581 4602 post
1611 4540 1840 4588 mortem
1869 4540 2081 4588 tttecum

488 4613 871 4696 coronaberis';
904 4629 999 4685 sed
1024 4636 1080 4683 et
1114 4624 1369 4697 regnandi
1397 4631 1601 4681 sortem
1628 4625 1878 4695 accipies.
1926 4616 2080 4680 Nunc

488 4726 633 4784 enim
660 4733 743 4780 est
768 4732 979 4793 tempus
1011 4716 1357 4783 decertandi,
1395 4724 1522 4771 tunc
1550 4723 1727 4771 autem
1762 4716 2076 4771 coronandi.

489 4819 644 4878 Unde
669 4826 722 4871 et
757 4817 813 4872 iu
838 4814 1192 4886 sequentibus
1233 4810 1435 4867 dicitur
1475 4807 1659 4880 (Apoc.
1697 4806 1782 4880 nt)
1817 4826 1830 4861 :
1867 4803 1985 4873 Qui
2014 4810 2084 4862 ui-

487 4915 636 4979 cerit,
682 4910 879 4966 iaciam
927 4922 1053 4962 eum
1080 4904 1260 4960 sedere
1285 4905 1339 4958 in
1371 4902 1560 4957 throno
1589 4917 1720 4966 meo,
1754 4902 1888 4956 sicut
1914 4910 1963 4956 et
1988 4917 2080 4972 ego

486 5005 587 5061 viri
602 5045 617 5069 ,
644 5012 691 5058 et
713 5002 866 5057 sedeo
893 5014 1014 5054 cum
1039 4996 1201 5052 Patre
1225 5011 1339 5052 meo
1366 4996 1421 5049 in
1448 4996 1635 5049 throno
1657 4995 1790 5064 ejus.

457 5106 463 5113 ’
563 5103 669 5169 Qui
694 5101 845 5156 habet
878 5114 1063 5153 aurem
1096 5095 1277 5152 cordis
1314 5101 1368 5147 et
1415 5090 1826 5162 intelligentiam
1852 5090 2078 5156 mentis,

488 5195 673 5251 audiat
702 5201 757 5249 et
785 5189 1053 5259 intelligat
1075 5187 1144 5243 ad
1173 5199 1232 5242 se
1256 5184 1531 5257 pertinere
1556 5182 1702 5254 quod
1729 5182 1933 5238 dictum
1964 5189 2046 5236 est
2064 5222 2077 5246 ,

487 5297 546 5345 et
592 5286 717 5360 quid
763 5284 993 5355 Spiritus
1034 5281 1175 5335 dicat
1217 5276 1508 5333 Ecclesiis:
1542 5276 1647 5343 Qui
1685 5275 1861 5332 vicerit
1909 5283 2083 5331 tenta-

487 5386 674 5433 menta
699 5372 982 5439 diabolica,
1014 5370 1280 5427 incentiva
1301 5367 1483 5424 carnis
1512 5382 1652 5431 suae,
1684 5382 1788 5421 non
1808 5365 2031 5422 ltedetur
2050 5384 2083 5420 a

487 5478 655 5527 morte
681 5460 931 5533 secunda,
959 5462 1015 5521 id
1035 5472 1119 5520 est
1147 5479 1177 5517 a
1205 5459 1551 5518 damnatione
1579 5467 1857 5531 perpetua.
1908 5457 1966 5513 In
1998 5473 2082 5513 sa-

489 5576 587 5620 cra
640 5558 785 5618 enim
833 5557 1113 5628 Scriptum
1168 5560 1280 5609 tres
1321 5558 1526 5607 mortes
1571 5564 1715 5621 saepe
1761 5557 2077 5620 ponuntur:

490 5669 599 5712 una
647 5652 854 5710 scilicet
886 5646 1119 5723 peccati,
1160 5646 1327 5702 altera
1366 5644 1568 5709 carnis,
1600 5643 1758 5699 tertia
1795 5655 1925 5696 vero
1955 5656 2083 5714 sup-

489 5752 715 5826 plicium
761 5759 978 5809 ueterum
1026 5744 1413 5803 damnationis.
1472 5738 1602 5810 Quae
1652 5755 1799 5794 mors
1855 5734 1943 5794 bic
1997 5754 2082 5795 se-

492 5845 691 5909 cunda,
738 5860 844 5899 non
895 5841 1052 5898 tertia
1101 5839 1436 5904 nominatur,
1463 5835 1588 5909 quia
1624 5832 1871 5890 videlicet
1900 5834 1965 5888 de
1997 5834 2081 5889 his

493 5934 868 5996 tantummodo
908 5936 1085 6005 agitur
1121 5948 1318 5994 sermo,
1366 5946 1487 6002 quae
1531 5931 1747 5995 nocent,
1790 5926 1857 5982 de
1906 5935 2080 5982 morte

2184 3425 2391 3482 Novum
2415 3440 2545 3482 vero
2564 3447 2577 3481 :
2602 3428 2709 3495 Qui
2729 3412 2917 3483 viderit
2935 3429 3205 3484 mulierem
3218 3432 3291 3485 ad
3302 3412 3767 3505 concupiscendam

2182 3534 2318 3584 eam,
2345 3519 2464 3588 jam
2496 3519 2780 3575 moechatus
2815 3529 2891 3574 est
2922 3536 3037 3575 eam
3066 3521 3122 3576 in
3146 3523 3301 3577 corde
3325 3540 3426 3578 suo
3457 3524 3681 3596 (Matth.
3707 3530 3770 3597 v},

2182 3620 2239 3664 et
2270 3608 2435 3664 multa
2472 3610 2558 3666 his
2601 3610 2819 3667 similia.
2864 3609 2960 3666 Vel
2999 3622 3147 3668 certe
3189 3622 3425 3686 utraque
3460 3630 3626 3687 parte
3671 3621 3773 3673 ideo

2184 3712 2375 3758 acutus
2399 3702 2613 3769 dicitur,
2646 3702 2770 3773 quia
2799 3704 2940 3760 sicut
2967 3704 3178 3774 gladius
3216 3706 3405 3778 biceps
3443 3725 3675 3765 carnem
3708 3710 3770 3764 ὦ·

2183 3794 2335 3860 vidit,
2386 3802 2440 3849 et
2492 3795 2733 3851 membra
2787 3810 2818 3852 a
2864 3798 3125 3855 membris
3166 3809 3408 3870 separat,
3453 3800 3537 3858 ita
3584 3804 3772 3876 gladius

2184 3889 2333 3944 verbi
2372 3886 2465 3943 Dei
2499 3897 2715 3959 separat
2744 3889 2911 3945 bonos
2940 3907 2972 3945 a
3001 3891 3173 3947 malis.
3219 3890 3371 3947 Unde
3404 3894 3674 3951 Dominus
3707 3896 3774 3949 dt-

2183 3980 2259 4035 cit
2283 3998 2296 4035 :
2327 3979 2449 4035 Non
2482 3982 2595 4035 veni
2616 3992 2789 4050 pacem
2823 3982 3043 4049 mittere,
3072 3982 3164 4037 sed
3186 3983 3424 4053 gladium
3459 3984 3687 4053 (Βακὰ.
3708 3984 3772 4056 ι),

2183 4079 2241 4129 et
2279 4079 2495 4127 caetera.
2539 4062 2665 4128 Sive
2694 4070 2857 4128 etiam
2894 4072 3098 4129 idcirco
3125 4073 3323 4128 dicitur
3358 4082 3603 4146 utraque
3641 4085 3773 4146 parte

2185 4175 2394 4232 acutus,
2426 4168 2549 4238 quia
2578 4174 2632 4222 et
2660 4165 2931 4236 simplices
2958 4183 3056 4238 per
3087 4167 3396 4236 historiam,
3422 4178 3477 4224 et
3513 4170 3774 4241 perlecta

2183 4257 2403 4315 instruit
2440 4272 2539 4329 per
2577 4258 2907 4329 allegoriam.

2256 4354 2377 4411 Scio
2401 4356 2489 4410 ubi
2515 4355 2741 4420 habitas,
2758 4357 2847 4410 ubi
2866 4356 3011 4412 sedes
3033 4368 3108 4412 est
3133 4355 3373 4413 Satanas.
3392 4356 3466 4415 Et
3487 4358 3604 4417 hoc
3627 4374 3774 4435 gent.

2184 4448 2373 4504 raliter
2403 4448 2692 4504 universali
2724 4442 2978 4505 Ecclesiae
3010 4446 3225 4517 dicitur,
3269 4466 3393 4523 quae
3441 4453 3626 4510 mixta
3668 4469 3775 4510 cum

2185 4540 2450 4611 reprobls,
2476 4538 2675 4617 ubique
2697 4546 2794 4610 per
2819 4540 3004 4597 orbem
3029 4538 3243 4597 Satanaé
3265 4546 3670 4602 tentationibus
3690 4546 3776 4601 scit

2110 4659 2165 4735 lg
2184 4648 2245 4689 se
2266 4640 2538 4688 exercere.
2581 4626 2734 4688 Sicut
2761 4632 2906 4687 enim
2933 4633 3091 4690 sedes
3114 4632 3209 4689 Dei
3240 4643 3365 4689 sunt
3386 4633 3554 4692 electi
3577 4651 3776 4700 omnes.

2187 4728 2263 4782 ita
2293 4731 2419 4781 sunt
2445 4726 2600 4781 sedes
2623 4724 2819 4781 diaboli
2847 4726 3292 4799 cuncti-reprobi,
3326 4728 3381 4783 in
3412 4743 3655 4799 quorum
3682 4744 3779 4785 tne-

2189 4815 2277 4878 dio
2307 4820 2507 4877 habitat
2539 4818 2805 4885 Ecclesia,
2828 4819 2987 4891 juxta
3015 4821 3158 4892 quod
3195 4815 3487 4892 Apostolus
3514 4825 3656 4880 dicit
3682 4844 3696 4877 :
3720 4822 3777 4877 Ir.

2185 4915 2355 4969 medio
2385 4914 2614 4969 nationis
2648 4931 2823 4985 prava:
2855 4922 2901 4969 et
2935 4930 3212 4985 perversae,
3246 4914 3384 4968 inter
3425 4932 3568 4985 quos
3604 4915 3777 4969 lucetis

2184 5007 2317 5061 sicut
2361 5004 2645 5060 luminaria
2684 5005 2739 5059 in
2779 5005 3007 5070 mundo,
3048 5006 3258 5059 verbum
3297 5007 3419 5060 vita:
3463 5008 3777 5062 continente:

2189 5090 2356 5171 (Phil.
2386 5096 2479 5168 tt);
2516 5106 2573 5152 et
2615 5097 2668 5152 in
2706 5094 2949 5152 Canticis
2986 5096 3319 5152 canticorunt
3350 5090 3556 5153 dicitur
3587 5118 3603 5153 :
3639 5097 3776 5154 Sicut

2183 5190 2353 5245 lilium
2372 5190 2506 5244 inter
2525 5189 2722 5261 spinas,
2745 5189 2821 5243 sic
2844 5189 3013 5242 amica
3035 5204 3150 5244 mea
3171 5188 3307 5243 inter
3324 5186 3468 5259 ﬁlias
3495 5176 3678 5254 (σω.
3702 5188 3776 5257 tt),

2184 5292 2242 5339 et
2282 5282 2406 5338 inde
2447 5282 2566 5336 laus
2609 5279 2903 5336 electorum
2947 5278 3177 5352 amplius
3219 5280 3441 5345 crescit,
3487 5289 3545 5335 et
3587 5281 3779 5350 ubique

2185 5373 2519 5440 diffunditur,
2555 5374 2811 5445 quoniam
2852 5372 2903 5428 in
2932 5372 3109 5428 medio
3146 5371 3412 5428 malorum
3456 5372 3779 5429 innocenti:

2185 5473 2407 5525 servant
2433 5480 2619 5537 opera.
2672 5461 2809 5519 Hinc
2841 5462 2927 5520 est
2958 5461 3102 5535 quod
3141 5460 3282 5518 Loth
3308 5478 3464 5520 sacra
3496 5460 3780 5534 Scriptura

2189 5569 2326 5618 teste
2359 5559 2610 5615 laudatur
2652 5555 2805 5631 (Gen.
2837 5558 2953 5631 xu)
2972 5597 2989 5624 ,
3016 5556 3160 5628 quod
3184 5565 3330 5613 esset
3356 5557 3478 5613 visu
3504 5564 3560 5612 et
3594 5554 3780 5611 auditu

2182 5653 2381 5725 justus,
2415 5649 2668 5707 habitans
2720 5646 2862 5719 apud
2902 5664 2998 5703 eos
3048 5648 3141 5720 qui
3184 5636 3426 5719 quotidie
3470 5644 3781 5718 adligatam

2186 5740 2305 5812 ejus
2331 5741 2570 5797 animam
2598 5737 2811 5810 inﬁtstis
2847 5740 3120 5810 operibus.
3165 5737 3302 5794 Hinc
3327 5738 3494 5793 etiam
3535 5734 3780 5793 Ecdesil

2187 5834 2317 5892 dicit
2337 5833 2630 5893 electorum
2660 5851 2674 5888 :
2706 5830 3171 5889 Circumdederunt
3193 5848 3275 5888 me
3298 5832 3430 5889 sicut
3452 5848 3574 5902 apes
3599 5828 3775 5903 (Psal.

2187 5912 2385 5999 exvit).
2417 5918 2548 5999 Apis
2582 5920 2781 6000 quippe
2814 5926 2873 5989 in
2899 5941 2996 5983 ore
3014 5910 3130 5983 mel
3160 5934 3362 5999 portat,
3386 5921 3654 5993 in'cauda
3689 5935 3778 5977 vo-
