4000 6344
246 438 358 501 973

1183 428 1552 491 EXPOSITIO
1586 426 1655 484 IN
1693 418 2188 483 APOCALYPSIN.
2218 418 2297 474 {—
2330 428 2464 489 ΜΒ.
2502 428 2545 488 Ῑ.

3400 428 3508 491 974

248 578 455 624 nenum
480 558 732 617 occultat.
774 554 865 613 Sic
892 552 1145 612 nimirum
1163 551 1219 607 hi
1243 550 1334 620 qui
1365 547 1579 603 fraudes
1603 543 1830 601 moliun-
1856 543 1917 605 A—
1933 549 2156 613 tumque
2181 546 2389 602 esthoc
2410 545 2693 603 consilium
2720 546 2789 602 de
2812 545 2935 602 ﬁliis
2952 545 3134 615 lsrael',
3159 556 3215 604 et
3236 546 3394 605 facile
3418 550 3517 607 de-

251 667 369 724 tur,
396 653 569 712 dulcia
600 656 938 723 prmponunt,
964 653 1026 701 ut
1055 643 1254 699 amaris
1289 640 1551 696 inficiunt.
1603 636 1668 690 Et
1696 644 1833 689 lenes

252 765 445 808 nomen
485 761 659 800 meum
684 784 699 809 ,
734 742 787 795 id
813 748 895 796 est
929 751 1123 794 nomen
1161 730 1583 791 Christianitatis
1627 728 1835 798 integra

254 840 362 896 ﬁde
396 836 553 900 colis,
578 834 741 889 etiam
768 832 822 887 in
850 840 1089 901 tempore
1118 822 1504 881 tribulationis.
1528 817 1596 873 Et
1622 835 1724 873 non
1750 835 1839 872 ne-

254 929 397 1002 gasti
415 928 573 997 ﬁdem
585 938 773 985 meam,
791 914 1165 975 alllictionibus
1180 913 1506 985 perfidorum
1538 924 1744 981 pressa.
1770 907 1839 961 Et

256 998 313 1075 in
334 1019 515 1073 diebus
537 1016 640 1070 illis
676 1012 929 1081 Antiphos
962 1009 1111 1062 testis
1128 1022 1272 1060 meus
1294 1000 1488 1074 ﬁdelis,
1521 1002 1611 1071 qui
1637 998 1840 1053 occisus

256 1117 337 1165 est
378 1106 518 1176 apud
561 1120 668 1159 eos.
718 1099 883 1169 Cujus
909 1095 1217 1154 Latinitatis
1246 1095 1317 1148 sit
1345 1094 1459 1146 hate
1486 1089 1705 1151 locutio,
1733 1100 1841 1141 non

259 1197 423 1252 facile
449 1202 609 1266 patet,
637 1190 741 1247 nisi
777 1188 913 1244 forte
938 1203 1032 1258 per
1058 1184 1463 1241 subanditiones
1491 1178 1840 1249 intelligatur.

262 1287 322 1342 Si
350 1285 495 1341 enim
517 1283 742 1337 dixisset
770 1298 784 1335 :
814 1279 931 1334 Non
954 1276 1157 1348 negasti
1182 1273 1339 1328 iidem
1365 1287 1540 1326 meam
1570 1270 1624 1324 in
1652 1270 1843 1324 diebus

260 1374 517 1447 A'ntiphze
542 1374 695 1429 testis
718 1372 842 1437 mei,
869 1371 958 1441 qui
984 1369 1195 1424 occisura
1222 1373 1307 1420 est
1332 1363 1471 1434 apud
1496 1377 1616 1425 vos,
1651 1360 1845 1431 planus

261 1478 413 1526 esset
435 1481 648 1531 sensus,
674 1472 728 1519 et
756 1461 914 1518 facile
940 1459 1359 1529 intelligeretur;
1391 1461 1447 1519 at
1467 1468 1590 1508 cum
1611 1451 1840 1505 dicitur:

262 1562 386 1619 Non
418 1558 621 1631 negasti
649 1555 806 1611 iidem
838 1567 1045 1617 meam,
1079 1560 1132 1603 et
1158 1548 1213 1602 in
1240 1547 1428 1602 diebus
1462 1544 1725 1612 Antiphus
1748 1551 1846 1630 'te-

265 1657 370 1713 stis
409 1620 582 1714 meus,
613 1655 669 1703 et
704 1656 919 1709 ctetera,
946 1643 1174 1697 obscura
1199 1647 1284 1693 est
1306 1635 1590 1691 sententia.
1618 1620 1847 1701 Ideoque

266 1742 591 1802 necessariae
623 1746 745 1795 sunt
785 1734 1209 1796 sub-auditiones,
1252 1738 1313 1783 ut
1343 1730 1419 1784 ita
1454 1728 1593 1781 hanc
1636 1733 1848 1780 senten-

1938 636 2083 707 ccpti
2119 646 2260 692 sunt.
2312 638 2537 710 Egressa
2566 639 2747 709 itaque
2774 641 2853 694 ira
2885 654 2917 693 a
2948 639 3174 696 Domino
3194 682 3207 704 ,
3245 643 3515 712 percussit

1938 742 2005 784 ex
2048 727 2153 784 illis
2190 728 2377 799 viginti
2413 730 2511 784 tria
2552 730 2739 794 millia,
2783 731 2954 787 donec
2996 732 3243 797 Phincos,
3278 734 3392 789 zelo
3418 734 3512 790 Dei

1939 826 2114 884 actus,
2152 818 2442 874 vindictam
2481 821 2727 876 exercuit
2767 821 2821 876 in
2870 822 3157 879 adulteros.
3212 822 3338 878 Haec
3384 833 3514 880 tunc

1939 905 2082 962 facta
2125 916 2252 962 sunt
2294 908 2520 962 docente
2556 908 2722 978 impio
2762 910 2943 965 divino
2987 919 3041 965 et
3087 927 3261 982 mago,
3309 920 3369 968 et
3414 913 3519 968 hoc

1941 997 2247 1068 specialiter
2274 998 2326 1052 in
2361 998 2604 1069 Pergami
2628 999 2875 1065 ecclesia,
2897 1002 3223 1071 generaliter
3250 1013 3427 1058 autem
3459 1004 3521 1058 ilt

1943 1087 1998 1141 in
2022 1096 2132 1141 toto
2157 1087 2371 1141 mundo.
2418 1086 2635 1142 Balaam
2669 1089 2849 1157 itaque
2884 1090 3271 1159 interpretatur
3294 1090 3521 1161 populus

1944 1195 2131 1244 vanus,
2172 1179 2330 1233 Balac
2371 1179 2594 1246 elidens,
2630 1180 2793 1235 lsrael
2825 1181 2907 1235 vir
2954 1182 3143 1238 videns
3175 1184 3365 1241 Deum.
3414 1184 3517 1238 Ba-

1944 1270 2086 1327 laam
2129 1272 2311 1341 itaque
2357 1272 2628 1343 signiﬁcat
2666 1273 2962 1338 haereticos,
2997 1275 3088 1343 qui
3118 1276 3327 1343 pondus
3354 1276 3520 1330 virtu-

1944 1370 2057 1416 tum
2085 1370 2137 1417 et
2169 1362 2289 1417 lidci
2325 1363 2379 1417 in
2424 1379 2481 1417 se
2522 1378 2625 1417 non
2674 1364 2892 1429 habent,
2944 1365 3172 1436 ideoque
3212 1368 3333 1422 vani
3377 1376 3519 1423 sunt.

1945 1450 2105 1507 Balac
2143 1460 2344 1518 autem,
2383 1453 2473 1522 qui
2500 1454 2704 1509 elidens
2728 1455 2944 1519 dicitur,
2967 1456 3125 1524 hujus
3152 1458 3334 1513 seculi
3360 1460 3523 1531 signi-

1947 1543 2074 1598 ﬁcat
2115 1544 2406 1613 principes.
2440 1544 2643 1610 Quibus
2683 1545 2939 1600 nimirum
2980 1548 3115 1602 bene
3152 1550 3398 1618 congruit
3423 1553 3529 1605 hoc

1947 1635 2091 1704 quod
2116 1635 2312 1689 Balach
2341 1635 2547 1689 elidens
2578 1635 2791 1700 dicitur,
2830 1637 2953 1705 quia
2990 1638 3173 1707 procul
3213 1639 3373 1694 dubio
3399 1640 3528 1694 dum

1948 1723 2109 1793 hujus
2151 1733 2309 1779 terrae
2344 1725 2613 1795 principes
2651 1739 2864 1795 semper
2907 1726 3028 1782 aliis
3069 1730 3374 1798 superiores
3417 1730 3526 1785 esi-

266 1838 401 1895 tiam
433 1832 877 1906 pronuntiemus:
906 1826 972 1879 Et
1008 1834 1157 1878 tenes
1187 1835 1385 1875 nomen
1424 1832 1628 1882 meum,
1657 1824 1711 1869 et
1738 1830 1845 1869 non
1950 1827 2097 1872 stere
2141 1826 2411 1887 quaerunt,
2464 1817 2511 1872 si
2561 1834 2718 1886 quem
2758 1819 2824 1872 ad
2863 1820 3138 1887 dignitatis
3173 1837 3283 1876 sua:
3317 1821 3529 1876 culmen

266 1904 478 1998 negasti
518 1923 677 1977 ﬁdem
716 1932 924 1981 meam;
970 1922 1026 1970 θῑ
1070 1914 1123 1967 in
1164 1910 1354 1966 diebus
1392 1908 1516 1971 illis,
1556 1907 1613 1961 in
1654 1904 1848 1975 quibus
1878 1906 1926 1977 Β
1950 1910 2241 1965 ascendere
2274 1910 2535 1964 nitentem
2561 1911 2916 1980 conspiciunt,
2952 1928 3050 1982 pro
3083 1912 3288 1968 viribus
3316 1916 3382 1968 ad
3420 1923 3529 1968 ter-

267 2021 481 2080 exstitit
502 2014 765 2085 Antiphus
797 2010 950 2065 testis
982 2021 1135 2062 meus
1170 2003 1364 2068 fidelis,
1405 2000 1495 2070 qui
1532 1998 1744 2055 occisus
1772 2006 1857 2050 est
1953 2016 2072 2054 ram
2118 2000 2346 2064 elidunt,
2403 2000 2652 2055 videlicet
2693 2003 2759 2055 ad
2811 2002 3030 2056 humilia
3089 2004 3379 2074 deponunt.
3432 2004 3535 2072 Qui

269 2112 413 2185 apud
442 2122 554 2172 vos,
582 2120 685 2159 non
722 2100 925 2172 negasti
959 2098 1119 2152 iidem
1142 2107 1337 2149 meam.
1379 2089 1509 2144 Tale
1532 2096 1616 2143 est
1642 2095 1698 2140 et
1724 2085 1855 2139 illud

268 2182 327 2260 ni
352 2198 608 2255 Psalmo:
640 2192 817 2246 Nolite
845 2187 1089 2243 extollere
1126 2186 1182 2238 in
1223 2182 1386 2236 altum
1412 2194 1575 2234 cornu
1608 2187 1853 2241 vestrum,

268 2292 432 2349 nolite
446 2289 584 2360 loqui
600 2289 846 2339 adversus
863 2283 1027 2334 Deum
1042 2280 1096 2332 in
1116 2276 1439 2347 iniquitatem
1458 2267 1631 2341 (Psal.
1647 2266 1854 2336 uxr-v9.

271 2384 331 2442 8i
353 2381 699 2451 subiungeret
719 2370 1182 2443 statim,quoniam
1216 2366 1352 2420 Deus
1374 2363 1541 2433 iudex
1559 2368 1655 2425 est,
1672 2366 1858 2430 aperta

270 2474 541 2536 sententia
568 2470 884 2526 videretur:
913 2465 1008 2520 sed
1041 2476 1165 2520 eum
1201 2461 1256 2515 in
1296 2458 1473 2515 medio
1516 2456 1810 2527 interponit
1840 2471 1855 2508 :

275 2569 419 2639 Quia
462 2581 624 2636 neque
665 2562 729 2616 ab
768 2559 999 2623 Oriente,
1055 2570 1217 2626 neque
1252 2554 1317 2609 ab
1354 2550 1651 2615 Occidente,
1696 2562 1860 2618 neque

271 2679 309 2719 α
337 2659 554 2716 desertis
595 2652 853 2709 montibus
881 2665 899 2703 :
926 2658 981 2707 et
1018 2649 1211 2704 deinde
1252 2644 1525 2716 subiungit
1553 2662 1567 2697 :
1598 2642 1859 2709 Quoniam

273 2752 423 2808 Deus
441 2749 607 2819 judea:
634 2757 730 2811 est,
763 2744 991 2799 obscura
1017 2739 1280 2796 sententia
1307 2737 1569 2792 redditur.
1604 2734 1709 2788 Aut
1733 2746 1860 2803 ergo

272 2842 411 2898 vitio
435 2839 755 2908 scriptorum
786 2835 890 2889 ista
924 2832 1048 2888 talis
1075 2831 1215 2885 facta
1242 2838 1321 2883 est
1354 2827 1573 2890 locutio,
1598 2834 1690 2879 aut
1714 2832 1861 2879 certe

276 2948 429 2991 more
467 2929 887 3000 Scriptum-um,
936 2932 996 2978 ut
1035 2923 1234 2977 dictum
1263 2926 1368 2981 est,
1399 2916 1731 2971 necessarias
1759 2915 1859 2967 ha-

273 3028 369 3083 bet
402 3023 658 3095 quasdam
696 3017 1000 3074 orationum
1026 3011 1339 3085 particulas.
1387 3008 1496 3064 Sed
1548 3023 1691 3062 nunc
1730 3021 1857 3060 sen-

275 3132 396 3174 sum
426 3115 707 3170 videamus
738 3128 751 3163 :
783 3108 884 3163 fuit
920 3107 1065 3163 enim
1110 3103 1325 3174 quidam
1364 3108 1591 3170 martyr,
1624 3098 1713 3167 qui
1762 3112 1860 3150 oc-

276 3209 424 3265 cisus
446 3214 531 3262 est
554 3205 607 3258 in
628 3200 855 3257 ecclesia
876 3195 1142 3265 Pergami,
1171 3209 1268 3264 per
1290 3206 1450 3262 quem
1470 3190 1653 3258 utique
1673 3202 1863 3242 omnes

275 3308 545 3367 martyres
590 3255 1332 3360 intelliguntur,vquicunque
1380 3281 1433 3335 in
1484 3255 1585 3333 hoc
1639 3276 1861 3341 mundo,
1889 3255 1937 3320 (ἶ

276 3391 393 3447 sive
421 3394 629 3458 aperto,
672 3382 788 3438 sive
834 3378 1046 3435 occulto
1085 3374 1345 3444 martyrio
1385 3371 1704 3443 patiuntur:
1736 3370 1863 3437 quia

278 3482 422 3537 sicut
450 3479 503 3532 in
533 3489 638 3530 una
662 3470 903 3529 Ecclesia
923 3481 1129 3532 clunes,
1162 3466 1235 3520 ita
1271 3465 1326 3519 in
1354 3478 1463 3518 uno
1487 3470 1723 3531 martyre
1748 3474 1865 3514 om-

279 3585 381 3625 nes
406 3566 605 3623 Christi
635 3570 907 3632 martyres
926 3558 1270 3630 reperiuntur
1299 3553 1566 3626 praeconio
1587 3552 1761 3607 laudis
1783 3560 1866 3605 at-

283 3663 419 3719 tolli.
475 3661 629 3728 Quod
662 3665 844 3712 autem
878 3654 1018 3724 apud
1043 3659 1258 3708 sanctos
1296 3666 1454 3706 suum
1476 3657 1669 3703 testem
1699 3649 1867 3702 inter-

286 3752 489 3807 fectum
510 3762 628 3805 esse
650 3753 1056 3809 commemorat,
1087 3744 1165 3798 sic
1192 3740 1589 3811 intelligendum
1612 3747 1696 3794 est
1712 3779 1727 3804 ,
1759 3753 1879 3793 non-

290 3845 437 3916 quod
464 3843 531 3897 ab
558 3840 684 3907 illis,
706 3841 797 3896 sed
821 3838 962 3908 quod
989 3837 1131 3891 inter
1151 3834 1273 3890 illos
1302 3832 1465 3888 fuerit
1494 3832 1867 3899 interemptus,

288 3938 362 3993 ab
400 3936 485 3991 his
542 3933 785 3988 videlicet
820 3932 873 3986 in
913 3929 1110 4000 quibus
1160 3926 1388 3983 Satanas
1422 3924 1665 3989 habitat,
1702 3922 1757 3977 id
1788 3929 1877 3976 est

287 4045 318 4085 a
351 4026 615 4098 reprobis,
650 4025 740 4095 qui
775 4023 931 4080 sedes
965 4029 1093 4076 sunt
1128 4018 1363 4075 Satanae.
1406 4017 1467 4073 lu
1493 4030 1723 4087 quorum
1758 4030 1876 4086 per-

287 4134 420 4177 sona
459 4118 643 4173 statim
667 4114 958 4185 subiungit.

365 4208 472 4265 Sed
498 4207 663 4262 habeo
715 4205 963 4259 adversus
992 4210 1040 4257 te
1071 4217 1262 4272 pauca,
1297 4203 1423 4272 quia
1449 4198 1607 4255 habes
1649 4198 1761 4253 illic
1803 4206 1883 4252 te-

285 4312 468 4359 nentes
489 4298 785 4354 doctrinam
811 4294 1059 4360 Balaam,
1091 4295 1181 4366 qui
1205 4292 1420 4347 docebat
1470 4289 1635 4345 Balac
1677 4292 1886 4344 mittere

288 4394 603 4451 scandalum
653 4407 832 4445 coram
881 4388 1007 4460 filiis
1052 4386 1262 4452 Israel,
1305 4385 1478 4452 edere,
1521 4388 1571 4439 ‘et
1604 4383 1877 4454 fornicari.

290 4484 425 4544 Haec
445 4486 589 4541 enim
615 4485 780 4539 verba
805 4498 911 4540 non
940 4481 1009 4537 ad
1034 4496 1159 4536 eum
1189 4480 1464 4550 pertinent
1502 4477 1589 4533 cui
1633 4476 1885 4547 superius

292 4578 500 4637 dictum
536 4585 619 4633 est
649 4595 663 4632 :
693 4574 867 4631 Tenes
901 4589 1099 4629 nomen
1133 4587 1331 4636 meum,
1361 4580 1418 4628 et
1441 4578 1657 4636 caetera,
1687 4568 1781 4624 sed
1815 4566 1885 4622 ad

290 4684 393 4726 eos
415 4668 507 4739 qui
536 4666 693 4722 simul
736 4666 879 4721 misti
907 4673 1065 4721 erant
1094 4679 1218 4720 cum
1249 4663 1523 4734 reprobis,
1559 4674 1696 4732 quos
1724 4675 1888 4731 ange-

290 4762 386 4818 l'us
411 4760 698 4832 Pergami,
724 4748 785 4814 id
802 4766 889 4814 est
927 4758 1209 4829 episcopus
1242 4755 1411 4827 ipsius
1435 4756 1692 4821 civitatis,
1720 4768 1889 4824 prava

288 4855 497 4913 docere
548 4852 917 4924 permittebat.
980 4849 1215 4905 Historia
1264 4855 1415 4919 patet
1452 4846 1642 4919 (Nam.
1702 4852 1817 4900 xm
1843 4844 1889 4916 ),

288 4946 535 5021 qualiter
570 4942 777 5000 scilicet
799 4941 1017 4996 Balaam
1058 4954 1090 4994 a
1146 4938 1310 4994 Balac
1364 4938 1435 4993 ad
1461 4936 1890 4993 maledicendum

291 5032 433 5100 ﬁliis
458 5036 623 5097 israel
648 5036 823 5093 fuerat
842 5040 1115 5099 evocatus,
1157 5046 1317 5104 quem
1350 5030 1674 5087 maledicere
1696 5028 1887 5092 noluit,

292 5135 395 5194 cui
423 5132 481 5191 s'e
509 5133 683 5188 etiam
705 5126 935 5186 Similem
964 5127 1081 5183 tieri
1114 5127 1170 5181 in
1199 5132 1374 5181 morte
1396 5124 1623 5196 Optavit.
1664 5121 1771 5178 Sed
1794 5136 1893 5192 po-

292 5237 426 5287 stea
462 5218 777 5281 muneribus
817 5221 1009 5284 victus,
1054 5219 1109 5273 in
1145 5214 1385 5289 ejusdem
1438 5214 1621 5285 populi
1664 5220 1893 5269 mortem

294 5310 591 5380 consilium
620 5316 786 5372 dedit.
828 5308 1083 5375 Praevidit
1116 5310 1260 5367 enim
1294 5306 1506 5365 animos
1542 5307 1774 5363 ﬁliorum
1817 5304 1896 5361 ls-

206 5400 217 5407 ’
294 5408 423 5469 rael
454 5407 520 5463 ad
558 5404 968 5463 fornicationem
999 5406 1311 5474 promptos;
1351 5400 1581 5469 ideoque
1611 5394 1898 5453 consilium

1956 2092 2268 2161 plerumque
2314 2092 2661 2145 suadentibus
2711 2092 3001 2156 haereticis,
3028 2102 3228 2147 contra
3264 2094 3537 2149 lsraelitas

1958 2182 2085 2254 (hoc
2104 2191 2188 2237 est
2216 2183 2361 2237 viros
2388 2185 2634 2239 videntes
2665 2184 2855 2253 Deum)
2900 2195 3161 2254 pugnant,
3190 2195 3249 2240 ut
3275 2187 3339 2241 de
3368 2185 3537 2241 idolo-

1960 2274 2126 2345 thytis
2160 2273 2341 2337 edant,
2381 2283 2436 2328 et
2483 2273 2816 2328 forniccntur
2862 2288 2893 2327 a
2941 2276 3068 2339 Deo,
3118 2276 3329 2330 illorum
3371 2293 3539 2346 prava

1958 2364 2208 2435 dogmata
2268 2364 2560 2432 sequendo.
2622 2365 2757 2418 Dum
2807 2364 2952 2418 enim
3002 2365 3245 2420 suasoria
3290 2367 3535 2436 quaedam

1958 2463 2017 2511 et
2047 2454 2222 2509 dulcia
2260 2462 2571 2524 prteponunt
2600 2454 2653 2508 in
2681 2454 2793 2508 suis
2814 2454 2967 2509 falsis
2998 2455 3358 2525 dogmatibus,
3383 2456 3539 2526 quasi

1958 2563 2059 2619 per
2086 2546 2339 2616 pulchras
2374 2546 2629 2601 mulieres
2657 2561 2749 2601 eos
2792 2547 3051 2602 seducere
3089 2549 3334 2618 cupiunt,
3363 2557 3422 2603 ut
3450 2565 3540 2604 co-

1960 2640 2180 2693 medant
2225 2637 2555 2707 idolothyta,
2584 2637 2637 2691 id
2694 2649 2779 2692 est
2822 2646 2880 2692 ut
2933 2648 3229 2707 sequantur
3274 2639 3538 2694 idolorum

1961 2731 2261 2787 doctrinam
2292 2728 2503 2799 plenam
2543 2730 2688 2783 omni
2719 2730 2973 2799 spurcitia
3005 2749 3018 2785 :
3052 2731 3233 2800 ibique
3274 2731 3543 2785 fornican-

1962 2834 2067 2885 tur,
2096 2823 2145 2878 id
2169 2833 2368 2892 est,ut,
2394 2823 2577 2877 relicta
2604 2822 2846 2877 veritatis
2873 2823 3138 2886 doctrina,
3162 2822 3543 2877 ardentissimo

1963 2914 2200 2969 libidinis
2224 2912 2494 2975 incendio,
2526 2912 2820 2966 mendaciis
2846 2892 3223 2981 perversurum
3256 2910 3541 2966 doctorum

1964 3004 2281 3060 inhrereant.
2318 3002 2524 3056 Aliter:
2552 3001 2790 3066 Balaam,
2822 3002 2913 3070 qui
2948 3001 3030 3071 (ut
3070 3000 3326 3070 diximus)
3370 3001 3544 3055 inter-

1962 3107 2210 3170 pretatur
2252 3097 2480 3167 populus
2522 3111 2714 3158 vanus,
2757 3103 2813 3149 et
2856 3094 3124 3165 significat
3149 3094 3419 3148 daemones
3447 3107 3545 3162 per

1966 3191 2145 3246 inania
2170 3189 2570 3249 discurrentes;
2614 3185 2775 3240 Balac
2824 3194 3026 3249 autem,
3055 3185 3147 3254 qui
3176 3183 3385 3239 elidens
3414 3183 3547 3238 dici-

1966 3290 2074 3347 tur,
2106 3295 2325 3337 carnem
2352 3288 2614 3342 nostram,
2644 3292 2764 3347 quae
2794 3276 3108 3345 plerumque
3135 3274 3371 3329 animam
3394 3274 3549 3328 elidit

1968 3373 2035 3429 ad
2061 3386 2313 3443 perversa
2342 3370 2603 3425 trahendo
2628 3382 2814 3437 opera,
2844 3381 2962 3436 quae
2990 3366 3251 3420 debuerat
3274 3366 3437 3419 Deum
3462 3364 3547 3418 vi-

1968 3467 2097 3523 dere
2122 3474 2234 3519 tota
2257 3470 2456 3518 mente.
2482 3459 2547 3513 Et
2568 3460 2671 3514 hoc
2690 3473 2789 3529 per
2807 3457 3077 3521 mulieres,
3102 3455 3155 3509 id
3176 3464 3261 3509 cst
3277 3469 3376 3523 per
3388 3453 3549 3522 hujus

1973 3558 2153 3617 saeculi
2205 3555 2585 3612 delectationes
2626 3560 2683 3606 et
2722 3549 3023 3619 voluptates
3047 3589 3061 3611 ,
3104 3560 3331 3615 quarum
3368 3555 3557 3599 amore

1970 3650 2289 3721 plerumque
2325 3645 2504 3699 anima
2532 3644 2833 3698 dmmonum
2867 3638 3074 3693 insidiis
3098 3635 3296 3700 illecta,
3324 3636 3390 3689 ad
3420 3649 3551 3688 con-

1971 3756 2187 3796 sensum
2214 3737 2396 3792 utendi
2424 3735 2624 3790 illicitis
2656 3732 2907 3788 trahitur.
2958 3729 3121 3784 lsrael
3162 3728 3304 3783 enim
3346 3726 3391 3779 si
3410 3725 3555 3787 iniii-

1972 3841 2061 3888 cat
2112 3832 2344 3885 animam
2393 3828 2561 3881 Deum
2613 3823 3087 3891 contemplantem.
3148 3819 3385 3874 Docente
3420 3832 3550 3886 ergo

1971 3925 2210 3987 Balaam,
2258 3922 2404 3976 misit
2454 3919 2613 3973 Baiae
2646 3916 2977 3982 voluptatum
3034 3913 3321 3966 amatrices
3364 3923 3547 3962 coram

1974 4017 2101 4073 filiis
2127 4013 2311 4079 lsrael,
2329 4025 2556 4082 quarum
2589 4005 2930 4062 suasionibus
2959 4004 3122 4057 edant
3149 4002 3217 4055 de
3242 3998 3555 4062 immolatis,

1976 4117 2032 4164 et
2072 4105 2407 4161 fornicentur
2456 4114 2579 4155 cum
2636 4098 2737 4161 eis,
2794 4096 2918 4166 quia
2974 4092 3223 4147 videlicet
3268 4089 3558 4160 spirituum

1978 4199 2377 4255 immundorum
2428 4192 2769 4248 suasionibus
2801 4202 2929 4243 caro
2966 4186 3247 4250 delectata,
3291 4183 3359 4238 ad
3405 4196 3562 4252 aspe-

1979 4303 2126 4349 ctum
2146 4291 2344 4346 mentis
2372 4290 2609 4358 ipsarum
2640 4282 2990 4353 cupiditatum
3020 4264 3303 4333 illecebras
3320 4274 3561 4339 deducit,

1983 4396 2213 4454 quarum
2257 4394 2440 4435 amore
2487 4378 2569 4447 (ut
2608 4374 2812 4430 dictum
2851 4372 2955 4442 est)
2997 4370 3063 4425 ad
3105 4382 3425 4423 consensum
3476 4378 3564 4420 ra-

1983 4474 2149 4544 pitur.

2059 4564 2146 4619 Ita
2189 4561 2347 4617 habes
2394 4568 2445 4615 et
2482 4567 2538 4613 tu
2578 4565 2805 4612 tenentes
2831 4554 3123 4608 doctrinam
3157 4549 3562 4607 Nicolaitarum.

1992 4655 2069 4712 De
2090 4655 2245 4710 lactis
2274 4651 2685 4731 Nicolaitaruni,
2728 4646 2811 4701 vel
2840 4658 2977 4715 quos
3006 4641 3428 4714 signiﬁcaverim
3455 4641 3567 4693 suis

1994 4747 2315 4808 actionibus,
2340 4742 2483 4797 satis
2501 4754 2662 4809 supra
2680 4739 2889 4793 dictum
2914 4743 3016 4792 est.
3048 4735 3129 4790 ita
3160 4734 3344 4796 habes,
3375 4731 3567 4800 inquit,

1993 4847 2049 4894 et
2078 4847 2135 4894 tu
2162 4841 2407 4892 tenentes
2432 4828 2739 4887 doctrinam
2766 4827 3176 4888 Nieolaitarum,
3205 4824 3259 4878 id
3307 4830 3394 4877 est
3430 4822 3572 4876 sicut

1994 4940 2121 4986 sunt
2143 4929 2199 4983 in
2224 4938 2277 4982 te
2299 4925 2393 4996 qui
2419 4931 2722 4992 sequuntur
2749 4919 3051 4975 doctrinam
3082 4913 3320 4974 Balaam,
3350 4912 3424 4966 ita
3446 4919 3576 4966 sunt

1995 5022 2085 5093 qui
2116 5024 2421 5089 sequuntur
2447 5014 2750 5072 doctrinam
2782 5009 3185 5065 Nicolaitarum.
3214 5004 3367 5072 Quod
3390 5003 3574 5072 utique

1996 5092 2104 5167 illis
2138 5107 2357 5174 dicitur,
2402 5105 2495 5178 qui
2525 5105 2689 5173 hujus
2713 5108 2870 5159 erant
2896 5099 3227 5162 imitatores,
3270 5095 3361 5165 qui
3407 5102 3463 5148 et
3505 5092 3573 5147 ad

1996 5200 2371 5285 pqenitentiam
2410 5198 2721 5260 hortantur,
2745 5206 2869 5248 eum
2891 5190 3093 5261 dicitur
3116 5203 3129 5239 :

2071 5279 2325 5351 Similiter
2357 5288 2711 5359 paenitentiam
2740 5299 2836 5355 age
2867 5298 2898 5336 a
2929 5280 3089 5336 factis
3114 5277 3321 5335 scilicet
3346 5273 3579 5330 Nicolai-

2001 5396 2202 5452 tarum,
2229 5382 2369 5439 sicut
2393 5396 2425 5435 a
2452 5377 2611 5435 factis
2653 5384 2711 5431 et
2746 5373 2988 5431 doctrina
3012 5369 3247 5424 Balaam.
3280 5366 3377 5425 Sin
3403 5376 3579 5419 autem

298 5453 1270 5566 2:28.35;Efgiaaaaa‘
1297 5453 1554 5547 assert.
1593 5501 1774 5544 coram
1818 5484 1899 5543 eis
2000 5476 2148 5533 uenio
2168 5473 2278 5566 an,
2302 5479 2351 5566 et
2369 5468 2611 5566 pugnabo
2630 5482 2749 5521 cum
2770 5463 2953 5566 tuum
2970 5459 3148 5533 gladio
3160 5457 3415 5566 eris-mei.
3440 5453 3579 5558 Hor.

296 5598 561 5669 poneret,
599 5600 828 5659 quarum
848 5545 1152 5656 rspeciebus
1190 5582 1375 5648 illecti,
1426 5580 1492 5637 ad
1532 5579 1751 5636 illicitos
1787 5592 1900 5632 am-
2004 5565 2281 5636 tatusiam
2305 5560 2483 5618 fuerat
2511 5561 2566 5631 in
2610 5555 2983 5629 superioribus
3021 5550 3273 5623 angelum
3296 5556 3359 5604 ut
3406 5545 3583 5619 pinni-

2106 5660 2136 5669 s.
2423 5662 2435 5669 .
2582 5664 2667 5669 νηί-
2690 5652 2709 5669 λ
2740 5649 3072 5669 μ-......ξιΑ-..Αι
3107 5643 3367 5669 nun)...“
3397 5648 3583 5669 Inc-nun

300 5643 505 5759 plexos
532 5643 772 5746 migrent,
800 5643 1125 5749 illarumque
1146 5643 1423 5733 blanditiis
1464 5670 1661 5741 illiniti,
1707 5671 1776 5727 de
1814 5685 1903 5726 sa-
2002 5660 2231 5717 tentiam
2260 5662 2443 5729 ageret
2473 5670 2540 5709 eo
2568 5652 2711 5723 quod
2739 5649 3077 5722 permitteret
3104 5643 3367 5715 quosdam
3397 5648 3583 5696 tenere

2024 5755 2039 5759 _
2162 5753 2179 5759 _
2321 5749 2361 5759 _
2400 5749 2433 5759 ,ν
2634 5745 2747 5759 η...
2944 5754 3043 5759 ac-
3102 5738 3251 5759 ειη-
3276 5746 3391 5759 -.....
3425 5733 3579 5759 3:4.-

811 5733 1224 5835 manducarent,
1252 5770 1351 5838 per
1378 5768 1520 5837 quod
1547 5733 1799 5821 videlicet
1829 5760 1907 5817 fa-
2008 5753 2308 5810 doctrinam
2321 5749 2541 5805 Balaam
2562 5743 3069 5846 velNiceiaitarum.
3101 5738 3253 5795 Unde
3271 5746 3394 5846 ett-ut
3420 5733 3579 5846 dicit!

306 5820 1621 5941 illis.
1657 5853 1905 5927 Comple-
1958 5926 1969 5932 -
2006 5848 2106 5907 Sin
2133 5856 2313 5903 autem
2337 5843 2492 5900 venio
2534 5841 2665 5905 tibi;
2692 5846 2747 5894 et
2770 5834 2962 5893 deinde
2990 5830 3301 5904 subiungit:
3330 5820 3587 5899 Pegasi”
