3974 6452
464 444 571 502 975

933 441 1285 498 IIAYMONIS
1327 434 1809 496 HALBERSTAT.
1853 429 2069 488 EPISC.
2110 426 2264 484 OPP.
2302 425 2486 482 PARS
2522 423 2566 480 l.
2593 453 2662 465 -—
2700 423 3057 480 COMMENT.
3093 424 3266 482 BIBL.

3649 423 3760 482 978

465 577 590 618 cum
627 561 752 627 illis,
777 562 849 616 ita
881 558 1248 628 accipiendum
1278 563 1380 620 est,
1410 563 1666 624 tanquam
1697 550 1923 612 diceret,
1949 560 2049 616 pu-
2073 546 2128 607 Α
2151 539 2344 611 gloria.
2375 538 2528 595 Unde
2565 537 2800 594 Joannes
2828 537 2959 592 dicit
2986 556 2999 592 :
3032 539 3296 608 Quotquot
3327 547 3502 594 autem
3536 554 3759 609 recepe-

466 653 644 724 guabo
672 661 882 714 tecum,
919 649 1041 717 quia
1082 647 1329 702 videlicet
1374 645 1490 700 haec
1531 645 1697 698 verba
1742 649 1798 694 et
1841 639 1909 695 ad
1948 651 2044 692 eos

463 746 754 815 pertinent,
783 744 872 812 qui
896 740 1208 813 przedictam
1234 739 1535 796 doctrinam
1578 733 1963 806 sequebantur,
1989 736 2045 784 et

465 840 534 892 ad
567 853 660 893 eos
713 837 876 891 etiam
915 836 1005 904 qui
1049 851 1142 890 eos
1191 849 1298 889 non
1331 831 1696 902 corrigebant.
1732 825 1857 882 Pari
1901 822 2044 876 enim

466 941 615 987 reatu
647 931 963 1000 astringitur
991 935 1045 982 et
1075 928 1175 984 ille
1221 927 1312 996 qui
1353 941 1518 996 prava
1553 925 1728 986 docet,
1761 928 1814 974 et
1839 918 1926 973 ille
1952 914 2045 986 qui

463 1039 632 1094 prava
675 1023 855 1078 doceri
902 1031 1088 1076 tacens
1130 1017 1413 1090 permittit.
1461 1014 1681 1069 Talibus
1708 1013 1887 1080 itaque
1916 1007 2046 1063 dicit

465 1117 764 1173 Dominus:
800 1115 966 1170 Venio
990 1115 1112 1179 tibi,
1143 1113 1197 1167 id
1227 1120 1312 1166 est
1341 1110 1629 1164 adventum
1678 1106 1771 1160 ira:
1815 1116 1947 1156 mete
1990 1107 2045 1155 et

465 1208 756 1262 vindictam
791 1215 842 1261 te
867 1206 1069 1262 sentire
1108 1204 1326 1265 faciam,
1352 1210 1408 1255 et
1427 1198 1675 1270 pugnabo
1701 1211 1823 1251 cum
1856 1193 1961 1248 illis
1988 1192 2041 1246 in

463 1299 641 1371 gladio
670 1298 782 1354 oris
814 1299 954 1362 mei,
999 1295 1050 1350 id
1090 1303 1172 1350 est
1202 1293 1374 1348 acutis
1421 1289 1754 1359 eloquiorum
1801 1300 2042 1340 ineorum

465 1391 752 1446 sententiis
780 1390 898 1444 illos
928 1389 1214 1444 damnabo.
1246 1385 1465 1440 Gladius
1491 1382 1631 1437 enim
1657 1380 1768 1435 oris
1791 1379 1884 1432 Dei
1931 1393 2042 1432 ser-

465 1497 682 1537 monem
730 1481 870 1536 illius
908 1481 1082 1534 valida
1127 1487 1393 1548 prazcepta
1422 1475 1722 1545 signiﬁcat,
1767 1471 1933 1526 Paulo
1962 1479 2045 1525 at-

468 1581 719 1634 testante,
746 1572 836 1641 qui
860 1571 1027 1626 dicit:
1056 1569 1119 1622 Et
1149 1567 1381 1638 gladium
1409 1568 1625 1636 spiritus
1654 1563 1793 1634 quod
1833 1572 1905 1616 est
1933 1577 2044 1616 ver-

468 1663 589 1716 bum
620 1663 715 1715 Dei
747 1659 958 1731 (Ephes.
990 1662 1086 1730 γι).

539 1755 644 1820 Qui
685 1753 836 1807 habet
864 1767 1040 1806 aurem
1069 1751 1252 1803 audiat
1273 1748 1398 1819 quid
1427 1747 1652 1818 Spiritus
1683 1745 1823 1798 dicat
1862 1742 2043 1797 Eccle-

465 1847 578 1901 siis.
619 1846 719 1912 Qui
740 1845 924 1914 utique
952 1843 1094 1912 quod
1123 1842 1214 1895 uni
1244 1842 1454 1895 illarum
1476 1839 1626 1894 dicit.
1651 1851 1840 1893 omnes
1860 1835 2042 1891 Eccle-

461 1936 577 1990 sias
609 1935 756 2003 cupit
781 1933 984 1988 audire.

546 2025 785 2080 Vincenti
843 2021 1107 2079 desideria
1153 2018 1370 2090 propria
1414 2029 1470 2074 et
1515 2019 1818 2074 damionum
1871 2025 2044 2071 tenta-

467 2127 672 2181 meuta,
699 2115 835 2168 dabo
865 2113 915 2168 ei
944 2128 1137 2166 manna
1165 2110 1547 2174 absconditum,
1573 2109 1625 2164 id
1664 2117 1747 2162 est
1779 2106 2042 2176 meipsum

468 2209 701 2264 tribuam
725 2207 799 2261 illi
827 2205 917 2276 qui
945 2220 1062 2259 sum
1085 2205 1236 2274 panis
1266 2203 1415 2258 vivus
1438 2202 1504 2257 de
1526 2201 1661 2257 c0310
1689 2201 2041 2265 descendens,

469 2301 669 2369 quique
701 2298 821 2352 ideo
851 2297 1022 2351 factus
1044 2311 1162 2350 sum
1192 2296 1370 2357 homo,
1411 2303 1469 2348 ut
1508 2309 1699 2363 panem
1731 2293 2044 2364 angelorum

469 2389 820 2446 manducaret
862 2389 1043 2444 homo.
1093 2386 1245 2441 Hunc
1293 2387 1630 2456 signiﬁcabat
1676 2399 1869 2454 panem
1915 2383 2042 2438 olim

470 2480 598 2534 illud
633 2495 848 2545 manna,
881 2479 1023 2547 quod
1052 2477 1174 2530 ﬁliis
1203 2476 1364 2530 Israel
1396 2477 1579 2530 datum
1606 2483 1689 2530 est
1737 2475 1790 2528 in
1837 2488 2040 2528 eremo.

469 2571 620 2637 Quod
647 2571 739 2640 qui
765 2569 1115 2639 spiritualiter
1143 2567 1620 2630 manducaverunt,
1647 2566 1787 2620 sicut
1813 2565 2041 2636 Moyses,

469 2662 681 2725 Aaron,
709 2669 764 2714 et
803 2660 984 2722 Josue,
1017 2668 1070 2712 et
1105 2659 1150 2712 si
1178 2656 1374 2711 mortui
1399 2665 1524 2711 sunt
1549 2671 1791 2726 corpore,
1827 2656 2047 2710 immor-

472 2750 610 2804 tales
639 2748 856 2803 fuerunt
886 2758 1086 2802 mente.
1117 2748 1217 2814 Qui
1259 2755 1436 2801 autem
1484 2747 1618 2801 nihil
1659 2747 1803 2801 aliud
1851 2755 2047 2816 praeter

471 2842 615 2911 quod
640 2842 896 2896 videbant
935 2840 1009 2895 ibi
1051 2839 1443 2910 intelligebant,
1497 2840 1696 2894 mortui
1721 2849 1847 2895 sunt
1872 2851 2046 2896 morte

469 2947 691 2992 acterna.
734 2937 808 2991 De
848 2937 1046 3007 quibus
1092 2936 1355 2990 Dominus
1399 2935 1529 2990 dicit
1570 2932 1767 2989 ludatis
1803 2952 1816 2988 :
1859 2932 2044 2988 Patres

469 3027 623 3081 vestri
638 3027 1082 3080 manducaverunt
1103 3041 1320 3088 manna,
1335 3033 1383 3078 et
1406 3025 1598 3078 mortui
1613 3034 1732 3078 sunt
1750 3023 1930 3096 (Joan.
1947 3026 2042 3094 vi).

470 3119 622 3174 Sicut
650 3127 705 3173 et
733 3133 875 3172 nunc
922 3119 1014 3187 qui
1065 3118 1221 3186 digne
1263 3131 1460 3186 corpus
1505 3123 1561 3170 et
1597 3116 1908 3185 sanguinem
1942 3115 2047 3168 Do-

469 3212 598 3266 mini
625 3212 914 3283 accipiunt,
959 3212 1121 3266 vitam
1154 3212 1224 3266 ibi
1267 3220 1524 3265 sumunt:
1559 3210 1652 3280 qui
1692 3211 1795 3264 hoc
1830 3210 2044 3279 indigne

469 3275 816 3368 inanducant,
838 3275 1092 3372 judicium
1121 3303 1221 3356 sibi
1250 3275 1644 3357 inanducant-et
1666 3302 1871 3356 bibunt.
1897 3275 2042 3356 Istud
2069 3275 2115 3337 Ο

469 3399 648 3445 autem
680 3407 875 3446 manna
908 3391 1049 3460 quod
1079 3391 1167 3446 hic
1192 3391 1524 3460 promittitur
1565 3391 1845 3458 ﬁdelibus,
1882 3393 2044 3446 modo

468 3483 683 3550 quidem
715 3482 769 3536 in
795 3490 1132 3537 sacramento
1163 3482 1432 3550 accipiunt
1461 3496 1558 3552 per
1579 3481 1762 3547 ﬁdem,
1802 3482 2045 3551 quando-

469 3589 574 3642 que
594 3573 698 3628 hoc
718 3573 772 3626 in
800 3573 1026 3628 veritate
1047 3587 1143 3641 per
1167 3572 1500 3640 spiritualem
1529 3579 1771 3626 sumetur
1793 3588 1806 3624 :
1831 3580 1886 3624 et
1900 3572 2042 3640 quod

469 3678 614 3718 nunc
642 3669 825 3716 manet
850 3661 1242 3724 absconditum,
1269 3670 1395 3714 tunc
1416 3662 1522 3715 erit
1541 3661 1907 3716 manifestum.
1942 3659 2045 3726 Qui

469 3755 654 3824 itaque
677 3753 887 3818 vicerit,
921 3754 1060 3808 dabo
1085 3751 1159 3807 illi
1198 3767 1392 3806 manna
1427 3751 1823 3815 absconditum,
1855 3751 1908 3806 id
1938 3760 2041 3817 est,

470 3861 644 3902 meam
676 3854 796 3915 post
824 3845 1002 3900 ﬁnitos
1031 3843 1190 3914 hujus
1217 3845 1340 3898 Viue
1376 3843 1592 3899 labores
1629 3843 2042 3914 contemplatio-

471 3925 593 3994 nem
633 3937 706 3992 illi
750 3937 1063 3991 concedam.
1095 3935 1249 3992 Unde
1279 3935 1562 3991 Psalmista
1594 3935 1727 3990 dicit
1757 3952 1769 3988 :
1802 3934 2045 3990 Satiabor

469 4029 594 4083 dum
638 4028 1056 4097 manifestabitur
1095 4027 1262 4098 gloria
1305 4038 1397 4082 tua
1446 4026 1618 4099 (Psal.
1669 4026 1801 4096 xvr).
1850 4026 2045 4081 Manna

468 4119 668 4174 etenim
696 4119 1083 4188 interpretatur
1111 4137 1122 4172 :
1156 4118 1295 4185 Quid
1323 4127 1406 4174 est
1432 4119 1569 4174 hoc?
1597 4117 1706 4174 Nos
1732 4127 1912 4173 autem
1951 4134 2045 4174 ne-

468 4224 737 4278 quaquam
782 4208 1044 4263 dicimus:
1077 4207 1214 4274 Quid
1255 4217 1338 4264 est
1386 4209 1524 4275 hoc,
1550 4209 1654 4264 nisi
1683 4209 1749 4263 de
1786 4224 1844 4262 re
1881 4224 2044 4278 quam

469 4309 595 4353 ante
637 4313 742 4352 non
788 4298 1036 4353 vidimus.
1080 4297 1221 4352 lstud
1267 4301 1409 4353 enim
1441 4313 1638 4353 manna
1681 4315 1823 4354 nunc
1861 4307 2044 4354 manet

469 4389 861 4454 absconditum,
887 4389 1039 4458 juxta
1059 4390 1200 4459 quod
1219 4389 1507 4459 Apostolus
1536 4391 1612 4443 ait
1636 4408 1649 4442 :
1679 4388 1832 4455 Quod
1858 4389 2041 4444 oculus

471 4495 573 4532 non
592 4478 739 4542 vidit,
772 4495 862 4532 nec
889 4481 1032 4533 auris
1063 4480 1282 4544 audivit,
1305 4497 1395 4534 nec
1417 4481 1470 4534 in
1495 4497 1584 4533 cor
1604 4481 1829 4535 hominis
1857 4498 2041 4535 ascert-

468 4568 564 4633 dit,
595 4584 711 4638 qua:
741 4569 1048 4639 preparavit
1092 4569 1230 4623 Deus
1277 4570 1611 4644 diligentibus
1639 4589 1693 4625 se
1720 4572 1772 4644 (I
1799 4572 1919 4626 Cor.
1953 4572 2060 4643 tt)._

541 4657 605 4712 Et
627 4659 761 4713 dabo
781 4660 860 4713 illi
879 4660 1135 4715 calculum
1159 4662 1462 4728 candidum,
1485 4674 1532 4718 et
1557 4665 1610 4717 in
1634 4663 1836 4718 calculo
1853 4681 2039 4718 nomen

468 4767 656 4806 novum
705 4752 986 4822 scriptum,
1029 4754 1168 4824 quod
1209 4771 1359 4810 nemo
1403 4756 1500 4811 scit
1549 4757 1650 4812 nisi
1688 4758 1777 4828 qui
1826 4759 2034 4829 accipit.

466 4841 714 4896 Calculus
754 4840 890 4910 lapis
917 4851 1002 4897 est
1029 4843 1320 4912 pretiosus,
1344 4844 1435 4913 qui
1469 4854 1525 4900 et
1553 4847 1912 4903 carbunculus
1939 4863 2036 4918 ap-

465 4931 714 5000 pellatur,
743 4948 807 4987 eo
833 4935 974 5003 quod
1000 4934 1054 4989 in
1079 4936 1316 4990 tenebris
1335 4937 1678 5004 constitutus,
1703 4939 1840 4995 sicut
1875 4942 2039 4997 carbo

465 5040 755 5079 succensus
797 5024 998 5094 fulgere
1022 5027 1352 5094 perhibetur.
1384 5027 1490 5082 Per
1523 5029 1664 5085 hunc
1692 5040 1868 5086 autem
1899 5031 2037 5101 lapi—

465 5115 586 5170 dein
624 5115 738 5185 ipse
775 5116 1092 5188 intelligitur
1135 5118 1386 5178 Christus
1406 5161 1421 5186 ,
1453 5124 1545 5194 qui
1577 5124 1718 5178 inter
1749 5123 1906 5191 hujus
1934 5140 2037 5178 sa:-

464 5207 570 5261 culi
610 5209 858 5264 tenebras
886 5208 1110 5274 refulsit,
1145 5213 1359 5283 quando
1395 5215 1625 5270 Verbum
1670 5230 1798 5269 caro
1836 5215 2036 5270 factum

463 5304 565 5361 est,
608 5308 662 5352 et
694 5297 952 5353 habitavit
987 5301 1040 5354 in
1090 5302 1260 5358 nobis.
1306 5304 1455 5359 Unde
1498 5314 1554 5360 et
1592 5307 1730 5360 bene
1778 5287 2041 5361 canditﬁis

464 5388 678 5451 dicitur,
711 5391 838 5460 quia
867 5391 984 5447 sine
1022 5392 1129 5446 ulla
1170 5395 1374 5463 peccati
1420 5394 1771 5451 oﬁ‘uscatioue
1805 5397 2038 5452 mundus

465 5479 716 5549 apparuit
744 5479 888 5538 inter
911 5483 1174 5548 homines,
1208 5493 1261 5539 et
1285 5485 1582 5542 divinitatis
1611 5501 1722 5541 sua:
1747 5487 1864 5543 luce
1889 5497 2035 5542 tene-

463 5569 592 5624 bras
632 5579 831 5626 nostra:
870 5573 1213 5629 mortalitatis
1267 5574 1569 5630 illustravit.
1624 5575 1764 5632 Dicit
1809 5577 2032 5646 itaque:

465 5659 614 5717 Dab»
660 5663 896 5744 vincenti
949 5667 1212 5723 calculum
1262 5683 1485 5723 aureum
1512 5709 1526 5734 ,
1564 5669 1617 5724 id
1653 5676 1738 5724 est
1800 5669 1939 5726 dabo
1987 5669 2038 5724 ei

463 5750 753 5820 meipsum,
782 5755 876 5824 qui
899 5756 966 5811 de
990 5757 1190 5812 mundo
1211 5767 1370 5829 atque
1394 5767 1614 5814 auctore
1643 5760 1832 5816 mortis
1852 5760 2040 5816 trium-

461 5840 618 5916 phat,
641 5850 698 5895 ut
733 5844 802 5901 sit
833 5847 1037 5908 scilicet
1058 5863 1207 5904 meus
1236 5849 1403 5904 frater
1428 5858 1480 5905 et
1511 5851 1778 5921 particeps
1805 5852 1956 5917 regni
1981 5853 2037 5908 in

2147 641 2268 687 runt
2291 649 2430 699 eum,
2455 631 2596 685 dedit
2621 632 2694 686 eis
2715 640 3019 700 potestatem
3043 632 3181 702 ﬁlios
3203 631 3300 686 Dei
3321 633 3438 701 ﬁeri
3466 631 3756 704 (locum),

2143 725 2371 780 ut'sicut
2398 733 2482 778 est
2501 723 2670 778 Filius
2700 723 2794 778 Dei
2825 724 2937 794 ipse
2964 738 3061 794 per
3092 733 3360 786 naturam,
3398 723 3471 777 ita
3510 723 3636 777 sint
3663 723 3760 783 isti

2143 829 2240 885 per
2267 816 2519 887 gratiam.
2548 816 2605 870 In
2645 831 2749 885 qua
2779 816 3030 871 videlicet
3059 816 3367 886 adoptionis
3393 816 3577 888 gratia
3604 857 3620 881 ,
3652 831 3754 872 uo-

2145 923 2268 962 men
2296 906 2458 962 etiam
2494 923 2690 962 novum
2718 907 2898 972 datur,
2925 907 2978 962 id
3020 918 3104 962 est
3139 923 3336 962 nomen
3362 907 3752 962 Christianum

2143 1001 2293 1071 prius
2324 998 2645 1054 inauditum.
2688 997 2732 1052 A
2771 998 2988 1053 Christo
3017 999 3163 1054 enim
3213 999 3398 1054 ﬁdeles
3435 997 3753 1053 Christiani

2143 1103 2426 1159 vocantur,
2457 1094 2598 1148 sicut
2621 1095 2686 1147 ab
2709 1093 2872 1149 Israel
2913 1093 3190 1160 Israelitte,
3217 1103 3271 1148 et
3297 1111 3326 1148 a
3358 1093 3498 1148 Juda
3549 1093 3749 1148 Judzei.

2147 1187 2222 1241 De
2260 1188 2359 1241 hoc
2389 1187 2604 1242 nomine
2642 1201 2738 1256 per
2764 1187 3080 1257 preplietam
3108 1187 3303 1241 Isaiam
3338 1186 3613 1241 Ecclesiae
3645 1202 3751 1240 sua:

2145 1278 2262 1347 ipse
2306 1277 2565 1332 Dominus
2593 1285 2720 1330 ante
2749 1277 2923 1330 dixit:
2965 1275 3251 1330 Vocabitur
3279 1277 3372 1329 tibi
3415 1292 3623 1328 novum
3662 1292 3750 1328 no-

2145 1386 2278 1430 men,
2302 1369 2441 1440 quod
2463 1385 2520 1422 os
2546 1368 2758 1422 Domini
2783 1369 3065 1423 nominavit
3090 1368 3228 1437 (Isa.
3261 1368 3416 1439 Lxu).
3441 1367 3503 1422 In
3538 1367 3749 1422 calculo

2144 1460 2325 1530 itaque
2351 1461 2514 1514 habet
2550 1459 2654 1514 hoc
2696 1475 2929 1526 nomen,
2968 1460 3097 1530 quia
3136 1461 3204 1514 ab
3239 1461 3357 1530 ipso
3397 1462 3552 1529 cepit
3595 1475 3748 1515 exor-

2145 1554 2325 1618 dium,
2355 1569 2385 1607 a
2424 1568 2530 1621 quo
2561 1567 2749 1608 omnes
2793 1551 3088 1608 Christiani
3125 1553 3499 1608 nominantur.
3547 1554 3620 1608 Et
3651 1554 3747 1608 hoc

2145 1657 2342 1698 nomen
2391 1642 2520 1698 solis
2555 1643 2714 1698 datur
2756 1643 3085 1708 victoribus,
3139 1644 3194 1698 id
3236 1652 3322 1698 est
3366 1644 3636 1698 omnibus
3682 1645 3742 1698 ad

2145 1737 2311 1790 vitam
2355 1746 2617 1791 aeternam
2666 1735 3097 1806 prtedestinatis,
3147 1737 3239 1805 qui
3293 1735 3458 1804 hujus
3505 1737 3743 1790 nominis

2148 1827 2463 1895 dignitatem
2499 1826 2755 1897 operibus
2800 1835 3088 1882 exornant.
3148 1826 3300 1882 Unde
3346 1825 3735 1898 subjungitur:

2071 1909 2118 1968 Β
2146 1919 2298 1986 Quod
2336 1934 2495 1974 nemo
2521 1919 2642 1984 scit,
2675 1919 2994 1974 subauditur
3023 1919 3182 1987 digne
3202 1960 3216 1984 ,
3244 1919 3347 1973 nisi
3372 1918 3469 1988 qui
3513 1920 3732 1988 accipit.

2145 2009 2300 2066 Scire
2323 2012 2464 2065 enim
2482 2011 2717 2081 positum
2739 2019 2823 2066 est
2847 2011 2935 2067 hic
2958 2026 3057 2082 pro
3086 2027 3152 2066 eo
3177 2011 3324 2082 quod
3355 2021 3463 2075 est,
3503 2009 3614 2065 nisi
3640 2013 3714 2066 rir

2143 2111 2313 2158 tutem
2360 2101 2520 2170 hujus
2561 2103 2796 2157 nominis
2852 2112 3109 2173 expertus
3160 2101 3346 2156 fuerit.
3404 2101 3526 2156 Tali
3584 2103 3730 2156 modo

2144 2194 2398 2249 dicuntur
2427 2193 2682 2248 mulieres
2728 2193 2966 2248 nondum
2998 2193 3319 2264 cognovisse
3354 2195 3527 2260 viros,
3561 2195 3612 2248 id
3653 2203 3727 2249 est

2143 2301 2264 2354 qua:
2305 2285 2543 2338 nondum
2590 2284 2810 2339 fuerunt
2857 2295 3096 2355 experta:
3131 2284 3234 2339 viri
3281 2285 3525 2340 thorum.
3571 2285 3720 2342 Nemo

2143 2393 2272 2448 ergo
2301 2378 2406 2433 scit
2432 2378 2536 2432 hoc
2563 2393 2760 2432 nomen
2784 2418 2799 2442 ,
2847 2379 2950 2433 nisi
2997 2379 3089 2448 qui
3132 2378 3351 2448 accipit,
3382 2379 3442 2432 id
3468 2389 3545 2433 est
3570 2394 3706 2433 nano

2142 2471 2398 2525 virtutem
2425 2470 2585 2541 hujus
2609 2470 2842 2525 nominis
2863 2478 2917 2524 et
2941 2470 3262 2542 dignitatem
3284 2471 3525 2526 moribus
3541 2480 3586 2524 et
3603 2472 3694 2525 vita

2144 2561 2418 2626 defendit,
2469 2561 2572 2616 nisi
2617 2560 2709 2631 qui
2740 2571 2865 2616 ante
2896 2560 3059 2616 fuerit
3096 2562 3522 2632 prtedestinatus
3544 2563 3704 2626 aDeo,

2145 2662 2205 2708 ιιι
2251 2653 2392 2708 filius
2444 2654 2539 2709 Dei
2579 2669 2687 2708 non
2729 2653 2902 2710 solum
2932 2655 3262 2720 nominetur,
3305 2657 3402 2710 sed
3450 2658 3610 2710 etiam
3635 2658 3711 2710 sit.

2145 2741 2314 2798 Nosse
2361 2744 2562 2797 etenim
2601 2742 2805 2799 Christi
2836 2760 3053 2810 nomen,
3082 2746 3148 2800 ad
3177 2747 3490 2802 custodiam
3521 2749 3721 2802 manda-

2146 2847 2320 2891 torum
2367 2836 2620 2906 pertinet.
2659 2836 2776 2905 Quo
2802 2845 2992 2891 contra
3019 2835 3256 2892 Joannes
3287 2839 3356 2892 de
3383 2839 3629 2907 quolibet
3653 2855 3720 2891 re-

2144 2927 2311 2997 probo
2331 2927 2462 2982 dicit
2491 2945 2504 2981 :
2532 2926 2635 2992 Qui
2661 2927 2790 2980 dicit
2813 2943 2868 2981 se
2891 2943 3040 2981 nosse
3061 2927 3250 2992 Deum,
3273 2936 3323 2980 et
3347 2930 3608 2982 mandata
3628 2929 3721 2997 ejus

2145 3037 2248 3074 non
2291 3019 2536 3084 custodit,
2571 3018 2796 3074 mendax
2839 3029 2940 3086 est,
2984 3031 3030 3074 et
3077 3021 3268 3074 veritas
3308 3021 3367 3072 in
3414 3037 3483 3074 eo
3529 3038 3630 3074 non
3663 3031 3723 3072 est

2146 3110 2194 3181 (I
2222 3109 2382 3164 Joan.
2414 3109 2497 3181 ιι).
2533 3109 2701 3165 Nemo
2737 3111 2921 3180 itaque
2966 3111 3070 3166 scit
3099 3112 3200 3164 hoc
3226 3126 3427 3165 nomen
3450 3152 3466 3174 ,
3519 3112 3620 3166 nisi
3649 3112 3723 3180 qui
3757 3146 3759 3148 -

2147 3204 2360 3275 accipit,
2393 3204 2446 3258 id
2486 3211 2570 3258 est
2611 3204 2702 3273 qui
2731 3205 2800 3259 ad
2831 3203 2934 3259 hoc
2974 3203 3393 3274 praedestinatus
3430 3212 3525 3258 est
3554 3222 3586 3257 a
3613 3205 3725 3266 Deo,

2145 3303 2206 3348 ut
2236 3294 2357 3364 jure
2401 3294 2740 3348 Christianus
2787 3303 3012 3350 vocetur
3055 3303 3111 3349 et
3160 3295 3250 3349 sit.
3305 3294 3505 3350 Potest
3551 3305 3606 3350 et
3650 3311 3726 3366 per

2146 3387 2289 3442 hunc
2317 3385 2549 3455 lapidem
2581 3386 2804 3456 ignitum
2835 3387 3074 3442 charitas
3101 3387 3350 3456 intelligi,
3380 3404 3512 3458 qua:
3542 3391 3724 3444 cando-

2144 3495 2261 3535 rem
2290 3481 2480 3545 habet,
2512 3495 2610 3550 per
2651 3482 2753 3536 hoc
2792 3483 2935 3551 quod
2961 3482 3125 3537 vestis
3153 3491 3233 3536 est
3260 3483 3525 3552 operiens
3562 3486 3726 3554 nigre-

2147 3573 2323 3626 dinem
2350 3582 2692 3643 peccatorum
2719 3591 2733 3628 :
2765 3588 2861 3644 per
2883 3575 3057 3645 ignem
3082 3584 3284 3637 autem,
3315 3589 3480 3628 amor
3513 3591 3624 3644 quo
3656 3575 3728 3628 di-

2145 3663 2330 3736 ligitur
2361 3665 2501 3719 Deus
2528 3673 2584 3719 et
2606 3665 2788 3721 homo.
2816 3665 2984 3720 Datur
3010 3681 3140 3736 ergo
3164 3666 3518 3722 vincentibus
3563 3668 3728 3722 calca-

2146 3753 2231 3809 lus
2265 3754 2545 3820 candidus,
2571 3764 2632 3810 ut
2661 3755 2885 3827 diligant
2916 3756 3084 3810 Deum
3112 3764 3166 3810 et
3191 3757 3532 3825 proximum.
3574 3757 3729 3812 Datur

2145 3844 2201 3900 in
2231 3844 2437 3900 calculo
2467 3861 2662 3901 nomen
2682 3887 2696 3911 ,
2730 3854 2790 3899 ut
2817 3845 2988 3916 ipsam
3025 3847 3375 3902 dilectionem
3407 3849 3729 3918 adimpleant

2146 3937 2200 3991 in
2228 3939 2482 3994 mandato
2515 3955 2675 3995 novo.
2725 3939 2996 4010 Scriptum
3028 3940 3228 4011 quippe
3254 3949 3340 3995 est
3371 3959 3384 3994 :
3417 3941 3728 3996 Mandatus

2146 4045 2334 4084 novum
2364 4030 2430 4084 do
2468 4031 2625 4096 vobis,
2657 4041 2714 4084 ut
2742 4048 2829 4086 vos
2868 4033 3084 4086 invicem
3113 4032 3348 4102 diligatis
3377 4033 3570 4104 (Joan.
3598 4035 3726 4104 xm).

2144 4118 2308 4187 Cujus
2339 4121 2576 4177 nominis
2600 4122 2860 4177 virtutem
2893 4122 3035 4177 solus
3067 4122 3170 4178 scit
3197 4123 3290 4192 qui
3318 4124 3551 4194 accipit,
3581 4127 3633 4180 id
3659 4133 3730 4179 est

2145 4211 2235 4280 qui
2267 4211 2318 4264 in
2352 4226 2490 4266 novo
2532 4212 2788 4270 mandato
2813 4211 2942 4266 illud
2971 4212 3242 4276 custodit,
3273 4213 3421 4281 quod
3457 4214 3730 4284 discipulis

2145 4312 2228 4355 est
2265 4301 2539 4356 collatum.

2219 4391 2287 4446 Et
2308 4395 2490 4464 angelo
2523 4392 2785 4464 Thyatira:
2812 4393 3062 4448 Ecclesia:
3081 4393 3268 4447 scribe.
3292 4392 3586 4464 Thyatira,
3607 4396 3730 4449 sicut

2145 4499 2308 4555 supra
2329 4485 2531 4540 dictum
2559 4495 2660 4551 est,
2697 4486 2992 4541 illuminata
3021 4485 3238 4546 dicitur,
3270 4485 3598 4555 signiﬁcans
3625 4486 3728 4538 uni-

2143 4593 2354 4631 versam
2385 4578 2701 4642 Eeclesiatn,
2727 4594 2848 4648 quae
2873 4578 3174 4632 illuminata
3198 4586 3281 4633 est
3305 4593 3405 4647 per
3429 4579 3725 4639 Christum,

2143 4670 2235 4739 qui
2262 4678 2346 4724 est
2372 4669 2465 4723 lux
2485 4683 2613 4724 vera
2634 4669 2948 4724 illuminans
2969 4684 3183 4724 omnem
3205 4669 3487 4724 hominem
3517 4671 3726 4725 venien-

2145 4771 2253 4816 tem
2283 4762 2335 4814 in
2367 4761 2510 4817 hunc
2551 4762 2827 4816 mundum.
2861 4760 3090 4828 Ideoque
3117 4761 3260 4831 quod
3286 4761 3379 4815 uni
3423 4763 3726 4831 specialiter

2144 4854 2400 4909 Ecclesia:
2439 4854 2619 4909 dicere
2663 4869 2842 4909 sermo
2884 4854 3099 4909 divinus
3134 4854 3365 4918 videtur,
3400 4856 3726 4926 generalim

2143 4945 2210 5000 ad
2240 4959 2454 4999 omnem
2484 4944 2782 5000 Ecelesiam
2813 4944 3068 5014 pertinet.

2217 5033 2345 5087 Ηιεε
2376 5033 2502 5087 dicit
2526 5031 2576 5086 F
2579 5032 2701 5087 ilius
2731 5033 2850 5098 Dei,
2880 5034 2968 5103 qui
2993 5032 3146 5086 habet
3174 5032 3353 5087 oculos
3378 5042 3439 5086 ut
3457 5035 3722 5103 ﬂamma-

2140 5126 2296 5194 ignis.
2331 5123 2428 5178 Hic
2455 5125 2567 5195 jam
2593 5135 2776 5195 aperte
2801 5125 3128 5188 ostenditur,
3163 5123 3319 5193 cujus
3347 5132 3538 5193 typum
3569 5139 3724 5195 auge.»

2141 5213 2225 5269 ius
2252 5215 2493 5286 gerebat,
2536 5216 2625 5284 qui
2662 5216 2777 5270 haec
2801 5215 3122 5270 ostendebat
3150 5215 3309 5270 beato
3350 5212 3575 5280 Joanni,
3608 5229 3721 5269 cum

2141 5323 2238 5363 sua
2275 5308 2463 5371 verba,
2493 5307 2615 5362 Filii
2643 5307 2739 5362 Dei
2769 5308 2956 5372 verba,
2985 5306 3287 5376 proﬁtetur,
3320 5307 3509 5362 dicens
3542 5326 3554 5362 :
3581 5306 3719 5369 Haec,

2142 5400 2274 5454 dicit
2304 5399 2474 5454 Filius
2504 5399 2620 5464 Dei,
2653 5401 2809 5471 cujus
2829 5399 2970 5454 oculi
2994 5399 3139 5454 velut
3165 5398 3379 5453 ﬂamma
3410 5398 3552 5469 ignis
3581 5397 3718 5452 exsi-

2145 5500 2370 5556 stentes,
2399 5499 2524 5545 sunt
2547 5492 2687 5545 dona
2710 5490 2948 5559 Spiritus
2970 5489 3165 5554 sancti,
3192 5505 3312 5560 qua:
3341 5498 3511 5544 totum
3532 5502 3723 5559 corpus

2143 5581 2401 5636 Ecclesia:
2442 5580 2766 5636 illuminant.
2815 5581 2912 5636 Vel
2958 5588 3105 5636 certe
3147 5581 3325 5635 divina
3370 5579 3618 5651 eloquia,
3661 5580 3724 5633 de

2146 5673 2341 5742 quibus
2369 5673 2630 5742 scriptum
2659 5682 2740 5728 est
2779 5692 2792 5727 :
2821 5673 3059 5727 Lucerna
3093 5671 3308 5742 pedibus
3351 5672 3480 5725 meis
3519 5671 3724 5724 verbum

2146 5774 2292 5816 tuum
2329 5762 2501 5833 (Psal.
2532 5763 2753 5834 cxvm);
2801 5774 2856 5818 et
2901 5764 3095 5818 iterum
3139 5780 3153 5818 :
3193 5761 3428 5832 Ignitum
3466 5761 3725 5828 eloquium

2147 5866 2292 5910 tuum
2317 5857 2638 5924 uehementer
2663 5856 2978 5918 (Ibid.).Vel
3006 5857 3192 5914 etiam.
3217 5854 3360 5911 oculi
3396 5853 3612 5909 Domini
3644 5852 3726 5915 itt-
