3974 6478
223 451 230 460 '
245 434 346 492 977

1169 422 1535 482 EXPOSITIO
1573 421 1638 477 IN
1679 418 2181 478 APOCALYPSIN.
2221 451 2290 462 —-
2330 421 2457 478 LIB.
2493 422 2533 478 Ι.

3409 423 3514 485 978

246 550 566 620 telliguntur
593 547 866 612 doctores,
892 543 988 615 qui
1017 555 1119 598 nos
1146 556 1246 598 sua
1275 540 1521 596 doctrina
1547 547 1604 594 ct
1642 551 1826 593 exem—
1851 539 1907 601 Α
1930 535 2046 592 haec
2071 536 2266 591 mulier
2291 553 2399 592 non
2428 536 2564 592 vixit
2591 549 2761 606 usque
2784 537 2854 592 ad
2901 535 3187 593 adventum
3235 537 3448 596 Domini
3494 561 3510 598 :

247 643 336 717 plo
370 642 780 706 illuminant,-et
799 639 980 693 lumen
1007 635 1251 692 scientiae
1275 633 1535 706 praebent.

321 736 389 792 Et
435 736 590 807 pedes
631 735 745 805 ejus
777 731 987 787 similes
1028 727 1349 784 aurichalco.
1391 725 1562 781 Pedes
1617 721 1828 780 Domini

246 837 372 885 sunt
392 825 480 883 vel
505 825 677 881 sancti
704 822 1086 894 praedicatores
1115 835 1212 890 per
1245 833 1382 888 quos
1422 815 1679 871 mundum
1724 813 1831 869 cir-

247 921 381 986 cuit,
423 917 792 974 tribulationis
830 917 954 986 igne
989 913 1236 985 probati,
1269 911 1354 966 vel
1377 918 1526 966 certe
1553 907 1739 972 ultima
1767 922 1831 962 ac

246 1013 542 1070 novissima
577 1011 723 1068 illius
762 1009 1032 1075 membra,
1063 1014 1308 1063 extrema
1340 1002 1716 1075 persecutione
1741 1016 1832 1058 ca-

247 1104 448 1162 dentia.

223 1241 230 1246 .
321 1196 458 1252 Novi
505 1212 663 1269 opera
701 1205 820 1261 tua,
871 1193 927 1248 id
966 1199 1050 1249 est
1096 1201 1189 1247 tua
1220 1192 1360 1247 bene
1391 1199 1540 1261 gesta
1569 1188 1828 1260 approbo,

247 1295 461 1356 utpote
493 1286 585 1357 qui
627 1293 688 1340 ut
733 1283 921 1340 eadem
973 1297 1162 1352 ageres
1215 1281 1448 1351 gratuite
1501 1279 1721 1336 contuli.
1773 1279 1831 1334 In

247 1379 350 1434 hoc
383 1388 561 1435 autem
597 1378 718 1434 loco
747 1373 1016 1449 generalis
1037 1373 1293 1429 Ecclesia:
1328 1387 1558 1443 persona
1586 1370 1831 1426 introdu-

250 1470 408 1526 citur.

321 1560 387 1615 Et
427 1562 736 1615 charitatem
783 1568 931 1614 tuam
966 1565 1014 1612 et
1056 1556 1238 1626 ﬁdem,
1296 1554 1554 1610 subaudis
1598 1553 1723 1607 novi
1766 1567 1833 1609 eo

247 1655 409 1709 modo
466 1667 572 1722 quo
615 1664 671 1708 et
705 1666 869 1722 opera
917 1657 1026 1704 tua.
1069 1646 1424 1710 Charitatem,
1465 1644 1675 1700 scilicet
1723 1658 1829 1714 qua

248 1743 416 1801 Deum
445 1759 512 1798 ex
539 1751 651 1798 toto
681 1741 842 1796 corde
873 1749 929 1794 et
977 1738 1284 1808 proximum
1329 1735 1508 1806 diligis
1557 1734 1697 1788 sicut
1748 1742 1830 1788 te-

248 1835 456 1908 ipsum;
481 1840 538 1889 et
577 1833 761 1898 ﬁdem,
791 1847 895 1903 qua
922 1830 1102 1886 credis
1130 1829 1299 1883 Deum
1332 1828 1531 1880 trinum
1561 1825 1614 1879 in
1644 1838 1832 1896 perso-

248 1895 352 1994 nis,
384 1895 550 1983 unum
580 1926 634 1980 in
656 1895 959 1995 majestate.
994 1922 1090 1978 Est
1114 1930 1294 1977 autem
1342 1917 1430 1974 hic
1470 1895 1830 1989 praeposterus
1858 1895 1905 1956 Β

247 2019 383 2074 ordo
411 2036 423 2072 :
449 2019 576 2072 dum
609 2017 759 2088 prius
786 2021 1061 2086 ponuntur
1100 2028 1286 2083 opera,
1333 2019 1518 2081 postea
1571 2011 1827 2075 Charitas,

247 2110 442 2165 dehinc
483 2109 640 2173 ﬁdes,
671 2122 794 2163 cum
833 2106 982 2176 prius
1011 2105 1082 2160 sit
1122 2105 1310 2173 utique
1347 2102 1588 2167 credere,
1633 2099 1829 2155 deinde

248 2205 389 2274 quod
419 2202 646 2273 quisque
673 2201 849 2256 credit
889 2213 1097 2263 amare,
1128 2198 1253 2253 inde
1275 2196 1439 2252 etiam
1464 2195 1606 2264 quod
1635 2193 1829 2248 credu-

250 2293 374 2347 litas
397 2301 451 2348 et
483 2307 637 2347 amor
668 2289 931 2354 docuerit,
981 2286 1216 2358 operari.
1253 2283 1611 2355 Subjnngitur
1653 2290 1830 2338 autem

247 2385 317 2440 ad
340 2384 454 2438 haec
483 2383 536 2437 in
565 2381 813 2435 laudibus
849 2378 1106 2434 Ecclesiae
1129 2385 1184 2432 et
1212 2376 1413 2430 dicitur
1443 2392 1456 2428 :
1490 2373 1558 2428 Et
1601 2373 1832 2427 ministe-

249 2478 388 2530 rium
410 2485 458 2530 et
490 2473 798 2544 patientiam
820 2481 986 2524 tuam.
1021 2469 1378 2523 Ministerium
1413 2465 1540 2520 illud
1571 2463 1830 2533 intelligi-

249 2574 338 2622 tur
384 2579 490 2636 quo
519 2561 896 2618 ministrabant
915 2559 1168 2615 Ecclesia:
1198 2557 1303 2612 illis
1323 2556 1414 2626 qui
1436 2562 1592 2609 erant
1621 2554 1673 2608 in
1703 2552 1829 2606 llie-

251 2657 484 2712 rusalem
517 2654 651 2710 nihil
690 2651 1012 2707 habentibus
1039 2651 1106 2705 de
1135 2651 1246 2704 suis
1287 2647 1648 2709 facultatibus,
1672 2646 1830 2700 mise~

237 2748 501 2804 .ricordiae
530 2760 694 2816 opera
741 2743 846 2798 illis
896 2742 1237 2805 exhibentes,
1285 2736 1540 2807 Apostolo
1580 2743 1834 2790 monente

254 2843 415 2917 (Gal.
467 2842 570 2912 ll),
623 2849 683 2895 ut
735 2847 917 2894 essent
957 2850 1226 2892 memores
1270 2833 1519 2887 fratrum.
1567 2829 1834 2883 Patientia

253 2953 384 2996 vero
415 2938 467 2991 in
490 2937 594 2991 hoc
621 2931 950 3001 intelligitur,
975 2929 1102 2998 quia
1127 2925 1306 2981 omnia
1330 2923 1490 2993 hujus
1524 2920 1708 2976 surculi
1737 2921 1834 2973 ad.-

253 3042 412 3083 versa
440 3025 670 3081 libenter
699 3037 798 3092 pro
837 3019 1054 3076 Christo
1090 3015 1465 3078 sustinebant,
1490 3020 1549 3066 ut
1585 3024 1836 3080 perseve-

153 3149 170 3155 ι
255 3126 443 3176 rantes
472 3131 642 3186 usque
677 3115 730 3169 in
771 3113 931 3168 ﬁnem
979 3109 1112 3164 salvi
1157 3115 1358 3163 essent.
1414 3103 1483 3157 Et
1533 3117 1688 3171 Opera
1745 3112 1837 3153 tua

256 3210 540 3267 novissima
561 3206 717 3277 plura
751 3202 1035 3275 prioribus.
1063 3199 1334 3267 Quantum
1374 3194 1441 3248 ad
1474 3190 1730 3247 Ecclesiae
1756 3189 1836 3242 fa-

257 3309 393 3366 ciem
421 3305 668 3378 pertinet,
691 3304 830 3358 bene
862 3313 1024 3369 opera
1047 3295 1192 3351 illius
1209 3294 1362 3364 plura
1384 3291 1656 3362 prioribus
1682 3301 1832 3342 com-

256 3404 652 3460 memorantur,
674 3394 801 3464 quia
829 3389 1085 3447 videlicet
1108 3385 1350 3443 Ecclesia
1383 3383 1536 3455 prius
1577 3379 1834 3435 faciliori-

258 3491 360 3545 bus
396 3497 451 3544 et
494 3484 784 3541 levioribus
830 3479 1115 3552 praeceptis
1159 3475 1385 3532 solidata
1427 3479 1530 3529 est.
1587 3469 1741 3526 Unde
1782 3475 1840 3524 et

268 3579 496 3654 apostoli
521 3578 656 3650 (Act.
683 3575 775 3645 xv)
826 3581 1031 3628 tantum
1059 3579 1291 3640 quatuor
1313 3563 1546 3637 capitula
1592 3562 1696 3616 illis
1741 3561 1835 3630 qui

262 3675 552 3731 credebant
589 3673 976 3743 imposuerunt,
1009 3660 1256 3722 videlicet
1298 3667 1352 3711 ut
1405 3655 1737 3715 abstinerent
1779 3672 1837 3712 se

261 3769 330 3822 ab
358 3765 651 3826 immolato,
682 3771 737 3816 et
767 3760 1041 3830 sanguine,
1076 3766 1130 3810 et
1180 3753 1460 3816 suli‘ocato,
1505 3761 1564 3805 et
1600 3748 1836 3804 fornica-

261 3857 430 3911 tione.
453 3853 654 3908 Deinde
671 3864 800 3908 vero
823 3864 943 3903 cum
968 3843 1256 3900 multitudo
1278 3843 1534 3898 Ecclesiae
1555 3841 1837 3904 crevisset,

267 3945 335 4000 ad
363 3944 465 3998 hoc
496 3955 664 4010 usque
708 3947 1023 4008 perventum
1051 3945 1136 3991 est
1170 3944 1230 3989 ut
1256 3934 1434 3990 omnia
1472 3931 1840 4000 relinquerent

263 4054 364 4110 pro
401 4038 646 4102 Christo,
675 4045 732 4092 et
776 4035 850 4090 ad.
895 4035 1106 4089 culmen
1140 4031 1488 4104 perfectionis
1538 4029 1840 4092 tenderent,

266 4127 451 4182 habita
476 4125 801 4196 pauperibus
826 4123 1144 4187 tribuerent,
1171 4120 1384 4184 fratres,
1401 4132 1634 4181 sorores,
1657 4124 1840 4187 patres

266 4227 322 4274 et
383 4226 585 4273 matres
638 4231 942 4286 uxoresque
990 4214 1375 4284 relinquerent.
1422 4211 1631 4266 Abhinc
1677 4207 1840 4263 etiam

267 4309 549 4366 exordium
581 4308 810 4378 sumpsit
859 4306 1046 4376 religio
1087 4304 1495 4360 monachorum.
1541 4301 1638 4356 Vel
1691 4307 1843 4355 certe

267 4408 445 4471 potest
472 4400 574 4454 hoc
601 4397 790 4453 referri
820 4398 884 4452 ad
913 4397 1049 4451 diem
1074 4395 1294 4465 iudicii,
1317 4395 1535 4465 quando
1565 4391 1844 4446 immanis-

266 4495 399 4549 sima
441 4494 814 4549 crebrescente
865 4492 1194 4561 temporibus
1224 4489 1546 4545 Antichristi
1591 4502 1844 4558 persecu-

265 4585 436 4650 tione,
463 4583 693 4653 amplior
723 4583 776 4637 in
806 4597 867 4638 ea
894 4583 1068 4638 virtus
1089 4581 1313 4638 euitebit
1335 4581 1696 4651 operationis,
1714 4580 1842 4634 dum

265 4674 435 4731 Iudaei
463 4683 519 4730 et
541 4673 768 4745 gentiles
792 4675 995 4744 pariter
1018 4675 1073 4728 in
1104 4672 1208 4729 ﬁde
1230 4672 1433 4728 Christi
1479 4670 1714 4735 fundati,
1743 4670 1841 4725 du-

266 4767 356 4838 plo
383 4783 544 4837 quam
571 4783 714 4821 nunc
739 4765 1078 4822 laborabunt.

337 4855 439 4911 Sed
474 4856 638 4910 habeo
667 4855 913 4910 adversus
932 4865 980 4909 te
1012 4856 1354 4926 pauca,quia
1377 4854 1632 4921 permittis
1659 4853 1846 4909 mulie-

270 4965 378 5002 rem
402 4947 613 5003 Jezabel
639 4964 758 5018 quae
789 4964 843 5002 se
867 4947 994 5001 dicit
1015 4948 1292 5017 prophetas
1334 4947 1539 5011 docere,
1571 4955 1619 5000 et
1642 4946 1844 5000 seducit

267 5053 440 5091 servos
468 5053 629 5102 meos,
651 5047 701 5091 et
724 5037 872 5091 docet
903 5036 1178 5105 fornicari,
1203 5046 1250 5090 et
1282 5037 1602 5090 manducare
1629 5036 1693 5090 de
1731 5036 1847 5090 ido-

190 5125 199 5132 ’
267 5129 500 5199 lothytis.
532 5127 684 5183 Nulla
729 5129 869 5184 ratio
911 5128 1175 5198 permittit
1201 5138 1258 5181 ut
1308 5128 1421 5182 haec
1449 5129 1616 5183 verba
1647 5127 1714 5181 ad
1753 5140 1848 5180 eos

266 5223 578 5293 pertineant
622 5238 757 5292 quos
796 5224 1048 5294 superius
1092 5231 1239 5278 tanta
1281 5221 1439 5277 laude
1465 5220 1642 5277 fuerat
1666 5237 1850 5292 prose-

269 5321 446 5379 cutus,
471 5314 562 5369 sed
596 5330 625 5368 a
669 5314 904 5385 generali
935 5329 1164 5385 corpore
1201 5312 1494 5368 electorum
1526 5313 1691 5368 vertit
1738 5327 1853 5367 ser-

271 5419 487 5458 monem
509 5405 575 5459 ad
609 5412 818 5474 partem
845 5405 1225 5472 reproborum,
1266 5419 1386 5472 quae
1437 5403 1493 5456 in
1542 5402 1854 5458 doctoribus

272 5494 612 5566 intelligitur,
630 5495 720 5563 qui
743 5509 841 5549 sua
871 5495 1197 5566 negligentia
1230 5494 1641 5550 fornicationem
1661 5502 1720 5548 et
1740 5493 1854 5549 ido-

270 5583 541 5639 lolatriam
570 5586 622 5640 in
652 5584 890 5640 Ecclesia
913 5600 1034 5640 esse
1066 5586 1253 5640 sinunt
1283 5585 1384 5640 sub
1430 5585 1650 5640 nomine
1691 5583 1853 5640 Chri-

274 5676 472 5730 stiano.
503 5675 607 5730 Sed
634 5676 746 5743 jam
773 5693 914 5731 nunc
943 5677 1223 5733 videamus
1253 5692 1471 5733 sensum
1510 5695 1524 5732 :
1556 5677 1656 5732 fuit
1699 5677 1854 5732 Ieza-

273 5769 359 5824 bel
385 5786 520 5824 uxor
547 5769 730 5824 Achab
757 5771 900 5839 regis
927 5769 1091 5825 Israel
1111 5810 1125 5834 ,
1167 5769 1450 5826 idololatra
1480 5770 1639 5825 simul
1668 5779 1720 5823 et
1748 5768 1856 5823 for-

276 5862 504 5928 nicaria,
537 5878 659 5930 quae
689 5864 851 5919 etiam
878 5865 970 5922 Dei
1005 5880 1192 5921 servos
1221 5865 1460 5921 insecuta
1504 5873 1608 5920 est.
1654 5865 1857 5920 Verum

1862 3256 1908 3320 C

1931 640 2056 681 nam
2088 635 2144 681 et
2166 627 2220 682 in
2249 627 2465 698 ungulis
2485 642 2749 697 equorum
2780 626 3009 698 legimus
3037 627 3186 683 illam
3227 628 3516 688 conculca-

1931 727 2062 774 tam.
2088 718 2194 775 Sed
2224 720 2351 789 quia
2381 728 2538 775 erant
2587 721 2642 775 in
2691 719 2883 777 eadem
2911 720 3154 778 Ecclesia
3206 723 3300 793 qui
3347 739 3516 798 opera

1930 813 2076 870 illius
2111 812 2251 868 mala
2285 812 2669 878 imitabantur,
2708 814 2914 870 idcirco
2949 814 3002 869 in
3045 816 3126 871 eis
3172 824 3348 873 mater
3397 819 3516 890 ipsa

1931 900 2352 958 fornicationum
2381 901 2598 958 Iezabel
2641 912 2880 960 notatur.
2933 903 3088 962 Sicut
3139 907 3286 962 enim
3327 925 3518 967 omnes

1932 997 2088 1054 electi
2115 1012 2278 1050 unam
2304 995 2472 1049 vitam
2519 995 2802 1062 ducentes,
2851 1013 3016 1052 unum
3069 1013 3268 1068 corpus
3315 999 3516 1058 Christi

1932 1087 2154 1150 faciunt,
2173 1086 2252 1142 sic
2275 1101 2464 1140 omnes
2487 1085 2703 1155 reprobi
2732 1101 2901 1140 unum
2926 1102 3126 1158 corpus
3152 1088 3350 1144 diaboli
3378 1090 3519 1146 dese

1931 1179 2185 1242 reddunt,
2209 1178 2396 1246 sicque
2426 1176 2504 1242 ﬁt,
2541 1184 2600 1230 ut
2631 1177 2993 1246 praecedentia
3023 1181 3265 1236 membra
3287 1196 3520 1251 sequen-

1933 1271 2096 1333 tibus,
2121 1277 2176 1324 et
2202 1269 2482 1338 sequentia
2513 1269 2947 1339 praecedentibus
2999 1272 3347 1327 inveniantur
3389 1289 3516 1328 con-

1925 1358 2134 1431 juncta.
2170 1359 2324 1416 Unde
2357 1359 2616 1429 scriptum
2648 1370 2732 1415 est
2764 1378 2777 1414 :
2817 1359 2908 1415 Vw
2931 1359 3036 1415 illis
3057 1362 3148 1432 qui
3169 1363 3224 1416 in
3257 1364 3343 1417 cia
3383 1363 3518 1419 Cain

1933 1455 2172 1509 abierunt
2196 1453 2347 1525 (Jud.
2375 1456 2450 1524 1);
2479 1462 2535 1508 et
2563 1452 2798 1509 Joannes
2831 1454 2964 1509 dicit
2989 1471 3002 1508 :
3032 1453 3192 1508 Nunc
3223 1455 3520 1512 antichristi

1931 1545 2086 1599 multi
2127 1545 2256 1613 {acti
2302 1554 2425 1600 sunt
2472 1544 2522 1616 (1
2548 1545 2708 1600 Joan.
2746 1546 2830 1618 ιι).
2882 1545 3069 1602 Potest
3110 1548 3274 1602 etiam
3306 1547 3423 1604 ﬁeri
3463 1558 3521 1604 ut

1934 1647 2061 1694 tunc
2084 1637 2343 1709 temporis
2364 1639 2502 1694 sicut
2526 1646 2580 1692 et
2599 1638 2818 1707 quidam
2837 1638 3125 1702 afﬁrmant.
3141 1649 3195 1696 et
3215 1641 3320 1695 alia
3345 1650 3522 1697 trans-

1933 1731 2060 1785 latio
2117 1732 2470 1786 demonstrat.
2498 1731 2624 1785 Fuit
2660 1732 2777 1787 haec
2812 1732 3008 1788 mulier
3037 1735 3091 1788 in
3120 1735 3310 1790 eadem
3333 1735 3521 1792 Eccle-

1935 1823 2036 1890 sia,
2068 1839 2206 1877 uxor
2248 1823 2458 1878 scilicet
2496 1822 2668 1893 ipsius
2711 1823 2910 1895 angeli,
2963 1840 3083 1893 quae
3134 1827 3376 1882 docebat
3421 1827 3520 1884 Dei

1933 1930 2119 1971 servos
2147 1916 2308 1971 edere
2336 1916 2403 1970 de
2453 1915 2770 1986 idolothytis
2815 1926 2872 1972 et
2913 1915 3190 1973 fornicari.
3243 1920 3323 1974 Ex
3367 1921 3521 1993 cujus

1932 2007 2115 2077 specie
2153 2005 2375 2077 speciali
2425 2006 2490 2060 ad
2530 2007 2839 2077 generalem
2900 2009 3067 2064 totius
3113 2010 3262 2066 orbis
3300 2009 3520 2069 Iezabel

1933 2113 2116 2154 sermo
2160 2099 2389 2168 figurate
2445 2097 2790 2154 transfertur.
2839 2098 3154 2155 Fornicatio
3190 2115 3319 2156 vero
3364 2101 3521 2160 istius

1932 2188 2198 2244 Iezabclis
2224 2187 2608 2258 quadriformis
2637 2187 2986 2257 intelligitur:
3011 2191 3246 2260 primum
3268 2192 3523 2248 videlicet

1933 2284 1988 2339 in
2019 2284 2220 2348 animo,
2249 2283 2316 2338 de
2345 2298 2451 2352 qua
2489 2283 2749 2352 scriptum
2785 2293 2868 2339 est
2897 2302 2908 2340 :
2961 2285 3064 2350 Qui
3106 2287 3291 2341 viderit
3334 2291 3520 2344 mulie-

1933 2392 2040 2430 rem
2081 2377 2150 2428 ad
2173 2375 2644 2445 concupiscendum
2669 2391 2804 2441 eam,
2821 2375 2938 2444 jam
2962 2377 3247 2432 mwchatus
3287 2390 3362 2432 est
3401 2395 3519 2433 eam

1932 2469 1988 2521 in
2025 2467 2179 2520 corde
2201 2483 2296 2520 suo
2346 2465 2559 2536 (Matth.
2596 2468 2685 2537 v);
2735 2466 2927 2522 deinde
2971 2468 3134 2524 etiam
3183 2483 3306 2523 cum
3353 2469 3523 2525 animi

1933 2559 2180 2614 voluntas
2207 2558 2274 2613 ad
2301 2556 2550 2612 effectum
2583 2559 2930 2626 perducitur;
2964 2559 3092 2614 hinc
3121 2557 3318 2615 Paulus
3347 2560 3518 2616 dicit:

1934 2651 2126 2724 Fugite
2149 2653 2567 2722 fornicationem.
2593 2651 2761 2708 Omne
2790 2655 2927 2708 enim
2950 2665 3216 2725 peccatum
3249 2658 3522 2728 quodcun-

1933 2764 2032 2817 que
2060 2746 2236 2815 fecerit
2266 2747 2439 2808 ltomo,
2466 2754 2614 2800 extra
2637 2762 2826 2816 corpus
2845 2756 2955 2812 est;
2978 2747 3066 2817 qui
3089 2757 3264 2801 autem
3288 2747 3522 2818 fornice»-

1935 2844 2040 2898 tur,
2065 2837 2120 2888 in
2139 2840 2326 2904 corpus
2347 2851 2500 2889 suum
2529 2845 2707 2905 peccat
2741 2835 2792 2907 (1
2816 2836 2938 2890 Cor.
2962 2836 3075 2908 vi);
3105 2838 3324 2892 tertium
3352 2853 3524 2909 genus

1938 2925 2314 2982 fornicationis
2330 2935 2436 2993 est,
2459 2929 2676 2997 quando
2703 2929 2991 2985 simulacra
3012 2946 3112 3001 pro
3134 2931 3245 2986 Deo
3272 2933 3519 2988 colimus.

1936 3021 2014 3074 De
2041 3037 2146 3090 qua
2172 3022 2433 3077 Dominus
2478 3037 2577 3093 per
2621 3021 2945 3093 Prophetam
2991 3034 3177 3078 contra
3224 3025 3523 3081 Jerusalem

1939 3111 2198 3182 loquitur,
2223 3111 2411 3168 dicens
2443 3131 2456 3167 :
2491 3113 2752 3168 Mtechata
2799 3125 2876 3168 est
2915 3132 3035 3168 cum
3072 3116 3215 3186 ligno
3257 3127 3305 3170 et
3351 3117 3528 3191 lapide

1943 3204 2159 3272 (σιω-ειη.
2193 3204 2303 3275 tu).
2332 3204 2599 3271 Quartum
2619 3221 2762 3272 ,vero
2793 3220 2961 3277 genus
3005 3216 3110 3273 est,
3155 3213 3372 3281 quando
3415 3221 3526 3267 ter—

1941 3311 2086 3351 renae
2115 3297 2315 3351 divitia:
2338 3297 2695 3352 immoderate
2744 3301 3222 3376 concupiscuntur,
3273 3312 3328 3358 et
3369 3320 3528 3360 creao

1940 3398 2062 3442 tura
2090 3388 2207 3459 plus
2233 3403 2396 3458 quam
2421 3388 2650 3452 Greater
2670 3392 2931 3465 diligitur.
2962 3395 3038 3448 De
3068 3411 3172 3465 qua
3196 3395 3361 3450 etiam
3389 3395 3528 3450 Pau-

1939 3481 2022 3535 lus
2053 3481 2183 3541 dicit
2229 3481 2453 3556 (Ephes.
2486 3487 2540 3559 ν)
2577 3506 2589 3540 :
2623 3487 2688 3542 Et
2721 3487 2949 3542 avaritia
2977 3503 3095 3557 qua:
3140 3498 3214 3543 est
3261 3487 3528 3543 idolorum

1939 3574 2182 3630 servitus.
2215 3576 2386 3646 Hujus
2415 3575 2791 3633 fornicationis
2814 3578 2914 3632 tria
2939 3593 3136 3646 genera
3162 3593 3307 3634 nunc
3343 3579 3394 3632 in
3425 3577 3527 3632 Ec-

1941 3666 2103 3722 clesia
2133 3667 2292 3738 hujus
2313 3667 2496 3722 mundi
2522 3669 2702 3739 vigent
2728 3686 2740 3722 :
2769 3668 2820 3723 id
2843 3676 2927 3723 est
2952 3668 3004 3722 in
3029 3669 3269 3739 appetitu
3303 3667 3530 3723 luxuriat

1943 3757 2263 3827 corporalis,
2292 3767 2347 3812 et
2374 3759 2426 3811 in
2460 3757 2652 3813 eﬁ‘ecm
2677 3759 2848 3828 ipsius
2883 3759 3154 3814 obscoenae
3188 3760 3530 3816 commixtio-

1942 3847 2049 3911 nis,
2079 3857 2240 3916 atque
2268 3849 2321 3904 in
2359 3849 2582 3902 avaritia
2636 3859 2868 3904 terrena:
2918 3849 3211 3905 felicitatis.
3272 3849 3378 3905 Sed
3429 3866 3530 3905 nec

1944 3944 2198 4006 quartum
2229 3952 2399 4008 genus
2424 3939 2489 3991 ad
2519 3938 2736 4007 plenum
2769 3939 3098 3993 exstinctum
3121 3949 3222 4004 est,
3241 3941 3383 4009 quod
3403 3957 3532 3995 con-

1945 4039 2054 4086 stat
2081 4032 2134 4084 in
2155 4029 2568 4085 simulacrorum
2596 4031 2844 4086 culturis.
2890 4031 3194 4085 Notandum
3225 4047 3354 4086 vero
3388 4034 3532 4102 quod
3600 4094 3602 4096 _

1945 4118 2162 4174 Iezabel
2189 4121 2506 4189 prophetam
2536 4135 2594 4175 se
2646 4120 2800 4185 dicit,
2843 4129 2898 4174 et
2945 4121 3149 4175 idcirco
3199 4135 3384 4176 servos
3433 4123 3530 4177 Dei

1947 4209 2176 4264 seducit.
2208 4209 2321 4266 Hoc
2351 4209 2550 4281 quippe
2579 4210 2778 4264 factum
2806 4209 2956 4264 multi
2998 4211 3280 4265 imitantur
3318 4212 3409 4281 qui
3452 4212 3534 4266 di-

1947 4303 2096 4358 vitiis
2124 4303 2511 4368 deservicntes,
2543 4320 2611 4359 ne
2647 4303 2746 4358 soli
2795 4305 2921 4369 sint,
2975 4305 3265 4360 hortantur
3308 4306 3444 4362 alios
3472 4315 3534 4361 ut

1950 4395 2150 4465 cupitis
2189 4395 2442 4450 fruantur
2495 4396 2972 4462 delectationibus,
3019 4398 3260 4454 dicentes
3309 4399 3437 4468 quia
3485 4399 3533 4454 si

1950 4490 2055 4546 hoc
2083 4491 2198 4544 ﬁeri
2227 4492 2369 4546 Deus
2399 4490 2673 4555 voluisset,
2707 4493 3004 4546 masculum
3035 4500 3087 4546 et
3122 4492 3380 4546 feminam
3421 4507 3529 4549 non

1950 4584 2188 4648 fecisset,
2214 4598 2314 4638 nec
2338 4585 2580 4652 corporis
2611 4584 2850 4638 membra
2878 4584 2967 4638 tali
2995 4583 3114 4639 usui
3146 4595 3267 4654 apta
3300 4583 3535 4640 formas-

1953 4683 2053 4730 set.
2094 4673 2329 4729 Stultum
2365 4681 2449 4728 est
2479 4688 2607 4744 ergo
2632 4674 2905 4728 abstinere
2937 4674 3004 4727 ab
3047 4672 3350 4742 hujusmodi
3386 4675 3535 4730 delc-

1951 4764 2212 4830 ctatione,
2238 4779 2342 4833 qua
2368 4762 2618 4818 fruuntur
2644 4779 2750 4817 non
2786 4763 2957 4818 solum
3004 4764 3120 4819 alia:
3161 4765 3395 4834 pecudes
3442 4774 3536 4819 aut

1948 4855 2218 4920 volucres,
2247 4855 2338 4908 sed
2367 4855 2534 4909 etiam
2563 4869 2782 4909 muscae.
2816 4855 3059 4924 Dumque
3095 4855 3197 4909 hoc
3228 4855 3445 4920 dicunt,
3477 4857 3537 4910 ﬁt

1955 4945 2244 5015 aliquando
2271 4955 2326 4999 ut
2353 4960 2571 5000 carnem
2597 4945 2852 5000 delectari
2875 4944 3219 5013 compellant,
3237 4954 3291 4999 et
3314 4945 3380 4999 ad
3405 4961 3535 5000 con-

1955 5054 2172 5094 sensum
2206 5037 2444 5094 libidinis
2485 5037 2834 5106 pertrahant,
2867 5037 3054 5106 sicque
3101 5038 3418 5102 perveniant
3467 5037 3536 5091 ad

1953 5144 2090 5199 opus
2119 5129 2339 5193 malum,
2373 5129 2638 5183 intantum
2689 5136 2748 5182 ut
2779 5130 2831 5182 in
2856 5144 3108 5199 processu
3136 5130 3394 5199 temporis
3415 5131 3534 5184 nul-

1953 5218 2080 5290 lanii
2098 5218 2458 5274 reverentiam
2506 5218 2770 5273 habentes
2820 5219 3061 5288 pudoris,
3109 5219 3252 5288 quod
3306 5219 3538 5290 turpiter

1956 5288 2239 5380 ges‘s’erunt
2257 5351 2272 5375 ,
2300 5325 2484 5365 coram
2514 5310 2634 5364 aliis
2661 5309 2908 5365 laudibus
2929 5308 3180 5366 efferunt.
3214 5309 3367 5366 Unde
3394 5288 3538 5366 bene

1955 5399 2170 5458 Iezabel
2199 5403 2476 5473 sanguinis
2494 5401 2688 5468 fluxus,
2707 5412 2798 5456 aut
2816 5401 3008 5467 fluens,
3029 5401 3114 5456 vel
3140 5401 3537 5473 Sterquilinium

1959 5496 2177 5550 dicitur.
2214 5495 2466 5550 Mulieres
2491 5497 2686 5567 quippe
2724 5512 2822 5566 per
2862 5497 3102 5568 singulos
3133 5512 3347 5552 menses
3379 5496 3542 5567 (sicut

1959 5588 2091 5642 dicit
2153 5587 2344 5643 beatus
2407 5587 2764 5658 Hieronymus
2825 5589 2878 5643 in
2927 5589 3077 5643 libris
3130 5588 3537 5660 prophetarum)

1958 5677 2162 5732 fluxum
2212 5679 2492 5747 sanguinis
2537 5679 2823 5746 sustinent,
2859 5681 2982 5749 quia
3031 5694 3152 5734 cum
3203 5687 3539 5733 menstruum

1961 5779 2174 5840 tempus
2209 5772 2508 5834 advenerit,
2551 5775 2995 5843 superabundans
3018 5774 3238 5842 sanguis
3278 5773 3535 5845 egeritur.

1964 5862 2254 5934 Sanguinis
2281 5872 2461 5918 autem
2484 5865 2700 5919 nomine
2730 5875 2949 5936 peccata
2983 5865 3366 5938 designantur;
3399 5865 3542 5919 unde
