3974 6454
496 425 602 484 979

979 426 1330 483 HAYMONIS
1368 424 1842 481 HALBERSTAT.
1884 419 2100 478 EPISG.
2142 419 2293 476 OPP.
2334 417 2519 474 PARS
2554 417 2598 473 1.
2637 442 2711 460 --
2746 411 3104 473 COMMENT.
3145 410 3313 466 BIBL.

498 541 667 600 David
731 540 862 595 dicit
907 556 925 593 ς
984 537 1169 592 Libera
1236 554 1322 599 me
1376 539 1440 592 de
1483 537 1859 609 sanguinibus,
1920 534 2413 604 DeusAprobam,
2452 531 2609 600 quasi
2644 545 2710 585 ex
2740 528 2952 584 occulto
2980 527 3421 597 inminuentem
3448 525 3776 595 redarguit,

499 632 674 704 (Psat.
703 633 781 702 ι),
806 630 972 686 idest
997 646 1027 683 a
1053 640 1275 700 peccato
1304 630 1551 685 adulterii
1571 640 1629 685 et
1653 628 1946 687 homicidii.
1976 627 2065 682 Di-

450 772 453 775 .
499 725 847 792 cituritaque
866 720 1085 777 Iezabel
1120 723 1399 792 sanguinis
1426 722 1621 789 ﬂuxus,
1648 723 1770 791 quia
1820 721 2069 774 videlicet

500 816 713 885 reprobi
744 815 940 871 malam
966 814 1316 878 voluntatem,
1340 831 1503 884 quam
1551 816 1700 883 prius
1734 814 2063 882 concipiunt,

498 920 625 959 mox
654 913 711 959 ut
738 912 949 973 tempus
978 905 1186 959 venerit
1219 906 1591 975 perpetrandze
1640 903 1960 973 iniquitatis,
1999 901 2068 957 ad

497 994 746 1052 effectum
776 996 1074 1065 perducunt
1101 996 1453 1065 operationis.
1488 997 1728 1065 Dumque
1756 1010 1892 1066 opus
1925 994 2069 1050 desi-

497 1086 696 1141 derata:
729 1087 1016 1157 voluptatis
1062 1089 1128 1143 ad
1173 1090 1421 1144 etfectnm
1468 1088 1796 1158 perdueitur,
1825 1088 1884 1142 ﬁt
1914 1102 2066 1143 meus

496 1180 871 1235 vehementius
918 1166 1080 1235 anitia
1119 1198 1279 1251 quam
1314 1183 1499 1245 fuerat
1532 1193 1587 1235 et
1616 1193 1773 1251 auget
1804 1182 1855 1236 in
1906 1181 2070 1237 corde

493 1270 739 1327 ﬂammas
770 1272 1028 1337 libidinis,
1060 1283 1333 1343 totamque
1360 1288 1418 1328 se
1444 1275 1497 1329 in
1523 1274 1798 1343 voluptate
1824 1273 2070 1342 corporis

494 1363 704 1431 dejieit,
735 1366 937 1435 sicque,
968 1376 1028 1421 ut
1056 1367 1131 1420 ita
1175 1368 1423 1432 dixerim,
1459 1374 1601 1420 totus
1646 1367 1839 1420 humor
1868 1366 2071 1435 pariter

464 1522 469 1525 _
494 1453 761 1523 liquescit.
787 1457 856 1511 Et
879 1458 968 1511 hic
995 1468 1077 1512 est
1100 1460 1241 1527 quod
1263 1458 1480 1512 Iezabel
1501 1457 1672 1513 ﬂuens
1698 1458 1915 1513 dicitur.
1932 1457 2069 1524 Quia

497 1559 624 1599 vero
637 1560 771 1613 opus
793 1546 988 1600 malum
1016 1548 1070 1601 in
1101 1548 1540 1602 consuetudinem
1557 1547 1816 1617 peccandi
1830 1554 2063 1608 vertunt,

498 1638 639 1692 unde
681 1647 736 1693 et
781 1640 981 1708 alisque
1027 1639 1131 1693 ulla
1184 1640 1486 1694 reverentia
1540 1640 1846 1709 opinionem
1896 1641 1962 1692 de
2008 1652 2067 1693 se

497 1730 765 1785 emittunt.
799 1731 938 1785 Bene
960 1732 1146 1786 eadem
1177 1731 1393 1786 Iezabel
1423 1732 1823 1800 sterquilinium
1845 1731 2061 1789 dicitur.

495 1820 620 1889 quia
649 1821 894 1875 videlicet
920 1837 986 1876 ex
1016 1822 1145 1889 ipsis
1168 1830 1489 1892 perpetratae
1542 1822 1768 1875 luxuria:
1816 1821 2065 1889 inquina-

2167 640 2326 694 quam
2359 638 2522 692 supra
2548 631 2732 692 aperte
2760 620 3155 689 increpaverat.
3194 618 3310 673 Hoc
3336 626 3522 672 autem
3551 617 3778 695 idcirqo

2167 729 2235 769 ne
2252 711 2644 783 .parslspeciei,
2670 726 2790 780 quae
2812 710 2964 779 prius
2995 710 3048 762 in
3078 707 3284 762 sanctis
3306 706 3779 777 pmdicatoribus

2168 814 2397 868 onustm,
2429 805 2505 859 illi
2530 818 2651 874 qua
2668 803 2722 857 in
2748 802 2995 871 reprobis
3010 809 3124 865 est;
3147 800 3423 854 videretur
3442 798 3775 867 conjuncta.

2167 914 2223 954 in
2254 896 2527 968 perversis
2555 897 2738 965 itaque
2771 893 3085 949 doctoribus
3127 905 3269 945 unus
3312 890 3576 959 idemque
3606 905 3780 959 auge-

2170 991 2275 1056 lus,
2308 1000 2363 1046 et
2391 1006 2490 1060 pro
2526 997 2676 1043 reatu
2725 985 3109 1043 taciturnitatis
3152 988 3342 1053 aperte
3377 982 3695 1051 corripitur
3720 982 3777 1037 in

2175 1082 2370 1152 specie,
2398 1090 2451 1134 et
2472 1096 2570 1150 pro
2591 1079 2787 1133 mentis
2808 1075 3163 1131 obduratione
3183 1073 3397 1129 occulte
3416 1073 3779 1141 redargin

2169 1176 2224 1230 in
2253 1188 2471 1244 genere.
2498 1172 2555 1226 ln
2585 1170 2788 1225 sanctis
2827 1183 2954 1223 vero
2992 1180 3096 1222 nec
3138 1174 3327 1235 aperte
3370 1164 3687 1233 corripitur
3721 1164 3777 1218 in

2171 1263 2370 1334 Specie,
2403 1276 2505 1316 nec
2536 1260 2848 1329 increpatur
2875 1254 3085 1311 occulte
3113 1254 3167 1309 in
3193 1268 3412 1324 genere.
3439 1252 3502 1306 In
3529 1267 3603 1307 eo
3628 1253 3776 1309 enim

2170 1357 2311 1428 quod
2334 1356 2515 1411 divina
2543 1368 2645 1407 vox
2672 1352 2775 1406 ait:
2800 1350 2981 1405 Habeo
3003 1349 3263 1403 adversus
3284 1354 3340 1400 te
3366 1345 3523 1413 quod
3546 1347 3775 1414 permit-

2171 1450 2239 1504 tis
2264 1445 2480 1503 Iezabel
2508 1460 2626 1513 qua:
2652 1458 2710 1497 se
2740 1441 2869 1495 dicit
2899 1439 3189 1510 prophetas
3218 1438 3440 1500 docere,
3474 1442 3536 1489 et
3562 1435 3771 1489 seducit

2170 1556 2356 1597 servos
2384 1553 2553 1601 meos,
2594 1534 2916 1605 torpentium
2944 1534 3010 1587 ab
3039 1530 3423 1587 exhortatione
3456 1529 3767 1599 [medicato

2169 1650 2290 1688 rum
2320 1631 2606 1686 innotescit
2630 1627 2926 1683 silentium.
2954 1623 3013 1679 lu
3037 1639 3102 1678 eo
3125 1639 3255 1679 vero
3283 1623 3433 1692 quod
3455 1619 3770 1691 subiungit:

2169 1734 2219 1778 et
2249 1723 2366 1776 dedi
2390 1722 2465 1774 illi
2491 1730 2689 1789 tempus
2722 1730 2775 1771 ut
2803 1715 3158 1787 ptrnitentiam
3201 1723 3403 1783 ageret,
3448 1723 3505 1766 et
3538 1729 3649 1766 non
3673 1711 3771 1769 ait

2171 1816 2416 1885 paenitere
2451 1831 2483 1865 α
2513 1810 2859 1881 fornicatione
2904 1824 3023 1871 sua,
3048 1822 3079 1860 a
3102 1806 3284 1874 specie
3304 1804 3376 1858 ad
3402 1819 3590 1872 genus
3610 1812 3753 1858 trans

496 1912 693 1964 mentis
724 1910 878 1981 longe
906 1912 1120 1980 lateque
1149 1912 1304 1968 malae
1328 1914 1596 1981 opinionis
1627 1912 1875 1965 fauorem
1915 1912 1982 1965 de
2008 1926 2070 1966 se
2096 1892 2144 1953 Β
2172 1906 2317 1967 iens,
2367 1913 2423 1960 et
2466 1903 2699 1974 speciem
2739 1909 2796 1955 et
2831 1913 2998 1970 genus
3037 1896 3196 1953 simul
3233 1898 3337 1952 sub
3365 1910 3485 1950 uno
3522 1907 3767 1961 compre-

496 2002 748 2067 reddunt,
780 2003 923 2057 unde
950 2019 1048 2072 per
1068 2002 1393 2074 Prophetam
1426 2006 1624 2059 dicitur
1669 2022 1682 2057 :
1724 2003 2071 2073 Computruo—

493 2102 613 2147 runt
636 2093 874 2161 jumenta
896 2096 952 2148 in
980 2104 1208 2150 stercore
1232 2112 1329 2149 suo
1365 2094 1524 2165 (loel.
1554 2096 1614 2164 ι).
1645 2093 1894 2150 Iumenta
1938 2108 2068 2164 ergo

491 2183 545 2238 in
568 2193 807 2239 stercore
832 2194 1143 2253 putrescere
1174 2194 1278 2251 est,
1300 2194 1359 2238 ut
1385 2186 1516 2240 dicit
1542 2186 1731 2240 beatus
1749 2184 2064 2255 Gregorius,

490 2276 826 2331 luxuriosum
849 2278 1143 2346 quemlibet
1175 2279 1226 2332 in
1253 2292 1411 2332 emno
1439 2277 1677 2332 libidinis
1696 2277 1860 2332 vitam
1890 2277 2063 2332 ﬁnire.

495 2364 712 2422 Talibus
745 2368 942 2437 quippe
999 2368 1249 2439 congruit
1294 2367 1421 2423 illud
1478 2367 1773 2422 Psalmista:
1828 2384 1840 2419 :
1894 2364 2067 2420 Homo

490 2474 608 2512 cum
634 2459 688 2512 in
737 2458 934 2512 lionore
983 2468 1113 2513 esset
1160 2474 1261 2512 non
1308 2456 1579 2522 intellexit,
1622 2467 1952 2526 comparatus
1992 2464 2066 2510 est

481 2548 736 2621 jumeutis
794 2550 1196 2619 insipientibus,
1251 2558 1299 2602 et
1362 2547 1549 2602 similis
1602 2547 1773 2615 [actus
1822 2555 1899 2601 est
1960 2546 2069 2601 illis

493 2636 663 2711 (Psal.
705 2643 916 2698 xum).
948 2638 1131 2693 Tertio
1160 2652 1371 2707 quoque
1426 2635 1798 2691 fornicationis
1846 2650 2065 2707 genere,

491 2731 645 2786 multi
678 2732 791 2785 hzee
833 2738 1102 2785 sectantes
1132 2730 1307 2785 solent
1338 2729 1520 2785 fideles
1544 2728 1951 2798 decipere,dum
1973 2744 2069 2785 eos

492 2820 726 2875 invitant
747 2836 846 2890 pro
872 2821 1191 2890 quibusdam
1238 2819 1668 2891 (egritudinibus,
1694 2834 1796 2887 pro
1839 2819 2065 2887 quihus-

491 2913 614 2973 dam
642 2929 821 2968 reruni
851 2914 1133 2968 eventibus
1160 2913 1226 2968 ad
1253 2913 1495 2979 arbores,
1519 2910 1587 2966 ad
1615 2910 1812 2975 fontes,
1843 2918 2067 2965 caetera-

490 3019 595 3074 que
624 3003 952 3073 hujusmodi,
978 3004 1217 3058 dicentes
1253 3003 1377 3072 quia
1404 3003 1505 3058 hoc
1529 3001 1733 3070 agendo
1761 2999 1864 3055 tale
1877 3008 1930 3054 et
1960 2998 2064 3055 tale

488 3095 634 3150 evasi
673 3095 1001 3165 periculum,
1042 3094 1310 3164 talemque
1345 3102 1668 3150 consecutus
1693 3109 1811 3153 sum
1838 3107 2065 3164 prospe-

489 3187 727 3253 ritatem,
762 3188 995 3258 dumque
1035 3188 1149 3242 haec
1177 3197 1374 3273 agunt,
1407 3187 1563 3258 quasi
1611 3187 1677 3241 ad
1727 3186 2061 3256 spiritualem
2092 3256 2099 3273 ἲ

2172 1997 2377 2053 hendit.

2240 2085 2375 2139 Ecce
2403 2099 2544 2153 pono
2571 2098 2686 2137 eam
2714 2082 2769 2135 in
2804 2079 2956 2145 lecto,
2987 2087 3035 2132 et
3063 2078 3150 2148 qui
3182 2076 3530 2131 metiantur
3558 2090 3680 2128 cuiu
3715 2088 3768 2127 es

2169 2182 2224 2233 in
2255 2177 2591 2231 tribulatione
2618 2174 2850 2228 maxima
2878 2180 3053 2234 erunt,
3098 2170 3199 2223 nisi
3246 2168 3629 2238 pmitentiant
3663 2181 3758 2235 ego

2171 2273 2273 2325 rint
2305 2270 2369 2323 ab
2399 2268 2639 2338 operibus
2672 2267 2799 2330 suis,
2833 2274 2879 2318 et
2910 2263 3051 2332 ﬁlios
3071 2262 3184 2332 ejus
3211 2259 3551 2328 interficiant
3572 2259 3628 2310 in
3648 2272 3754 2311 nor

2169 2373 2291 2417 tem.
2323 2361 2476 2428 Quod
2499 2368 2582 2414 est
2601 2357 2838 2421 Iezabel,
2867 2357 2969 2410 hoc
2997 2362 3123 2409 sunt
3147 2353 3239 2422 qui
3270 2352 3758 2407 intuebantuer

2168 2471 2254 2520 ea,
2285 2454 2388 2506 hoc
2416 2452 2578 2505 etiam
2609 2450 2701 2503 filii
2731 2440 2939 2516 ejns'ex
2970 2444 3335 2503 fornicatione
3370 2441 3658 2513 praemii,
3696 2439 3747 2497 id

2168 2553 2253 2600 est
2296 2558 2461 2597 unum
2488 2555 2687 2609 corpus
2712 2538 2945 2593 Satanae.
2978 2536 3083 2591 Sed
3108 2534 3233 2602 quia
3269 2532 3506 2602 reprobi
3532 2528 3753 2600 reprobi

2169 2635 2487 2700 succedunt,
2519 2632 2777 2686 dividitur
2822 2645 2992 2700 genus
3014 2628 3068 2681 in
3098 2626 3336 2695 species,
3366 2634 3433 2679 ut
3462 2623 3761 2679 emendatur

2167 2729 2365 2798 quibus
2405 2724 2747 2780 successibus
2793 2730 2963 2776 totum
3009 2732 3206 2786 corpus
3253 2714 3473 2769 diaboli
3512 2711 3765 2782 proﬁciat,

2169 2822 2366 2891 quibus
2394 2816 2743 2873 incrementis
2768 2813 3058 2871 coalescat.
3098 2809 3424 2866 Perfectum
3465 2818 3651 2863 autem
3675 2817 3765 2875 quo

2166 2911 2383 2968 Iezabel
2411 2925 2533 2965 cum
2560 2909 2676 2965 suis
2701 2904 2952 2961 omnibus
2980 2902 3217 2974 ponitur,
3249 2898 3599 2969 intelligitur
3622 2896 3753 2951 auda

2168 3002 2251 3056 cia
2274 3010 2330 3055 et
2354 3000 2620 3055 securitas
2643 2995 2921 3067 peccandi.
2947 2992 3175 3048 Ponitur
3200 2999 3393 3045 autem
3422 2989 3484 3044 in
3510 2988 3657 3043 lecto
3678 2986 3765 3043 ista

2167 3091 2491 3147 universalis
2520 3089 2804 3152 meretrix,
2836 3102 2942 3142 non
2979 3097 3037 3140 ut
3064 3083 3341 3155 quiescat,
3380 3083 3493 3137 sed
3535 3090 3601 3136 ut
3634 3080 3765 3135 febre

2168 3185 2499 3255 languescat,
2526 3192 2584 3236 ut
2608 3181 2915 3252 phrenesim
2947 3179 3230 3243 sustineat,
3262 3183 3562 3245 quatenus
3583 3190 3647 3229 ea
3670 3173 3764 3240 iam

488 3253 1017 3331 fornicationem—Dei
1056 3253 1242 3332 servos
1283 3253 1532 3332 invitant.
1583 3274 1691 3331 Sed
1746 3253 1801 3332 et
1856 3277 1910 3330 in
1958 3276 2062 3331 alia
2088 3253 2137 3316 δ
2169 3253 2333 3340 dicat,
2378 3276 2464 3331 vel
2508 3283 2653 3346 agat,
2698 3289 2819 3342 qua:
2860 3271 2951 3327 alii
2984 3270 3173 3329 audire
3213 3269 3588 3323 erubescant.
3631 3264 3760 3334 Sept

489 3365 861 3421 fornicationis
885 3368 1061 3437 specie
1091 3367 1303 3436 reprobi
1353 3367 1548 3421 multos
1595 3366 1886 3435 decipiunt,
1937 3367 2063 3421 dum

476 3460 756 3541 perversis
784 3461 1123 3514 suasionibus
1166 3459 1427 3528 quosdam
1486 3457 1554 3512 ab
1602 3473 1786 3514 amore
1835 3458 1930 3512 Dei
1976 3472 2065 3512 re-

490 3552 733 3615 trahunt,
771 3559 824 3604 et
859 3552 1140 3606 desideriis
1191 3551 1420 3607 terrenis
1463 3551 1666 3604 servire
1714 3548 2058 3620 compellunt,

489 3626 725 3708 ideoque
745 3654 824 3691 vae
852 3638 957 3694 illis
986 3639 1078 3709 qui
1117 3641 1275 3695 toties
1306 3638 1664 3704 foruicantur,
1688 3638 1899 3708 quoties
1943 3639 2063 3709 plus

490 3736 706 3781 terrena
749 3744 909 3798 quam
963 3729 1197 3784 coelestia
1261 3737 1538 3800 appetunt,
1594 3728 1715 3800 plus
1758 3738 2063 3786 creaturam

491 3837 652 3892 quam
685 3821 994 3878 Creatorem
1025 3822 1269 3893 diligunt.

565 3912 628 3965 Et
660 3913 780 3966 dedi
806 3911 883 3965 illi
921 3922 1119 3981 tempus
1159 3922 1213 3966 ut
1251 3912 1601 3984 paenitentiam
1639 3924 1847 3984 ageret,
1879 3922 1928 3969 et
1958 3931 2064 3973 non

489 4004 595 4058 rult
619 4006 862 4075 paenitere
888 4021 919 4057 α
946 4004 1291 4073 fornicatione
1311 4021 1429 4061 sua.
1455 4006 1532 4061 De
1556 4005 1750 4061 talibus
1772 4006 1871 4061 Iob
1893 4007 2059 4063 dicit:

487 4095 642 4149 Dedit
681 4095 759 4149 illi
805 4094 945 4149 Deus
992 4095 1164 4150 locum
1208 4097 1541 4166 paenitentiw,
1595 4106 1641 4151 et
1694 4096 1783 4151 ille
1831 4098 2064 4153 abutitur

486 4204 545 4241 eo
597 4189 652 4241 in
704 4187 996 4257 superbiam
1037 4186 1157 4258 (Iob
1215 4186 1383 4260 xxiv).
1417 4188 1671 4258 Quisquis
1710 4190 1855 4244 enim
1892 4189 2064 4244 delin-

487 4279 622 4344 quit,
648 4288 703 4333 et
728 4279 875 4332 vivit.
900 4278 1022 4333 ldeo
1045 4279 1187 4337 hunc
1206 4278 1385 4333 divina
1410 4279 1583 4349 pietas
1607 4280 1786 4349 iniqua
1811 4288 2062 4352 agentem

489 4369 718 4434 tolerat,
756 4378 816 4423 ut
860 4371 928 4424 ab
970 4370 1253 4442 iniquitate
1297 4372 1596 4441 resipiscat.
1648 4373 1800 4429 Unde
1847 4382 1902 4431 et
1941 4373 2063 4433 talis

486 4475 593 4530 quo
617 4459 847 4531 amplius
875 4470 1239 4530 exspectatur,
1279 4472 1334 4518 et
1366 4478 1473 4518 non
1512 4464 1623 4518 vult
1663 4465 1954 4534 poenitere,
1995 4480 2061 4522 eo

486 4552 691 4606 arctius
720 4562 902 4607 reatus
931 4553 1011 4608 sui
1053 4553 1282 4608 vinculis
1313 4554 1667 4624 astringetur,
1703 4564 1759 4609 et
1788 4556 1937 4626 justo
1965 4554 2059 4624 ju-

721 4602 900 4607 -ηη-
931 4602 1011 4608 ---
1066 4602 1281 4608 απτ-η-
1313 4602 1667 4624 "nu-ou".
1706 4602 1758 4609 --
1788 4602 1935 4626 σ--η
1965 4602 2028 4624 .—

486 4640 627 4696 dicio
647 4642 915 4712 punietur.
947 4642 1094 4699 Unde
1119 4652 1203 4698 est
1226 4661 1237 4696 :
1266 4641 1410 4698 Puer
1434 4655 1639 4700 centum
1667 4662 1925 4700 annorum
1950 4662 2064 4701 mo—
2086 4602 2142 4673 θ

484 4733 669 4799 rietur,
710 4744 758 4787 et
795 4746 1035 4805 peccator
1075 4745 1281 4790 centum
1324 4752 1581 4790 annorum
1622 4737 1929 4792 maledictus
1963 4740 2063 4795 erit

483 4826 618 4900 (Isa.
650 4828 794 4900 va).
831 4828 937 4883 Sed
964 4828 1310 4897 quaerendum
1345 4829 1502 4884 nobis
1544 4839 1649 4897 est,
1680 4846 1803 4886 cum
1833 4832 1889 4887 in
1918 4848 2063 4903 prae-

479 4914 691 4973 cedenti
719 4918 984 4973 versiculo
1009 4918 1298 4990 negligenti
1322 4920 1665 4988 prmdicatori
1695 4930 1857 4992 atque
1880 4924 1946 4979 ab
1968 4939 2063 4980 ex-

480 5014 790 5070 hortatione
831 5014 1059 5084 torpenti
1097 5014 1302 5069 dictum
1342 5013 1452 5067 sit:
1482 5013 1666 5069 Habeo
1707 5016 1969 5072 adversus
2009 5025 2062 5072 te

480 5107 621 5177 quod
650 5108 917 5177 permittis
944 5106 1226 5162 mulierem
1251 5105 1499 5173 Iezabel,
1547 5124 1668 5178 quae
1694 5123 1753 5164 se
1782 5109 1913 5165 dicit
1938 5125 2060 5180 pro-

476 5200 670 5268 phetas
692 5202 905 5265 docere,
937 5209 990 5253 et
1017 5198 1224 5254 seducit
1250 5214 1435 5255 servos
1462 5216 1628 5265 meos,
1661 5217 1760 5257 cur
1789 5217 1893 5257 non
1925 5201 2057 5258 sub-

471 5285 739 5359 jungitur,
769 5288 890 5343 dedi
929 5289 1021 5343 tibi
1054 5299 1108 5343 et
1143 5287 1239 5354 illi,
1290 5298 1383 5344 aut
1427 5299 1573 5345 certe
1620 5291 1720 5345 sub
1761 5305 1891 5356 uno,
1937 5284 2059 5348 dedi

478 5380 631 5436 vobis
680 5387 739 5437 ut
766 5380 1138 5450 paenitentiam
1171 5381 1433 5453 ageretis?
1473 5381 1554 5435 Ad
1592 5383 1733 5452 quod
1771 5382 2058 5441 dicendum

477 5478 560 5524 est
613 5471 737 5539 quia
774 5470 826 5524 in
862 5470 1053 5542 angelo
1092 5486 1250 5526 omne
1290 5488 1485 5541 corpus
1512 5472 1765 5528 Ecclesiae
1806 5490 2054 5545 compre-

472 5559 753 5629 henditur,
784 5572 837 5617 et
866 5564 1079 5632 quando
1110 5563 1223 5633 ipse
1263 5564 1590 5634 increpatur,
1632 5568 1699 5623 ad
1743 5582 1836 5624 eos
1878 5569 2057 5624 incre-

473 5656 619 5728 patio
649 5654 901 5724 pertinet,
935 5655 1025 5724 qui
1056 5656 1131 5709 rei
1159 5665 1309 5710 sunt.
1343 5657 1571 5726 Ideoque
1595 5675 1624 5712 a
1653 5662 1829 5728 specie
1861 5660 2057 5730 praedi-

472 5753 719 5799 calorum
743 5745 832 5812 qui
857 5746 1101 5815 superius
1127 5744 1338 5802 fuerant
1362 5752 1696 5818 reprehensi,
1716 5752 1853 5805 redit
1876 5769 2055 5808 sermo

473 5834 542 5891 ad
568 5833 974 5905 generalitatem
1001 5835 1206 5908 populi,
1235 5846 1287 5892 et
1318 5838 1373 5893 in
1398 5853 1462 5895 eo
1485 5850 1697 5911 partem
1734 5842 1930 5914 speciei
1968 5859 2051 5901 re-

2167 3369 2312 3424 enim
2338 3368 2486 3439 justo
2514 3366 2605 3421 Dei
2628 3363 2833 3433 judicio
2854 3370 3081 3432 propter
3108 3367 3337 3432 peccata
3368 3356 3660 3428 praeterita
3682 3356 3754 3409 ho

2166 3464 2342 3518 mines
2364 3463 2428 3516 ad
2455 3460 2662 3530 majora
2682 3467 2845 3512 ruunt
2870 3456 3133 3520 facinora,
3157 3453 3406 3522 dumque
3435 3451 3563 3506 sine
3589 3450 3759 3503 tiatur!

2169 3555 2426 3609 audacter
2451 3561 2698 3623 peccant,
2728 3550 2882 3619 quasi
2916 3550 2970 3603 in
3001 3549 3161 3612 lecto,
3195 3546 3251 3602 id
3276 3555 3388 3608 est,
3425 3545 3485 3599 in
3514 3540 3758 3615 peccandi

2167 3647 2456 3701 securitate
2484 3645 2786 3713 quiescunt.
2818 3641 2876 3697 In
2906 3658 3011 3718 qua
3042 3640 3339 3695 securitate
3370 3638 3527 3693 Deus
3561 3652 3656 3693 eos
3682 3650 3758 3705 pe

2167 3754 2299 3793 nere
2320 3738 2537 3800 dicitur,
2565 3735 2692 3805 quia
2716 3736 2862 3805 justo
2885 3732 3089 3804 judicio
3112 3729 3458 3801 permittitur
3488 3738 3555 3782 ut
3578 3728 3650 3782 ibi
3674 3740 3757 3796 po-

2168 3837 2401 3893 nantur;
2436 3827 2547 3882 tale
2588 3835 2672 3881 est
2709 3835 2759 3879 et
2802 3823 2931 3880 illud
2973 3842 2986 3877 :
3035 3822 3315 3877 Induravit
3364 3822 3640 3877 Dominus
3683 3834 3753 3872 cat

2167 3910 2468 3973 Phdraonis
2493 3916 2689 3987 (Exod.
2718 3916 2795 3987 ι),
2821 3915 2875 3969 id
2897 3923 2980 3969 est
3022 3930 3128 3970 non
3151 3911 3443 3969 emollivit.
3474 3910 3577 3966 Sic
3604 3918 3658 3965 et
3682 3907 3753 3963 bit

2169 4008 2407 4065 dicitur:
2439 4006 2588 4061 Pono
2623 4021 2743 4061 eam
2791 4006 2843 4060 in
2885 4005 3048 4069 lecto,
3094 4004 3147 4060 id
3196 4011 3279 4058 est
3318 4018 3433 4061 non
3487 4003 3755 4057 retraham

2167 4102 2334 4167 illam,
2366 4101 2461 4159 sed
2488 4100 2820 4171 permittam,
2854 4108 3073 4169 propter
3098 4106 3372 4153 transacta
3411 4107 3668 4167 peccata,
3702 4093 3746 4147 li»

2165 4197 2296 4252 bere
2318 4202 2377 4248 et
2397 4194 2515 4249 sine
2542 4193 2736 4249 timore
2760 4204 3004 4261 peccare,
3037 4197 3093 4245 et
3126 4189 3219 4261 qui
3258 4188 3618 4245 mmcliantur
3643 4198 3755 4240 eu-

2164 4302 2251 4351 ea,
2282 4285 2335 4339 id
2368 4292 2453 4341 est
2488 4299 2614 4340 cum
2640 4282 2870 4353 seipsis,
2914 4281 3043 4351 quia
3080 4279 3460 4348 supradictum
3497 4286 3586 4333 est
3625 4273 3755 4347 quod

2166 4387 2251 4434 est
2280 4377 2559 4433 meretrix.
2608 4374 2724 4430 Hoc
2763 4382 2890 4431 sunt
2922 4372 2996 4429 illi
3023 4372 3116 4443 qui
3146 4387 3269 4428 eum
3296 4387 3364 4428 ea
3394 4370 3756 4436 fornicamur.

2166 4469 2221 4523 in
2251 4466 2600 4525 tribulatione
2657 4465 2894 4525 maxima
2923 4474 3110 4533 erunt,
3152 4464 3255 4519 hoc
3276 4471 3365 4519 est
3410 4462 3473 4519 in
3503 4475 3736 4533 augmen

2169 4570 2281 4617 tum
2308 4569 2680 4632 peccatorum,
2701 4575 2796 4629 per
2815 4558 2958 4628 quod
2978 4557 3188 4617 venturi
3216 4564 3343 4611 sunt
3367 4554 3439 4611 ad
3464 4555 3755 4609 niaxim-

2168 4651 2571 4713 tribulationem
2606 4651 2885 4722 gehennae.
2937 4648 3101 4717 Quasi
3147 4646 3292 4704 enim
3340 4645 3600 4716 quaedam
3639 4651 3754 4700 sail

2162 4752 2511 4813 peccatorum
2543 4742 2831 4812 supplicia,
2861 4742 2972 4812 ipsa
3002 4742 3255 4798 vitiorum
3290 4740 3674 4801 inmota,
3704 4745 3753 4791 et

2164 4833 2269 4889 hoc
2299 4832 2392 4887 flet
2417 4832 2523 4889 nisi
2551 4832 2927 4900 paenitentiam
2961 4831 3173 4904 egerint
3214 4830 3283 4885 ab
3320 4828 3590 4899 operibus
3626 4828 3751 4884 suis.

2164 4923 2301 4979 Dum
2326 4923 2471 4977 enim
2497 4931 2815 4994 peccatores
2840 4922 3058 4993 quidam
3092 4921 3159 4979 de
3198 4920 3532 4991 perpetratis
3566 4917 3755 4974 crimi-

2163 5016 2324 5073 nibus
2348 5014 2539 5071 uoluut
2562 5031 2726 5085 agere
2750 5015 3146 5086 penitentiam,
3178 5014 3238 5067 fit
3264 5022 3326 5068 ut
3348 5012 3418 5067 ad
3444 5011 3557 5067 alia
3598 5018 3754 5067 ruant

2164 5111 2330 5166 etiam
2359 5109 2589 5165 crimina
2617 5108 2888 5179 graviora.
2931 5107 3084 5164 Unde
3111 5104 3309 5160 Paulus
3331 5106 3400 5160 de
3425 5105 3754 5174 quibusdam

2163 5204 2331 5259 Deum
2375 5203 2824 5272 cognoscentibus
2859 5210 2915 5259 et
2954 5214 3058 5255 non
3104 5197 3541 5271 gloriﬁcantibus
3579 5197 3751 5253 dicit:

2163 5296 2389 5368 Propter
2407 5298 2546 5369 quod
2572 5297 2792 5352 tradidit
2810 5296 2932 5350 illos
2957 5295 3100 5365 Deus
3125 5296 3182 5350 in
3208 5295 3488 5365 reprobum
3515 5310 3748 5355 sensu.

2161 5401 2217 5445 ut
2246 5391 2441 5459 faciant
2463 5407 2579 5461 qua:
2603 5406 2706 5444 non
2726 5390 3035 5443 conveniunt
3060 5386 3232 5456 (Rom.
3260 5387 3324 5458 i).
3356 5386 3427 5441 Et
3460 5385 3603 5439 filios
3633 5386 3750 5454 ejus

2158 5478 2461 5535 imitatores
2510 5480 2651 5535 illius
2692 5478 3012 5534 interticiam
3058 5478 3112 5532 in
3151 5485 3403 5533 mortem.
3438 5476 3558 5532 Non
3598 5476 3747 5531 enim

2156 5569 2319 5625 istam
2368 5584 2709 5626 communem
2756 5569 2845 5623 hic
2883 5576 3115 5623 mortem
3164 5567 3424 5622 debemus
3472 5566 3743 5637 πεῖραι,

2156 5674 2260 5728 qua
2291 5661 2593 5714 moriuntur
2626 5667 2682 5714 et
2709 5657 2866 5727 justi,
2903 5658 2996 5714 sed
3029 5657 3176 5712 illam
3205 5673 3326 5727 qua:
3358 5668 3475 5729 post
3508 5666 3741 5713 mortem

2154 5752 2402 5819 corporis
2426 5749 2671 5818 sequitur
2699 5750 2959 5812 animam,
2990 5749 3042 5803 id
3067 5758 3153 5805 est
3180 5749 3582 5806 damnationem
3619 5762 3745 5817 per-

2151 5849 2390 5915 petuam.
2419 5840 2555 5901 Nam
2582 5849 2640 5899 et
2664 5856 2762 5914 per
2788 5841 2988 5899 lectum
3012 5858 3123 5916 quo
3149 5841 3371 5901 Iezabel
3402 5841 3544 5901 mitti
3578 5854 3733 5895 emn-
