3974 6442
1193 347 1559 406 EXPOSITIO
1590 347 1656 404 IN
1696 346 2202 435 APOCALYPSlN.
2245 378 2314 388 —
2350 347 2482 404 LIB.
2519 348 2561 404 Ι.

3420 361 3527 418 9811

262 428 521 527 minatur,
543 469 742 517 aeterna
770 478 931 535 pmna
960 472 1138 534 potest
1163 464 1412 537 intelligi,
1437 481 1542 538 qua
1570 463 1755 520 miseri
1784 470 1840 519 et
1864 469 1915 528 Α
1942 463 2168 541 quisque
2196 463 2418 535 cogitet,
2455 465 2536 519 vel
2562 464 2703 535 quod
2733 466 2984 534 delectet,
3015 472 3155 527 unde
3188 471 3278 527 ille
3305 475 3524 545 sapien-

260 550 473 622 reprobi
502 552 777 608 cruciandi
808 554 1107 611 tradentur.
1133 555 1201 612 Et
1227 555 1318 627 qui
1354 558 1697 614 muecbantur
1717 572 1840 614 cum

232 657 348 710 'ea,
380 644 483 700 hoc
503 653 582 700 est
615 646 705 716 qui
727 647 1137 705 fornicationem
1166 648 1310 705 illius
1332 664 1653 720 quocunque
1680 649 1842 706 modo

260 735 562 801 imitantur,
599 747 762 792 erunt
802 739 856 794 in
908 741 1255 797 tribulatione
1285 741 1519 796 niaxima
1548 749 1671 811 post
1698 755 1844 796 mor-

260 840 365 888 tem
395 834 596 900 carnis,
616 836 708 890 ubi
733 839 933 893 vermis
958 853 1147 893 eorum
1174 854 1282 893 non
1310 839 1594 903 morietur,
1623 847 1677 893 et
1702 838 1842 910 ignis

257 938 443 980 eorum
474 940 581 981 non
607 929 1012 1001 exstinguetur;
1038 938 1093 985 et
1120 930 1224 986 boc
1258 929 1378 987 ideo
1404 930 1531 1000 quia
1574 930 1841 999 paeniten-

258 1015 387 1071 tiam
416 1031 576 1087 agere
602 1018 899 1091 negligunt,
937 1020 1110 1078 donec
1139 1022 1220 1077 eis
1245 1023 1559 1093 repentinus
1588 1037 1842 1094 superve-

256 1106 372 1162 niat
410 1107 683 1165 interitus.
745 1106 915 1167 Porro
970 1112 1063 1167 ﬁlii
1109 1114 1405 1169 secundum
1445 1116 1841 1184 praecedentem

257 1201 600 1270 sententiam,
623 1204 709 1282 vel
732 1204 1033 1261 imitatores
1055 1206 1317 1261 malorum
1339 1207 1727 1278 intelliguntur,
1755 1207 1839 1263 vel

254 1306 416 1363 opera
440 1295 655 1351 illorum
681 1310 936 1366 perversa
964 1314 1083 1369 qum
1117 1309 1244 1354 tunc
1286 1299 1557 1354 dabuntur
1600 1299 1654 1354 in
1696 1314 1841 1354 mor-

254 1390 392 1453 tem,
422 1389 638 1457 quando
668 1397 788 1459 post
816 1389 1058 1445 laetitiam
1087 1389 1436 1462 temporalem
1472 1405 1570 1462 pro
1610 1391 1694 1446 his
1732 1390 1839 1444 mi-

254 1478 360 1532 seri
399 1488 714 1549 pcccatores
751 1482 1024 1553 perpetuis
1067 1483 1353 1537 tormentis
1397 1483 1677 1537 tradentur
1716 1498 1839 1537 cru-

253 1567 463 1635 claudi,
496 1569 622 1625 dum
653 1587 751 1642 per
777 1573 1153 1642 impunitatem
1194 1572 1456 1628 scelerum
1503 1571 1569 1627 ad
1607 1580 1836 1627 mortem

251 1662 595 1730 pervenerint
624 1664 948 1718 animarum.
979 1664 1095 1732 Quo
1125 1673 1313 1719 contra
1340 1664 1496 1720 electi
1528 1663 1838 1736 afﬂiguntur

206 1800 213 1805 .
250 1749 359 1818 hic,
392 1761 449 1806 ut
478 1755 819 1824 postmodum
850 1756 1114 1810 lmtenlur.
1154 1755 1361 1823 Quibus
1390 1772 1485 1826 per
1507 1756 1832 1826 Prophetam

1942 553 2182 609 tissimus
2223 563 2410 611 orator
2441 555 2608 612 dicit:
2646 556 2724 611 Tu
2750 557 2895 613 solus
2929 562 3067 615 nosti
3096 563 3255 616 corda
3290 567 3526 622 omnium

1940 643 2170 714 ﬁliorum
2191 645 2462 702 hominum
2487 646 2699 721 (Paral.
2729 650 2828 724 vr).
2859 650 2995 707 Nam
3021 662 3075 707 et
3098 655 3319 710 veniens
3345 658 3411 712 ad
3433 656 3526 726 ju-

1941 736 2143 791 dicium
2174 754 2278 792 non
2298 738 2482 794 solum
2509 740 2693 811 opera,
2737 744 2831 798 sed
2875 745 3040 800 etiam
3082 747 3225 817 ipsas
3250 749 3528 808 damnabit

1942 827 2292 883 tenuissimas
2316 829 2674 900 cogitationes
2694 835 2892 891 cordis.
2925 835 3088 892 Juxta
3113 840 3256 908 quod
3282 856 3377 909 per
3398 840 3528 897 Pro-

1939 921 2157 990 phetam
2188 920 2321 991 (Isa.
2346 921 2493 994 val)
2524 923 2656 979 dicit
2683 942 2695 978 :
2725 925 2864 982 Ecce
2894 944 2987 999 ego
3014 931 3182 995 uenio,
3211 940 3266 984 ut
3292 947 3448 1001 opera
3476 942 3524 987 et

1941 1012 2282 1082 cogitationes
2329 1013 2665 1083 singulorum
2711 1032 3033 1088 congregem.
3090 1019 3274 1075 Potest
3322 1029 3378 1076 et
3422 1022 3527 1077 hoc

1940 1104 2083 1174 quod
2113 1105 2165 1158 in
2194 1105 2435 1161 Ecclesia
2468 1107 2521 1161 in
2547 1108 2899 1177 reproborum
2922 1111 3128 1167 ultione
3166 1113 3333 1169 Deum
3372 1130 3527 1171 scru-

1941 1184 2169 1250 tatorcrn
2203 1213 2324 1253 esse
2360 1215 2549 1255 renum
2583 1209 2638 1256 et
2672 1201 2916 1257 cordium
2947 1206 3283 1274 perhibetur,
3307 1222 3415 1263 non
3444 1209 3528 1263 in-

1941 1302 2180 1359 congrue
2207 1289 2279 1343 ita
2309 1290 2557 1361 intelligi,
2584 1301 2644 1346 ut
2673 1293 2814 1361 quod
2842 1309 2983 1349 nunc
3008 1294 3112 1350 ﬁde
3136 1298 3334 1353 retinet
3353 1307 3524 1365 certa,

1942 1380 1995 1434 iu
2040 1381 2277 1437 futurum
2325 1393 2510 1438 cernat
2555 1400 2734 1440 rerum
2781 1386 3149 1457 experientia,
3195 1391 3337 1446 unde
3376 1388 3528 1447 Psal-

1941 1472 2099 1526 mista
2130 1487 2145 1526 :
2173 1470 2531 1544 Cognoscetur
2577 1475 2828 1531 Dominus
2850 1514 2859 1521 ι
2865 1477 3073 1548 judicia
3111 1480 3312 1550 faciens
3339 1480 3523 1553 (Psal.

1940 1562 2042 1633 lx),
2081 1578 2187 1618 non
2218 1565 2361 1633 quod
2391 1573 2516 1620 ante
2544 1580 2644 1635 per
2668 1565 2826 1621 ﬁdem
2856 1582 2964 1623 non
2992 1569 3062 1624 sit
3090 1572 3362 1642 cognitus,
3401 1587 3527 1629 cum

1939 1651 2150 1706 occulte
2182 1654 2472 1723 prdicaret,
2515 1656 2609 1710 sed
2656 1658 2800 1725 quod
2845 1667 2974 1713 tunc
3004 1658 3329 1726 judiciorum
3368 1678 3529 1735 expe-

1940 1741 2132 1796 rientia
2169 1755 2547 1813 cognoscatur.
2591 1746 2661 1800 Et
2696 1748 2835 1802 dabo
2870 1751 3151 1822 unicuique
3184 1765 3408 1809 vestrum
3445 1774 3527 1811 se-

250 1839 448 1895 dicitur
477 1861 490 1896 :
523 1841 712 1908 Israel,
724 1844 840 1912 jam
868 1861 969 1898 non
999 1846 1202 1899 irascar
1226 1846 1340 1911 tibi,
1360 1847 1495 1916 quia
1520 1846 1660 1901 zelus
1684 1864 1827 1901 meus

1932 1832 2161 1885 cundum
2189 1851 2346 1904 opera
2392 1852 2509 1891 sua.
2563 1836 2663 1892 Hic
2715 1848 2901 1909 aperte
2941 1840 3365 1910 demonstratur,
3398 1848 3526 1918 quia

249 1931 455 1985 recessit
485 1949 517 1986 a
542 1940 591 1986 te
619 1931 834 2003 (Ezech.
862 1935 972 2006 xw)
997 1952 1010 2000 ;
1045 1946 1098 1990 et
1120 1937 1173 1990 in
1205 1936 1309 1991 hac
1333 1938 1648 2009 Apocalypsi
1676 1957 1689 1992 :
1719 1937 1831 2009 Ego

244 2035 375 2089 quos
406 2038 548 2087 amo,
589 2039 754 2094 arguo
782 2035 829 2079 et
857 2029 1055 2098 castigo
1088 2027 1286 2100 (Apoc.
1322 2027 1394 2100 ι).
1439 2028 1834 2099 Prasperantur

233 2110 512 2180 siquidem
545 2113 615 2167 ad
645 2123 856 2184 tempus
884 2116 1051 2187 iniqui
1084 2127 1283 2174 :cterna
1314 2129 1487 2176 morte
1522 2121 1828 2191 plectendi:

245 2203 556 2276 aﬁliguntur
584 2207 651 2262 ad
681 2210 950 2264 modicum
982 2211 1159 2279 electi,
1195 2214 1527 2283 perennibus
1554 2215 1712 2270 bonis
1742 2231 1835 2270 ve-

244 2295 482 2367 getandi.
514 2297 654 2353 Dicit
685 2314 836 2371 ergo,
870 2316 1005 2370 quos
1032 2318 1176 2370 amo,
1209 2321 1377 2375 arguo
1404 2313 1459 2359 et
1484 2306 1709 2377 castigo,
1737 2322 1835 2377 per

240 2385 453 2458 ﬂagella
478 2391 686 2446 scilicet
713 2384 979 2462 corporis,
1001 2412 1101 2467 per
1125 2398 1319 2452 damna
1350 2399 1723 2469 temporalium
1751 2416 1835 2456 re-

246 2494 387 2546 rum,
418 2498 518 2552 per
547 2487 722 2539 varias
750 2495 805 2541 et
833 2489 1078 2544 diversas
1117 2488 1433 2546 alllictiones
1460 2507 1747 2564 corporum
1778 2502 1832 2547 et

245 2573 567 2633 animarum.
607 2576 780 2634 Etiam
810 2595 946 2653 quos
977 2581 1218 2654 deSpicio
1246 2582 1297 2637 in
1326 2582 1484 2649 lecto,
1525 2585 1577 2638 id
1627 2594 1710 2640 est
1748 2600 1833 2642 se-

242 2670 473 2726 curitate
512 2673 773 2741 peccandi
818 2690 1035 2731 manere
1073 2688 1345 2749 pernutto.
1389 2675 1512 2750 Agit
1553 2692 1682 2733 vero
1728 2680 1833 2735 hoc

243 2761 586 2830 omnipotens
626 2763 767 2820 Deus
806 2781 957 2821 more
1001 2767 1171 2837 patris
1210 2768 1345 2823 duos
1387 2768 1524 2822 ﬁlios
1557 2767 1829 2839 habentis,

242 2864 472 2919 quorum
499 2852 729 2909 alterum
757 2857 973 2925 quidem
1003 2872 1113 2911 sua:
1147 2857 1429 2927 potestatis
1456 2872 1575 2912 esse
1603 2857 1831 2926 permit-

243 2944 327 3010 tit,
359 2944 542 3002 sinens
567 2962 690 3003 eum
722 2947 894 3005 libere
920 2949 1190 3017 dormire,
1222 2950 1584 3016 manducare,
1622 2948 1827 3015 bibere,

241 3045 547 3111 caeteraque
581 3053 703 3108 quae
729 3040 832 3095 sibi
862 3040 1112 3096 videntur
1140 3039 1350 3107 facere,
1390 3041 1513 3111 quia
1558 3038 1670 3094 vult
1705 3053 1831 3094 eum

238 3126 559 3185 haereditate
586 3132 820 3201 privare.
853 3134 920 3187 At
954 3142 1162 3201 contra,
1202 3132 1430 3189 alterum
1460 3132 1832 3189 excommuni-

240 3227 351 3286 cat,
380 3221 694 3277 verberibus
719 3221 901 3293 allicit,
934 3223 1224 3294 aliquando
1261 3232 1375 3278 tota
1408 3232 1567 3279 nocte
1601 3222 1827 3294 vigilare

239 3311 391 3378 facit,
439 3308 493 3368 et
528 3314 723 3372 vinctis
766 3318 993 3387 pedibus
1036 3327 1202 3384 stare,
1247 3318 1371 3388 quia
1408 3316 1525 3372 vult
1555 3331 1678 3371 eum
1723 3315 1825 3370 sibi

232 3403 510 3460 hmredem
539 3407 887 3464 substituere.
927 3406 1044 3463 Tali
1090 3408 1275 3479 itaque
1314 3408 1472 3464 modo
1514 3408 1656 3463 Deus
1698 3420 1826 3462 suos

239 3496 459 3565 electos,
489 3500 685 3569 quibus
714 3500 939 3556 daturus
962 3508 1048 3556 est
1074 3501 1444 3557 bazreditatem
1474 3499 1711 3556 ccclestis
1732 3513 1826 3569 pa-

239 3589 379 3656 triae,
406 3591 585 3661 arguit
610 3598 666 3645 et
693 3590 939 3662 castigat,
972 3599 1032 3646 ut
1057 3599 1178 3661 post
1206 3591 1388 3647 ﬁnitos
1412 3588 1570 3661 huius
1594 3590 1717 3644 vitae
1749 3588 1826 3642 la-

235 3679 419 3747 bores,
436 3681 503 3736 ad
519 3690 775 3736 aeternam
792 3683 1107 3751 perveniant
1120 3684 1537 3754 possessionem.
1557 3680 1825 3751 Reprobis

238 3781 421 3826 autem
450 3771 715 3840 permittit
746 3787 855 3825 suae
880 3772 1177 3828 voluntatis
1206 3788 1350 3837 esse,
1386 3780 1440 3826 et
1478 3771 1531 3825 in
1566 3771 1707 3825 lecto
1741 3783 1826 3825 se-

236 3861 489 3918 curitatis
532 3860 832 3929 quiescere,
882 3875 989 3928 quo
1033 3870 1220 3929 postea
1266 3862 1595 3915 damnentur
1636 3872 1828 3914 omnes

241 3967 365 4008 cum
398 3953 510 4006 suis
538 3951 784 4020 patribus
810 3950 1031 4019 iniquis,
1063 3951 1135 4005 ibi
1165 3951 1273 4016 erit
1302 3949 1578 4004 tribulatio
1606 3963 1822 4017 magna,

242 4060 402 4115 quam
436 4045 581 4099 nulla
609 4042 789 4099 carnis
820 4044 1053 4114 explicat
1085 4043 1269 4116 lingua
1289 4085 1304 4109 ,
1349 4042 1442 4097 ubi
1479 4050 1533 4097 et
1571 4040 1827 4097 deﬁciens

241 4140 470 4210 quisque
496 4154 603 4194 non
636 4136 855 4204 defecit,
887 4146 943 4192 et
977 4138 1214 4193 moriens
1246 4151 1458 4207 semper
1482 4134 1631 4189 vivit.

312 4230 381 4285 Et
419 4231 580 4285 scient
626 4246 801 4284 omnes
832 4229 1082 4284 Ecclesia:
1118 4230 1242 4302 quia
1286 4245 1379 4299 ego
1423 4244 1538 4282 sum
1586 4234 1826 4281 scrutans

240 4321 400 4375 corda
441 4329 490 4375 et
530 4336 694 4376 renes.
732 4318 790 4373 ln
831 4318 1051 4375 renibus
1088 4317 1375 4374 delectatio
1415 4317 1662 4388 signatur
1698 4330 1827 4371 con-

234 4408 589 4484 cupiscentia:
633 4412 898 4477 carnalis,
968 4411 1095 4482 quia
1158 4410 1409 4466 humanae
1454 4407 1828 4480 conceptionis

239 4522 423 4563 semen
452 4507 518 4561 de
547 4505 746 4560 lumbis
774 4503 1069 4577 egreditur.
1106 4502 1160 4558 In
1191 4503 1356 4559 corde
1384 4517 1514 4557 vero
1545 4501 1826 4572 cogitatio-

232 4606 337 4657 nes
384 4600 782 4671 exprimuntur,
828 4614 947 4669 qua:
992 4598 1059 4653 de
1109 4596 1273 4652 corde
1321 4595 1611 4667 prodeunt.
1662 4588 1824 4648 Juxta

240 4694 383 4765 quod
418 4692 678 4748 Dominus
719 4692 848 4747 dicit
887 4712 898 4745 :
942 4690 1019 4746 De
1060 4691 1214 4746 corde
1256 4698 1446 4744 exeunt
1485 4688 1825 4758 cogitationes

239 4786 414 4850 ntala’,
441 4782 723 4849 adulteria,
748 4783 1144 4853 fornicationes,
1170 4782 1313 4852 furta
1336 4780 1551 4853 (Matth.
1580 4782 1692 4851 xv),
1716 4788 1823 4835 elc.

240 4875 374 4945 Quia
407 4876 550 4931 enim
585 4875 908 4946 praecedenti
937 4873 1205 4930 versiculo
1234 4873 1450 4929 dixerat
1482 4872 1825 4943 omnipotens

239 4984 348 5025 non
394 4975 613 5040 aperte,
662 4969 755 5024 sed
801 4965 1041 5034 occulte,
1093 4967 1409 5023 idololatras
1453 4973 1510 5022 et
1550 4965 1826 5022 adulteros

234 5062 414 5117 'morte
443 5061 802 5127 damnandos,
834 5074 978 5117 nunc
1003 5048 1162 5116 ﬁdem
1178 5058 1437 5115 Ecclesiae
1466 5058 1823 5123 demonstrat,

238 5167 359 5223 qua:
390 5151 553 5207 etiam
584 5167 690 5208 non
721 5153 834 5209 visa
868 5152 1059 5208 credit.
1089 5150 1247 5206 Novit
1279 5150 1422 5205 enim
1453 5150 1688 5206 ﬁdelium
1717 5151 1823 5205 Ec-

241 5243 405 5299 clesia
431 5244 602 5299 Deum
633 5245 775 5299 scire
797 5244 1001 5310 omnia,
1025 5244 1116 5314 qui
1143 5242 1274 5300 licet
1295 5244 1556 5314 reprobus
1589 5241 1823 5299 tolerare

240 5336 509 5401 videatur,
543 5344 721 5391 tamen
749 5337 958 5393 occulte
982 5337 1033 5392 in
1062 5353 1158 5393 sua
1196 5335 1537 5408 prmscientia
1576 5334 1685 5405 jam
1728 5351 1824 5393 eos

241 5424 481 5480 damnat.
510 5424 601 5479 Ait
628 5440 757 5496 ergo
783 5440 797 5479 :
830 5425 1017 5481 Scient
1044 5442 1235 5482 omnes
1280 5425 1537 5481 Ecclesia:
1566 5425 1691 5496 quia
1721 5440 1821 5498 ego

239 5530 359 5573 sum
390 5526 636 5572 scrutaus
667 5533 822 5572 renes
847 5525 902 5572 et
929 5519 1114 5585 corda,
1140 5520 1194 5575 id
1221 5528 1323 5582 est,
1360 5517 1499 5574 facta
1529 5526 1583 5573 et
1612 5520 1819 5590 cogita-

236 5608 417 5665 tiones
445 5609 777 5682 singnlorum
812 5610 1042 5666 intueor.
1080 5611 1397 5666 llomiuibus
1432 5610 1629 5682 quippe
1657 5626 1821 5681 opera

241 5712 425 5756 nostra
446 5710 498 5756 et
515 5703 655 5756 dicta
677 5710 903 5772 possunt
923 5716 1045 5756 esse
1060 5712 1206 5767 nota,
1227 5702 1334 5757 Deo
1354 5710 1534 5779 autem
1552 5702 1715 5756 etiam
1732 5717 1823 5757 co-

241 5793 529 5864 gitationes
558 5790 1069 5859 manifestabantur,
1094 5794 1348 5864 quoniam
1372 5794 1489 5866 ipse
1512 5794 1657 5850 videt
1679 5794 1825 5866 quod

1939 1924 2158 1978 nomine
2188 1923 2568 1982 fornicationis
2597 1931 2848 1999 superius
2877 1933 3058 1987 omnia
3094 1938 3524 2006 comprehendit,

1935 2014 2060 2082 quia
2084 2030 2188 2069 non
2209 2030 2307 2084 per
2336 2018 2476 2073 banc
2501 2022 2827 2077 sententiam
2854 2024 3015 2080 unius
3036 2027 3234 2097 cperis,
3268 2030 3360 2083 sed
3390 2030 3528 2084 mul-

1936 2113 2116 2161 torum
2147 2108 2324 2164 futura
2355 2111 2632 2168 damnatio
2659 2115 3001 2185 praedicitur;
3044 2120 3338 2189 punientur
3378 2123 3525 2178 enim

1936 2199 2222 2257 manifesta
2252 2202 2503 2270 crimina,
2534 2207 2827 2276 punientur
2855 2218 2909 2264 et
2936 2211 3171 2277 occulta,
3213 2221 3375 2282 atque
3405 2214 3526 2269 ideo

1936 2289 2353 2350 fornicationem
2381 2313 2542 2368 quam
2580 2313 2740 2370 supra
2785 2301 3212 2370 quadriformem
3259 2305 3526 2360 intellexi-
3576 2338 3583 2349 ι

1936 2397 2075 2446 mus,
2113 2384 2200 2440 bic
2226 2389 2568 2444 omnifariam
2601 2392 2848 2461 cogimur
2873 2393 3147 2461 conﬁteri,
3191 2396 3336 2452 unde
3376 2396 3525 2453 Psal-

1936 2474 2095 2528 mista
2126 2490 2142 2529 ε
2185 2473 2379 2531 Perdes
2409 2495 2587 2534 omnes
2625 2482 2716 2552 qui
2754 2482 3088 2551 fornicantur
3126 2486 3219 2540 abs
3255 2495 3304 2542 te
3334 2484 3520 2558 (Psal.

1930 2566 2128 2633 Lxxn).
2155 2565 2389 2622 :Dicatur
2425 2570 2607 2640 itaque
2635 2589 2647 2625 :
2677 2572 2744 2627 Et
2776 2575 2913 2629 dabo
2951 2576 3239 2647 unicuique
3280 2589 3521 2635 vestrum

1936 2656 2232 2712 secundum
2287 2674 2449 2728 opera
2505 2676 2635 2728 sua,
2665 2663 2834 2734 ~justis
2883 2666 3093 2723 scilicet
3134 2672 3414 2740 praemium
3446 2672 3524 2726 la-

1924 2746 2103 2813 boris,
2140 2750 2318 2818 impiis
2343 2766 2474 2806 vero
2516 2753 2836 2823 supplicium
2883 2764 3099 2813 aeternae
3134 2759 3522 2824 damnationis,

1935 2839 2028 2893 ubi
2057 2840 2201 2911 quod
2232 2844 2463 2914 amplius
2489 2848 2684 2915 exponi
2716 2849 2923 2911 debeat,
2964 2865 3071 2906 non
3099 2861 3202 2919 est,
3245 2855 3338 2909 sed
3377 2854 3525 2925 quod

1936 2930 2110 2999 magis
2141 2931 2339 2986 timeri.
2386 2932 2518 2988 Nam
2559 2943 2613 2989 et
2650 2952 2748 3005 per
2791 2938 3129 3009 prophetiam
3173 2942 3262 2998 hic
3299 2944 3518 3011 dicitur,

1935 3021 2079 3087 quod
2111 3019 2241 3086 Noe,
2294 3020 2484 3078 Daniel
2515 3035 2571 3079 et
2604 3024 2725 3091 Job,
2760 3028 2860 3097 ipsi
2897 3030 2995 3084 soli
3027 3032 3236 3087 animas
3260 3047 3384 3087 suas
3412 3034 3520 3088 sal-

1932 3113 2159 3179 ‘vabunt,
2186 3113 2353 3169 ﬁlium
2384 3126 2562 3171 autem
2589 3126 2643 3173 et
2673 3119 2836 3174 ﬁliam
2866 3136 2972 3176 non
2998 3121 3321 3178 liberabuut.
3364 3122 3521 3180 Vobis

1858 3188 1903 3250 C
1935 3211 2110 3256 autem
2141 3204 2259 3259 dico
2288 3214 2336 3259 et
2363 3207 2565 3261 ceteris
2582 3213 2672 3278 qui
2699 3208 2964 3281 Thyatira:
2980 3213 3258 3279 estis:Qui
3279 3230 3383 3269 non
3416 3216 3516 3270 ha-

1930 3294 2049 3349 bent
2076 3295 2373 3351 doctrinam
2392 3299 2549 3363 hanc,
2571 3302 2663 3371 qui
2690 3318 2793 3356 non
2814 3316 3157 3373 cognoverunt
3182 3306 3516 3362 altitudinem

1928 3387 2164 3445 Satame.
2183 3388 2446 3461 Superius
2469 3393 3141 3468 increpaveratreprobos,
3167 3416 3309 3456 nunc
3335 3408 3518 3456 autem

1927 3481 1996 3535 ad
2024 3480 2227 3538 electos
2251 3484 2476 3539 verbum
2505 3486 2687 3541 vertit.
2726 3486 2960 3559 Ideoque
2991 3490 3130 3545 bene
3155 3490 3287 3545 dicit
3314 3488 3518 3547 :Vobis

1926 3572 2048 3628 dico
2088 3586 2144 3629 et
2190 3575 2423 3641 caeteris,
2469 3576 2521 3633 id
2574 3585 2656 3635 est
2689 3578 2850 3650 iustis
2891 3582 2985 3651 qui
3029 3597 3190 3651 supra
3231 3598 3338 3637 non
3386 3583 3520 3639 estis

1893 3714 1907 3725 ρ
1927 3670 2301 3738 comprehensi
2328 3670 2382 3726 in
2407 3685 2635 3728 numero
2658 3672 3035 3743 reproborum.
3059 3674 3162 3742 Qui
3186 3691 3291 3730 non
3314 3676 3520 3731 habent

1926 3762 2232 3817 doctrinam
2260 3764 2434 3830 hanc,
2465 3765 2519 3819 id
2549 3775 2652 3831 est,
2691 3781 2828 3835 quos
2855 3782 3019 3835 prava
3054 3767 3334 3837 persuasio
3359 3765 3519 3822 Jeza-

1924 3853 2063 3908 belis
2089 3870 2194 3908 non
2227 3855 2449 3910 inclinat
2478 3858 2544 3911 ad
2579 3858 2776 3911 malam
2813 3858 3215 3927 operationem,
3250 3868 3313 3913 ut
3341 3858 3515 3915 malos

1926 3943 2179 4000 videlicet
2204 3946 2503 4000 imitentur.
2526 3946 2629 4012 Qui
2652 3963 2757 4001 non
2783 3958 3153 4017 cognoverunt
3178 3947 3517 4004 altitudinem

1928 4033 2167 4102 Satanae,
2192 4036 2243 4090 id
2283 4045 2367 4091 est
2396 4038 2706 4108 superbiam
2727 4038 2872 4093 illius
2895 4055 3000 4094 non
3034 4048 3159 4094 sunt
3186 4038 3398 4094 imitati.
3426 4040 3519 4097 Sic

1928 4127 2073 4182 enim
2118 4128 2375 4183 dicuntur
2420 4129 2761 4186 altitudinem
2788 4130 3007 4187 Satanae
3053 4133 3328 4203 ignorare,
3378 4134 3521 4190 sicut

1928 4233 2083 4274 sacra
2116 4218 2402 4291 Scriptura
2460 4221 2594 4277 dicit
2646 4222 2903 4279 mulieres
2939 4239 3044 4279 non
3084 4224 3399 4297 cognovisse
3432 4225 3519 4281 vi—

1926 4323 2038 4373 ros,
2063 4325 2184 4379 quae
2204 4313 2433 4367 necdum
2463 4322 2593 4367 sunt
2625 4323 2861 4385 experta:
2879 4316 2981 4370 viri
3006 4318 3244 4383 thorum,
3268 4316 3352 4370 vel
3378 4316 3521 4372 sicut

1926 4414 2027 4453 nos
2052 4399 2365 4469 quotidiana
2394 4401 2667 4458 locutione
2695 4404 2927 4460 dicimus
2974 4406 3245 4462 hominem
3269 4419 3517 4462 veracem

1926 4490 2181 4562 ignorare
2228 4494 2468 4549 mentiri.
2512 4495 2754 4553 Altitudo
2796 4506 2975 4553 autem
3008 4497 3226 4553 Satanm
3262 4496 3519 4569 superbia

1931 4582 2271 4654 intelligitur,
2302 4585 2430 4656 quia
2468 4594 2682 4644 tumens
2711 4598 2900 4644 contra
2931 4590 3098 4645 Deum
3127 4590 3299 4645 voluit
3325 4590 3520 4646 similis

1926 4672 2048 4728 ﬁeri
2069 4674 2380 4743 Altissimo;
2404 4692 2503 4748 pro
2530 4695 2635 4750 qua
2661 4696 2827 4737 ruens
2855 4681 2921 4736 ad
2947 4690 3170 4748 terram,
3197 4682 3392 4738 multas
3422 4700 3519 4737 au-

1928 4767 2173 4838 gelorum
2211 4767 2452 4840 legiones
2490 4773 2591 4827 sibi
2633 4774 3035 4832 consentientes
3076 4791 3259 4832 secum
3300 4776 3514 4846 dejecit.
3564 4828 3567 4831 ι

1928 4860 2094 4930 Cujus
2129 4863 2471 4921 altitudinem
2517 4874 2647 4922 tunc
2689 4868 2856 4924 homo
2899 4869 3173 4941 cognovit,
3216 4884 3339 4925 cum
3377 4869 3518 4923 hanc

1926 4954 2193 5010 imitando
2222 4953 2332 5011 Deo
2359 4956 2551 5012 similis
2580 4956 2697 5031 ﬁeri
2722 4961 3048 5032 concupivit.
3090 4958 3250 5015 Juxta
3280 4959 3515 5031 promis-

1926 5046 2139 5100 sionem
2180 5048 2391 5104 scilicet
2430 5049 2736 5120 deceptoris
2775 5053 3050 5108 dicentis:
3094 5051 3161 5107 In
3206 5070 3518 5127 quacunque

1930 5135 2015 5190 die
2043 5137 2390 5206 comederitis,
2419 5141 2566 5195 eritis
2594 5141 2727 5196 sicut
2769 5143 2843 5196 dii
2874 5139 3027 5215 (Gen.
3054 5142 3158 5217 ιιι).
3190 5144 3343 5199 Hanc
3377 5158 3515 5215 quo-

1930 5241 2036 5297 quc
2067 5228 2409 5287 altitudinem
2443 5231 2518 5286 illi
2548 5242 2941 5305 cngnoverunt,
2985 5237 3076 5305 qui
3125 5236 3314 5291 turrim
3349 5251 3517 5306 usque

1933 5323 1999 5376 ad
2042 5321 2236 5377 coelum
2275 5325 2486 5398 erigere
2531 5328 2856 5397 gestiebant.
2908 5326 3016 5385 Sed
3062 5330 3216 5385 electi
3268 5330 3518 5386 notitiam

1918 5418 2231 5476 “altitudinis
2253 5421 2468 5478 Satanae.
2490 5439 2595 5478 non
2619 5424 2840 5490 habent,
2859 5424 2982 5494 quia
3007 5424 3059 5481 in
3084 5426 3293 5497 cunctis
3316 5424 3515 5480 semeti-

1930 5512 2076 5582 ipsos
2105 5513 2410 5580 humiliant,
2432 5514 2654 5588 vestigia
2684 5515 3066 5593 Redemptoris
3091 5527 3399 5589 sequentes,
3425 5518 3518 5590 qui

1932 5605 2061 5660 dicit
2090 5621 2104 5661 :
2136 5605 2333 5662 Discite
2362 5624 2395 5661 a
2423 5624 2525 5673 me,
2557 5608 2680 5680 quia
2714 5609 2854 5664 milis
2891 5627 3007 5665 sum
3048 5620 3096 5665 et
3123 5610 3335 5665 humilis
3363 5608 3520 5665 corde

1932 5700 2147 5769 (Matth.
2188 5701 2287 5774 χι).
2334 5700 2636 5757 Attendunt
2672 5703 2815 5757 enim
2857 5703 3000 5774 quod
3044 5704 3305 5759 Dominus
3344 5702 3516 5758 dicit:

1934 5791 2073 5860 Quia
2104 5793 2272 5848 omnis
2299 5793 2390 5869 qui
2418 5809 2473 5847 se
2498 5792 2695 5848 exultat
2721 5794 3107 5875 humiliabitur,
3146 5805 3194 5852 et
3224 5794 3314 5865 qui
3337 5811 3393 5848 se
3422 5792 3519 5867 hu-
