3974 6454
475 426 582 479 935

949 416 1303 472 ΙΙΑὶΜΟΝῑὸ
1340 405 1818 467 HALBEBSTAT.
1859 406 2070 462 EPISC.

2173 405 2274 462 PP.
2315 405 2498 462 PARS
2536 402 2576 460 l.
2606 436 2677 446 —
2709 403 3070 464 COMMENT.
3107 405 3279 463 BIBL.

3691 406 3804 464 986

474 527 646 585 miliat
673 525 994 581 exaltabitur
1022 522 1184 594 (Luc.
1221 524 1363 591 xiv).
1394 519 1532 576 Hinc
1556 533 1687 590 ergo
1717 517 1946 575 rationis
1975 532 2063 572 ac-
2090 525 2145 584 Α
2169 516 2223 572 id
2245 526 2352 581 est,
2374 517 2428 571 in
2456 516 2561 573 ﬁde
2583 534 2703 574 mea
2728 520 3166 589 perseveraverit
3187 535 3358 592 usque
3381 521 3451 577 ad
3476 523 3810 577 temainum

479 631 640 694 cepto
679 622 926 683 consilio,
973 619 1294 674 humilitatis
1339 618 1589 673 semitam
1634 615 1933 685 arripiunt,
1972 629 2070 686 per

483 727 647 782 quam
679 713 745 767 ad
773 709 1110 766 celsitudinis
1134 709 1347 764 culmen
1380 708 1694 772 ascendant,
1724 707 2069 777 quemadmo-

485 805 609 858 dum
633 804 829 865 dicunt,
851 800 1104 871 quidam:
1132 799 1254 854 Non
1274 815 1472 868 ponam
1492 815 1647 869 super
1670 814 1757 852 vos
1785 796 1932 851 aliud
1948 813 2072 865 pon-

481 897 605 962 dus,
623 907 795 950 tamen
812 895 866 949 id
879 894 1018 964 quod
1035 894 1256 958 habetis,
1273 901 1437 946 tenete
1457 891 1621 944 donec
1635 888 1857 944 ueniam.
1875 886 1952 942 De
1967 887 2071 941 illis

480 987 586 1044 hoc
609 987 833 1051 dicitur,
863 984 956 1055 qui
990 983 1162 1039 inﬂati
1199 991 1390 1038 contra
1430 981 1525 1035 Dei
1569 979 1801 1044 Filium,
1834 977 2071 1032 altitudi-

421 1129 426 1142 ,
478 1095 603 1135 nem
637 1079 852 1134 Satanae
879 1085 1293 1149 cognoscentes,
1312 1075 1621 1130 nitebantur
1651 1088 1744 1128 eos
1771 1071 1864 1141 qui
1896 1070 2069 1126 credi-

481 1174 680 1228 derant
725 1173 777 1227 in
821 1171 1096 1227 Christum
1148 1184 1216 1224 ex
1273 1169 1526 1237 gentibus
1578 1165 1646 1220 ad
1688 1165 1889 1221 veteris
1935 1163 2070 1234 legis

483 1263 840 1317 raremonias
865 1261 1104 1324 trahere,
1130 1259 1196 1314 de
1216 1259 1414 1328 quibus
1443 1257 1618 1311 Lucas
1637 1256 1767 1310 dicit
1788 1254 1925 1326 (Act.
1942 1255 2065 1325 xv):

481 1355 617 1420 Quia
647 1354 863 1423 quidam
891 1351 1256 1406 descendentes
1279 1368 1309 1403 a
1331 1349 1543 1412 Juda’a,
1571 1347 1824 1402 docebant
1857 1348 2066 1416 fratres,

480 1449 605 1519 quia
637 1447 738 1500 nisi
763 1445 1216 1500 cirrumcidamini
1244 1442 1529 1498 secundum
1553 1442 1723 1512 legem
1749 1440 1940 1512 Moysi,
1966 1459 2070 1495 non

478 1539 694 1608 potestis
739 1538 872 1592 salvi
923 1537 1062 1592 ﬁeri.
1120 1535 1349 1606 Propter
1397 1535 1540 1605 quod
1589 1535 1754 1590 etiam
1804 1535 2070 1589 miserunt

482 1629 788 1684 Barnabam
817 1639 870 1684 et
900 1628 1127 1683 Paulum
1157 1627 1224 1682 ad
1253 1625 1527 1698 apostolos
1555 1626 1610 1680 in
1642 1624 2009 1693 Hierusalem,
2039 1642 2071 1684 a

385 1706 408 1725 ’
481 1718 681 1786 quibus
707 1729 765 1773 et
791 1719 1100 1774 didicerunt
1126 1733 1287 1788 posse
1319 1715 1565 1772 sullicere
1589 1718 1863 1785 gentibus,
1889 1723 1950 1774 ut
1980 1722 2074 1775 ab-

481 1809 752 1864 stinerent
776 1826 834 1865 se
862 1811 932 1868 ab
964 1809 1266 1875 immolato,
1297 1817 1353 1864 et
1379 1808 1668 1882 sanguine,
1709 1821 1764 1868 et
1785 1811 2070 1877 sull'ocato,

2173 609 2318 676 vita,
2349 609 2485 664 dabo
2526 609 2607 664 illi
2633 621 2942 680 potestatem
2971 629 3131 684 super
3160 623 3356 684 gentes,
3388 624 3435 668 et
3474 623 3642 686 reget
3684 614 3810 669 illas

2170 704 2224 756 in
2254 705 2397 774 virga
2443 703 2635 773 ferrea,
2677 714 2726 758 et
2769 714 3020 774 tanquam
3048 723 3141 760 vas
3168 705 3322 778 ﬁguli
3346 707 3806 778 confringesuur,

2169 797 2302 850 sicut
2333 805 2383 851 et
2432 813 2526 867 ego
2557 799 2733 868 accepi
2763 816 2796 852 a
2817 796 2980 854 Patre
3012 816 3148 854 utea.
3193 799 3366 854 Filius
3403 801 3505 855 Dei
3545 809 3810 870 potesta-

2172 896 2281 942 tem
2311 887 2450 943 hanc
2478 905 2584 944 non
2612 905 2712 959 per
2737 891 3101 956 divinitatem,
3133 893 3261 962 quia
3300 893 3543 964 aqualis
3572 903 3676 949 est
3709 893 3807 948 Pa~

2172 977 2265 1041 tri,
2303 993 2468 1048 super
2492 988 2684 1049 gentes
2711 982 2988 1052 accepisse
3031 983 3334 1039 credendus
3375 993 3501 1050 est,
3549 984 3667 1040 sed
3711 999 3809 1055 per

2171 1071 2529 1128 humanitatis
2559 1072 2813 1140 formam,
2858 1091 2964 1146 qua
3014 1076 3318 1133 minoratus
3359 1086 3444 1133 est
3493 1077 3689 1132 etiam
3739 1079 3804 1133 ab

2173 1163 2401 1234 angelis.
2447 1162 2754 1220 Secundum
2793 1181 2954 1237 quam
2985 1167 3038 1222 in
3079 1167 3373 1240 Evangelio
3401 1169 3551 1225 dicit
3597 1184 3617 1224 :
3662 1169 3804 1224 Data

2169 1253 2244 1310 est
2287 1255 2416 1310 mihi
2453 1259 2620 1312 omnis
2662 1267 2893 1328 potestas
2927 1260 2983 1315 in
3025 1262 3152 1317 calo
3193 1271 3245 1317 et
3285 1263 3341 1316 in
3377 1271 3532 1317 terra
3567 1260 3798 1333 (Matth.

2170 1346 2360 1418 xvm);
2394 1349 2693 1405 secundum
2721 1368 2884 1422 quam
2911 1353 3077 1408 etiam
3114 1361 3340 1424 paterna
3379 1353 3450 1407 ad
3490 1368 3639 1408 eum
3670 1353 3801 1409 dici-

2173 1448 2263 1494 tur
2287 1454 2422 1498 voce
2451 1457 2464 1496 ι
2489 1439 2711 1497 Postula
2739 1461 2771 1498 a
2798 1453 2966 1511 me,et
2994 1444 3132 1498 dabo
3159 1445 3250 1498 tibi
3279 1453 3460 1514 gentes
3488 1445 3796 1499 heredita-

2172 1540 2277 1589 tem
2299 1545 2446 1588 tuam
2469 1532 2642 1605 (Psal.
2671 1534 2758 1608 ιι).
2781 1535 3050 1591 Caterum
3077 1536 3142 1591 de
3167 1543 3438 1605 potestate
3461 1551 3654 1607 quam
3679 1551 3798 1592 cum

2174 1625 2339 1681 Patre
2366 1626 2532 1681 habet
2570 1636 2696 1681 ante
2735 1637 2999 1698 tempora,
3044 1625 3230 1682 Daniel
3271 1635 3517 1682 testatur
3560 1625 3792 1683 dicens:

2176 1714 2420 1770 Potestas
2467 1715 2582 1784 ejus
2627 1726 2855 1786 potestas
2901 1727 3132 1782 (eterna,
3177 1733 3295 1786 qua:
3343 1733 3455 1770 non
3509 1715 3794 1783 auferetur

2178 1807 2338 1877 (Dan.
2371 1807 2492 1878 vn).
2525 1808 2672 1862 Illam
2704 1808 2872 1879 igitur
2898 1815 3226 1878 potestatem
3253 1823 3425 1878 quam
3451 1809 3512 1862 in
3541 1817 3791 1879 tempore

484 1909 540 1955 et
567 1899 946 1959 fornicatione.
981 1899 1226 1968 Cumque
1259 1901 1482 1977 quidam
1509 1907 1591 1961 eis
1618 1905 1684 1960 de
1712 1903 1961 1974 gentibus
1987 1904 2071 1958 di-
2103 1895 2149 1954 Β
2179 1899 2430 1955 Christus
2465 1900 2627 1954 homo
2662 1897 2838 1955 lactus
2871 1900 3082 1970 accepit
3117 1915 3150 1953 a
3177 1898 3374 1966 Patre,
3427 1898 3638 1954 electis
3684 1900 3786 1954 suis

477 2001 665 2052 carent
691 2011 704 2047 :
735 1991 848 2049 Nisi
870 1992 1346 2056 circutttctdamini
1368 1999 1666 2056 secundum
1687 1997 1857 2066 legem
1877 1996 2070 2068 Moysi,

477 2098 588 2148 non
628 2103 856 2165 potestis
900 2094 1034 2150 salvi
1090 2094 1240 2159 ﬁeri,
1287 2094 1364 2148 ait
1405 2091 1640 2147 Petrus:
1679 2088 1818 2156 Quid
1860 2089 2070 2143 tentatis

478 2188 744 2256 imponere
772 2203 963 2257 jugum
988 2185 1271 2241 cervicibus
1301 2182 1701 2254 discipulorum,
1741 2182 1878 2252 quod
1909 2195 2072 2250 neque

478 2295 575 2332 nos
598 2293 760 2348 neque
777 2287 952 2348 patres
973 2277 1138 2332 nostri
1157 2286 1368 2347 portare
1385 2275 1649 2346 potuimus
1665 2271 1840 2343 2(Act.
1858 2269 1974 2340 xv.)
1996 2269 2072 2325 De

475 2369 587 2424 illis
635 2371 816 2438 itaque
864 2370 981 2424 hac
1021 2369 1346 2430 dicentibus,
1387 2368 1478 2422 hic
1521 2365 1780 2420 Dominus
1815 2361 2072 2417 Ecclesia

478 2459 649 2514 dicit:
690 2459 805 2514 Non
833 2475 1028 2530 ponam
1061 2474 1228 2529 super
1254 2473 1352 2512 vos
1401 2456 1546 2511 aliud
1573 2455 1804 2526 pondus,
1844 2455 1948 2508 hoc
1987 2462 2072 2508 est

478 2549 883 2603 observantiam
926 2549 1130 2604 veteris
1169 2548 1330 2618 legis,
1383 2545 1838 2616 quemadmodum
1884 2543 2072 2598 dicunt

479 2639 557 2693 illi
590 2639 681 2707 qui
713 2649 840 2694 sunt
866 2654 1153 2710 synagoga
1181 2639 1418 2701 Salana,
1461 2637 1555 2692 sed
1587 2636 1688 2691 sub
1717 2634 1820 2690 levi
1855 2633 2067 2690 sarcina

479 2744 576 2784 vos
601 2730 912 2799 permittam
942 2746 1185 2796 manere,
1230 2729 1458 2797 ideoque
1497 2727 1550 2780 id
1577 2727 1720 2796 quod
1752 2725 1962 2780 habetis
1993 2733 2070 2778 te-

479 2831 625 2884 nete,
663 2822 714 2877 id
763 2829 848 2875 est
905 2837 1042 2875 onus
1073 2821 1190 2874 leve
1229 2821 1297 2874 ad
1333 2819 1476 2890 quod
1506 2817 1682 2873 vocati
1711 2817 1866 2881 estis,
1904 2815 2070 2870 nolite

480 2914 738 2983 abjicere.
782 2915 857 2968 De
886 2916 986 2970 hoc
1017 2929 1202 2978 onere,
1250 2913 1303 2968 id
1347 2921 1452 2977 est,
1491 2911 1664 2983 gratia
1693 2909 2069 2979 Redemptoris

477 3007 674 3070 nostri,
707 3005 898 3060 Petrus
923 3005 1056 3059 dicit
1081 3023 1093 3058 :
1127 3003 1265 3069 Quia
1291 3020 1384 3074 per
1405 3005 1632 3073 gratiam
1662 3000 1877 3054 Domini
1903 3001 2067 3054 nostri

477 3095 510 3149 J
519 3114 605 3150 esu
623 3095 818 3149 Christi
831 3096 1092 3150 credimus
1110 3093 1302 3148 saluari
1327 3090 1538 3162 (Ibid.).
1564 3091 1646 3146 Ad
1670 3093 1771 3147 hoc
1792 3108 1932 3147 onus
1953 3092 2068 3162 ipse

477 3187 661 3243 ﬁdeles
683 3204 810 3242 suos
833 3187 1050 3252 invitat,
1065 3186 1282 3242 dicens:
1305 3183 1492 3238 Tollite
1504 3185 1697 3254 jugum
1721 3200 1891 3238 meum
1911 3199 2069 3252 super

478 3298 562 3335 vos
587 3279 802 3348 (Manli.
832 3281 932 3346 xl),
963 3288 1019 3332 et
1042 3287 1260 3334 catera.
1291 3276 1469 3345 Atque
1497 3283 1620 3345 post
1645 3273 2063 3346 paucazlugum

477 3373 615 3424 enim
650 3387 820 3424 meum
853 3387 1010 3424 suave
1057 3380 1154 3433 est,
1197 3379 1306 3424 etc.
1351 3369 1432 3423 Ab
1471 3384 1634 3424 onere
1673 3383 1802 3439 ergo
1831 3369 1897 3423 ad
1927 3383 2065 3424 onus

475 3471 655 3523 vocat,
688 3462 780 3515 sed
807 3477 835 3514 a
859 3461 1010 3531 gravi
1051 3460 1116 3513 ad
1148 3460 1285 3523 leve,
1311 3460 1363 3514 id
1391 3468 1471 3514 est
1500 3474 1531 3513 a
1560 3459 1674 3528 lege
1721 3460 1789 3513 ad
1811 3459 2065 3529 gratiam,

474 3570 574 3626 per
619 3570 782 3623 quam
829 3569 932 3606 non
981 3552 1152 3606 solum
1192 3552 1445 3621 impletur
1487 3552 1572 3606 lex
1599 3592 1613 3616 ,
1671 3566 1856 3606 verum
1905 3553 2067 3607 etiam

477 3643 904 3698 transcenditur.
954 3641 1058 3696 Sed
1108 3643 1234 3696 dum
1276 3641 1379 3696 hoc
1423 3641 1671 3706 dicimus,
1715 3642 2067 3712 quastionem

478 3733 637 3788 nobis
688 3732 789 3802 ipsi
833 3731 1062 3802 ligamus
1095 3732 1182 3787 :si
1213 3731 1375 3793 enim,
1421 3731 1717 3787 secundum
1757 3731 2069 3800 pradictam

478 3825 622 3880 beati
648 3822 792 3878 Petri
816 3822 1160 3888 sententiam,
1189 3823 1274 3877 lex
1299 3822 1654 3892 importabilis
1677 3832 1780 3889 est,
1799 3824 2068 3894 quomodo

477 3917 785 3972 transcendi
819 3917 1032 3987 potest?
1063 3916 1170 3972 Sed
1196 3918 1475 3973 sciendum
1509 3919 1664 3974 nobis
1697 3933 1780 3975 est
1830 3921 1955 3989 quia
2012 3922 2068 3976 in

476 4009 858 4065 observatione
889 4009 1187 4065 carnalium
1214 4019 1606 4082 praceptorum
1638 4011 1828 4066 eadem
1854 4011 1942 4066 lex
1965 4013 2068 4067 im-

474 4101 761 4172 portabilis
802 4111 908 4166 est,
941 4103 995 4157 in
1021 4103 1266 4158 custodia
1297 4115 1428 4158 vero
1459 4104 1820 4173 spiritualium
1846 4106 2071 4160 manda-

476 4207 680 4263 torum,
711 4208 831 4261 qua
857 4193 910 4247 in
939 4194 1125 4249 decem
1153 4202 1370 4250 constat
1397 4195 1579 4250 verbis
1604 4195 1833 4250 duarum
1861 4196 2070 4250 tabula-

477 4300 622 4348 rum,
637 4283 984 4352 adimpletur.
1010 4285 1067 4339 In
1093 4286 1306 4340 actione
1328 4294 1512 4340 autem
1536 4301 1701 4356 quam
1717 4286 1818 4342 illa
1834 4288 2071 4343 victima

478 4371 718 4426 futuram
750 4373 1154 4444 prasignabant
1176 4377 1598 4442 transcenditur,
1647 4377 1772 4447 quia
1796 4393 2073 4448 compara-

480 4465 630 4519 tione
675 4464 892 4524 illarum
932 4483 1053 4537 qua
1082 4483 1227 4523 nunc
1257 4468 1309 4522 in
1344 4469 1574 4524 veritate
1621 4478 1874 4542 aguntur,
1916 4471 2069 4527 vilis-

481 4555 616 4609 sima
650 4567 930 4624 apparent,
969 4571 1090 4626 qua
1117 4557 1228 4612 sola
1277 4557 1454 4613 littera
1488 4559 1728 4615 exterius
1763 4560 1969 4629 prolata
2003 4562 2071 4617 ab

2177 2006 2238 2047 se
2265 1991 2394 2046 dare
2418 1989 2712 2074 promittit,
2743 1991 2838 2045 sed
2862 1990 2914 2044 in
2937 2005 2994 2046 se
3018 2006 3048 2044 a
3074 2005 3183 2060 quo
3208 1997 3384 2046 totum
3420 1991 3648 2062 regitur
3674 2006 3785 2047 cor-

2177 2097 2301 2152 pus,
2344 2089 2400 2134 et
2437 2080 2523 2135 cui
2570 2088 2744 2137 totum
2785 2079 3042 2136 Ecclesia
3080 2081 3323 2136 adharet
3370 2096 3607 2151 corpus.
3655 2083 3780 2138 Cum

2176 2172 2322 2226 enim
2378 2171 2493 2243 ipse
2550 2172 2620 2225 sit
2668 2181 2832 2241 caput
2869 2171 3189 2238 electorum,
3228 2172 3396 2228 electi
3434 2188 3575 2228 vero
3610 2190 3777 2229 mem-

2176 2260 2273 2316 bra
2320 2260 2482 2325 illius,
2514 2261 2660 2331 quod
2709 2262 2886 2332 ipsum
2933 2269 3096 2332 caput
3145 2263 3332 2326 habet,
3371 2262 3486 2318 hoc
3535 2265 3769 2320 membra

2176 2351 2322 2406 illius
2360 2351 2708 2406 hareditario
2741 2350 2864 2421 jure
2910 2352 3188 2422 possidere
3231 2353 3513 2410 videntur.
3553 2355 3761 2409 Dicatur

2173 2441 2395 2512 itaque:
2426 2441 2674 2498 Vincenti
2719 2443 2858 2499 dabo
2903 2452 3227 2512 potestatem
3265 2459 3443 2516 super
3471 2458 3658 2517 gentes.
3692 2457 3746 2503 et

2173 2543 2326 2605 reget
2352 2549 2446 2590 eas
2475 2535 2529 2590 in
2558 2535 2707 2607 virga
2740 2535 2936 2592 ferrea.
2973 2536 3124 2592 Hanc
3151 2547 3489 2608 potestatem
3518 2540 3612 2608 ipsi
3635 2555 3752 2610 apo-

2173 2626 2296 2681 stoli
2322 2630 2580 2697 primum,
2619 2627 2816 2683 deinde
2854 2643 3114 2698 sequaces
3153 2628 3372 2684 illorum
3421 2641 3760 2702 acceperunt,

2172 2719 2369 2788 quibus
2423 2719 2548 2774 data
2602 2728 2687 2773 est
2742 2730 2989 2791 potestas
3038 2720 3240 2790 ligandi
3290 2731 3467 2792 atque
3516 2725 3760 2780 solvendi.

2173 2810 2465 2868 Sciendum
2494 2821 2675 2868 autem
2703 2814 2829 2883 quia
2874 2829 2997 2870 cum
3027 2815 3421 2884 praedicatores
3452 2827 3765 2886 pctestatesn

2171 2919 2334 2976 super
2356 2905 2494 2960 alios
2517 2906 2814 2976 accipiunt,
2845 2906 3197 2977 sibimetipsis
3216 2907 3370 2977 prius
3397 2907 3765 2972 dominantur,

2170 2999 2261 3068 qui
2309 2999 2388 3053 sic
2433 3013 2492 3054 se
2539 2999 2608 3054 ab
2653 2999 2855 3054 illicitis
2895 3007 3278 3069 compescunt,
3339 3000 3494 3056 sicut
3539 3002 3768 3055 subditos

2171 3106 2520 3160 compescere
2547 3099 2819 3163 satagunt.
2866 3089 3001 3146 Nam
3043 3099 3098 3146 et
3136 3091 3354 3146 illorum
3397 3094 3656 3165 regimen
3685 3110 3768 3163 per

2170 3183 2377 3253 virgam
2413 3181 2648 3238 ferream
2689 3183 3038 3254 exprimitur,
3086 3197 3206 3253 qua
3241 3184 3646 3241 rectitudinem
3681 3187 3765 3240 ln-

2091 3261 2136 3322 C
2169 3273 2278 3336 bet,
2315 3272 2596 3328 mollitiem
2628 3290 2735 3329 non
2763 3273 2949 3339 habet,
2981 3274 3108 3344 quia
3134 3273 3392 3330 videlicet
3429 3277 3621 3332 sancti
3645 3292 3763 3348 pra-

2168 3363 2440 3419 dicatores
2466 3378 2570 3419 nec
2598 3363 2700 3419 sibi
2731 3379 2831 3418 nec
2861 3363 2985 3420 aliis
3023 3374 3212 3420 contra
3237 3364 3524 3432 justitiam
3555 3381 3766 3438 parcere

2167 3467 2456 3519 noverunt,
2481 3457 2572 3527 qui
2603 3466 2658 3511 et
2689 3457 2744 3512 in
2776 3472 2835 3512 se
2862 3467 2916 3512 et
2943 3457 2995 3512 in
3024 3457 3144 3512 aliis
3174 3466 3386 3512 tantum
3405 3457 3649 3526 iustitia
3673 3470 3767 3515 trs-

2167 3550 2353 3606 mitem
2383 3551 2617 3621 dirigere
2651 3551 2896 3616 student,
2944 3552 3088 3606 unde
3130 3552 3296 3621 capiti
3339 3567 3547 3610 eorum
3585 3557 3766 3612 dicitur

2169 3641 2346 3715 (Psal.
2385 3644 2530 3714 ιιιν)
2575 3662 2588 3696 :
2629 3642 2790 3713 Virga
2828 3651 2974 3698 recta
3004 3652 3091 3698 cst
3116 3644 3262 3714 virga
3292 3645 3445 3715 regni
3473 3649 3578 3702 tui.
3629 3648 3766 3716 Quod

2169 3735 2421 3806 protinus
2455 3733 2598 3803 quod
2645 3734 2746 3801 sit,
2788 3735 3029 3805 aperitur
3063 3749 3187 3790 cum
3229 3735 3434 3791 dicitur
3471 3756 3490 3793 :
3533 3737 3768 3795 Ditesisti

2161 3828 2432 3900 justitiam
2480 3837 2528 3882 et
2559 3827 2716 3882 odisti
2742 3829 3092 3899 iniquitatem.
3120 3828 3239 3897 Quo
3267 3839 3471 3885 contra
3510 3832 3695 3888 mollis
3721 3841 3769 3885 et

2170 3918 2401 3994 distorta
2426 3927 2511 3974 est
2535 3920 2684 3990 virga
2711 3918 3072 3988 quorumdam
3108 3919 3164 3974 in
3191 3920 3433 3976 Ecclesia
3460 3924 3768 3994 praeposita

2169 4025 2312 4075 rum,
2342 4010 2453 4080 ipsa
2477 4007 2702 4078 justitia
2728 4009 3072 4080 permutatio.
3118 4010 3255 4064 Dum
3297 4011 3449 4064 enim
3493 4012 3770 4082 aqualiter

2173 4117 2305 4174 grex
2327 4110 2622 4172 pastorque
2636 4111 2846 4172 peccat,
2869 4109 2925 4156 et
2947 4109 3126 4156 tamen
3140 4101 3233 4171 qui
3252 4102 3407 4172 prius
3428 4113 3525 4158 est
3545 4104 3770 4159 molliter

2171 4193 2493 4262 delinquens
2504 4209 2563 4248 se
2577 4192 2782 4262 palpat,
2796 4193 3044 4248 subditos
3055 4208 3188 4250 vero
3200 4195 3492 4264 temporali
3511 4199 3773 4266 panitet)-

2173 4285 2246 4342 tia
2267 4285 2507 4354 graviter
2526 4293 2842 4356 exaggerat,
2863 4285 3079 4341 mollem
3099 4286 3286 4356 procul
3303 4287 3474 4343 dubio
3495 4299 3559 4345 et
3579 4290 3774 4347 ﬂexibi-

2172 4372 2279 4429 lem
2296 4375 2502 4446 virgam
2524 4382 2722 4444 portat.
2743 4374 2979 4431 Econtra
3002 4375 3262 4445 Dominus
3273 4377 3544 4434 admonet
3557 4380 3770 4437 dicens:

2176 4461 2358 4518 Nolite
2369 4463 2636 4535 judicare,
2657 4474 2706 4520 et
2737 4481 2842 4520 non
2859 4465 3232 4534 judicabimini
3252 4465 3473 4536 (Matth.
3503 4472 3632 4543 vn),
3654 4472 3772 4542 quis

2175 4557 2430 4612 videlicet
2455 4558 2736 4628 aqualiter
2749 4559 2980 4628 quisque
3000 4559 3253 4629 pralatus
3277 4560 3380 4615 sibi
3402 4569 3458 4616 et
3479 4566 3638 4635 gregi
3660 4565 3773 4618 sul»

481 4646 822 4699 auditoribus
850 4647 1058 4716 impleri
1099 4657 1394 4718 nequeunt.
1433 4649 1539 4704 alia
1579 4651 1726 4705 enim
1761 4627 1979 4707 luerunt
2017 4654 2072 4709 in
2100 4627 2318 4717 Diecw
2343 4662 2588 4717 parcere.
2618 4627 2781 4717 ειψιέ
2807 4627 3089 4718 ωρίιθιίίιετ
3116 4664 3174 4704 se
3205 4627 3629 4724 ευιιὲθειωῖκιαῖε
3663 4669 3772 4725 ινδ

485 4735 666 4790 Veteri
696 4735 1042 4794 Testamento
1072 4749 1339 4810 pracepta
1375 4742 1500 4796 vita
1539 4741 1854 4813 ﬁguranda,
1893 4744 1948 4799 id
1990 4755 2076 4801 est

483 4825 782 4880 carnalium
829 4826 1174 4882 victimarum
1217 4829 1522 4886 oblationes
1571 4849 1584 4885 :
1627 4832 1732 4887 alia
1775 4848 1906 4888 vero
1951 4836 2077 4891 vita

483 4917 822 4987 peragenda,
857 4918 999 4986 quod
1033 4918 1085 4971 in
1119 4920 1305 4974 decem
1335 4919 1470 4992 legis
1497 4922 1680 4977 verbis
1714 4923 1967 4994 impletur
1989 4924 2075 4981 lex

487 5022 517 5059 a
557 5007 921 5062 credentibus.
967 5008 1022 5061 In
1067 5010 1335 5066 mandatis
1368 5020 1548 5068 autem
1591 5014 1715 5069 vita
1759 5015 2071 5088 ﬁguranda,

481 5097 635 5169 juxta
665 5097 902 5154 litteram
927 5101 1144 5170 quidem
1170 5102 1532 5173 importabilis
1551 5114 1653 5170 est,
1680 5106 1773 5162 sed
1795 5107 1946 5178 juxta
1971 5109 2076 5179 spi-

489 5192 651 5246 ritum
691 5193 1092 5247 transcenditur
1135 5193 1240 5248 lex.
1270 5192 1424 5261 Quod
1452 5203 1632 5252 autem
1659 5195 1940 5261 Dominus,
1972 5200 2075 5254 hac

489 5283 699 5353 expleta
727 5284 1018 5348 sententia,
1050 5283 1125 5338 ita
1161 5284 1449 5345 concludit.
1483 5294 1542 5339 ut
1594 5287 1739 5340 dicat
1779 5287 1949 5344 donec
1985 5304 2076 5344 ve-

489 5374 678 5438 niam,
725 5375 981 5429 nimirutu
1027 5373 1263 5430 ostendit
1317 5390 1487 5444 usque
1558 5375 1625 5428 ad
1672 5377 2077 5436 instaurationis

491 5473 737 5534 tempora
759 5465 1058 5522 Ecclesiam
1091 5467 1191 5523 sub
1221 5465 1396 5537 gratia
1421 5481 1761 5536 permanere,
1786 5484 1852 5526 ac
1879 5486 2076 5541 nequa-

491 5568 654 5622 quam
684 5555 842 5624 juxta
871 5556 1212 5610 mendacium
1239 5553 1546 5612 Judaorum
1584 5557 1726 5614 ultra
1765 5576 1904 5618 onus
1945 5562 2077 5634 legis

493 5647 831 5701 credentium
861 5647 1102 5702 humeris
1133 5650 1437 5720 aggregari.

567 5733 635 5788 Et
665 5735 751 5804 qui
780 5736 954 5790 vicerit
985 5736 1254 5792 desideria
1287 5741 1468 5794 carnis
1509 5749 1564 5794 et
1607 5743 1907 5796 daemonum
1961 5753 2079 5800 ten-

494 5832 762 5882 tameuta.
787 5835 834 5878 et
861 5828 948 5887 qui
987 5829 1291 5883 custodierit
1317 5847 1478 5894 usque
1500 5832 1552 5886 in
1577 5832 1733 5887 linem
1759 5849 1915 5889 onera
1939 5853 2077 5904 mea,

2175 4756 2297 4812 gem
2321 4740 2481 4795 debet
2513 4740 2810 4810 corrigere.
2835 4740 2979 4795 Bene
3001 4749 3180 4796 autem
3208 4751 3398 4811 gentes
3419 4742 3472 4796 in
3497 4743 3774 4801 Christum

2175 4833 2480 4899 credentes,
2509 4833 2653 4888 vasis
2681 4840 3067 4903 comparantur
3092 4833 3369 4900 ﬁctilibus,
3413 4836 3548 4905 quia
3588 4838 3642 4893 in
3675 4838 3776 4893 fra-

2175 4925 2383 4997 gilitate
2410 4909 2594 4979 carnis
2621 4925 2932 4980 thesaurum
2961 4941 2990 4980 a
3024 4925 3239 4980 saculis
3262 4928 3653 4984 absconditum
3685 4932 3776 4985 hs-

2176 5015 2305 5070 bent
2340 5014 2696 5071 reconditum.
2745 5013 2882 5070 Hinc
2919 5013 3119 5071 Paulus
3154 5015 3324 5071 dicit:
3354 5015 3636 5073 Habemus
3671 5023 3774 5074 tlte-

2175 5120 2395 5158 saurum
2428 5105 2585 5158 istum
2623 5104 2678 5158 in
2709 5105 2844 5158 vasis
2881 5103 3132 5173 ﬁctilibus
3177 5103 3264 5177 (ΙΙ
3299 5103 3422 5159 Cor.
3471 5115 3577 5177 tv).
3622 5110 3775 5177 Quod

2177 5204 2360 5250 autem
2383 5210 2512 5249 vasa
2540 5204 2684 5250 tactu
2707 5195 2872 5265 virga
2892 5193 3163 5268 confringi
3185 5195 3461 5263 dicuntur,
3484 5201 3776 5271 dupliciter

2177 5296 2356 5359 potest
2385 5287 2634 5359 intelligi,
2676 5289 2799 5358 quia
2827 5289 3046 5358 quidam
3077 5291 3427 5361 dissipantur,
3467 5304 3532 5350 ut
3569 5296 3628 5350 in
3660 5312 3776 5350 rne-

2177 5380 2328 5436 lioris
2365 5381 2486 5436 vita
2527 5381 2760 5435 studium
2807 5391 3249 5438 commutentur:
3283 5384 3506 5453 quidam
3547 5403 3684 5442 vero
3721 5397 3778 5441 ut

2177 5471 2507 5527 aternaliter
2535 5481 2782 5542 pereant,
2817 5480 2982 5544 atque
3010 5474 3132 5530 ideo
3162 5490 3267 5528 una
3293 5475 3595 5546 eademque
3625 5482 3777 5549 virga

2181 5564 2322 5636 regit
2359 5564 2425 5620 ad
2468 5565 2634 5619 vitam
2676 5566 3088 5636 praordinatos,
3129 5567 3358 5624 destruit
3393 5579 3451 5625 et
3475 5571 3780 5643 confringit

2183 5657 2248 5711 ad
2277 5667 2506 5713 mortem
2534 5658 2830 5727 praescitos.
2862 5656 2998 5712 lliuc
3022 5667 3105 5713 est
3147 5661 3287 5728 quod
3331 5658 3628 5717 Jeremiam
3675 5664 3780 5719 Do-

2184 5747 2360 5802 minus
2388 5749 2453 5802 ad
2483 5749 2698 5803 domum
2732 5749 2877 5819 ﬁguli
2905 5750 2985 5805 ire
3004 5751 3178 5820 jubet,
3207 5752 3386 5824 ibique
3413 5769 3511 5810 vas
3540 5756 3780 5826 dissipa-

2184 5848 2298 5894 tum
2323 5850 2485 5905 atque
2520 5859 2548 5896 a
2578 5842 2739 5909 ﬁgulo
2775 5842 2828 5896 in
2864 5840 3058 5896 melius
3092 5843 3442 5902 reformatum
3477 5849 3786 5912 ostendm
