3974 6440
130 432 244 493 985

1068 428 1435 491 ΕΧΡΟΒΙΤΙΟ
1472 427 1540 486 ΙΝ
1577 418 2097 486 ΑΡοοΑιγΡειΝ.·
2120 460 2192 470 -
2214 426 2358 487 LIB.
2398 426 2437 485 1.

3310 428 3415 489 986
3480 474 3485 479 .

129 550 272 606 dicit
300 565 315 604 :
346 544 606 619 Nunquid
633 546 769 603 sicut
789 544 986 620 ﬁgulus
1010 547 1108 602 iste
1139 558 1246 602 non
1276 554 1455 617 potero
1477 541 1617 598 vobis
1643 539 1731 611 fa-
1757 540 1814 601 Α
1835 546 1991 608 parte
2041 536 2359 597 criminibus
2408 551 2703 609 mortuum,
2731 554 2798 598 ex
2841 548 2998 613 parte
3021 549 3203 600 autem
3230 542 3415 599 vivum
3492 562 3497 569 ν

130 656 276 703 cere,
302 644 490 692 domus
514 634 730 692 Israel?
753 638 882 692 dicit
913 637 1197 693 Dominus.
1233 636 1371 692 Hcce
1406 636 1540 691 sicut
1564 631 1733 687 futuat

131 733 188 784 in
215 744 379 784 manu
412 728 588 800 figuli,
621 729 698 784 sic
733 744 823 784 vos
854 730 911 784 in
949 746 1109 784 manu
1152 745 1267 784 mea
1297 727 1516 799 (Jerem.
1554 723 1730 797 xviii).

131 819 279 877 llinc
304 820 473 877 etiam
501 820 629 876 alibi
656 821 759 893 ipsi
789 821 954 894 ﬁgulo
988 821 1212 877 humani
1248 819 1462 890 generis
1494 817 1730 873 dicitur:

142 909 305 967 Verte
339 910 527 983 impios
570 922 619 967 et
664 928 769 968 non
815 923 969 968 erunt
1017 912 1201 985 (Prov.
1242 911 1327 982 ιι),
1368 910 1421 966 id
1465 917 1569 975 est,
1610 914 1736 979 post

129 1005 480 1061 eversionem
524 1018 630 1061 non
676 1004 851 1077 impii,
892 1005 985 1061 sed
1032 1004 1105 1075 pii
1154 1004 1570 1075 permanebunt.
1613 1002 1733 1068 Quo

128 1104 327 1150 contra
356 1093 484 1151 aiibi
515 1092 755 1151 dicitur:
788 1095 1032 1151 Destrues
1056 1093 1193 1161 illos,
1232 1104 1281 1150 et
1308 1111 1412 1151 non
1445 1091 1731 1163 redi/icabis

126 1201 223 1241 eos
253 1182 428 1257 (Psal.
458 1184 651 1258 κίνει).

214 1274 280 1332 ει
320 1276 457 1331 dabo
478 1275 559 1331 illi
578 1276 787 1333 stellam
818 1277 1158 1333 matutinum.
1201 1277 1306 1345 Qui
1353 1277 1505 1332 habet
1548 1291 1729 1330 aurem

126 1369 323 1425 audiat
348 1369 475 1441 quid
499 1367 735 1442 Spiritus
775 1372 917 1426 dicat
943 1369 1212 1426 Ecclesiis.
1255 1369 1481 1426 Stellam
1511 1368 1734 1424 matuti-

126 1475 264 1515 uam
292 1468 556 1533 quantum
582 1462 652 1518 ad
704 1462 969 1527 litteram,
1009 1462 1245 1535 appellat
1287 1461 1604 1526 luciferum,
1635 1459 1728 1530 qui

125 1551 323 1609 Oriens
351 1567 451 1609 suo
480 1560 606 1609 ortu
666 1553 906 1610 vicinum
966 1553 1096 1610 solis
1144 1553 1482 1608 demonstrat
1530 1551 1729 1605 adven-

127 1655 275 1702 tum.
307 1643 618 1718 Spiritualis
647 1647 801 1704 stella
827 1647 1099 1703 matutina
1120 1646 1368 1703 Christus
1390 1643 1728 1716 intelligitur,

123 1737 231 1808 qui
259 1752 488 1812 surgens
513 1755 544 1794 a
575 1740 806 1796 mortuis
830 1746 1080 1796 tenebras
1106 1740 1266 1811 hujus
1291 1738 1474 1795 smculi
1500 1736 1724 1809 fugavit,

1833 628 1992 686 bouis
2013 631 2269 703 operibus
2287 634 2545 690 ostendit.
2568 634 2790 691 Dicatur
2812 649 2947 708 ergo
2974 651 2990 691 :
3025 633 3230 692 Nomen
3255 635 3416 693 habes

1830 723 1972 794 quod
2015 724 2174 791 vivas,
2206 725 2297 780 sed
2344 737 2583 782 mortuus
2632 744 2706 784 es.
2764 728 2891 785 Acsi
2918 729 3243 785 diceretur:
3288 728 3415 790 Ideo
3446 734 3485 794 ί

1830 822 1887 870 te
1914 815 2101 871 vivere
2123 826 2303 889 putas,
2328 817 2454 887 quia
2492 817 2546 874 in
2594 819 2918 890 quibusdam
2954 819 3112 878 bonis
3158 821 3416 893 operibus

1829 909 2147 967 exercitium
2171 908 2357 966 habes.
2378 908 2483 966 Sed
2506 912 2744 978 attende,
2762 912 2888 984 quia
2911 911 3095 969 vivere
3114 928 3223 970 non
3244 899 3413 980 vales,

1812 1002 1877 1059 ‘si
1906 1001 2035 1057 vitia
2057 1001 2435 1073 praevaluerint
2455 1001 2772 1071 virtutibus,
2797 1004 2997 1075 quibus
3032 1004 3220 1061 vivere
3264 1005 3417 1061 vide-
3478 1011 3483 1015 ’

1828 1094 1997 1152 beris.
2030 1094 2167 1152 Sunt
2194 1097 2335 1153 cnim
2364 1097 2626 1167 nonnulli,
2643 1101 2735 1171 qui
2757 1099 3414 1173 eleemosynisiusistunt,

1829 1204 2128 1262 pauperum
2155 1207 2341 1249 curam
2383 1203 2596 1265 gerunt,
2638 1195 2733 1252 sed
2771 1194 2874 1266 ipsi
2904 1209 2936 1251 a
2983 1196 3171 1267 rapina
3220 1210 3417 1252 manus

1828 1299 1939 1339 non
1965 1293 2235 1341 coercent.
2275 1284 2526 1341 Nonnulli
2568 1296 2746 1343 autem
2793 1286 3257 1359 eleemosynarum
3306 1286 3416 1343 lar-
3488 1298 3493 1307 ‘

1829 1375 1982 1447 gitati
2016 1376 2334 1443 inserviunt,
2362 1387 2415 1433 et
2447 1394 2478 1433 a
2510 1379 2699 1451 rapina
2729 1394 2925 1435 manus
2951 1386 3229 1444 coercent,
3251 1388 3416 1450 atque

1829 1467 1899 1522 ab
1950 1467 2201 1523 adulterii
2247 1469 2646 1539 perpetratione
2697 1483 2758 1524 se
2816 1470 3116 1536 cohibent,
3171 1468 3267 1525 sed
3318 1468 3416 1524 ira:

1829 1569 1991 1629 atque
2043 1559 2261 1615 invidiae
2304 1560 2539 1617 stimulis
2585 1561 2808 1633 agitati,
2838 1562 3195 1634 quorumdam
3246 1561 3416 1617 vitam

1828 1652 2171 1724 exstinguere
2195 1662 2462 1722 qurcruut.
2496 1653 2589 1709 Sic
2613 1668 2831 1724 quoque
2856 1653 2913 1709 in
2943 1654 3235 1721 similibus,
3276 1653 3406 1709 dum
3482 1658 3485 1661 ’

1830 1744 1963 1799 sein
1994 1744 2316 1814 quibusdam
2345 1744 2503 1800 bonis
2541 1745 2800 1816 operibus
2825 1746 3009 1801 vivere
3032 1754 3253 1816 putant,
3283 1759 3413 1800 uno-

125 1839 191 1887 et
222 1832 343 1888 luce
370 1832 492 1888 ﬁdei
527 1840 701 1889 tctum
743 1833 971 1905 replevit
1006 1833 1289 1898 mundum,
1316 1840 1373 1887 et
1407 1829 1615 1901 fulgore
1643 1829 1726 1885 sui
1757 1836 2071 1908 _‘quolibet
2116 1835 2359 1892 facinore
2405 1835 2557 1891 multi
2606 1836 2934 1892 moriuntur.
2986 1836 3063 1892 De
3090 1837 3289 1907 quibus
3314 1848 3418 1906 per

126 1923 360 1982 luminis
386 1924 714 1982 illuminavit
741 1903 990 1983 tenebras
1014 1935 1215 1983 nostra:
1243 1924 1609 1980 mortalitatis.
1648 1924 1727 1979 De
1756 1903 1802 1964 Β
1827 1903 2091 1986 iambum
2112 1927 2308 1985 dicitur
2337 1946 2351 1983 :
2385 1928 2693 2000 Quicunque
2734 1928 3009 1984 servaverit
3038 1903 3197 1981 totum
3226 1903 3414 1997 legem,

128 2018 242 2074 hac
268 2015 422 2072 stella
461 2015 659 2073 Petrus
710 2017 961 2074 ﬁdelibus
1005 2018 1138 2073 dicit
1176 2035 1191 2070 :
1225 2016 1401 2071 Donec
1447 2016 1557 2081 dies
1606 2015 1727 2070 illu-

128 2112 408 2169 ceseat,et
429 2101 618 2172 iucifer
630 2104 836 2157 oriatur
853 2104 908 2156 in
926 2103 1171 2158 cordibus
1194 2103 1372 2157 vestris
1394 2101 1478 2173 (11
1498 2100 1642 2156 Petr.
1662 2104 1723 2172 ι).

131 2191 277 2249 Nam
298 2194 353 2248 in
383 2191 668 2264 Scriptura
697 2207 855 2249 sacra
883 2208 1005 2249 eum
1032 2191 1287 2264 singulari
1323 2207 1550 2247 numero
1573 2191 1726 2252 stella

133 2286 406 2342 matutina
435 2285 676 2357 ponitur,
697 2300 797 2355 per
817 2284 959 2340 hanc
980 2286 1143 2340 homo
1168 2284 1415 2345 Christus
1445 2290 1724 2361 ﬁguratur.

129 2376 274 2434 Cum
302 2390 436 2433 vero
477 2375 764 2448 pluraliter
797 2384 944 2438 astra
989 2384 1259 2437 matutina
1306 2383 1727 2448 interseruntur,

131 2466 397 2541 angelica:
427 2472 703 2527 creaturae~
722 2473 1093 2544 designantur.
1138 2472 1293 2529 Unde
1317 2483 1401 2529 est
1432 2492 1444 2528 :
1477 2471 1610 2528 Cum
1648 2489 1731 2528 me

132 2560 421 2620 laudarem
456 2563 616 2620 simul
659 2574 803 2619 astra
832 2563 1092 2619 matutina
1138 2563 1278 2637 (Job.
1319 2567 1568 2638 xxxvm).
1622 2563 1730 2620 Sed

138 2665 199 2713 et
225 2671 353 2713 cum
382 2654 702 2727 simpliciter
723 2670 788 2710 ac
810 2653 927 2710 sine
950 2653 1315 2709 additamenta
1337 2654 1505 2710 stella:
1527 2669 1733 2726 ponun-

142 2758 266 2815 tur,
294 2750 546 2804 doctores
580 2743 839 2802 Ecclesia:
877 2758 1265 2813 nonnunquam
1305 2745 1726 2815 exprimuntur;

142 2841 289 2897 unde
315 2847 398 2896 est
428 2858 441 2894 :
475 2838 581 2907 Qui
628 2837 767 2893 docti
811 2836 1007 2907 fuerint
1057 2835 1327 2908 fulgebunt
1380 2837 1519 2893 sicut
1563 2836 1732 2892 stella:

143 2934 466 3005 firmamenti
511 2930 688 3004 (Dan.
742 2929 877 3001 xu).
928 2927 1180 2985 Christus
1240 2928 1424 2999 itaque
1466 2945 1733 3000 apparens

142 3026 304 3083 vivus
326 3032 451 3095 post
475 3032 707 3079 mortem
737 3020 1005 3077 matutina
1028 3021 1187 3076 nobis
1223 3020 1377 3076 stella
1412 3018 1589 3076 factus
1627 3029 1731 3086 est,

146 3117 275 3187 quia
301 3116 428 3171 dum
457 3114 515 3169 in
543 3113 838 3183 semetipso
861 3111 1168 3184 exemplum
1197 3111 1354 3167 nobis
1381 3110 1735 3167 resurrectio-

146 3207 236 3263 nis
259 3205 507 3276 prccbuit,
538 3219 658 3275 qua:
696 3202 788 3259 lux
823 3210 1145 3273 sequeretur
1190 3201 1469 3258 indicavit.
1506 3200 1731 3257 Stellam

149 3304 282 3372 ergo
322 3298 645 3355 matutinum
689 3296 1030 3353 vincentibus
1076 3310 1137 3351 se
1176 3296 1310 3351 dare
1345 3292 1650 3364 proﬁtetur,
1680 3294 1733 3349 id

1827 2020 2059 2090 oﬁ‘endat
2082 2028 2257 2074 autem
2276 2020 2331 2074 in
2350 2036 2479 2083 uno,
2493 2018 2666 2088 factus
2685 2028 2762 2074 est
2775 2018 3008 2074 omnium
3025 2033 3144 2072 reus
3168 2015 3310 2089 (Jac.
3326 2015 3410 2087 tt).

1825 2112 1907 2166 Ad
1932 2125 2163 2182 quorum
2195 2125 2504 2181 personam,
2541 2109 2793 2165 videlicet
2832 2106 3065 2177 benigna
3110 2106 3416 2163 exhortatio

1830 2204 2100 2282 dirigitur,
2132 2220 2236 2280 qua
2270 2203 2505 2265 dicitur:
2535 2201 2665 2262 Esto
2702 2200 2925 2264 vigilans
2950 2209 2998 2260 et
3028 2200 3283 2275 conﬁrma
3312 2215 3415 2259 ca!-

1831 2310 1942 2355 tera
1981 2317 2098 2371 qua:
2140 2301 2397 2354 moritura
2438 2308 2606 2364 erant,
2655 2298 2766 2353 acsi
2816 2297 3089 2353 diceretur
3117 2312 3130 2349 :
3157 2295 3215 2350 Si
3245 2295 3327 2350 vis
3354 2301 3417 2350 ut

1814 2394 1886 2452 in
1905 2396 2011 2452 illis
2033 2412 2153 2467 quae
2184 2396 2323 2453 bene
2348 2395 2564 2468 gessisti
2589 2395 2744 2450 vivas
2761 2434 2776 2460 ,
2798 2394 2868 2449 ab
2893 2393 2958 2449 iis
2980 2407 3100 2462 quas
3128 2390 3270 2447 male
3295 2404 3419 2462 ges-

1832 2490 1949 2546 sisti
1974 2506 2072 2561 per
2099 2488 2472 2561 paenitentiam
2494 2485 2708 2557 evigila,
2728 2485 2855 2557 quia
2882 2484 2928 2541 si
2958 2485 3012 2539 in
3040 2483 3147 2538 illis
3170 2489 3418 2537 mortuus

1830 2595 2136 2654 permanes,
2170 2581 2225 2636 in
2258 2580 2375 2635 istis
2409 2577 2719 2634 nullatenus
2749 2576 2918 2633 vives.
2950 2573 3090 2631 Hine
3126 2572 3415 2629 Psalmista

1833 2678 2089 2733 admonet
2116 2676 2302 2732 dicens
2333 2689 2348 2729 :
2381 2672 2602 2728 Declina
2622 2690 2654 2727 a
2683 2668 2824 2725 malo
2844 2677 2893 2724 et
2919 2668 3005 2738 fac
3026 2667 3217 2722 bonum
3241 2662 3416 2739 (Psal.

1831 2768 2042 2837 xxxvi).
2078 2765 2215 2822 Nam
2244 2775 2301 2821 et
2332 2764 2386 2819 in
2411 2763 2516 2819 hoc
2541 2761 2685 2835 quod
2733 2761 2954 2825 dicitur,
3002 2755 3265 2814 conﬁrma
3313 2740 3419 2810 ἐω-

1834 2869 1948 2916 tcra
1982 2874 2101 2931 quae
2125 2857 2393 2914 moritura
2423 2864 2601 2920 erant,
2629 2852 2936 2909 ostenditur
2962 2851 3089 2922 quia
3125 2849 3169 2904 si
3220 2863 3248 2902 a
3288 2861 3420 2918 pec-
3494 2845 3499 2849 ’

1834 2952 1941 3009 cati
1966 2965 2157 3006 somno
2180 2963 2280 3020 per
2305 2945 2640 3017 paenitentiae
2674 2943 2972 2999 lamentum
3009 2939 3251 3011 perfecte
3295 2936 3420 3007 quis

1833 3042 2073 3114 evigilat,
2103 3054 2207 3095 nec
2240 3037 2329 3094 illa
2378 3051 2497 3107 qua:
2545 3035 2709 3091 etiam
2754 3040 3002 3089 mortuus
3045 3031 3187 3086 bene
3214 3027 3416 3099 gessit,

1833 3141 1957 3203 post
1981 3115 2171 3187 vivens
2197 3143 2363 3200 opera
2394 3126 2615 3191 amittit,
2649 3131 2813 3194 atque
2850 3122 2972 3178 ideo
3017 3119 3110 3175 illa
3158 3116 3418 3181 viviﬁcat,

1837 3222 1979 3294 quod
2006 3221 2119 3292 ipse
2145 3236 2175 3275 a
2201 3218 2411 3289 peccati
2436 3231 2626 3272 somno
2639 3211 2879 3285 evigilat.
2898 3211 2992 3267 Sic
3010 3210 3156 3266 enim
3182 3207 3381 3263 dicitur
3403 3221 3417 3260 :

1839 3312 1968 3368 Esto
2026 3308 2287 3382 vigilans,
2342 3316 2392 3363 et
2447 3304 2703 3375 conﬁrma
2759 3312 2950 3358 cratera
2991 3315 3109 3372 quae
3161 3297 3419 3352 moritura

148 3400 236 3448 est
293 3391 646 3460 semetipsum
686 3397 743 3445 et
792 3386 1017 3461 gloriam
1064 3384 1261 3443 futura:
1296 3385 1729 3445 resurrectionis.
1836 3414 2007 3472 erant,
2033 3414 2293 3473 tanquam
2324 3401 2636 3457 dicerem“
2669 3395 2727 3452 Si
2763 3411 2832 3451 εχ
2868 3409 2933 3450 ea
2960 3400 3115 3466 parte
3140 3405 3246 3463 qua
3271 3401 3419 3445 ιηοιι.

152 3482 305 3553 Quod
324 3480 460 3539 tunc
488 3481 826 3554 implebitur,
868 3479 1086 3552 quando
1127 3479 1219 3551 qui
1269 3479 1323 3535 in
1371 3479 1733 3535 monumentis

1837 3506 1962 3553 tuus
1989 3511 2068 3561 es,
2092 3492 2392 3558 reviviscis,
2420 3499 2617 3546 caetera
2644 3503 2764 3560 quae
2787 3487 2966 3543 adhuc
3007 3485 3064 3541 in
3111 3491 3167 3539 te
3211 3483 3419 3552 vigent,

152 3584 279 3633 sunt
296 3574 511 3631 audient
540 3591 717 3631 vocem
741 3572 869 3629 Filii
890 3572 1008 3643 Dei,
1037 3581 1094 3629 et
1121 3572 1509 3644 conﬁguratum
1529 3572 1733 3643 corpori

1836 3605 1906 3645 ue
1925 3587 2233 3645 moriantur
2255 3584 2538 3643 conﬁrma.
2579 3582 2813 3638 Possunt
2841 3587 2898 3637 et
2922 3579 3042 3635 hac
3073 3577 3233 3633 aliter
3258 3571 3420 3630 intel-

153 3669 409 3726 claritatis
450 3684 582 3733 sure,
626 3683 822 3751 porpus
851 3665 1163 3721 humilitatis
1202 3675 1396 3721 nostra:
1431 3663 1735 3735 reformabit
1838 3681 1950 3754 138i.
1977 3681 2119 3737 sum
2145 3679 2292 3736 enim
2321 3676 2472 3733 mum
2507 3675 2601 3747 qui
2647 3674 2819 3731 vitam
2874 3672 2943 3729 ab
2990 3669 3139 3728 omni
3195 3664 3422 3723 crimine

152 3755 1545 3834 (Mattlm;Phil.ut).Mortalitatisetenimtenebris
1561 3769 1738 3810 resur-
1839 3774 2171 3839 custodiam,
2221 3768 2515 3826 γίτιυιίδιιε
2566 3766 2729 3824 etiam
2785 3765 3048 3831 servium,
3099 3761 3194 3818 sed
3241 3767 3424 3814 tamen

154 3850 398 3906 rectione
418 3845 655 3916 fulgente
682 3846 972 3915 depressis,
996 3846 1154 3915 quasi
1188 3844 1407 3915 quidam
1430 3845 1621 3901 lucifer
1642 3860 1733 3914 ap-

1840 3864 2133 3917 humanam
2171 3858 2384 3914 laudem
2431 3856 2733 3927 requirunt.
2774 3854 3009 3923 ideoque
3038 3850 3165 3922 quia
3195 3848 3429 3903 intentio

152 3938 389 4011 parebit,
403 3951 522 4008 quae
533 3934 830 4007 perfectum
843 3933 1162 3990 aeternitatis
1172 3935 1381 3991 diemde
1393 3934 1733 4001 monstrabit.

773 4025 1001 4084 CAPUT
1037 4025 1124 4083 Ill.

1842 3962 1991 4011 recta
2017 3968 2126 4007 non
2151 3950 2411 4023 praecedit
2430 3949 2483 4005 in
2511 3946 2861 4018 cogitatione,
2892 3956 3123 4016 pravum
3147 3948 3233 3995 est
3261 3951 3423 3993 omne

1841 4059 1976 4084 nnnc
2007 4043 2148 4084 nnan
2174 4040 2416 4084 minuitur
2444 4039 2497 4084 in
2521 4035 2850 4084 ostensione.
2876 4033 2977 4084 Per
3000 4034 3104 4084 hoc
3130 4042 3259 4084 erm
3281 4029 3423 4084 (111οά

231 4122 301 4179 Et
322 4121 506 4194 angelo
536 4120 729 4178 Sardis
751 4117 1004 4175 Ecclesia
1030 4120 1218 4181 scribe.
1243 4118 1450 4185 Sardis,
1475 4129 1534 4175 ut
1579 4132 1743 4189 supra

159 4222 361 4278 dictum
399 4227 508 4285 est,
571 4216 963 4286 interpretatur
1010 4213 1241 4285 principi
1284 4212 1742 4285 pulchritudinis,

158 4320 281 4383 apta
307 4310 564 4366 subaudis
582 4316 744 4379 atque
762 4314 973 4363 ornata.
1000 4305 1068 4361 Et
1089 4306 1180 4361 hic
1197 4319 1413 4376 quoque
1433 4304 1742 4371 dicendum,

157 4404 285 4476 quia
320 4403 461 4458 sicut
489 4399 735 4472 superius
761 4412 829 4455 ex
868 4396 1164 4453 abundanti
1200 4394 1576 4464 disseruimus,
1600 4396 1745 4467 quod

155 4494 252 4567 uni
276 4493 517 4550 ecclesia:
540 4492 756 4560 dicitur,
779 4490 967 4562 utique
986 4489 1236 4545 omnibus
1256 4489 1529 4546 convenit.

230 4586 363 4644 Haec
396 4587 548 4653 dicit,
569 4585 659 4657 qui
687 4584 841 4640 habet
862 4597 1056 4655 septem
1078 4582 1294 4655 spiritus
1323 4582 1419 4637 Dei
1463 4590 1514 4637 et
1549 4589 1743 4653 septem

156 4678 358 4737 stellas.
398 4644 696 4731 Filiu’s'Dei
743 4644 950 4745 septem
1004 4644 1170 4729 habet
1217 4672 1461 4744 spiritus,
1494 4644 1823 4730 videlicetD

98 4784 109 4793 '
154 4768 526 4844 septifdrmem
552 4771 801 4842 spiritum
826 4768 1089 4840 :equalem
1116 4767 1220 4823 sibi
1249 4768 1305 4822 in
1347 4776 1540 4823 natura
1563 4768 1742 4823 unita-

156 4865 261 4931 tis;
294 4863 435 4918 unde
478 4858 649 4918 lsaias
682 4860 819 4934 (cap.
846 4858 927 4932 ιι)
959 4878 973 4915 :
1002 4859 1315 4932 Requiescit,
1342 4859 1555 4930 inquit,
1586 4875 1743 4930 super

155 4954 415 5012 humilem
444 4954 658 5026 spiritus
680 4953 913 5020 Domini,
935 4953 1152 5024 spiritus
1174 4954 1446 5025 sapientia
1464 4962 1513 5007 et
1538 4951 1742 5008 intelle-

154 5060 294 5106 ctus.
335 5046 511 5104 Habet
544 5061 759 5120 quoque
784 5053 989 5116 septem
1017 5044 1223 5111 stellas,
1254 5045 1309 5101 id
1354 5053 1438 5101 est
1488 5043 1742 5116 septifor-

154 5134 299 5196 mem
330 5138 591 5212 Spiritum
627 5148 897 5206 sanctum,
930 5147 1191 5209 tanquam
1217 5137 1468 5193 ancillam
1493 5138 1547 5193 in
1577 5137 1744 5194 ditio-

1841 4059 1977 4116 Opus
2007 4043 2149 4113 quod
2174 4040 2416 4110 sequitur
2444 4039 2498 4093 in
2521 4035 2851 4093 ostensione.
2876 4033 2977 4089 Per
3000 4034 3104 4088 hoc
3130 4042 3259 4101 ergo
3281 4029 3424 4098 quod

1842 4132 2086 4190 exterius
2119 4130 2362 4202 procedit
2404 4128 2459 4183 in
2504 4126 2799 4199 publicum,
2830 4123 2939 4179 vivi
2990 4121 3132 4193 apud
3177 4118 3426 4175 homines

1844 4223 2201 4279 arbitrantur.
2225 4218 2457 4288 Ideoque
2478 4230 2676 4272 nomen
2700 4215 2901 4271 habent
2925 4212 3069 4284 quod
3092 4211 3296 4266 vivant.
3319 4206 3426 4263 Per

1844 4315 1950 4370 hoc
1977 4322 2159 4367 autem
2198 4309 2341 4381 quod
2375 4308 2509 4364 latet
2542 4306 2801 4372 interius,
2831 4304 2971 4376 apud
3011 4302 3187 4359 Deum
3225 4296 3422 4354 mortui

1844 4405 2191 4475 deputantur.
2240 4399 2398 4457 Unde
2447 4398 2534 4470 pia
2580 4396 2877 4452 admonitio
2915 4391 3272 4456 subiufertur,
3318 4401 3425 4459 qua
3496 4396 3501 4401 '

1845 4498 2044 4554 dicitur
2073 4514 2087 4551 :
2122 4492 2251 4549 Esto
2278 4493 2497 4566 vigilum
2538 4501 2587 4546 et
2617 4489 2872 4560 conﬁrma
2917 4496 3107 4543 cratera
3153 4499 3271 4557 qua
3307 4497 3425 4536 mos

1846 4591 2016 4645 ritura
2042 4597 2212 4653 erant,
2262 4585 2375 4641 acsi
2413 4585 2691 4640 diceretur
2722 4600 2737 4637 :
2766 4581 2825 4638 Si
2849 4580 2932 4637 vis
2967 4580 3170 4643 vivere,
3200 4589 3333 4632 cave
3361 4588 3427 4629 ne
3482 4636 3483 4639 η

1846 4681 2060 4737 laudem
2092 4679 2160 4735 ab
2180 4675 2492 4733 hominibus
2519 4673 2787 4744 requiras,
2814 4686 2884 4726 ne
2911 4667 3265 4725 intentionem
3300 4677 3428 4735 ope-

1849 4775 1927 4829 ris
1952 4772 2117 4829 elatio
2157 4770 2313 4824 vitiet
2340 4765 2562 4823 favoris.
2593 4763 2729 4820 Hinc
2774 4764 2830 4818 in
2853 4760 3145 4833 Evangelio
3178 4757 3378 4814 dicitur
3412 4795 3424 4809 .
3478 4774 3483 4779 ’

1848 4862 2112 4921 Attendite
2132 4877 2195 4916 ne
2207 4859 2472 4932 justitiam
2497 4866 2717 4911 vestram
2741 4853 2950 4925 faciatis
2996 4864 3174 4906 coram
3209 4845 3432 4901 homini-

1849 4955 1943 5011 bus
1974 4951 2187 5027 (Matth.
2210 4948 2311 5021 vi).
2343 4945 2467 5003 Non
2503 4949 2639 5001 enim
2686 4944 2890 5000 invenio
2937 4956 3093 5013 opera
3131 4947 3223 4993 tua
3274 4934 3428 5007 plena

1850 5063 2029 5103 coram
2068 5044 2179 5100 Deo
2200 5060 2335 5098 meo.
2371 5038 2519 5097 Illius
2547 5053 2713 5111 opera
2753 5036 2909 5109 plena
2939 5049 3045 5090 non
3081 5039 3209 5088 sunt
3244 5043 3428 5087 coram

1850 5135 1983 5202 Deo,
2011 5118 2104 5206 qui
2131 5133 2362 5188 virtutes
2384 5129 2488 5186 sibi
2518 5145 2547 5184 a
2576 5126 2806 5184 Domino
2832 5125 2987 5180 datas
3012 5121 3164 5178 vitiis
3186 5132 3430 5179 comma-

152 5246 228 5286 ne
258 5230 560 5302 potestatis.
577 5227 643 5286 Et
664 5231 801 5287 bene
824 5245 948 5286 cum
976 5229 1138 5285 unius
1159 5226 1565 5286 sitsubstantite
1576 5228 1746 5285 Filius
1849 5229 2017 5296 eulat,
2044 5227 2129 5283 vel
2152 5225 2244 5298 qui
2274 5225 2340 5281 de
2365 5224 2524 5280 bonis
2545 5237 2666 5293 quae
2693 5227 2952 5292 operatur
2979 5215 3220 5274 exterius
3237 5214 3432 5269 huma-

154 5324 255 5380 Dei
296 5339 419 5379 cum
462 5318 628 5379 Patre
670 5331 726 5379 et
772 5321 1011 5393 Spiritus
1054 5330 1264 5388 sancto,
1296 5321 1499 5377 habere
1544 5319 1746 5376 dicitur
1849 5339 1978 5380 nam
2008 5320 2235 5393 gloriam
2260 5333 2360 5392 per
2387 5317 2676 5374 elationem
2706 5312 2920 5385 quaerit.
2975 5310 3116 5367 Hinc
3168 5307 3224 5363 in
3253 5306 3429 5362 Evan-

155 5413 526 5486 septiformem
558 5408 842 5485 Spiritum,
872 5413 998 5484 quia
1044 5414 1222 5469 omnis
1274 5413 1448 5484 gratia
1500 5410 1743 5482 ejusdem
1848 5414 1989 5488 gelio
2026 5412 2264 5468 dicitur:
2294 5407 2353 5465 Si
2401 5405 2584 5463 oculus
2623 5415 2745 5461 tuus
2790 5401 2949 5475 fuerit
2990 5397 3231 5472 simplex,
3262 5406 3429 5452 totum

155 5506 397 5581 Spiritus
419 5502 521 5580 per
540 5507 818 5565 Christum
850 5507 1198 5563 credentibus
1224 5505 1499 5563 tribuitur.
1849 5522 2038 5578 corpus
2058 5514 2208 5559 tuum
2236 5501 2469 5557 lucidum
2491 5500 2590 5555 erit
2611 5495 2825 5571 (Matth.
2854 5495 2952 5569 vi).
3006 5493 3065 5550 Si
3107 5500 3289 5548 autem
3308 5504 3433 5581 .ne-

232 5598 356 5657 Scio
383 5564 540 5672 opera
563 5591 683 5665 tua,
706 5599 831 5671 quia
856 5615 1041 5653 nomen
1066 5599 1222 5654 habes
1262 5598 1401 5672 quod
1441 5598 1611 5666 vivas,’
1646 5599 1745 5656 sed
1848 5564 2012 5669 quam
2042 5593 2228 5659 fuerit,
2253 5593 2418 5648 etiam
2469 5564 2668 5660 corpus
2710 5596 2862 5641 tuum
2904 5564 3249 5640 tenebrosum
3301 5564 3427 5636 erit.

149 5702 397 5749 mortuus
434 5708 508 5747 es.
561 5690 689 5746 Esto
741 5689 983 5762 vigilans,
1031 5699 1080 5744 et
1118 5690 1370 5760 conﬁrma
1406 5701 1595 5746 cratera
1626 5708 1746 5763 quia
1847 5690 2055 5747 Cuncta
2090 5694 2271 5743 autem
2290 5685 2408 5740 haec
2435 5698 2556 5755 quae
2576 5684 2677 5737 sub
2701 5678 2899 5750 duplici
2922 5675 3199 5733 intellectu
3222 5675 3432 5730 discus-

152 5785 415 5839 moritura
442 5777 610 5838 erant.
642 5778 722 5838 Ex
773 5790 927 5853 parte
975 5781 1119 5836 hunc
1162 5781 1275 5853 jam
1328 5795 1619 5849 mortuum,
1675 5798 1744 5840 ex
1848 5783 2039 5846 simus,
2071 5785 2298 5850 possunt
2334 5770 2402 5830 de
2436 5774 2526 5830 his
2576 5771 2825 5842 intelligi,
2876 5770 2969 5841 qui
3007 5770 3124 5825 sine
3164 5767 3433 5823 charitate

150 5884 312 5951 parte
343 5888 474 5931 vero
498 5872 679 5932 adhuc
700 5873 883 5930 vivum
910 5887 1030 5930 esse
1056 5872 1416 5942 demonstrat,
1446 5874 1500 5932 id
1541 5883 1649 5944 est,
1673 5886 1742 5932 ex
1846 5874 2076 5930 virtutes
2099 5870 2339 5941 reliquas
2364 5867 2565 5924 habere
2589 5878 2648 5922 se
2681 5862 2910 5934 iactant.
2950 5858 3265 5918 Notandum’
3296 5870 3433 5920 vero
