3974 6456
600 404 705 473 987

1060 399 1414 459 HAVMONIS
1453 395 1933 473 HALBERSTAT.
1974 392 2193 467 EPISQ.
2230 391 2387 449 OPP.
2422 390 2605 451 PARS
2640 391 2683 449 l.
2722 422 2794 434 -—
2828 390 3185 451 COMMENT.
3223 390 3401 448 BIBL.

3803 394 3891 463 988

601 519 745 592 quod
772 519 1077 591 unigenitus
1110 516 1206 571 Dei
1235 515 1406 571 Filius
1434 530 1573 569 unus
1603 512 1816 571 scilicet
1841 527 1961 567 cum
2012 510 2175 567 Patre
2188 509 2254 585 ,Α
2282 507 2579 579 intelligere
2608 507 2885 567 debemus.
2937 507 3065 564 Ideo
3101 518 3286 564 autem
3323 507 3561 564 nomina
3600 507 3804 577 ponit,
3844 518 3892 568 ω

602 614 745 670 Deus
766 622 823 669 et
865 611 1067 681 Spiritu
1097 619 1310 674 sancto,
1341 610 1511 665 Deum
1560 622 1619 663 se
1660 607 1862 663 habere
1908 604 2039 659 dicit
2082 617 2178 674 per

598 705 1015 768 humanitatem,
1036 718 1199 773 quam
1222 719 1289 757 ex
1317 702 1473 761 nobis
1493 709 1654 770 atque
1674 716 1774 770 pro
1797 699 1948 781 nobis
1971 713 2181 753 assum-

598 795 726 867 psit,
776 796 1075 861 secundum
1132 810 1292 865 quam
1349 794 1513 848 etiam
1549 792 1822 847 clamabat
1880 791 1931 844 in
1974 804 2174 845 cruce:

597 884 740 940 Deus
762 901 930 949 meus,
954 883 1099 939 Deus
1126 901 1294 948 meus,
1318 901 1480 956 quare
1502 901 1581 937 me
1599 881 1923 953 dereliquisti
1951 880 1975 934 ?

667 977 736 1031 In
766 988 1078 1049 menteergo
1100 977 1239 1030 habe
1268 977 1493 1047 qualiter
1541 976 1798 1045 acceperis
1834 984 1881 1027 et
1918 973 2176 1029 audieris.

597 1068 726 1124 Haec
754 1069 1028 1124 sententia
1053 1067 1279 1136 singulis
1316 1065 1611 1138 superioris
1651 1050 2015 1136 intelligentiae
2044 1080 2178 1119 con-

597 1160 744 1230 gruit
770 1160 1020 1217 sensibus
1057 1177 1071 1213 :
1101 1167 1156 1214 et
1183 1158 1287 1215 illis
1311 1159 1455 1212 enim
1496 1166 1671 1227 potest
1705 1157 1873 1227 aptari
1897 1197 1910 1217 ,
1934 1156 2024 1225 qui
2054 1155 2180 1211 reli-

598 1252 720 1317 quis
743 1251 1033 1306 virtutibus
1055 1250 1256 1321 vigent,
1290 1251 1382 1304 sed
1414 1266 1518 1303 uno
1544 1248 1782 1302 facinore
1808 1247 2108 1311 tabescunt,
2128 1255 2184 1300 et

598 1337 703 1392 illis
724 1338 815 1407 qui
843 1339 1009 1392 vitam
1040 1338 1107 1394 ab
1131 1339 1276 1392 omni
1304 1338 1531 1392 crimine
1574 1339 1907 1401 custodiunt,
1932 1338 2025 1391 sed
2068 1337 2180 1405 glo-

597 1429 733 1483 riam
758 1429 1049 1487 humanam
1080 1430 1203 1484 inde
1237 1430 1538 1498 requirunt.
1570 1428 1675 1484 Sed
1712 1438 1767 1483 et
1799 1429 1903 1482 illis
1933 1429 2023 1497 qui
2064 1429 2180 1482 sine

596 1534 772 1581 matre
803 1524 1089 1590 virtutum,
1122 1533 1353 1595 quaeest
1387 1523 1645 1586 Charitas,
1676 1523 1803 1576 licet
1847 1521 2182 1591 operationis

597 1616 868 1688 genimina
904 1621 1150 1687 pareant,
1181 1630 1285 1668 non
1334 1622 1515 1668 tamen
1541 1615 1608 1668 ad
1637 1612 2026 1682 perfectionem
2059 1628 2183 1683 per-

582 1688 814 1777 :ducaut.
844 1708 1062 1762 Dicatur
1088 1723 1218 1775 ergo
1246 1725 1259 1760 :
1293 1705 1349 1760 In
1380 1714 1561 1761 mente
1598 1706 1736 1760 habe
1765 1706 2001 1775 qualiter
2026 1721 2181 1761 acce-

582 1800 742 1869 peris
772 1816 800 1853 a
828 1799 1029 1855 sanctis
1058 1799 1534 1869 praedicatoribus,
1561 1806 1615 1851 et
1638 1798 1873 1867 qualiter
1917 1796 2175 1861 audieris,

596 1889 717 1958 quia
743 1890 787 1944 si
817 1890 940 1959 quis
966 1899 1125 1942 totam
1152 1888 1315 1958 legem
1345 1890 1640 1953 servaverit,
1675 1885 1959 1942 offenderit
2006 1896 2181 1941 autem

594 1979 647 2033 in
669 1997 792 2044 uno,
810 1978 981 2047 factus
1005 1989 1079 2033 est
1103 1982 1337 2034 omnium
1359 1997 1475 2034 reus
1504 1978 1643 2051 (Jac,
1671 1978 1731 2050 ιι)
1760 1996 1773 2044 ;
1804 1978 1889 2033 vel
1917 1979 1969 2032 in
2001 1987 2180 2032 mente

592 2069 752 2137 habe,
768 2079 827 2125 ut
845 2087 1013 2141 prava
1034 2071 1263 2126 intentio
1285 2087 1392 2125 non
1421 2070 1692 2142 praecedat
1715 2070 1974 2137 virtutum
1993 2084 2174 2139 opera,

594 2162 797 2217 scilicet
831 2172 890 2217 ut
918 2163 1145 2234 gloriam
1177 2164 1425 2234 requiras
1455 2163 1778 2229 humanam,
1806 2162 1852 2216 si
1884 2162 1964 2217 vis
2010 2170 2069 2216 ut
2110 2160 2179 2215 ad

594 2256 896 2311 mercedem
934 2256 1306 2311 retributionis
1340 2258 1453 2326 ipsa
1483 2271 1647 2327 opera
1699 2255 2051 2325 perveniant,
2094 2252 2180 2307 vel

572 2347 648 2425 _in
714 2355 894 2403 mente
959 2346 1097 2402 habe
1160 2348 1395 2419 qualiter
1450 2349 1728 2418 acceperis
1787 2354 1842 2402 et
1899 2344 2176 2410 audieris,

592 2435 718 2507 quia
766 2438 811 2492 si
861 2438 1110 2493 omnibus
1151 2439 1443 2493 virtutibus
1506 2437 1888 2501 abundaveris,
1937 2436 2178 2491 Charita-

594 2535 702 2583 tetn
755 2536 936 2583 autem
992 2545 1101 2585 non
1154 2530 1434 2595 habueris,
1466 2529 1599 2584 nihil
1635 2545 1713 2584 es.
1752 2527 1902 2583 Unde
1931 2535 2017 2582 est
2048 2526 2180 2582 illud

591 2617 834 2689 Apostoli
892 2637 907 2674 :
974 2620 1034 2674 Si
1103 2619 1296 2690 linguis
1370 2620 1639 2674 hominum
1692 2618 1877 2688 loquar
1921 2626 1967 2673 et
2024 2632 2181 2687 ange-

593 2711 786 2777 lorum,
834 2711 1142 2766 charitatem
1181 2723 1355 2765 autent
1401 2729 1505 2765 non
1545 2711 1795 2773 habeam,
1841 2709 2011 2778 factus
2064 2725 2180 2762 sum

594 2802 726 2856 sicut
776 2820 848 2858 ars
885 2820 1079 2857 sonans
1108 2813 1198 2858 aut
1233 2802 1528 2873 cymbalum
1553 2803 1778 2855 ts'nniens
1802 2800 1851 2872 (Ι
1882 2800 2004 2853 Cor.
2036 2796 2178 2872 xui).

596 2891 663 2945 Et
690 2911 855 2949 serva.
883 2894 1124 2963 Qualiter
1150 2896 1420 2966 accepisti,
1453 2904 1507 2964 et
1537 2896 1733 2951 audisti
1756 2910 1786 2949 a
1810 2895 2011 2949 sanctis
2038 2908 2179 2963 prae-

595 2985 948 3041 dicatoribus.
975 2986 1042 3040 Et
1068 2988 1422 3058 paenitentiam
1447 3004 1560 3059 age.
1596 2987 1667 3042 Ut
1694 2996 1748 3057 et
1780 3001 1844 3041 ea
1889 3002 2008 3055 quae
2038 2984 2179 3039 male

592 3078 834 3143 sensisti,
858 3077 1217 3150 lacrymarum
1243 3080 1531 3153 gemitibus
1551 3079 1746 3143 diluas,
1763 3088 1818 3132 et
1844 3093 1963 3148 qua:
1988 3094 2016 3131 a
2041 3092 2180 3148 pra:-

592 3168 920 3239 dicatoribus
944 3170 1225 3239 accepisti,
1242 3185 1464 3239 cperunt
1489 3170 1835 3224 exsecutione
1858 3168 2175 3239 adimpleas.

2278 599 2531 655 ostendat
2557 614 2615 653 se
2645 614 2749 654 non
2780 598 2952 654 solum
2985 614 3307 665 numerum,
3328 600 3433 671 sed
3460 601 3653 654 etiam
3689 602 3888 659 nomina

2279 693 2419 748 scire
2446 692 2743 748 eleCtornm
2782 678 3035 759 suorum,
3085 694 3177 764 qui
3221 694 3440 765 Moysen
3481 693 3660 748 novit
3706 709 3775 748 ex
3811 710 3888 748 no-

2281 784 2446 849 mine,
2474 792 2529 838 et
2557 800 2777 839 suorum
2808 784 3000 840 scribit
3028 786 3079 840 in
3109 786 3249 841 cmlo
3282 787 3511 841 nomina
3549 796 3882 855 sanctorum,

2280 886 2340 931 ut
2365 878 2480 947 ipse
2506 877 2586 931 eis
2614 877 2784 931 dicit:
2817 874 3049 931 Gaudete
3076 879 3214 946 quod
3242 879 3456 931 nomina
3488 889 3685 933 vestra
3714 881 3882 949 scripta

2279 982 2398 1025 sunt
2428 971 2479 1026 in
2508 971 2633 1026 caelo
2664 971 2816 1037 (Luc.
2843 979 2919 1045 ιι).
2970 973 3150 1028 llabes
3185 990 3356 1045 pauca
3388 977 3637 1028 nomina
3660 1013 3679 1039 ,
3732 975 3784 1027 id
3820 986 3879 1029 es:

2279 1078 2478 1131 paucos
2507 1065 2754 1119 homines
2781 1065 3187 1135 comparatione
3222 1075 3565 1141 caete-rorem
3584 1105 3601 1126 ,
3662 1067 3875 1119 crimini

2280 1152 2383 1207 bus
2419 1164 2473 1207 et
2511 1156 2863 1210 itnntumlitite
2897 1157 3077 1211 carnis
3113 1156 3556 1211 deservieu'imn
3587 1200 3604 1220 ,
3661 1160 3752 1226 qui
3801 1174 3874 1208 at:

2280 1244 2680 1313 inquinaverunt
2742 1246 3044 1300 vestimenta
3094 1262 3212 1309 sua,
3255 1246 3356 1299 hoc
3414 1256 3501 1298 est
3556 1254 3774 1297 vestem
3809 1247 3875 1298 ha-

2280 1337 2568 1406 ptismatis,
2600 1347 2806 1392 vestem
2835 1336 3045 1392 scrlicet
3073 1337 3515 1391 immortalitatis
3554 1347 3729 1405 atque
3757 1338 3875 1390 int-o-

2281 1428 2490 1483 centim.
2546 1428 2808 1483 lsta‘sunt
2839 1428 3094 1483 nimirum
3125 1429 3456 1483 vestimenta
3480 1468 3496 1491 ,
3551 1430 3757 1496 quibus
3785 1429 3869 1482 dia-

2282 1518 2435 1573 bolus
2463 1520 2515 1572 in
2538 1520 2792 1589 paradiso
2819 1520 3053 1589 primum
3077 1520 3352 1577 hominem
3375 1519 3751 1591 exspoliavit,
3774 1536 3867 1573 cun

2281 1612 2384 1666 sibi
2432 1613 2575 1669 hunc
2621 1628 2719 1682 per
2759 1612 2967 1681 peccati
3020 1627 3346 1685 consensum
3393 1613 3640 1667 stravit.
3695 1613 3864 1677 Qailms

2282 1703 2620 1758 vestimentis
2657 1713 2785 1758 tunc
2831 1704 2994 1758 homo
3035 1714 3261 1759 ornatus
3309 1705 3539 1758 exstitit
3570 1744 3588 1766 .
3632 1720 3756 1759 cum
3797 1721 3866 1772 per

2283 1793 2713 1850 immolationem
2746 1797 2898 1849 vrtuli
2929 1797 3181 1865 saginati,
3207 1797 3397 1867 junior
3436 1797 3602 1851 [ilius
3641 1799 3773 1865 patri
3804 1811 3862 1851 n2-

2209 1869 2260 1933 Β
2288 1889 2625 1954 conciliatus,
2675 1890 2849 1959 prima
2886 1889 3022 1943 stola
3063 1905 3251 1945 rursus
3287 1889 3448 1942 indui
3505 1891 3731 1944 meruit.
3760 1889 3858 1942 Hi1:

2282 1981 2482 2037 Paulus
2506 1982 2669 2038 dicit:
2696 1980 2962 2037 Exuentes
2990 1992 3206 2036 veterem
3235 1982 3516 2036 hominem
3544 1999 3671 2035 cum
3698 1984 3855 2035 «cum

2281 2074 2415 2138 suis,
2447 2058 2492 2127 ct
2524 2073 2725 2126 induite
2760 2089 2876 2126 eum
2909 2071 2999 2142 qui
3028 2082 3307 2125 renovatur
3336 2073 3391 2125 in
3425 2073 3757 2141 agnitionem
3786 2070 3853 2121 Lai

2283 2162 2510 2236 (Coloss.
2538 2164 2645 2233 ιιι).
2678 2163 2769 2219 Ille
2800 2174 2981 2218 autem
3007 2163 3332 2219 vestimenta
3364 2180 3471 2217 sua
3502 2165 3753 2219 sordibus
3774 2178 3850 2217 eoa

2282 2257 2522 2327 intingit,
2553 2257 2645 2327 qui
2674 2266 2799 2326 post
2832 2256 3179 2326 baptismatis
3207 2265 3633 2312 sacramentum
3663 2256 3850 2310 mortale

2282 2351 2488 2405 crimen
2519 2364 2623 2403 non
2654 2349 2912 2403 admittit.
2940 2348 3044 2403 Sed
3074 2348 3198 2418 quia
3241 2349 3409 2417 pauci
3445 2350 3686 2417 suntqui
3716 2362 3746 2399 ε
3778 2362 3853 2400 αι-

2283 2441 2526 2513 gnitione
2567 2439 2813 2495 criminis
2859 2455 2918 2492 se
2962 2449 3082 2510 post
3126 2439 3470 2508 baptismum
3504 2436 3849 2492 imntaculatos

2247 2578 2253 2583 .
2282 2531 2608 2596 custodiant,
2625 2530 2828 2586 idcirco
2850 2531 3228 2599 praemittitur:
3254 2528 3447 2583 Habes
3472 2544 3633 2599 pauca
3650 2527 3849 2580 uomitu

2284 2627 2338 2680 in
2375 2624 2586 2689 Sardis,
2633 2625 2724 2693 qui
2771 2640 2879 2679 non
2928 2624 3359 2694 inqttinavernnt
3388 2623 3710 2679 vestimenta
3750 2635 3846 2673 sua.

2284 2716 2360 2771 De
2388 2716 2583 2786 quibus
2612 2715 2789 2770 adhuc
2818 2715 3065 2770 subditur
3100 2732 3112 2767 :
3162 2712 3230 2768 Et
3281 2712 3641 2768 ambulabunt
3684 2725 3845 2763 metu

2281 2807 2338 2861 in
2369 2806 2522 2872 albis,
2550 2807 2675 2877 quia
2713 2805 2860 2877 digni
2891 2816 3033 2859 sunt.
3071 2804 3139 2859 Et
3164 2804 3241 2859 illi
3272 2804 3647 2861 ambulabunt
3670 2818 3774 2857 cum
3798 2816 3846 2855 eo

2284 2900 2336 2954 in
2364 2900 2525 2965 albis,
2547 2900 2639 2970 qui
2667 2899 3033 2955 innocentiam
3061 2908 3116 2954 et
3140 2900 3507 2959 sanctitatem
3539 2899 3699 2963 illius,
3717 2912 3844 2966 quan-

2285 3000 2396 3046 tttm
2437 2990 2518 3049 eis
2556 3000 2641 3046 eSt
2678 2992 2968 3061 possibile,
3017 2992 3325 3053 imitantur.
3382 2991 3664 3046 Praecedit
3689 3001 3843 3060 quippe

2282 3082 2536 3139 Christus
2569 3084 2816 3155 exetnpla
2850 3084 3057 3149 dando,
3096 3092 3404 3153 sequuntur
3434 3084 3614 3143 electi
3652 3079 3841 3150 exeruph

2285 3174 2401 3244 ejus
2430 3175 2710 3232 imitando.
2751 3176 2900 3232 Unde
2928 3175 3120 3233 Petrus
3146 3192 3160 3232 :
3188 3175 3439 3233 Christus
3472 3194 3669 3245 passus
3692 3185 3754 3230 est
3773 3188 3841 3242 pro

663 3259 721 3315 Si
749 3277 871 3332 ergo
898 3278 1004 3327 non
1030 3262 1347 3333 vigilaveris,
1380 3264 1579 3317 veniam
1611 3263 1680 3316 ad
1709 3275 1757 3317 te
1783 3273 2033 3334 tanquam
2064 3261 2173 3330 fur,
2204 3242 2250 3305 C
2286 3268 2453 3331 nobis,
2486 3268 2625 3323 vobis
2658 3269 2950 3339 relinquens
2988 3268 3279 3339 exemplum
3311 3278 3372 3321 ut
3403 3254 3709 3339 sequamini
3733 3267 3841 3319 mti-

576 3361 639 3421 _et
675 3354 868 3407 nescies
903 3354 1119 3422 quando
1152 3356 1372 3410 veniam.
1419 3352 1618 3425 Vigilat
1652 3353 1765 3423 qui,
1788 3355 1855 3407 ad
1898 3361 2173 3421 aspectum

591 3442 811 3503 luminis
839 3442 1027 3515 divini,
1056 3444 1240 3498 oculos
1272 3446 1468 3500 mentis
1522 3455 1740 3515 apertos
1778 3454 1942 3499 tenet.
1980 3443 2178 3515 Vigilat

594 3537 687 3617 qui
716 3545 903 3592 servat
935 3538 1210 3608 operando
1239 3539 1381 3609 quod
1441 3540 1632 3595 credit.
1684 3539 1881 3612 Vigilat
1928 3540 2019 3611 qui
2054 3555 2082 3592 a
2119 3553 2179 3594 se

594 3626 832 3695 torporis
870 3626 1225 3698 negligentias
1264 3628 1495 3701 repellit.
1544 3629 1746 3701 Vigilat
1794 3633 1885 3701 qui
1934 3640 1989 3687 et
2033 3633 2175 3687 bona

596 3715 1023 3772 desiderabiliter
1048 3719 1327 3787 providet,
1359 3729 1413 3775 et
1449 3720 1587 3775 mala
1617 3721 1846 3777 solerter
1872 3736 2048 3777 cavet.
2078 3721 2174 3777 Vi-

595 3807 729 3879 gilat
778 3809 869 3879 qui
904 3825 971 3865 ex
1032 3810 1101 3867 iis
1131 3826 1249 3880 qua:
1278 3813 1423 3883 gerit
1461 3829 1565 3868 non
1601 3815 1891 3869 humanam
1925 3814 2171 3881 laudem,

598 3897 693 3953 sed
722 3899 817 3954 Dei
858 3899 1083 3971 gloriam
1123 3902 1369 3973 requirit.
1405 3901 1462 3958 Si
1487 3921 1608 3974 ergo
1644 3921 1744 3957 non
1772 3904 2082 3975 vigilaveris,
2117 3912 2177 3959 ut

595 3989 709 4046 solo
736 3991 1030 4047 conditoris
1057 4008 1242 4049 amore
1268 4003 1461 4049 cuncta
1485 4011 1729 4067 peragas,
1754 3996 1799 4051 si
1828 3996 2177 4068 negligentia-

596 4095 716 4134 rum
746 4089 992 4153 torpores
1023 4099 1054 4136 a
1086 4092 1136 4137 te
1166 4100 1272 4139 non
1311 4086 1636 4153 excusseris,
1682 4094 1844 4156 atque
1881 4089 2175 4143 adventum

594 4173 811 4243 superni
858 4170 1058 4243 judicis
1086 4177 1385 4248 praestolari
1415 4194 1521 4233 non
1549 4180 1839 4245 studueris,
1867 4180 2068 4236 veniam
2104 4180 2174 4234 ad

595 4274 642 4321 te
698 4273 948 4337 tanquam
1003 4268 1111 4337 fur,
1151 4268 1210 4324 id
1238 4280 1320 4325 est
1360 4272 1538 4327 subito
1582 4280 1637 4328 et
1680 4273 1971 4344 insperato.
2022 4272 2177 4329 Unde

596 4360 842 4438 sequitur
862 4360 964 4417 :Et
1006 4365 1202 4419 nescies
1228 4366 1438 4437 quando
1478 4368 1702 4422 veniam.
1736 4365 1890 4431 Sicut
1916 4368 2061 4424 enim
2090 4367 2177 4423 fur

594 4452 890 4522 improviso
912 4456 1234 4531 adveniens,
1278 4459 1621 4535 “dormientes
1648 4461 1895 4539 jugulat,
1939 4471 1995 4518 et
2033 4462 2175 4517 bona

595 4543 808 4599 illorum
840 4546 1179 4617 deprmdatur
1192 4565 1217 4609 λ
1259 4548 1339 4605 sic
1368 4550 1604 4606 caelestis
1625 4548 1795 4620 judcx
1821 4551 1903 4607 vel
1931 4552 2176 4621 quotidie

594 4634 901 4704 specialiter
926 4639 1251 4711 quibusdam
1288 4641 1536 4713 reprobis
1576 4643 1881 4714 insperatus
1908 4644 2170 4713 occurrit,

593 4742 793 4797 eosque
805 4745 837 4782 a
860 4727 1117 4789 felicitate
1129 4735 1411 4802 praesentis
1433 4734 1613 4791 saeculi
1640 4736 2038 4806 imptenitentes
2061 4739 2175 4792 ani-

595 4821 984 4891 madversionis
1025 4828 1291 4889 sententia
1330 4828 1585 4897 perimit:
1630 4827 1715 4883 vel
1759 4829 2173 4898 generaliterin

594 4910 680 4967 die
702 4910 893 4988 iudicii
921 4914 1024 4971 hoc
1053 4916 1294 4977 facturus
1319 4919 1671 4987 est,.quando
1705 4930 1926 4989 repente
1951 4922 2175 4977 veniens

593 5004 663 5059 ad
697 5004 998 5079 judicium,
1044 5023 1231 5067 omnes
1259 5009 1847 5079 reprobosdamnabit,
1876 5027 2175 5083 eorumque

592 5095 737 5159 facta
765 5097 1256 5173 uelutiottissiuius
1298 5102 1480 5171 praedo
1522 5103 1829 5174 disperdet,
1876 5106 2171 5167 secundum

594 5190 739 5260 quod
780 5191 837 5245 in
880 5192 1168 5265 Evangelio
1202 5193 1316 5265 ipse
1354 5196 1611 5265 loquitur,
1663 5182 1887 5263 dicens:
1916 5197 1987 5273 ,Si
2015 5201 2169 5253 sciret

593 5281 973 5351 paterfamilias
1000 5301 1105 5354 qua
1128 5285 1259 5347 hora
1288 5285 1375 5356 [ur
1398 5296 1642 5343 venturus
1658 5297 1810 5351 esset,
1827 5288 2060 5358 vigilaret
2078 5290 2173 5344 uti-

593 5390 715 5444 que,
733 5382 780 5427 et
804 5393 908 5431 non
931 5377 1120 5441 sineret
1141 5377 1346 5449 perfodi
1362 5378 1574 5435 domum
1594 5396 1743 5437 suam
1767 5378 1979 5449 (Matth.
2000 5382 2169 5453 χχιιι).

593 5461 662 5519 Et
687 5464 1022 5523 admonendo
1046 5466 1317 5536 subiunxit
1336 5482 1349 5521 :
1371 5466 1597 5539 Ideoque
1622 5479 1669 5521 et
1696 5486 1782 5525 vos
1805 5479 1963 5524 estate
1976 5473 2172 5542 parati,

594 5552 717 5624 quia
743 5555 951 5625 nescitis
972 5573 1076 5628 qua
1097 5558 1226 5611 hora
1244 5556 1416 5611 Filius
1428 5560 1652 5612 hominis
1668 5570 1913 5613 venturus
1927 5572 2000 5613 est
2017 5558 2171 5632 (1b.).

666 5640 770 5697 Sed
800 5644 954 5700 habes
987 5664 1154 5717 pauca
1192 5649 1401 5703 nomina
1442 5650 1494 5704 in
1527 5649 1713 5705 Sardis
1753 5651 1842 5718 qni
1872 5669 1971 5705 non
2003 5653 2174 5726 inqui-

2282 3361 2370 3432 gia
2396 3361 2509 3431 ejus
2534 3359 2585 3433 (Ι
2605 3358 2753 3414 Petr.
2772 3360 2854 3434 ιι).
2890 3360 3043 3428 Quod
3070 3372 3254 3417 autem
3281 3362 3576 3431 sequitur,
3600 3362 3718 3432 quia
3737 3356 3839 3429 (ﬁsi

2285 3460 2439 3517 sunt,
2476 3453 2820 3518 subauditur,
2852 3454 2978 3523 quia
3011 3453 3226 3519 mundi,
3254 3453 3342 3508 vel
3372 3454 3512 3523 quia
3548 3456 3603 3509 in
3631 3469 3691 3509 ea
3714 3450 3838 3520 digni

2286 3550 2396 3600 tate
2422 3545 2695 3615 condigni.
2730 3543 2835 3600 Sed
2868 3545 3111 3616 nunquid
3141 3544 3217 3600 illi
3246 3544 3594 3616 desperandi
3624 3542 3839 3611 summa

2283 3643 2405 3703 post
2447 3633 2774 3705 baptismum
2820 3634 3050 3690 maculis
3091 3634 3385 3690 criminum
3422 3636 3608 3690 vitam
3642 3634 3840 3702 coinqui-

2286 3727 2453 3781 nant?
2478 3724 2591 3782 Non
2613 3726 2820 3796 utique,
2842 3726 2968 3795 quia
2994 3735 3046 3781 et
3074 3725 3148 3781 illi
3174 3725 3218 3781 si
3239 3726 3639 3803 penitentiam
3661 3726 3839 3797 θεεηω.

2283 3817 2644 3887 lacrymarum
2692 3815 2906 3881 ﬂetibus
2969 3817 3164 3887 prioris
3212 3817 3337 3895 vitae
3407 3818 3668 3873 maculas
3711 3817 3833 3871 detu-

2278 3918 2437 3981 gunt,
2458 3910 2600 3981 quod
2625 3922 2706 3979 est
2728 3911 3027 3977 secundum
3048 3909 3301 3979 baptismi
3325 3925 3533 3982 genus.
3572 3906 3840 3966 Sicutrnia

2282 3995 2412 4061 sunt
2438 4006 2545 4060 duo
2572 4005 2819 4076 martyrii
2851 4019 3049 4078 genera
3068 4044 3086 4069 ,
3114 4004 3195 4059 sic
3226 4013 3355 4058 sunt
3386 4005 3503 4058 duo
3536 4006 3845 4075 baptisma.

2280 4095 2410 4153 Haec
2439 4096 2620 4167 itaque
2648 4095 2970 4151 vestimenta
3012 4096 3067 4150 in
3107 4093 3229 4150 aliis
3267 4094 3641 4149 immaculata
3670 4108 3829 4149 sena

2280 4197 2392 4254 tur,
2424 4189 2475 4244 in
2521 4189 2642 4245 aliis
2666 4200 2787 4267 post
2820 4189 3060 4247 maculas
3102 4188 3499 4253 candidantur,
3521 4189 3658 4260 quia
3686 4196 3735 4243 et
3762 4187 3846 4245 δι’.

2279 4289 2339 4335 ut
2362 4279 2562 4335 dictum
2588 4289 2693 4345 est,
2714 4288 2837 4353 post
2860 4278 3062 4335 lavacri
3090 4278 3288 4335 undam
3313 4277 3533 4334 nullum
3552 4281 3758 4334 crimen
3777 4276 3843 4327 ad-

2280 4372 2532 4440 mittunt,
2571 4382 2625 4427 et
2655 4371 2743 4429 alii
2776 4371 3072 4431 admissum
3106 4372 3452 4442 paenitentia:
3502 4371 3727 4428 ﬂetibus
3750 4368 3845 4423 abs»

2280 4470 2515 4535 tergunt.
2570 4464 2721 4527 Unde
2753 4463 3091 4523 admonendi
3160 4471 3289 4519 sunt
3337 4463 3459 4527 illi,
3532 4475 3600 4519 ut
3650 4480 3717 4520 ne
3752 4468 3844 4533 pas!

2281 4538 2606 4625 baptismum
2640 4554 2881 4610 maculas
2919 4553 3163 4609 criminis
3200 4553 3420 4607 easdem
3460 4567 3695 4624 semper
3721 4550 3843 4608 indi-

2282 4652 2447 4709 cant;
2483 4644 2802 4699 exhortandi
2835 4652 2959 4699 sunt
2988 4642 3102 4707 isti,
3134 4640 3333 4713 quibus
3360 4641 3468 4696 hoc
3499 4642 3777 4713 contingit
3804 4646 3845 4689 α

2278 4735 2396 4791 sine
2447 4735 2702 4790 tarditate
2740 4735 2958 4790 easdem
3004 4732 3244 4789 maculas
3286 4733 3673 4805 lacrymarum
3722 4729 3847 4789 unde

2278 4830 2503 4885 diluant.
2559 4828 2713 4885 Unde
2758 4829 2813 4884 in
2858 4830 2961 4884 hac
3002 4832 3190 4885 eadem
3241 4828 3578 4903 Apocalypsi
3634 4834 3844 4887 dicitur:

2278 4918 2472 4974 Beatus
2499 4921 2589 4992 qui
2618 4920 2844 4975 custodit
2872 4920 3170 4976 vestimenta
3200 4937 3320 4986 sua,
3347 4938 3412 4976 nc
3438 4926 3629 4977 nuda
3655 4920 3847 4977 ambula

2280 5011 2464 5083 (Apoc.
2497 5012 2631 5083 XVI).

2351 5100 2452 5166 Qui
2492 5102 2669 5156 vicerit
2708 5102 2783 5155 sic
2822 5103 3066 5157 vestietur
3106 5102 3345 5157 vestibus
3376 5103 3542 5158 albis.
3577 5104 3712 5164 Acsi
3760 5100 3855 5156 aliis

2276 5191 2457 5246 verbis
2488 5192 2799 5249 diceretur:
2831 5191 2933 5261 Qui
2971 5209 3071 5264 pro
3106 5194 3438 5262 recipiendis
3468 5199 3728 5261 vestibus
3750 5210 3851 5252 eum

2278 5283 2499 5337 inimico
2537 5281 2752 5338 fortiter
2792 5281 3174 5352 dimicaverit,
3225 5284 3496 5369 dimicans
3525 5289 3752 5353 vicerit,
3800 5299 3856 5338 ,ιι

2278 5389 2471 5429 rursus
2514 5375 2715 5430 eisdem
2751 5376 2969 5430 indutus
3008 5376 3308 5446 splendebit
3332 5417 3347 5443 ,
3396 5386 3459 5437 ιιι
3507 5376 3593 5433 illi
3645 5381 3741 5449 qui
3782 5392 3859 5431 eas

2279 5477 2375 5522 aut
2430 5468 2806 5523 immaculatas
2859 5478 3255 5536 servaverunt,
3311 5479 3403 5524 aut
3455 5482 3583 5542 post
3638 5470 3859 5525 macubs

2281 5563 2587 5618 abluerunt.
2622 5563 2806 5619 Potest
2834 5566 2999 5620 etiam
3029 5566 3145 5619 haec
3171 5568 3572 5624 exhortationis
3602 5565 3857 5625 sententia

2279 5663 2335 5708 et
2385 5655 2491 5709 illis
2536 5653 2740 5724 aptari,
2792 5656 2881 5723 qui
2928 5656 3103 5709 adhuc
3152 5656 3430 5712 diabolica:
3480 5656 3858 5712 dominationis

594 5745 847 5788 noverunt
890 5739 1189 5793 vestimenta
1231 5756 1352 5805 sua,
1399 5750 1445 5793 et
1489 5740 1825 5794 ambulabunt
1878 5760 2076 5798 illt’t‘ttm
2120 5747 2173 5800 in
2271 5743 2406 5816 jugo
2433 5745 2657 5809 detenti,
2691 5745 2792 5800 fide
2823 5746 3047 5800 necdum
3079 5744 3297 5801 fuerunt
3326 5749 3538 5810 vestiti,
3578 5750 3859 5803 hortantur

593 5824 752 5895 albis,
784 5828 912 5907 quia
949 5830 1093 5909 digni
1130 5840 1271 5888 sunt.
1325 5831 1431 5889 Per
1469 5833 1688 5889 nomina
1734 5834 1879 5908 ipsos
1926 5839 2174 5895 homines

2283 5847 2462 5894 autem
2501 5846 2561 5893 ut
2595 5838 2848 5909 vincant,
2888 5839 2943 5895 id
2979 5848 3062 5896 est
3100 5850 3157 5895 ut
3194 5842 3421 5898 credant
3458 5842 3511 5897 in
3550 5841 3857 5909 Christum,
