3974 6456
1048 394 1415 452 EXPOSI'I‘IO
1453 392 1520 450 IN
1552 388 2053 450 APOCALYPSIN.
2095 419 2165 430 —
2202 389 2329 453 LIB.
2370 387 2413 443 I.

3270 383 3375 439 990

101 526 241 598 quia
267 523 380 577 lucc
407 527 485 576 est
499 527 711 574 manna
735 529 855 583 quia
874 514 1029 569 vincit
1054 511 1331 586 mundum,
1352 508 1482 577 ﬁdes
1500 514 1689 562 nostra
1718 510 1763 570 Α
1794 516 1915 557 nem
1937 503 2159 557 Christi.
2193 503 2266 557 De
2291 502 2456 571 stirpe
2478 500 2621 555 enim
2647 497 2812 552 David
2834 496 3128 552 secundum
3151 511 3375 551 carnem

110 616 171 690 (1
186 615 350 671 Joan.
366 612 445 682 v),
462 604 796 681 quatenus'in
808 603 1278 661 abrenuntiatione
1297 598 1689 670 antiquilhostis

94 689 202 779 per
250 705 519 760 lavacrum
565 697 971 770 regenerationis
1024 693 1266 750 caelestis
1311 692 1437 747 vitae
1475 689 1690 744 mundi—

100 778 242 856 tiam
286 799 355 857 ab
385 799 503 867 ipso
545 795 600 848 in
646 807 808 864 quem
847 789 1199 847 crediderunt
1244 784 1566 856 percipiant.
1619 778 1687 834 Et

99 909 214 948 non
239 889 417 945 delebo
439 902 624 944 nomen
645 886 761 955 ejus
785 884 851 937 de
875 882 1007 935 libro
1034 880 1171 934 vim.
1188 875 1300 931 Hoc
1324 884 1429 937 est,
1452 873 1688 928 scribam

98 1000 306 1040 nomen
351 981 471 1052 ejus
515 981 569 1035 in
616 979 757 1034 libro
791 977 933 1031 vitai.
986 973 1084 1030 Sic
1112 972 1257 1027 enim
1287 968 1486 1023 dicitur
1518 981 1532 1018 :
1566 964 1690 1017 Non

95 1076 288 1131 delebo
308 1116 323 1141 ,
357 1083 617 1143 tanquam
644 1071 937 1131 diceretur,
967 1064 1220 1121 scribam.
1257 1061 1376 1127 Quo
1405 1065 1595 1114 contra
1624 1056 1690 1110 de

97 1166 358 1237 reprobis
385 1165 476 1234 qui
504 1179 611 1218 non
636 1163 877 1225 vincunt,
908 1157 1111 1213 dicitur
1130 1152 1304 1224 (Psal.
1332 1150 1556 1219 uvut):
1586 1147 1690 1201 De-

96 1257 319 1312 leantur
335 1255 403 1310 de
422 1255 553 1309 libro
574 1253 876 1307 viventium.
909 1246 1063 1314 Quod
1084 1256 1360 1314 exponens
1380 1237 1685 1307 subjungit:

96 1346 177 1401 Et
217 1363 335 1401 cum
367 1345 529 1415 justis
567 1358 671 1397 non
707 1339 1022 1394 scribantur.
1071 1334 1292 1389 Librum
1323 1339 1503 1385 autem
1534 1327 1686 1391 vitae,

95 1451 218 1507 quo
264 1437 576 1491 Scribuntur
618 1432 816 1495 electi,
862 1424 1391 1498 praedestinationem
1437 1419 1686 1487 cinnipo-

97 1530 277 1585 tentis
298 1529 389 1584 Dei
420 1528 679 1582 debemus
708 1522 1027 1591 intelligere,
1052 1518 1179 1587 quia
1203 1513 1437 1586 praesciti
1470 1522 1524 1567 et
1552 1527 1691 1582 prie-

93 1619 362 1675 destinati
400 1625 525 1673 sunt
559 1630 752 1670 omnes
786 1611 961 1667 sancti
998 1617 1123 1664 ante
1156 1607 1339 1663 omnia
1377 1609 1574 1675 saecu'a
1619 1602 1690 1657 ad

90 1712 276 1766 vitam
298 1708 668 1780 praeordinati,
692 1707 833 1760 sicut
859 1703 1123 1771 scriptum
1151 1702 1271 1754 est':
1302 1695 1550 1767 Cognovit
1580 1692 1691 1747 Do-

86 1806 281 1859 minus
321 1803 409 1873 qui
445 1810 565 1855 sunt
596 1799 713 1869 ejus
743 1795 831 1867 (ΙΙ
861 1793 994 1849 Tim.
1022 1792 1105 1862 ιι).
1156 1789 1235 1844 De
1266 1791 1371 1845 hoc
1397 1801 1527 1858 ergo
1555 1785 1688 1839 libro

1791 594 2086 649 descendit.
2136 594 2347 647 Ostium
2381 602 2563 647 autem
2594 590 2737 659 quml
2772 589 2960 643 eadem
3002 588 3168 642 clavis
3197 587 3373 658 aperit

1792 685 1872 738 vel
1903 683 2136 746 claudit,
2169 683 2343 753 ipsum
2376 682 2723 751 intelligimus
2753 680 2845 734 Dei
2875 688 2931 734 et
2958 679 3234 733 hominum
3264 694 3375 734 me-

1790 777 2074 838 diatorcm,
2096 789 2193 844 per
2215 787 2375 843 quem
2403 772 2467 825 ad
2494 773 2657 825 vitam
2685 781 2965 831 :eternam,
2991 784 3109 840 quae
3133 770 3247 837 ipsc
3270 777 3371 837 est,

1790 868 2078 931 intramus,
2111 867 2227 937 ipso
2255 867 2513 927 docente,
2551 864 2639 932 qui
2676 865 2754 916 ait
2781 882 2793 916 :
2845 863 2957 934 Ego
2989 879 3103 915 sum
3137 862 3325 915 ostium

1784 974 1879 1027 per
1917 974 1996 1011 me
2033 958 2079 1011 si
2125 956 2242 1026 quis
2284 954 2574 1016 introierit,
2614 952 2903 1006 salvabitur
2942 950 3122 1022 (loau.
3152 950 3234 1021 λ),
3264 960 3370 1006 etc.

1792 1049 1882 1102 Svc
1941 1049 2085 1102 enim
2149 1048 2263 1116 ipse
2325 1044 2495 1101 clavis
2552 1052 2606 1097 et
2666 1043 2862 1096 ostium
2931 1042 3167 1106 dicitur,
3236 1042 3376 1097 sicut

1788 1151 1976 1211 pastor
2000 1143 2258 1196 ostiarius
2286 1139 2447 1195 simul
2475 1148 2530 1194 et
2553 1139 2749 1193 ostium
2786 1146 3026 1191 vocatur.
3055 1136 3234 1202 Quare
3254 1151 3379 1189 cum

1791 1233 1957 1288 clavis
2001 1233 2167 1289 David
2210 1232 2408 1288 ostium
2454 1230 2658 1300 aperit,
2692 1228 2926 1298 seipsum
2958 1228 3131 1297 aperit
3172 1227 3375 1297 utique,

1790 1325 1880 1395 qui
1916 1333 1997 1380 est
2020 1325 2317 1380 secundum
2347 1337 2564 1379 carnem
2597 1334 2775 1386 natus,
2801 1336 3009 1391 passus,
3036 1336 3097 1374 ac
3123 1319 3381 1373 tcrtiadie

1790 1419 2101 1473 suscitatus.
2139 1418 2289 1485 Quod
2312 1416 2511 1471 ostium
2537 1415 2685 1484 prius
2713 1414 2955 1469 clausum
2985 1413 3237 1468 omnibus
3256 1411 3377 1477 fuit,

1790 1512 2033 1580 exceptis
2058 1508 2336 1580 prophetis
2364 1516 2417 1562 et
2445 1506 2645 1561 sanctis
2666 1504 2938 1569 Patribus,
2961 1503 3053 1573 qui
3085 1519 3179 1572 per
3210 1500 3383 1571 Spiri-

1792 1610 1906 1655 tum
1958 1611 2205 1656 sanctum
2252 1598 2667 1670 cognoscebant‘
2692 1596 2808 1665 ejus
2857 1596 3176 1659 adventum,
3222 1593 3381 1648 modo

1792 1705 1971 1751 autem
2003 1696 2253 1750 omnibus
2281 1694 2336 1747 in
2364 1692 2642 1747 Christum
2673 1689 3017 1744 credentibus
3052 1687 3382 1756 patefactum

1791 1798 1897 1852 est,
1930 1787 2171 1842 clausum
2220 1800 2350 1840 vero
2396 1782 2702 1839 inﬁdelibus
2751 1789 2948 1834 manet.
2997 1778 3142 1833 Istud
3184 1778 3384 1832 ostium

84 1896 259 1960 sine,
308 1867 665 1962 reproborum
710 1886 929 1942 nomina
957 1881 1123 1940 deleri
1154 1881 1427 1945 dicuntur,
1478 1892 1579 1947 pro
1622 1867 1766 1939 eo;B
1793 1894 1955 1935 nemo
1984 1886 2164 1948 potest
2212 1876 2464 1931 claudere
2512 1873 2599 1928 cui
2658 1873 2774 1942 ipse
2817 1870 3064 1926 Christus
3113 1869 3242 1924 illud
3272 1867 3386 1923 vult

88 1983 254 2054 quod
296 1990 391 2037 est
440 1996 537 2050 per
590 1979 843 2034 meritum
892 1972 1291 2046 reprobationis
1349 1984 1690 2039 nequaquam

90 2076 276 2133 scribi
298 2115 314 2141 ,
365 2074 509 2129 sicut
548 2082 610 2127 et
654 2071 959 2126 Pharaonis
985 2084 1083 2124 cor
1109 2083 1141 2122 a
1171 2066 1399 2121 Domino
1429 2063 1689 2127 ,indurari

82 2168 327 2232 dicitur,
379 2180 481 2236 pro
528 2179 594 2219 eo
641 2164 785 2233 quod
823 2169 909 2218 est
951 2160 1205 2216 duritiam
1238 2157 1420 2213 cordis
1447 2157 1565 2227 ejus
1594 2168 1693 2225 per

92 2260 343 2332 gratiam
374 2273 481 2312 non
507 2255 760 2311 emolliri.
794 2253 1016 2308 Dicatur
1044 2265 1176 2321 ergo
1201 2250 1269 2304 de
1296 2249 1502 2303 victore
1528 2264 1539 2300 :
1566 2242 1692 2298 Non

88 2350 288 2405 delebo
320 2364 507 2403 nomen
525 2346 640 2417 ejus
677 2347 741 2400 de
763 2344 895 2398 libro
925 2345 1077 2407 vitae;
1109 2340 1253 2411 quod
1278 2338 1384 2394 tale
1406 2346 1510 2401 est,
1534 2336 1694 2405 quale

92 2443 157 2496 si
183 2442 486 2497 diceretur:
522 2439 691 2507 Quem
719 2438 983 2492 victorem
1020 2432 1261 2488 futurum
1302 2432 1446 2492 scio,
1494 2442 1692 2483 nomen

93 2531 230 2601 ejus
268 2534 529 2601 scriptum
568 2530 623 2583 in
660 2528 816 2584 cmlis
845 2536 1025 2581 teneo.
1077 2523 1147 2578 Et
1185 2520 1470 2591 conﬁtebor
1505 2533 1693 2572 nomen

95 2625 227 2695 ejus
253 2639 427 2679 coram
462 2621 623 2675 Patre
675 2636 787 2674 meo
826 2627 875 2673 et
904 2632 1081 2671 curant
1122 2613 1317 2684 angelis
1357 2611 1492 2681 ejus.
1547 2609 1693 2664 Illius

96 2730 308 2771 nomen
339 2728 522 2770 coram
548 2711 713 2766 Patre
742 2725 842 2764 suo
871 2707 1117 2762 Christus
1146 2703 1491 2759 conﬁtebitur
1519 2702 1572 2755 in
1605 2698 1692 2753 fu-

99 2821 260 2874 turo,
299 2806 453 2876 cujus
481 2805 745 2876 approbat
770 2816 934 2871 opera
974 2800 1031 2855 in
1076 2796 1351 2868 prmsenti.
1403 2796 1533 2860 Quae
1558 2808 1692 2847 con-

98 2902 280 2957 fessio
309 2909 436 2954 tunc
463 2912 645 2953 coram
676 2895 836 2950 Patre
873 2902 929 2948 et
964 2890 1171 2961 angelis
1206 2886 1324 2957 ejus
1362 2885 1693 2956 implebitur,

94 3009 240 3051 cum
269 2993 335 3047 ad
360 2993 640 3047 dexteram
664 2987 853 3058 positis
879 2983 1079 3041 dixerit
1104 2980 1291 3050 iustis:
1319 2977 1518 3041 Venite,
1546 2977 1697 3030 bene-

95 3083 243 3139 dicti
283 3079 461 3136 Patris
490 3081 589 3134 mei
621 3078 836 3149 (Matth.
866 3073 1017 3147 xxv).
1071 3072 1202 3139 Qua:
1230 3079 1356 3125 tunc
1388 3070 1454 3124 ab
1482 3083 1547 3122 eo
1576 3067 1694 3119 lau-

97 3170 312 3237 dabilis
357 3170 413 3225 in
460 3169 733 3239 publicum
772 3164 1095 3237 proferetur,
1147 3177 1271 3217 cum
1311 3161 1364 3215 in
1404 3157 1697 3229 Evangelio

99 3264 258 3319 idem
287 3260 549 3316 Dominus
577 3259 743 3313 dicit:
786 3257 889 3322 Qui
923 3272 1005 3310 me
1037 3252 1306 3321 confessus
1334 3251 1492 3321 fuerit
1520 3265 1698 3303 coram

99 3353 433 3417 hominibus,
449 3350 734 3419 conﬁtebor
757 3359 802 3403 et
830 3362 925 3419 ego
946 3363 1065 3402 eum
1082 3360 1259 3400 coram
1285 3341 1446 3397 Patre
1470 3358 1585 3395 meo
1610 3340 1699 3411 qui

98 3447 173 3502 in
199 3445 337 3500 caelis
361 3454 437 3499 est
466 3442 682 3515 (Matth.
712 3440 790 3514 χ),
821 3449 877 3495 et
901 3454 1085 3495 coram
1107 3435 1314 3508 angelis
1343 3432 1480 3504 ejus.

189 3547 256 3602 Et
288 3545 471 3617 angelo
502 3543 884 3614 Philadelphia:
916 3540 1165 3596 Ecclesite
1193 3537 1378 3594 scribe.
1426 3532 1698 3591 Philadel-

103 3640 438 3714 phia,juxta
468 3639 609 3709 quod
639 3638 785 3693 Beda
805 3636 1044 3706 exponit,
1070 3635 1458 3704 interpretatur
1487 3627 1698 3683 dilectio

105 3736 376 3806 fraterna.
423 3731 540 3798 Quo
577 3731 797 3784 nomine
833 3727 1153 3782 universalis
1184 3724 1422 3779 Ecclesia
1451 3722 1702 3790 designa-

106 3834 230 3888 tur,
257 3838 379 3893 qum
402 3823 458 3875 in
486 3819 775 3873 dilectione
800 3817 893 3871 Dei
921 3824 975 3869 et
1004 3815 1234 3885 proximi
1262 3820 1534 3874 versatur,
1557 3825 1704 3879 quae-

110 3929 231 3986 que
260 3930 291 3968 a
321 3912 549 3967 Domino
576 3910 726 3980 diligi
763 3909 1059 3978 probatur,
1091 3921 1212 3975 qum
1252 3905 1381 3958 dicit
1410 3922 1423 3955 :
1455 3901 1703 3954 Narrabo

116 4020 313 4061 nomen
343 4012 491 4057 tuum
520 4000 773 4071 fratribus
799 3999 926 4053 meis
957 3996 1130 4069 (Psal.
1160 3995 1295 4068 χχι),
1327 4003 1437 4049 etc.
1468 3991 1587 4058 Vel,
1619 4005 1706 4046 se-

117 4096 363 4154 cundum
391 4094 718 4148 Ansbertum
750 4089 1115 4153 Ambrosium,
1139 4084 1509 4155 Philadelphia
1536 4084 1705 4137 inter-

115 4197 372 4264 pretatur
407 4185 617 4241 salvans
656 4184 1016 4239 hwreditatem
1048 4180 1277 4235 Domini.
1330 4177 1449 4246 Quo
1487 4177 1709 4232 nomine

116 4284 244 4354 ipsa
282 4293 497 4351 quoque
538 4274 777 4331 Ecclesia
809 4273 1152 4343 exprimitur,
1199 4286 1320 4342 qua:
1360 4268 1708 4339 semetipsam

116 4373 301 4430 salvat
328 4384 451 4426 cum
484 4369 536 4423 in
570 4367 673 4422 lide
702 4376 756 4422 et
785 4380 949 4436 opere
979 4366 1119 4420 bono
1153 4361 1369 4433 proficit
1389 4402 1404 4428 ,
1454 4369 1511 4416 et
1551 4375 1580 4414 a
1612 4375 1708 4415 vo.

118 4469 334 4522 iuntate
362 4464 443 4522 sui
467 4463 742 4519 Creatoris
761 4475 1035 4529 nunquam
1060 4456 1282 4513 recedit.
1310 4457 1427 4526 Ipsa
1456 4463 1538 4511 est
1565 4454 1710 4509 enim

120 4555 341 4612 Domini
373 4554 695 4617 hacreditas,
737 4550 805 4605 de
844 4564 950 4640 qua
986 4560 1085 4640 per
1112 4545 1455 4602 Psalmistam
1485 4551 1711 4640 paterna
1738 4575 1792 4640 Β

118 4648 193 4703 ad
220 4644 416 4701 Filium
443 4659 575 4699 voce
601 4643 838 4698 dicitur:
877 4637 1099 4693 Postulo
1144 4655 1177 4692 a
1216 4654 1317 4704 me,
1363 4646 1411 4691 et
1439 4634 1574 4690 dabo
1618 4634 1714 4688 tibi

118 4750 303 4813 gentes
327 4737 681 4792 hereditatem
707 4744 850 4787 tuam
876 4729 1047 4804 (Psal.
1070 4732 1151 4803 ιι).
1181 4729 1310 4784 Htec
1334 4729 1461 4783 dicit
1484 4727 1711 4784 Sanctus

122 4843 177 4886 et
208 4844 379 4895 verus,
408 4826 499 4898 qui
528 4826 677 4879 habet
708 4823 901 4878 clavem
930 4822 1119 4886 David,
1160 4820 1249 4893 qui
1277 4820 1445 4890 aperit
1482 4828 1528 4874 et
1562 4832 1712 4873 nemo

119 4919 351 4985 claudit,
374 4916 571 4973 claudit
596 4925 643 4969 et
665 4929 813 4968 nemo
836 4913 1022 4983 aperit.
1056 4910 1181 4967 Scio
1204 4927 1361 4981 opera
1385 4919 1496 4976 tua,
1528 4909 1580 4964 id
1607 4916 1709 4975 est,

123 5013 275 5083 eligo
299 5025 464 5081 opera
493 5018 605 5064 tua.
642 5004 781 5061 Ecce
805 5005 926 5060 dedi
953 5020 1129 5059 coram
1161 5014 1208 5057 te
1234 5003 1422 5057 ostium
1451 5010 1710 5073 apertum,

121 5104 273 5177 quod
302 5118 449 5158 nemo
486 5109 649 5173 potest
680 5098 943 5154 claudere.
988 5096 1196 5151 Idcirco
1237 5093 1609 5163 principaliter
1651 5106 1717 5148 ac

125 5180 480 5274 singulariter
519 5205 764 5253 sanctum
812 5202 868 5250 et
911 5207 1102 5248 verum
1144 5189 1429 5247 Dominum
1479 5188 1716 5257 seipsum

126 5292 401 5364 appellat,
432 5290 557 5362 quia
593 5296 648 5343 et
680 5288 725 5343 si
756 5285 1016 5357 quosdam
1048 5284 1191 5339 inter
1220 5280 1469 5337 homines
1499 5287 1718 5334 sanctos

129 5389 368 5446 dicimus
395 5393 451 5443 et
476 5398 728 5449 veraces,
769 5382 835 5437 ad
872 5381 1331 5454 comparationem
1365 5388 1545 5432 tamen
1572 5376 1717 5430 illius

131 5479 318 5538 nullus
343 5486 428 5535 est
463 5487 683 5533 sanctus
710 5484 763 5531 et
789 5489 970 5540 verus,
1019 5475 1144 5545 quia
1188 5474 1306 5543 ipse
1341 5479 1426 5527 est
1460 5470 1722 5525 sanctitas

130 5580 191 5628 et
219 5570 441 5626 veritas.
494 5569 652 5625 Unde
690 5567 951 5638 scriptum
994 5574 1119 5622 est:
1164 5565 1302 5620 Ecce
1337 5564 1475 5618 inter
1512 5573 1721 5617 sanctos

134 5679 292 5719 nemo
334 5659 673 5716 immutabilis
717 5656 878 5731 (Job.
924 5659 1045 5730 xv).
1105 5657 1347 5727 Itemque
1388 5655 1700 5726 Apostolus:

136 5752 327 5809 Omnis
356 5752 509 5807 homo
538 5749 765 5805 mendax
798 5749 945 5805 solus
970 5758 1142 5802 autem
1164 5747 1305 5802 Deus
1331 5762 1506 5802 verax.
1539 5747 1709 5819 (Rom.

138 5863 227 5917 ιιι,
252 5845 333 5922 ι),
360 5841 569 5902 Clavem
603 5842 772 5899 David
797 5842 1055 5901 debemus
1072 5839 1372 5914 intelligere
1396 5841 1718 5897 incarnatio

1796 1970 2028 2039 aperire.
2060 1967 2212 2024 Unde
2239 1966 2465 2035 legimus
2492 1966 2545 2019 in
2592 1964 2815 2018 Actibus
2842 1961 3227 2033 apostolorum,
3256 1960 3384 2029 quia

1795 2080 1918 2120 cum
1962 2063 2117 2118 caesis
2143 2060 2421 2130 discipulis
2451 2058 2834 2113 denuntiarent
2862 2053 3055 2119 Judaei,
3100 2067 3169 2107 ne
3198 2052 3386 2120 loque-

1797 2166 1986 2213 rentur
2032 2158 2087 2211 in
2137 2156 2355 2211 nomine
2399 2151 2545 2217 Jesu,
2594 2151 2840 2221 protinus
2886 2149 2975 2202 illo
3001 2164 3063 2204 os
3088 2148 3383 2217 aperiente,

1795 2266 1957 2306 nemo
2004 2256 2215 2318 poterat
2262 2247 2532 2302 claudere.
2586 2243 2741 2300 Unde
2791 2241 3184 2312 reSpondcrunt
3219 2258 3231 2291 :
3266 2239 3389 2292 Non

1795 2359 2072 2415 possumus
2092 2357 2209 2412 qua:
2230 2340 2451 2394 vidimus
2472 2346 2520 2392 et
2541 2337 2839 2390 audivimus
2856 2350 2958 2387 non
2977 2332 3271 2403 loqui(Act.
3288 2328 3384 2400 ιν).

1800 2435 1915 2490 Hoc
1934 2433 2149 2489 Asianis
2170 2432 2412 2487 clausum
2434 2430 2646 2499 aperire
2671 2433 3009 2481 tentaverant
3028 2423 3276 2493 apostoli,
3293 2421 3391 2476 sed

1798 2526 1943 2595 quia,
1971 2541 2036 2580 eo
2064 2523 2371 2586 claudente,
2404 2536 2563 2576 nemo
2589 2520 2784 2588 aperit,
2804 2516 3081 2588 prohibuit
3108 2531 3201 2570 eos
3228 2513 3392 2582 spiri-

1801 2625 1888 2672 tus
1910 2614 2057 2679 Jesu,
2090 2631 2157 2670 ne
2186 2615 2241 2669 in
2279 2613 2404 2667 Asia
2449 2612 2799 2681 loquerentur
2841 2611 3065 2664 verbum
3100 2608 3228 2661 .Dci.
3267 2604 3394 2660 Sive

1802 2710 1944 2765 istud
1971 2709 2169 2765 Ostium
2218 2720 2502 2776 possumus
2548 2702 2850 2773 intelligere
2895 2715 3110 2756 sacram
3146 2697 3394 2765 ενι-ἱρω-

1801 2814 1918 2854 ram
1938 2839 1951 2862 ,
1983 2813 2146 2868 quam
2178 2797 2294 2867 ipse
2322 2795 2570 2850 Christus
2601 2793 2776 2863 aperit
2808 2790 3055 2844 ﬁdelibus
3101 2788 3153 2841 in
3183 2803 3239 2842 se
3275 2801 3396 2841 cre-

1804 2890 2075 2952 dentibus,
2108 2897 2162 2941 et
2200 2902 2358 2942 nemo
2382 2885 2604 2940 claudit.
2636 2883 2850 2941 Claudit
2876 2880 3074 2935 Iudaeis
3116 2880 3169 2933 in
3206 2878 3397 2935 inlide-

1804 2981 1956 3036 litate
1999 2978 2473 3049 permanentibus,
2503 2985 2559 3029 ct
2603 2990 2763 3029 nemo
2807 2974 3000 3042 aperit.
3034 2971 3147 3025 Hoc
3192 2969 3392 3024 ostium

1806 3071 1921 3141 ipse
1944 3069 2271 3139 Redemptor
2297 3076 2480 3122 noster
2504 3074 2630 3120 tunc
2652 3064 2884 3133 primum
2921 3061 3152 3130 aperuit,
3182 3058 3397 3130 quando

1806 3172 1929 3234 post
1974 3161 2427 3217 resurrectionem
2454 3172 2607 3213 suam
2636 3157 2843 3211 duobus
2871 3154 2922 3208 in
2960 3154 3041 3207 via
3072 3148 3400 3206 ambulanti-

1805 3257 1928 3320 bus,
1958 3262 2017 3307 ut
2047 3251 2414 3320 intelligerent
2437 3248 2770 3317 Scripturas,
2798 3260 3019 3300 sensum
3051 3242 3281 3312 aperuit,
3313 3247 3398 3293 at-

1802 3362 1908 3417 que
1932 3346 1984 3400 in
2011 3360 2069 3400 se
2084 3342 2373 3413 adimpleta
2395 3357 2516 3412 quae
2532 3340 2734 3409 scripta
2755 3346 2912 3393 erant
2937 3338 2990 3392 in
3015 3335 3132 3406 lege
3147 3331 3317 3404 Moysi
3339 3339 3399 3385 et

1801 3436 2081 3507 prophetis
2119 3444 2173 3487 et
2203 3433 2423 3503 psalmis
2470 3430 2705 3486 edocuit.
2762 3428 2899 3495 Quia
2946 3426 3205 3481 modicam
3238 3422 3399 3479 habet

1801 3531 2063 3593 virtutem,
2088 3536 2136 3580 et
2162 3525 2381 3580 servasti
2409 3525 2617 3579 verbum
2646 3538 2836 3584 meum,
2868 3530 2915 3575 et
2944 3536 3049 3574 non
3077 3518 3282 3588 negasti
3306 3530 3402 3572 no-

1804 3637 1922 3675 men
1965 3634 2137 3673 meum
2186 3618 2325 3672 inter
2369 3615 2647 3687 anguetias
2679 3622 2733 3667 et
2767 3612 3208 3684 perturbationes
3238 3608 3403 3680 hujus
3465 3607 3469 3610 ’

1809 3716 2014 3774 seculi.
2047 3714 2280 3770 Causam
2301 3713 2538 3769 ostendit
2558 3709 2703 3780 quod
2723 3709 2846 3764 ideo
2867 3709 2984 3765 haec
3014 3707 3155 3762 dona
3188 3718 3403 3775 prome-

1808 3817 1994 3861 reatur
2020 3804 2285 3868 Ecclesia,
2313 3804 2437 3872 quia
2463 3817 2567 3858 non
2598 3802 2653 3854 in
2680 3800 2794 3856 suis
2818 3799 3046 3862 viribus,
3068 3797 3163 3853 sed
3187 3796 3240 3851 in
3260 3793 3404 3865 regis

1808 3897 1995 3952 aeterni
2024 3897 2198 3966 gratia
2224 3894 2465 3950 conlidit.
2500 3892 2570 3946 Et
2612 3891 2829 3945 servasti
2883 3888 3092 3942 verbum
3125 3902 3319 3949 meum,
3351 3883 3406 3939 id

1808 3998 1894 4047 est
1920 3989 2143 4044 verbum
2173 3986 2331 4052 ﬁdei,
2359 3994 2407 4040 et
2438 4000 2542 4040 non
2584 3982 2783 4052 negasti
2835 3995 3023 4035 nomen
3063 3992 3235 4030 meum
3265 3976 3407 4033 inter

1810 4080 2091 4153 angustias
2138 4088 2194 4137 et
2243 4076 2678 4148 perturbationes
2734 4070 2893 4140 hujus
2945 4068 3147 4126 saeculi.
3197 4067 3408 4125 Idcirco

1811 4186 1992 4234 autem
2016 4173 2193 4230 sancti
2223 4173 2367 4230 inter
2392 4168 2828 4241 perturbationes
2856 4164 3018 4234 hujus
3048 4161 3229 4221 saeculi
3259 4161 3409 4216 insu-

1812 4270 2079 4342 perabiles
2106 4277 2162 4324 et
2187 4267 2396 4332 invicti,
2425 4264 2693 4321 modicam
2714 4262 2968 4316 virtutem
2993 4258 3192 4315 habere
3219 4256 3408 4321 dicun-

1814 4374 1921 4429 tur,
1961 4377 2087 4419 cum
2113 4360 2279 4419 multa
2308 4360 2403 4425 sit,
2430 4359 2558 4429 quia
2590 4355 2759 4412 multa
2784 4369 2881 4425 per
2900 4352 3200 4417 Christum,
3224 4364 3408 4420 .parva

1815 4466 1993 4512 autem
2023 4468 2122 4524 per
2146 4467 2204 4508 se
2226 4468 2385 4523 posse
2399 4458 2754 4522 praesumunt,
2776 4445 2919 4503 unde
2938 4454 2995 4501 et
3017 4444 3208 4500 dicunt
3230 4440 3405 4514 (Psal.

1816 4545 1932 4617 us)
1959 4565 1971 4601 :
2002 4545 2072 4599 1n
2090 4546 2203 4599 Deo
2252 4543 2508 4610 faciemus
2536 4542 2802 4605 virtutem,
2842 4547 2890 4592 et
2922 4538 3041 4607 ipse
3074 4535 3155 4589 .ad
3185 4533 3409 4599 nihilum

1814 4637 2034 4695 deducet
2079 4635 2327 4695 inimicos
2353 4642 2591 4695 nostros.
2637 4629 2788 4691 Unde
2817 4637 2874 4689 et
2908 4624 3185 4698 apostolus
3210 4623 3411 4691 Paulus

1818 4750 1941 4792 cum
1978 4732 2212 4788 dixisset
2262 4746 2321 4786 se
2360 4730 2479 4800 plus
2518 4726 2793 4787 omnibus
2820 4724 3098 4781 laborasse
3128 4720 3406 4791 apostolis,

1818 4836 2003 4884 custos
2018 4841 2129 4882 suae
2148 4822 2469 4879 humilitatis
2489 4820 2674 4876 statim
2696 4816 3005 4880 subnexuit,
3030 4815 3218 4871 dicens
3244 4829 3256 4864 :
3285 4808 3412 4865 Non

1818 4925 1994 4972 autem
2012 4930 2129 4985 ego,
2151 4913 2240 4968 sed
2263 4912 2432 4982 gratia
2455 4910 2554 4965 Dei
2575 4924 2776 4964 mecum
2797 4906 2845 4975 (Ι
2873 4906 2995 4960 Cor.
3022 4901 3135 4974 xv).
3157 4902 3221 4959 Et
3247 4899 3407 4955 alibi:

1820 5008 2014 5063 Omnia
2032 5048 2048 5072 ,
2069 5006 2266 5076 inquit,
2289 5020 2499 5076 possunt
2522 4991 2578 5057 in
2598 5019 2657 5056 eo
2675 5002 2763 5073 qui
2787 5016 2868 5057 me
2893 4997 3154 5068 confortat
3177 4992 3409 5067 (ΡΙιυῲ.

1816 5097 1914 5170 iv).
1946 5097 2036 5152 Sic
2056 5097 2240 5166 itaque
2265 5094 2501 5150 dicitur:
2542 5091 2810 5147 Modicam
2834 5090 2993 5145 habes
3017 5088 3281 5148 virtutem,
3303 5095 3417 5147 tan-

1817 5204 1979 5259 quam
2008 5188 2280 5242 diceretur
2306 5203 2318 5239 :
2344 5184 2575 5241 Parvam
2614 5191 2669 5237 te
2710 5190 2871 5252 putas
2899 5180 3101 5237 habere
3131 5176 3411 5241 virtutem,

1818 5280 1914 5336 sed
1943 5280 1996 5334 in
2024 5280 2128 5334 hoc
2152 5292 2402 5347 magnam
2449 5276 2651 5339 habes,
2677 5272 2806 5343 quia
2840 5285 2925 5327 me
2952 5268 3218 5340 largiente
3266 5275 3417 5321 tenes

1820 5376 2045 5429 verbum
2072 5372 2198 5427 ﬁdei
2231 5385 2396 5436 mere,
2420 5376 2482 5423 et
2518 5382 2626 5423 non
2657 5364 2862 5436 negasti
2893 5376 3088 5423 nomen
3132 5374 3336 5423 meum,
3362 5364 3420 5412 et

1830 5467 1953 5522 ideo
1977 5479 2071 5535 per
2092 5478 2179 5517 me
2203 5462 2369 5517 multa
2398 5459 2646 5530 potuisti,
2668 5457 2796 5527 quia
2820 5456 2877 5511 in
2897 5453 3106 5510 collatis
3130 5450 3418 5506 virtutibus

1832 5573 1937 5613 non
1967 5555 2212 5612 timuisti.
2247 5553 2342 5609 Vel
2371 5562 2520 5608 certe
2547 5550 2818 5606 modicam
2842 5548 3095 5602 virtutem
3120 5543 3282 5598 habet
3295 5556 3421 5597 san-

1828 5660 1914 5705 cta
1944 5647 2182 5705 Ecclesia
2210 5646 2263 5699 in
2293 5644 2546 5714 praesenti
2572 5640 2976 5711 comparatione
3009 5638 3150 5693 illius
3180 5634 3416 5701 virtutis,

1828 5758 1990 5815 quam
2020 5740 2272 5795 habitura
2301 5746 2384 5792 est
2412 5737 2465 5791 in
2508 5734 2690 5791 futuro
2753 5732 2971 5790 ouando
2998 5728 3143 5787 nulla
3173 5724 3418 5798 tristitia,

1828 5836 1981 5893 nullo
2001 5832 2184 5889 labore
2207 5829 2493 5902 adligetur.
