3974 6450
637 389 739 454 991

1118 387 1475 449 HAYMONIS
1517 384 1996 445 HALBERSTAT.
2039 381 2252 440 EPISC.
2291 382 2442 442 OPP.
2481 382 2662 440 PARS
2697 384 2739 440 1.
2768 413 2840 426 -
2876 383 3231 442 COMMENT.
3271 382 3448 442 BIBL.

3853 390 3922 446 ἓξ

711 505 846 560 Ecce
873 507 1007 559 daeo
1031 503 1099 558 de
1136 500 1412 572 Sgnagoga
1441 498 1679 566 Satantr,
1707 500 1796 572 qui
1825 517 1878 555 se
1908 499 2088 553 dicunt
2115 495 2220 550 Ju--
2249 502 2303 562 Α
2327 498 2644 554 tentationis
2683 500 2844 554 atteri
2863 539 2878 564 ,
2912 503 3297 567 succumbant,
3325 504 3441 559 cito
3476 517 3548 559 se
3577 503 3860 560 Dominus
3880 512 3918 561 ad

638 599 782 653 dteos
805 615 932 663 esse,
960 606 1008 650 et
1035 613 1138 650 non
1163 605 1308 659 sunt,
1339 595 1430 649 sed
1461 594 1796 648 mentiuntur.
1832 592 1945 647 Hoc
1971 607 2037 647 ex
2062 597 2217 660 parte

636 695 852 764 quidem
890 693 1001 763 jam
1038 690 1360 761 completum
1390 700 1473 744 est
1503 691 1552 743 in
1597 689 1737 754 illis,
1769 689 1859 759 qui
1888 703 1986 758 per
2014 684 2216 742 Christi

635 786 862 857 gratiam
899 783 1182 839 illuminati
1212 792 1334 837 sunt
1361 797 1428 836 ex
1453 780 1676 846 Judaeis,
1708 789 1763 835 et
1795 781 1904 834 dati
1940 789 2063 834 sunt
2090 777 2215 831 uni-

631 877 826 933 versali
857 876 1132 941 Ecclesiae,
1161 875 1213 928 id
1242 883 1326 929 est
1354 875 1407 928 in
1439 873 1700 928 unitatem
1735 871 1856 927 ﬁdei
1884 871 2022 926 illius
2050 869 2212 924 colle-

631 972 724 1027 cti.
769 970 1108 1026 Generaliter
1145 977 1322 1024 autem
1363 967 1417 1021 in
1469 966 1573 1021 ﬁne
1613 966 1789 1021 saeculi
1833 964 2211 1034 complebitur,

632 1063 849 1131 quando
879 1063 1019 1118 sicut
1066 1058 1354 1130 Apostolus
1381 1059 1458 1111 ait
1486 1077 1498 1111 :
1525 1056 1654 1111 Cum
1695 1056 1960 1126 plenitudo
1986 1059 2214 1125 gentium

630 1157 922 1222 intraverit,
972 1168 1096 1212 tunc
1141 1156 1309 1210 omnis
1355 1153 1524 1208 Israel
1566 1152 1738 1208 salvus
1781 1154 1875 1206 erit
1907 1150 2078 1218 (Rom.
2109 1151 2210 1222 χι).

630 1246 788 1302 Modo
812 1256 993 1302 autem
1026 1247 1078 1301 in
1103 1244 1388 1317 Synagoga
1413 1243 1646 1305 Satanze,
1664 1243 1768 1297 hoc
1791 1249 1893 1305 est,
1923 1255 2215 1310 congrega-

629 1340 778 1395 tione
818 1339 1016 1394 diaboli
1042 1339 1229 1394 dicunt
1269 1352 1327 1393 se
1357 1335 1571 1391 Judaeos
1618 1351 1760 1399 esse,
1791 1336 1891 1389 hoc
1932 1344 2014 1389 est
2042 1333 2211 1388 conﬁ-

626 1438 826 1497 tentes,
859 1430 953 1486 sed
978 1429 1330 1491 mentiuntur,
1358 1429 1484 1497 quia
1512 1427 1753 1496 quotidie
1772 1425 2045 1480 Christum
2076 1425 2215 1480 blas-

626 1520 886 1590 phemant
907 1520 961 1574 in
983 1518 1299 1590 Synagogis.
1327 1516 1543 1572 Iudaeus
1566 1532 1799 1587 namque
1831 1517 2213 1586 interpretatur

626 1610 897 1678 conﬁtens,
920 1619 974 1664 et
1002 1609 1123 1663 ideo
1146 1607 1450 1662 Judazorum
1479 1607 1711 1662 nominis
1736 1607 2035 1676 expressio,
2056 1606 2213 1661 Chri-

627 1700 696 1754 sti
726 1708 808 1755 est
834 1699 1119 1755 confessio.
1165 1697 1362 1752 Dicunt
1405 1698 1586 1766 itaque
1615 1695 1829 1752 Judaeos
1857 1711 1914 1750 se
1945 1711 2084 1761 esse,
2117 1696 2211 1750 sed

625 1791 977 1854 mentiuntur,
1000 1789 1125 1858 quia
1143 1789 1283 1843 sicut
1305 1787 1592 1857 Apostolus
1615 1787 1742 1842 dicit
1765 1787 1943 1857 (Rom.
1964 1787 2022 1858 ιι)
2045 1805 2058 1840 :
2086 1786 2211 1840 Non

2317 595 2772 650 remunerandum
2807 596 2992 651 venire
3018 597 3303 666 promittit.
3333 595 3456 652 Cito
3486 596 3668 651 enim
3702 595 3769 648 ﬁt
3801 612 3916 652 οπλα

2317 684 2459 752 quod
2493 684 2908 750 transit,etideo
2932 699 3093 740 omne
3109 701 3345 755 praesens
3375 695 3618 755 tempus
3655 685 3792 740 inde
3813 689 3914 740 adi-

2316 791 2438 830 nem
2455 775 2614 831 citius
2637 776 2829 842 tendit,
2844 777 2986 832 unde
2997 777 3148 846 quasi
3166 793 3413 832 crescere
3431 778 3710 840 videtur,
3730 777 3912 847 indeqai

2316 865 2581 922 defectum
2604 868 2827 937 patitur,
2845 868 2987 922 unde
3001 881 3350 938 augmentum
3372 868 3700 939 percipere
3715 869 3905 922 videtur.

2317 957 2454 1012 Tene
2471 959 2609 1028 quod
2629 958 2804 1013 habes.
2830 958 2884 1014 ld
2906 967 3010 1024 est,
3039 958 3274 1015 cmlestis
3297 961 3421 1014 vita:
3441 959 3902 1014 conversationea

2314 1058 2370 1104 ct
2397 1049 2576 1115 ﬁdem,
2607 1065 2704 1120 per
2727 1065 2889 1120 quam
2913 1066 3063 1121 regni
3086 1051 3351 1121 percipias
3370 1052 3686 1106 decorem.
3714 1049 3783 1103 Ut
3803 1069 3900 1104 uti:

2314 1143 2535 1212 accipiat
2575 1159 2820 1198 coronam
2856 1154 3021 1197 tuam.
3054 1143 3111 1198 ln
3149 1143 3253 1199 bac
3277 1143 3574 1198 sententia
3609 1144 3899 1205 ostenditur,

2313 1243 2575 1302 quantum
2605 1235 2975 1289 remuneratio
3000 1250 3122 1305 qua:
3165 1234 3644 1304 superbientibus
3677 1233 3897 1303 aliquiixa

2308 1323 2456 1394 justo
2483 1324 2575 1379 Dei
2598 1324 2802 1393 judicio
2833 1325 3098 1391 aufertur,
3125 1325 3244 1380 aliis
3266 1325 3734 1381 misericorditer
3758 1325 3895 1378 tribe;—

2314 1423 2420 1469 tur.
2456 1415 2588 1471 Cum
2630 1417 2774 1472 enim
2817 1426 3000 1473 certus
3045 1418 3117 1472 sit
3160 1419 3268 1473 Deo
3297 1433 3590 1473 numerus
3641 1417 3891 1473 electurus:

2312 1520 2560 1570 suorum,
2594 1507 2719 1561 dum
2751 1507 2841 1562 alii
2875 1509 3366 1564 remunerationem
3412 1509 3532 1563 sibi
3573 1510 3890 1578 promissa,

2311 1600 2380 1654 ob
2396 1600 2476 1655 sui
2505 1601 2737 1670 perdunt
2761 1601 3164 1673 negligentiam,
3190 1619 3256 1656 ne
3278 1604 3505 1657 illorum
3539 1602 3706 1657 locus
3731 1618 3886 1656 vacas

2313 1701 2621 1758 remaneat,
2653 1693 2743 1748 alii
2785 1694 2839 1748 in
2887 1695 3062 1750 locum
3102 1711 3290 1750 eorum
3318 1697 3744 1766 subrogantur,
3770 1696 3883 1757 sicut

2309 1786 2459 1839 verbi
2489 1786 2679 1856 gratia,
2707 1796 2896 1857 gentes
2922 1785 3122 1842 Iudaeis
3148 1787 3202 1841 in
3232 1786 3579 1841 inﬁdelitate
3610 1802 3883 1856 pet-manes»

622 1885 712 1955 qui
736 1885 790 1938 in
821 1882 1098 1952 manifesto
1126 1882 1368 1947 Judazus,
1421 1897 1528 1936 non
1556 1897 1676 1950 qua:
1707 1881 1758 1934 in
1785 1896 1948 1936 carne
1978 1880 2205 1934 t-ircum-
2235 1871 2284 1931 B
2311 1877 2454 1932 tibus
2483 1879 2536 1932 in
2572 1878 2748 1932 locum
2778 1878 2992 1933 illorum
3029 1878 3334 1933 substitute:
3372 1890 3536 1933 sunt.
3574 1878 3705 1932 Ideo
3743 1881 3880 1931 vides-

622 1976 780 2041 cisio,
815 1976 908 2032 sed
950 1977 1042 2046 qui
1072 1974 1127 2030 in
1154 1975 1472 2030 abscondito
1500 1973 1714 2028 Judazus
1737 2014 1750 2034 ,
1781 1983 1834 2027 et
1863 1971 2207 2027 circumcisio

622 2083 731 2123 non
771 2067 952 2122 carnis
995 2066 1090 2121 sed
1125 2066 1368 2136 spiritus.
1412 2063 1582 2132 Hujus
1619 2063 1852 2117 nominis
1893 2061 2206 2132 dignitatem

621 2166 752 2214 tunc
791 2159 1174 2229 perdiderunt,
1205 2158 1421 2228 quando
1458 2157 1734 2212 Christum
1767 2164 2023 2226 negantes
2053 2157 2206 2218 dixe-

625 2259 791 2306 runt:
821 2249 975 2304 Hunc
1003 2251 1258 2316 nescimus
1284 2251 1420 2304 unde
1439 2251 1505 2303 sit
1529 2247 1708 2317 (Joan.
1734 2248 1832 2316 Ix).
1857 2247 1993 2302 Ecce
2013 2248 2206 2316 faciam

621 2343 743 2398 illos
788 2353 844 2397 ut
882 2343 1088 2398 veniant
1117 2342 1393 2414 gressibus
1422 2340 1546 2395 ﬁdei
1573 2350 1620 2395 et
1659 2340 1874 2394 adorent
1907 2349 2026 2392 ante
2052 2339 2205 2408 pedes

621 2447 756 2492 tuos.
791 2437 846 2492 ld
872 2446 978 2501 est,
1005 2444 1066 2490 ut
1090 2444 1418 2490 venerentur
1453 2449 1618 2503 opera
1651 2442 1736 2487 tua
1757 2474 1771 2499 ,
1807 2441 1862 2486 ct
1887 2439 2208 2486 venerantes

623 2527 924 2591 imitentur,
953 2527 1046 2596 qui
1077 2527 1267 2592 modo,
1295 2525 1421 2594 quia
1453 2540 1558 2578 non
1588 2524 1838 2587 credunt,
1875 2531 1928 2578 et
1953 2523 2207 2578 Ecclesia:

621 2634 785 2689 opera
826 2634 934 2672 non
970 2618 1142 2672 solum
1192 2632 1299 2671 non
1329 2625 1676 2679 venerantur,
1705 2616 1799 2670 sed
1830 2615 1994 2670 etiam
2024 2614 2205 2684 despi-

621 2710 791 2764 ciunt.
823 2709 890 2763 Et
921 2709 1085 2762 scient
1108 2709 1231 2779 quia
1263 2725 1354 2778 ego
1399 2707 1561 2760 dilexi
1587 2717 1655 2761 te.
1684 2706 1835 2761 Tunc
1861 2707 2035 2760 scient
2063 2707 2206 2774 quod

620 2798 868 2855 Christus
907 2799 1094 2870 diligat
1139 2799 1435 2854 Ecclesium
1468 2814 1655 2862 suam,
1687 2797 1902 2867 quando
1944 2798 2044 2868 ipsi
2081 2813 2204 2851 cum

619 2905 683 2945 ea
715 2906 816 2945 una
850 2888 1052 2944 fuerint
1079 2889 1252 2945 ell'ecti
1284 2889 1544 2944 Ecclesia.
1590 2888 1741 2944 Unde
1764 2903 1862 2959 per
1891 2889 2207 2958 prophetam

620 2979 687 3034 ad
711 2979 1009 3036 Jerusalem
1038 2979 1235 3036 dicitur
1259 2994 1273 3032 :
1304 2978 1524 3034 Veniant
1544 2979 1614 3033 ad
1653 2990 1702 3033 te
1733 2979 1878 3033 curvi
1903 2978 2001 3048 lilii
2025 2994 2204 3032 eorum

617 3073 707 3144 qui
757 3071 1165 3127 humiliaverunt
1212 3081 1281 3137 te,
1327 3081 1375 3125 et
1413 3071 1710 3126 adorabunt
1757 3071 1968 3141 vestigia
2016 3071 2205 3140 pedum

617 3175 827 3220 tuorum
867 3182 1044 3221 omnes
1080 3167 1170 3236 qui
1198 3165 1536 3219 detrahebant
1574 3165 1688 3230 tibi,
1720 3174 1767 3219 et
1797 3164 2050 3219 vocabunt
2078 3173 2126 3218 te
2151 3164 2205 3218 in

617 3257 872 3312 civitatem
905 3257 1137 3323 Domini,
1169 3255 1299 3312 Sion
1319 3259 1489 3312 sancti
1517 3255 1688 3312 Israel
1710 3257 1865 3328 (Isai.
1895 3257 2005 3326 ις).

693 3345 956 3412 Quoniam
968 3347 1185 3402 servasti
1196 3346 1407 3400 verbum
1420 3347 1684 3417 patientia:
1699 3364 1848 3414 mete,
1864 3358 1910 3401 et
1926 3363 2018 3418 ego
2031 3364 2204 3401 serva-

619 3437 681 3492 bo
703 3447 750 3491 te
765 3437 833 3490 ab
853 3438 982 3492 hora
1005 3438 1327 3504 tentationis,
1348 3455 1464 3509 qum
1485 3448 1698 3492 ventura
1721 3451 1794 3493 est
1817 3439 1872 3492 in
1891 3439 2065 3492 orbem
2087 3440 2206 3492 uni-

617 3545 820 3583 versum
846 3537 1046 3583 tentare
1067 3530 1360 3583 habitantes
1387 3530 1442 3582 in
1471 3540 1631 3584 terra.
1665 3529 1897 3586 Verbum
1928 3531 2203 3600 patientiae

617 3632 700 3678 est
721 3625 861 3693 quod
893 3624 1006 3693 ipse
1022 3624 1282 3680 Dominus
1312 3625 1634 3679 monstravit
1661 3625 1930 3696 exemplo,
1961 3642 2082 3681 cum
2108 3642 2202 3696 po-

619 3715 756 3772 situs
792 3717 848 3772 in
892 3732 1054 3772 cruce
1103 3733 1200 3787 pro
1250 3717 1688 3788 persecutoribus
1730 3720 1996 3774 exoravit.
2047 3720 2202 3788 Quod

618 3806 864 3863 videlicet
888 3808 1112 3863 verbum
1141 3809 1413 3878 patientiae
1438 3808 1490 3863 in
1512 3809 1658 3863 omni
1684 3825 1938 3880 pressura
1960 3818 2014 3867 et
2035 3826 2203 3882 angu-

616 3901 734 3956 stiis
788 3901 891 3956 sibi
941 3903 1191 3972 proponit
1243 3918 1438 3972 sponsa
1494 3902 1736 3969 Christi,
1785 3912 2008 3974 propter
2058 3903 2201 3974 quod

616 3992 983 4061 principaliter
1027 4007 1242 4063 quoque
1291 3995 1432 4049 hanc
1481 3997 1548 4049 ab
1595 3997 1725 4050 hora
1783 3997 2095 4052 tentationis
2145 4011 2204 4052 se

615 4095 958 4139 servaturum
987 4100 1106 4139 esse
1134 4086 1421 4154 promittit.
1462 4087 1603 4142 Hora
1657 4096 1835 4144 autem
1887 4089 2201 4144 tentationis

616 4175 938 4247 intelligitur
963 4189 1123 4230 omne
1152 4191 1392 4245 praesens
1442 4187 1675 4249 tempus,
1706 4180 1758 4236 in
1805 4196 1933 4250 quo,
1964 4183 2065 4236 etsi
2094 4181 2200 4236 Ec-

615 4262 777 4318 clesia
810 4264 974 4320 variis
997 4266 1386 4322 tentationibus
1414 4280 1721 4336 exercetur,
1752 4280 1930 4325 tamen
1965 4287 2071 4326 non
2111 4287 2200 4327 su-

615 4364 854 4424 peratur.
901 4355 976 4410 De
1019 4373 1125 4428 qua
1159 4360 1454 4415 tentatione
1485 4377 1772 4432 precamur
1797 4365 2037 4433 quotidie
2067 4364 2200 4421 libe-

615 4445 748 4514 rari,
770 4446 1012 4504 dicentes
1035 4465 1050 4503 :
1078 4447 1162 4503 Ne
1181 4466 1275 4504 nos
1299 4451 1520 4505 inducas
1547 4453 1956 4508 intentationem
1979 4453 2195 4525 (Matth.

613 4553 667 4592 v1
693 4555 708 4603 ;
734 4537 860 4594 Luc.
893 4541 1002 4613 ιι),
1050 4540 1102 4595 id
1133 4549 1218 4597 est
1243 4541 1296 4596 in
1328 4542 1536 4612 lapsum
1566 4544 1914 4614 deceptionis,
1953 4561 2061 4616 quo
2082 4555 2198 4602 ten-

2308 1967 2436 2022 dum
2462 1976 2544 2022 est
2567 1967 2856 2037 unicuique
2880 1969 2971 2038 qui
3005 1976 3148 2032 stat,
3178 1983 3267 2033 ne,
3299 1968 3387 2022 vel
3418 1968 3794 2037 superbiendo
3827 1985 3876 2023 re

2307 2057 2414 2111 alio
2437 2058 2676 2128 quolibet
2704 2059 2885 2123 modo,
2907 2058 3170 2122 cadat,ne
3194 2057 3461 2115 videlicet
3489 2059 3640 2113 alius
3669 2076 3877 2114 coronam

2307 2147 2424 2216 ejus
2445 2149 2692 2218 accipiat.
2719 2148 2821 2215 Qui
2847 2157 3027 2204 autem
3056 2150 3238 2220 aliquo
3257 2149 3422 2220 lapsu
3448 2153 3680 2216 cecidit,
3709 2161 3876 2222 surgat,

2310 2249 2367 2293 ut
2400 2240 2464 2293 ad
2495 2241 2878 2309 repromissam
2918 2257 3172 2298 coronam
3201 2245 3522 2312 perveniat.

2381 2332 2485 2398 Qui
2515 2334 2712 2400 vicerit,
2754 2334 2948 2403 faciam
2974 2335 3125 2389 illum
3149 2336 3465 2392 columnam
3492 2339 3546 2392 in
3577 2338 3760 2407 tarpio
3795 2339 3877 2390 Dei

2307 2424 2430 2488 mei,
2476 2434 2523 2478 et
2563 2425 2706 2494 foras
2748 2441 2852 2478 non
2878 2427 3170 2496 egredietur
3206 2428 3461 2498 amplius.
3496 2428 3754 2497 Templum
3779 2428 3874 2482 Dei

2309 2511 2602 2566 electorum
2631 2527 2750 2567 esse
2775 2513 3072 2569 Ecclesiam
3105 2515 3284 2570 nullus
3311 2517 3560 2588 ambigit.
3586 2515 3735 2571 Juxta
3753 2515 3872 2569 illud

2309 2602 2573 2672 apostoli:
2602 2602 2867 2673 Templum
2908 2604 3006 2659 Dei
3043 2614 3281 2658 sanctum
3321 2615 3422 2671 est,
3470 2608 3608 2672 quod
3653 2607 3762 2660 estis
3799 2623 3869 2658 res

2311 2693 2362 2764 (I
2391 2693 2512 2747 Cor.
2550 2702 2654 2762 tu).
2689 2695 2757 2750 Et
2783 2697 2974 2752 beatus
3003 2697 3197 2753 Petrus
3236 2699 3530 2768 apostolus
3570 2700 3787 2768 loquitur
3819 2699 3863 2750 ὃ·
3950 2687 3951 2746 ἶ

2309 2785 2519 2840 delibus
2542 2803 2555 2838 :
2580 2784 2649 2839 Et
2670 2803 2756 2840 vos
2775 2798 3021 2858 tanquam
3042 2787 3240 2858 lapides
3265 2790 3368 2844 vivi
3401 2790 3864 2862 βαρεῖα-Διῄρειιέιί

2310 2879 2490 2933 domos
2531 2879 2789 2950 spiritales
2818 2881 2870 2951 (ι
2901 2880 3046 2936 Petr.
3080 2882 3160 2953 ll).
3193 2883 3488 2937 Columnae
3539 2893 3713 2938 autem
3741 2885 3856 2950 hujus
3950 2879 3951 2942 l

2309 2970 2490 3038 templi
2537 2985 2644 3025 non
2689 2971 2858 3025 solum
2905 2980 3032 3026 sunt
3078 2972 3275 3042 quique
3323 2973 3712 3044 perfectiores,
3745 2974 3856 3044 just:
3950 2970 3951 3044 ξ

2308 3061 2450 3128 quod
2483 3059 2681 3115 Paulus
2707 3061 2838 3116 dicit
2863 3079 2876 3114 :
2903 3059 3091 3117 Petrus
3136 3074 3182 3117 et
3210 3062 3451 3120 Iacobus
3480 3078 3537 3119 et
3565 3068 3776 3120 Joannes
3795 3069 3853 3134 qui

2307 3152 2615 3205 videbantur
2631 3154 2884 3207 columnae
2909 3171 3016 3208 esse
3038 3153 3238 3223 (Galat.
3259 3158 3340 3228 tt),
3368 3167 3486 3214 etc.
3500 3200 3519 3225 ,
3537 3175 3721 3214 verum
3736 3163 3853 3214 etiam

2231 3241 2277 3304 C
2308 3244 2581 3300 auditores
2629 3244 2862 3310 illorum,
2906 3247 2971 3301 de
3000 3247 3221 3318 antiquo
3269 3249 3429 3305 hoste
3485 3251 3850 3322 triumphantes.

2309 3343 2470 3404 atque
2499 3335 2828 3405 Operationis
2871 3333 3122 3392 ﬁrmitate
3162 3338 3450 3408 pollentes.
3498 3341 3658 3397 Unde
3698 3352 3742 3396 et
3775 3344 3850 3410 ipsa

2307 3426 2544 3480 Ecclesia
2587 3426 2910 3496 generaliter
2947 3428 3015 3482 ab
3035 3427 3292 3498 Apostolo
3342 3430 3618 3486 columna
3647 3442 3696 3486 et
3722 3432 3851 3485 ﬁniu-

2305 3526 2543 3573 mentum
2562 3517 2807 3572 veritatis
2829 3518 3142 3588 appellatur.
3169 3520 3310 3575 Dicit
3331 3537 3471 3594 ergo
3493 3522 3847 3586 Dominus:Ql:

2303 3608 2500 3672 vicerit,
2539 3607 2792 3663 subaudis
2840 3616 3169 3664 tentamenta
3201 3612 3506 3678 diabolica,
3566 3625 3623 3670 et
3659 3615 3846 3681 ωυαξβ-

2305 3701 2544 3755 scentias
2575 3701 2893 3765 mundanas,
2920 3711 2973 3758 et
3023 3703 3416 3762 delectationes
3463 3709 3682 3771 carnis,
3709 3709 3844 3776 Im

2303 3789 2453 3844 illum
2499 3791 2794 3845 columnam
2834 3792 2889 3846 in
2934 3793 3124 3864 templo
3152 3794 3250 3848 Dei
3294 3797 3417 3861 mei,
3471 3799 3534 3853 id
3584 3811 3666 3854 est
3707 3799 3845 3851 facias

2303 3895 2426 3934 eum
2459 3881 2648 3936 fortem
2677 3883 2730 3937 in
2755 3899 2918 3952 opere
2959 3885 3131 3949 bono,
3164 3894 3222 3939 ut
3246 3885 3454 3942 nullam
3513 3891 3704 3944 timeat
3724 3889 3844 3954 iacis-

2306 3986 2442 4037 ram,
2468 3971 2559 4026 sed
2583 3973 2801 4041 insuper
2822 3975 3014 4028 robore
3037 3974 3366 4030 fortitudinis
3389 3992 3534 4042 suae,
3567 3981 3622 4033 id
3637 3989 3845 4034 estesse»

2304 4063 2392 4131 plo
2436 4072 2493 4118 et
2531 4065 2776 4118 doctrina
2825 4064 3122 4119 Ecclesium
3171 4069 3457 4122 sustineat.
3523 4070 3681 4138 Quod
3717 4082 3844 4123 anno

2305 4153 2535 4207 dicitur:
2569 4153 2632 4207 Et
2658 4153 2799 4223 {oras
2832 4171 2933 4208 non
2977 4157 3271 4225 egredietur
3307 4159 3578 4229 amplius,
3608 4172 3846 4232 aperueru-

2303 4245 2596 4314 gnoscitur,
2627 4245 2750 4314 quia
2775 4245 3092 4314 jamdudum
3123 4248 3176 4302 in
3209 4250 3660 4318 praecedentibus
3682 4251 3842 4305 bum

2301 4335 2514 4406 generis
2540 4336 2798 4390 membris
2819 4337 3045 4402 exierat,
3075 4338 3130 4392 in
3152 4339 3243 4392 illo
3263 4339 3476 4394 scilicet
3501 4340 3709 4410 juniori
3731 4340 3844 4394 intra

2299 4427 2414 4496 qui,
2452 4427 2636 4484 relicta
2667 4428 2824 4483 domo
2852 4438 3095 4498 paterna,
3126 4431 3259 4485 abiit
3281 4431 3335 4484 in
3367 4433 3661 4502 regionem
3688 4433 3843 4500 longs-

2301 4535 2498 4590 quam,
2532 4522 2712 4591 ibique
2743 4523 3099 4577 substantiam
3137 4538 3288 4578 suam
3336 4523 3588 4581 vivendo
3631 4525 3844 4580 luxuries:

616 4636 800 4683 tantur
824 4607 1186 4687 inhabitantes
1206 4607 1427 4698 terram,
1454 4633 1506 4688 id
1526 4643 1633 4700 est,
1655 4607 1867 4690 terrena
1889 4607 2194 4706 diligentes,
2225 4607 2277 4668 Β
2452 4612 2826 4706 meretricum?
2852 4612 3148 4706 δίβδίὲθνξίθ
3170 4613 3252 4706 Ab
3281 4614 3495 4669 ¹¹¹¹ίι³⁸⁸
3529 4617 3780 4706 Siqui”
3801 4612 3844 4665 δ’

613 4720 802 4774 mundi
824 4720 1108 4778 desideriis
1135 4731 1450 4789 aestuantes,
1477 4733 1533 4780 et
1560 4725 1869 4780 vincuntur.
1901 4726 2072 4783 Electi
2101 4744 2201 4784 au-

615 4818 723 4866 tem
745 4825 974 4881 quorum
1003 4814 1344 4870 conversatio
1366 4814 1421 4869 in
1447 4815 1602 4871 cmlis
1623 4824 1725 4880 est,
1752 4816 1820 4871 ad
1848 4817 1952 4872 hoc
1981 4825 2199 4874 tentan-

615 4909 724 4968 tur,
768 4911 828 4958 ut
864 4903 1075 4973 probati
1099 4912 1450 4971 coronentur,
1493 4922 1598 4962 non
1623 4914 1683 4961 ut
1702 4907 1911 4963 seducti
1945 4909 2204 4965 damnen-

614 5002 723 5048 tur.
753 4991 1048 5050 Possumus
1074 5004 1131 5052 et
1157 4995 1295 5050 hanc
1324 4996 1514 5052 horam
1547 5013 1666 5066 qua:
1701 5013 1806 5053 non
1830 4998 1943 5069 jam
1987 5000 2202 5056 venisse

614 5095 709 5142 aut
751 5087 806 5142 in
854 5088 1108 5156 przesenti
1149 5102 1287 5151 esse,
1337 5087 1432 5144 sed
1479 5087 1660 5142 futura
1706 5103 1827 5144 esse
1864 5089 2194 5158 praedicitur,

613 5176 821 5232 referre
867 5176 1060 5232 melius
1094 5177 1162 5232 ad
1195 5186 1433 5248 tempora
1463 5178 1803 5235 Antichristi.
1855 5179 2007 5236 Tunc
2046 5183 2193 5238 enim

611 5269 794 5326 veniet
819 5267 906 5323 illa
936 5270 1180 5336 tentatio,
1210 5286 1330 5340 quae
1359 5286 1466 5326 non
1493 5279 1696 5341 partes,
1725 5271 1820 5327 sed
1845 5280 2015 5328 totum
2033 5274 2195 5329 simul

614 5361 872 5416 mundum
894 5363 1242 5428 eiaminabit,
1265 5371 1321 5419 et
1342 5363 1468 5417 hinc
1494 5373 1761 5419 tormenta
1788 5365 2028 5430 saevient,
2047 5366 2195 5421 illinc

615 5454 870 5509 miracula
893 5456 1213 5511 suadebunt.
1233 5455 1386 5512 Unde
1401 5458 1594 5512 merito
1611 5458 1675 5512 de
1690 5457 1780 5512 illo
1794 5448 2035 5528 tempore
2049 5474 2080 5512 a
2099 5459 2198 5514 Do-

614 5544 762 5597 mino
777 5543 972 5598 dicitur
989 5562 1002 5598 :
1020 5543 1137 5598 Erit
1152 5554 1276 5600 tunc
1288 5545 1554 5601 tribulatio
1569 5548 1738 5616 qualis
1754 5547 1990 5615 nonfuit,
2005 5549 2094 5601 sed
2108 5565 2201 5604 nec

613 5633 700 5704 [iet
725 5632 940 5704 (Matth.
966 5636 1101 5707 ut).
1122 5638 1286 5707 Aqua
1310 5639 1988 5694 tentationeliberabuntur
2025 5639 2204 5709 electi,

615 5709 668 5780 id
681 5735 764 5781 est
777 5742 882 5783 non
897 5728 1252 5799 decipientur,
1267 5741 1548 5801 propterea
1563 5732 1749 5800 utique
1759 5730 1884 5799 quia
1897 5730 2051 5786 electi
2066 5741 2204 5795 sunt.

2306 4703 2391 4758 dei
2422 4712 2583 4773 atque
2625 4703 2953 4772 operationis
2984 4704 3218 4759 Ecclesia
3243 4716 3560 4762 recesserat
3587 4709 3645 4761 in
3667 4704 3846 4761 adiﬁca-

2304 4795 2505 4851 tionem
2532 4796 2729 4860 turris;
2758 4795 2852 4850 sed
2879 4795 3148 4852 occisione
3171 4797 3316 4851 illius
3348 4799 3509 4853 vituli
3539 4801 3762 4870 saginati
3792 4813 3846 4849 re-

2304 4895 2517 4950 vocata,
2546 4884 2690 4941 foras
2731 4886 2870 4940 ultra
2911 4903 3018 4942 non
3043 4889 3208 4954 exiet,
3235 4887 3287 4943 id
3308 4897 3394 4944 est
3424 4905 3456 4944 a
3483 4895 3671 4961 gratia
3698 4887 3848 4946 Christi

2306 4993 2413 5032 non
2447 4976 2802 5048 separabitur.
2839 4977 3133 5034 Possumus
3157 4989 3213 5035 et
3239 4981 3344 5036 hoc
3370 4981 3440 5035 de
3470 4992 3711 5053 utroque
3732 4981 3851 5035 and:

2303 5069 2600 5140 intelligere
2629 5069 2842 5140 p0pulo.
2871 5069 3085 5126 Primus
3112 5071 3256 5126 enim
3297 5073 3464 5128 homo
3493 5075 3570 5129 ad
3609 5075 3851 5144 imagines

2302 5159 2398 5215 Dei
2427 5159 2694 5224 conditus,
2746 5161 2800 5214 in
2842 5161 3076 5231 paradisi
3121 5162 3325 5218 deliciis
3351 5174 3440 5220 est
3464 5168 3715 5234 positus,
3737 5165 3853 5234 quasi

2301 5254 2546 5324 quaedam
2568 5252 2817 5307 columna
2849 5252 3140 5318 felicitatis,
3171 5256 3264 5311 sed
3304 5258 3534 5312 audiens
3565 5258 3762 5313 diaboli
3785 5270 3854 5306 τεν

2302 5361 2420 5401 cem
2449 5362 2479 5399 a
2505 5345 2740 5416 paradisi
2793 5344 3047 5401 felicitate
3092 5349 3160 5403 ad
3197 5363 3499 5405 aerumnam
3526 5352 3745 5414 saeculi,
3771 5359 3814 5402 et
3837 5363 3856 5398 ι

2302 5438 2481 5508 quiete
2501 5437 2567 5490 ad
2595 5436 2833 5492 laborem
2861 5439 2992 5492 exiit
3037 5439 3154 5507 Quo
3176 5441 3383 5497 scilicet
3407 5453 3625 5509 ruente,
3653 5456 3854 5511 00qu

2297 5544 2405 5602 que
2439 5529 2644 5600 pariter
2673 5531 2880 5584 ruimus
2899 5572 2914 5593 ,
2939 5538 3329 5599 quo’eseunte,
3358 5551 3459 5588 nos
3487 5551 3708 5606 quoque
3731 5531 3856 5590 simul

2301 5620 2586 5677 exivimus.
2639 5618 2792 5674 Unde
2837 5629 2955 5674 est°
2984 5620 3150 5675 Homo
3193 5625 3407 5694 quidam
3452 5623 3856 5680 descendebant

2308 5711 2640 5767 Hierusalem
2671 5713 2724 5764 in
2749 5711 2959 5766 Jericho
2991 5711 3142 5773 (Luc.
3173 5715 3251 5785 ι).
3293 5714 3460 5786 Cujus
3489 5717 3767 5772 miseriam
3793 5716 3856 5766 ia-

702 5817 861 5874 Venio
889 5821 1014 5884 cito,
1052 5837 1122 5878 ne
1146 5823 1326 5886 electi.
1355 5840 1480 5882 cum
1509 5824 1744 5881 viderint
1783 5838 1843 5879 se
1866 5823 2210 5882 tribulatione
2310 5815 2467 5862 “lens
2493 5814 2682 5862 ποιοῖ
2708 5805 2926 5862 humani
2973 5809 3205 5871 κθηθτίδο
3263 5807 3333 5863 ad
3368 5810 3468 5866 hoc
3499 5812 3644 5865 “nde
3682 5810 3856 5866 εἰδέα
