3974 6440
44 430 174 490 993

995 419 1360 480 EXPOSITIO
1396 418 1464 476 IN
1501 413 2009 476 APOCALYPSIN.
2049 447 2121 458 —
2154 416 2285 474 LIB.
2323 416 2392 475 ll.

3241 419 3349 477 θοι

43 542 330 599 effusione
359 541 442 598 sui
467 540 768 613 sanguinis,
804 539 1078 596 hominem
1121 554 1245 594 cum
1273 552 1367 592 sua
1393 533 1650 607 progenie
1675 543 1725 604 Α
1754 542 1852 586 ter.
1869 527 2069 603 (Colat.
2094 530 2170 602 iv)
2185 530 2250 586 Et
2267 531 2384 602 ipse
2403 531 2627 602 spiritus
2653 528 3022 613 testimonium
3048 529 3223 613 reddit
3245 533 3356 603 spi-

47 635 306 689 rcduxit.
345 635 476 702 Qua:
506 633 757 689 videlicet
801 632 1127 688 introductio
1153 647 1260 686 non
1292 630 1465 685 solum
1493 628 1546 682 in
1574 626 1661 682 his

47 725 417 795 intelligenda
461 733 545 780 est
565 765 578 790 ,
611 725 702 795 qui
729 722 840 792 jam
871 725 1019 779 exuti
1054 722 1372 794 corporibus
1398 720 1453 774 in
1480 717 1662 789 specie

45 820 324 876 laetantur
365 819 420 873 in
471 819 654 883 cmlis,
687 833 872 872 verum
915 817 1077 872 etiam
1109 816 1175 872 de
1218 815 1304 870 his
1346 813 1439 883 qui
1484 811 1661 866 adhuc

45 918 471 966 commorantes
504 909 556 964 in
583 923 746 964 carne
773 924 872 979 per
898 908 1057 963 ﬁdem
1087 905 1384 967 ambulant,
1414 918 1507 974 spe
1531 917 1662 974 gau-

48 1004 264 1059 dentes
291 1003 344 1058 in
375 1003 553 1057 terris.
582 1002 664 1056 Ab
694 1000 796 1056 hoc
823 999 1020 1071 gaudio
1046 998 1157 1067 spei
1191 1012 1294 1050 non
1316 994 1663 1064 egredientur

46 1094 326 1166 amplius,
357 1093 484 1165 quia
512 1093 567 1147 in
606 1107 834 1162 superna
879 1098 1188 1145 sanctorum
1220 1086 1388 1159 gloria
1427 1084 1663 1140 solidan-

49 1196 182 1251 tur,
211 1186 302 1256 qui
333 1186 386 1240 in
419 1185 594 1255 primo
619 1183 790 1238 Adam
817 1183 1062 1237 amisisse
1088 1197 1151 1235 ac
1180 1181 1323 1234 l'oras
1349 1179 1526 1233 exisse
1544 1193 1662 1248 pro-

45 1279 286 1333 bantur.
335 1277 486 1333 Unde
531 1277 786 1331 Dominus
828 1277 882 1330 in
924 1273 1216 1347 Evangelia
1253 1261 1513 1327 dicitrEt
1542 1287 1661 1325 eum

41 1372 157 1442 qui
186 1370 316 1424 venit
343 1369 412 1422 ad
438 1384 519 1422 me
555 1385 656 1422 non
684 1368 889 1434 ejiciam
915 1366 1060 1436 foras
1091 1365 1270 1438 (Joan.
1301 1363 1396 1434 vr).
1431 1363 1497 1416 Et
1517 1363 1660 1419 Psal-

51 1463 234 1516 mista
260 1479 272 1514 :
299 1460 418 1532 Ipse
442 1459 578 1514 Deus
602 1476 745 1512 meus
766 1469 810 1512 et
834 1457 1083 1512 salutaris
1104 1474 1268 1520 meus,
1300 1473 1402 1510 non
1425 1456 1663 1510 movebar

46 1553 297 1623 amplius
321 1551 492 1624 (Psal.
521 1549 652 1620 ιιι).
682 1551 901 1605 Dicatur
922 1566 1051 1621 ergo
1077 1569 1087 1602 :
1115 1548 1216 1614 Qui
1244 1549 1442 1612 vicerit,
1465 1547 1660 1617 faciam

48 1644 224 1697 illum
263 1643 559 1697 columnam
597 1643 651 1696 in
694 1641 882 1713 templo
909 1641 1006 1696 Dei
1032 1643 1164 1706 mei;
1211 1641 1320 1695 acsi
1352 1641 1653 1695 diceretur:

47 1735 377 1789 Electorum
403 1749 686 1788 numerum
733 1749 892 1802 quem
923 1734 1179 1788 victorem
1209 1747 1330 1787 esse
1355 1747 1656 1802 praenoseo,

47 1827 450 1879 mandatorum
487 1839 727 1879 meorum
752 1824 1038 1894 praeceptis
1065 1823 1369 1894 astringens
1399 1822 1452 1876 in
1491 1823 1656 1878 cccle-

1764 613 1890 668 ritui
1905 620 2114 677 nostro,
2129 613 2273 682 quod
2297 629 2484 668 sumus
2500 613 2591 667 ﬁlii
2608 614 2720 669 Dei.
2738 611 2892 680 Quod
2914 620 3093 667 autem
3107 611 3268 668 dicit:
3287 613 3356 673 Et

1763 723 1950 761 nomen
1993 706 2217 760 civitatis
2266 723 2411 761 nova:
2458 706 2776 773 Jerusalem,
2823 706 3079 762 subaudis
3121 707 3355 765 scribam

1763 813 1923 869 super
1951 813 2076 853 eum
2105 798 2197 868 qui
2227 797 2440 864 vicerit,
2475 799 2548 854 ita
2577 809 2662 856 est
2690 799 3122 871 intelligendum,
3153 801 3280 871 quia
3301 803 3357 860 in

1761 907 1989 947 numero
2017 901 2331 947 sanctorum
2361 905 2456 961 per
2485 892 2685 947 donum
2737 891 2973 964 Spiritus
3011 892 3186 949 sancti
3219 909 3357 950 con-

1763 984 1990 1040 sortium
2019 984 2114 1039 Dei
2153 985 2469 1040 merebitur.
2503 984 2801 1040 Jerusalem
2833 993 3034 1052 autem,
3068 1002 3189 1058 quae
3215 987 3359 1044 visio

1761 1077 1912 1149 pacis
1942 1077 2351 1147 interpretatur,
2399 1077 2466 1132 de
2493 1075 2630 1132 cmlo
2659 1091 2690 1130 a
2721 1077 2832 1132 Deo
2867 1077 3199 1134 descendere
3226 1095 3353 1150 per-

1763 1168 2002 1232 hibetur,
2035 1167 2088 1222 in
2133 1168 2309 1238 capite
2358 1167 2564 1223 scilicet
2589 1183 2709 1234 suo,
2737 1167 2826 1223 cui
2856 1169 3008 1224 unita
3055 1177 3140 1225 est
3163 1186 3261 1241 per
3289 1169 3355 1225 ﬁ-

1763 1259 1908 1326 dem,
1937 1258 2231 1314 sccundum
2257 1259 2399 1328 quod
2424 1259 2550 1313 alibi
2583 1259 2780 1314 dicitur
2803 1274 2818 1314 :
2846 1259 3016 1314 Nemo
3039 1261 3271 1315 ascendit
3300 1262 3358 1316 in

1763 1351 1967 1415 malum,
2000 1351 2101 1404 nisi
2125 1352 2215 1422 qui
2241 1351 2305 1404 de
2329 1351 2454 1405 creto
2481 1351 2745 1406 descendit
2776 1349 2958 1420 (Joan.
2992 1350 3098 1423 ut),
3125 1361 3231 1407 etc.
3262 1351 3358 1409 Vel

1763 1440 1908 1485 certe
1935 1431 1986 1484 in
2013 1446 2079 1484 eo
2106 1431 2170 1484 de
2213 1431 2352 1486 coelo
2383 1431 2679 1496 descendit,
2721 1431 2845 1502 quia
2877 1431 3140 1502 quidquid
3188 1433 3356 1490 habet

1763 1521 1816 1576 in
1851 1522 1973 1587 ﬁde,
2025 1523 2076 1577 in
2109 1523 2364 1594 operibus
2412 1523 2598 1587 bonis,
2633 1524 2847 1580 caelitus
2870 1540 2899 1578 a
2934 1524 3046 1581 Deo
3073 1527 3352 1598 percepit;

1756 1614 1910 1686 juxta
1953 1614 2080 1668 illud
2121 1615 2348 1685 apostoli
2392 1614 2624 1671 Jacobi:
2666 1613 2833 1670 Omne
2873 1616 3055 1671 datum
3101 1620 3355 1689 optimum

1763 1703 1906 1775 (Jac.
1941 1703 2007 1776 ι),
2035 1712 2141 1760 etc.
2173 1704 2320 1760 Bene
2357 1714 2537 1762 autem
2564 1720 2703 1760 nova
2727 1715 2976 1774 vocatur,
3005 1708 3132 1778 quia
3159 1709 3354 1765 videli-

1762 1807 1846 1850 cet
1877 1812 1975 1866 per
2024 1797 2298 1852 lavacrum
2346 1798 2774 1870 regenerationis
2814 1797 2976 1853 simul
3002 1806 3056 1852 et
3105 1800 3353 1870 spiritum

41 1916 162 1970 stis
191 1915 385 1985 patria:
414 1915 661 1980 aediﬁcio,
687 1888 828 1985 quod
861 1888 1045 1984 uti-que
1071 1930 1136 1969 ex
1166 1888 1297 1984 ipsis
1316 1923 1528 1968 constat
1549 1914 1656 1969 ele-
1685 1899 1732 1964 B
1761 1888 2066 1985 dil‘fai?“i5
2090 1898 2361 1985 Ῠθωεῑθιθ
2394 1891 2609 1985 le"
2640 1891 2875 1985 δοξηίηξε
2912 1890 3265 1985 θξξῐξοιῖθξυτν
3297 1901 3354 1948 ει

43 2009 167 2063 ctis
205 2005 481 2061 inﬂexibili
516 2022 699 2061 amore
726 2007 988 2061 solidabo.
1019 2006 1088 2060 Et
1110 2010 1255 2076 foras
1283 2023 1384 2060 non
1419 2006 1652 2076 egredie-

41 2109 169 2164 tur,
217 2097 492 2162 subaudis,
521 2097 680 2151 nullis
707 2097 907 2153 inimici
937 2098 1276 2153 suasionibus
1315 2097 1399 2153 vel
1431 2099 1652 2153 terrori-

43 2190 162 2244 bus
187 2189 258 2243 ab
281 2188 366 2242 illa
399 2187 634 2243 ccelestis
659 2189 846 2258 patria:
875 2189 1146 2244 communi
1173 2187 1427 2244 felicitate
1462 2190 1655 2245 avelle-

43 2291 168 2336 tur.
193 2279 345 2346 Quod
361 2289 540 2334 autem
558 2279 724 2335 Filius
747 2280 839 2335 Dei
861 2282 1029 2335 Deum
1043 2296 1102 2336 se
1123 2281 1325 2336 habere
1346 2281 1499 2348 dicit,
1517 2282 1657 2338 sicut

43 2372 107 2425 in
135 2369 568 2441 praecedentibus
585 2371 696 2441 jam
712 2371 967 2435 diximus,
989 2372 1283 2426 secundmn
1307 2371 1657 2428 humanitatis

49 2463 305 2517 formam
346 2460 718 2532 accipiendum
759 2475 876 2527 est,
911 2463 963 2517 in
992 2480 1097 2533 qua
1133 2464 1297 2518 etiam
1329 2479 1432 2518 non
1482 2465 1654 2520 solum

46 2555 253 2618 Patre,
274 2553 364 2607 sed
386 2552 551 2606 etiam
576 2553 754 2623 seipso
774 2555 950 2609 minor
973 2569 1091 2609 esse
1120 2555 1398 2624 probatur.
1432 2553 1499 2608 Et
1526 2557 1657 2609 scri-

49 2649 185 2702 bam
235 2663 388 2716 super
434 2645 582 2700 illum
627 2664 811 2700 nomen
837 2647 932 2701 Dei
973 2649 1093 2713 mei,
1124 2658 1173 2702 et
1214 2665 1399 2703 nomen
1433 2650 1656 2704 civitatis

51 2755 216 2793 nova!
253 2736 564 2802 Jerusalem,
603 2755 719 2809 quis
767 2739 1030 2793 descendit
1054 2738 1117 2792 de
1144 2737 1270 2792 coelo
1309 2757 1341 2792 a
1386 2738 1493 2794 Deo
1519 2757 1653 2794 meo.

48 2831 320 2886 Calamus
341 2845 446 2900 quo
472 2845 667 2887 nomen
691 2830 831 2884 istud
860 2830 1194 2895 inscribitur,
1216 2831 1387 2901 gratia
1421 2830 1657 2902 Spiritus

50 2921 246 2977 sancti
279 2921 611 2990 intelligitur,
643 2936 738 2992 per
767 2937 928 2991 quam
955 2921 1075 2976 Filii
1107 2921 1203 2976 Dei
1230 2920 1511 2976 elﬁeimur.
1544 2923 1657 2980 Hoc

50 3023 144 3070 est
177 3013 325 3068 enim
371 3013 515 3083 quod
567 3013 718 3077 dicit,
770 3012 996 3066 scribam
1049 3029 1207 3083 super
1259 3010 1408 3066 illum
1471 3030 1657 3068 nomen

53 3107 163 3160 Dei
190 3105 314 3170 mei,
343 3105 395 3160 id
427 3113 532 3170 est,
581 3104 776 3160 faciam
807 3103 956 3158 illum
983 3119 1105 3159 esse
1156 3103 1323 3158 ﬁlium
1357 3105 1450 3159 Dei
1507 3105 1610 3159 mei
1638 3121 1654 3170 ;

52 3206 140 3266 ut,
177 3199 322 3253 sicut
351 3213 449 3268 ego
480 3213 597 3252 sum
644 3197 785 3251 ﬁlius
827 3212 925 3267 per
954 3205 1226 3263 naturam,
1260 3197 1334 3250 ita
1376 3205 1430 3251 et
1460 3196 1549 3251 ille
1587 3197 1658 3252 sit

52 3305 162 3361 per
208 3289 458 3361 gratiam.
502 3289 653 3356 Quod
701 3296 881 3343 autem
931 3289 1032 3344 hoc
1080 3303 1177 3357 per
1223 3286 1484 3357 Spiritum
1533 3304 1657 3343 san-
1685 3282 1729 3347 C
1759 3282 1891 3372 ξέιέί

56 3389 220 3437 ctum
254 3380 366 3445 ﬁat,
395 3379 594 3434 Paulus
621 3379 932 3434 manifestat
954 3380 1137 3436 dicens
1163 3397 1176 3433 :
1202 3379 1350 3434 Misit
1381 3379 1519 3441 Deus
1561 3381 1665 3460 spi-

59 3469 234 3523 ritum
260 3467 388 3524 Filii
428 3471 509 3524 sui
540 3471 594 3524 in
630 3471 788 3524 corda
825 3481 990 3532 vestro
1028 3471 1525 3546 cl‘amantem,Abba
1559 3478 1664 3534 Pa-

1760 1978 1967 2033 cmlesti
1995 1980 2234 2036 novitate
2274 1981 2520 2037 vestitur.
2546 1980 2684 2037 Hinc
2712 1981 2912 2038 Paulus
2943 1982 3111 2038 dicit:
3141 1981 3355 2038 Eruen-

1759 2067 1832 2113 tes
1864 2069 2078 2113 veterem
2104 2061 2365 2115 hominem
2386 2079 2505 2116 cum
2527 2061 2732 2116 actibus
2753 2063 2884 2126 suis,
2911 2062 3114 2116 induite
3137 2079 3348 2129 novum,

1757 2151 1848 2220 qui
1881 2152 2161 2206 renavatur
2191 2155 2247 2206 in
2275 2155 2593 2224 agnitionem
2615 2151 2714 2207 Dei
2740 2152 2936 2224 (Colos.
2955 2153 3068 2223 Ill).
3088 2153 3157 2208 Et
3185 2153 3309 2209 alibi
3337 2171 3350 2207 :

1769 2237 1953 2293 Vetera
1973 2242 2316 2307 transierunt,
2335 2259 2450 2296 ecce
2464 2243 2605 2312 facta
2629 2253 2751 2297 sunt
2770 2260 2902 2298 nova
2931 2243 3106 2297 omnia
3126 2242 3211 2312 (ΙΙ
3225 2242 3350 2298 Cor.

1758 2329 1834 2401 v).
1865 2329 1933 2384 Et
1967 2349 2154 2387 nomen
2184 2349 2354 2388 meum
2377 2350 2585 2396 novum,
2606 2334 2891 2401 subaudis,
2914 2350 3078 2405 super
3105 2351 3228 2390 eum
3257 2335 3352 2404 qui

1758 2424 1953 2480 vicerit
1977 2425 2232 2492 scribam,
2266 2435 2325 2480 ut
2352 2427 2557 2482 scilicet
2591 2444 2622 2482 a
2652 2443 2738 2483 me
2765 2428 2856 2498 qui
2886 2427 3135 2484 Christus
3161 2443 3350 2493 vocor,

1759 2529 1824 2568 ex
1857 2523 2099 2584 tempore
2147 2529 2372 2572 vocetur
2420 2517 2535 2588 ipse
2579 2517 2941 2584 Christianus,
2973 2519 3025 2573 id
3063 2527 3146 2574 est
3176 2519 3352 2590 gratia

1760 2605 1997 2676 Spiritus
2031 2607 2206 2662 sancti
2235 2617 2448 2662 unctus.
2493 2607 2646 2675 Quod
2673 2623 2867 2663 nomen
2900 2623 3099 2663 novum
3129 2622 3237 2665 non
3263 2623 3352 2663 se-

1759 2696 1996 2750 cundum
2034 2697 2391 2762 divinitatem,
2424 2713 2586 2766 quam
2633 2697 2857 2768 aequalis
2885 2696 3031 2752 Patri
3063 2711 3275 2768 semper
3299 2704 3356 2756 et

1761 2787 1985 2858 Spiritui
2018 2798 2207 2843 sancto
2246 2789 2466 2854 mansit,
2499 2787 2590 2844 sed
2618 2789 2916 2843 secundum
2947 2787 3177 2843 formam
3209 2785 3352 2844 servi

1760 2878 2000 2948 accepit,
2028 2894 2191 2948 quam
2223 2878 2274 2932 in
2304 2889 2546 2948 tempore
2575 2878 2746 2948 gratia
2778 2877 2933 2932 unxit
2963 2876 3198 2948 Spiritus
3228 2893 3356 2934 san-

1761 2958 1854 3022 cti,
1889 2966 1942 3012 et
1972 2972 2002 3010 a
2039 2972 2137 3010 suo
2163 2958 2382 3012 nomine
2410 2957 2566 3012 nobis
2598 2959 2701 3012 hoc
2725 2956 3067 3027 privilegium
3097 2957 3262 3018 dedit,
3294 2962 3356 3009 ut

1762 3048 1831 3102 ab
1859 3047 1975 3117 ipso
2001 3045 2295 3101 Christiani
2321 3047 2672 3118 appellemur,
2705 3049 2772 3102 de
2799 3063 2908 3118 quo
2934 3048 3156 3102 nomine
3184 3046 3354 3107 Isaias

1759 3140 2020 3210 propheta
2039 3139 2169 3195 dicit
2186 3157 2198 3193 :
2215 3138 2284 3192 Et
2299 3157 2473 3194 servos
2487 3157 2610 3200 suos
2633 3140 2832 3202 vocabit
2855 3163 3061 3201 nomtne
3075 3147 3180 3200 alio
3217 3147 3355 3217 (Isa.

1759 3231 1908 3300 Ην),
1928 3231 1979 3286 id
1993 3238 2076 3285 est
2098 3229 2425 3292 Christiano.
2447 3238 2582 3294 llinc
2605 3248 2754 3294 certe
2776 3238 3011 3310 dignitas
3035 3239 3210 3304 nobis,
3229 3239 3357 3294 hinc

1899 3320 2028 3371 ludo
2057 3319 2337 3388 provenit,
2364 3320 2489 3374 hinc
2518 3335 2688 3390 reges,
2714 3319 2841 3374 hinc
2871 3318 3197 3380 sacerdotes,
3229 3318 3356 3374 bin‘c

1763 3398 2058 3453 Christiani
2085 3415 2362 3454 vocamur.
2393 3399 2494 3455 Ubi
2521 3407 2701 3453 autem
2723 3399 2904 3469 potius
2934 3412 3130 3453 nomen
3162 3398 3358 3454 salutis

1765 3487 1948 3544 sonat,
1991 3479 2065 3533 ibi
2094 3480 2307 3534 tandem
2336 3479 2426 3534 hic
2469 3478 2608 3535 liber
2633 3477 2874 3534 debitum
2908 3477 3072 3534 ﬁnem
3102 3476 3353 3549 accipiat.

79 3602 3348 3627 -——-——————-———-———————————————————_——-———_—_—n

1227 3767 1530 3844 LIBER

493 3985 840 4053 SEQUITUR
875 3987 1104 4044 CAPUT
1139 3986 1225 4042 lll.

145 4083 217 4138 Et
252 4080 434 4153 angelo
480 4078 747 4134 Laodicia:
775 4077 1026 4134 Ecclesia:
1071 4080 1255 4134 scribe.
1287 4078 1539 4136 Laodicia
1569 4080 1654 4134 in-

58 4184 402 4247 terpretatur
430 4172 594 4227 tribus
641 4171 881 4225 amabilis
911 4171 1156 4236 Domino,
1191 4173 1303 4228 sive
1349 4173 1562 4243 fuerunt
1602 4174 1658 4226 in

58 4269 286 4326 vomitu.
316 4264 446 4332 Qua:
477 4263 662 4333 utique
708 4263 1177 4332 interpretationes
1205 4263 1377 4318 amba:
1404 4263 1659 4319 Ecclesia:

59 4358 486 4419 Laodicensium
534 4364 806 4426 aptantur,
859 4357 911 4410 in
955 4372 1059 4426 qua
1090 4365 1247 4411 erant
1284 4358 1501 4426 quidam
1550 4358 1660 4428 spi-

62 4458 176 4510 ritu
209 4453 505 4516 ferventes,
529 4459 585 4506 et
606 4451 699 4504 Dei
731 4465 916 4504 amore
944 4449 1132 4514 dediti,
1164 4458 1325 4519 atque
1353 4450 1440 4504 alii
1472 4452 1653 4520 tepidi,

1627 3767 2188 3847 SECUNDUS.

1760 3993 1854 4046 stis
1884 4001 1932 4044 et
1965 3990 2133 4059 ﬁdelis
2163 4005 2335 4044 verus.
2365 3988 2535 4044 Amen
2567 3987 2792 4045 Graecus
2819 4002 3000 4044 sermo
3025 3996 3133 4056 est,
3160 3989 3359 4047 LatinB

1759 4083 2146 4152 interpretatur
2162 4096 2367 4147 verum,
2386 4081 2498 4136 sive
2520 4079 2769 4145 ﬁdeliter,
2786 4079 2928 4150 quod
2941 4080 3165 4135 verbum
3189 4097 3352 4138 nemo

1761 4178 2116 4246 interpretum
2147 4175 2199 4228 in
2228 4174 2387 4227 aliam
2416 4173 2653 4243 linguam
2687 4171 2982 4236 transtulit,
3007 4172 3103 4228 sed
3143 4173 3348 4229 eisdem

1761 4269 1959 4324 litteris
2005 4268 2144 4338 apud
2195 4283 2383 4322 omnes
2425 4277 2614 4338 gentes
2642 4266 2904 4332 habetur,
2931 4266 3134 4322 veritas
3177 4276 3358 4323 autem

1769 4365 1880 4434 ipse
1925 4371 2008 4417 est
2037 4361 2284 4417 Christus
2330 4362 2422 4432 qui
2471 4361 2525 4415 in
2573 4359 2865 4432 Evangelio
2906 4358 3212 4431 dicitzEgo
3241 4378 3359 4417 sum

1766 4456 1954 4510 veritas
1982 4454 2159 4518 (Joan.
2193 4452 2326 4523 ιη’).
2371 4453 2523 4509 Unde
2547 4461 2602 4508 et
2624 4452 2738 4522 ipse
2764 4452 2997 4506 maxime
3023 4452 3075 4506 in
3119 4453 3359 4524 Evange-

62 4548 300 4614 ideoque
343 4551 404 4598 ut
432 4542 578 4598 noxii
625 4540 730 4596 cibi
761 4541 1063 4595 evomendi.
1096 4539 1220 4595 “(BC
1267 4549 1448 4594 autem
1498 4541 1662 4595 verba
1692 4522 1742 4581 D
1767 4549 1840 4602 lio
1873 4548 1976 4602 hoc
2021 4547 2331 4618 juramento
2373 4561 2528 4602 suum
2559 4559 2867 4601 sermonem
2910 4543 3107 4610 ﬁrmat,
3140 4545 3251 4602 acsi
3277 4522 3361 4602 di-

63 4655 193 4711 quaa
221 4634 475 4690 Ecclesia:
525 4632 936 4687 Laodicensium
983 4632 1234 4687 dicuntur
1282 4631 1521 4701 generali
1551 4631 1659 4686 Ec-

65 4730 254 4785 clesiae
298 4724 653 4789 conveniunt,
713 4723 769 4777 in
818 4737 924 4793 qua
967 4723 1126 4778 simul
1169 4732 1296 4777 sunt
1343 4723 1488 4776 misti
1536 4723 1662 4778 boni

65 4841 194 4879 cum
250 4823 419 4885 malis,
454 4836 682 4892 quorum
711 4820 928 4890 quidam
961 4836 990 4874 a
1025 4819 1137 4874 Deo
1182 4819 1496 4890 diliguntur,
1545 4818 1664 4888 qui-

65 4917 193 4970 dam
223 4930 351 4968 vero
385 4912 453 4966 ab
477 4927 572 4967 ore
599 4912 692 4966 Dei
722 4910 1080 4979 repelluntur.
1112 4910 1216 4964 Sed
1254 4910 1486 4978 primum
1529 4925 1660 4964 con-

65 5005 420 5059 siderandum
465 5013 546 5058 est
583 5003 726 5072 quod
767 5002 964 5056 dicitur
991 5000 1182 5054 Joanni
1214 5019 1226 5054 :
1262 5003 1454 5065 scribe,
1499 5003 1550 5056 id
1581 5011 1663 5057 est

65 5098 270 5153 litteris
294 5096 484 5151 manda
516 5097 580 5149 ad
611 5095 898 5149 utilitatem
926 5094 1162 5148 ﬁdelium
1192 5093 1513 5148 futurorum.
1535 5093 1661 5150 Sive

67 5196 215 5263 quod
246 5193 318 5247 illi
344 5192 558 5254 dicitur,
583 5191 726 5244 omni
755 5189 929 5244 ordini
952 5189 1366 5258 praedicatorum
1390 5187 1657 5258 congruit,

65 5300 153 5339 cm
201 5284 399 5340 dicitur
435 5284 620 5344 scribe,
668 5282 720 5335 id
765 5288 848 5336 est
886 5280 1081 5334 manda
1123 5287 1304 5334 mente
1352 5286 1464 5341 tua,
1495 5278 1579 5331 vel
1605 5278 1660 5332 in

68 5377 345 5432 mentibus
386 5375 688 5429 auditorum
743 5380 956 5426 tuorum
1001 5373 1091 5440 qui
1141 5369 1366 5424 audiunt
1405 5368 1657 5423 reconde.

68 5466 220 5523 Libri
249 5467 391 5523 enim
417 5475 472 5521 et
493 5473 707 5519 sanctos
729 5461 1048 5532 signiﬁcant,
1080 5470 1136 5516 et
1159 5462 1332 5531 ipsum
1352 5459 1655 5514 Dominum.

70 5556 228 5614 Unde
253 5566 333 5613 est
364 5572 379 5611 :
405 5556 548 5611 Libri
575 5553 741 5624 aperti
761 5562 902 5617 sunt,
933 5562 981 5606 et
1012 5553 1149 5607 alius
1174 5553 1304 5607 liber
1325 5561 1534 5622 apertus
1560 5560 1656 5616 est,

71 5666 159 5718 qui
187 5659 261 5704 est
284 5651 402 5703 vitte
429 5649 609 5718 (Apoc.
642 5645 754 5716 xx).
785 5645 908 5698 Ideo
934 5645 1133 5698 dicitur
1161 5647 1326 5698 scribe
1346 5685 1360 5709 ,
1394 5646 1446 5698 in
1477 5644 1658 5699 cordi-

71 5739 172 5794 bus
197 5741 405 5796 scilicet
438 5738 743 5792 anditorum
777 5735 1060 5799 bonorum,
1086 5737 1210 5805 quia
1240 5736 1340 5806 ipsi
1367 5745 1494 5790 sunt
1513 5736 1657 5801 libri,

77 5828 358 5894 diligenter
383 5843 570 5893 exara,
601 5843 720 5894 qua:
749 5825 1019 5896 intelligis.
1050 5823 1177 5878 Hrrc
1210 5825 1353 5889 dicit,
1384 5821 1554 5890 amen,
1585 5835 1678 5902 te—_

1767 4648 1875 4705 cat,
1931 4639 2056 4709 quia
2107 4639 2311 4693 veritas
2356 4653 2475 4693 sum
2521 4635 3005 4700 incommutabilis,
3054 4651 3152 4707 per
3196 4634 3380 4706 hujus

1763 4731 2026 4786 orationis
2057 4729 2375 4799 particulam
2421 4728 2752 4783 demonstro.
2791 4727 2909 4798 lpse
2945 4719 3086 4783 ehim
3116 4728 3357 4800 singula-

1763 4824 1899 4878 riter
1933 4839 2114 4888 amen,
2151 4823 2201 4878 id
2232 4831 2345 4887 est,
2379 4821 2707 4890 sempiterna
2757 4821 2974 4884 veritas,
3023 4829 3189 4892 atque
3235 4821 3357 4876 ideo

1763 4925 1823 4970 ut
1851 4914 2306 4970 incommutabilis
2339 4915 2440 4968 ista
2470 4913 2670 4968 veritas
2706 4921 2761 4967 et
2789 4921 2988 4968 aeterna
3016 4911 3352 4976 ostendatur,

1764 5009 1928 5062 etiam
1962 5008 2133 5075 ipsum
2165 5007 2390 5061 verbum
2419 5021 2450 5058 a
2481 5003 2626 5058 nullo
2651 5011 3040 5058 commutatum
3070 5009 3152 5055 est
3181 5000 3353 5055 inter-

1762 5108 1933 5168 prete.
1970 5097 2044 5152 De
2067 5113 2174 5167 quo
2198 5097 2362 5151 etiam
2391 5096 2659 5160 subditur,
2685 5095 2830 5148 testis
2870 5093 3062 5162 ﬁdelis.
3096 5091 3202 5148 Sed
3227 5107 3358 5148 nun~

1762 5191 1890 5261 quid
1923 5206 2028 5244 non
2060 5189 2276 5244 filerunt
2296 5187 2384 5242 alii
2411 5196 2578 5242 testes
2604 5185 2806 5247 ﬁdeles,
2837 5185 2889 5240 id
2912 5193 2993 5239 est
3021 5183 3170 5238 veri?
3218 5182 3352 5239 Nam

1762 5281 1927 5338 Jacob
1957 5280 2229 5352 perhibuit
2275 5279 2644 5334 testimonium
2688 5277 2926 5340 Christo,
2981 5273 3359 5330 dicenszNon

1762 5373 1963 5442 deﬁciet
2011 5372 2248 5442 princeps
2293 5369 2358 5423 de
2399 5368 2547 5422 Juda
2579 5365 2729 5438 (Gen.
2782 5363 2964 5436 XLIX),
3012 5373 3118 5420 etc.
3147 5363 3358 5436 Moyses

1763 5479 1978 5536 quoque
2015 5455 2126 5517 ait:
2157 5460 2475 5531 Prophetam
2519 5459 2658 5514 vobis
2697 5457 2973 5512 suscitabit
3019 5455 3161 5510 Deus
3193 5464 3359 5510 vester

1761 5554 1826 5609 de
1852 5553 2104 5623 fratribus
2131 5551 2311 5605 vestris
2345 5549 2522 5620 (Dent.
2553 5547 2630 5618 κ).
2665 5547 2756 5602 Sic
2784 5547 2966 5609 Isaias,
3009 5544 3273 5600 Jeremias
3301 5551 3357 5598 et

1763 5644 1967 5707 caeteri,
1998 5644 2087 5713 qui
2133 5657 2323 5696 omnes
2365 5642 2548 5710 utique
2578 5647 2741 5694 testes
2782 5638 2968 5693 ﬁdeles
2994 5637 3238 5698 fuerunt,
3269 5635 3354 5689 vel

1761 5734 1896 5800 veri,
1944 5733 2069 5802 quia
2112 5748 2298 5787 verum
2341 5731 2703 5785 testimonium
2745 5730 2809 5784 de
2854 5728 3074 5784 Christo
3117 5725 3356 5798 protule-

1765 5833 1908 5880 runt.
1958 5823 2138 5893 Quare
2189 5825 2289 5881 hoc
2339 5824 2600 5880 Dominus
2648 5821 2956 5893 specialiter
3001 5820 3068 5876 de
3115 5817 3331 5875 sedicit
