  <div class='ocr_page' id='page_1' title='image "/cluster/home/n/w/nwhite01/storage/ocr_20150623/117/hvd.32044015466899/503.png"; bbox 0 0 3974 6460; ppageno 0'>
   <div class='ocr_carea' id='block_1_1' title="bbox 506 432 705 527">
    <p class='ocr_par' dir='ltr' id='par_1_1' title="bbox 506 432 705 527">
     <span class='ocr_line' id='line_1_1' title="bbox 506 432 705 527; baseline 0 0"><span class='ocrx_word' id='word_1_1' title='bbox 506 432 511 437; x_wconf 53' lang='grc'><em>’</em></span> <span class='ocrx_word' id='word_1_2' title='bbox 599 470 705 527; x_wconf 84' lang='lat'><strong>995</strong></span> 
     </span>
    </p>
   </div>
   <div class='ocr_carea' id='block_1_2' title="bbox 1066 445 3401 521">
    <p class='ocr_par' dir='ltr' id='par_1_2' title="bbox 1066 445 3401 521">
     <span class='ocr_line' id='line_1_2' title="bbox 1066 445 3401 521; baseline -0.008 0"><span class='ocrx_word' id='word_1_3' title='bbox 1066 460 1421 521; x_wconf 80' lang='lat' dir='ltr'><strong>HAYMONIS</strong></span> <span class='ocrx_word' id='word_1_4' title='bbox 1460 452 1941 513; x_wconf 81' lang='lat' dir='ltr'><strong>HALBERSTAT.</strong></span> <span class='ocrx_word' id='word_1_5' title='bbox 1983 449 2197 506; x_wconf 61' lang='lat' dir='ltr'><strong>EP‘lSC.</strong></span> <span class='ocrx_word' id='word_1_6' title='bbox 2240 448 2389 505; x_wconf 80' lang='lat' dir='ltr'><strong>Ol’P.</strong></span> <span class='ocrx_word' id='word_1_7' title='bbox 2432 446 2611 504; x_wconf 83' lang='lat' dir='ltr'><strong>PARS</strong></span> <span class='ocrx_word' id='word_1_8' title='bbox 2650 447 2690 505; x_wconf 82' lang='grc' dir='ltr'><strong>Ι.</strong></span> <span class='ocrx_word' id='word_1_9' title='bbox 2726 479 2798 490; x_wconf 91' lang='grc'><strong><em>-</em></strong></span> <span class='ocrx_word' id='word_1_10' title='bbox 2833 445 3187 505; x_wconf 79' lang='lat' dir='ltr'><strong>COMMENT.</strong></span> <span class='ocrx_word' id='word_1_11' title='bbox 3229 446 3401 503; x_wconf 86' lang='lat' dir='ltr'><strong>BIBL.</strong></span> 
     </span>
    </p>
   </div>
   <div class='ocr_carea' id='block_1_3' title="bbox 3820 447 3899 505">
    <p class='ocr_par' dir='ltr' id='par_1_3' title="bbox 3820 447 3899 505">
     <span class='ocr_line' id='line_1_3' title="bbox 3820 447 3899 505; baseline 0 -2"><span class='ocrx_word' id='word_1_12' title='bbox 3820 447 3899 505; x_wconf 63' lang='grc' dir='ltr'><strong>ρεαδ</strong></span> 
     </span>
    </p>
   </div>
   <div class='ocr_carea' id='block_1_4' title="bbox 595 566 3895 645">
    <p class='ocr_par' dir='ltr' id='par_1_4' title="bbox 595 566 3895 645">
     <span class='ocr_line' id='line_1_4' title="bbox 595 566 3895 645; baseline -0.007 -1"><span class='ocrx_word' id='word_1_13' title='bbox 595 604 717 645; x_wconf 91' lang='lat' dir='ltr'><strong>cum</strong></span> <span class='ocrx_word' id='word_1_14' title='bbox 748 587 854 641; x_wconf 85' lang='lat' dir='ltr'><strong>sint</strong></span> <span class='ocrx_word' id='word_1_15' title='bbox 878 590 1038 637; x_wconf 77' lang='lat' dir='ltr'><strong>etiam</strong></span> <span class='ocrx_word' id='word_1_16' title='bbox 1068 578 1221 635; x_wconf 91' lang='lat' dir='ltr'><strong>multi</strong></span> <span class='ocrx_word' id='word_1_17' title='bbox 1264 585 1428 633; x_wconf 90' lang='lat' dir='ltr'><strong>testes</strong></span> <span class='ocrx_word' id='word_1_18' title='bbox 1464 576 1575 630; x_wconf 88' lang='lat' dir='ltr'><strong>veri</strong></span> <span class='ocrx_word' id='word_1_19' title='bbox 1618 582 1779 643; x_wconf 88' lang='lat' dir='ltr'><strong>atque</strong></span> <span class='ocrx_word' id='word_1_20' title='bbox 1808 570 2023 633; x_wconf 84' lang='lat' dir='ltr'><strong>ﬁdeles,</strong></span> <span class='ocrx_word' id='word_1_21' title='bbox 2052 568 2178 639; x_wconf 74' lang='lat' dir='ltr'><strong>quia</strong></span> <span class='ocrx_word' id='word_1_22' title='bbox 2206 571 2256 631; x_wconf 77' lang='grc' dir='ltr'><strong>Α</strong></span> <span class='ocrx_word' id='word_1_23' title='bbox 2284 568 2357 623; x_wconf 90' lang='lat' dir='ltr'><strong>cit</strong></span> <span class='ocrx_word' id='word_1_24' title='bbox 2391 567 2644 622; x_wconf 85' lang='lat' dir='ltr'><strong>Salomon</strong></span> <span class='ocrx_word' id='word_1_25' title='bbox 2678 583 2744 622; x_wconf 76' lang='lat' dir='ltr'><strong>ex</strong></span> <span class='ocrx_word' id='word_1_26' title='bbox 2780 583 3011 638; x_wconf 83' lang='lat' dir='ltr'><strong>persona</strong></span> <span class='ocrx_word' id='word_1_27' title='bbox 3042 566 3248 623; x_wconf 88' lang='lat' dir='ltr'><strong>Christi</strong></span> <span class='ocrx_word' id='word_1_28' title='bbox 3285 584 3300 621; x_wconf 88' lang='lat'>:</span> <span class='ocrx_word' id='word_1_29' title='bbox 3341 566 3642 621; x_wconf 76' lang='lat' dir='ltr'><strong>Dominus</strong></span> <span class='ocrx_word' id='word_1_30' title='bbox 3689 571 3895 634; x_wconf 68' lang='lat' dir='ltr'><strong>possedi:</strong></span> 
     </span>
    </p>
   </div>
   <div class='ocr_carea' id='block_1_5' title="bbox 594 663 2174 746">
    <p class='ocr_par' dir='ltr' id='par_1_5' title="bbox 594 663 2174 746">
     <span class='ocr_line' id='line_1_5' title="bbox 594 663 2174 746; baseline -0.013 -11"><span class='ocrx_word' id='word_1_31' title='bbox 594 679 845 736; x_wconf 77' lang='lat' dir='ltr'><strong>videlicet</strong></span> <span class='ocrx_word' id='word_1_32' title='bbox 886 676 997 746; x_wconf 88' lang='lat' dir='ltr'><strong>ipse</strong></span> <span class='ocrx_word' id='word_1_33' title='bbox 1029 671 1378 743; x_wconf 79' lang='lat' dir='ltr'><strong>singulariter</strong></span> <span class='ocrx_word' id='word_1_34' title='bbox 1413 677 1498 724; x_wconf 91' lang='lat' dir='ltr'><strong>est</strong></span> <span class='ocrx_word' id='word_1_35' title='bbox 1545 667 1700 721; x_wconf 89' lang='lat' dir='ltr'><strong>testis</strong></span> <span class='ocrx_word' id='word_1_36' title='bbox 1733 680 1915 729; x_wconf 90' lang='lat' dir='ltr'><strong>verus,</strong></span> <span class='ocrx_word' id='word_1_37' title='bbox 1946 663 2037 733; x_wconf 86' lang='lat' dir='ltr'><strong>qui</strong></span> <span class='ocrx_word' id='word_1_38' title='bbox 2068 678 2174 716; x_wconf 93' lang='lat' dir='ltr'><strong>non</strong></span> 
     </span>
    </p>
   </div>
   <div class='ocr_carea' id='block_1_6' title="bbox 591 754 2178 849">
    <p class='ocr_par' dir='ltr' id='par_1_6' title="bbox 591 754 2178 849">
     <span class='ocr_line' id='line_1_6' title="bbox 591 754 2178 849; baseline -0.013 -23"><span class='ocrx_word' id='word_1_39' title='bbox 591 779 830 849; x_wconf 61' lang='lat' dir='ltr'><strong>muptur</strong></span> <span class='ocrx_word' id='word_1_40' title='bbox 874 765 1183 835; x_wconf 62' lang='lat' dir='ltr'><strong>aliquando.</strong></span> <span class='ocrx_word' id='word_1_41' title='bbox 1228 760 1377 816; x_wconf 86' lang='lat' dir='ltr'><strong>Sicut</strong></span> <span class='ocrx_word' id='word_1_42' title='bbox 1418 758 1560 813; x_wconf 88' lang='lat' dir='ltr'><strong>enim</strong></span> <span class='ocrx_word' id='word_1_43' title='bbox 1610 754 1915 826; x_wconf 80' lang='lat' dir='ltr'><strong>specialiter</strong></span> <span class='ocrx_word' id='word_1_44' title='bbox 1959 758 2178 806; x_wconf 84' lang='lat' dir='ltr'><strong>sanctus</strong></span> 
     </span>
    </p>
   </div>
   <div class='ocr_carea' id='block_1_7' title="bbox 590 844 2180 925">
    <p class='ocr_par' dir='ltr' id='par_1_7' title="bbox 590 844 2180 925">
     <span class='ocr_line' id='line_1_7' title="bbox 590 844 2180 925; baseline -0.014 -7"><span class='ocrx_word' id='word_1_45' title='bbox 590 844 809 925; x_wconf 84' lang='lat' dir='ltr'><strong>dicitur,</strong></span> <span class='ocrx_word' id='word_1_46' title='bbox 853 873 973 912; x_wconf 89' lang='lat' dir='ltr'><strong>cum</strong></span> <span class='ocrx_word' id='word_1_47' title='bbox 1003 865 1057 911; x_wconf 91' lang='lat' dir='ltr'><strong>et</strong></span> <span class='ocrx_word' id='word_1_48' title='bbox 1089 855 1181 909; x_wconf 86' lang='lat' dir='ltr'><strong>alii</strong></span> <span class='ocrx_word' id='word_1_49' title='bbox 1229 853 1397 908; x_wconf 86' lang='lat' dir='ltr'><strong>sancti</strong></span> <span class='ocrx_word' id='word_1_50' title='bbox 1427 849 1579 905; x_wconf 88' lang='lat' dir='ltr'><strong>multi</strong></span> <span class='ocrx_word' id='word_1_51' title='bbox 1622 857 1769 912; x_wconf 90' lang='lat' dir='ltr'><strong>sunt,</strong></span> <span class='ocrx_word' id='word_1_52' title='bbox 1795 846 1884 916; x_wconf 92' lang='lat' dir='ltr'><strong>qui</strong></span> <span class='ocrx_word' id='word_1_53' title='bbox 1930 844 2180 899; x_wconf 84' lang='lat' dir='ltr'><strong>videlicet</strong></span> 
     </span>
    </p>
   </div>
   <div class='ocr_carea' id='block_1_8' title="bbox 591 936 2179 1023">
    <p class='ocr_par' dir='ltr' id='par_1_8' title="bbox 591 936 2179 1023">
     <span class='ocr_line' id='line_1_8' title="bbox 591 936 2179 1023; baseline -0.014 -14"><span class='ocrx_word' id='word_1_54' title='bbox 591 950 993 1023; x_wconf 78' lang='lat' dir='ltr'><strong>comparatione</strong></span> <span class='ocrx_word' id='word_1_55' title='bbox 1042 947 1213 1009; x_wconf 88' lang='lat' dir='ltr'><strong>illius,</strong></span> <span class='ocrx_word' id='word_1_56' title='bbox 1246 944 1334 1014; x_wconf 90' lang='lat' dir='ltr'><strong>qui</strong></span> <span class='ocrx_word' id='word_1_57' title='bbox 1368 953 1449 997; x_wconf 91' lang='lat' dir='ltr'><strong>est</strong></span> <span class='ocrx_word' id='word_1_58' title='bbox 1495 942 1612 995; x_wconf 89' lang='lat' dir='ltr'><strong>sine</strong></span> <span class='ocrx_word' id='word_1_59' title='bbox 1641 946 1878 1009; x_wconf 86' lang='lat' dir='ltr'><strong>peccato,</strong></span> <span class='ocrx_word' id='word_1_60' title='bbox 1933 936 2179 990; x_wconf 84' lang='lat' dir='ltr'><strong>homines</strong></span> 
     </span>
    </p>
   </div>
   <div class='ocr_carea' id='block_1_9' title="bbox 590 1026 2178 1112">
    <p class='ocr_par' dir='ltr' id='par_1_9' title="bbox 590 1026 2178 1112">
     <span class='ocr_line' id='line_1_9' title="bbox 590 1026 2178 1112; baseline -0.012 -14"><span class='ocrx_word' id='word_1_61' title='bbox 590 1041 773 1112; x_wconf 87' lang='lat' dir='ltr'><strong>injusti</strong></span> <span class='ocrx_word' id='word_1_62' title='bbox 799 1044 939 1095; x_wconf 84' lang='lat' dir='ltr'><strong>sunt.</strong></span> <span class='ocrx_word' id='word_1_63' title='bbox 959 1037 1108 1092; x_wconf 89' lang='lat' dir='ltr'><strong>Licet</strong></span> <span class='ocrx_word' id='word_1_64' title='bbox 1130 1037 1272 1090; x_wconf 89' lang='lat' dir='ltr'><strong>enim</strong></span> <span class='ocrx_word' id='word_1_65' title='bbox 1298 1034 1387 1087; x_wconf 86' lang='lat' dir='ltr'><strong>isti</strong></span> <span class='ocrx_word' id='word_1_66' title='bbox 1412 1033 1514 1085; x_wconf 89' lang='lat' dir='ltr'><strong>sint</strong></span> <span class='ocrx_word' id='word_1_67' title='bbox 1533 1029 1725 1092; x_wconf 84' lang='lat' dir='ltr'><strong>sancti,</strong></span> <span class='ocrx_word' id='word_1_68' title='bbox 1749 1038 1925 1081; x_wconf 88' lang='lat' dir='ltr'><strong>tamen</strong></span> <span class='ocrx_word' id='word_1_69' title='bbox 1941 1026 2063 1095; x_wconf 88' lang='lat' dir='ltr'><strong>quia</strong></span> <span class='ocrx_word' id='word_1_70' title='bbox 2083 1026 2178 1079; x_wconf 89' lang='lat' dir='ltr'><strong>ho-</strong></span> 
     </span>
    </p>
   </div>
   <div class='ocr_carea' id='block_1_10' title="bbox 591 1113 2176 1198">
    <p class='ocr_par' dir='ltr' id='par_1_10' title="bbox 591 1113 2176 1198">
     <span class='ocr_line' id='line_1_10' title="bbox 591 1113 2176 1198; baseline -0.011 -12"><span class='ocrx_word' id='word_1_71' title='bbox 591 1134 765 1187; x_wconf 82' lang='lat' dir='ltr'><strong>mines</strong></span> <span class='ocrx_word' id='word_1_72' title='bbox 794 1138 919 1183; x_wconf 90' lang='lat' dir='ltr'><strong>sunt</strong></span> <span class='ocrx_word' id='word_1_73' title='bbox 942 1127 1082 1198; x_wconf 90' lang='lat' dir='ltr'><strong>puri,</strong></span> <span class='ocrx_word' id='word_1_74' title='bbox 1116 1133 1337 1196; x_wconf 80' lang='lat' dir='ltr'><strong>peccato</strong></span> <span class='ocrx_word' id='word_1_75' title='bbox 1367 1136 1552 1176; x_wconf 86' lang='lat' dir='ltr'><strong>carere</strong></span> <span class='ocrx_word' id='word_1_76' title='bbox 1581 1134 1684 1173; x_wconf 90' lang='lat' dir='ltr'><strong>non</strong></span> <span class='ocrx_word' id='word_1_77' title='bbox 1726 1124 1967 1186; x_wconf 83' lang='lat' dir='ltr'><strong>possunt,</strong></span> <span class='ocrx_word' id='word_1_78' title='bbox 1998 1124 2052 1169; x_wconf 88' lang='lat' dir='ltr'><strong>et</strong></span> <span class='ocrx_word' id='word_1_79' title='bbox 2076 1113 2176 1168; x_wconf 56' lang='lat' dir='ltr'><strong>aliv</strong></span> 
     </span>
    </p>
   </div>
   <div class='ocr_carea' id='block_1_11' title="bbox 591 1206 2180 1296">
    <p class='ocr_par' dir='ltr' id='par_1_11' title="bbox 591 1206 2180 1296">
     <span class='ocr_line' id='line_1_11' title="bbox 591 1206 2180 1296; baseline -0.013 -18"><span class='ocrx_word' id='word_1_80' title='bbox 591 1224 809 1296; x_wconf 79' lang='lat' dir='ltr'><strong>quando</strong></span> <span class='ocrx_word' id='word_1_81' title='bbox 837 1220 1187 1275; x_wconf 81' lang='lat' dir='ltr'><strong>mentiuntur.</strong></span> <span class='ocrx_word' id='word_1_82' title='bbox 1221 1214 1467 1270; x_wconf 84' lang='lat' dir='ltr'><strong>Christus</strong></span> <span class='ocrx_word' id='word_1_83' title='bbox 1500 1218 1678 1264; x_wconf 90' lang='lat' dir='ltr'><strong>autem</strong></span> <span class='ocrx_word' id='word_1_84' title='bbox 1706 1206 2068 1262; x_wconf 90' lang='lat' dir='ltr'><strong>essentialiter</strong></span> <span class='ocrx_word' id='word_1_85' title='bbox 2094 1212 2180 1259; x_wconf 88' lang='lat' dir='ltr'><strong>est</strong></span> 
     </span>
    </p>
   </div>
   <div class='ocr_carea' id='block_1_12' title="bbox 594 1298 2179 1377">
    <p class='ocr_par' dir='ltr' id='par_1_12' title="bbox 594 1298 2179 1377">
     <span class='ocr_line' id='line_1_12' title="bbox 594 1298 2179 1377; baseline -0.013 -5"><span class='ocrx_word' id='word_1_86' title='bbox 594 1323 837 1377; x_wconf 90' lang='lat' dir='ltr'><strong>sanctus,</strong></span> <span class='ocrx_word' id='word_1_87' title='bbox 882 1320 937 1365; x_wconf 89' lang='lat' dir='ltr'><strong>et</strong></span> <span class='ocrx_word' id='word_1_88' title='bbox 980 1323 1139 1363; x_wconf 85' lang='lat' dir='ltr'><strong>verus</strong></span> <span class='ocrx_word' id='word_1_89' title='bbox 1159 1349 1172 1374; x_wconf 93' lang='lat'><strong>,</strong></span> <span class='ocrx_word' id='word_1_90' title='bbox 1205 1308 1327 1376; x_wconf 86' lang='lat' dir='ltr'><strong>quia</strong></span> <span class='ocrx_word' id='word_1_91' title='bbox 1358 1314 1635 1374; x_wconf 88' lang='lat' dir='ltr'><strong>peccatum</strong></span> <span class='ocrx_word' id='word_1_92' title='bbox 1664 1316 1768 1354; x_wconf 89' lang='lat' dir='ltr'><strong>non</strong></span> <span class='ocrx_word' id='word_1_93' title='bbox 1797 1298 1943 1363; x_wconf 82' lang='lat' dir='ltr'><strong>fecit,</strong></span> <span class='ocrx_word' id='word_1_94' title='bbox 1998 1298 2051 1352; x_wconf 92' lang='lat' dir='ltr'><strong>id</strong></span> <span class='ocrx_word' id='word_1_95' title='bbox 2096 1304 2179 1353; x_wconf 88' lang='lat' dir='ltr'><strong>est</strong></span> 
     </span>
    </p>
   </div>
   <div class='ocr_carea' id='block_1_13' title="bbox 594 1388 2181 1468">
    <p class='ocr_par' dir='ltr' id='par_1_13' title="bbox 594 1388 2181 1468">
     <span class='ocr_line' id='line_1_13' title="bbox 594 1388 2181 1468; baseline -0.013 -6"><span class='ocrx_word' id='word_1_96' title='bbox 594 1404 933 1463; x_wconf 85' lang='lat' dir='ltr'><strong>mendacium</strong></span> <span class='ocrx_word' id='word_1_97' title='bbox 956 1415 1228 1468; x_wconf 86' lang='lat' dir='ltr'><strong>nunquam</strong></span> <span class='ocrx_word' id='word_1_98' title='bbox 1254 1397 1414 1451; x_wconf 91' lang='lat' dir='ltr'><strong>ullum</strong></span> <span class='ocrx_word' id='word_1_99' title='bbox 1441 1396 1507 1449; x_wconf 91' lang='lat' dir='ltr'><strong>ab</strong></span> <span class='ocrx_word' id='word_1_100' title='bbox 1536 1409 1630 1447; x_wconf 89' lang='lat' dir='ltr'><strong>ore</strong></span> <span class='ocrx_word' id='word_1_101' title='bbox 1659 1408 1755 1446; x_wconf 91' lang='lat' dir='ltr'><strong>suo</strong></span> <span class='ocrx_word' id='word_1_102' title='bbox 1777 1389 2054 1460; x_wconf 73' lang='lat' dir='ltr'><strong>processit.</strong></span> <span class='ocrx_word' id='word_1_103' title='bbox 2080 1388 2181 1442; x_wconf 86' lang='lat' dir='ltr'><strong>Te-</strong></span> 
     </span>
    </p>
   </div>
   <div class='ocr_carea' id='block_1_14' title="bbox 595 1480 2182 1557">
    <p class='ocr_par' dir='ltr' id='par_1_14' title="bbox 595 1480 2182 1557">
     <span class='ocr_line' id='line_1_14' title="bbox 595 1480 2182 1557; baseline -0.013 -5"><span class='ocrx_word' id='word_1_104' title='bbox 595 1498 697 1552; x_wconf 86' lang='lat' dir='ltr'><strong>stis</strong></span> <span class='ocrx_word' id='word_1_105' title='bbox 720 1506 899 1550; x_wconf 88' lang='lat' dir='ltr'><strong>autem</strong></span> <span class='ocrx_word' id='word_1_106' title='bbox 925 1491 1285 1549; x_wconf 86' lang='lat' dir='ltr'><strong>esthristus,</strong></span> <span class='ocrx_word' id='word_1_107' title='bbox 1304 1488 1395 1557; x_wconf 89' lang='lat' dir='ltr'><strong>qui</strong></span> <span class='ocrx_word' id='word_1_108' title='bbox 1427 1486 1528 1539; x_wconf 76' lang='lat' dir='ltr'><strong>sibi</strong></span> <span class='ocrx_word' id='word_1_109' title='bbox 1553 1493 1607 1538; x_wconf 90' lang='lat' dir='ltr'><strong>et</strong></span> <span class='ocrx_word' id='word_1_110' title='bbox 1636 1482 1781 1535; x_wconf 88' lang='lat' dir='ltr'><strong>Patri</strong></span> <span class='ocrx_word' id='word_1_111' title='bbox 1813 1480 2182 1535; x_wconf 88' lang='lat' dir='ltr'><strong>testimonium</strong></span> 
     </span>
    </p>
   </div>
   <div class='ocr_carea' id='block_1_15' title="bbox 596 1571 2178 1663">
    <p class='ocr_par' dir='ltr' id='par_1_15' title="bbox 596 1571 2178 1663">
     <span class='ocr_line' id='line_1_15' title="bbox 596 1571 2178 1663; baseline -0.012 -19"><span class='ocrx_word' id='word_1_112' title='bbox 596 1589 890 1663; x_wconf 82' lang='lat' dir='ltr'><strong>perhibuit,</strong></span> <span class='ocrx_word' id='word_1_113' title='bbox 915 1584 1100 1638; x_wconf 87' lang='lat' dir='ltr'><strong>dicens</strong></span> <span class='ocrx_word' id='word_1_114' title='bbox 1135 1600 1147 1634; x_wconf 89' lang='lat'><strong>:</strong></span> <span class='ocrx_word' id='word_1_115' title='bbox 1190 1580 1298 1651; x_wconf 83' lang='lat' dir='ltr'><strong>Ego</strong></span> <span class='ocrx_word' id='word_1_116' title='bbox 1326 1589 1370 1631; x_wconf 89' lang='lat' dir='ltr'><strong>et</strong></span> <span class='ocrx_word' id='word_1_117' title='bbox 1407 1577 1567 1631; x_wconf 89' lang='lat' dir='ltr'><strong>Pater</strong></span> <span class='ocrx_word' id='word_1_118' title='bbox 1592 1591 1752 1628; x_wconf 85' lang='lat' dir='ltr'><strong>unum</strong></span> <span class='ocrx_word' id='word_1_119' title='bbox 1788 1589 1969 1626; x_wconf 82' lang='lat' dir='ltr'><strong>sumus</strong></span> <span class='ocrx_word' id='word_1_120' title='bbox 1998 1571 2178 1642; x_wconf 82' lang='lat' dir='ltr'><strong>(Joan.</strong></span> 
     </span>
    </p>
   </div>
   <div class='ocr_carea' id='block_1_16' title="bbox 598 1663 2181 1755">
    <p class='ocr_par' dir='ltr' id='par_1_16' title="bbox 598 1663 2181 1755">
     <span class='ocr_line' id='line_1_16' title="bbox 598 1663 2181 1755; baseline -0.014 -17"><span class='ocrx_word' id='word_1_121' title='bbox 598 1684 676 1755; x_wconf 71' lang='grc' dir='ltr'><strong>χ).</strong></span> <span class='ocrx_word' id='word_1_122' title='bbox 708 1680 966 1737; x_wconf 91' lang='lat' dir='ltr'><strong>Similiter</strong></span> <span class='ocrx_word' id='word_1_123' title='bbox 993 1686 1048 1729; x_wconf 90' lang='lat' dir='ltr'><strong>et</strong></span> <span class='ocrx_word' id='word_1_124' title='bbox 1069 1676 1181 1743; x_wconf 88' lang='lat' dir='ltr'><strong>ipse</strong></span> <span class='ocrx_word' id='word_1_125' title='bbox 1210 1670 1371 1725; x_wconf 88' lang='lat' dir='ltr'><strong>Pater</strong></span> <span class='ocrx_word' id='word_1_126' title='bbox 1406 1670 1480 1724; x_wconf 85' lang='lat' dir='ltr'><strong>ait</strong></span> <span class='ocrx_word' id='word_1_127' title='bbox 1508 1687 1519 1722; x_wconf 89' lang='lat'><strong>:</strong></span> <span class='ocrx_word' id='word_1_128' title='bbox 1550 1667 1650 1721; x_wconf 86' lang='lat' dir='ltr'><strong>Hic</strong></span> <span class='ocrx_word' id='word_1_129' title='bbox 1699 1675 1773 1721; x_wconf 88' lang='lat' dir='ltr'><strong>est</strong></span> <span class='ocrx_word' id='word_1_130' title='bbox 1820 1663 1992 1718; x_wconf 79' lang='lat' dir='ltr'><strong>Filius</strong></span> <span class='ocrx_word' id='word_1_131' title='bbox 2038 1681 2181 1717; x_wconf 86' lang='lat' dir='ltr'><strong>meus</strong></span> 
     </span>
    </p>
   </div>
   <div class='ocr_carea' id='block_1_17' title="bbox 598 1758 2179 1847">
    <p class='ocr_par' dir='ltr' id='par_1_17' title="bbox 598 1758 2179 1847">
     <span class='ocr_line' id='line_1_17' title="bbox 598 1758 2179 1847; baseline -0.011 -19"><span class='ocrx_word' id='word_1_132' title='bbox 598 1775 816 1847; x_wconf 75' lang='lat' dir='ltr'><strong>dilectus</strong></span> <span class='ocrx_word' id='word_1_133' title='bbox 831 1770 1044 1843; x_wconf 81' lang='lat' dir='ltr'><strong>(Matth.</strong></span> <span class='ocrx_word' id='word_1_134' title='bbox 1066 1766 1167 1835; x_wconf 89' lang='lat' dir='ltr'><strong>tu).</strong></span> <span class='ocrx_word' id='word_1_135' title='bbox 1189 1764 1405 1819; x_wconf 85' lang='lat' dir='ltr'><strong>Necnon</strong></span> <span class='ocrx_word' id='word_1_136' title='bbox 1429 1762 1590 1816; x_wconf 86' lang='lat' dir='ltr'><strong>etiam</strong></span> <span class='ocrx_word' id='word_1_137' title='bbox 1607 1770 1661 1814; x_wconf 92' lang='lat' dir='ltr'><strong>et</strong></span> <span class='ocrx_word' id='word_1_138' title='bbox 1688 1758 1921 1828; x_wconf 73' lang='lat' dir='ltr'><strong>Spiritus</strong></span> <span class='ocrx_word' id='word_1_139' title='bbox 1941 1766 2179 1821; x_wconf 89' lang='lat' dir='ltr'><strong>sanctus,</strong></span> 
     </span>
    </p>
   </div>
   <div class='ocr_carea' id='block_1_18' title="bbox 599 1843 2183 1932">
    <p class='ocr_par' dir='ltr' id='par_1_18' title="bbox 599 1843 2183 1932">
     <span class='ocr_line' id='line_1_18' title="bbox 599 1843 2183 1932; baseline -0.014 -14"><span class='ocrx_word' id='word_1_140' title='bbox 599 1843 666 1918; x_wconf 86' lang='lat' dir='ltr'><strong>de</strong></span> <span class='ocrx_word' id='word_1_141' title='bbox 691 1877 797 1932; x_wconf 91' lang='lat' dir='ltr'><strong>quo</strong></span> <span class='ocrx_word' id='word_1_142' title='bbox 838 1859 977 1913; x_wconf 89' lang='lat' dir='ltr'><strong>idem</strong></span> <span class='ocrx_word' id='word_1_143' title='bbox 1007 1854 1264 1909; x_wconf 87' lang='lat' dir='ltr'><strong>Dominus</strong></span> <span class='ocrx_word' id='word_1_144' title='bbox 1310 1850 1563 1921; x_wconf 84' lang='lat' dir='ltr'><strong>apostolis</strong></span> <span class='ocrx_word' id='word_1_145' title='bbox 1616 1848 1747 1903; x_wconf 85' lang='lat' dir='ltr'><strong>dicit</strong></span> <span class='ocrx_word' id='word_1_146' title='bbox 1791 1865 1804 1900; x_wconf 94' lang='lat'>:</span> <span class='ocrx_word' id='word_1_147' title='bbox 1846 1843 1979 1899; x_wconf 86' lang='lat' dir='ltr'><strong>Cum</strong></span> <span class='ocrx_word' id='word_1_148' title='bbox 2011 1855 2183 1898; x_wconf 79' lang='lat' dir='ltr'><strong>autent</strong></span> 
     </span>
    </p>
   </div>
   <div class='ocr_carea' id='block_1_19' title="bbox 2283 657 3891 729">
    <p class='ocr_par' dir='ltr' id='par_1_19' title="bbox 2283 657 3891 729">
     <span class='ocr_line' id='line_1_19' title="bbox 2283 657 3891 729; baseline -0.001 -14"><span class='ocrx_word' id='word_1_149' title='bbox 2283 678 2365 717; x_wconf 89' lang='lat' dir='ltr'><strong>me</strong></span> <span class='ocrx_word' id='word_1_150' title='bbox 2404 663 2457 715; x_wconf 87' lang='lat' dir='ltr'><strong>in</strong></span> <span class='ocrx_word' id='word_1_151' title='bbox 2504 661 2653 715; x_wconf 87' lang='lat' dir='ltr'><strong>initio</strong></span> <span class='ocrx_word' id='word_1_152' title='bbox 2697 662 2901 714; x_wconf 81' lang='lat' dir='ltr'><strong>viarum</strong></span> <span class='ocrx_word' id='word_1_153' title='bbox 2944 676 3197 724; x_wconf 84' lang='lat' dir='ltr'><strong>suarum,</strong></span> <span class='ocrx_word' id='word_1_154' title='bbox 3245 659 3297 714; x_wconf 88' lang='lat' dir='ltr'><strong>id</strong></span> <span class='ocrx_word' id='word_1_155' title='bbox 3340 669 3462 723; x_wconf 92' lang='lat' dir='ltr'><strong>est,</strong></span> <span class='ocrx_word' id='word_1_156' title='bbox 3520 657 3588 712; x_wconf 85' lang='lat' dir='ltr'><strong>in</strong></span> <span class='ocrx_word' id='word_1_157' title='bbox 3642 658 3891 729; x_wconf 73' lang='lat' dir='ltr'><strong>principio</strong></span> 
     </span>
    </p>
   </div>
   <div class='ocr_carea' id='block_1_20' title="bbox 2283 751 3892 823">
    <p class='ocr_par' dir='ltr' id='par_1_20' title="bbox 2283 751 3892 823">
     <span class='ocr_line' id='line_1_20' title="bbox 2283 751 3892 823; baseline -0.002 -16"><span class='ocrx_word' id='word_1_158' title='bbox 2283 754 2557 807; x_wconf 86' lang='lat' dir='ltr'><strong>actionum</strong></span> <span class='ocrx_word' id='word_1_159' title='bbox 2591 768 2851 817; x_wconf 88' lang='lat' dir='ltr'><strong>suarum;</strong></span> <span class='ocrx_word' id='word_1_160' title='bbox 2885 764 3163 823; x_wconf 84' lang='lat' dir='ltr'><strong>antequam</strong></span> <span class='ocrx_word' id='word_1_161' title='bbox 3192 751 3483 822; x_wconf 80' lang='lat' dir='ltr'><strong>quidquam</strong></span> <span class='ocrx_word' id='word_1_162' title='bbox 3546 751 3803 820; x_wconf 80' lang='lat' dir='ltr'><strong>faceret,</strong></span> <span class='ocrx_word' id='word_1_163' title='bbox 3835 762 3892 804; x_wconf 80' lang='lat' dir='ltr'><strong>ta-</strong></span> 
     </span>
    </p>
   </div>
   <div class='ocr_carea' id='block_1_21' title="bbox 2282 837 3886 915">
    <p class='ocr_par' dir='ltr' id='par_1_21' title="bbox 2282 837 3886 915">
     <span class='ocr_line' id='line_1_21' title="bbox 2282 837 3886 915; baseline -0.001 -16"><span class='ocrx_word' id='word_1_164' title='bbox 2282 846 2407 900; x_wconf 86' lang='lat' dir='ltr'><strong>liter</strong></span> <span class='ocrx_word' id='word_1_165' title='bbox 2446 854 2529 900; x_wconf 90' lang='lat' dir='ltr'><strong>est</strong></span> <span class='ocrx_word' id='word_1_166' title='bbox 2577 843 3023 915; x_wconf 87' lang='lat' dir='ltr'><strong>intelligendum,</strong></span> <span class='ocrx_word' id='word_1_167' title='bbox 3075 843 3218 912; x_wconf 92' lang='lat' dir='ltr'><strong>quod</strong></span> <span class='ocrx_word' id='word_1_168' title='bbox 3265 842 3410 896; x_wconf 90' lang='lat' dir='ltr'><strong>Deus</strong></span> <span class='ocrx_word' id='word_1_169' title='bbox 3454 837 3886 911; x_wconf 63' lang='lat' dir='ltr'><strong>pater‘omm</strong></span> 
     </span>
    </p>
   </div>
   <div class='ocr_carea' id='block_1_22' title="bbox 2282 933 3885 1002">
    <p class='ocr_par' dir='ltr' id='par_1_22' title="bbox 2282 933 3885 1002">
     <span class='ocr_line' id='line_1_22' title="bbox 2282 933 3885 1002; baseline -0.001 -13"><span class='ocrx_word' id='word_1_170' title='bbox 2282 944 2588 989; x_wconf 84' lang='lat' dir='ltr'><strong>creaturam</strong></span> <span class='ocrx_word' id='word_1_171' title='bbox 2620 942 2727 988; x_wconf 91' lang='lat' dir='ltr'><strong>tam</strong></span> <span class='ocrx_word' id='word_1_172' title='bbox 2762 935 3053 987; x_wconf 89' lang='lat' dir='ltr'><strong>humanam</strong></span> <span class='ocrx_word' id='word_1_173' title='bbox 3092 949 3252 1002; x_wconf 79' lang='lat' dir='ltr'><strong>quam</strong></span> <span class='ocrx_word' id='word_1_174' title='bbox 3290 933 3627 999; x_wconf 76' lang='lat' dir='ltr'><strong>angelicam</strong></span> <span class='ocrx_word' id='word_1_175' title='bbox 3663 948 3766 986; x_wconf 84' lang='lat' dir='ltr'><strong>sua</strong></span> <span class='ocrx_word' id='word_1_176' title='bbox 3796 950 3885 988; x_wconf 80' lang='lat' dir='ltr'><strong>uos-</strong></span> 
     </span>
    </p>
   </div>
   <div class='ocr_carea' id='block_1_23' title="bbox 2281 1024 3883 1096">
    <p class='ocr_par' dir='ltr' id='par_1_23' title="bbox 2281 1024 3883 1096">
     <span class='ocr_line' id='line_1_23' title="bbox 2281 1024 3883 1096; baseline -0.001 -14"><span class='ocrx_word' id='word_1_177' title='bbox 2281 1028 2481 1083; x_wconf 89' lang='lat' dir='ltr'><strong>sideret</strong></span> <span class='ocrx_word' id='word_1_178' title='bbox 2514 1026 2805 1095; x_wconf 79' lang='lat' dir='ltr'><strong>sapientia,</strong></span> <span class='ocrx_word' id='word_1_179' title='bbox 2836 1041 2933 1096; x_wconf 89' lang='lat' dir='ltr'><strong>per</strong></span> <span class='ocrx_word' id='word_1_180' title='bbox 2958 1039 3120 1093; x_wconf 88' lang='lat' dir='ltr'><strong>quam</strong></span> <span class='ocrx_word' id='word_1_181' title='bbox 3150 1031 3204 1078; x_wconf 93' lang='lat' dir='ltr'><strong>et</strong></span> <span class='ocrx_word' id='word_1_182' title='bbox 3231 1024 3415 1078; x_wconf 87' lang='lat' dir='ltr'><strong>omnia</strong></span> <span class='ocrx_word' id='word_1_183' title='bbox 3446 1024 3768 1088; x_wconf 87' lang='lat' dir='ltr'><strong>condidit,</strong></span> <span class='ocrx_word' id='word_1_184' title='bbox 3799 1026 3883 1080; x_wconf 66' lang='lat' dir='ltr'><strong>sit:</strong></span> 
     </span>
    </p>
   </div>
   <div class='ocr_carea' id='block_1_24' title="bbox 2282 1116 3877 1185">
    <p class='ocr_par' dir='ltr' id='par_1_24' title="bbox 2282 1116 3877 1185">
     <span class='ocr_line' id='line_1_24' title="bbox 2282 1116 3877 1185; baseline -0.003 -10"><span class='ocrx_word' id='word_1_185' title='bbox 2282 1119 2337 1175; x_wconf 90' lang='lat' dir='ltr'><strong>in</strong></span> <span class='ocrx_word' id='word_1_186' title='bbox 2368 1120 2505 1175; x_wconf 67' lang='lat' dir='ltr'><strong>caelo</strong></span> <span class='ocrx_word' id='word_1_187' title='bbox 2532 1121 2645 1174; x_wconf 88' lang='lat' dir='ltr'><strong>sive</strong></span> <span class='ocrx_word' id='word_1_188' title='bbox 2677 1119 2731 1173; x_wconf 92' lang='lat' dir='ltr'><strong>in</strong></span> <span class='ocrx_word' id='word_1_189' title='bbox 2765 1127 2930 1172; x_wconf 90' lang='lat' dir='ltr'><strong>terra.</strong></span> <span class='ocrx_word' id='word_1_190' title='bbox 2959 1116 3016 1172; x_wconf 89' lang='lat' dir='ltr'><strong>Si</strong></span> <span class='ocrx_word' id='word_1_191' title='bbox 3048 1124 3248 1179; x_wconf 90' lang='lat' dir='ltr'><strong>autem,</strong></span> <span class='ocrx_word' id='word_1_192' title='bbox 3289 1116 3434 1171; x_wconf 83' lang='lat' dir='ltr'><strong>sicut</strong></span> <span class='ocrx_word' id='word_1_193' title='bbox 3462 1118 3530 1170; x_wconf 88' lang='lat' dir='ltr'><strong>in</strong></span> <span class='ocrx_word' id='word_1_194' title='bbox 3566 1117 3877 1185; x_wconf 67' lang='lat' dir='ltr'><strong>quibusdam</strong></span> 
     </span>
    </p>
   </div>
   <div class='ocr_carea' id='block_1_25' title="bbox 2281 1209 3877 1279">
    <p class='ocr_par' dir='ltr' id='par_1_25' title="bbox 2281 1209 3877 1279">
     <span class='ocr_line' id='line_1_25' title="bbox 2281 1209 3877 1279; baseline -0.005 -10"><span class='ocrx_word' id='word_1_195' title='bbox 2281 1213 2558 1269; x_wconf 85' lang='lat' dir='ltr'><strong>codicibus</strong></span> <span class='ocrx_word' id='word_1_196' title='bbox 2601 1220 2657 1266; x_wconf 87' lang='lat' dir='ltr'><strong>et</strong></span> <span class='ocrx_word' id='word_1_197' title='bbox 2682 1212 2735 1265; x_wconf 93' lang='lat' dir='ltr'><strong>in</strong></span> <span class='ocrx_word' id='word_1_198' title='bbox 2761 1211 2864 1265; x_wconf 90' lang='lat' dir='ltr'><strong>alia</strong></span> <span class='ocrx_word' id='word_1_199' title='bbox 2898 1210 3250 1264; x_wconf 89' lang='lat' dir='ltr'><strong>translatione</strong></span> <span class='ocrx_word' id='word_1_200' title='bbox 3280 1209 3535 1263; x_wconf 83' lang='lat' dir='ltr'><strong>habetur</strong></span> <span class='ocrx_word' id='word_1_201' title='bbox 3567 1209 3877 1279; x_wconf 60' lang='lat' dir='ltr'><strong>legeremus</strong></span> 
     </span>
    </p>
   </div>
   <div class='ocr_carea' id='block_1_26' title="bbox 2282 1300 3871 1372">
    <p class='ocr_par' dir='ltr' id='par_1_26' title="bbox 2282 1300 3871 1372">
     <span class='ocr_line' id='line_1_26' title="bbox 2282 1300 3871 1372; baseline -0.003 -12"><span class='ocrx_word' id='word_1_202' title='bbox 2282 1304 2542 1360; x_wconf 90' lang='lat' dir='ltr'><strong>Dominus</strong></span> <span class='ocrx_word' id='word_1_203' title='bbox 2577 1304 2785 1359; x_wconf 86' lang='lat' dir='ltr'><strong>creavit</strong></span> <span class='ocrx_word' id='word_1_204' title='bbox 2830 1319 2948 1369; x_wconf 88' lang='lat' dir='ltr'><strong>me,</strong></span> <span class='ocrx_word' id='word_1_205' title='bbox 2999 1303 3072 1357; x_wconf 93' lang='lat' dir='ltr'><strong>ita</strong></span> <span class='ocrx_word' id='word_1_206' title='bbox 3117 1313 3201 1356; x_wconf 87' lang='lat' dir='ltr'><strong>est</strong></span> <span class='ocrx_word' id='word_1_207' title='bbox 3246 1300 3730 1372; x_wconf 84' lang='lat' dir='ltr'><strong>intelligendum,</strong></span> <span class='ocrx_word' id='word_1_208' title='bbox 3775 1306 3871 1371; x_wconf 74' lang='lat' dir='ltr'><strong>quia</strong></span> 
     </span>
    </p>
   </div>
   <div class='ocr_carea' id='block_1_27' title="bbox 2282 1390 3871 1462">
    <p class='ocr_par' dir='ltr' id='par_1_27' title="bbox 2282 1390 3871 1462">
     <span class='ocr_line' id='line_1_27' title="bbox 2282 1390 3871 1462; baseline -0.001 -14"><span class='ocrx_word' id='word_1_209' title='bbox 2282 1403 2572 1462; x_wconf 88' lang='lat' dir='ltr'><strong>antequam</strong></span> <span class='ocrx_word' id='word_1_210' title='bbox 2617 1394 2911 1462; x_wconf 86' lang='lat' dir='ltr'><strong>quidquam</strong></span> <span class='ocrx_word' id='word_1_211' title='bbox 2959 1390 3203 1456; x_wconf 76' lang='lat' dir='ltr'><strong>faceret,</strong></span> <span class='ocrx_word' id='word_1_212' title='bbox 3254 1408 3413 1446; x_wconf 87' lang='lat' dir='ltr'><strong>suam</strong></span> <span class='ocrx_word' id='word_1_213' title='bbox 3470 1392 3871 1462; x_wconf 65' lang='lat' dir='ltr'><strong>praedestinavit</strong></span> 
     </span>
    </p>
   </div>
   <div class='ocr_carea' id='block_1_28' title="bbox 2284 1486 3868 1557">
    <p class='ocr_par' dir='ltr' id='par_1_28' title="bbox 2284 1486 3868 1557">
     <span class='ocr_line' id='line_1_28' title="bbox 2284 1486 3868 1557; baseline -0.003 -14"><span class='ocrx_word' id='word_1_214' title='bbox 2284 1488 2602 1557; x_wconf 88' lang='lat' dir='ltr'><strong>sapientiam</strong></span> <span class='ocrx_word' id='word_1_215' title='bbox 2636 1486 3055 1551; x_wconf 89' lang='lat' dir='ltr'><strong>incarnandam,</strong></span> <span class='ocrx_word' id='word_1_216' title='bbox 3098 1491 3154 1539; x_wconf 91' lang='lat' dir='ltr'><strong>ut</strong></span> <span class='ocrx_word' id='word_1_217' title='bbox 3183 1501 3279 1540; x_wconf 89' lang='lat' dir='ltr'><strong>sua</strong></span> <span class='ocrx_word' id='word_1_218' title='bbox 3309 1486 3594 1555; x_wconf 86' lang='lat' dir='ltr'><strong>passione</strong></span> <span class='ocrx_word' id='word_1_219' title='bbox 3635 1494 3696 1540; x_wconf 89' lang='lat' dir='ltr'><strong>et</strong></span> <span class='ocrx_word' id='word_1_220' title='bbox 3730 1500 3868 1540; x_wconf 72' lang='lat' dir='ltr'><strong>mort:</strong></span> 
     </span>
    </p>
   </div>
   <div class='ocr_carea' id='block_1_29' title="bbox 2284 1576 3863 1649">
    <p class='ocr_par' dir='ltr' id='par_1_29' title="bbox 2284 1576 3863 1649">
     <span class='ocr_line' id='line_1_29' title="bbox 2284 1576 3863 1649; baseline 0.001 -19"><span class='ocrx_word' id='word_1_221' title='bbox 2284 1592 2453 1649; x_wconf 87' lang='lat' dir='ltr'><strong>genus</strong></span> <span class='ocrx_word' id='word_1_222' title='bbox 2478 1577 2769 1629; x_wconf 86' lang='lat' dir='ltr'><strong>humanum</strong></span> <span class='ocrx_word' id='word_1_223' title='bbox 2800 1577 3113 1640; x_wconf 86' lang='lat' dir='ltr'><strong>redimeret,</strong></span> <span class='ocrx_word' id='word_1_224' title='bbox 3135 1585 3188 1630; x_wconf 90' lang='lat' dir='ltr'><strong>et</strong></span> <span class='ocrx_word' id='word_1_225' title='bbox 3210 1576 3275 1629; x_wconf 91' lang='lat' dir='ltr'><strong>ad</strong></span> <span class='ocrx_word' id='word_1_226' title='bbox 3298 1577 3557 1645; x_wconf 88' lang='lat' dir='ltr'><strong>patriam</strong></span> <span class='ocrx_word' id='word_1_227' title='bbox 3594 1589 3863 1631; x_wconf 65' lang='lat' dir='ltr'><strong>revocaret.</strong></span> 
     </span>
    </p>
   </div>
   <div class='ocr_carea' id='block_1_30' title="bbox 2286 1667 3861 1737">
    <p class='ocr_par' dir='ltr' id='par_1_30' title="bbox 2286 1667 3861 1737">
     <span class='ocr_line' id='line_1_30' title="bbox 2286 1667 3861 1737; baseline -0.001 -14"><span class='ocrx_word' id='word_1_228' title='bbox 2286 1670 2437 1723; x_wconf 85' lang='lat' dir='ltr'><strong>Tunc</strong></span> <span class='ocrx_word' id='word_1_229' title='bbox 2464 1669 2517 1723; x_wconf 90' lang='lat' dir='ltr'><strong>in</strong></span> <span class='ocrx_word' id='word_1_230' title='bbox 2547 1667 2815 1737; x_wconf 89' lang='lat' dir='ltr'><strong>principio</strong></span> <span class='ocrx_word' id='word_1_231' title='bbox 2844 1667 3030 1737; x_wconf 88' lang='lat' dir='ltr'><strong>utique</strong></span> <span class='ocrx_word' id='word_1_232' title='bbox 3063 1683 3283 1721; x_wconf 90' lang='lat' dir='ltr'><strong>suarum</strong></span> <span class='ocrx_word' id='word_1_233' title='bbox 3314 1667 3624 1721; x_wconf 84' lang='lat' dir='ltr'><strong>actionum</strong></span> <span class='ocrx_word' id='word_1_234' title='bbox 3670 1668 3723 1721; x_wconf 91' lang='lat' dir='ltr'><strong>in</strong></span> <span class='ocrx_word' id='word_1_235' title='bbox 3756 1668 3861 1723; x_wconf 62' lang='lat' dir='ltr'><strong>(ﬁti-</strong></span> 
     </span>
    </p>
   </div>
   <div class='ocr_carea' id='block_1_31' title="bbox 2286 1759 3860 1829">
    <p class='ocr_par' dir='ltr' id='par_1_31' title="bbox 2286 1759 3860 1829">
     <span class='ocr_line' id='line_1_31' title="bbox 2286 1759 3860 1829; baseline 0.001 -13"><span class='ocrx_word' id='word_1_236' title='bbox 2286 1763 2493 1826; x_wconf 86' lang='lat' dir='ltr'><strong>nitate,</strong></span> <span class='ocrx_word' id='word_1_237' title='bbox 2541 1775 2696 1815; x_wconf 84' lang='lat' dir='ltr'><strong>suam</strong></span> <span class='ocrx_word' id='word_1_238' title='bbox 2739 1759 3060 1829; x_wconf 85' lang='lat' dir='ltr'><strong>sapientiam</strong></span> <span class='ocrx_word' id='word_1_239' title='bbox 3103 1760 3343 1829; x_wconf 89' lang='lat' dir='ltr'><strong>possedit</strong></span> <span class='ocrx_word' id='word_1_240' title='bbox 3389 1759 3483 1813; x_wconf 81' lang='lat' dir='ltr'><strong>vel</strong></span> <span class='ocrx_word' id='word_1_241' title='bbox 3536 1762 3755 1814; x_wconf 81' lang='lat' dir='ltr'><strong>creavit</strong></span> <span class='ocrx_word' id='word_1_242' title='bbox 3787 1762 3860 1817; x_wconf 70' lang='lat' dir='ltr'><strong>sibi</strong></span> 
     </span>
    </p>
   </div>
   <div class='ocr_carea' id='block_1_32' title="bbox 2252 1852 3856 1924">
    <p class='ocr_par' dir='ltr' id='par_1_32' title="bbox 2252 1852 3856 1924">
     <span class='ocr_line' id='line_1_32' title="bbox 2252 1852 3856 1924; baseline 0.002 -17"><span class='ocrx_word' id='word_1_243' title='bbox 2252 1910 2257 1915; x_wconf 61' lang='grc'>,</span> <span class='ocrx_word' id='word_1_244' title='bbox 2285 1852 2566 1922; x_wconf 77' lang='lat' dir='ltr'><strong>aequalem,</strong></span> <span class='ocrx_word' id='word_1_245' title='bbox 2599 1866 2719 1906; x_wconf 90' lang='lat' dir='ltr'><strong>cum</strong></span> <span class='ocrx_word' id='word_1_246' title='bbox 2750 1867 2970 1907; x_wconf 85' lang='lat' dir='ltr'><strong>caran</strong></span> <span class='ocrx_word' id='word_1_247' title='bbox 3001 1854 3345 1923; x_wconf 89' lang='lat' dir='ltr'><strong>postmodum</strong></span> <span class='ocrx_word' id='word_1_248' title='bbox 3375 1855 3685 1924; x_wconf 83' lang='lat' dir='ltr'><strong>suscipere</strong></span> <span class='ocrx_word' id='word_1_249' title='bbox 3710 1857 3856 1910; x_wconf 65' lang='lat' dir='ltr'><strong>mam</strong></span> 
     </span>
    </p>
   </div>
   <div class='ocr_carea' id='block_1_33' title="bbox 600 1924 3856 2018">
    <p class='ocr_par' dir='ltr' id='par_1_33' title="bbox 600 1924 3856 2018">
     <span class='ocr_line' id='line_1_33' title="bbox 600 1924 3856 2018; baseline -0.002 -11"><span class='ocrx_word' id='word_1_250' title='bbox 600 1952 788 2007; x_wconf 86' lang='lat' dir='ltr'><strong>venerit</strong></span> <span class='ocrx_word' id='word_1_251' title='bbox 816 1946 1121 2001; x_wconf 80' lang='lat' dir='ltr'><strong>Paracletus</strong></span> <span class='ocrx_word' id='word_1_252' title='bbox 1142 1959 1292 2014; x_wconf 87' lang='lat' dir='ltr'><strong>quem</strong></span> <span class='ocrx_word' id='word_1_253' title='bbox 1314 1959 1405 2011; x_wconf 85' lang='lat' dir='ltr'><strong>ego</strong></span> <span class='ocrx_word' id='word_1_254' title='bbox 1430 1941 1631 1991; x_wconf 89' lang='lat' dir='ltr'><strong>mittam</strong></span> <span class='ocrx_word' id='word_1_255' title='bbox 1661 1936 1799 1990; x_wconf 82' lang='lat' dir='ltr'><strong>vobis</strong></span> <span class='ocrx_word' id='word_1_256' title='bbox 1828 1953 1858 1989; x_wconf 90' lang='lat' dir='ltr'><strong>a</strong></span> <span class='ocrx_word' id='word_1_257' title='bbox 1878 1931 2059 1998; x_wconf 83' lang='lat' dir='ltr'><strong>Patre,</strong></span> <span class='ocrx_word' id='word_1_258' title='bbox 2092 1932 2179 1987; x_wconf 83' lang='lat' dir='ltr'><strong>ille</strong></span> <span class='ocrx_word' id='word_1_259' title='bbox 2209 1924 2259 1984; x_wconf 81' lang='grc' dir='ltr'><strong>Β</strong></span> <span class='ocrx_word' id='word_1_260' title='bbox 2285 1948 2432 2004; x_wconf 60' lang='grc' dir='ltr'>δοιυι</span> <span class='ocrx_word' id='word_1_261' title='bbox 2457 1949 2598 2003; x_wconf 72' lang='lat' dir='ltr'><strong>enim</strong></span> <span class='ocrx_word' id='word_1_262' title='bbox 2623 1946 2939 2017; x_wconf 69' lang='lat' dir='ltr'><strong>plerumque</strong></span> <span class='ocrx_word' id='word_1_263' title='bbox 2956 1962 3110 2001; x_wconf 82' lang='lat' dir='ltr'><strong>sacra</strong></span> <span class='ocrx_word' id='word_1_264' title='bbox 3138 1945 3428 2018; x_wconf 81' lang='lat' dir='ltr'><strong>Scriptura</strong></span> <span class='ocrx_word' id='word_1_265' title='bbox 3461 1963 3533 2001; x_wconf 88' lang='lat' dir='ltr'><strong>ea</strong></span> <span class='ocrx_word' id='word_1_266' title='bbox 3562 1948 3856 2018; x_wconf 65' lang='lat' dir='ltr'><strong>quaeinter:</strong></span> 
     </span>
    </p>
   </div>
   <div class='ocr_carea' id='block_1_34' title="bbox 598 2024 2174 2108">
    <p class='ocr_par' dir='ltr' id='par_1_34' title="bbox 598 2024 2174 2108">
     <span class='ocr_line' id='line_1_34' title="bbox 598 2024 2174 2108; baseline -0.015 -10"><span class='ocrx_word' id='word_1_267' title='bbox 598 2040 947 2098; x_wconf 82' lang='lat' dir='ltr'><strong>testimonium</strong></span> <span class='ocrx_word' id='word_1_268' title='bbox 974 2033 1255 2108; x_wconf 83' lang='lat' dir='ltr'><strong>perhibebit</strong></span> <span class='ocrx_word' id='word_1_269' title='bbox 1287 2032 1349 2085; x_wconf 83' lang='lat' dir='ltr'><strong>de</strong></span> <span class='ocrx_word' id='word_1_270' title='bbox 1374 2047 1451 2083; x_wconf 86' lang='lat' dir='ltr'><strong>me</strong></span> <span class='ocrx_word' id='word_1_271' title='bbox 1482 2027 1663 2099; x_wconf 83' lang='lat' dir='ltr'><strong>(Joan.</strong></span> <span class='ocrx_word' id='word_1_272' title='bbox 1686 2024 1918 2097; x_wconf 62' lang='grc' dir='ltr'><strong>μ’).οιιί</strong></span> <span class='ocrx_word' id='word_1_273' title='bbox 1946 2034 2019 2078; x_wconf 85' lang='lat' dir='ltr'><strong>est</strong></span> <span class='ocrx_word' id='word_1_274' title='bbox 2038 2024 2174 2092; x_wconf 83' lang='lat' dir='ltr'><strong>prin-</strong></span> 
     </span>
    </p>
   </div>
   <div class='ocr_carea' id='block_1_35' title="bbox 599 2116 2183 2203">
    <p class='ocr_par' dir='ltr' id='par_1_35' title="bbox 599 2116 2183 2203">
     <span class='ocr_line' id='line_1_35' title="bbox 599 2116 2183 2203; baseline -0.014 -15"><span class='ocrx_word' id='word_1_275' title='bbox 599 2135 793 2203; x_wconf 79' lang='lat' dir='ltr'><strong>cipium</strong></span> <span class='ocrx_word' id='word_1_276' title='bbox 838 2141 1091 2183; x_wconf 74' lang='lat' dir='ltr'><strong>creatum</strong></span> <span class='ocrx_word' id='word_1_277' title='bbox 1126 2125 1246 2187; x_wconf 84' lang='lat' dir='ltr'><strong>Dei,</strong></span> <span class='ocrx_word' id='word_1_278' title='bbox 1277 2122 1330 2177; x_wconf 91' lang='lat' dir='ltr'><strong>id</strong></span> <span class='ocrx_word' id='word_1_279' title='bbox 1376 2132 1459 2175; x_wconf 85' lang='lat' dir='ltr'><strong>est</strong></span> <span class='ocrx_word' id='word_1_280' title='bbox 1486 2122 1551 2175; x_wconf 91' lang='lat' dir='ltr'><strong>de</strong></span> <span class='ocrx_word' id='word_1_281' title='bbox 1594 2134 1700 2189; x_wconf 89' lang='lat' dir='ltr'><strong>quo</strong></span> <span class='ocrx_word' id='word_1_282' title='bbox 1730 2116 1906 2171; x_wconf 90' lang='lat' dir='ltr'><strong>omnis</strong></span> <span class='ocrx_word' id='word_1_283' title='bbox 1935 2123 2183 2169; x_wconf 84' lang='lat' dir='ltr'><strong>creatura</strong></span> 
     </span>
    </p>
   </div>
   <div class='ocr_carea' id='block_1_36' title="bbox 599 2204 2184 2294">
    <p class='ocr_par' dir='ltr' id='par_1_36' title="bbox 599 2204 2184 2294">
     <span class='ocr_line' id='line_1_36' title="bbox 599 2204 2184 2294; baseline -0.012 -16"><span class='ocrx_word' id='word_1_284' title='bbox 599 2222 831 2294; x_wconf 87' lang='lat' dir='ltr'><strong>sumpsit</strong></span> <span class='ocrx_word' id='word_1_285' title='bbox 859 2220 1091 2274; x_wconf 89' lang='lat' dir='ltr'><strong>initium.</strong></span> <span class='ocrx_word' id='word_1_286' title='bbox 1123 2214 1314 2271; x_wconf 89' lang='lat' dir='ltr'><strong>Omnia</strong></span> <span class='ocrx_word' id='word_1_287' title='bbox 1342 2213 1482 2266; x_wconf 89' lang='lat' dir='ltr'><strong>enim</strong></span> <span class='ocrx_word' id='word_1_288' title='bbox 1512 2225 1631 2280; x_wconf 67' lang='lat' dir='ltr'><strong>quae</strong></span> <span class='ocrx_word' id='word_1_289' title='bbox 1662 2218 1786 2263; x_wconf 91' lang='lat' dir='ltr'><strong>sunt</strong></span> <span class='ocrx_word' id='word_1_290' title='bbox 1814 2207 1867 2260; x_wconf 91' lang='lat' dir='ltr'><strong>in</strong></span> <span class='ocrx_word' id='word_1_291' title='bbox 1890 2204 2026 2260; x_wconf 72' lang='lat' dir='ltr'><strong>cmlo</strong></span> <span class='ocrx_word' id='word_1_292' title='bbox 2050 2213 2103 2259; x_wconf 88' lang='lat' dir='ltr'><strong>et</strong></span> <span class='ocrx_word' id='word_1_293' title='bbox 2130 2204 2184 2259; x_wconf 89' lang='lat' dir='ltr'><strong>in</strong></span> 
     </span>
    </p>
   </div>
   <div class='ocr_carea' id='block_1_37' title="bbox 602 2300 2184 2376">
    <p class='ocr_par' dir='ltr' id='par_1_37' title="bbox 602 2300 2184 2376">
     <span class='ocr_line' id='line_1_37' title="bbox 602 2300 2184 2376; baseline -0.012 -5"><span class='ocrx_word' id='word_1_294' title='bbox 602 2325 764 2376; x_wconf 88' lang='lat' dir='ltr'><strong>terra,</strong></span> <span class='ocrx_word' id='word_1_295' title='bbox 804 2314 859 2369; x_wconf 92' lang='lat' dir='ltr'><strong>in</strong></span> <span class='ocrx_word' id='word_1_296' title='bbox 899 2311 1035 2366; x_wconf 86' lang='lat' dir='ltr'><strong>mari</strong></span> <span class='ocrx_word' id='word_1_297' title='bbox 1063 2318 1118 2364; x_wconf 90' lang='lat' dir='ltr'><strong>et</strong></span> <span class='ocrx_word' id='word_1_298' title='bbox 1162 2308 1215 2362; x_wconf 94' lang='lat' dir='ltr'><strong>in</strong></span> <span class='ocrx_word' id='word_1_299' title='bbox 1257 2306 1508 2361; x_wconf 88' lang='lat' dir='ltr'><strong>omnibus</strong></span> <span class='ocrx_word' id='word_1_300' title='bbox 1534 2302 1764 2375; x_wconf 89' lang='lat' dir='ltr'><strong>abyssis,</strong></span> <span class='ocrx_word' id='word_1_301' title='bbox 1812 2315 1911 2370; x_wconf 89' lang='lat' dir='ltr'><strong>per</strong></span> <span class='ocrx_word' id='word_1_302' title='bbox 1960 2300 2184 2353; x_wconf 85' lang='lat' dir='ltr'><strong>verbum</strong></span> 
     </span>
    </p>
   </div>
   <div class='ocr_carea' id='block_1_38' title="bbox 603 2389 2184 2468">
    <p class='ocr_par' dir='ltr' id='par_1_38' title="bbox 603 2389 2184 2468">
     <span class='ocr_line' id='line_1_38' title="bbox 603 2389 2184 2468; baseline -0.013 -8"><span class='ocrx_word' id='word_1_303' title='bbox 603 2404 695 2460; x_wconf 91' lang='lat' dir='ltr'><strong>Dei</strong></span> <span class='ocrx_word' id='word_1_304' title='bbox 725 2404 865 2458; x_wconf 81' lang='lat' dir='ltr'><strong>facta</strong></span> <span class='ocrx_word' id='word_1_305' title='bbox 890 2409 1034 2458; x_wconf 89' lang='lat' dir='ltr'><strong>sunt.</strong></span> <span class='ocrx_word' id='word_1_306' title='bbox 1059 2397 1193 2453; x_wconf 90' lang='lat' dir='ltr'><strong>Cum</strong></span> <span class='ocrx_word' id='word_1_307' title='bbox 1223 2412 1352 2468; x_wconf 88' lang='lat' dir='ltr'><strong>ergo</strong></span> <span class='ocrx_word' id='word_1_308' title='bbox 1380 2395 1562 2450; x_wconf 84' lang='lat' dir='ltr'><strong>omnia</strong></span> <span class='ocrx_word' id='word_1_309' title='bbox 1585 2407 1682 2465; x_wconf 89' lang='lat' dir='ltr'><strong>per</strong></span> <span class='ocrx_word' id='word_1_310' title='bbox 1702 2392 1850 2445; x_wconf 89' lang='lat' dir='ltr'><strong>illum</strong></span> <span class='ocrx_word' id='word_1_311' title='bbox 1877 2389 2019 2444; x_wconf 85' lang='lat' dir='ltr'><strong>facta</strong></span> <span class='ocrx_word' id='word_1_312' title='bbox 2037 2396 2184 2454; x_wconf 83' lang='lat' dir='ltr'><strong>sunt,</strong></span> 
     </span>
    </p>
   </div>
   <div class='ocr_carea' id='block_1_39' title="bbox 602 2480 2186 2567">
    <p class='ocr_par' dir='ltr' id='par_1_39' title="bbox 602 2480 2186 2567">
     <span class='ocr_line' id='line_1_39' title="bbox 602 2480 2186 2567; baseline -0.011 -17"><span class='ocrx_word' id='word_1_313' title='bbox 602 2498 787 2567; x_wconf 85' lang='lat' dir='ltr'><strong>utique</strong></span> <span class='ocrx_word' id='word_1_314' title='bbox 830 2501 981 2564; x_wconf 80' lang='lat' dir='ltr'><strong>pater</strong></span> <span class='ocrx_word' id='word_1_315' title='bbox 1011 2492 1132 2559; x_wconf 87' lang='lat' dir='ltr'><strong>quia</strong></span> <span class='ocrx_word' id='word_1_316' title='bbox 1152 2490 1277 2563; x_wconf 73' lang='lat' dir='ltr'><strong>ipse</strong></span> <span class='ocrx_word' id='word_1_317' title='bbox 1306 2494 1391 2543; x_wconf 91' lang='lat' dir='ltr'><strong>est</strong></span> <span class='ocrx_word' id='word_1_318' title='bbox 1422 2495 1547 2541; x_wconf 86' lang='lat' dir='ltr'><strong>ante</strong></span> <span class='ocrx_word' id='word_1_319' title='bbox 1588 2482 1790 2538; x_wconf 89' lang='lat' dir='ltr'><strong>omnia.</strong></span> <span class='ocrx_word' id='word_1_320' title='bbox 1824 2480 2007 2550; x_wconf 86' lang='lat' dir='ltr'><strong>Neque</strong></span> <span class='ocrx_word' id='word_1_321' title='bbox 2041 2480 2186 2534; x_wconf 89' lang='lat' dir='ltr'><strong>enim</strong></span> 
     </span>
    </p>
   </div>
   <div class='ocr_carea' id='block_1_40' title="bbox 604 2570 2189 2652">
    <p class='ocr_par' dir='ltr' id='par_1_40' title="bbox 604 2570 2189 2652">
     <span class='ocr_line' id='line_1_40' title="bbox 604 2570 2189 2652; baseline -0.012 -10"><span class='ocrx_word' id='word_1_322' title='bbox 604 2584 763 2642; x_wconf 88' lang='lat' dir='ltr'><strong>Pater</strong></span> <span class='ocrx_word' id='word_1_323' title='bbox 809 2583 1003 2638; x_wconf 91' lang='lat' dir='ltr'><strong>Filium</strong></span> <span class='ocrx_word' id='word_1_324' title='bbox 1039 2579 1316 2652; x_wconf 63' lang='lat' dir='ltr'><strong>praecessit</strong></span> <span class='ocrx_word' id='word_1_325' title='bbox 1363 2585 1602 2644; x_wconf 82' lang='lat' dir='ltr'><strong>tempore</strong></span> <span class='ocrx_word' id='word_1_326' title='bbox 1646 2572 1728 2627; x_wconf 87' lang='lat' dir='ltr'><strong>vel</strong></span> <span class='ocrx_word' id='word_1_327' title='bbox 1770 2572 1998 2641; x_wconf 84' lang='lat' dir='ltr'><strong>origine,</strong></span> <span class='ocrx_word' id='word_1_328' title='bbox 2049 2570 2189 2624; x_wconf 84' lang='lat' dir='ltr'><strong>sicut</strong></span> 
     </span>
    </p>
   </div>
   <div class='ocr_carea' id='block_1_41' title="bbox 604 2661 2188 2739">
    <p class='ocr_par' dir='ltr' id='par_1_41' title="bbox 604 2661 2188 2739">
     <span class='ocr_line' id='line_1_41' title="bbox 604 2661 2188 2739; baseline -0.012 -6"><span class='ocrx_word' id='word_1_329' title='bbox 604 2693 703 2734; x_wconf 88' lang='lat' dir='ltr'><strong>nec</strong></span> <span class='ocrx_word' id='word_1_330' title='bbox 732 2676 916 2731; x_wconf 86' lang='lat' dir='ltr'><strong>radius</strong></span> <span class='ocrx_word' id='word_1_331' title='bbox 958 2672 1086 2727; x_wconf 86' lang='lat' dir='ltr'><strong>solis</strong></span> <span class='ocrx_word' id='word_1_332' title='bbox 1131 2669 1215 2725; x_wconf 90' lang='lat' dir='ltr'><strong>vel</strong></span> <span class='ocrx_word' id='word_1_333' title='bbox 1261 2667 1400 2739; x_wconf 88' lang='lat' dir='ltr'><strong>ignis</strong></span> <span class='ocrx_word' id='word_1_334' title='bbox 1450 2680 1605 2719; x_wconf 90' lang='lat' dir='ltr'><strong>suum</strong></span> <span class='ocrx_word' id='word_1_335' title='bbox 1655 2662 1911 2734; x_wconf 80' lang='lat' dir='ltr'><strong>praecedit</strong></span> <span class='ocrx_word' id='word_1_336' title='bbox 1953 2661 2188 2716; x_wconf 90' lang='lat' dir='ltr'><strong>calorem</strong></span> 
     </span>
    </p>
   </div>
   <div class='ocr_carea' id='block_1_42' title="bbox 607 2758 2192 2845">
    <p class='ocr_par' dir='ltr' id='par_1_42' title="bbox 607 2758 2192 2845">
     <span class='ocr_line' id='line_1_42' title="bbox 607 2758 2192 2845; baseline -0.015 -12"><span class='ocrx_word' id='word_1_337' title='bbox 607 2777 685 2833; x_wconf 90' lang='lat' dir='ltr'><strong>vel</strong></span> <span class='ocrx_word' id='word_1_338' title='bbox 738 2774 1095 2845; x_wconf 88' lang='lat' dir='ltr'><strong>splendorem.</strong></span> <span class='ocrx_word' id='word_1_339' title='bbox 1142 2767 1367 2836; x_wconf 89' lang='lat' dir='ltr'><strong>Semper</strong></span> <span class='ocrx_word' id='word_1_340' title='bbox 1412 2763 1554 2819; x_wconf 87' lang='lat' dir='ltr'><strong>enim</strong></span> <span class='ocrx_word' id='word_1_341' title='bbox 1600 2759 1700 2814; x_wconf 79' lang='lat' dir='ltr'><strong>fuit</strong></span> <span class='ocrx_word' id='word_1_342' title='bbox 1750 2758 1933 2825; x_wconf 87' lang='lat' dir='ltr'><strong>Pater,</strong></span> <span class='ocrx_word' id='word_1_343' title='bbox 1981 2771 2192 2826; x_wconf 83' lang='lat' dir='ltr'><strong>semper</strong></span> 
     </span>
    </p>
   </div>
   <div class='ocr_carea' id='block_1_43' title="bbox 606 2853 2189 2931">
    <p class='ocr_par' dir='ltr' id='par_1_43' title="bbox 606 2853 2189 2931">
     <span class='ocr_line' id='line_1_43' title="bbox 606 2853 2189 2931; baseline -0.013 -8"><span class='ocrx_word' id='word_1_344' title='bbox 606 2884 728 2930; x_wconf 85' lang='lat' dir='ltr'><strong>cum</strong></span> <span class='ocrx_word' id='word_1_345' title='bbox 768 2881 834 2921; x_wconf 93' lang='lat' dir='ltr'><strong>eo</strong></span> <span class='ocrx_word' id='word_1_346' title='bbox 873 2863 1063 2927; x_wconf 87' lang='lat' dir='ltr'><strong>Filius,</strong></span> <span class='ocrx_word' id='word_1_347' title='bbox 1102 2861 1194 2931; x_wconf 92' lang='lat' dir='ltr'><strong>qui</strong></span> <span class='ocrx_word' id='word_1_348' title='bbox 1236 2858 1420 2927; x_wconf 84' lang='lat' dir='ltr'><strong>utique</strong></span> <span class='ocrx_word' id='word_1_349' title='bbox 1446 2871 1477 2909; x_wconf 92' lang='lat' dir='ltr'><strong>a</strong></span> <span class='ocrx_word' id='word_1_350' title='bbox 1510 2853 1666 2907; x_wconf 88' lang='lat' dir='ltr'><strong>Patre</strong></span> <span class='ocrx_word' id='word_1_351' title='bbox 1696 2866 1802 2906; x_wconf 89' lang='lat' dir='ltr'><strong>non</strong></span> <span class='ocrx_word' id='word_1_352' title='bbox 1849 2859 1933 2905; x_wconf 90' lang='lat' dir='ltr'><strong>est</strong></span> <span class='ocrx_word' id='word_1_353' title='bbox 1954 2858 2189 2911; x_wconf 85' lang='lat' dir='ltr'><strong>creatus.</strong></span> 
     </span>
    </p>
   </div>
   <div class='ocr_carea' id='block_1_44' title="bbox 606 2940 2195 3028">
    <p class='ocr_par' dir='ltr' id='par_1_44' title="bbox 606 2940 2195 3028">
     <span class='ocr_line' id='line_1_44' title="bbox 606 2940 2195 3028; baseline -0.016 -11"><span class='ocrx_word' id='word_1_354' title='bbox 606 2958 699 3016; x_wconf 77' lang='lat' dir='ltr'><strong>sed</strong></span> <span class='ocrx_word' id='word_1_355' title='bbox 728 2956 958 3028; x_wconf 84' lang='lat' dir='ltr'><strong>genitus.</strong></span> <span class='ocrx_word' id='word_1_356' title='bbox 992 2950 1320 3020; x_wconf 88' lang='lat' dir='ltr'><strong>Principium</strong></span> <span class='ocrx_word' id='word_1_357' title='bbox 1347 2947 1529 3016; x_wconf 84' lang='lat' dir='ltr'><strong>itaque</strong></span> <span class='ocrx_word' id='word_1_358' title='bbox 1571 2943 1746 3000; x_wconf 89' lang='lat' dir='ltr'><strong>omnis</strong></span> <span class='ocrx_word' id='word_1_359' title='bbox 1773 2949 2034 2996; x_wconf 67' lang='lat' dir='ltr'><strong>creatura:</strong></span> <span class='ocrx_word' id='word_1_360' title='bbox 2063 2940 2195 2994; x_wconf 86' lang='lat' dir='ltr'><strong>dici—</strong></span> 
     </span>
    </p>
   </div>
   <div class='ocr_carea' id='block_1_45' title="bbox 609 3031 2191 3117">
    <p class='ocr_par' dir='ltr' id='par_1_45' title="bbox 609 3031 2191 3117">
     <span class='ocr_line' id='line_1_45' title="bbox 609 3031 2191 3117; baseline -0.014 -12"><span class='ocrx_word' id='word_1_361' title='bbox 609 3060 714 3114; x_wconf 91' lang='lat' dir='ltr'><strong>tur,</strong></span> <span class='ocrx_word' id='word_1_362' title='bbox 758 3047 883 3117; x_wconf 90' lang='lat' dir='ltr'><strong>quia</strong></span> <span class='ocrx_word' id='word_1_363' title='bbox 927 3044 995 3100; x_wconf 90' lang='lat' dir='ltr'><strong>ab</strong></span> <span class='ocrx_word' id='word_1_364' title='bbox 1037 3043 1125 3097; x_wconf 89' lang='lat' dir='ltr'><strong>illo</strong></span> <span class='ocrx_word' id='word_1_365' title='bbox 1170 3047 1364 3096; x_wconf 88' lang='lat' dir='ltr'><strong>cuncta</strong></span> <span class='ocrx_word' id='word_1_366' title='bbox 1408 3034 1702 3093; x_wconf 74' lang='lat' dir='ltr'><strong>exsistendi</strong></span> <span class='ocrx_word' id='word_1_367' title='bbox 1728 3034 1928 3089; x_wconf 86' lang='lat' dir='ltr'><strong>habent</strong></span> <span class='ocrx_word' id='word_1_368' title='bbox 1959 3031 2191 3085; x_wconf 86' lang='lat' dir='ltr'><strong>initium.</strong></span> 
     </span>
    </p>
   </div>
   <div class='ocr_carea' id='block_1_46' title="bbox 609 3128 2194 3210">
    <p class='ocr_par' dir='ltr' id='par_1_46' title="bbox 609 3128 2194 3210">
     <span class='ocr_line' id='line_1_46' title="bbox 609 3128 2194 3210; baseline -0.013 -11"><span class='ocrx_word' id='word_1_369' title='bbox 609 3142 763 3199; x_wconf 87' lang='lat' dir='ltr'><strong>Unde</strong></span> <span class='ocrx_word' id='word_1_370' title='bbox 808 3150 862 3197; x_wconf 92' lang='lat' dir='ltr'><strong>et</strong></span> <span class='ocrx_word' id='word_1_371' title='bbox 894 3141 1008 3210; x_wconf 91' lang='lat' dir='ltr'><strong>ipse</strong></span> <span class='ocrx_word' id='word_1_372' title='bbox 1052 3134 1510 3208; x_wconf 78' lang='lat' dir='ltr'><strong>interrogantibus</strong></span> <span class='ocrx_word' id='word_1_373' title='bbox 1541 3131 1740 3188; x_wconf 71' lang='lat' dir='ltr'><strong>Judzcis</strong></span> <span class='ocrx_word' id='word_1_374' title='bbox 1768 3128 1891 3200; x_wconf 88' lang='lat' dir='ltr'><strong>quis</strong></span> <span class='ocrx_word' id='word_1_375' title='bbox 1918 3134 2064 3182; x_wconf 85' lang='lat' dir='ltr'><strong>esset</strong></span> <span class='ocrx_word' id='word_1_376' title='bbox 2106 3140 2194 3180; x_wconf 86' lang='lat' dir='ltr'><strong>re-</strong></span> 
     </span>
    </p>
   </div>
   <div class='ocr_carea' id='block_1_47' title="bbox 608 3217 2190 3307">
    <p class='ocr_par' dir='ltr' id='par_1_47' title="bbox 608 3217 2190 3307">
     <span class='ocr_line' id='line_1_47' title="bbox 608 3217 2190 3307; baseline -0.011 -17"><span class='ocrx_word' id='word_1_377' title='bbox 608 3234 823 3307; x_wconf 79' lang='lat' dir='ltr'><strong>Spondit</strong></span> <span class='ocrx_word' id='word_1_378' title='bbox 846 3249 859 3287; x_wconf 90' lang='lat'><strong>:</strong></span> <span class='ocrx_word' id='word_1_379' title='bbox 885 3230 1212 3285; x_wconf 73' lang='lat' dir='ltr'><strong>Principium</strong></span> <span class='ocrx_word' id='word_1_380' title='bbox 1246 3228 1332 3299; x_wconf 85' lang='lat' dir='ltr'><strong>qui</strong></span> <span class='ocrx_word' id='word_1_381' title='bbox 1364 3236 1411 3281; x_wconf 91' lang='lat' dir='ltr'><strong>et</strong></span> <span class='ocrx_word' id='word_1_382' title='bbox 1444 3225 1626 3296; x_wconf 84' lang='lat' dir='ltr'><strong>loquor</strong></span> <span class='ocrx_word' id='word_1_383' title='bbox 1656 3222 1797 3278; x_wconf 82' lang='lat' dir='ltr'><strong>vobis</strong></span> <span class='ocrx_word' id='word_1_384' title='bbox 1834 3218 2015 3291; x_wconf 82' lang='lat' dir='ltr'><strong>(loan.</strong></span> <span class='ocrx_word' id='word_1_385' title='bbox 2049 3217 2190 3290; x_wconf 78' lang='lat' dir='ltr'><strong>Vill).</strong></span> 
     </span>
    </p>
   </div>
   <div class='ocr_carea' id='block_1_48' title="bbox 2284 2020 3953 2112">
    <p class='ocr_par' dir='ltr' id='par_1_48' title="bbox 2284 2020 3953 2112">
     <span class='ocr_line' id='line_1_48' title="bbox 2284 2020 3953 2112; baseline 0 -15"><span class='ocrx_word' id='word_1_386' title='bbox 2284 2020 2430 2106; x_wconf 62' lang='lat' dir='ltr'><strong>sunl,</strong></span> <span class='ocrx_word' id='word_1_387' title='bbox 2451 2041 2604 2112; x_wconf 84' lang='lat' dir='ltr'><strong>quasi</strong></span> <span class='ocrx_word' id='word_1_388' title='bbox 2636 2040 2743 2110; x_wconf 77' lang='lat' dir='ltr'><strong>iam</strong></span> <span class='ocrx_word' id='word_1_389' title='bbox 2773 2040 2911 2094; x_wconf 77' lang='lat' dir='ltr'><strong>facta</strong></span> <span class='ocrx_word' id='word_1_390' title='bbox 2942 2056 3186 2095; x_wconf 87' lang='lat' dir='ltr'><strong>narrare.</strong></span> <span class='ocrx_word' id='word_1_391' title='bbox 3224 2037 3364 2093; x_wconf 80' lang='lat' dir='ltr'><strong>Nam</strong></span> <span class='ocrx_word' id='word_1_392' title='bbox 3392 2050 3449 2094; x_wconf 85' lang='lat' dir='ltr'><strong>et</strong></span> <span class='ocrx_word' id='word_1_393' title='bbox 3482 2041 3555 2095; x_wconf 88' lang='lat' dir='ltr'><strong>de</strong></span> <span class='ocrx_word' id='word_1_394' title='bbox 3583 2042 3855 2097; x_wconf 76' lang='lat' dir='ltr'><strong>nobisdidt</strong></span> <span class='ocrx_word' id='word_1_395' title='bbox 3952 2020 3953 2071; x_wconf 68' lang='grc' dir='ltr'>Ῑ</span> 
     </span>
    </p>
   </div>
   <div class='ocr_carea' id='block_1_49' title="bbox 2283 2132 3854 2205">
    <p class='ocr_par' dir='ltr' id='par_1_49' title="bbox 2283 2132 3854 2205">
     <span class='ocr_line' id='line_1_49' title="bbox 2283 2132 3854 2205; baseline -0.001 -15"><span class='ocrx_word' id='word_1_396' title='bbox 2283 2135 2572 2204; x_wconf 49' lang='lat' dir='ltr'><strong>Apostolus</strong></span> <span class='ocrx_word' id='word_1_397' title='bbox 2603 2133 2818 2204; x_wconf 80' lang='lat' dir='ltr'><strong>(Ephes.</strong></span> <span class='ocrx_word' id='word_1_398' title='bbox 2847 2133 2908 2202; x_wconf 85' lang='grc' dir='ltr'><strong>ι).</strong></span> <span class='ocrx_word' id='word_1_399' title='bbox 2940 2134 3081 2203; x_wconf 90' lang='lat' dir='ltr'><strong>quod</strong></span> <span class='ocrx_word' id='word_1_400' title='bbox 3110 2132 3338 2203; x_wconf 82' lang='lat' dir='ltr'><strong>elegerit</strong></span> <span class='ocrx_word' id='word_1_401' title='bbox 3366 2150 3472 2186; x_wconf 81' lang='lat' dir='ltr'><strong>nos</strong></span> <span class='ocrx_word' id='word_1_402' title='bbox 3510 2135 3570 2187; x_wconf 85' lang='lat' dir='ltr'><strong>in</strong></span> <span class='ocrx_word' id='word_1_403' title='bbox 3617 2137 3727 2205; x_wconf 76' lang='lat' dir='ltr'><strong>ipso</strong></span> <span class='ocrx_word' id='word_1_404' title='bbox 3764 2150 3854 2188; x_wconf 72' lang='lat' dir='ltr'><strong>alt:</strong></span> 
     </span>
    </p>
   </div>
   <div class='ocr_carea' id='block_1_50' title="bbox 2284 2223 3854 2294">
    <p class='ocr_par' dir='ltr' id='par_1_50' title="bbox 2284 2223 3854 2294">
     <span class='ocr_line' id='line_1_50' title="bbox 2284 2223 3854 2294; baseline 0.001 -14"><span class='ocrx_word' id='word_1_405' title='bbox 2284 2224 2469 2280; x_wconf 83' lang='lat' dir='ltr'><strong>mundi</strong></span> <span class='ocrx_word' id='word_1_406' title='bbox 2512 2224 2950 2279; x_wconf 81' lang='lat' dir='ltr'><strong>constitutionem.</strong></span> <span class='ocrx_word' id='word_1_407' title='bbox 2985 2223 3040 2278; x_wconf 89' lang='lat' dir='ltr'><strong>Si</strong></span> <span class='ocrx_word' id='word_1_408' title='bbox 3063 2238 3193 2293; x_wconf 78' lang='lat' dir='ltr'><strong>ergo</strong></span> <span class='ocrx_word' id='word_1_409' title='bbox 3219 2224 3585 2294; x_wconf 81' lang='lat' dir='ltr'><strong>omnipotens</strong></span> <span class='ocrx_word' id='word_1_410' title='bbox 3616 2227 3766 2289; x_wconf 78' lang='lat' dir='ltr'><strong>Deus,</strong></span> <span class='ocrx_word' id='word_1_411' title='bbox 3792 2242 3854 2281; x_wconf 74' lang='lat' dir='ltr'><strong>sc-</strong></span> 
     </span>
    </p>
   </div>
   <div class='ocr_carea' id='block_1_51' title="bbox 2291 2315 3856 2384">
    <p class='ocr_par' dir='ltr' id='par_1_51' title="bbox 2291 2315 3856 2384">
     <span class='ocr_line' id='line_1_51' title="bbox 2291 2315 3856 2384; baseline 0.001 -14"><span class='ocrx_word' id='word_1_412' title='bbox 2291 2316 2528 2372; x_wconf 90' lang='lat' dir='ltr'><strong>cundnm</strong></span> <span class='ocrx_word' id='word_1_413' title='bbox 2571 2315 2810 2384; x_wconf 83' lang='lat' dir='ltr'><strong>Apostoli</strong></span> <span class='ocrx_word' id='word_1_414' title='bbox 2854 2315 3220 2381; x_wconf 83' lang='lat' dir='ltr'><strong>sententiam,</strong></span> <span class='ocrx_word' id='word_1_415' title='bbox 3265 2330 3472 2370; x_wconf 86' lang='lat' dir='ltr'><strong>omnes</strong></span> <span class='ocrx_word' id='word_1_416' title='bbox 3515 2315 3707 2371; x_wconf 82' lang='lat' dir='ltr'><strong>electos</strong></span> <span class='ocrx_word' id='word_1_417' title='bbox 3750 2328 3856 2371; x_wconf 79' lang='lat' dir='ltr'><strong>ante</strong></span> 
     </span>
    </p>
   </div>
   <div class='ocr_carea' id='block_1_52' title="bbox 2288 2405 3855 2477">
    <p class='ocr_par' dir='ltr' id='par_1_52' title="bbox 2288 2405 3855 2477">
     <span class='ocr_line' id='line_1_52' title="bbox 2288 2405 3855 2477; baseline -0.002 -14"><span class='ocrx_word' id='word_1_418' title='bbox 2288 2407 2474 2463; x_wconf 87' lang='lat' dir='ltr'><strong>mundi</strong></span> <span class='ocrx_word' id='word_1_419' title='bbox 2503 2406 2944 2462; x_wconf 89' lang='lat' dir='ltr'><strong>constitutionem</strong></span> <span class='ocrx_word' id='word_1_420' title='bbox 2980 2405 3167 2477; x_wconf 78' lang='lat' dir='ltr'><strong>elegit,</strong></span> <span class='ocrx_word' id='word_1_421' title='bbox 3199 2406 3581 2475; x_wconf 74' lang='lat' dir='ltr'><strong>quidmirant,</strong></span> <span class='ocrx_word' id='word_1_422' title='bbox 3613 2408 3661 2461; x_wconf 77' lang='lat' dir='ltr'><strong>si</strong></span> <span class='ocrx_word' id='word_1_423' title='bbox 3689 2408 3855 2475; x_wconf 82' lang='lat' dir='ltr'><strong>ipsum</strong></span> 
     </span>
    </p>
   </div>
   <div class='ocr_carea' id='block_1_53' title="bbox 2290 2497 3849 2569">
    <p class='ocr_par' dir='ltr' id='par_1_53' title="bbox 2290 2497 3849 2569">
     <span class='ocr_line' id='line_1_53' title="bbox 2290 2497 3849 2569; baseline -0.002 -15"><span class='ocrx_word' id='word_1_424' title='bbox 2290 2508 2452 2569; x_wconf 88' lang='lat' dir='ltr'><strong>caput</strong></span> <span class='ocrx_word' id='word_1_425' title='bbox 2492 2498 2788 2553; x_wconf 88' lang='lat' dir='ltr'><strong>electorum</strong></span> <span class='ocrx_word' id='word_1_426' title='bbox 2830 2498 2884 2552; x_wconf 93' lang='lat' dir='ltr'><strong>in</strong></span> <span class='ocrx_word' id='word_1_427' title='bbox 2927 2513 3022 2552; x_wconf 90' lang='lat' dir='ltr'><strong>sua</strong></span> <span class='ocrx_word' id='word_1_428' title='bbox 3067 2497 3541 2566; x_wconf 78' lang='lat' dir='ltr'><strong>przedestinatione</strong></span> <span class='ocrx_word' id='word_1_429' title='bbox 3576 2508 3849 2566; x_wconf 79' lang='lat' dir='ltr'><strong>antequam</strong></span> 
     </span>
    </p>
   </div>
   <div class='ocr_carea' id='block_1_54' title="bbox 2291 2587 3852 2661">
    <p class='ocr_par' dir='ltr' id='par_1_54' title="bbox 2291 2587 3852 2661">
     <span class='ocr_line' id='line_1_54' title="bbox 2291 2587 3852 2661; baseline -0.003 -16"><span class='ocrx_word' id='word_1_430' title='bbox 2291 2592 2588 2661; x_wconf 88' lang='lat' dir='ltr'><strong>quidquam</strong></span> <span class='ocrx_word' id='word_1_431' title='bbox 2620 2588 2855 2654; x_wconf 81' lang='lat' dir='ltr'><strong>faceret,</strong></span> <span class='ocrx_word' id='word_1_432' title='bbox 2897 2588 3166 2643; x_wconf 87' lang='lat' dir='ltr'><strong>ordinavit</strong></span> <span class='ocrx_word' id='word_1_433' title='bbox 3206 2595 3265 2641; x_wconf 91' lang='lat' dir='ltr'><strong>ut</strong></span> <span class='ocrx_word' id='word_1_434' title='bbox 3308 2597 3466 2643; x_wconf 85' lang='lat' dir='ltr'><strong>esset</strong></span> <span class='ocrx_word' id='word_1_435' title='bbox 3494 2598 3648 2658; x_wconf 82' lang='lat' dir='ltr'><strong>caput</strong></span> <span class='ocrx_word' id='word_1_436' title='bbox 3670 2587 3852 2641; x_wconf 53' lang='lat' dir='ltr'><strong>electo.</strong></span> 
     </span>
    </p>
   </div>
   <div class='ocr_carea' id='block_1_55' title="bbox 2294 2674 3851 2747">
    <p class='ocr_par' dir='ltr' id='par_1_55' title="bbox 2294 2674 3851 2747">
     <span class='ocr_line' id='line_1_55' title="bbox 2294 2674 3851 2747; baseline -0.004 -14"><span class='ocrx_word' id='word_1_437' title='bbox 2294 2680 2452 2734; x_wconf 80' lang='lat' dir='ltr'><strong>rum?</strong></span> <span class='ocrx_word' id='word_1_438' title='bbox 2501 2679 2576 2733; x_wconf 89' lang='lat' dir='ltr'><strong>De</strong></span> <span class='ocrx_word' id='word_1_439' title='bbox 2618 2678 2734 2747; x_wconf 90' lang='lat' dir='ltr'><strong>ipso</strong></span> <span class='ocrx_word' id='word_1_440' title='bbox 2765 2678 2908 2733; x_wconf 89' lang='lat' dir='ltr'><strong>enim</strong></span> <span class='ocrx_word' id='word_1_441' title='bbox 2940 2677 3068 2732; x_wconf 90' lang='lat' dir='ltr'><strong>dicit</strong></span> <span class='ocrx_word' id='word_1_442' title='bbox 3094 2674 3390 2746; x_wconf 87' lang='lat' dir='ltr'><strong>Apostolus</strong></span> <span class='ocrx_word' id='word_1_443' title='bbox 3416 2694 3432 2730; x_wconf 90' lang='lat'><strong>:</strong></span> <span class='ocrx_word' id='word_1_444' title='bbox 3462 2675 3538 2730; x_wconf 73' lang='lat' dir='ltr'><strong>Ut</strong></span> <span class='ocrx_word' id='word_1_445' title='bbox 3576 2679 3680 2746; x_wconf 76' lang='lat' dir='ltr'><strong>ipse</strong></span> <span class='ocrx_word' id='word_1_446' title='bbox 3715 2678 3773 2730; x_wconf 75' lang='lat' dir='ltr'><strong>sit</strong></span> <span class='ocrx_word' id='word_1_447' title='bbox 3808 2678 3851 2727; x_wconf 71' lang='lat' dir='ltr'><strong>is</strong></span> 
     </span>
    </p>
   </div>
   <div class='ocr_carea' id='block_1_56' title="bbox 2293 2766 3366 2841">
    <p class='ocr_par' dir='ltr' id='par_1_56' title="bbox 2293 2766 3366 2841">
     <span class='ocr_line' id='line_1_56' title="bbox 2293 2766 3366 2841; baseline -0.006 -15"><span class='ocrx_word' id='word_1_448' title='bbox 2293 2772 2530 2826; x_wconf 76' lang='lat' dir='ltr'><strong>Omnibus</strong></span> <span class='ocrx_word' id='word_1_449' title='bbox 2559 2771 2842 2841; x_wconf 83' lang='lat' dir='ltr'><strong>primatum</strong></span> <span class='ocrx_word' id='word_1_450' title='bbox 2870 2777 3045 2822; x_wconf 88' lang='lat' dir='ltr'><strong>tenens</strong></span> <span class='ocrx_word' id='word_1_451' title='bbox 3074 2766 3272 2839; x_wconf 86' lang='lat' dir='ltr'><strong>(Colos.</strong></span> <span class='ocrx_word' id='word_1_452' title='bbox 3302 2767 3366 2837; x_wconf 87' lang='lat' dir='ltr'><strong>I).</strong></span> 
     </span>
    </p>
   </div>
   <div class='ocr_carea' id='block_1_57' title="bbox 2366 2859 3850 2931">
    <p class='ocr_par' dir='ltr' id='par_1_57' title="bbox 2366 2859 3850 2931">
     <span class='ocr_line' id='line_1_57' title="bbox 2366 2859 3850 2931; baseline -0.003 -15"><span class='ocrx_word' id='word_1_453' title='bbox 2366 2860 2490 2917; x_wconf 86' lang='lat' dir='ltr'><strong>Scio</strong></span> <span class='ocrx_word' id='word_1_454' title='bbox 2519 2877 2675 2931; x_wconf 82' lang='lat' dir='ltr'><strong>opera</strong></span> <span class='ocrx_word' id='word_1_455' title='bbox 2704 2869 2819 2925; x_wconf 82' lang='lat' dir='ltr'><strong>tua,</strong></span> <span class='ocrx_word' id='word_1_456' title='bbox 2846 2861 2970 2930; x_wconf 83' lang='lat' dir='ltr'><strong>quia</strong></span> <span class='ocrx_word' id='word_1_457' title='bbox 3000 2876 3161 2930; x_wconf 84' lang='lat' dir='ltr'><strong>neque</strong></span> <span class='ocrx_word' id='word_1_458' title='bbox 3191 2859 3423 2929; x_wconf 77' lang='lat' dir='ltr'><strong>frigidus</strong></span> <span class='ocrx_word' id='word_1_459' title='bbox 3458 2876 3538 2925; x_wconf 77' lang='lat' dir='ltr'><strong>es,</strong></span> <span class='ocrx_word' id='word_1_460' title='bbox 3579 2876 3730 2929; x_wconf 72' lang='lat' dir='ltr'><strong>neque</strong></span> <span class='ocrx_word' id='word_1_461' title='bbox 3753 2860 3850 2912; x_wconf 56' lang='grc' dir='ltr'><strong>αἰξί</strong></span> 
     </span>
    </p>
   </div>
   <div class='ocr_carea' id='block_1_58' title="bbox 2294 2951 3849 3024">
    <p class='ocr_par' dir='ltr' id='par_1_58' title="bbox 2294 2951 3849 3024">
     <span class='ocr_line' id='line_1_58' title="bbox 2294 2951 3849 3024; baseline -0.002 -15"><span class='ocrx_word' id='word_1_462' title='bbox 2294 2956 2393 3009; x_wconf 86' lang='lat' dir='ltr'><strong>dus</strong></span> <span class='ocrx_word' id='word_1_463' title='bbox 2409 2973 2426 3018; x_wconf 85' lang='lat'><strong><em>;</em></strong></span> <span class='ocrx_word' id='word_1_464' title='bbox 2443 2955 2642 3008; x_wconf 85' lang='lat' dir='ltr'><strong>utinam</strong></span> <span class='ocrx_word' id='word_1_465' title='bbox 2664 2954 2887 3024; x_wconf 78' lang='lat' dir='ltr'><strong>frigidus</strong></span> <span class='ocrx_word' id='word_1_466' title='bbox 2906 2971 3039 3007; x_wconf 78' lang='lat' dir='ltr'><strong>esses</strong></span> <span class='ocrx_word' id='word_1_467' title='bbox 3062 2952 3398 3007; x_wconf 81' lang='lat' dir='ltr'><strong>autcalidus!</strong></span> <span class='ocrx_word' id='word_1_468' title='bbox 3410 2951 3531 3008; x_wconf 86' lang='lat' dir='ltr'><strong>Sed</strong></span> <span class='ocrx_word' id='word_1_469' title='bbox 3550 2957 3672 3024; x_wconf 71' lang='lat' dir='ltr'><strong>quia</strong></span> <span class='ocrx_word' id='word_1_470' title='bbox 3691 2956 3849 3022; x_wconf 63' lang='lat' dir='ltr'><strong>tepidas</strong></span> 
     </span>
    </p>
   </div>
   <div class='ocr_carea' id='block_1_59' title="bbox 2295 3045 3849 3115">
    <p class='ocr_par' dir='ltr' id='par_1_59' title="bbox 2295 3045 3849 3115">
     <span class='ocr_line' id='line_1_59' title="bbox 2295 3045 3849 3115; baseline -0.001 -14"><span class='ocrx_word' id='word_1_471' title='bbox 2295 3063 2372 3111; x_wconf 89' lang='lat' dir='ltr'><strong>es,</strong></span> <span class='ocrx_word' id='word_1_472' title='bbox 2399 3047 2642 3115; x_wconf 79' lang='lat' dir='ltr'><strong>incipiam</strong></span> <span class='ocrx_word' id='word_1_473' title='bbox 2668 3054 2716 3099; x_wconf 86' lang='lat' dir='ltr'><strong>te</strong></span> <span class='ocrx_word' id='word_1_474' title='bbox 2746 3062 2978 3100; x_wconf 85' lang='lat' dir='ltr'><strong>evomere</strong></span> <span class='ocrx_word' id='word_1_475' title='bbox 3004 3062 3067 3099; x_wconf 73' lang='lat' dir='ltr'><strong>ea:</strong></span> <span class='ocrx_word' id='word_1_476' title='bbox 3092 3062 3181 3099; x_wconf 89' lang='lat' dir='ltr'><strong>ore</strong></span> <span class='ocrx_word' id='word_1_477' title='bbox 3209 3061 3343 3098; x_wconf 90' lang='lat' dir='ltr'><strong>meo.</strong></span> <span class='ocrx_word' id='word_1_478' title='bbox 3392 3045 3741 3102; x_wconf 79' lang='lat' dir='ltr'><strong>Manifestum</strong></span> <span class='ocrx_word' id='word_1_479' title='bbox 3766 3058 3849 3107; x_wconf 78' lang='lat' dir='ltr'><strong>est,</strong></span> 
     </span>
    </p>
   </div>
   <div class='ocr_carea' id='block_1_60' title="bbox 2297 3136 3849 3216">
    <p class='ocr_par' dir='ltr' id='par_1_60' title="bbox 2297 3136 3849 3216">
     <span class='ocr_line' id='line_1_60' title="bbox 2297 3136 3849 3216; baseline 0.001 -24"><span class='ocrx_word' id='word_1_480' title='bbox 2297 3140 2424 3216; x_wconf 82' lang='lat' dir='ltr'><strong>quia</strong></span> <span class='ocrx_word' id='word_1_481' title='bbox 2473 3155 2537 3194; x_wconf 90' lang='lat' dir='ltr'><strong>ea</strong></span> <span class='ocrx_word' id='word_1_482' title='bbox 2597 3154 2718 3208; x_wconf 67' lang='lat' dir='ltr'><strong>qua:</strong></span> <span class='ocrx_word' id='word_1_483' title='bbox 2764 3147 2891 3194; x_wconf 87' lang='lat' dir='ltr'><strong>sunt</strong></span> <span class='ocrx_word' id='word_1_484' title='bbox 2942 3136 3170 3207; x_wconf 82' lang='lat' dir='ltr'><strong>frigida,</strong></span> <span class='ocrx_word' id='word_1_485' title='bbox 3207 3136 3292 3192; x_wconf 90' lang='lat' dir='ltr'><strong>vel</strong></span> <span class='ocrx_word' id='word_1_486' title='bbox 3336 3138 3566 3204; x_wconf 87' lang='lat' dir='ltr'><strong>calida,</strong></span> <span class='ocrx_word' id='word_1_487' title='bbox 3617 3139 3849 3193; x_wconf 75' lang='lat' dir='ltr'><strong>comedere</strong></span> 
     </span>
    </p>
   </div>
   <div class='ocr_carea' id='block_1_61' title="bbox 2298 3228 3845 3300">
    <p class='ocr_par' dir='ltr' id='par_1_61' title="bbox 2298 3228 3845 3300">
     <span class='ocr_line' id='line_1_61' title="bbox 2298 3228 3845 3300; baseline -0.003 -15"><span class='ocrx_word' id='word_1_488' title='bbox 2298 3239 2355 3285; x_wconf 89' lang='lat' dir='ltr'><strong>et</strong></span> <span class='ocrx_word' id='word_1_489' title='bbox 2401 3231 2587 3286; x_wconf 89' lang='lat' dir='ltr'><strong>bibere</strong></span> <span class='ocrx_word' id='word_1_490' title='bbox 2634 3246 2940 3300; x_wconf 86' lang='lat' dir='ltr'><strong>possumus,</strong></span> <span class='ocrx_word' id='word_1_491' title='bbox 2996 3228 3173 3299; x_wconf 88' lang='lat' dir='ltr'><strong>tepida</strong></span> <span class='ocrx_word' id='word_1_492' title='bbox 3218 3243 3351 3283; x_wconf 89' lang='lat' dir='ltr'><strong>vero</strong></span> <span class='ocrx_word' id='word_1_493' title='bbox 3398 3244 3615 3299; x_wconf 82' lang='lat' dir='ltr'><strong>corpus</strong></span> <span class='ocrx_word' id='word_1_494' title='bbox 3659 3237 3845 3283; x_wconf 67' lang='lat' dir='ltr'><strong>nostra</strong></span> 
     </span>
    </p>
   </div>
   <div class='ocr_carea' id='block_1_62' title="bbox 611 3297 3846 3394">
    <p class='ocr_par' dir='ltr' id='par_1_62' title="bbox 611 3297 3846 3394">
     <span class='ocr_line' id='line_1_62' title="bbox 611 3297 3846 3394; baseline -0.006 -12"><span class='ocrx_word' id='word_1_495' title='bbox 611 3297 764 3383; x_wconf 65' lang='lat' dir='ltr'><strong>[inde</strong></span> <span class='ocrx_word' id='word_1_496' title='bbox 786 3334 841 3380; x_wconf 85' lang='lat' dir='ltr'><strong>et</strong></span> <span class='ocrx_word' id='word_1_497' title='bbox 865 3323 1065 3393; x_wconf 77' lang='lat' dir='ltr'><strong>Paulus</strong></span> <span class='ocrx_word' id='word_1_498' title='bbox 1087 3321 1221 3376; x_wconf 89' lang='lat' dir='ltr'><strong>dicit</strong></span> <span class='ocrx_word' id='word_1_499' title='bbox 1241 3297 1435 3389; x_wconf 76' lang='lat' dir='ltr'><strong>(Catos.</strong></span> <span class='ocrx_word' id='word_1_500' title='bbox 1463 3318 1505 3387; x_wconf 87' lang='grc' dir='ltr'>ι)</span> <span class='ocrx_word' id='word_1_501' title='bbox 1532 3334 1544 3369; x_wconf 89' lang='lat'>:</span> <span class='ocrx_word' id='word_1_502' title='bbox 1572 3314 1674 3381; x_wconf 81' lang='lat' dir='ltr'><strong>Qui</strong></span> <span class='ocrx_word' id='word_1_503' title='bbox 1703 3323 1777 3368; x_wconf 86' lang='lat' dir='ltr'><strong>est</strong></span> <span class='ocrx_word' id='word_1_504' title='bbox 1811 3314 1985 3381; x_wconf 86' lang='lat' dir='ltr'><strong>imago</strong></span> <span class='ocrx_word' id='word_1_505' title='bbox 2012 3311 2192 3364; x_wconf 80' lang='lat' dir='ltr'><strong>invisi-</strong></span> <span class='ocrx_word' id='word_1_506' title='bbox 2217 3297 2266 3366; x_wconf 74' lang='grc' dir='ltr'>α</span> <span class='ocrx_word' id='word_1_507' title='bbox 2296 3331 2516 3394; x_wconf 62' lang='lat' dir='ltr'><strong>propter</strong></span> <span class='ocrx_word' id='word_1_508' title='bbox 2538 3297 2799 3377; x_wconf 39' lang='lat' dir='ltr'><strong>von—litum</strong></span> <span class='ocrx_word' id='word_1_509' title='bbox 2823 3321 2966 3375; x_wconf 70' lang='lat' dir='ltr'><strong>ferre</strong></span> <span class='ocrx_word' id='word_1_510' title='bbox 2996 3297 3101 3375; x_wconf 63' lang='grc' dir='ltr'><strong>ῃδη</strong></span> <span class='ocrx_word' id='word_1_511' title='bbox 3131 3328 3331 3391; x_wconf 65' lang='lat' dir='ltr'><strong>potest.</strong></span> <span class='ocrx_word' id='word_1_512' title='bbox 3366 3297 3713 3390; x_wconf 26' lang='lat' dir='ltr'><strong>Taliviuque</strong></span> <span class='ocrx_word' id='word_1_513' title='bbox 3732 3318 3846 3372; x_wconf 61' lang='lat' dir='ltr'><strong>ml.</strong></span> 
     </span>
    </p>
   </div>
   <div class='ocr_carea' id='block_1_63' title="bbox 614 3400 2196 3485">
    <p class='ocr_par' dir='ltr' id='par_1_63' title="bbox 614 3400 2196 3485">
     <span class='ocr_line' id='line_1_63' title="bbox 614 3400 2196 3485; baseline -0.011 -14"><span class='ocrx_word' id='word_1_514' title='bbox 614 3417 731 3471; x_wconf 80' lang='lat' dir='ltr'><strong>bilis</strong></span> <span class='ocrx_word' id='word_1_515' title='bbox 761 3416 874 3478; x_wconf 85' lang='lat' dir='ltr'><strong>Dei,</strong></span> <span class='ocrx_word' id='word_1_516' title='bbox 914 3413 1287 3485; x_wconf 82' lang='lat' dir='ltr'><strong>primogenitus</strong></span> <span class='ocrx_word' id='word_1_517' title='bbox 1324 3425 1493 3463; x_wconf 73' lang='lat' dir='ltr'><strong>omnis</strong></span> <span class='ocrx_word' id='word_1_518' title='bbox 1520 3416 1794 3460; x_wconf 72' lang='lat' dir='ltr'><strong>creatum.</strong></span> <span class='ocrx_word' id='word_1_519' title='bbox 1836 3402 2007 3470; x_wconf 84' lang='lat' dir='ltr'><strong>Quem</strong></span> <span class='ocrx_word' id='word_1_520' title='bbox 2032 3400 2196 3456; x_wconf 86' lang='lat' dir='ltr'><strong>etiam</strong></span> 
     </span>
    </p>
   </div>
   <div class='ocr_carea' id='block_1_64' title="bbox 614 3495 2199 3577">
    <p class='ocr_par' dir='ltr' id='par_1_64' title="bbox 614 3495 2199 3577">
     <span class='ocr_line' id='line_1_64' title="bbox 614 3495 2199 3577; baseline -0.011 -14"><span class='ocrx_word' id='word_1_521' title='bbox 614 3522 687 3562; x_wconf 82' lang='lat' dir='ltr'><strong>ne</strong></span> <span class='ocrx_word' id='word_1_522' title='bbox 723 3517 974 3577; x_wconf 83' lang='lat' dir='ltr'><strong>putemus</strong></span> <span class='ocrx_word' id='word_1_523' title='bbox 1001 3513 1265 3565; x_wconf 88' lang='lat' dir='ltr'><strong>creatum,</strong></span> <span class='ocrx_word' id='word_1_524' title='bbox 1295 3501 1477 3555; x_wconf 87' lang='lat' dir='ltr'><strong>statim</strong></span> <span class='ocrx_word' id='word_1_525' title='bbox 1508 3497 1784 3569; x_wconf 75' lang='lat' dir='ltr'><strong>subjunxit</strong></span> <span class='ocrx_word' id='word_1_526' title='bbox 1808 3514 1821 3547; x_wconf 86' lang='lat'><strong>:</strong></span> <span class='ocrx_word' id='word_1_527' title='bbox 1847 3495 1913 3550; x_wconf 82' lang='lat' dir='ltr'><strong>In</strong></span> <span class='ocrx_word' id='word_1_528' title='bbox 1944 3511 2044 3565; x_wconf 86' lang='lat' dir='ltr'><strong>quo</strong></span> <span class='ocrx_word' id='word_1_529' title='bbox 2075 3509 2199 3547; x_wconf 67' lang='lat' dir='ltr'><strong>cono</strong></span> 
     </span>
    </p>
   </div>
   <div class='ocr_carea' id='block_1_65' title="bbox 616 3588 2200 3662">
    <p class='ocr_par' dir='ltr' id='par_1_65' title="bbox 616 3588 2200 3662">
     <span class='ocr_line' id='line_1_65' title="bbox 616 3588 2200 3662; baseline -0.008 -10"><span class='ocrx_word' id='word_1_530' title='bbox 616 3600 728 3652; x_wconf 80' lang='lat' dir='ltr'><strong>dita</strong></span> <span class='ocrx_word' id='word_1_531' title='bbox 751 3608 869 3652; x_wconf 80' lang='lat' dir='ltr'><strong>sunt</strong></span> <span class='ocrx_word' id='word_1_532' title='bbox 900 3599 1159 3662; x_wconf 66' lang='lat' dir='ltr'><strong>universa.</strong></span> <span class='ocrx_word' id='word_1_533' title='bbox 1194 3592 1591 3662; x_wconf 86' lang='lat' dir='ltr'><strong>Primogenitus</strong></span> <span class='ocrx_word' id='word_1_534' title='bbox 1610 3605 1740 3661; x_wconf 87' lang='lat' dir='ltr'><strong>ergo</strong></span> <span class='ocrx_word' id='word_1_535' title='bbox 1759 3599 1840 3643; x_wconf 89' lang='lat' dir='ltr'><strong>est</strong></span> <span class='ocrx_word' id='word_1_536' title='bbox 1857 3588 2033 3642; x_wconf 87' lang='lat' dir='ltr'><strong>omnis</strong></span> <span class='ocrx_word' id='word_1_537' title='bbox 2052 3601 2200 3642; x_wconf 82' lang='lat' dir='ltr'><strong>crea-</strong></span> 
     </span>
    </p>
   </div>
   <div class='ocr_carea' id='block_1_66' title="bbox 620 3684 2196 3757">
    <p class='ocr_par' dir='ltr' id='par_1_66' title="bbox 620 3684 2196 3757">
     <span class='ocr_line' id='line_1_66' title="bbox 620 3684 2196 3757; baseline -0.007 -13"><span class='ocrx_word' id='word_1_538' title='bbox 620 3700 772 3752; x_wconf 71' lang='lat' dir='ltr'><strong>turaz,</strong></span> <span class='ocrx_word' id='word_1_539' title='bbox 803 3704 833 3742; x_wconf 90' lang='lat' dir='ltr'><strong>a</strong></span> <span class='ocrx_word' id='word_1_540' title='bbox 862 3703 969 3757; x_wconf 90' lang='lat' dir='ltr'><strong>quo</strong></span> <span class='ocrx_word' id='word_1_541' title='bbox 998 3696 1052 3740; x_wconf 90' lang='lat' dir='ltr'><strong>et</strong></span> <span class='ocrx_word' id='word_1_542' title='bbox 1077 3702 1173 3757; x_wconf 89' lang='lat' dir='ltr'><strong>per</strong></span> <span class='ocrx_word' id='word_1_543' title='bbox 1196 3701 1355 3755; x_wconf 90' lang='lat' dir='ltr'><strong>quem</strong></span> <span class='ocrx_word' id='word_1_544' title='bbox 1383 3684 1559 3738; x_wconf 88' lang='lat' dir='ltr'><strong>omnis</strong></span> <span class='ocrx_word' id='word_1_545' title='bbox 1602 3692 1851 3738; x_wconf 86' lang='lat' dir='ltr'><strong>creatura</strong></span> <span class='ocrx_word' id='word_1_546' title='bbox 1881 3689 2069 3735; x_wconf 80' lang='lat' dir='ltr'><strong>exorta</strong></span> <span class='ocrx_word' id='word_1_547' title='bbox 2093 3688 2196 3734; x_wconf 89' lang='lat' dir='ltr'><strong>est.</strong></span> 
     </span>
    </p>
   </div>
   <div class='ocr_carea' id='block_1_67' title="bbox 620 3768 2200 3845">
    <p class='ocr_par' dir='ltr' id='par_1_67' title="bbox 620 3768 2200 3845">
     <span class='ocr_line' id='line_1_67' title="bbox 620 3768 2200 3845; baseline -0.006 -13"><span class='ocrx_word' id='word_1_548' title='bbox 620 3779 805 3834; x_wconf 81' lang='lat' dir='ltr'><strong>Ariani</strong></span> <span class='ocrx_word' id='word_1_549' title='bbox 836 3778 1040 3840; x_wconf 88' lang='lat' dir='ltr'><strong>dicunt,</strong></span> <span class='ocrx_word' id='word_1_550' title='bbox 1090 3775 1231 3845; x_wconf 90' lang='lat' dir='ltr'><strong>quod</strong></span> <span class='ocrx_word' id='word_1_551' title='bbox 1274 3773 1444 3828; x_wconf 89' lang='lat' dir='ltr'><strong>Filius</strong></span> <span class='ocrx_word' id='word_1_552' title='bbox 1474 3773 1566 3826; x_wconf 87' lang='lat' dir='ltr'><strong>Dei</strong></span> <span class='ocrx_word' id='word_1_553' title='bbox 1595 3780 1844 3827; x_wconf 87' lang='lat' dir='ltr'><strong>creatura</strong></span> <span class='ocrx_word' id='word_1_554' title='bbox 1874 3771 2035 3826; x_wconf 88' lang='lat' dir='ltr'><strong>estin</strong></span> <span class='ocrx_word' id='word_1_555' title='bbox 2060 3768 2200 3824; x_wconf 89' lang='lat' dir='ltr'><strong>Divi-</strong></span> 
     </span>
    </p>
   </div>
   <div class='ocr_carea' id='block_1_68' title="bbox 620 3863 2199 3940">
    <p class='ocr_par' dir='ltr' id='par_1_68' title="bbox 620 3863 2199 3940">
     <span class='ocr_line' id='line_1_68' title="bbox 620 3863 2199 3940; baseline -0.006 -16"><span class='ocrx_word' id='word_1_556' title='bbox 620 3871 806 3935; x_wconf 82' lang='lat' dir='ltr'><strong>nitate,</strong></span> <span class='ocrx_word' id='word_1_557' title='bbox 834 3876 1094 3940; x_wconf 80' lang='lat' dir='ltr'><strong>negantes</strong></span> <span class='ocrx_word' id='word_1_558' title='bbox 1119 3882 1242 3922; x_wconf 87' lang='lat' dir='ltr'><strong>eum</strong></span> <span class='ocrx_word' id='word_1_559' title='bbox 1273 3875 1398 3920; x_wconf 88' lang='lat' dir='ltr'><strong>ante</strong></span> <span class='ocrx_word' id='word_1_560' title='bbox 1428 3864 1650 3918; x_wconf 78' lang='lat' dir='ltr'><strong>Mariam</strong></span> <span class='ocrx_word' id='word_1_561' title='bbox 1678 3863 1876 3928; x_wconf 77' lang='lat' dir='ltr'><strong>fuisse,</strong></span> <span class='ocrx_word' id='word_1_562' title='bbox 1908 3864 2003 3918; x_wconf 91' lang='lat' dir='ltr'><strong>sed</strong></span> <span class='ocrx_word' id='word_1_563' title='bbox 2047 3877 2199 3917; x_wconf 88' lang='lat' dir='ltr'><strong>men—</strong></span> 
     </span>
    </p>
   </div>
   <div class='ocr_carea' id='block_1_69' title="bbox 621 3956 2203 4028">
    <p class='ocr_par' dir='ltr' id='par_1_69' title="bbox 621 3956 2203 4028">
     <span class='ocr_line' id='line_1_69' title="bbox 621 3956 2203 4028; baseline -0.008 -9"><span class='ocrx_word' id='word_1_564' title='bbox 621 3964 844 4019; x_wconf 88' lang='lat' dir='ltr'><strong>tiuntur.</strong></span> <span class='ocrx_word' id='word_1_565' title='bbox 884 3961 1050 4017; x_wconf 86' lang='lat' dir='ltr'><strong>Filius</strong></span> <span class='ocrx_word' id='word_1_566' title='bbox 1074 3960 1218 4014; x_wconf 89' lang='lat' dir='ltr'><strong>enim</strong></span> <span class='ocrx_word' id='word_1_567' title='bbox 1263 3957 1359 4012; x_wconf 85' lang='lat' dir='ltr'><strong>Dei</strong></span> <span class='ocrx_word' id='word_1_568' title='bbox 1409 3958 1524 4028; x_wconf 88' lang='lat' dir='ltr'><strong>ipse</strong></span> <span class='ocrx_word' id='word_1_569' title='bbox 1566 3964 1647 4012; x_wconf 88' lang='lat' dir='ltr'><strong>est</strong></span> <span class='ocrx_word' id='word_1_570' title='bbox 1675 3956 1960 4027; x_wconf 87' lang='lat' dir='ltr'><strong>sapientia,</strong></span> <span class='ocrx_word' id='word_1_571' title='bbox 1991 3956 2203 4009; x_wconf 90' lang='lat' dir='ltr'><strong>dicente</strong></span> 
     </span>
    </p>
   </div>
   <div class='ocr_carea' id='block_1_70' title="bbox 619 4044 2205 4117">
    <p class='ocr_par' dir='ltr' id='par_1_70' title="bbox 619 4044 2205 4117">
     <span class='ocr_line' id='line_1_70' title="bbox 619 4044 2205 4117; baseline -0.006 -11"><span class='ocrx_word' id='word_1_572' title='bbox 619 4050 805 4117; x_wconf 88' lang='lat' dir='ltr'><strong>Paulo,</strong></span> <span class='ocrx_word' id='word_1_573' title='bbox 837 4050 1112 4107; x_wconf 87' lang='lat' dir='ltr'><strong>Christum</strong></span> <span class='ocrx_word' id='word_1_574' title='bbox 1148 4049 1240 4103; x_wconf 89' lang='lat' dir='ltr'><strong>Dei</strong></span> <span class='ocrx_word' id='word_1_575' title='bbox 1269 4049 1523 4102; x_wconf 85' lang='lat' dir='ltr'><strong>virtutem</strong></span> <span class='ocrx_word' id='word_1_576' title='bbox 1552 4057 1607 4102; x_wconf 91' lang='lat' dir='ltr'><strong>et</strong></span> <span class='ocrx_word' id='word_1_577' title='bbox 1645 4046 1738 4102; x_wconf 89' lang='lat' dir='ltr'><strong>Dei</strong></span> <span class='ocrx_word' id='word_1_578' title='bbox 1768 4046 2109 4116; x_wconf 87' lang='lat' dir='ltr'><strong>sapientiam.</strong></span> <span class='ocrx_word' id='word_1_579' title='bbox 2136 4044 2205 4098; x_wconf 90' lang='lat' dir='ltr'><strong>Et</strong></span> 
     </span>
    </p>
   </div>
   <div class='ocr_carea' id='block_1_71' title="bbox 619 4133 2205 4213">
    <p class='ocr_par' dir='ltr' id='par_1_71' title="bbox 619 4133 2205 4213">
     <span class='ocr_line' id='line_1_71' title="bbox 619 4133 2205 4213; baseline -0.008 -15"><span class='ocrx_word' id='word_1_580' title='bbox 619 4141 906 4213; x_wconf 84' lang='lat' dir='ltr'><strong>Apostolus</strong></span> <span class='ocrx_word' id='word_1_581' title='bbox 929 4142 996 4195; x_wconf 92' lang='lat' dir='ltr'><strong>ad</strong></span> <span class='ocrx_word' id='word_1_582' title='bbox 1025 4141 1191 4194; x_wconf 89' lang='lat' dir='ltr'><strong>Deum</strong></span> <span class='ocrx_word' id='word_1_583' title='bbox 1217 4137 1432 4193; x_wconf 88' lang='lat' dir='ltr'><strong>Patrem</strong></span> <span class='ocrx_word' id='word_1_584' title='bbox 1459 4154 1471 4191; x_wconf 91' lang='lat'><strong>:</strong></span> <span class='ocrx_word' id='word_1_585' title='bbox 1500 4135 1692 4191; x_wconf 88' lang='lat' dir='ltr'><strong>Omnia</strong></span> <span class='ocrx_word' id='word_1_586' title='bbox 1716 4137 1769 4190; x_wconf 83' lang='lat' dir='ltr'><strong>in</strong></span> <span class='ocrx_word' id='word_1_587' title='bbox 1799 4135 2053 4205; x_wconf 85' lang='lat' dir='ltr'><strong>sapientia</strong></span> <span class='ocrx_word' id='word_1_588' title='bbox 2079 4133 2205 4203; x_wconf 82' lang='lat' dir='ltr'><strong>feci-</strong></span> 
     </span>
    </p>
   </div>
   <div class='ocr_carea' id='block_1_72' title="bbox 620 4225 2207 4305">
    <p class='ocr_par' dir='ltr' id='par_1_72' title="bbox 620 4225 2207 4305">
     <span class='ocr_line' id='line_1_72' title="bbox 620 4225 2207 4305; baseline -0.006 -17"><span class='ocrx_word' id='word_1_589' title='bbox 620 4234 688 4288; x_wconf 86' lang='lat' dir='ltr'><strong>sti</strong></span> <span class='ocrx_word' id='word_1_590' title='bbox 715 4228 766 4305; x_wconf 86' lang='grc'><strong>(1</strong></span> <span class='ocrx_word' id='word_1_591' title='bbox 794 4230 917 4287; x_wconf 89' lang='lat' dir='ltr'><strong>Cor.</strong></span> <span class='ocrx_word' id='word_1_592' title='bbox 950 4231 1011 4302; x_wconf 89' lang='grc' dir='ltr'><strong>ι).</strong></span> <span class='ocrx_word' id='word_1_593' title='bbox 1062 4228 1195 4285; x_wconf 90' lang='lat' dir='ltr'><strong>Cum</strong></span> <span class='ocrx_word' id='word_1_594' title='bbox 1225 4244 1354 4297; x_wconf 86' lang='lat' dir='ltr'><strong>ergo</strong></span> <span class='ocrx_word' id='word_1_595' title='bbox 1386 4227 1498 4299; x_wconf 91' lang='lat' dir='ltr'><strong>ipse</strong></span> <span class='ocrx_word' id='word_1_596' title='bbox 1525 4227 1596 4282; x_wconf 90' lang='lat' dir='ltr'><strong>sit</strong></span> <span class='ocrx_word' id='word_1_597' title='bbox 1632 4228 1894 4298; x_wconf 88' lang='lat' dir='ltr'><strong>sapientia</strong></span> <span class='ocrx_word' id='word_1_598' title='bbox 1922 4225 2120 4291; x_wconf 88' lang='lat' dir='ltr'><strong>Patris,</strong></span> <span class='ocrx_word' id='word_1_599' title='bbox 2151 4231 2207 4279; x_wconf 88' lang='lat' dir='ltr'><strong>et</strong></span> 
     </span>
    </p>
   </div>
   <div class='ocr_carea' id='block_1_73' title="bbox 620 4317 2207 4389">
    <p class='ocr_par' dir='ltr' id='par_1_73' title="bbox 620 4317 2207 4389">
     <span class='ocr_line' id='line_1_73' title="bbox 620 4317 2207 4389; baseline -0.004 -11"><span class='ocrx_word' id='word_1_600' title='bbox 620 4324 709 4378; x_wconf 91' lang='lat' dir='ltr'><strong>isti</strong></span> <span class='ocrx_word' id='word_1_601' title='bbox 737 4321 1005 4378; x_wconf 73' lang='lat' dir='ltr'><strong>afﬁrmant</strong></span> <span class='ocrx_word' id='word_1_602' title='bbox 1026 4337 1148 4376; x_wconf 92' lang='lat' dir='ltr'><strong>eum</strong></span> <span class='ocrx_word' id='word_1_603' title='bbox 1172 4330 1415 4375; x_wconf 88' lang='lat' dir='ltr'><strong>creatum</strong></span> <span class='ocrx_word' id='word_1_604' title='bbox 1440 4320 1494 4373; x_wconf 93' lang='lat' dir='ltr'><strong>in</strong></span> <span class='ocrx_word' id='word_1_605' title='bbox 1521 4327 1783 4389; x_wconf 89' lang='lat' dir='ltr'><strong>tempore,</strong></span> <span class='ocrx_word' id='word_1_606' title='bbox 1812 4327 1973 4389; x_wconf 84' lang='lat' dir='ltr'><strong>atque.</strong></span> <span class='ocrx_word' id='word_1_607' title='bbox 1996 4318 2115 4373; x_wconf 92' lang='lat' dir='ltr'><strong>ideo</strong></span> <span class='ocrx_word' id='word_1_608' title='bbox 2134 4317 2207 4372; x_wconf 89' lang='lat' dir='ltr'><strong>di-</strong></span> 
     </span>
    </p>
   </div>
   <div class='ocr_carea' id='block_1_74' title="bbox 623 4408 2208 4483">
    <p class='ocr_par' dir='ltr' id='par_1_74' title="bbox 623 4408 2208 4483">
     <span class='ocr_line' id='line_1_74' title="bbox 623 4408 2208 4483; baseline -0.004 -15"><span class='ocrx_word' id='word_1_609' title='bbox 623 4422 751 4469; x_wconf 90' lang='lat' dir='ltr'><strong>cunt</strong></span> <span class='ocrx_word' id='word_1_610' title='bbox 807 4413 933 4483; x_wconf 80' lang='lat' dir='ltr'><strong>quia</strong></span> <span class='ocrx_word' id='word_1_611' title='bbox 990 4420 1107 4467; x_wconf 90' lang='lat' dir='ltr'><strong>erat</strong></span> <span class='ocrx_word' id='word_1_612' title='bbox 1149 4421 1359 4480; x_wconf 86' lang='lat' dir='ltr'><strong>tempus</strong></span> <span class='ocrx_word' id='word_1_613' title='bbox 1390 4410 1607 4478; x_wconf 89' lang='lat' dir='ltr'><strong>quando</strong></span> <span class='ocrx_word' id='word_1_614' title='bbox 1649 4424 1754 4463; x_wconf 91' lang='lat' dir='ltr'><strong>non</strong></span> <span class='ocrx_word' id='word_1_615' title='bbox 1788 4417 1926 4463; x_wconf 89' lang='lat' dir='ltr'><strong>erat.</strong></span> <span class='ocrx_word' id='word_1_616' title='bbox 1980 4408 2208 4478; x_wconf 83' lang='lat' dir='ltr'><strong>Propter</strong></span> 
     </span>
    </p>
   </div>
   <div class='ocr_carea' id='block_1_75' title="bbox 622 4498 2204 4571">
    <p class='ocr_par' dir='ltr' id='par_1_75' title="bbox 622 4498 2204 4571">
     <span class='ocr_line' id='line_1_75' title="bbox 622 4498 2204 4571; baseline -0.005 -12"><span class='ocrx_word' id='word_1_617' title='bbox 622 4506 725 4560; x_wconf 90' lang='lat' dir='ltr'><strong>hoc</strong></span> <span class='ocrx_word' id='word_1_618' title='bbox 752 4501 1176 4571; x_wconf 54' lang='lat' dir='ltr'><strong>videlicetvquod</strong></span> <span class='ocrx_word' id='word_1_619' title='bbox 1210 4514 1307 4569; x_wconf 90' lang='lat' dir='ltr'><strong>per</strong></span> <span class='ocrx_word' id='word_1_620' title='bbox 1335 4498 1681 4553; x_wconf 90' lang='lat' dir='ltr'><strong>Salomonem</strong></span> <span class='ocrx_word' id='word_1_621' title='bbox 1713 4499 1826 4567; x_wconf 86' lang='lat' dir='ltr'><strong>ipsa</strong></span> <span class='ocrx_word' id='word_1_622' title='bbox 1858 4498 1953 4553; x_wconf 89' lang='lat' dir='ltr'><strong>Dei</strong></span> <span class='ocrx_word' id='word_1_623' title='bbox 1987 4499 2204 4568; x_wconf 87' lang='lat' dir='ltr'><strong>sapien-</strong></span> 
     </span>
    </p>
   </div>
   <div class='ocr_carea' id='block_1_76' title="bbox 623 4590 2205 4662">
    <p class='ocr_par' dir='ltr' id='par_1_76' title="bbox 623 4590 2205 4662">
     <span class='ocr_line' id='line_1_76' title="bbox 623 4590 2205 4662; baseline -0.004 -12"><span class='ocrx_word' id='word_1_624' title='bbox 623 4595 696 4650; x_wconf 78' lang='lat' dir='ltr'><strong>tia</strong></span> <span class='ocrx_word' id='word_1_625' title='bbox 720 4596 881 4650; x_wconf 91' lang='lat' dir='ltr'><strong>dicit:</strong></span> <span class='ocrx_word' id='word_1_626' title='bbox 909 4593 1164 4647; x_wconf 85' lang='lat' dir='ltr'><strong>Dominus</strong></span> <span class='ocrx_word' id='word_1_627' title='bbox 1182 4590 1407 4662; x_wconf 77' lang='lat' dir='ltr'><strong>possedit</strong></span> <span class='ocrx_word' id='word_1_628' title='bbox 1427 4606 1526 4657; x_wconf 87' lang='lat' dir='ltr'><strong>me,</strong></span> <span class='ocrx_word' id='word_1_629' title='bbox 1551 4590 1633 4645; x_wconf 91' lang='lat' dir='ltr'><strong>vel</strong></span> <span class='ocrx_word' id='word_1_630' title='bbox 1660 4591 1883 4655; x_wconf 88' lang='lat' dir='ltr'><strong>creavit,</strong></span> <span class='ocrx_word' id='word_1_631' title='bbox 1908 4591 2205 4645; x_wconf 89' lang='lat' dir='ltr'><strong>secundum</strong></span> 
     </span>
    </p>
   </div>
   <div class='ocr_carea' id='block_1_77' title="bbox 2300 3411 3848 3484">
    <p class='ocr_par' dir='ltr' id='par_1_77' title="bbox 2300 3411 3848 3484">
     <span class='ocr_line' id='line_1_77' title="bbox 2300 3411 3848 3484; baseline -0.004 -14"><span class='ocrx_word' id='word_1_632' title='bbox 2300 3415 2672 3484; x_wconf 90' lang='lat' dir='ltr'><strong>accipiendum</strong></span> <span class='ocrx_word' id='word_1_633' title='bbox 2714 3423 2826 3478; x_wconf 89' lang='lat' dir='ltr'><strong>est,</strong></span> <span class='ocrx_word' id='word_1_634' title='bbox 2872 3413 3013 3482; x_wconf 90' lang='lat' dir='ltr'><strong>quod</strong></span> <span class='ocrx_word' id='word_1_635' title='bbox 3051 3413 3138 3467; x_wconf 92' lang='lat' dir='ltr'><strong>hic</strong></span> <span class='ocrx_word' id='word_1_636' title='bbox 3177 3411 3445 3467; x_wconf 87' lang='lat' dir='ltr'><strong>Dominus</strong></span> <span class='ocrx_word' id='word_1_637' title='bbox 3488 3412 3669 3467; x_wconf 86' lang='lat' dir='ltr'><strong>dicit:</strong></span> <span class='ocrx_word' id='word_1_638' title='bbox 3699 3412 3848 3464; x_wconf 62' lang='lat' dir='ltr'><strong>ath-</strong></span> 
     </span>
    </p>
   </div>
   <div class='ocr_carea' id='block_1_78' title="bbox 2300 3501 3847 3577">
    <p class='ocr_par' dir='ltr' id='par_1_78' title="bbox 2300 3501 3847 3577">
     <span class='ocr_line' id='line_1_78' title="bbox 2300 3501 3847 3577; baseline -0.006 -17"><span class='ocrx_word' id='word_1_639' title='bbox 2300 3506 2524 3577; x_wconf 80' lang='lat' dir='ltr'><strong>frigidus</strong></span> <span class='ocrx_word' id='word_1_640' title='bbox 2567 3520 2725 3572; x_wconf 84' lang='lat' dir='ltr'><strong>esses,</strong></span> <span class='ocrx_word' id='word_1_641' title='bbox 2759 3514 2853 3557; x_wconf 88' lang='lat' dir='ltr'><strong>aut</strong></span> <span class='ocrx_word' id='word_1_642' title='bbox 2888 3502 3130 3569; x_wconf 84' lang='lat' dir='ltr'><strong>calidus;</strong></span> <span class='ocrx_word' id='word_1_643' title='bbox 3158 3501 3250 3556; x_wconf 78' lang='lat' dir='ltr'><strong>sed</strong></span> <span class='ocrx_word' id='word_1_644' title='bbox 3294 3503 3424 3571; x_wconf 86' lang='lat' dir='ltr'><strong>quia</strong></span> <span class='ocrx_word' id='word_1_645' title='bbox 3476 3503 3847 3572; x_wconf 57' lang='lat' dir='ltr'><strong>tepidqu</strong></span> 
     </span>
    </p>
   </div>
   <div class='ocr_carea' id='block_1_79' title="bbox 2302 3590 3848 3667">
    <p class='ocr_par' dir='ltr' id='par_1_79' title="bbox 2302 3590 3848 3667">
     <span class='ocr_line' id='line_1_79' title="bbox 2302 3590 3848 3667; baseline -0.006 -15"><span class='ocrx_word' id='word_1_646' title='bbox 2302 3600 2491 3667; x_wconf 78' lang='lat' dir='ltr'><strong>cipiam</strong></span> <span class='ocrx_word' id='word_1_647' title='bbox 2532 3606 2580 3650; x_wconf 83' lang='lat' dir='ltr'><strong>te</strong></span> <span class='ocrx_word' id='word_1_648' title='bbox 2606 3608 2839 3651; x_wconf 86' lang='lat' dir='ltr'><strong>evomere</strong></span> <span class='ocrx_word' id='word_1_649' title='bbox 2875 3606 2939 3649; x_wconf 69' lang='lat' dir='ltr'><strong>ea:</strong></span> <span class='ocrx_word' id='word_1_650' title='bbox 2981 3608 3069 3647; x_wconf 86' lang='lat' dir='ltr'><strong>ore</strong></span> <span class='ocrx_word' id='word_1_651' title='bbox 3117 3608 3252 3646; x_wconf 86' lang='lat' dir='ltr'><strong>meo.</strong></span> <span class='ocrx_word' id='word_1_652' title='bbox 3300 3590 3526 3662; x_wconf 84' lang='lat' dir='ltr'><strong>Frigidi</strong></span> <span class='ocrx_word' id='word_1_653' title='bbox 3564 3593 3737 3662; x_wconf 78' lang='lat' dir='ltr'><strong>itaque</strong></span> <span class='ocrx_word' id='word_1_654' title='bbox 3764 3596 3848 3643; x_wconf 69' lang='lat' dir='ltr'><strong>stat</strong></span> 
     </span>
    </p>
   </div>
   <div class='ocr_carea' id='block_1_80' title="bbox 2302 3682 3849 3757">
    <p class='ocr_par' dir='ltr' id='par_1_80' title="bbox 2302 3682 3849 3757">
     <span class='ocr_line' id='line_1_80' title="bbox 2302 3682 3849 3757; baseline -0.005 -14"><span class='ocrx_word' id='word_1_655' title='bbox 2302 3687 2471 3743; x_wconf 63' lang='lat' dir='ltr'><strong>Judrei</strong></span> <span class='ocrx_word' id='word_1_656' title='bbox 2512 3686 2598 3742; x_wconf 90' lang='lat' dir='ltr'><strong>vel</strong></span> <span class='ocrx_word' id='word_1_657' title='bbox 2628 3687 2852 3757; x_wconf 87' lang='lat' dir='ltr'><strong>pagani,</strong></span> <span class='ocrx_word' id='word_1_658' title='bbox 2889 3684 2957 3738; x_wconf 88' lang='lat' dir='ltr'><strong>ab</strong></span> <span class='ocrx_word' id='word_1_659' title='bbox 2982 3699 3047 3739; x_wconf 89' lang='lat' dir='ltr'><strong>eo</strong></span> <span class='ocrx_word' id='word_1_660' title='bbox 3076 3683 3283 3738; x_wconf 90' lang='lat' dir='ltr'><strong>scilicet</strong></span> <span class='ocrx_word' id='word_1_661' title='bbox 3310 3682 3542 3752; x_wconf 84' lang='lat' dir='ltr'><strong>glaciali</strong></span> <span class='ocrx_word' id='word_1_662' title='bbox 3574 3685 3741 3754; x_wconf 76' lang='lat' dir='ltr'><strong>rigore</strong></span> <span class='ocrx_word' id='word_1_663' title='bbox 3762 3697 3849 3735; x_wconf 72' lang='lat' dir='ltr'><strong>ae-</strong></span> 
     </span>
    </p>
   </div>
   <div class='ocr_carea' id='block_1_81' title="bbox 2303 3776 3847 3850">
    <p class='ocr_par' dir='ltr' id='par_1_81' title="bbox 2303 3776 3847 3850">
     <span class='ocr_line' id='line_1_81' title="bbox 2303 3776 3847 3850; baseline -0.006 -13"><span class='ocrx_word' id='word_1_664' title='bbox 2303 3780 2504 3845; x_wconf 87' lang='lat' dir='ltr'><strong>stricti,</strong></span> <span class='ocrx_word' id='word_1_665' title='bbox 2528 3780 2594 3835; x_wconf 88' lang='lat' dir='ltr'><strong>de</strong></span> <span class='ocrx_word' id='word_1_666' title='bbox 2637 3792 2744 3850; x_wconf 89' lang='lat' dir='ltr'><strong>quo</strong></span> <span class='ocrx_word' id='word_1_667' title='bbox 2791 3778 2990 3833; x_wconf 88' lang='lat' dir='ltr'><strong>dicitur</strong></span> <span class='ocrx_word' id='word_1_668' title='bbox 3013 3795 3026 3830; x_wconf 87' lang='lat'><strong>:</strong></span> <span class='ocrx_word' id='word_1_669' title='bbox 3057 3776 3352 3830; x_wconf 81' lang='lat' dir='ltr'><strong>Ascendam</strong></span> <span class='ocrx_word' id='word_1_670' title='bbox 3378 3793 3555 3843; x_wconf 84' lang='lat' dir='ltr'><strong>super</strong></span> <span class='ocrx_word' id='word_1_671' title='bbox 3576 3776 3847 3830; x_wconf 62' lang='lat' dir='ltr'><strong>altitudini</strong></span> 
     </span>
    </p>
   </div>
   <div class='ocr_carea' id='block_1_82' title="bbox 2300 3868 3849 3941">
    <p class='ocr_par' dir='ltr' id='par_1_82' title="bbox 2300 3868 3849 3941">
     <span class='ocr_line' id='line_1_82' title="bbox 2300 3868 3849 3941; baseline -0.006 -15"><span class='ocrx_word' id='word_1_672' title='bbox 2300 3874 2544 3935; x_wconf 84' lang='lat' dir='ltr'><strong>nubium,</strong></span> <span class='ocrx_word' id='word_1_673' title='bbox 2589 3887 2780 3941; x_wconf 86' lang='lat' dir='ltr'><strong>ponam</strong></span> <span class='ocrx_word' id='word_1_674' title='bbox 2821 3870 2994 3923; x_wconf 84' lang='lat' dir='ltr'><strong>sedem</strong></span> <span class='ocrx_word' id='word_1_675' title='bbox 3039 3883 3207 3921; x_wconf 85' lang='lat' dir='ltr'><strong>meam</strong></span> <span class='ocrx_word' id='word_1_676' title='bbox 3236 3868 3306 3919; x_wconf 88' lang='lat' dir='ltr'><strong>ad</strong></span> <span class='ocrx_word' id='word_1_677' title='bbox 3333 3868 3686 3936; x_wconf 66' lang='lat' dir='ltr'><strong>aquilonem,</strong></span> <span class='ocrx_word' id='word_1_678' title='bbox 3726 3878 3765 3920; x_wconf 79' lang='lat' dir='ltr'><strong>et</strong></span> <span class='ocrx_word' id='word_1_679' title='bbox 3791 3881 3849 3917; x_wconf 75' lang='grc' dir='ltr'><strong>επ</strong></span> 
     </span>
    </p>
   </div>
   <div class='ocr_carea' id='block_1_83' title="bbox 2305 3956 3851 4035">
    <p class='ocr_par' dir='ltr' id='par_1_83' title="bbox 2305 3956 3851 4035">
     <span class='ocr_line' id='line_1_83' title="bbox 2305 3956 3851 4035; baseline -0.006 -15"><span class='ocrx_word' id='word_1_680' title='bbox 2305 3966 2490 4021; x_wconf 83' lang='lat' dir='ltr'><strong>similis</strong></span> <span class='ocrx_word' id='word_1_681' title='bbox 2517 3964 2787 4019; x_wconf 82' lang='lat' dir='ltr'><strong>Altissimo</strong></span> <span class='ocrx_word' id='word_1_682' title='bbox 2803 3961 2939 4035; x_wconf 69' lang='lat' dir='ltr'><strong>(lea.</strong></span> <span class='ocrx_word' id='word_1_683' title='bbox 2963 3961 3098 4029; x_wconf 68' lang='lat' dir='ltr'><strong>11v).</strong></span> <span class='ocrx_word' id='word_1_684' title='bbox 3126 3959 3325 4028; x_wconf 86' lang='lat' dir='ltr'><strong>Aquilo</strong></span> <span class='ocrx_word' id='word_1_685' title='bbox 3348 3960 3505 4014; x_wconf 82' lang='lat' dir='ltr'><strong>enim</strong></span> <span class='ocrx_word' id='word_1_686' title='bbox 3533 3969 3727 4016; x_wconf 75' lang='lat' dir='ltr'><strong>ventus</strong></span> <span class='ocrx_word' id='word_1_687' title='bbox 3746 3956 3851 4025; x_wconf 45' lang='lat' dir='ltr'><strong>[risit</strong></span> 
     </span>
    </p>
   </div>
   <div class='ocr_carea' id='block_1_84' title="bbox 2308 4048 3854 4114">
    <p class='ocr_par' dir='ltr' id='par_1_84' title="bbox 2308 4048 3854 4114">
     <span class='ocr_line' id='line_1_84' title="bbox 2308 4048 3854 4114; baseline -0.006 -6"><span class='ocrx_word' id='word_1_688' title='bbox 2308 4055 2410 4109; x_wconf 89' lang='lat' dir='ltr'><strong>dus</strong></span> <span class='ocrx_word' id='word_1_689' title='bbox 2435 4051 2681 4108; x_wconf 85' lang='lat' dir='ltr'><strong>diabolus</strong></span> <span class='ocrx_word' id='word_1_690' title='bbox 2707 4060 2810 4114; x_wconf 89' lang='lat' dir='ltr'><strong>est,</strong></span> <span class='ocrx_word' id='word_1_691' title='bbox 2831 4051 2918 4105; x_wconf 91' lang='lat' dir='ltr'><strong>cui</strong></span> <span class='ocrx_word' id='word_1_692' title='bbox 2947 4050 3001 4104; x_wconf 93' lang='lat' dir='ltr'><strong>in</strong></span> <span class='ocrx_word' id='word_1_693' title='bbox 3024 4048 3264 4104; x_wconf 86' lang='lat' dir='ltr'><strong>Canticis</strong></span> <span class='ocrx_word' id='word_1_694' title='bbox 3288 4049 3650 4104; x_wconf 82' lang='lat' dir='ltr'><strong>canticorum</strong></span> <span class='ocrx_word' id='word_1_695' title='bbox 3676 4049 3854 4103; x_wconf 67' lang='grc' dir='ltr'><strong>ὤάιπε</strong></span> 
     </span>
    </p>
   </div>
   <div class='ocr_carea' id='block_1_85' title="bbox 2309 4137 3857 4216">
    <p class='ocr_par' dir='ltr' id='par_1_85' title="bbox 2309 4137 3857 4216">
     <span class='ocr_line' id='line_1_85' title="bbox 2309 4137 3857 4216; baseline -0.005 -15"><span class='ocrx_word' id='word_1_696' title='bbox 2309 4144 2498 4216; x_wconf 86' lang='lat' dir='ltr'><strong>Surge,</strong></span> <span class='ocrx_word' id='word_1_697' title='bbox 2525 4143 2724 4215; x_wconf 83' lang='lat' dir='ltr'><strong>aquilo,</strong></span> <span class='ocrx_word' id='word_1_698' title='bbox 2739 4153 2786 4198; x_wconf 86' lang='lat' dir='ltr'><strong>et</strong></span> <span class='ocrx_word' id='word_1_699' title='bbox 2802 4143 2935 4207; x_wconf 85' lang='lat' dir='ltr'><strong>veni,</strong></span> <span class='ocrx_word' id='word_1_700' title='bbox 2959 4151 3135 4196; x_wconf 76' lang='lat' dir='ltr'><strong>auster</strong></span> <span class='ocrx_word' id='word_1_701' title='bbox 3152 4137 3333 4209; x_wconf 82' lang='lat' dir='ltr'><strong>(Cant.</strong></span> <span class='ocrx_word' id='word_1_702' title='bbox 3359 4140 3460 4211; x_wconf 80' lang='lat' dir='ltr'><strong>tv).</strong></span> <span class='ocrx_word' id='word_1_703' title='bbox 3480 4138 3689 4213; x_wconf 83' lang='lat' dir='ltr'><strong>Surge,</strong></span> <span class='ocrx_word' id='word_1_704' title='bbox 3707 4138 3857 4209; x_wconf 63' lang='lat' dir='ltr'><strong>aquib.</strong></span> 
     </span>
    </p>
   </div>
   <div class='ocr_carea' id='block_1_86' title="bbox 2310 4233 3861 4303">
    <p class='ocr_par' dir='ltr' id='par_1_86' title="bbox 2310 4233 3861 4303">
     <span class='ocr_line' id='line_1_86' title="bbox 2310 4233 3861 4303; baseline -0.004 -10"><span class='ocrx_word' id='word_1_705' title='bbox 2310 4239 2363 4293; x_wconf 91' lang='lat' dir='ltr'><strong>id</strong></span> <span class='ocrx_word' id='word_1_706' title='bbox 2390 4247 2493 4302; x_wconf 89' lang='lat' dir='ltr'><strong>est,</strong></span> <span class='ocrx_word' id='word_1_707' title='bbox 2526 4237 2739 4302; x_wconf 88' lang='lat' dir='ltr'><strong>recede,</strong></span> <span class='ocrx_word' id='word_1_708' title='bbox 2762 4235 2995 4291; x_wconf 90' lang='lat' dir='ltr'><strong>diabole.</strong></span> <span class='ocrx_word' id='word_1_709' title='bbox 3021 4233 3180 4299; x_wconf 80' lang='lat' dir='ltr'><strong>Veni,</strong></span> <span class='ocrx_word' id='word_1_710' title='bbox 3206 4241 3417 4299; x_wconf 85' lang='lat' dir='ltr'><strong>auster,</strong></span> <span class='ocrx_word' id='word_1_711' title='bbox 3458 4235 3662 4290; x_wconf 80' lang='lat' dir='ltr'><strong>veniat</strong></span> <span class='ocrx_word' id='word_1_712' title='bbox 3692 4233 3861 4303; x_wconf 52' lang='lat' dir='ltr'><strong>sum</strong></span> 
     </span>
    </p>
   </div>
   <div class='ocr_carea' id='block_1_87' title="bbox 2309 4324 3861 4398">
    <p class='ocr_par' dir='ltr' id='par_1_87' title="bbox 2309 4324 3861 4398">
     <span class='ocr_line' id='line_1_87' title="bbox 2309 4324 3861 4398; baseline -0.005 -13"><span class='ocrx_word' id='word_1_713' title='bbox 2309 4338 2565 4391; x_wconf 85' lang='lat' dir='ltr'><strong>sanctus,</strong></span> <span class='ocrx_word' id='word_1_714' title='bbox 2612 4330 2703 4398; x_wconf 89' lang='lat' dir='ltr'><strong>qui</strong></span> <span class='ocrx_word' id='word_1_715' title='bbox 2752 4343 2853 4382; x_wconf 91' lang='lat' dir='ltr'><strong>suo</strong></span> <span class='ocrx_word' id='word_1_716' title='bbox 2900 4325 3136 4382; x_wconf 90' lang='lat' dir='ltr'><strong>adventu</strong></span> <span class='ocrx_word' id='word_1_717' title='bbox 3184 4324 3477 4380; x_wconf 79' lang='lat' dir='ltr'><strong>calefaciat</strong></span> <span class='ocrx_word' id='word_1_718' title='bbox 3530 4336 3594 4382; x_wconf 83' lang='lat' dir='ltr'><strong>et</strong></span> <span class='ocrx_word' id='word_1_719' title='bbox 3646 4326 3861 4381; x_wconf 64' lang='lat' dir='ltr'><strong>illudne!</strong></span> 
     </span>
    </p>
   </div>
   <div class='ocr_carea' id='block_1_88' title="bbox 2310 4414 3858 4487">
    <p class='ocr_par' dir='ltr' id='par_1_88' title="bbox 2310 4414 3858 4487">
     <span class='ocr_line' id='line_1_88' title="bbox 2310 4414 3858 4487; baseline -0.004 -10"><span class='ocrx_word' id='word_1_720' title='bbox 2310 4422 2473 4477; x_wconf 88' lang='lat' dir='ltr'><strong>corda</strong></span> <span class='ocrx_word' id='word_1_721' title='bbox 2503 4420 2812 4482; x_wconf 89' lang='lat' dir='ltr'><strong>hominum,</strong></span> <span class='ocrx_word' id='word_1_722' title='bbox 2854 4427 2912 4472; x_wconf 89' lang='lat' dir='ltr'><strong>ut</strong></span> <span class='ocrx_word' id='word_1_723' title='bbox 2944 4417 3159 4487; x_wconf 89' lang='lat' dir='ltr'><strong>pariant</strong></span> <span class='ocrx_word' id='word_1_724' title='bbox 3185 4431 3352 4487; x_wconf 88' lang='lat' dir='ltr'><strong>opera</strong></span> <span class='ocrx_word' id='word_1_725' title='bbox 3383 4422 3688 4472; x_wconf 83' lang='lat' dir='ltr'><strong>virtutum.</strong></span> <span class='ocrx_word' id='word_1_726' title='bbox 3728 4414 3858 4471; x_wconf 49' lang='lat' dir='ltr'><strong>Catia</strong></span> 
     </span>
    </p>
   </div>
   <div class='ocr_carea' id='block_1_89' title="bbox 2318 4506 3862 4581">
    <p class='ocr_par' dir='ltr' id='par_1_89' title="bbox 2318 4506 3862 4581">
     <span class='ocr_line' id='line_1_89' title="bbox 2318 4506 3862 4581; baseline -0.005 -14"><span class='ocrx_word' id='word_1_727' title='bbox 2318 4522 2444 4567; x_wconf 90' lang='lat' dir='ltr'><strong>sunt</strong></span> <span class='ocrx_word' id='word_1_728' title='bbox 2474 4511 2567 4581; x_wconf 91' lang='lat' dir='ltr'><strong>qui</strong></span> <span class='ocrx_word' id='word_1_729' title='bbox 2608 4510 2660 4564; x_wconf 89' lang='lat' dir='ltr'><strong>in</strong></span> <span class='ocrx_word' id='word_1_730' title='bbox 2698 4508 2912 4563; x_wconf 81' lang='lat' dir='ltr'><strong>fervore</strong></span> <span class='ocrx_word' id='word_1_731' title='bbox 2940 4508 3162 4579; x_wconf 90' lang='lat' dir='ltr'><strong>spiritus</strong></span> <span class='ocrx_word' id='word_1_732' title='bbox 3201 4506 3254 4562; x_wconf 90' lang='lat' dir='ltr'><strong>in</strong></span> <span class='ocrx_word' id='word_1_733' title='bbox 3296 4507 3391 4561; x_wconf 88' lang='lat' dir='ltr'><strong>Dei</strong></span> <span class='ocrx_word' id='word_1_734' title='bbox 3421 4515 3478 4562; x_wconf 87' lang='lat' dir='ltr'><strong>et</strong></span> <span class='ocrx_word' id='word_1_735' title='bbox 3510 4508 3746 4579; x_wconf 75' lang='lat' dir='ltr'><strong>proximi</strong></span> <span class='ocrx_word' id='word_1_736' title='bbox 3768 4506 3862 4559; x_wconf 63' lang='lat' dir='ltr'><strong>die»</strong></span> 
     </span>
    </p>
   </div>
   <div class='ocr_carea' id='block_1_90' title="bbox 2313 4595 3865 4668">
    <p class='ocr_par' dir='ltr' id='par_1_90' title="bbox 2313 4595 3865 4668">
     <span class='ocr_line' id='line_1_90' title="bbox 2313 4595 3865 4668; baseline -0.004 -12"><span class='ocrx_word' id='word_1_737' title='bbox 2313 4602 2494 4657; x_wconf 87' lang='lat' dir='ltr'><strong>ctione</strong></span> <span class='ocrx_word' id='word_1_738' title='bbox 2523 4599 2845 4655; x_wconf 84' lang='lat' dir='ltr'><strong>consistunt.</strong></span> <span class='ocrx_word' id='word_1_739' title='bbox 2896 4598 3119 4668; x_wconf 89' lang='lat' dir='ltr'><strong>Tepidi,</strong></span> <span class='ocrx_word' id='word_1_740' title='bbox 3155 4596 3246 4668; x_wconf 90' lang='lat' dir='ltr'><strong>qui</strong></span> <span class='ocrx_word' id='word_1_741' title='bbox 3277 4612 3383 4652; x_wconf 82' lang='lat' dir='ltr'><strong>nec</strong></span> <span class='ocrx_word' id='word_1_742' title='bbox 3410 4613 3479 4652; x_wconf 78' lang='lat' dir='ltr'><strong>ex</strong></span> <span class='ocrx_word' id='word_1_743' title='bbox 3513 4608 3641 4655; x_wconf 82' lang='lat' dir='ltr'><strong>toto</strong></span> <span class='ocrx_word' id='word_1_744' title='bbox 3672 4595 3865 4653; x_wconf 61' lang='lat' dir='ltr'><strong>inieris</strong></span> 
     </span>
    </p>
   </div>
   <div class='ocr_carea' id='block_1_91' title="bbox 622 4668 3864 4758">
    <p class='ocr_par' dir='ltr' id='par_1_91' title="bbox 622 4668 3864 4758">
     <span class='ocr_line' id='line_1_91' title="bbox 622 4668 3864 4758; baseline -0.005 -19"><span class='ocrx_word' id='word_1_745' title='bbox 622 4687 766 4755; x_wconf 90' lang='lat' dir='ltr'><strong>quod</strong></span> <span class='ocrx_word' id='word_1_746' title='bbox 796 4685 899 4739; x_wconf 88' lang='lat' dir='ltr'><strong>alia</strong></span> <span class='ocrx_word' id='word_1_747' title='bbox 931 4683 1215 4747; x_wconf 82' lang='lat' dir='ltr'><strong>translatio</strong></span> <span class='ocrx_word' id='word_1_748' title='bbox 1247 4683 1439 4749; x_wconf 90' lang='lat' dir='ltr'><strong>habet,</strong></span> <span class='ocrx_word' id='word_1_749' title='bbox 1487 4683 1541 4735; x_wconf 89' lang='lat' dir='ltr'><strong>in</strong></span> <span class='ocrx_word' id='word_1_750' title='bbox 1581 4683 1729 4736; x_wconf 86' lang='lat' dir='ltr'><strong>initio</strong></span> <span class='ocrx_word' id='word_1_751' title='bbox 1767 4683 1968 4736; x_wconf 87' lang='lat' dir='ltr'><strong>viarum</strong></span> <span class='ocrx_word' id='word_1_752' title='bbox 2013 4680 2197 4754; x_wconf 83' lang='lat' dir='ltr'><strong>(Prov.</strong></span> <span class='ocrx_word' id='word_1_753' title='bbox 2227 4668 2283 4730; x_wconf 86' lang='lat' dir='ltr'><strong>D</strong></span> <span class='ocrx_word' id='word_1_754' title='bbox 2309 4703 2465 4758; x_wconf 60' lang='lat' dir='ltr'><strong>sum,</strong></span> <span class='ocrx_word' id='word_1_755' title='bbox 2508 4708 2611 4748; x_wconf 68' lang='lat' dir='ltr'><strong>nec</strong></span> <span class='ocrx_word' id='word_1_756' title='bbox 2650 4692 2807 4746; x_wconf 62' lang='lat' dir='ltr'><strong>avide</strong></span> <span class='ocrx_word' id='word_1_757' title='bbox 2837 4691 2904 4745; x_wconf 65' lang='lat' dir='ltr'><strong>ad</strong></span> <span class='ocrx_word' id='word_1_758' title='bbox 2930 4690 3207 4747; x_wconf 49' lang='lat' dir='ltr'><strong>Christum</strong></span> <span class='ocrx_word' id='word_1_759' title='bbox 3236 4691 3490 4746; x_wconf 47' lang='lat' dir='ltr'><strong>modum.</strong></span> <span class='ocrx_word' id='word_1_760' title='bbox 3549 4690 3697 4747; x_wconf 65' lang='lat' dir='ltr'><strong>sum</strong></span> <span class='ocrx_word' id='word_1_761' title='bbox 3726 4698 3864 4744; x_wconf 58' lang='grc' dir='ltr'><strong>,σιω</strong></span> 
     </span>
    </p>
   </div>
   <div class='ocr_carea' id='block_1_92' title="bbox 623 4771 2197 4846">
    <p class='ocr_par' dir='ltr' id='par_1_92' title="bbox 623 4771 2197 4846">
     <span class='ocr_line' id='line_1_92' title="bbox 623 4771 2197 4846; baseline 0 -19"><span class='ocrx_word' id='word_1_762' title='bbox 623 4774 764 4846; x_wconf 79' lang='lat' dir='ltr'><strong>vni).</strong></span> <span class='ocrx_word' id='word_1_763' title='bbox 793 4772 852 4829; x_wconf 88' lang='lat' dir='ltr'><strong>Si</strong></span> <span class='ocrx_word' id='word_1_764' title='bbox 886 4776 987 4828; x_wconf 80' lang='lat' dir='ltr'><strong>boc‘</strong></span> <span class='ocrx_word' id='word_1_765' title='bbox 1013 4787 1198 4827; x_wconf 88' lang='lat' dir='ltr'><strong>verum</strong></span> <span class='ocrx_word' id='word_1_766' title='bbox 1225 4782 1329 4838; x_wconf 89' lang='lat' dir='ltr'><strong>est,</strong></span> <span class='ocrx_word' id='word_1_767' title='bbox 1371 4773 1554 4841; x_wconf 91' lang='lat' dir='ltr'><strong>utique</strong></span> <span class='ocrx_word' id='word_1_768' title='bbox 1584 4773 1726 4841; x_wconf 92' lang='lat' dir='ltr'><strong>quod</strong></span> <span class='ocrx_word' id='word_1_769' title='bbox 1755 4771 1911 4827; x_wconf 82' lang='lat' dir='ltr'><strong>nefas</strong></span> <span class='ocrx_word' id='word_1_770' title='bbox 1938 4780 2023 4827; x_wconf 91' lang='lat' dir='ltr'><strong>est</strong></span> <span class='ocrx_word' id='word_1_771' title='bbox 2048 4773 2197 4844; x_wconf 88' lang='lat' dir='ltr'><strong>cogi-</strong></span> 
     </span>
    </p>
   </div>
   <div class='ocr_carea' id='block_1_93' title="bbox 623 4860 2197 4936">
    <p class='ocr_par' dir='ltr' id='par_1_93' title="bbox 623 4860 2197 4936">
     <span class='ocr_line' id='line_1_93' title="bbox 623 4860 2197 4936; baseline -0.001 -14"><span class='ocrx_word' id='word_1_772' title='bbox 623 4876 770 4935; x_wconf 90' lang='lat' dir='ltr'><strong>tare,</strong></span> <span class='ocrx_word' id='word_1_773' title='bbox 806 4860 1137 4921; x_wconf 82' lang='lat' dir='ltr'><strong>Deus&#39;Pater</strong></span> <span class='ocrx_word' id='word_1_774' title='bbox 1165 4865 1360 4921; x_wconf 90' lang='lat' dir='ltr'><strong>stultus</strong></span> <span class='ocrx_word' id='word_1_775' title='bbox 1387 4875 1523 4929; x_wconf 89' lang='lat' dir='ltr'><strong>erat,</strong></span> <span class='ocrx_word' id='word_1_776' title='bbox 1556 4874 1845 4935; x_wconf 90' lang='lat' dir='ltr'><strong>antequam</strong></span> <span class='ocrx_word' id='word_1_777' title='bbox 1878 4866 2197 4936; x_wconf 88' lang='lat' dir='ltr'><strong>sapientiam</strong></span> 
     </span>
    </p>
   </div>
   <div class='ocr_carea' id='block_1_94' title="bbox 621 4954 2204 5030">
    <p class='ocr_par' dir='ltr' id='par_1_94' title="bbox 621 4954 2204 5030">
     <span class='ocr_line' id='line_1_94' title="bbox 621 4954 2204 5030; baseline -0.001 -16"><span class='ocrx_word' id='word_1_778' title='bbox 621 4974 776 5015; x_wconf 89' lang='lat' dir='ltr'><strong>suam</strong></span> <span class='ocrx_word' id='word_1_779' title='bbox 802 4964 1109 5030; x_wconf 88' lang='lat' dir='ltr'><strong>generaret.</strong></span> <span class='ocrx_word' id='word_1_780' title='bbox 1140 4954 1296 5011; x_wconf 88' lang='lat' dir='ltr'><strong>Certe</strong></span> <span class='ocrx_word' id='word_1_781' title='bbox 1317 4956 1417 5026; x_wconf 91' lang='lat' dir='ltr'><strong>ipsi</strong></span> <span class='ocrx_word' id='word_1_782' title='bbox 1440 4971 1639 5026; x_wconf 88' lang='lat' dir='ltr'><strong>negare</strong></span> <span class='ocrx_word' id='word_1_783' title='bbox 1662 4970 1767 5010; x_wconf 92' lang='lat' dir='ltr'><strong>non</strong></span> <span class='ocrx_word' id='word_1_784' title='bbox 1803 4965 2031 5025; x_wconf 88' lang='lat' dir='ltr'><strong>possunt</strong></span> <span class='ocrx_word' id='word_1_785' title='bbox 2062 4956 2204 5026; x_wconf 90' lang='lat' dir='ltr'><strong>quod</strong></span> 
     </span>
    </p>
   </div>
   <div class='ocr_carea' id='block_1_95' title="bbox 622 5044 2200 5119">
    <p class='ocr_par' dir='ltr' id='par_1_95' title="bbox 622 5044 2200 5119">
     <span class='ocr_line' id='line_1_95' title="bbox 622 5044 2200 5119; baseline -0.001 -16"><span class='ocrx_word' id='word_1_786' title='bbox 622 5049 736 5119; x_wconf 88' lang='lat' dir='ltr'><strong>ipse</strong></span> <span class='ocrx_word' id='word_1_787' title='bbox 767 5047 837 5103; x_wconf 90' lang='lat' dir='ltr'><strong>sit</strong></span> <span class='ocrx_word' id='word_1_788' title='bbox 864 5047 956 5102; x_wconf 90' lang='lat' dir='ltr'><strong>Dei</strong></span> <span class='ocrx_word' id='word_1_789' title='bbox 986 5045 1272 5119; x_wconf 88' lang='lat' dir='ltr'><strong>sapientia,</strong></span> <span class='ocrx_word' id='word_1_790' title='bbox 1306 5046 1447 5101; x_wconf 89' lang='lat' dir='ltr'><strong>sicut</strong></span> <span class='ocrx_word' id='word_1_791' title='bbox 1474 5045 1764 5116; x_wconf 88' lang='lat' dir='ltr'><strong>Apostolus</strong></span> <span class='ocrx_word' id='word_1_792' title='bbox 1795 5047 1870 5101; x_wconf 88' lang='lat' dir='ltr'><strong>ait</strong></span> <span class='ocrx_word' id='word_1_793' title='bbox 1905 5046 1961 5118; x_wconf 92' lang='lat' dir='ltr'><strong>(I</strong></span> <span class='ocrx_word' id='word_1_794' title='bbox 1986 5044 2109 5102; x_wconf 86' lang='lat' dir='ltr'><strong>Cor.</strong></span> <span class='ocrx_word' id='word_1_795' title='bbox 2138 5050 2200 5117; x_wconf 89' lang='grc' dir='ltr'><strong>ι).</strong></span> 
     </span>
    </p>
   </div>
   <div class='ocr_carea' id='block_1_96' title="bbox 620 5139 2205 5213">
    <p class='ocr_par' dir='ltr' id='par_1_96' title="bbox 620 5139 2205 5213">
     <span class='ocr_line' id='line_1_96' title="bbox 620 5139 2205 5213; baseline -0.003 -14"><span class='ocrx_word' id='word_1_796' title='bbox 620 5144 852 5213; x_wconf 83' lang='lat' dir='ltr'><strong>Ideoque</strong></span> <span class='ocrx_word' id='word_1_797' title='bbox 882 5142 987 5197; x_wconf 88' lang='lat' dir='ltr'><strong>illis</strong></span> <span class='ocrx_word' id='word_1_798' title='bbox 1012 5139 1345 5196; x_wconf 88' lang='lat' dir='ltr'><strong>stultissimis</strong></span> <span class='ocrx_word' id='word_1_799' title='bbox 1370 5140 1677 5195; x_wconf 89' lang='lat' dir='ltr'><strong>hominibus</strong></span> <span class='ocrx_word' id='word_1_800' title='bbox 1703 5148 1756 5194; x_wconf 92' lang='lat' dir='ltr'><strong>et</strong></span> <span class='ocrx_word' id='word_1_801' title='bbox 1783 5141 1991 5195; x_wconf 89' lang='lat' dir='ltr'><strong>ratione</strong></span> <span class='ocrx_word' id='word_1_802' title='bbox 2016 5156 2205 5196; x_wconf 82' lang='lat' dir='ltr'><strong>caren-</strong></span> 
     </span>
    </p>
   </div>
   <div class='ocr_carea' id='block_1_97' title="bbox 626 5231 2204 5305">
    <p class='ocr_par' dir='ltr' id='par_1_97' title="bbox 626 5231 2204 5305">
     <span class='ocr_line' id='line_1_97' title="bbox 626 5231 2204 5305; baseline -0.001 -15"><span class='ocrx_word' id='word_1_803' title='bbox 626 5236 767 5290; x_wconf 90' lang='lat' dir='ltr'><strong>tibus</strong></span> <span class='ocrx_word' id='word_1_804' title='bbox 797 5235 1081 5291; x_wconf 88' lang='lat' dir='ltr'><strong>dicendum</strong></span> <span class='ocrx_word' id='word_1_805' title='bbox 1110 5242 1193 5287; x_wconf 91' lang='lat' dir='ltr'><strong>est</strong></span> <span class='ocrx_word' id='word_1_806' title='bbox 1218 5249 1231 5286; x_wconf 90' lang='lat'><strong>:</strong></span> <span class='ocrx_word' id='word_1_807' title='bbox 1266 5231 1322 5287; x_wconf 90' lang='lat' dir='ltr'><strong>Si</strong></span> <span class='ocrx_word' id='word_1_808' title='bbox 1349 5232 1491 5287; x_wconf 90' lang='lat' dir='ltr'><strong>Deus</strong></span> <span class='ocrx_word' id='word_1_809' title='bbox 1520 5233 1720 5287; x_wconf 90' lang='lat' dir='ltr'><strong>stultus</strong></span> <span class='ocrx_word' id='word_1_810' title='bbox 1744 5243 1883 5300; x_wconf 85' lang='lat' dir='ltr'><strong>erat,</strong></span> <span class='ocrx_word' id='word_1_811' title='bbox 1908 5233 2051 5289; x_wconf 90' lang='lat' dir='ltr'><strong>unde</strong></span> <span class='ocrx_word' id='word_1_812' title='bbox 2076 5250 2204 5305; x_wconf 91' lang='lat' dir='ltr'><strong>ergo</strong></span> 
     </span>
    </p>
   </div>
   <div class='ocr_carea' id='block_1_98' title="bbox 625 5323 2204 5395">
    <p class='ocr_par' dir='ltr' id='par_1_98' title="bbox 625 5323 2204 5395">
     <span class='ocr_line' id='line_1_98' title="bbox 625 5323 2204 5395; baseline 0.002 -16"><span class='ocrx_word' id='word_1_813' title='bbox 625 5336 734 5379; x_wconf 87' lang='lat' dir='ltr'><strong>tam</strong></span> <span class='ocrx_word' id='word_1_814' title='bbox 766 5326 1040 5395; x_wconf 89' lang='lat' dir='ltr'><strong>sapienter</strong></span> <span class='ocrx_word' id='word_1_815' title='bbox 1067 5323 1248 5378; x_wconf 88' lang='lat' dir='ltr'><strong>omnia</strong></span> <span class='ocrx_word' id='word_1_816' title='bbox 1279 5323 1561 5379; x_wconf 84' lang='lat' dir='ltr'><strong>condidit?</strong></span> <span class='ocrx_word' id='word_1_817' title='bbox 1610 5324 1676 5378; x_wconf 87' lang='lat' dir='ltr'><strong>Et</strong></span> <span class='ocrx_word' id='word_1_818' title='bbox 1714 5342 1809 5380; x_wconf 89' lang='lat' dir='ltr'><strong>nos</strong></span> <span class='ocrx_word' id='word_1_819' title='bbox 1848 5327 2204 5395; x_wconf 83' lang='lat' dir='ltr'><strong>quemadmo-</strong></span> 
     </span>
    </p>
   </div>
   <div class='ocr_carea' id='block_1_99' title="bbox 626 5415 2208 5490">
    <p class='ocr_par' dir='ltr' id='par_1_99' title="bbox 626 5415 2208 5490">
     <span class='ocr_line' id='line_1_99' title="bbox 626 5415 2208 5490; baseline 0.002 -18"><span class='ocrx_word' id='word_1_820' title='bbox 626 5418 752 5473; x_wconf 88' lang='lat' dir='ltr'><strong>dum</strong></span> <span class='ocrx_word' id='word_1_821' title='bbox 783 5416 1006 5482; x_wconf 89' lang='lat' dir='ltr'><strong>creavit,</strong></span> <span class='ocrx_word' id='word_1_822' title='bbox 1037 5417 1083 5473; x_wconf 89' lang='lat' dir='ltr'><strong>si</strong></span> <span class='ocrx_word' id='word_1_823' title='bbox 1116 5415 1203 5471; x_wconf 93' lang='lat' dir='ltr'><strong>ille</strong></span> <span class='ocrx_word' id='word_1_824' title='bbox 1234 5425 1523 5486; x_wconf 89' lang='lat' dir='ltr'><strong>antequam</strong></span> <span class='ocrx_word' id='word_1_825' title='bbox 1549 5425 1825 5473; x_wconf 87' lang='lat' dir='ltr'><strong>crearetur</strong></span> <span class='ocrx_word' id='word_1_826' title='bbox 1849 5420 1966 5475; x_wconf 89' lang='lat' dir='ltr'><strong>sine</strong></span> <span class='ocrx_word' id='word_1_827' title='bbox 1993 5420 2208 5490; x_wconf 91' lang='lat' dir='ltr'><strong>sapien-</strong></span> 
     </span>
    </p>
   </div>
   <div class='ocr_carea' id='block_1_100' title="bbox 628 5509 2207 5584">
    <p class='ocr_par' dir='ltr' id='par_1_100' title="bbox 628 5509 2207 5584">
     <span class='ocr_line' id='line_1_100' title="bbox 628 5509 2207 5584; baseline 0.001 -17"><span class='ocrx_word' id='word_1_828' title='bbox 628 5512 699 5567; x_wconf 89' lang='lat' dir='ltr'><strong>tia</strong></span> <span class='ocrx_word' id='word_1_829' title='bbox 730 5509 864 5577; x_wconf 79' lang='lat' dir='ltr'><strong>fuit,</strong></span> <span class='ocrx_word' id='word_1_830' title='bbox 910 5518 1095 5579; x_wconf 89' lang='lat' dir='ltr'><strong>utpote</strong></span> <span class='ocrx_word' id='word_1_831' title='bbox 1127 5509 1387 5581; x_wconf 89' lang='lat' dir='ltr'><strong>insipiens</strong></span> <span class='ocrx_word' id='word_1_832' title='bbox 1423 5518 1479 5565; x_wconf 87' lang='lat' dir='ltr'><strong>et</strong></span> <span class='ocrx_word' id='word_1_833' title='bbox 1512 5511 1764 5568; x_wconf 90' lang='lat' dir='ltr'><strong>nesciens</strong></span> <span class='ocrx_word' id='word_1_834' title='bbox 1791 5514 1921 5584; x_wconf 90' lang='lat' dir='ltr'><strong>quid</strong></span> <span class='ocrx_word' id='word_1_835' title='bbox 1954 5512 2207 5571; x_wconf 82' lang='lat' dir='ltr'><strong>faceret?</strong></span> 
     </span>
    </p>
   </div>
   <div class='ocr_carea' id='block_1_101' title="bbox 622 5600 2211 5671">
    <p class='ocr_par' dir='ltr' id='par_1_101' title="bbox 622 5600 2211 5671">
     <span class='ocr_line' id='line_1_101' title="bbox 622 5600 2211 5671; baseline 0.001 -11"><span class='ocrx_word' id='word_1_836' title='bbox 622 5601 743 5660; x_wconf 85' lang='lat' dir='ltr'><strong>Non</strong></span> <span class='ocrx_word' id='word_1_837' title='bbox 773 5616 901 5670; x_wconf 85' lang='lat' dir='ltr'><strong>ergo</strong></span> <span class='ocrx_word' id='word_1_838' title='bbox 930 5602 1042 5671; x_wconf 91' lang='lat' dir='ltr'><strong>ipsa</strong></span> <span class='ocrx_word' id='word_1_839' title='bbox 1072 5600 1333 5669; x_wconf 86' lang='lat' dir='ltr'><strong>sapientia</strong></span> <span class='ocrx_word' id='word_1_840' title='bbox 1361 5609 1544 5656; x_wconf 86' lang='lat' dir='ltr'><strong>creata</strong></span> <span class='ocrx_word' id='word_1_841' title='bbox 1567 5612 1650 5658; x_wconf 89' lang='lat' dir='ltr'><strong>est</strong></span> <span class='ocrx_word' id='word_1_842' title='bbox 1678 5619 1708 5657; x_wconf 92' lang='lat' dir='ltr'><strong>a</strong></span> <span class='ocrx_word' id='word_1_843' title='bbox 1733 5603 1917 5669; x_wconf 86' lang='lat' dir='ltr'><strong>Patre,</strong></span> <span class='ocrx_word' id='word_1_844' title='bbox 1940 5604 2034 5660; x_wconf 90' lang='lat' dir='ltr'><strong>sed</strong></span> <span class='ocrx_word' id='word_1_845' title='bbox 2057 5614 2211 5662; x_wconf 91' lang='lat' dir='ltr'><strong>ante-</strong></span> 
     </span>
    </p>
   </div>
   <div class='ocr_carea' id='block_1_102' title="bbox 624 5693 2209 5770">
    <p class='ocr_par' dir='ltr' id='par_1_102' title="bbox 624 5693 2209 5770">
     <span class='ocr_line' id='line_1_102' title="bbox 624 5693 2209 5770; baseline 0.003 -18"><span class='ocrx_word' id='word_1_846' title='bbox 624 5712 787 5770; x_wconf 80' lang='lat' dir='ltr'><strong>quam</strong></span> <span class='ocrx_word' id='word_1_847' title='bbox 822 5701 1014 5748; x_wconf 89' lang='lat' dir='ltr'><strong>cuncta</strong></span> <span class='ocrx_word' id='word_1_848' title='bbox 1047 5693 1258 5759; x_wconf 85' lang='lat' dir='ltr'><strong>ﬁerent,</strong></span> <span class='ocrx_word' id='word_1_849' title='bbox 1296 5704 1415 5750; x_wconf 89' lang='lat' dir='ltr'><strong>erat</strong></span> <span class='ocrx_word' id='word_1_850' title='bbox 1448 5712 1573 5751; x_wconf 89' lang='lat' dir='ltr'><strong>cum</strong></span> <span class='ocrx_word' id='word_1_851' title='bbox 1603 5696 1782 5762; x_wconf 86' lang='lat' dir='ltr'><strong>Patre,</strong></span> <span class='ocrx_word' id='word_1_852' title='bbox 1806 5713 1980 5770; x_wconf 86' lang='lat' dir='ltr'><strong>neque</strong></span> <span class='ocrx_word' id='word_1_853' title='bbox 2009 5714 2076 5757; x_wconf 77' lang='lat' dir='ltr'><strong>ex</strong></span> <span class='ocrx_word' id='word_1_854' title='bbox 2105 5699 2209 5757; x_wconf 88' lang='lat' dir='ltr'><strong>alia</strong></span> 
     </span>
    </p>
   </div>
   <div class='ocr_carea' id='block_1_103' title="bbox 623 5782 2206 5863">
    <p class='ocr_par' dir='ltr' id='par_1_103' title="bbox 623 5782 2206 5863">
     <span class='ocr_line' id='line_1_103' title="bbox 623 5782 2206 5863; baseline -0.001 -18"><span class='ocrx_word' id='word_1_855' title='bbox 623 5786 928 5849; x_wconf 74' lang='lat' dir='ltr'><strong>substantia</strong></span> <span class='ocrx_word' id='word_1_856' title='bbox 958 5782 1099 5839; x_wconf 89' lang='lat' dir='ltr'><strong>Deus</strong></span> <span class='ocrx_word' id='word_1_857' title='bbox 1135 5784 1298 5840; x_wconf 90' lang='lat' dir='ltr'><strong>Pater</strong></span> <span class='ocrx_word' id='word_1_858' title='bbox 1326 5788 1510 5859; x_wconf 87' lang='lat' dir='ltr'><strong>genuit</strong></span> <span class='ocrx_word' id='word_1_859' title='bbox 1537 5786 1756 5855; x_wconf 87' lang='lat' dir='ltr'><strong>Filium,</strong></span> <span class='ocrx_word' id='word_1_860' title='bbox 1787 5789 1880 5845; x_wconf 88' lang='lat' dir='ltr'><strong>sed</strong></span> <span class='ocrx_word' id='word_1_861' title='bbox 1909 5806 1975 5846; x_wconf 81' lang='lat' dir='ltr'><strong>ex</strong></span> <span class='ocrx_word' id='word_1_862' title='bbox 2007 5793 2206 5863; x_wconf 85' lang='lat' dir='ltr'><strong>seipso,</strong></span> 
     </span>
    </p>
   </div>
   <div class='ocr_carea' id='block_1_104' title="bbox 622 5877 2207 5949">
    <p class='ocr_par' dir='ltr' id='par_1_104' title="bbox 622 5877 2207 5949">
     <span class='ocr_line' id='line_1_104' title="bbox 622 5877 2207 5949; baseline 0.003 -12"><span class='ocrx_word' id='word_1_863' title='bbox 622 5881 788 5938; x_wconf 86' lang='lat' dir='ltr'><strong>veluti</strong></span> <span class='ocrx_word' id='word_1_864' title='bbox 820 5877 1108 5942; x_wconf 71' lang='lat' dir='ltr'><strong>consilium</strong></span> <span class='ocrx_word' id='word_1_865' title='bbox 1138 5887 1429 5949; x_wconf 84' lang='lat' dir='ltr'><strong>generatur</strong></span> <span class='ocrx_word' id='word_1_866' title='bbox 1463 5881 1514 5935; x_wconf 93' lang='lat' dir='ltr'><strong>in</strong></span> <span class='ocrx_word' id='word_1_867' title='bbox 1548 5891 1746 5936; x_wconf 87' lang='lat' dir='ltr'><strong>mente.</strong></span> <span class='ocrx_word' id='word_1_868' title='bbox 1791 5880 1924 5939; x_wconf 83' lang='lat' dir='ltr'><strong>Nam</strong></span> <span class='ocrx_word' id='word_1_869' title='bbox 1953 5887 2098 5941; x_wconf 86' lang='lat' dir='ltr'><strong>uuod</strong></span> <span class='ocrx_word' id='word_1_870' title='bbox 2128 5887 2207 5941; x_wconf 86' lang='lat' dir='ltr'><strong>di-</strong></span> 
     </span>
    </p>
   </div>
   <div class='ocr_carea' id='block_1_105' title="bbox 2310 4782 3865 4855">
    <p class='ocr_par' dir='ltr' id='par_1_105' title="bbox 2310 4782 3865 4855">
     <span class='ocr_line' id='line_1_105' title="bbox 2310 4782 3865 4855; baseline -0.006 -13"><span class='ocrx_word' id='word_1_871' title='bbox 2310 4797 2366 4853; x_wconf 88' lang='lat' dir='ltr'><strong>et</strong></span> <span class='ocrx_word' id='word_1_872' title='bbox 2407 4786 2663 4855; x_wconf 88' lang='lat' dir='ltr'><strong>quidam,</strong></span> <span class='ocrx_word' id='word_1_873' title='bbox 2708 4785 2802 4854; x_wconf 90' lang='lat' dir='ltr'><strong>qui</strong></span> <span class='ocrx_word' id='word_1_874' title='bbox 2851 4784 3004 4854; x_wconf 86' lang='lat' dir='ltr'><strong>prius</strong></span> <span class='ocrx_word' id='word_1_875' title='bbox 3042 4783 3261 4855; x_wconf 89' lang='lat' dir='ltr'><strong>quidem</strong></span> <span class='ocrx_word' id='word_1_876' title='bbox 3309 4782 3543 4839; x_wconf 76' lang='lat' dir='ltr'><strong>fuerunt</strong></span> <span class='ocrx_word' id='word_1_877' title='bbox 3826 4790 3865 4832; x_wconf 77' lang='lat' dir='ltr'><strong>et</strong></span> 
     </span>
    </p>
   </div>
   <div class='ocr_carea' id='block_1_106' title="bbox 2312 4859 3869 4944">
    <p class='ocr_par' dir='ltr' id='par_1_106' title="bbox 2312 4859 3869 4944">
     <span class='ocr_line' id='line_1_106' title="bbox 2312 4859 3869 4944; baseline -0.006 -11"><span class='ocrx_word' id='word_1_878' title='bbox 2312 4876 2495 4933; x_wconf 90' lang='lat' dir='ltr'><strong>multis</strong></span> <span class='ocrx_word' id='word_1_879' title='bbox 2523 4875 2846 4931; x_wconf 88' lang='lat' dir='ltr'><strong>criminibus</strong></span> <span class='ocrx_word' id='word_1_880' title='bbox 2881 4875 3136 4939; x_wconf 74' lang='lat' dir='ltr'><strong>obnoxii,</strong></span> <span class='ocrx_word' id='word_1_881' title='bbox 3180 4859 3276 4930; x_wconf 68' lang='lat' dir='ltr'><strong>sed</strong></span> <span class='ocrx_word' id='word_1_882' title='bbox 3315 4873 3653 4944; x_wconf 85' lang='lat' dir='ltr'><strong>plerumque</strong></span> <span class='ocrx_word' id='word_1_883' title='bbox 3694 4882 3869 4929; x_wconf 62' lang='lat' dir='ltr'><strong>sancta</strong></span> 
     </span>
    </p>
   </div>
   <div class='ocr_carea' id='block_1_107' title="bbox 2314 4960 3873 5039">
    <p class='ocr_par' dir='ltr' id='par_1_107' title="bbox 2314 4960 3873 5039">
     <span class='ocr_line' id='line_1_107' title="bbox 2314 4960 3873 5039; baseline -0.005 -15"><span class='ocrx_word' id='word_1_884' title='bbox 2314 4967 2551 5039; x_wconf 90' lang='lat' dir='ltr'><strong>Spiritus</strong></span> <span class='ocrx_word' id='word_1_885' title='bbox 2587 4966 2771 5023; x_wconf 85' lang='lat' dir='ltr'><strong>talium</strong></span> <span class='ocrx_word' id='word_1_886' title='bbox 2803 4965 2966 5022; x_wconf 88' lang='lat' dir='ltr'><strong>corda</strong></span> <span class='ocrx_word' id='word_1_887' title='bbox 3003 4966 3197 5037; x_wconf 88' lang='lat' dir='ltr'><strong>tangit.</strong></span> <span class='ocrx_word' id='word_1_888' title='bbox 3245 4962 3365 5031; x_wconf 86' lang='lat' dir='ltr'><strong>Quo</strong></span> <span class='ocrx_word' id='word_1_889' title='bbox 3392 4962 3759 5027; x_wconf 81' lang='lat' dir='ltr'><strong>inﬂammati,</strong></span> <span class='ocrx_word' id='word_1_890' title='bbox 3793 4960 3873 5016; x_wconf 75' lang='lat' dir='ltr'><strong>ict-</strong></span> 
     </span>
    </p>
   </div>
   <div class='ocr_carea' id='block_1_108' title="bbox 2312 5056 3875 5128">
    <p class='ocr_par' dir='ltr' id='par_1_108' title="bbox 2312 5056 3875 5128">
     <span class='ocr_line' id='line_1_108' title="bbox 2312 5056 3875 5128; baseline -0.004 -12"><span class='ocrx_word' id='word_1_891' title='bbox 2312 5069 2502 5116; x_wconf 87' lang='lat' dir='ltr'><strong>ventes</strong></span> <span class='ocrx_word' id='word_1_892' title='bbox 2527 5059 2869 5115; x_wconf 77' lang='lat' dir='ltr'><strong>eﬂiciuntur:</strong></span> <span class='ocrx_word' id='word_1_893' title='bbox 2907 5058 2996 5128; x_wconf 91' lang='lat' dir='ltr'><strong>qui</strong></span> <span class='ocrx_word' id='word_1_894' title='bbox 3038 5065 3240 5128; x_wconf 89' lang='lat' dir='ltr'><strong>quanto</strong></span> <span class='ocrx_word' id='word_1_895' title='bbox 3272 5072 3333 5112; x_wconf 85' lang='lat' dir='ltr'><strong>se</strong></span> <span class='ocrx_word' id='word_1_896' title='bbox 3371 5068 3708 5127; x_wconf 77' lang='lat' dir='ltr'><strong>peccatores</strong></span> <span class='ocrx_word' id='word_1_897' title='bbox 3746 5056 3875 5110; x_wconf 57' lang='lat' dir='ltr'><strong>[nisi</strong></span> 
     </span>
    </p>
   </div>
   <div class='ocr_carea' id='block_1_109' title="bbox 2309 5149 3875 5221">
    <p class='ocr_par' dir='ltr' id='par_1_109' title="bbox 2309 5149 3875 5221">
     <span class='ocr_line' id='line_1_109' title="bbox 2309 5149 3875 5221; baseline -0.008 -10"><span class='ocrx_word' id='word_1_898' title='bbox 2309 5156 2686 5219; x_wconf 81' lang='lat' dir='ltr'><strong>recordamur,</strong></span> <span class='ocrx_word' id='word_1_899' title='bbox 2732 5168 2799 5210; x_wconf 89' lang='lat' dir='ltr'><strong>eo</strong></span> <span class='ocrx_word' id='word_1_900' title='bbox 2842 5151 3076 5221; x_wconf 89' lang='lat' dir='ltr'><strong>amplius</strong></span> <span class='ocrx_word' id='word_1_901' title='bbox 3104 5150 3459 5206; x_wconf 86' lang='lat' dir='ltr'><strong>liberatorem</strong></span> <span class='ocrx_word' id='word_1_902' title='bbox 3488 5166 3663 5207; x_wconf 74' lang='lat' dir='ltr'><strong>suum</strong></span> <span class='ocrx_word' id='word_1_903' title='bbox 3691 5149 3875 5219; x_wconf 61' lang='lat' dir='ltr'><strong>dﬂigam</strong></span> 
     </span>
    </p>
   </div>
   <div class='ocr_carea' id='block_1_110' title="bbox 2311 5240 3878 5320">
    <p class='ocr_par' dir='ltr' id='par_1_110' title="bbox 2311 5240 3878 5320">
     <span class='ocr_line' id='line_1_110' title="bbox 2311 5240 3878 5320; baseline -0.005 -17"><span class='ocrx_word' id='word_1_904' title='bbox 2311 5256 2608 5320; x_wconf 84' lang='lat' dir='ltr'><strong>appetunt,</strong></span> <span class='ocrx_word' id='word_1_905' title='bbox 2648 5260 2770 5303; x_wconf 88' lang='lat' dir='ltr'><strong>cum</strong></span> <span class='ocrx_word' id='word_1_906' title='bbox 2801 5244 3095 5300; x_wconf 90' lang='lat' dir='ltr'><strong>recedente</strong></span> <span class='ocrx_word' id='word_1_907' title='bbox 3124 5242 3433 5312; x_wconf 84' lang='lat' dir='ltr'><strong>iniquitate,</strong></span> <span class='ocrx_word' id='word_1_908' title='bbox 3471 5242 3717 5312; x_wconf 77' lang='lat' dir='ltr'><strong>ignescit</strong></span> <span class='ocrx_word' id='word_1_909' title='bbox 3738 5240 3878 5295; x_wconf 69' lang='lat' dir='ltr'><strong>chari-</strong></span> 
     </span>
    </p>
   </div>
   <div class='ocr_carea' id='block_1_111' title="bbox 2314 5332 3877 5404">
    <p class='ocr_par' dir='ltr' id='par_1_111' title="bbox 2314 5332 3877 5404">
     <span class='ocr_line' id='line_1_111' title="bbox 2314 5332 3877 5404; baseline -0.006 -9"><span class='ocrx_word' id='word_1_910' title='bbox 2314 5347 2398 5395; x_wconf 87' lang='lat' dir='ltr'><strong>tas</strong></span> <span class='ocrx_word' id='word_1_911' title='bbox 2428 5351 2639 5392; x_wconf 89' lang='lat' dir='ltr'><strong>eorum.</strong></span> <span class='ocrx_word' id='word_1_912' title='bbox 2691 5334 2765 5390; x_wconf 89' lang='lat' dir='ltr'><strong>De</strong></span> <span class='ocrx_word' id='word_1_913' title='bbox 2798 5334 2998 5390; x_wconf 87' lang='lat' dir='ltr'><strong>talibus</strong></span> <span class='ocrx_word' id='word_1_914' title='bbox 3027 5333 3081 5387; x_wconf 91' lang='lat' dir='ltr'><strong>in</strong></span> <span class='ocrx_word' id='word_1_915' title='bbox 3112 5332 3404 5404; x_wconf 81' lang='lat' dir='ltr'><strong>Evangelia</strong></span> <span class='ocrx_word' id='word_1_916' title='bbox 3437 5332 3715 5389; x_wconf 75' lang='lat' dir='ltr'><strong>Dominus</strong></span> <span class='ocrx_word' id='word_1_917' title='bbox 3740 5332 3877 5387; x_wconf 70' lang='lat' dir='ltr'><strong>didi?</strong></span> 
     </span>
    </p>
   </div>
   <div class='ocr_carea' id='block_1_112' title="bbox 2312 5426 3881 5498">
    <p class='ocr_par' dir='ltr' id='par_1_112' title="bbox 2312 5426 3881 5498">
     <span class='ocr_line' id='line_1_112' title="bbox 2312 5426 3881 5498; baseline -0.007 -11"><span class='ocrx_word' id='word_1_918' title='bbox 2312 5430 2580 5487; x_wconf 84' lang='lat' dir='ltr'><strong>Gaudium</strong></span> <span class='ocrx_word' id='word_1_919' title='bbox 2605 5438 2679 5484; x_wconf 87' lang='lat' dir='ltr'><strong>est</strong></span> <span class='ocrx_word' id='word_1_920' title='bbox 2704 5429 2760 5482; x_wconf 89' lang='lat' dir='ltr'><strong>in</strong></span> <span class='ocrx_word' id='word_1_921' title='bbox 2788 5426 2913 5483; x_wconf 68' lang='lat' dir='ltr'><strong>caelo</strong></span> <span class='ocrx_word' id='word_1_922' title='bbox 2941 5442 3099 5498; x_wconf 79' lang='lat' dir='ltr'><strong>super</strong></span> <span class='ocrx_word' id='word_1_923' title='bbox 3122 5442 3226 5480; x_wconf 83' lang='lat' dir='ltr'><strong>uno</strong></span> <span class='ocrx_word' id='word_1_924' title='bbox 3249 5436 3525 5495; x_wconf 78' lang='lat' dir='ltr'><strong>peccatore</strong></span> <span class='ocrx_word' id='word_1_925' title='bbox 3552 5428 3881 5496; x_wconf 64' lang='lat' dir='ltr'><strong>penitenti-</strong></span> 
     </span>
    </p>
   </div>
   <div class='ocr_carea' id='block_1_113' title="bbox 2317 5517 3882 5593">
    <p class='ocr_par' dir='ltr' id='par_1_113' title="bbox 2317 5517 3882 5593">
     <span class='ocr_line' id='line_1_113' title="bbox 2317 5517 3882 5593; baseline -0.004 -17"><span class='ocrx_word' id='word_1_926' title='bbox 2317 5531 2501 5593; x_wconf 84' lang='lat' dir='ltr'><strong>agente</strong></span> <span class='ocrx_word' id='word_1_927' title='bbox 2531 5520 2681 5593; x_wconf 89' lang='lat' dir='ltr'><strong>(Luc.</strong></span> <span class='ocrx_word' id='word_1_928' title='bbox 2710 5518 2824 5592; x_wconf 82' lang='lat' dir='ltr'><strong>xv).</strong></span> <span class='ocrx_word' id='word_1_929' title='bbox 2875 5517 3014 5575; x_wconf 89' lang='lat' dir='ltr'><strong>Sunt</strong></span> <span class='ocrx_word' id='word_1_930' title='bbox 3038 5527 3218 5575; x_wconf 88' lang='lat' dir='ltr'><strong>autem</strong></span> <span class='ocrx_word' id='word_1_931' title='bbox 3255 5526 3312 5574; x_wconf 84' lang='lat' dir='ltr'><strong>et</strong></span> <span class='ocrx_word' id='word_1_932' title='bbox 3343 5517 3564 5587; x_wconf 82' lang='lat' dir='ltr'><strong>quidam</strong></span> <span class='ocrx_word' id='word_1_933' title='bbox 3605 5519 3757 5574; x_wconf 82' lang='lat' dir='ltr'><strong>intra</strong></span> <span class='ocrx_word' id='word_1_934' title='bbox 3780 5531 3882 5570; x_wconf 70' lang='lat' dir='ltr'><strong>saa-</strong></span> 
     </span>
    </p>
   </div>
   <div class='ocr_carea' id='block_1_114' title="bbox 2319 5610 3883 5682">
    <p class='ocr_par' dir='ltr' id='par_1_114' title="bbox 2319 5610 3883 5682">
     <span class='ocr_line' id='line_1_114' title="bbox 2319 5610 3883 5682; baseline -0.001 -13"><span class='ocrx_word' id='word_1_935' title='bbox 2319 5624 2461 5670; x_wconf 88' lang='lat' dir='ltr'><strong>ctam</strong></span> <span class='ocrx_word' id='word_1_936' title='bbox 2484 5612 2779 5669; x_wconf 87' lang='lat' dir='ltr'><strong>Ecclesiam</strong></span> <span class='ocrx_word' id='word_1_937' title='bbox 2801 5612 3103 5677; x_wconf 89' lang='lat' dir='ltr'><strong>constituti,</strong></span> <span class='ocrx_word' id='word_1_938' title='bbox 3124 5611 3216 5682; x_wconf 91' lang='lat' dir='ltr'><strong>qui</strong></span> <span class='ocrx_word' id='word_1_939' title='bbox 3236 5611 3403 5666; x_wconf 88' lang='lat' dir='ltr'><strong>vitam</strong></span> <span class='ocrx_word' id='word_1_940' title='bbox 3424 5612 3650 5682; x_wconf 81' lang='lat' dir='ltr'><strong>quidem</strong></span> <span class='ocrx_word' id='word_1_941' title='bbox 3676 5613 3750 5666; x_wconf 75' lang='lat' dir='ltr'><strong>ab</strong></span> <span class='ocrx_word' id='word_1_942' title='bbox 3766 5610 3883 5667; x_wconf 63' lang='lat' dir='ltr'><strong>and</strong></span> 
     </span>
    </p>
   </div>
   <div class='ocr_carea' id='block_1_115' title="bbox 2317 5702 3887 5777">
    <p class='ocr_par' dir='ltr' id='par_1_115' title="bbox 2317 5702 3887 5777">
     <span class='ocr_line' id='line_1_115' title="bbox 2317 5702 3887 5777; baseline -0.003 -14"><span class='ocrx_word' id='word_1_943' title='bbox 2317 5707 2545 5764; x_wconf 88' lang='lat' dir='ltr'><strong>crimme</strong></span> <span class='ocrx_word' id='word_1_944' title='bbox 2576 5707 2906 5773; x_wconf 86' lang='lat' dir='ltr'><strong>custodiunt,</strong></span> <span class='ocrx_word' id='word_1_945' title='bbox 2952 5706 3048 5761; x_wconf 87' lang='lat' dir='ltr'><strong>sed</strong></span> <span class='ocrx_word' id='word_1_946' title='bbox 3104 5714 3287 5760; x_wconf 89' lang='lat' dir='ltr'><strong>tamen</strong></span> <span class='ocrx_word' id='word_1_947' title='bbox 3322 5704 3377 5759; x_wconf 88' lang='lat' dir='ltr'><strong>in</strong></span> <span class='ocrx_word' id='word_1_948' title='bbox 3415 5705 3633 5777; x_wconf 84' lang='lat' dir='ltr'><strong>agendo</strong></span> <span class='ocrx_word' id='word_1_949' title='bbox 3663 5702 3887 5775; x_wconf 63' lang='lat' dir='ltr'><strong>qualibet</strong></span> 
     </span>
    </p>
   </div>
   <div class='ocr_carea' id='block_1_116' title="bbox 2315 5795 3889 5869">
    <p class='ocr_par' dir='ltr' id='par_1_116' title="bbox 2315 5795 3889 5869">
     <span class='ocr_line' id='line_1_116' title="bbox 2315 5795 3889 5869; baseline -0.003 -15"><span class='ocrx_word' id='word_1_950' title='bbox 2315 5800 2457 5855; x_wconf 89' lang='lat' dir='ltr'><strong>bona</strong></span> <span class='ocrx_word' id='word_1_951' title='bbox 2489 5815 2596 5856; x_wconf 92' lang='lat' dir='ltr'><strong>non</strong></span> <span class='ocrx_word' id='word_1_952' title='bbox 2628 5808 2935 5869; x_wconf 87' lang='lat' dir='ltr'><strong>assurgunt.</strong></span> <span class='ocrx_word' id='word_1_953' title='bbox 2970 5798 3039 5852; x_wconf 85' lang='lat' dir='ltr'><strong>Et</strong></span> <span class='ocrx_word' id='word_1_954' title='bbox 3063 5797 3117 5853; x_wconf 89' lang='lat' dir='ltr'><strong>hi</strong></span> <span class='ocrx_word' id='word_1_955' title='bbox 3147 5795 3284 5851; x_wconf 89' lang='lat' dir='ltr'><strong>tales</strong></span> <span class='ocrx_word' id='word_1_956' title='bbox 3311 5812 3411 5853; x_wconf 87' lang='lat' dir='ltr'><strong>nec</strong></span> <span class='ocrx_word' id='word_1_957' title='bbox 3441 5796 3625 5869; x_wconf 79' lang='lat' dir='ltr'><strong>[rigidi</strong></span> <span class='ocrx_word' id='word_1_958' title='bbox 3644 5838 3661 5857; x_wconf 84' lang='lat'><strong>.</strong></span> <span class='ocrx_word' id='word_1_959' title='bbox 3698 5812 3799 5851; x_wconf 75' lang='lat' dir='ltr'><strong>nec</strong></span> <span class='ocrx_word' id='word_1_960' title='bbox 3818 5811 3889 5849; x_wconf 77' lang='grc' dir='ltr'><strong>α-</strong></span> 
     </span>
    </p>
   </div>
   <div class='ocr_carea' id='block_1_117' title="bbox 2317 5886 3886 5946">
    <p class='ocr_par' dir='ltr' id='par_1_117' title="bbox 2317 5886 3886 5946">
     <span class='ocr_line' id='line_1_117' title="bbox 2317 5886 3886 5946; baseline -0.002 -3"><span class='ocrx_word' id='word_1_961' title='bbox 2317 5887 2409 5944; x_wconf 90' lang='lat' dir='ltr'><strong>lidi</strong></span> <span class='ocrx_word' id='word_1_962' title='bbox 2438 5897 2563 5944; x_wconf 90' lang='lat' dir='ltr'><strong>sunt</strong></span> <span class='ocrx_word' id='word_1_963' title='bbox 2616 5889 2740 5944; x_wconf 84' lang='lat' dir='ltr'><strong>auia</strong></span> <span class='ocrx_word' id='word_1_964' title='bbox 2773 5905 2880 5944; x_wconf 87' lang='lat' dir='ltr'><strong>non</strong></span> <span class='ocrx_word' id='word_1_965' title='bbox 2911 5887 3106 5945; x_wconf 89' lang='lat' dir='ltr'><strong>sutlicit</strong></span> <span class='ocrx_word' id='word_1_966' title='bbox 3136 5886 3279 5944; x_wconf 87' lang='lat' dir='ltr'><strong>mala</strong></span> <span class='ocrx_word' id='word_1_967' title='bbox 3310 5903 3528 5944; x_wconf 80' lang='lat' dir='ltr'><strong>cavere.</strong></span> <span class='ocrx_word' id='word_1_968' title='bbox 3553 5888 3886 5946; x_wconf 58' lang='lat' dir='ltr'><strong>nisismdw</strong></span> 
     </span>
    </p>
   </div>
  </div>
