3974 6458
117 454 231 516 997

1049 446 1417 513 EXPOSiTlO
1454 445 1521 502 ΙΝ
1559 437 2061 499 APOCALYPSIN.
2102 473 2173 485 -—
2209 440 2339 498 LIB.
2380 442 2447 499 II.

3272 447 3393 505 998‘
3404 454 3407 459 ’

117 571 249 644 quis
272 576 328 625 et
349 569 488 626 bona
518 568 720 625 facere.
764 567 925 625 Juxta
960 567 1091 624 illud
1117 565 1455 622 Psalmistae:
1487 556 1706 614 Declina
1735 561 1788 620 Α
1813 560 2126 644 sanctorum
2156 554 2456 610 sociantur.
2505 554 2585 611 De
2613 555 2719 612 hoc
2745 571 2841 614 esu
2874 566 2931 615 et
2966 557 3131 616 Petro
3156 558 3395 617 dicitur:

121 684 157 721 α
187 664 329 719 malo
358 673 407 718 et
434 663 520 732 {ac
549 663 742 735 bonum
769 661 943 735 (Psal.
974 661 1182 733 xxxvi).
1229 659 1390 714 Tales
1418 657 1616 727 quippe
1646 653 1712 708 de

123 758 242 814 suis
267 756 522 827 operibus
553 756 673 823 tisi,
719 756 895 812 solent
934 755 1154 810 dicere:
1202 752 1343 807 Ecce
1388 750 1561 804 aliena
1606 762 1711 802 non

110 832 301 921 (rapio,
338 849 527 905 illicita
559 849 706 903 nulla
737 849 1037 913 committo,
1080 862 1188 901 non
1220 842 1571 905 adulterium,
1605 854 1714 894 non

121 941 509 1007 homicidium,
562 957 671 997 non
712 941 948 1011 denique
994 939 1079 995 his
1118 937 1317 994 similia
1362 935 1503 990 mala
1547 934 1712 999 facio,

123 1033 325 1089 sufﬁcit
372 1032 505 1087 mihi
555 1031 695 1087 mala
740 1047 850 1086 non
881 1045 1066 1103 agere,
1108 1029 1336 1098 ideoque
1380 1033 1436 1081 et
1480 1024 1716 1095 propriis

118 1122 452 1179 ﬁducialiter
492 1130 637 1176 utor.
692 1122 940 1191 Dumque
986 1121 1091 1175 hoc
1135 1118 1303 1183 dicit,
1353 1116 1718 1188 indigentibus

117 1216 345 1287 propria
372 1230 480 1271 non
514 1214 723 1269 tribuit.
770 1214 839 1268 Et
867 1213 969 1283 qui
988 1219 1141 1267 tenet
1171 1211 1440 1281 rapinam,
1470 1223 1573 1263 nec
1601 1222 1717 1262 me-

122 1308 232 1363 tuit
258 1315 444 1364 tenere
477 1306 743 1363 tenaciam
763 1347 778 1372 ,
810 1320 915 1360 nec
944 1304 1263 1360 recordatur
1293 1302 1415 1372 quia
1448 1301 1600 1355 dives
1631 1296 1720 1355 ille

116 1414 236 1454 non
269 1399 388 1453 ideo
416 1399 704 1453 damnatus
733 1406 817 1453 est
861 1397 1007 1467 quod
1039 1396 1217 1451 aliena
1250 1394 1451 1464 rapuit,
1473 1394 1567 1448 sed
1590 1392 1735 1463 quia.

115 1492 345 1564 propria
371 1507 474 1546 non
499 1490 792 1546 distribuit.
830 1489 972 1544 Sunt
999 1501 1215 1559 quoque
1237 1493 1293 1541 et
1314 1486 1404 1539 alii
1428 1485 1520 1555 qui
1544 1485 1719 1539 aliena

117 1596 239 1639 non
268 1583 508 1654 rapiunt,
538 1584 759 1654 propria
789 1582 1143 1645 distribuunt,
1174 1580 1269 1635 sed
1296 1581 1399 1634 hoc
1425 1593 1530 1633 non
1555 1592 1718 1633 causa

116 1676 433 1733 dilectionis
456 1676 546 1732 Dei
562 1685 615 1730 et
638 1675 893 1746 proximi,
921 1674 1015 1729 sed
1038 1681 1262 1743 propter
1284 1673 1498 1725 inanem
1509 1669 1721 1740 jactan-

120 1770 297 1833 tiam,
342 1778 401 1823 ut
442 1768 515 1822 ab
555 1768 866 1822 hominibus
910 1766 1219 1832 laudentur,
1266 1764 1409 1819 sicut
1446 1762 1719 1817 faciebant

117 1860 334 1919 Scribat
361 1868 416 1917 et
439 1858 725 1927 Pharismi,
765 1859 857 1929 qui
888 1861 1079 1914 dantes
1107 1857 1483 1928 eleemosynas
1506 1864 1633 1910 ante
1658 1869 1719 1909 se

1820 642 2014 699 Occide
2041 654 2089 699 et
2120 646 2383 701 piandum
2411 646 2549 718 (Act.
2582 666 2636 716 x,
2665 649 2765 722 xl).
2814 650 3047 722 Tepidos
3077 663 3255 709 autem
3292 670 3399 711 non

1816 746 2177 804 convertunt,
2225 740 2353 807 quia
2395 755 2582 796 eorum
2614 743 2780 798 verba
2811 746 3147 816 despiciunt,
3190 751 3314 804 dum
3346 751 3401 806 in

1817 850 1915 891 sua
1955 836 2250 892 securitate
2283 845 2615 905 torpescunt.
2667 839 2814 906 Quos
2855 849 2911 896 et
2949 844 3224 899 exhortari
3254 846 3401 901 desi-

1818 933 1988 986 stunt.
2019 933 2077 980 et
2101 926 2266 981 veluti
2298 925 2689 983 infructuosam
2728 940 2927 987 terram
2960 934 3239 1000 deserunt,
3276 937 3402 1005 quia

1819 1020 1885 1074 ad
1916 1021 2196 1076 meliorem
2221 1022 2388 1075 vitam
2415 1036 2756 1093 nequaquam
2783 1033 2943 1095 posse
2968 1027 3256 1083 reformari
3282 1046 3407 1085 con-

1818 1112 2093 1182 spiciunt:
2132 1113 2344 1168 facilius
2370 1123 2455 1168 est
2491 1115 2637 1169 enim
2680 1118 2975 1185 quemlibet
3019 1136 3291 1192 paganum
3337 1122 3404 1177 ad

1819 1203 1980 1259 fidem
2000 1204 2203 1260 Christi
2227 1206 2517 1272 adducere,
2539 1221 2703 1278 quam
2726 1208 2912 1263 talium
2935 1208 3229 1280 quemlibet
3255 1228 3284 1267 a
3307 1227 3407 1269 suo

1820 1303 2040 1367 torpore
2067 1299 2133 1352 ad
2159 1296 2427 1353 fervorem
2456 1302 2679 1371 spiritus
2704 1312 2979 1358 revocare.

1894 1387 2037 1454 Quia
2069 1390 2203 1444 dicis
2241 1393 2380 1462 quod
2423 1392 2563 1446 dives
2603 1409 2737 1447 sum.
2794 1392 2944 1449 Multi
2989 1405 3115 1451 sunt
3163 1397 3254 1468 qui
3302 1400 3407 1457 hoc

1822 1479 2038 1547 dicunt,
2073 1482 2225 1537 dives
2256 1497 2375 1537 sum
2404 1482 2460 1537 in
2494 1484 2619 1549 fide,
2649 1484 2776 1553 quia
2806 1486 3065 1543 Dominus
3094 1489 3260 1545 dicit:
3302 1490 3408 1557 Qui

1821 1572 2100 1627 crediderit
2131 1585 2177 1629 et
2209 1574 2507 1645 baptizatus
2536 1576 2696 1646 fuerit
2722 1577 2895 1633 salvus
2923 1581 3021 1634 erit
3044 1580 3238 1652 (Marc.
3270 1584 3403 1656 xvi).

1821 1663 1888 1718 Et
1920 1663 2266 1735 locupletatus
2309 1680 2450 1720 sum.
2486 1665 2621 1734 Quia
2661 1676 2715 1723 et
2750 1678 2895 1725 recte
2933 1671 3124 1737 doceo,
3162 1681 3217 1728 et
3252 1674 3408 1731 malis

1819 1758 2078 1828 operibus
2106 1774 2212 1813 non
2245 1760 2442 1814 servio.
2477 1760 2631 1816 Alius
2660 1762 2791 1816 dicit
2816 1777 2830 1815 :
2870 1760 3086 1818 Nullius
3112 1782 3254 1835 egeo,
3279 1768 3405 1838 quia

1823 1858 1972 1903 recte
2001 1849 2229 1903 credens
2269 1863 2375 1905 non
2408 1850 2584 1905 solum
2624 1851 2767 1907 mala
2810 1868 2916 1908 non
2956 1865 3264 1925 perpetrat,
3312 1860 3408 1915 sed

114 1954 397 2009 canebant
425 1950 585 2017 tuba,
631 1960 685 2007 et
724 1951 856 2006 tales
884 1950 1048 2006 etiam
1080 1964 1180 2005 nec
1211 1948 1372 2004 calidi
1402 1962 1502 2003 nec
1530 1945 1712 2017 frigidi
1740 1933 1790 1995 Β
1815 1941 1982 1995 etiam
2010 1940 2147 1995 bona
2182 1941 2452 2011 quaelibet,
2482 1943 2606 1998 licet
2638 1959 2742 1999 non
2777 1954 2997 2016 propter
3023 1947 3216 2014 Deum,
3248 1948 3404 2017 facit;

109 2059 245 2099 esse
275 2054 693 2113 cognoscuntur,
730 2042 856 2112 quia
894 2041 986 2111 qui
1026 2040 1376 2109 indigentiam
1412 2051 1710 2107 pauperum

110 2136 408 2192 su‘blevant
425 2178 439 2202 ,
472 2152 594 2191 cum
626 2150 813 2190 amore
840 2133 1123 2189 charitatis
1150 2133 1255 2187 hoc
1282 2132 1464 2186 facere
1490 2131 1709 2186 debent.

106 2226 419 2282 Audientes
444 2225 577 2280 illud
594 2226 837 2296 A‘postoli
866 2242 881 2279 :
912 2223 969 2281 Si
998 2225 1313 2278 distribuere
1339 2238 1517 2279 omnes
1541 2221 1714 2293 facul-

112 2326 259 2371 tates
286 2330 437 2371 meas
458 2317 517 2370 in
540 2316 681 2370 cibos
705 2330 997 2387 pauperum
1013 2315 1072 2387 (Ι
1092 2314 1215 2370 Cor.
1248 2317 1393 2386 xm),
1417 2323 1470 2369 et
1492 2324 1709 2369 caetera.

115 2411 266 2467 Sunt
289 2414 505 2482 quoque
532 2416 586 2464 et
613 2409 727 2473 alii,
755 2409 847 2479 qui
873 2423 1003 2479 opes
1030 2417 1370 2464 terrenarum
1397 2406 1712 2462 facultatum

114 2502 433 2567 dimittunt,
479 2511 535 2557 et
576 2502 645 2556 ad
688 2500 1076 2557 monasterium
1110 2501 1424 2566 venientes,
1464 2499 1710 2554 habitum

113 2595 403 2665 religiensis
431 2602 684 2658 sumunt,
716 2593 910 2648 deinde
936 2601 1246 2663 torpentes,
1275 2592 1379 2647 sibi
1409 2591 1525 2646 haec
1553 2605 1713 2662 posse

113 2688 191 2743 ad
220 2688 450 2743 salutem
477 2684 726 2741 sullicere
754 2685 1010 2748 credunt,
1054 2683 1196 2754 quod
1225 2698 1324 2738 sua
1354 2681 1706 2745 dimiserunt,

110 2776 273 2851 quod
296 2779 447 2833 varia
481 2777 709 2831 crimina
738 2775 838 2831 sub
868 2775 1065 2830 habitu
1088 2774 1365 2845 religionis
1393 2773 1707 2836 constituti,

111 2887 233 2929 non
263 2872 587 2934 admittunt,
633 2878 796 2938 atque
827 2867 1033 2923 idcirco
1083 2867 1390 2929 dormiunt,
1424 2864 1617 2918 bibunt
1658 2873 1712 2917 et

114 2980 320 3022 secure
344 2956 551 3018 vivunt.
578 2960 822 3030 Dumque
853 2961 957 3015 hoc
984 2958 1209 3023 inerunt,
1231 2958 1392 3027 tepidi
1423 2958 1710 3020 exsistunt,

113 3058 426 3126 meliusque
455 3056 633 3110 fuerat
663 3053 768 3109 illis
798 3052 1091 3107 moraridu
1121 3051 1336 3114 sarculo,
1388 3050 1478 3104 ubi
1509 3060 1563 3103 et
1591 3061 1714 3119 pec-

111 3156 246 3205 cata
275 3162 375 3202 sua
402 3152 855 3215 recognoscerent
893 3153 947 3197 et
975 3141 1266 3211 aliquando
1303 3156 1401 3210 per
1428 3140 1520 3194 Dei
1554 3140 1715 3193 mise-

1816 2031 1960 2085 unde
1987 2040 2043 2085 et
2070 2031 2245 2086 adhuc
2272 2031 2552 2088 subditur:
2581 2036 2747 2090 nescis
2772 2037 2895 2107 quia
2926 2048 2980 2091 tu
3009 2056 3062 2092 es
3090 2041 3263 2095 miser.
3282 2043 3407 2097 dum

1818 2124 2167 2193 temetipsum
2197 2126 2423 2195 decipis,
2455 2126 2580 2196 quia
2614 2139 2774 2197 putas
2802 2139 2855 2185 te
2884 2131 3081 2186 saIVari
3122 2149 3220 2202 per
3248 2134 3407 2191 fidem

1816 2214 2189 2281 solummodo,
2227 2230 2352 2271 cum
2383 2217 2646 2288 scriptum
2678 2221 2786 2274 sit:
2824 2218 2986 2275 Fides
3014 2222 3063 2275 si
3090 2240 3193 2278 non
3221 2226 3408 2281 habeat

1817 2321 1972 2375 opera
1993 2346 2007 2372 ,
2048 2322 2256 2361 mortua
2286 2317 2362 2362 est
2390 2310 2446 2364 in
2473 2310 2751 2380 semetipsa
2782 2309 2990 2383 (Iacob.
3017 2313 3101 2385 ιι).
3151 2312 3221 2369 Et
3250 2317 3405 2372 mise-
3452 2350 3461 2355 -

1815 2395 2020 2449 rabilis.
2078 2395 2217 2463 Quia
2262 2413 2363 2454 nec
2401 2397 2530 2454 illud
2573 2401 2828 2472 intelligis
2869 2405 3013 2473 quod
3055 2408 3405 2479 semetipsum

1817 2486 2059 2552 deludis;
2082 2485 2314 2558 Pauper,
2342 2488 2467 2560 quia
2494 2506 2601 2546 non
2619 2493 2784 2548 habes
2807 2510 2969 2565 opera
2997 2498 3194 2566 quibus
3219 2500 3405 2556 diteris

1815 2578 1869 2632 in
1904 2580 2064 2646 cmlo,
2090 2597 2266 2651 neque
2293 2584 2457 2637 etiam
2476 2594 2681 2640 rectam
2709 2588 3024 2653 scientiam;
3052 2577 3407 2665 Nudus,quia

1814 2668 2075 2738 spoliatus
2112 2687 2173 2727 es
2208 2672 2538 2743 virtutibus;
2570 2673 2774 2744 Circus,
2812 2679 2940 2748 quia
2974 2697 3081 2735 non
3119 2683 3287 2740 babes
3322 2684 3407 2740 lu-

1815 2762 1939 2815 men
1969 2764 2229 2819 scieutiaz.
2277 2765 2477 2821 Verum
2508 2769 2633 2837 quia
2665 2770 2927 2826 Dominus
2961 2775 3273 2832 misericors
3301 2784 3407 2843 est,

1816 2853 1981 2906 etiam
2019 2855 2155 2909 tales
2193 2864 2255 2910 ut
2294 2857 2359 2911 ad
2398 2857 2671 2913 fervorem
2712 2860 2941 2918 redeant
2974 2865 3245 2935 bOrtatur,
3282 2886 3407 2926 cum

1816 2945 2092 3016 subjungit
2120 2963 2134 3000 :

1888 3034 2101 3092 Suadeo
2145 3036 2237 3092 tibi
2268 3053 2436 3093 emere
2468 3056 2501 3094 a
2531 3056 2615 3095 me
2644 3056 2833 3096 aurum
2862 3046 3081 3115 ignitum
3109 3049 3410 3118 probatum-

1816 3143 1940 3198 que.
1966 3127 2071 3183 Per
2102 3145 2293 3184 aurum
2328 3131 2577 3201 ignitum,
2626 3133 2678 3188 id
2707 3145 2787 3190 est
2828 3137 2951 3206 igne
2990 3140 3295 3209 probatum,
3319 3143 3414 3198 de-

108 3238 415 3297 ﬁconﬁam
434 3234 942 3305 compuncli’bonis
961 3233 1217 3303 operibus
1245 3233 1784 3305 smderemquam-ﬂ
1816 3218 2010 3273 bemus
2058 3218 2358 3291 intelligere
2403 3223 2687 3278 Dominum
2746 3224 2926 3281 Jesum
2976 3228 3274 3298 Christum,
3319 3234 3412 3304 qui

112 3332 183 3387 in
208 3328 542 3385 monasterio
562 3291 825 3390 .manere,
865 3332 921 3380 et
959 3291 1034 3378 ita
1069 3340 1101 3378 a
1128 3324 1285 3378 bonis
1313 3291 1713 3394 operibiistces-
1738 3291 1785 3352 Ο
1816 3308 2078 3378 Ρνοῧίιιυε
2105 3319 2189 3365 εει
2219 3311 2339 3381 igne
2369 3313 2659 3381 Passionis,
2701 3324 2913 3386 δρυῑυε,
2953 3316 3269 3390 "agt-“alus.
3313 3291 3412 3379 (ἱϐ-

112 3432 265 3478 sare.
316 3420 421 3473 Alii
451 3432 669 3486 quoque
702 3424 859 3483 sunt,
898 3416 991 3484 qui
1030 3415 1099 3468 ab
1127 3413 1354 3469 infantia
1381 3429 1474 3469 sua
1508 3414 1561 3468 in
1595 3429 1709 3467 mo-

110 3511 381 3568 nasteriis
416 3496 759 3572 consistunt,
808 3507 966 3563 bonis
1002 3506 1259 3576 operibus
1295 3506 1609 3569 abundant,
1658 3505 1712 3559 in

112 3602 341 3657 fervore
378 3601 603 3671 spiritus
628 3608 854 3654 manent
879 3638 894 3664 ,
939 3605 996 3652 et
1024 3597 1171 3651 circa
1211 3595 1458 3651 ultimum
1501 3606 1716 3665 tempus

111 3694 250 3748 vita:
279 3708 393 3747 sua;
423 3699 757 3760 torpescunt,
789 3698 847 3744 et
871 3689 1035 3759 tepidi
1066 3685 1387 3742 obiciuntur.
1420 3686 1487 3741 Et
1518 3686 1715 3741 talibus

111 3787 316 3856 utique
340 3783 595 3837 omnibus
623 3782 795 3834 satius
825 3789 970 3835 esset
1000 3786 1058 3835 ut
1085 3780 1170 3833 vel
1206 3779 1432 3848 perfecti
1472 3780 1600 3832 boui
1627 3790 1715 3833 es-

113 3885 281 3936 sent,
314 3873 401 3927 vel
430 3888 499 3927 ex
532 3880 648 3927 toto
677 3870 805 3925 mali
831 3911 846 3933 ,
897 3884 1059 3938 quam
1104 3883 1207 3923 nec
1248 3870 1374 3922 boni
1420 3882 1519 3922 nec
1564 3868 1712 3921 mali.

114 3971 308 4037 Atque
349 3966 472 4020 ideo
515 3964 901 4033 subiungitur:
939 3962 1075 4027 Quia
1119 3962 1321 4030 tepidus
1360 3977 1434 4024 es,
1468 3961 1716 4030 incipiam

116 4071 179 4115 te
201 4073 434 4112 evomere
461 4072 527 4111 ea:
555 4073 645 4110 ore
666 4071 799 4109 meo.
832 4054 1021 4109 Nullus
1079 4054 1352 4109 invenitur
1392 4052 1598 4107 calidus
1624 4052 1718 4122 qui

118 4152 287 4223 prius
314 4164 423 4205 non
453 4149 623 4204 fuerit
647 4148 875 4219 frigidus
900 4166 913 4200 :
946 4146 1071 4216 quia
1102 4152 1263 4200 nemo
1286 4152 1371 4200 est
1401 4146 1596 4209 bonus,
1624 4144 1717 4214 qui

116 4256 238 4301 non
264 4244 429 4299 fuerit
458 4242 652 4298 multis.
690 4239 884 4295 Omnes
928 4240 1068 4293 enim
1114 4246 1453 4308 peccaverunt
1489 4246 1537 4291 et
1571 4246 1718 4307 egent

112 4337 300 4409 gratia
326 4335 425 4389 Dei
448 4333 629 4405 (Rom.
654 4334 757 4403 in).
792 4331 1027 4402 Tepidus
1053 4346 1123 4385 ex
1152 4330 1327 4384 calido
1353 4329 1488 4384 solet
1516 4328 1633 4383 fieri
1663 4336 1722 4383 et

114 4429 344 4498 frigido,
372 4426 498 4497 quia
526 4435 581 4481 et
610 4425 749 4479 alius
776 4438 843 4479 ex
876 4423 1081 4495 frigore
1110 4421 1446 4477 infidelitatis
1491 4436 1719 4476 conver-

115 4533 223 4575 sus
252 4518 321 4573 ad
351 4512 659 4588 perfectum
689 4514 916 4583 justitiae
953 4513 1224 4569 fervorem
1259 4528 1366 4569 non
1399 4513 1625 4579 transit,
1664 4521 1719 4568 et

116 4612 268 4669 alius
294 4612 362 4666 ab
390 4612 507 4681 ipso
531 4608 758 4677 iustitiae
792 4608 1001 4672 calore,
1048 4608 1195 4677 quod
1242 4608 1394 4676 prius
1434 4606 1715 4671 fervebat,

116 4703 370 4761 animum
403 4712 665 4772 actusque
694 4701 949 4757 deﬂectit.
984 4700 1188 4756 Omnes
1214 4700 1360 4755 enim
1380 4742 1394 4765 ,
1427 4712 1487 4755 ut
1512 4701 1716 4756 dictant

116 4803 232 4862 est,
257 4794 654 4867 cognoscimus,
674 4793 800 4862 quia
829 4791 1081 4865 frigidum
1106 4792 1189 4847 vel
1217 4792 1451 4847 calidum
1478 4792 1639 4847 facile
1664 4793 1719 4847 in

116 4900 331 4956 corpus
352 4884 641 4954 trajicitur,
669 4884 910 4954 tepidum
940 4891 1118 4938 autem
1148 4898 1272 4938 eum
1298 4898 1493 4953 magna
1520 4900 1720 4939 nausea

115 4988 183 5035 et
210 4979 419 5033 vomitu
446 4978 514 5032 ab
542 4977 661 5047 ipso
688 4976 854 5031 etiam
884 4989 981 5031 ore
1011 4974 1311 5045 projicitur.
1356 4973 1430 5032 Os
1464 4975 1560 5030 Dei
1597 4983 1727 5032 sunt

114 5071 519 5142 pradicatores
544 5068 740 5133 sancti,
772 5066 918 5122 unde
945 5078 1086 5136 saepe
1116 5068 1396 5136 prophetae
1424 5068 1717 5132 dicebant:

118 5160 205 5217 Os
249 5162 403 5214 enim
444 5160 657 5214 Domini
699 5159 941 5214 locutum
983 5165 1068 5213 est
1111 5158 1244 5223 hoc,
1292 5158 1417 5228 quia
1460 5159 1720 5215 sanctitas

122 5263 283 5310 tanta
310 5262 429 5308 erat
463 5254 516 5307 in
548 5251 685 5318 illis,
718 5260 779 5307 ut
810 5254 865 5307 in
892 5267 1083 5308 eorum
1114 5250 1371 5308 cordibus
1398 5251 1541 5308 Deus
1568 5252 1721 5308 habi-

122 5352 297 5408 taret,
321 5350 375 5397 et
394 5357 493 5414 per
514 5357 610 5399 eos
632 5344 964 5414 loqueretur.
999 5342 1108 5400 Ora
1130 5358 1263 5415 ergo
1287 5342 1382 5398 Dei
1407 5353 1536 5399 sunt
1558 5359 1721 5399 evan-

121 5435 357 5508 gelista,
388 5445 445 5491 et
470 5436 653 5491 caeteri
681 5435 947 5501 doctores,
974 5451 1073 5507 per
1098 5451 1331 5508 quorum
1359 5436 1719 5492 ministerium

121 5528 377 5599 quotidie
406 5529 549 5584 Deus
588 5528 643 5582 in
682 5540 879 5598 corpus
905 5543 1060 5582 suum
1086 5568 1101 5593 ,
1144 5529 1291 5599 quod
1328 5535 1414 5582 est
1440 5527 1717 5594 Ecclesia,

123 5618 377 5687 trajicit,
414 5627 469 5673 et
497 5618 733 5683 calidos,
782 5618 962 5673 idest
1000 5617 1271 5673 ferventes
1301 5620 1429 5674 dum
1471 5618 1729 5674 meliores

127 5711 313 5767 adhuc
338 5709 644 5767 efﬁciuntur
669 5726 768 5780 per
790 5710 1033 5764 divinam
1057 5711 1519 5780 praedicationem,
1548 5719 1603 5765 et
1629 5711 1726 5765 fri-

127 5803 319 5874 gidos,
367 5805 421 5858 id
458 5814 540 5860 est
592 5804 869 5870 infideles,
906 5804 1124 5874 quando
1167 5804 1394 5872 quilibet
1439 5805 1522 5858 vel
1553 5804 1725 5860 Judzei

127 5896 219 5952 vel
248 5900 443 5975 pagani
482 5900 553 5954 ad
587 5899 706 5971 ejus
741 5899 903 5954 Iidem
934 5906 1349 5967 convertuntur,
1399 5908 1455 5954 et
1500 5912 1725 5957 numero

1817 3401 1993 3468 risus,
2054 3402 2121 3456 ad
2167 3403 2416 3458 ultimmn
2469 3406 2761 3462 crucifixus
2802 3412 2856 3463 et
2908 3419 3190 3478 mortuus,
3232 3420 3413 3472 tamen

1816 3493 1933 3548 inec
1945 3495 2126 3548 omnia
2146 3496 2418 3564 patienter
2445 3495 2629 3553 ferens
2656 3499 2958 3571 orabatpro
2974 3507 3415 3574 persecutoribus

1816 3586 1930 3642 suis
1955 3586 2141 3643 dicens
2170 3607 2181 3641 :
2209 3587 2391 3655 Pater,
2421 3608 2483 3645 ne
2503 3601 2709 3648 statuas
2730 3593 2836 3649 illis
2856 3597 2953 3651 hoc
2981 3611 3249 3668 peccatum
3272 3602 3411 3673 (Act.

1814 3678 1932 3751 vn).
1971 3681 2180 3736 Dicitur
2230 3698 2359 3753 ergo
2399 3683 2661 3741 cuilibet:
2690 3684 2901 3743 Suadeo
2930 3690 3023 3745 tibi
3054 3709 3241 3749 emere.
3280 3686 3414 3752 Eme

1818 3786 2029 3835 aurum,
2072 3773 2123 3825 id
2161 3784 2264 3838 est,
2310 3777 2353 3829 si
2392 3776 2473 3830 vis
2518 3777 2805 3833 virtutibus
2853 3782 3158 3849 abundare,
3198 3790 3415 3845 studeto

1820 3861 2022 3915 imitari
2060 3861 2362 3929 Christum,
2401 3867 2516 3922 sive
2563 3885 2686 3923 cum
2736 3884 2765 3924 a
2804 3871 2913 3926 Dco
2950 3871 3258 3945 ﬂagellaris,
3298 3880 3414 3935 sive

1821 3964 1942 4006 cum
1979 3967 2009 4005 a
2034 3955 2299 4040 proximis
2323 3955 2469 4011 illata
2499 3958 2640 4013 mala
2669 3961 2923 4027 sustines,
2966 3974 3027 4019 ut
3063 3975 3118 4020 et
3160 3969 3274 4037 ipse
3316 3969 3415 4027 ﬁas

1821 4060 2012 4098 aurum
2044 4045 2294 4101 incendio
2341 4049 2705 4105 tribulationis
2745 4052 3046 4122 decoctum,
3093 4058 3249 4129 juxta
3285 4061 3415 4117 illud

1820 4135 2316 4209 Psalmistzefl’sal.
2363 4148 2534 4213 va):
2579 4142 2831 4201 Probasti
2872 4164 2987 4217 nos,
3025 4150 3218 4221 inquit,
3250 4153 3409 4224 Deus,

1820 4230 1938 4299 igne
1966 4240 2071 4285 nos
2101 4233 2415 4287 eatiminasti
2457 4237 2594 4290 situt
2633 4240 2969 4295 examin‘atur
3011 4246 3301 4315 argentum.
3346 4248 3416 4306 Et

1820 4323 2052 4377 iterum:
2085 4322 2443 4381 Transivimus
2472 4342 2567 4397 per
2585 4331 2754 4399 ignem
2775 4338 2824 4385 et
2850 4338 3060 4404 aquam.
3094 4333 3160 4392 Ut
3183 4340 3415 4412 locuples

1818 4414 1941 4482 ﬁas,
1974 4415 2025 4469 id
2055 4425 2158 4481 est,
2190 4424 2253 4469 utr
2279 4417 2463 4472 multis
2508 4420 2798 4476 virtutibus
2841 4424 3102 4482 abundes.
3157 4428 3225 4482 Et
3267 4433 3417 4487 vesti-

1819 4507 2007 4560 mentis
2040 4507 2178 4562 albis
2213 4508 2475 4574 induaris,
2504 4521 2551 4565 et
2584 4518 2967 4585 noa'appareat
2992 4520 3232 4590 coﬂdsio
3262 4523 3414 4578 nudi-

1821 4600 1945 4654 tatis
1968 4609 2090 4654 tuae.
2118 4600 2454 4658 Vestimenta
2477 4605 2528 4659 in
2560 4607 2805 4663 hoc'loco
2854 4611 3222 4683 intelligimtur
3250 4616 3409 4673 iuno-5

1822 4692 2001 4746 centia
2028 4693 2367 4762 baptismatis
2403 4704 2458 4750 et
2490 4710 2809 4755 ornamenta
2837 4702 3118 4771 virtutum,
3148 4707 3271 4763 ﬁdei
3300 4709 3411 4764 sci-

1821 4782 1946 4838 licet
1985 4796 2039 4839 et
2066 4785 2372 4852 charitatis,
2411 4795 2840 4862 caeterorumque
2874 4795 3135 4850 bonorum
3167 4813 3409 4868 operum,

1824 4876 2022 4945 quibus
2046 4877 2290 4945 operitur
2318 4877 2565 4935 confusio
2593 4883 2871 4950 nuditatis,
2905 4887 2959 4941 id
2988 4897 3070 4942 est
3111 4897 3263 4958 tepor
3303 4891 3413 4960 pri-

1824 4968 1980 5022 stium
2019 4971 2473 5028 conversationis.
2520 4974 2814 5033 Possumus
2850 4993 3063 5051 quoque
3091 4996 3189 5053 per
3219 4999 3412 5041 aurum

1825 5057 1949 5129 igne
1982 5056 2266 5126 probatum
2294 5061 2594 5135 intelligere
2624 5067 2968 5137 cbaritatem,
3000 5087 3162 5143 quam
3196 5075 3288 5145 qui
3318 5077 3417 5132 ha-

1827 5147 2029 5214 buerit,
2062 5148 2495 5221 locupletabitur,
2514 5157 2639 5222 quia
2656 5160 2908 5217 omnibus
2927 5163 3211 5221 virtutibus
3240 5167 3414 5223 abun-

1829 5241 1995 5297 dabit.
2051 5241 2169 5313 lpsa
2211 5253 2296 5301 est
2331 5248 2477 5303 enim
2525 5250 2679 5306 radix
2713 5256 2954 5310 omnium
2987 5256 3252 5315 bonorum
3295 5274 3417 5334 quae

1829 5337 1952 5408 igne
1980 5340 2260 5409 probatur,
2310 5345 2435 5412 quia
2470 5359 2567 5416 per
2602 5363 2841 5405 amorem
2879 5352 3101 5424 spiritus
3148 5359 3419 5414 veraciter

1830 5430 2159 5495 accenditur,
2193 5449 2355 5503 quam
2384 5438 2475 5506 qui
2509 5438 2780 5508 habuerit,
2805 5446 3141 5503 vestimentis
3169 5450 3306 5507 albis
3329 5453 3417 5508 in-

1832 5522 2043 5590 duetur,
2097 5527 2223 5596 quia
2270 5538 2617 5598 peccatorum
2671 5534 2950 5605 nigredine
2996 5550 3272 5611 purgatus,
3320 5558 3419 5615 per

1826 5618 2070 5673 eamdem
2106 5620 2427 5678 charitatcm
2469 5636 2589 5694 qua}
2641 5628 2817 5695 operit
2870 5630 3263 5687 multitudinem
3287 5649 3418 5705 pec-

1828 5722 2112 5778 catorum,
2164 5714 2348 5771 multis
2407 5716 2695 5774 virtutibus
2741 5721 3103 5778 decorabit'ur.
3146 5722 3283 5781 Alba
3338 5727 3419 5784 di-

1828 5806 1969 5859 citur
1988 5807 2246 5871 cbaritas,
2265 5808 2390 5878 quia
2412 5818 2757 5879 peccatorum
2782 5815 3044 5869 uinculam
3071 5828 3160 5870 aut
3181 5817 3416 5891 aliquam

1828 5897 2199 5969 dupliclta'tet'n
2248 5898 2450 5957 habere
2480 5912 2592 5958 non
2644 5900 2920 5960 peribit
2972 5904 3187 5980 collyrio
3228 5910 3418 5983 inunge
