4000 6344
1408 287 1502 304 .,,ν.
1519 286 1545 295 .-

957 383 1318 446 HAYMONIS
1353 379 1837 442 HALBERSTAT.
1878 378 2097 437 EPISC.
2137 377 2294 438 OPP.
2335 376 2520 434 PARS
2555 376 2599 433 ι.
2635 405 2707 418 -
2741 373 3103 434 COMMENT.
3140 373 3317 432 BIBL.

3666 379 3822 437 {000‘

503 505 684 566 oculos
715 513 853 568 tuos,
873 509 932 557 ut
959 501 1156 558 uideas.
1189 499 1295 556 Per
1331 498 1637 570 collyrium,
1665 496 1808 566 quod
1849 511 1918 552 ex
1945 502 2094 550 terra
2119 495 2176 558 Α
2199 491 2351 558 facit,
2375 490 2551 562 justos
2576 505 2674 562 per
2696 490 2985 547 innumera
3019 498 3298 547 tormenta.
3315 499 3373 547 et
3401 493 3589 549 varias
3629 495 3796 551 tribu-

503 598 748 654 nascitur
769 603 828 651 et
849 593 1124 664 pulverem
1149 601 1306 647 terra:
1327 592 1395 645 ab
1424 589 1596 644 oculis
1614 587 1813 653 aufert,
1836 586 2095 644 debemus
2143 623 2174 650 .

505 687 804 756 intelligere
835 683 1121 739 Dominum
1146 679 1332 737 Jesum
1360 679 1666 744 Christum,
1696 679 1790 749 qui
1813 687 1974 734 natus
2009 687 2098 734 est

507 781 574 836 de
604 786 770 842 terra,
798 776 904 831 hoc
925 773 1101 829 estde
1128 771 1294 828 Maria
1318 770 1546 841 virgine,
1569 767 1726 837 juxta
1747 767 1880 823 illud
1909 786 1921 822 :
1956 769 2096 824 Deus

510 877 684 924 noster
725 873 970 936 operatus
1016 873 1092 918 est
1129 861 1353 918 salutem
1405 861 1461 914 in
1503 859 1674 913 medio
1714 869 1869 914 terra:
1913 857 2096 930 (Psal.

509 955 698 1028 ιιι-ιι).
730 952 962 1024 Collyrio
1013 952 1206 1022 inunge
1253 948 1429 1004 oculos
1477 960 1616 1013 tuos,
1663 947 1716 1002 id
1761 957 1846 1004 est
1885 946 2103 1004 imitare

511 1056 886 1122 paupertatem
911 1045 1035 1100 Filii
1064 1045 1181 1110 Dei,
1217 1043 1331 1112 qui,
1363 1057 1487 1097 cum
1513 1041 1663 1096 dives
1687 1051 1850 1107 esset,
1895 1057 2104 1113 pauper

508 1158 610 1213 pro
638 1140 796 1196 nobis
821 1137 996 1194 factus
1024 1144 1130 1202 est,
1164 1135 1218 1188 in
1247 1141 1460 1188 tantum
1487 1141 1548 1187 ut
1571 1146 1678 1187 non
1705 1132 1930 1187 haberet
1962 1133 2105 1188 sicut

510 1233 702 1305 vulpes
727 1231 816 1286 ubi
847 1236 1010 1299 caput
1037 1224 1345 1281 reclinaret.
1390 1223 1545 1280 Unde
1587 1223 1642 1278 in
1673 1223 1909 1294 hospitio
1947 1233 2106 1279 natus

511 1331 618 1388 est,
657 1318 936 1375 vilissimis
971 1315 1164 1387 pannis
1189 1313 1472 1369 obvolutus
1505 1322 1562 1370 et
1584 1313 1638 1368 in
1665 1315 1930 1384 praesepio
1954 1316 2104 1386 posi-

514 1421 624 1477 tus,
667 1409 792 1480 quia
831 1423 941 1463 non
985 1415 1103 1462 erat
1137 1405 1187 1460 ei
1223 1405 1373 1461 locus
1411 1405 1466 1460 in
1515 1404 1834 1461 diversorio.
1873 1405 2104 1478 Collyrio

512 1518 647 1572 unge
681 1498 859 1555 oculos
906 1508 1024 1552 tuos
1078 1507 1133 1550 ut
1183 1498 1378 1561 videas,
1422 1494 1477 1550 id
1514 1504 1596 1551 est
1622 1496 1749 1566 quia
1786 1495 1972 1552 oculos
2005 1505 2108 1552 tua:

515 1592 713 1649 mentis
741 1600 967 1647 terrena:
989 1588 1323 1652 clauserant,
1353 1594 1407 1640 et
1432 1595 1838 1641 cxcaecaverant
1867 1587 2106 1643 delecta-

518 1685 714 1749 tiones,
759 1679 1134 1752 Redemptoris
1172 1679 1250 1733 tui
1291 1686 1584 1748 egestatem
1617 1676 1922 1744 considera,
1949 1686 2003 1732 et
2027 1677 2108 1733 sic

517 1775 711 1847 evigila
756 1773 824 1829 ad
863 1780 1173 1828 sanctorum
1213 1769 1394 1824 futura
1425 1769 1668 1838 praemia.
1710 1767 1849 1822 llinc
1890 1767 2004 1839 ipse
2049 1767 2106 1822 in

2198 587 2430 642 lationes
2459 585 2668 656 afﬂigit,
2695 593 2755 640 ut
2785 584 3131 656 postmodum
3165 585 3224 640 in
3250 586 3394 642 calo
3428 589 3797 660 requiescant,

2197 688 2251 735 et
2289 679 2664 734 haereditatem
2706 686 2926 733 aeterna:
2971 677 3328 734 beatitudinis
3371 691 3795 752 consequantur.

2198 770 2458 837 Econtra,
2483 771 2744 841 reprobos
2762 769 2814 824 in
2838 769 2952 824 suis
2976 768 3348 838 voluptatibus
3375 786 3666 828 remanere
3685 789 3812 846 per.

2200 863 2385 930 mittit,
2395 860 2554 930 juxta
2570 861 2704 917 illud
2723 879 2736 916 :
2755 860 2972 917 Dimisit
2983 875 3080 916 eos
3091 861 3392 918 secundum
3405 863 3684 921 desideria
3693 881 3800 922 cor-

2202 955 2286 1012 dis
2304 970 2494 1011 eorum
2518 953 2692 1026 (llam.
2721 955 2784 1024 ι).
2810 953 3096 1025 chrobos
3118 954 3305 1026 itaque
3329 956 3423 1026 qui
3451 971 3607 1013 nunc
3625 961 3797 1017 mundi

2203 1048 2488 1104 desideriis
2513 1057 2568 1102 et
2599 1047 2971 1118 voluptatibus
2994 1047 3163 1103 dediti
3203 1057 3350 1116 sunt,
3375 1060 3586 1106 aeterna
3615 1067 3794 1123 exspe-

2203 1147 2357 1196 ctant
2379 1139 2640 1210 supplicia
2667 1155 2680 1192 :
2707 1136 2842 1208 justi
2869 1153 3000 1195 vero
3023 1138 3117 1208 qui
3161 1154 3307 1195 nunc
3334 1138 3571 1211 ﬂagellis
3603 1152 3793 1213 tempo-

2204 1227 2409 1286 ralibus
2429 1237 2762 1294 atteruntur,
2785 1229 2856 1285 ab
2872 1237 3080 1285 aeterno
3107 1239 3238 1286 sunt
3263 1231 3496 1288 verbere
3521 1231 3793 1300 liberandi,

2205 1320 2332 1390 quia
2349 1330 2407 1376 et
2435 1319 2632 1375 vitulus
2660 1319 2756 1391 qui
2780 1319 3040 1376 occisioni
3067 1328 3428 1392 praeparatur,
3455 1321 3688 1380 liberius
3709 1340 3794 1395 pa-

2206 1412 2353 1468 scuis
2381 1410 2622 1482 saginari
2647 1410 3017 1482 permittitur:
3055 1410 3182 1467 licet
3206 1421 3388 1468 autem
3411 1413 3525 1469 hoc
3551 1413 3794 1472 Dominus

2206 1503 2392 1558 multis
2425 1501 2602 1558 modis
2631 1511 2778 1574 agat,
2805 1517 2928 1558 cum
2951 1503 3190 1573 quinque
3218 1512 3348 1560 sunt
3372 1505 3530 1561 modi
3566 1507 3794 1576 speciali-

2207 1603 2310 1660 ter,
2333 1594 2528 1666 quibus
2549 1609 2581 1648 a
2603 1593 2832 1650 Domino
2853 1592 3194 1666 ﬂagellantur
3214 1595 3486 1652 homines.
3507 1596 3792 1668 Aliquando

2207 1686 2276 1742 ad
2316 1685 2714 1757 augmentanda
2759 1685 2974 1750 merita,
3023 1685 3166 1741 sicut
3209 1685 3312 1741 Job
3339 1694 3396 1742 et
3431 1685 3676 1756 Tobias;
3704 1687 3790 1744 ali-

2207 1777 2427 1847 quando
2448 1776 2518 1832 ad
2539 1776 2842 1832 custodiam
2865 1775 3153 1842 virtutum,
3175 1785 3237 1831 ut
3255 1777 3490 1846 Paulus;
3520 1777 3790 1849 aliquando

513 1862 807 1936 Evangelio
828 1862 986 1917 dicit:
1007 1860 1110 1927 Qui
1135 1861 1368 1930 sequitur
1387 1875 1492 1925 me,
1507 1875 1609 1913 non
1635 1856 1868 1912 ambulat
1891 1858 1946 1912 in
1966 1867 2106 1912 tene-
2134 1878 2184 1939 Β
2209 1878 2270 1924 ιιι
2301 1878 2524 1939 peccata
2558 1867 2834 1939 praeterita
2869 1867 3233 1938 corrigantur,
3279 1869 3426 1924 sicut
3455 1869 3788 1942 paralyucns,

516 1956 646 2020 bris,
667 1954 756 2010 sed
781 1953 989 2007 habebit
1007 1949 1182 2004 lunten
1205 1949 1320 2004 vita:
1343 1947 1525 2019 (Joan.
1549 1951 1690 2020 vin).
1715 1945 1811 2002 Vel
1836 1955 1985 2003 certe
2010 1962 2107 2018 per

518 2045 800 2118 collyrium
830 2059 937 2114 quo
972 2041 1346 2097 illuminantur
1383 2040 1548 2106 oculi,
1587 2054 1876 2110 possumus
1904 2038 2108 2094 intelli-

515 2153 643 2210 gere
659 2137 841 2192 divina
856 2135 1092 2206 eloquia,
1107 2133 1303 2205 quibus
1323 2131 1520 2189 mentis
1542 2133 1687 2188 oculi
1711 2132 2051 2188 illuminantu
2061 2148 2106 2198 r,

491 2229 667 2309 juxta
698 2228 827 2284 illud
857 2246 870 2282 :
900 2226 1224 2298 Prwceptum
1268 2224 1480 2279 Domini
1525 2223 1758 2278 lucidam
1802 2222 2109 2278 illuminans

518 2320 697 2377 oculos
725 2317 898 2392 (Psal.
924 2318 1102 2390 xvm).
1141 2316 1374 2388 Collyrio
1401 2332 1535 2386 unge
1565 2313 1744 2369 oculos
1773 2322 1913 2378 tuos,
1936 2313 1990 2368 id
2027 2321 2110 2368 est

521 2414 720 2470 adhibe
767 2420 1036 2484 praecepta
1075 2409 1256 2465 divina
1287 2409 1488 2464 mentis
1519 2406 1710 2472 oculis,
1740 2413 1801 2460 ut
1847 2405 2108 2460 virtutum

518 2507 725 2570 lucem,
753 2521 982 2576 quarum
1022 2503 1222 2574 pateris
1262 2501 1561 2556 nuditatem
1598 2499 1802 2563 videas,
1833 2509 1890 2553 et
1919 2497 2110 2552 videns

520 2611 618 2668 per
638 2597 777 2650 bona
797 2609 962 2665 opera
988 2591 1201 2663 operire
1230 2589 1474 2654 festines,
1492 2596 1552 2642 ut
1575 2587 1917 2658 postmodum
1940 2587 2108 2641 Deum

521 2689 726 2744 videas.
758 2685 910 2740 Beati
939 2685 1078 2738 enim
1115 2681 1312 2736 mundo
1343 2681 1788 2752 corde,‘quoniam
1811 2680 1910 2750 ipsi
1939 2679 2110 2736 Deum

522 2779 764 2834 videbunt
805 2775 1019 2849 (Matth.
1045 2775 1118 2848 v).
1147 2772 1280 2830 Cum
1310 2774 1454 2828 enim
1483 2772 1710 2843 quilibet
1755 2787 1990 2844 superna
2027 2787 2114 2829 al-

523 2869 790 2942 piratione
833 2883 929 2940 per
960 2867 1200 2938 singulas
1240 2864 1646 2935 Scripturarum
1675 2864 1924 2936 paginas,
1965 2865 2112 2936 quod

525 2960 786 3016 Dominus
808 2957 1033 3028 jusserit
1062 2957 1308 3029 legendo,
1341 2957 1629 3024 audiendo,
1655 2957 1722 3012 ad
1751 2965 1990 3012 mentem
2026 2971 2113 3012 re-

524 3063 703 3120 vocat,
732 3053 878 3109 videt
903 3052 1163 3107 nimirum
1207 3059 1468 3121 quantum
1507 3066 1576 3104 ex
1611 3049 1906 3105 virtutibus
1933 3049 2114 3105 minus

525 3147 713 3212 habet,
746 3144 829 3200 vel
855 3154 1006 3201 certe
1033 3144 1079 3200 si
1108 3159 1176 3199 ex
1204 3151 1315 3199 toto
1339 3141 1474 3198 nihil
1503 3141 1668 3198 habet
1701 3160 1713 3196 :
1744 3141 1931 3213 sicque
1957 3141 2114 3211 quasi

2213 1962 2302 2019 cui
2331 1963 2533 2017 dictum
2565 1969 2649 2017 est
2673 1978 2686 2014 :
2713 1959 2850 2016 Ecce
2881 1976 3044 2014 sanus
3070 1960 3243 2030 factus
3273 1977 3350 2028 es,
3374 1963 3493 2016 vide
3525 1979 3590 2017 ne
3613 1979 3788 2032 pecces,

2213 2073 2275 2111 ne
2300 2055 2529 2110 deterius
2549 2054 2642 2108 tibi
2665 2051 2866 2124 aliquid
2893 2054 3159 2124 contingat
3182 2052 3370 2125 (Joan.
3392 2055 3450 2126 ν)
3473 2072 3490 2121 ;
3523 2055 3790 2126 aliquando

2211 2163 2319 2205 non
2365 2157 2424 2203 ut
2466 2148 2844 2214 emendentur,
2890 2147 2986 2202 sed
3038 2157 3098 2203 ut
3134 2147 3336 2218 duplici
3377 2159 3606 2220 pereant
3629 2148 3792 2221 perdi-

2211 2241 2384 2307 tione,
2410 2249 2472 2296 ut
2496 2239 2802 2296 Antiochus
2831 2247 2898 2296 .et
2930 2239 3196 2307 Herodes,
3239 2241 3308 2296 de
3342 2243 3537 2312 quibus
3560 2243 3750 2299 dicitur
3775 2259 3789 2297 :

2209 2335 2424 2406 Duplici
2465 2335 2776 2388 contritione
2818 2342 3024 2388 contere
3065 2350 3178 2401 eos,
3203 2333 3421 2390 Domine
3445 2334 3575 2406 (Jer.
3615 2339 3787 2405 mi);

2216 2424 2508 2495 aliquando
2533 2433 2606 2479 -ιιι
2632 2424 2729 2480 Dei
2775 2423 2948 2497 gloria
2982 2438 3080 2494 per
3127 2425 3235 2481 hoc
3276 2427 3575 2481 ostendatur
3617 2427 3788 2482 mani-

2210 2513 2371 2580 festa,
2419 2513 2562 2572 sicut
2587 2513 2832 2570 Lazarus
2855 2523 2912 2570 et
2935 2530 3112 2572 caecus
3143 2524 3327 2572 natus.
3360 2515 3466 2572 Sed
3492 2517 3648 2574 electi
3665 2532 3795 2589 quo-

2212 2619 2426 2675 cunque
2477 2606 2638 2660 modo
2677 2603 3037 2678 ﬂagellantur,
3087 2606 3341 2663 meliores
3377 2605 3690 2664 'eﬂiciuntur
3731 2623 3792 2664 ex

2213 2696 2446 2768 ﬂagello,
2467 2698 2611 2754 unde
2634 2706 2690 2754 et
2714 2697 3020 2754 exhortatio
3046 2697 3404 2766 subinfertur,
3429 2715 3554 2755 cum
3575 2700 3791 2756 dicitur:

2213 2787 2496 2843 2Emulare
2515 2805 2637 2860 ergo
2659 2797 2708 2843 et
2728 2789 3082 2860 paenitentiam
3102 2805 3218 2860 age.
3241 2788 3498 2845 Emulus
3517 2789 3792 2857 studiosus,

2215 2888 2272 2936 et
2311 2879 2539 2935 tumulus
2579 2879 2816 2946 invidus,
2849 2887 2908 2934 et
2939 2878 3164 2935 annulus
3201 2879 3445 2935 imitator
3479 2879 3696 2945 dicitur,
3720 2879 3797 2934 hic

2215 2983 2394 3030 autem
2422 2989 2521 3046 pro
2550 2974 2851 3031 imitatione
2877 2974 3114 3046 ponitur.
3156 2974 3326 3029 Erant
3349 2975 3496 3030 enim
3535 2975 3595 3030 in
3628 2974 3794 3031 eadem

2216 3064 2628 3122 Laodicensium
2655 3065 2899 3122 Ecclesia
2941 3081 3077 3138 quos
3118 3064 3364 3122 Christus
3409 3064 3792 3144 ﬂagellaverat:

2217 3157 2447 3230 ideoque
2476 3167 2536 3212 ut
2567 3173 2662 3213 eos
2686 3158 2870 3214 caeteri
2898 3159 3240 3220 imitarentur
3269 3161 3546 3230 hortatur,
3580 3167 3690 3222 διιδί
3732 3164 3798 3219 eis

525 3255 594 3330 ex
623 3239 880 3330 unctione
908 3235 1116 3330 collyrii
1145 3245 1428 3330 reparatur
1463 3234 1531 3290 ad
1567 3232 1856 3330 videndum
1889 3231 2115 3330 clarius,
2143 3259 2192 3327 ρ
2224 3252 2497 3313 dicerem,
2527 3268 2538 3304 ε
2574 3251 2710 3306 Dum
2741 3251 3012 3328 quosubel
3035 3272 3102 3313 ex
3129 3257 3284 3314 vobis
3310 3256 3580 3330 ﬂagellari
3613 3256 3798 3326 W_

526 3329 655 3386 dum
691 3343 789 3401 per
835 3328 932 3384 Dei
974 3327 1198 3382 verbum
1236 3325 1573 3380 illuminatur
1616 3323 1965 3380 intrinsecus.
2013 3323 2118 3396 Qui

525 3439 660 3480 vero
687 3422 752 3477 ad
791 3437 922 3477 usus
953 3419 1297 3476 necessarios
1345 3424 1676 3488 reservatur,
1717 3414 1848 3493 iugo
1891 3429 1948 3476 et
1990 3421 2122 3477 loris

527 3515 800 3577 domatur,
849 3511 1083 3568 stimulis
1119 3509 1398 3586 pnngitur,
1433 3513 1750 3569 verberibus
1777 3512 2022 3578 caeditur,
2067 3519 2123 3568 et

529 3619 676 3678 aegro
704 3604 859 3678 cujus
886 3604 996 3662 vita
1036 3608 1376 3678 desperatur,
1420 3605 1680 3676 quidquid
1709 3604 1890 3659 animo
1917 3617 2120 3660 concu-

529 3693 714 3770 pierit,
743 3699 905 3754 etiam
949 3696 1108 3753 saluti
1149 3695 1266 3765 ejus
1303 3695 1636 3753 contrarium
1683 3709 1713 3749 a
1761 3693 1973 3750 medico
2013 3709 2122 3749 non

532 3799 778 3862 negatur,
827 3789 937 3846 imo
984 3789 1320 3846 conceditur.
1361 3787 1528 3858 Cujus
1572 3802 1704 3843 vero
1752 3785 2122 3859 recuperanda

532 3882 678 3938 salus
703 3881 1024 3949 aestimatur,
1055 3897 1285 3954 quaeque
1327 3890 1455 3936 sunt
1483 3881 1664 3935 animo
1691 3880 1809 3952 ejus
1847 3879 2123 3936 desidera-

532 3975 661 4031 bilia
692 3973 959 4045 salutique
993 3973 1271 4029 contraria
1296 3972 1520 4028 omnino
1546 3979 1834 4041 negantur,

605 4083 720 4154 Ego
747 4099 878 4154 quos
900 4099 1018 4137 amo
1050 4097 1215 4153 arguo
1245 4090 1294 4135 et
1329 4080 1547 4151 castigo.
1573 4078 1756 4134 Multis
1783 4077 1958 4134 modis
1979 4075 2126 4133 Deus

531 4175 894 4246 omnipotens,
925 4172 1236 4229 misericors
1258 4182 1314 4228 et
1344 4171 1634 4226 miserator
1662 4169 1842 4242 arguit
1873 4178 1930 4224 et
1955 4167 2124 4224 casti-

535 4275 626 4340 gat
649 4279 787 4336 quos
813 4271 985 4329 amat,
1016 4263 1244 4332 ideoque
1288 4261 1520 4318 libenter
1544 4260 1662 4331 ejus
1692 4259 1969 4318 toleranda
2001 4267 2128 4315 sunt

533 4357 700 4415 verba
751 4364 808 4412 et
845 4353 1092 4411 verbera.
1132 4353 1436 4423 Aliquando
1467 4352 1573 4407 hoc
1617 4351 1728 4422 agit
1768 4364 1864 4422 per
1894 4349 2124 4422 ﬂagella,

533 4452 824 4524 aliquando
862 4466 962 4523 per
1005 4448 1274 4507 occultam
1313 4456 1370 4503 et
1404 4447 1643 4503 divinam
1693 4447 2124 4519 inspirationcm,

533 4561 631 4603 seu
665 4543 1077 4616 quibuscunque
1119 4549 1174 4597 et
1213 4539 1380 4594 variis
1417 4539 1824 4595 tribulationum
1860 4549 1915 4596 et
1960 4555 2127 4610 angu-

2227 3350 2373 3416 citis,
2414 3364 2603 3403 eorum
2647 3348 2933 3404 imitamini
2969 3349 3303 3420 patientiam,
3349 3350 3688 3406 sustinentes
3721 3362 3797 3420 ps-

2224 3442 2422 3498 tienter
2449 3439 2656 3512 ﬂagella
2689 3440 2743 3495 in
2767 3441 3106 3511 praesenti,ut
3131 3449 3318 3512 postea
3350 3443 3802 3498 causas-tinnime-

2223 3533 2472 3590 reamini.
2497 3532 2565 3588 Et
2590 3546 2688 3606 age
2725 3533 3102 3604 paenitentiam
3127 3540 3348 3605 propter
3380 3533 3489 3590 hoc
3513 3535 3668 3606 quod
3687 3532 3802 3590 disi-

2223 3624 2294 3680 sti
2320 3642 2333 3678 :
2360 3625 2501 3679 dives
2531 3640 2650 3679 sum
2686 3633 2733 3679 et
2765 3623 2965 3680 nullius
2999 3640 3142 3696 egeo,
3164 3634 3271 3681 etc.

2297 3715 2435 3770 Ecce
2457 3724 2539 3770 sto
2562 3714 2632 3769 ad
2658 3715 2854 3770 ostium
2874 3724 2922 3770 et
2946 3714 3118 3786 pulso.
3143 3715 3278 3772 Cum
3306 3715 3452 3772 Deus
3477 3717 3804 3788 omnipotens

2224 3806 2425 3880 ubique
2453 3821 2548 3879 per
2573 3808 2922 3878 prasentiam
2959 3824 3072 3865 suae
3089 3808 3391 3864 divinitatis
3420 3819 3482 3865 et
3524 3811 3725 3866 coelum
3761 3816 3808 3864 et

2228 3907 2432 3953 terram
2461 3897 2701 3969 impleat,
2737 3899 2867 3970 quid
2895 3899 3000 3955 hoc
3033 3899 3152 3958 loco
3173 3915 3272 3971 per
3295 3899 3496 3956 omium
3523 3901 3806 3974 intelligere

2230 3989 2514 4056 debemus,
2555 3989 2660 4045 nisi
2696 3989 3110 4062 intelligentiam
3143 3991 3357 4048 cordis?
3391 3992 3518 4048 Stat
3553 4009 3690 4066 ergo
3719 3992 3812 4050 Do-

2228 4079 2409 4134 minus
2433 4079 2500 4134 ad
2523 4079 2721 4136 ostium
2749 4089 2804 4137 et
2830 4081 3032 4152 pulsat,
3059 4081 3277 4152 quando
3306 4097 3402 4138 cor
3426 4083 3694 4150 hominis,
3713 4084 3812 4140 sive

2225 4187 2326 4243 per
2358 4173 2631 4228 internam
2671 4174 3106 4245 inspirationem,
3137 4176 3254 4232 sive
3277 4191 3377 4248 per
3400 4170 3812 4247 praedicatum

2225 4266 2531 4322 doctrinam
2572 4266 2858 4323 illuminat.
2905 4267 3218 4326 Pulsantem
3247 4279 3429 4326 autem
3456 4269 3614 4325 illum
3657 4270 3809 4333 audit,

2227 4358 2471 4429 quisquis
2512 4357 2658 4413 illius
2699 4359 2904 4415 monita
2929 4374 3094 4432 opere
3116 4360 3371 4416 custodit.
3411 4359 3476 4417 Si
3517 4361 3643 4432 quis
3677 4375 3810 4431 ergo,

2227 4450 2424 4521 inquit,
2451 4449 2676 4504 audierit
2715 4466 2893 4506 vocem
2933 4467 3130 4519 meam,
3154 4451 3239 4508 vel
3261 4451 3374 4524 ipse
3397 4452 3584 4508 divina
3611 4452 3812 4522 eloquia

2227 4539 2481 4612 legendo,
2524 4539 2610 4596 vel
2639 4541 2709 4596 ab
2746 4540 2867 4596 aliis
2905 4542 3247 4613 exponendo,
3287 4553 3336 4598 et
3379 4545 3651 4613 aperuerit
3702 4541 3816 4598 mihi

535 4636 764 4694 stiarum
807 4632 1088 4688 effectibus
1111 4673 1127 4698 ,
1178 4631 1306 4688 hinc
1345 4647 1445 4703 per
1491 4631 1833 4688 Salomonem
1884 4632 2119 4688 dicitur:
2149 4617 2203 4680 D
2219 4633 2447 4702 januam
2483 4631 2664 4686 cordis
2689 4633 2794 4697 sui,
2837 4641 2989 4688 utea
3027 4648 3147 4703 quae
3185 4631 3438 4704 intelligit
3469 4647 3642 4703 opere
3672 4632 3816 4704 perti—

537 4727 706 4795 Quem
726 4726 864 4779 enim
895 4722 1066 4795 diligit
1080 4722 1341 4778 Dominus
1362 4723 1575 4794 corripit
1601 4723 1783 4793 (Prov.
1820 4722 1924 4792 in),
1949 4721 2126 4794 ﬂagel-

535 4817 612 4872 lat
645 4825 825 4871 autem
855 4830 1073 4872 omnem
1101 4813 1270 4869 filium
1292 4829 1455 4886 quem
1502 4813 1716 4882 recipit,
1747 4811 1984 4884 facitque
2022 4815 2127 4870 Do-

535 4911 718 4968 minus
741 4910 864 4975 hoc,
879 4909 924 4964 si
947 4908 1183 4964 humana
1204 4907 1563 4978 comparanda
1585 4915 1710 4962 sunt
1731 4906 1949 4974 divinis,
1976 4923 2126 4963 more

534 4999 764 5074 piissimi
807 4999 978 5072 patris
1027 5000 1161 5054 duos
1212 4995 1352 5051 ﬁlios
1384 4996 1654 5063 habentis,
1685 5012 1916 5067 quorum
1959 5013 2124 5052 unum

537 5104 700 5160 quem
726 5087 838 5143 vult
876 5087 979 5144 sibi
1011 5087 1341 5142 substituere
1371 5086 1660 5152 hacredem,
1692 5086 1920 5142 diversis
1948 5087 2122 5142 modis

465 5189 500 5252 9
536 5178 790 5252 ﬂagellat,
811 5188 906 5234 aut
952 5179 1072 5234 cibo
1097 5188 1191 5233 aut
1209 5186 1338 5250 potu
1360 5179 1815 5245 excommunicat,
1838 5178 2128 5250 aliquando

485 5251 498 5350 ξ
537 5251 676 5330 ciam
713 5271 910 5326 vinctis
953 5271 1179 5341 pedibus
1231 5279 1345 5326 tota
1401 5279 1558 5327 nocte
1599 5271 1934 5327 immobilem
1979 5281 2129 5329 stare

477 5355 488 5480 l

539 5361 689 5429 facit,
737 5362 1139 5418 incessantibus
1177 5362 1519 5418 contumeliis
1548 5360 1731 5427 allicit,
1759 5369 1811 5416 et
1838 5360 2129 5432 aliquando

538 5453 704 5510 veluti
747 5463 1063 5510 extraneum
1117 5453 1292 5508 alieno
1334 5451 1594 5524 obsequio
1640 5453 1838 5507 subdit.
1879 5452 2127 5508 Alterum

474 5543 479 5565 ⁵
538 5561 670 5601 vero
696 5561 856 5617 quem
885 5547 985 5602 sibi
1016 5545 1284 5602 haeredem
1313 5561 1420 5602 non
1459 5545 1693 5601 destinat
1724 5543 1988 5612 futurum,
2017 5562 2127 5602 sua:

537 5637 830 5693 voluntatis
857 5653 979 5694 esse
1003 5637 1290 5708 permittit,
1341 5638 1655 5694 comedendi
1693 5646 1750 5693 et
1791 5638 2008 5694 bibendi
2057 5640 2128 5694 li-

539 5729 773 5785 centiam
823 5729 1030 5795 tribuit,
1061 5729 1129 5784 ad
1167 5729 1547 5786 ambulandum
1587 5743 1908 5799 quocunque
1937 5729 2126 5785 volue-

541 5823 614 5885 rit
642 5823 841 5882 liberos
875 5839 1093 5892 gressus
1121 5825 1386 5884 concedit.
1411 5825 1490 5882 Ita
1522 5835 1575 5880 et
1612 5824 1952 5896 omnipotens
1981 5825 2127 5884 Deus

2229 4725 2356 4791 ciat,
2381 4725 2586 4778 intrabo
2611 4725 2680 4778 ad
2705 4723 2879 4791 illum,
2897 4725 2950 4780 id
2975 4734 3060 4781 est
3084 4725 3399 4782 illnminabo
3422 4735 3640 4782 secreta
3663 4727 3816 4790 illius,

2229 4824 2276 4868 et
2305 4813 2516 4868 ctenabo
2545 4829 2664 4867 cum
2691 4813 2807 4882 illo,
2839 4825 2887 4869 et
2913 4815 3024 4886 ipse
3051 4831 3279 4870 mecum.
3318 4814 3395 4870 De
3426 4817 3534 4872 hoc
3573 4817 3630 4871 in
3655 4817 3820 4871 Evan-

2229 4905 2369 4978 gelio
2402 4905 2661 4974 loquitur,
2697 4906 2923 4962 dicens:
2957 4906 3020 4962 Si
3057 4908 3172 4979 quis
3201 4907 3371 4979 diligit
3397 4924 3502 4975 me,
3533 4925 3821 4964 sennoneut

2229 5014 2401 5051 meum
2425 4998 2666 5063 servabit,
2698 5009 2748 5054 et
2772 4997 2937 5055 Pater
2959 5016 3108 5055 meus
3136 5000 3315 5071 diliget
3356 5017 3498 5066 eum,
3519 5011 3572 5056 et
3609 5002 3682 5056 ad
3713 5016 3822 5056 est:

2231 5089 2512 5155 veniemus,
2528 5099 2574 5143 et
2588 5091 2912 5146 mansionem
2925 5091 3065 5162 apud
3077 5108 3197 5146 eum
3219 5092 3474 5162 faciemus
3485 5092 3678 5163 (Joan.
3695 5093 3820 5162 xiv).

2232 5179 2288 5238 Si
2318 5189 2498 5237 autem
2521 5182 2816 5254 quaerimus
2840 5183 2970 5254 quid
3009 5185 3082 5239 sit
3118 5184 3272 5240 cibus
3301 5183 3529 5248 Christi,
3571 5200 3683 5255 quo
3705 5199 3826 5241 eum

2231 5273 2529 5340 reficimus,
2576 5275 2691 5344 ipse
2730 5275 2916 5344 utique
2953 5277 3268 5332 manifestat
3313 5277 3408 5347 qui
3452 5276 3590 5332 dicit
3621 5294 3638 5330 :
3673 5277 3828 5332 Cibus

2228 5381 2376 5420 meus
2398 5375 2497 5433 est,
2529 5377 2584 5420 ut
2613 5365 2810 5436 faciam
2842 5367 3160 5423 voluntatem
3185 5368 3368 5424 Patris
3385 5370 3486 5424 mei
3511 5369 3698 5440 (locis.
3727 5369 3824 5440 η).

2236 5456 2386 5514 Unde
2427 5457 2656 5531 legimus
2702 5459 2756 5514 in
2805 5460 3099 5532 Evangelia
3145 5478 3158 5514 :
3207 5462 3336 5532 quia
3383 5463 3827 5534 appropinquans

2229 5551 2488 5620 passioni,
2533 5551 2671 5606 dixit
2709 5552 2987 5624 discipulis
3017 5553 3172 5609 suis:
3214 5551 3362 5609 Venit
3405 5555 3547 5609 enim
3585 5557 3828 5626 princeps

2229 5644 2412 5698 mundi
2432 5645 2613 5716 hujus,
2638 5655 2687 5700 et
2710 5645 2766 5700 in
2788 5663 2870 5702 me
2891 5663 2996 5702 non
3007 5647 3160 5701 habet
3175 5647 3460 5718 quidquam
3483 5645 3673 5719 (locis.
3693 5645 3826 5718 ιη).

2228 5745 2284 5791 et
2308 5738 2464 5807 quasi
2504 5739 2711 5794 diceret
2755 5740 2950 5808 aliquis
2979 5755 2993 5793 :
3021 5740 3130 5796 Cur
3168 5755 3300 5810 ergo
3337 5740 3612 5806 morieris,
3643 5741 3830 5797 statim

2229 5827 2506 5901 subjungit
2535 5848 2547 5884 :
2580 5829 2682 5884 Sed
2708 5841 2764 5886 ut
2790 5842 3068 5903 cognoscat
3103 5832 3333 5892 mundus
3357 5832 3485 5904 quia
3522 5830 3696 5904 diligo
3717 5829 3830 5886 Pu-
