3974 6458
211 442 344 499 1001

1131 441 1496 502 EXPOSITIO
1529 441 1598 500 IN
1631 441 2135 500 APOCALYPSIN.
2174 473 2246 485 —-
2286 441 2419 497 LIB.
2458 439 2524 496 ll.

3341 433 3482 489 I002.

205 568 361 621 trem,
383 555 591 610 et‘steat
610 555 918 609 mandatum
939 553 1082 610 dedit
1113 557 1243 610 mihi
1265 555 1450 624 Pater,
1475 559 1550 613 sic
1575 557 1790 628 faciam,
1821 561 1871 621 Α
1897 557 2280 623 versationem,
2319 565 2375 612 et
2403 557 2483 613 sic
2510 556 2580 611 ad
2606 563 2865 610 aeternam
2903 552 3150 623 pervenit
3185 552 3480 608 beatitudi-

203 649 424 718 surgite,
455 663 633 702 eamus
666 646 846 715 (Joan.
878 648 1017 718 xxv).
1049 649 1393 705 Voluntatem
1418 650 1599 721 itaque
1621 648 1798 705 Patris

204 739 466 810 implevit,
481 739 805 810 quandopro
817 740 973 796 nobis
992 739 1059 794 ad
1081 741 1272 796 mortis
1282 741 1586 812 passionem
1607 755 1798 812 perve-

202 829 304 884 nit.
321 827 486 885 Ctena
497 830 693 885 dicitur
704 830 1006 886 communis
1028 830 1273 897 refectio,
1287 831 1414 901 quia
1433 834 1592 888 κοίνον
1609 831 1798 886 Graece

201 922 405 978 dicitur
433 939 738 980 commune.
770 924 901 980 Item
934 933 1117 980 coenat
1152 925 1332 996 itaque
1371 939 1495 980 cum
1541 925 1797 980 membris

199 1023 387 1084 caput,
419 1022 473 1071 et
502 1015 745 1070 membra
771 1031 894 1071 cum
921 1015 1122 1086 capite,
1146 1015 1273 1086 quia
1300 1024 1356 1070 et
1378 1014 1628 1071 Christus
1650 1030 1797 1070 mor-

198 1113 329 1162 tuus
356 1115 440 1162 est
463 1122 562 1177 pro
589 1107 796 1173 electis,
831 1115 887 1162 et
913 1106 1073 1163 electi
1113 1107 1420 1162 moriuntur
1444 1122 1569 1163 cum
1595 1106 1708 1171 illo,
1735 1113 1799 1161 ut

197 1209 261 1256 et
288 1199 388 1270 ipsi
409 1200 694 1270 perﬁciant
716 1201 1049 1256 voluntatem
1075 1199 1277 1256 Patris.
1307 1199 1490 1255 Pascit
1517 1213 1616 1255 nos
1638 1198 1796 1255 Chri-

195 1298 339 1356 stus,
363 1291 490 1360 quia
532 1291 799 1346 illuminat
831 1307 928 1347 nos
960 1290 1066 1346 ﬁde
1107 1306 1224 1346 sua.
1274 1290 1557 1347 Pascimus
1599 1299 1655 1346 et
1696 1305 1796 1346 nos

195 1382 441 1438 vicissim
485 1383 784 1449 Christum,
827 1384 953 1454 quia
1001 1383 1339 1440 laetiﬁcamus
1377 1400 1500 1441 eum
1545 1399 1644 1440 nos
1691 1384 1796 1440 ﬁde

194 1483 388 1528 nostra
416 1483 470 1529 et
495 1490 679 1546 opere.
705 1475 927 1530 Dicatur
945 1477 1131 1546 itaque
1176 1492 1192 1529 :
1225 1476 1284 1532 Si
1304 1477 1421 1548 quis
1447 1477 1674 1532 audierit
1709 1492 1796 1531 uo-

189 1578 312 1616 cem
337 1579 530 1629 meam,
563 1574 612 1619 et
639 1565 903 1636 aperuerit
943 1565 1070 1619 mihi
1105 1566 1353 1636 januam,
1399 1567 1606 1620 intrabo
1633 1565 1702 1620 ad
1730 1564 1798 1617 ει-

189 1652 332 1718 lum,
361 1663 410 1708 et
434 1656 644 1710 caenabo
685 1673 803 1711 cum
832 1657 968 1727 ipso,
995 1665 1042 1711 et
1085 1657 1194 1727 ipse
1215 1673 1414 1712 mecum
1437 1697 1452 1724 ,
1494 1671 1557 1712 ac
1582 1657 1628 1712 si
1651 1657 1796 1712 dice-

190 1754 351 1800 retur
375 1765 388 1801 :
413 1746 516 1814 Qui
545 1749 818 1817 operando
839 1757 895 1802 et
933 1749 1165 1804 amando
1193 1763 1473 1804 sermones
1500 1763 1650 1804 meos
1680 1749 1794 1805 fue-

188 1838 273 1894 rit
291 1849 602 1906 exsecutus,
617 1849 672 1896 et
692 1841 758 1896 ad
780 1841 1179 1912 percipiendam
1203 1857 1338 1898 meae
1357 1843 1656 1898 divinitatis
1678 1842 1796 1898 dul-

1900 664 2047 715 nem,
2075 650 2316 719 nunquid
2341 664 2472 719 ergo
2499 647 2733 719 aequales
2756 653 2915 702 erunt
2941 645 2994 699 in
3017 643 3216 710 futuro,
3246 643 3339 714 qui
3372 659 3481 698 non

1898 741 2178 813 aequaliter
2187 739 2438 795 vicerunt
2457 741 2513 794 in
2534 753 2746 808 praesen
2755 738 2828 792 ti?
2849 736 2966 793 Non
2983 737 3169 806 utique
3190 735 3318 805 quia
3330 733 3483 788 stella

1898 853 1931 891 a
1951 834 2102 890 stella
2120 834 2298 904 differt
2319 833 2375 886 in
2391 830 2648 898 claritate,
2665 833 2742 886 sic
2761 840 2809 885 et
2830 829 3138 886 resurrectio
3153 836 3482 882 mortuorum

1900 925 1952 997 (I
1979 925 2100 981 Cor.
2128 924 2240 999 xv).
2288 924 2672 979 Verumtamen
2711 923 2990 979 sciendum
3032 929 3135 987 est,
3182 920 3308 992 quia
3338 919 3484 990 quod

1898 1018 1974 1073 illi
2009 1018 2143 1074 tales
2176 1027 2230 1074 et
2256 1017 2437 1074 caeteri
2479 1030 2590 1071 non
2629 1015 2907 1070 habebunt
2928 1015 2984 1070 in
3009 1029 3091 1077 se,
3122 1012 3404 1068 habebunt
3428 1010 3485 1064 in
3577 1087 3580 1090 ἢ

1896 1109 2136 1180 praelatis
2164 1109 2298 1165 suis.
2331 1106 2433 1174 Qui
2455 1121 2586 1179 ergo
2612 1120 2712 1177 per
2746 1120 2805 1160 sc
2831 1103 3314 1172 non'judicabunt,
3342 1101 3487 1172 judi-

1897 1203 2098 1258 cabunt
2148 1201 2337 1271 utique
2387 1215 2488 1270 per
2543 1212 2671 1254 suos
2718 1196 3056 1267 praepositos.
3110 1195 3285 1250 Tanta
3338 1193 3486 1252 enim

1895 1296 2004 1352 erit
2044 1296 2101 1350 in
2146 1294 2253 1351 illis
2293 1293 2551 1357 Charitas,
2589 1300 2653 1346 ut
2673 1291 2816 1362 quod
2846 1289 3075 1361 quisque
3101 1289 3301 1344 viderit
3326 1287 3383 1343 in
3409 1287 3486 1342 al-

1901 1371 2036 1455 tarn,
2063 1404 2219 1445 suum
2243 1391 2484 1458 deputet.
2511 1385 2745 1455 Ideoque
2769 1384 2911 1454 quod
2935 1398 3042 1438 non
3070 1382 3295 1437 habebit
3323 1381 3377 1435 in
3403 1395 3486 1445 se,

1898 1480 2119 1537 habebit
2156 1480 2212 1535 in
2263 1479 2456 1544 altero,
2501 1478 2688 1548 sicque
2731 1491 2919 1532 omnes
2963 1475 3122 1531 electi
3162 1482 3487 1546 potestatem
3532 1498 3534 1506 ι

1897 1573 2174 1628 habebunt
2197 1571 2252 1625 in
2279 1570 2540 1641 praelatis,
2580 1569 2722 1624 sicut
2748 1568 2914 1624 etiam
2954 1568 3122 1622 habet
3156 1574 3487 1637 potestatem

1897 1673 2068 1720 totum
2113 1679 2312 1736 corpus
2351 1662 2588 1718 hominis
2631 1661 2776 1732 loqui
2804 1676 2904 1730 per
2927 1676 3008 1725 os,
3034 1660 3218 1716 videre
3240 1673 3338 1730 per
3359 1674 3488 1714 ocu-

1897 1756 2013 1824 los,
2065 1757 2254 1812 audire
2303 1772 2400 1827 per
2442 1770 2625 1820 aures,
2667 1753 2886 1810 odorari
2911 1767 3010 1823 per
3047 1767 3236 1818 nares,
3272 1750 3488 1822 operari

1896 1856 1997 1919 per
2050 1863 2281 1913 manus,
2338 1862 2463 1904 cum
2515 1845 2728 1917 singula
2777 1844 3019 1900 membra
3079 1843 3315 1898 habeant
3368 1840 3486 1898 olli-

185 1930 446 1988 cedinem
485 1933 759 2000 dilatatus,
788 1934 932 1990 hunc
958 1951 1057 2006 per
1087 1935 1358 1991 internam
1399 1938 1630 2009 gratiam
1677 1945 1793 1993 tan-
1819 1948 1867 2009 Β
1895 1942 1978 1996 cia
2021 1956 2150 2005 sua,
2199 1940 2322 2011 quia
2350 1941 2494 2010 quod
2542 1938 2970 2008 unumquodque
3021 1935 3326 1991 membrum
3375 1950 3486 1990 non

184 2039 354 2094 gens,
379 2025 652 2081 irradiabo
672 2036 726 2081 et
747 2027 976 2082 cmnabo
1021 2042 1144 2084 cum
1182 2027 1391 2096 illo;'et
1435 2028 1525 2084 ille
1553 2043 1788 2094 mecum,

183 2118 325 2187 quia
354 2117 406 2172 in
433 2116 681 2175 faciendo
709 2121 1042 2176 voluntatem
1073 2121 1272 2188 Patris,
1305 2131 1361 2191 et
1397 2137 1500 2194 ego
1540 2121 1703 2190 illius,
1736 2129 1793 2178 et

173 2207 316 2280 ipse
350 2213 484 2267 meis
508 2213 972 2284 compassionibus
993 2225 1419 2288 concorporatus
1442 2225 1672 2287 uterque
1703 2216 1792 2273 de-

186 2303 512 2360 Icctabitur.

273 2406 375 2472 Qui
405 2407 602 2472 uicerit,
630 2407 824 2477 faciam
870 2409 1020 2464 illum
1065 2411 1243 2466 sedere
1285 2427 1488 2466 mecum
1516 2412 1573 2465 in
1601 2411 1789 2466 throno

188 2517 332 2556 meo.
387 2499 525 2567 Quia
570 2499 799 2556 thronus
829 2510 917 2557 est
958 2502 1116 2558 sedes
1150 2502 1372 2572 iudicis.
1401 2501 1506 2558 Per
1530 2503 1787 2558 thronum

183 2591 488 2662 iudiciaria
529 2591 845 2664 designatur
887 2603 1150 2664 potestas,
1191 2595 1246 2650 in
1278 2611 1384 2665 qua
1418 2595 1634 2651 venturi
1664 2603 1791 2650 sunt

195 2684 375 2740 sancti
406 2686 473 2740 ad
493 2683 758 2754 judicium
805 2702 929 2742 cum
959 2689 1137 2758 capite
1181 2705 1280 2744 suo
1305 2706 1320 2756 ;
1350 2689 1565 2746 dicatur
1593 2704 1724 2762 ergo
1771 2708 1785 2745 :

195 2775 304 2843 Qui
343 2777 534 2831 vicerit
565 2784 895 2834 tentamenta
921 2779 1186 2836 diabolica
1211 2791 1265 2836 et
1314 2782 1583 2838 desideria
1606 2782 1792 2838 carnis

196 2883 331 2934 suae,
373 2867 568 2923 faciam
603 2867 754 2923 illum
787 2871 976 2926 sedere
1001 2871 1056 2925 in
1087 2872 1287 2926 throno
1317 2887 1459 2936 meo,
1492 2873 1544 2928 id
1573 2881 1677 2939 est,
1710 2871 1790 2926 fa-

196 2959 340 3014 ciam
373 2959 520 3014 illmn
548 2975 778 3033 regnare
809 2968 866 3015 et
895 2962 946 3015 in
982 2960 1188 3030 judicio
1228 2963 1492 3034 judicare.
1546 2963 1692 3018 Sicut
1742 2973 1790 3018 et

193 3067 293 3121 ego
331 3051 427 3104 vici
473 3051 765 3115 diabolum,
807 3062 856 3106 et
884 3054 995 3107 sedi
1039 3071 1161 3108 cum
1196 3053 1358 3110 Patre
1387 3072 1501 3111 meo
1527 3055 1580 3108 in
1603 3057 1789 3110 throno

197 3144 335 3214 ejus.
382 3143 527 3200 Vicit
571 3145 686 3215 ipse
735 3146 1032 3211 diabolum,
1086 3148 1212 3218 quia
1254 3149 1394 3204 sicut
1444 3149 1674 3221 legimus
1733 3149 1786 3204 in

197 3235 513 3308 Evangelio,
540 3238 768 3293 tentavit
791 3254 917 3293 eum
945 3238 1120 3295 tribus
1148 3241 1345 3306 modis,
1380 3241 1474 3296 sed
1503 3250 1789 3312 superatus

1893 2033 2058 2089 habet
2085 2033 2140 2088 in
2172 2048 2253 2098 se,
2297 2032 2463 2087 habet
2500 2029 2556 2085 in
2596 2029 2788 2086 altero.
2825 2028 2932 2082 Sed
2961 2034 3022 2082 ut
3047 2028 3112 2082 ad
3145 2027 3288 2082 hanc
3317 2027 3492 2098 digni-

1893 2134 2058 2181 tatem
2101 2124 2381 2196 perveniat
2408 2122 2677 2187 Ecclesia,
2709 2121 2764 2176 in
2795 2121 2897 2176 hac
2933 2120 3150 2175 interim
3175 2120 3491 2191 peregrina-

1891 2219 2040 2274 tione
2084 2206 2371 2272 humiliata
2419 2213 2608 2286 gemit,
2638 2227 2741 2268 nec
2773 2211 2972 2284 quaerit
3006 2211 3341 2268 celsitudinis
3376 2211 3490 2267 eul-

1890 2325 2040 2377 men,
2072 2311 2163 2366 ubi
2196 2317 2306 2366 tota
2348 2309 2461 2364 vita
2505 2317 2821 2366 sanctorum
2863 2307 3257 2364 humiliationis
3281 2308 3491 2364 obtinet

1891 2419 2112 2459 nomen.

1966 2494 2070 2561 Qui
2094 2493 2246 2548 habet
2286 2510 2489 2559 aurem,
2521 2493 2576 2548 id
2601 2499 2686 2548 est
2715 2491 3126 2564 intelligentiam
3152 2491 3354 2558 cordis,
3385 2509 3486 2547 au-

1892 2585 2024 2652 diat,
2077 2586 2130 2640 id
2185 2596 2269 2641 est
2308 2584 2575 2657 intelligat
2615 2584 2740 2653 quid
2765 2583 2998 2655 Spiritus
3027 2584 3168 2638 dicat
3212 2583 3486 2638 Ecclesiis.

1892 2676 1991 2732 Hic
2011 2684 2196 2747 aperte
2218 2683 2573 2740 monstratur,
2598 2673 2726 2744 quia
2746 2673 2891 2744 quod
2907 2673 3201 2744 unicuique
3223 2672 3488 2728 Ecclesiae

1893 2770 2098 2826 dictum
2142 2777 2245 2834 est,
2291 2768 2543 2824 omnibus
2573 2766 2832 2823 Ecclesiis
2852 2767 3182 2838 generaliter
3209 2766 3486 2822 convenit.

1893 2861 2201 2918 Notandum
2252 2870 2432 2917 autem
2476 2861 2620 2930 quod
2671 2875 2778 2916 non
2819 2859 2950 2917 dicit
3005 2859 3251 2931 angelus,
3301 2858 3495 2914 audiat

1893 2935 2022 3025 quid
2053 2953 2223 3009 Filius
2264 2953 2408 3009 dicat
2449 2951 2728 3017 ecclesiis,
2776 2968 2900 3007 cum
2947 2951 3255 3022 specialiter
3281 2952 3335 3006 in
3364 2966 3489 3020 per-

1895 3063 2026 3104 sona
2053 3047 2198 3103 illius
2231 3047 2503 3119 apparuit,
2546 3047 2639 3102 sed
2680 3045 2810 3116 quid
2839 3045 3062 3116 spiritus
3092 3044 3257 3100 dicat.
3291 3045 3350 3099 In
3383 3060 3492 3114 quo

1894 3139 2113 3196 nomine
2132 3139 2350 3195 trinitas
2371 3145 2482 3194 tota
2497 3136 2842 3208 intelligitur,
2863 3137 2990 3207 quia
3016 3151 3246 3207 quorum
3277 3152 3382 3191 una
3406 3144 3495 3190 est

1893 3231 2218 3296 substantia,
2257 3247 2363 3286 una
2391 3231 2658 3301 operatio,
2686 3245 2794 3285 una
2829 3237 2886 3284 et
2931 3229 3136 3284 locutio
3186 3237 3291 3286 est.
3334 3228 3491 3296 Quod

199 3335 285 3382 est
321 3326 390 3381 ab
418 3327 527 3382 illo.
564 3327 718 3384 Unde
758 3339 806 3383 et
838 3329 1010 3400 angeli
1035 3330 1335 3385 accedentes
1364 3332 1730 3387 ministrabant
1754 3333 1801 3386 ei
1829 3313 1876 3379 Ο
1907 3331 2052 3386 enim
2092 3328 2312 3385 nomine
2350 3327 2570 3399 spiritus
2602 3334 2714 3384 tota
2756 3325 3094 3398 signiﬁcetur
3118 3325 3360 3391 trinitas,
3386 3323 3492 3381 Do-

201 3416 419 3488 (Matth.
439 3421 536 3491 ιν).
562 3417 704 3475 Vicit
722 3419 954 3483 Iudaeos,
978 3420 1072 3492 qui
1097 3436 1221 3476 eum
1248 3423 1410 3477 morti
1438 3422 1797 3510 tradiderunt,

202 3511 420 3579 quando
441 3519 562 3582 post
577 3519 691 3567 tres
705 3511 820 3568 dies
833 3513 1043 3568 devicta
1060 3522 1236 3569 morte
1253 3516 1554 3572 resurrexit
1571 3516 1624 3570 in
1644 3523 1801 3570 aeter-

202 3618 333 3658 num
354 3605 617 3660 victurus.
647 3603 811 3662 Sedet
837 3614 892 3662 et
914 3607 968 3661 in
997 3608 1195 3665 throno
1211 3607 1411 3677 Patris,
1444 3609 1496 3665 id
1525 3618 1627 3677 est,
1657 3624 1800 3666 eoa:-

204 3697 380 3768 qualis
401 3697 478 3752 illi
499 3709 556 3753 et
576 3708 880 3755 coaeternus
903 3711 1086 3756 manet
1108 3703 1163 3756 in
1185 3703 1374 3758 eadem
1400 3703 1666 3774 potentia.
1690 3703 1802 3759 Nec

203 3782 420 3842 movea't
450 3804 718 3857 quemque
761 3790 906 3858 quod
946 3805 1090 3846 unus
1130 3792 1362 3847 thronus
1383 3793 1670 3863 judiciaria
1699 3809 1799 3864 po-

208 3888 377 3935 testas
421 3879 769 3950 intelligitur,
816 3897 937 3934 eum
967 3882 1020 3936 in
1061 3883 1356 3953 Evangelio
1411 3885 1640 3956 legimus
1697 3887 1801 3939 Do-

206 3971 358 4026 mino
404 3972 616 4027 dicente
662 3973 938 4042 discipulis
975 3992 987 4027 :
1044 3972 1142 4029 Vos
1188 3978 1278 4046 qui
1325 3977 1487 4030 secuti
1539 3979 1664 4031 estis
1720 3993 1800 4031 me

211 4061 430 4134 (Matth.
453 4062 590 4134 xu),
622 4072 728 4119 etc.
760 4063 820 4118 In
855 4067 1209 4135 sequentibus
1237 4082 1452 4138 quoque
1484 4067 1610 4122 libri
1641 4068 1799 4137 hujus

208 4154 436 4224 legimus
455 4155 642 4226 viginti
664 4165 896 4225 quatuor
916 4158 1156 4222 thronos,
1173 4158 1536 4216 duodenarius
1549 4161 1692 4216 enim
1716 4161 1800 4217 bis

206 4247 401 4301 ductus
426 4261 554 4300 xxtv
577 4247 771 4302 reddit.
801 4247 857 4302 lu
882 4263 990 4319 quo
1011 4264 1237 4305 numero
1266 4253 1801 4321 comprehenduntur

205 4355 397 4395 omnes
414 4339 760 4411 patriarcha,
783 4349 839 4396 et
861 4342 1111 4413 apostoli,
1127 4357 1422 4414 omnesque
1441 4344 1687 4414 perfecti,
1706 4346 1798 4416 qui

205 4448 330 4487 cum
361 4431 590 4487 Domino
618 4434 832 4488 venturi
856 4444 984 4489 sunt
1005 4436 1073 4490 ad
1100 4434 1385 4504 judicium.
1418 4437 1554 4494 Nam
1585 4440 1639 4495 in
1666 4439 1798 4495 duo-

207 4525 384 4581 decim
427 4525 752 4596 patriarchis
793 4543 985 4584 omnes
1017 4529 1208 4585 Patres
1249 4531 1475 4601 perfecti
1515 4533 1568 4588 in
1612 4535 1796 4590 Veteri

204 4617 557 4673 Testamento
595 4621 1169 4690 comprehenduntur:
1201 4639 1299 4694 per
1336 4625 1618 4682 duodecim
1670 4642 1797 4697 apo-

1905 3425 2088 3478 minus
2111 3423 2164 3478 in
2191 3421 2485 3494 Evangelio
2514 3419 2853 3487 manifestat,
2882 3418 3070 3474 dicens
3103 3435 3116 3473 :
3152 3416 3385 3489 Spiritus
3416 3429 3492 3474 est

1905 3517 2071 3582 Deus,
2115 3525 2162 3571 et
2202 3532 2288 3570 eos
2329 3515 2419 3588 qui
2468 3515 2691 3569 adorant
2723 3531 2862 3579 eum,
2890 3514 2947 3568 in
2979 3511 3171 3583 spiritu
3196 3521 3244 3566 et
3278 3512 3494 3568 veritate

1903 3619 2102 3682 oportet
2123 3610 2348 3664 adorare
2360 3608 2543 3681 (Joau.
2559 3607 2658 3679 tv).
2674 3607 2978 3678 Aliquando
3001 3615 3183 3662 autem
3200 3605 3369 3662 Filius
3395 3605 3492 3660 Dei

1903 3701 2152 3772 loquitur
2171 3702 2239 3757 de
2259 3716 2354 3756 sua
2374 3700 2655 3756 divinitate
2678 3699 3006 3770 specialiter.
3025 3697 3180 3754 Unde
3192 3706 3306 3755 est:
3325 3695 3494 3767 Opor-

1903 3803 1972 3848 tet
2021 3792 2224 3846 Filium
2260 3792 2485 3846 hominis
2529 3793 2661 3862 pati,
2716 3790 2976 3861 cruciﬁgi,
3007 3789 3143 3843 mori
3190 3798 3238 3844 et
3286 3788 3476 3859 sepelir

1904 3885 2120 3957 (Matth.
2177 3881 2350 3952 xxvi),
2392 3883 2536 3952 quod
2578 3880 2919 3937 solummodo
2959 3881 3028 3934 ad
3075 3897 3196 3936 eum
3237 3881 3492 3950 pertinet,

1901 3977 2151 4048 quamvis
2178 3988 2234 4031 et
2270 3975 2388 4030 haec
2430 3976 2549 4030 sine
2590 3973 2799 4044 Spiritu
2829 3973 2935 4028 dici
2970 3987 3078 4027 non
3121 3973 3351 4043 possint.
3395 3972 3493 4027 llic

1903 4079 2083 4125 autem
2127 4083 2193 4124 ex
2232 4081 2464 4138 persona
2506 4065 2722 4121 deitatis
2761 4063 3024 4133 loquitur.
3054 4064 3288 4134 Ideoque
3330 4064 3491 4119 verba

1900 4163 2024 4219 Filii
2051 4162 2217 4218 verba
2243 4167 2370 4217 sunt
2395 4159 2575 4214 Patris
2604 4167 2660 4214 et
2683 4158 2918 4230 Spiritus
2947 4160 3140 4216 sancti.

2533 4315 2762 4373 CAPUT
2791 4315 2883 4372 IV:

1973 4437 2104 4493 Post
2125 4438 2236 4493 [uec
2264 4435 2394 4492 vidi.
2423 4434 2540 4491 Mos
2581 4442 2668 4489 est
2701 4435 3092 4506 prophetarum
3139 4436 3487 4506 antiquorum

1898 4530 2127 4586 visionis
2161 4544 2272 4585 suae
2301 4537 2544 4598 tempora
2584 4525 2894 4581 describere
2933 4541 3032 4596 per
3079 4540 3253 4598 reges,
3303 4535 3357 4581 et
3391 4545 3491 4582 nu-

1900 4639 2110 4680 merum
2156 4636 2446 4686 annorum,
2500 4627 2556 4675 et
2605 4617 2896 4684 mensium,
2941 4625 2996 4673 et
3044 4619 3207 4674 etiam
3255 4619 3488 4675 dierum.

206 4710 381 4764 stolos
427 4725 617 4765 omnes
660 4688 926 4778 inl‘lovo,
976 4713 1117 4768 sicut
1155 4688 1253 4785 per
1291 4715 1574 4772 duodecim
1622 4688 1796 4773 tribus
1821 4688 1874 4750 D
1905 4717 2055 4774 Unde
2092 4713 2347 4770 Ezechiel
2384 4713 2520 4769 dicit
2551 4730 2564 4766 :
2603 4710 2661 4766 In
2704 4726 2844 4766 anno
2881 4710 3090 4781 quinto,
3138 4712 3492 4783 transmigrao

207 4800 374 4856 Israel
420 4817 609 4858 omnes
648 4811 854 4872 gentes.
907 4805 1114 4860 Dicitur
1161 4805 1344 4876 itaque
1384 4824 1526 4864 unus
1571 4808 1798 4865 thronus

208 4892 576 4963 singulariter,
618 4903 839 4965 propter
879 4911 1041 4950 unam
1079 4906 1405 4967 potestatem
1429 4898 1794 4968 judiciariam.

207 4984 477 5039 Dicuntur
510 4985 795 5042 duodecim
825 4997 1048 5058 pmpter
1077 4988 1465 5058 perfectionem
1499 4991 1799 5048 electorum

207 5075 305 5146 qui
345 5075 639 5146 judicaturi
685 5087 831 5133 sunt.
877 5080 1140 5135 Dicuntur
1173 5081 1364 5153 viginti
1393 5092 1648 5153 quatuor,
1674 5101 1800 5156 pro—-

207 5179 335 5240 pter
375 5183 468 5224 eos
506 5170 597 5240 qui
629 5170 684 5224 in
725 5182 959 5243 utroque
1007 5173 1356 5229 Testamento
1401 5175 1626 5245 perfecti
1672 5193 1793 5232 cum

210 5260 445 5316 Domino
477 5262 542 5316 ad
567 5261 826 5334 judicium
863 5274 991 5321 sunt
1019 5267 1253 5321 venturi.
1285 5265 1392 5322 Sed
1418 5282 1539 5322 cum
1587 5277 1797 5324 constet

208 5353 341 5423 quia
370 5369 476 5409 non
505 5369 699 5431 omnes
715 5357 806 5425 qui
833 5358 1079 5425 vincunt,
1107 5360 1161 5414 in
1189 5358 1394 5428 judicio
1421 5376 1545 5416 cum
1566 5360 1796 5416 Domino

209 5446 416 5501 sessuri
447 5454 593 5512 sunt,
627 5447 721 5502 sed
746 5456 951 5505 tantum
981 5451 1353 5521 perfectiores,
1378 5454 1573 5509 merito
1594 5454 1793 5524 (liler-

211 5545 308 5591 tur
342 5553 511 5607 quare
554 5539 644 5594 hic
685 5539 942 5597 Dominus
980 5545 1285 5613 promittat,
1330 5529 1671 5617 qui-vicerit,
1721 5544 1798 5599 fa-

211 5629 358 5685 ciam
403 5629 554 5684 illum
600 5631 789 5688 sedere
829 5634 884 5688 in
937 5635 1132 5693 throno
1173 5653 1297 5694 meo
1328 5657 1341 5693 :
1372 5649 1427 5694 et
1461 5648 1521 5694 ut
1560 5639 1800 5708 apertius

211 5723 324 5779 hoc
349 5720 464 5790 ﬁat,
487 5738 754 5794 ponamus
793 5726 929 5782 duos
967 5727 1214 5782 homines
1244 5731 1344 5785 sub
1372 5729 1636 5801 exemplo,
1669 5744 1801 5799 quo-

213 5829 339 5870 rum
358 5829 498 5870 unus
516 5830 711 5886 passus
736 5825 818 5873 est
845 5835 944 5889 pro
967 5818 1203 5886 Christo,
1226 5821 1362 5877 alter
1387 5831 1566 5878 autem
1590 5831 1798 5877 tantum

213 5905 492 5962 diabolum
511 5917 564 5963 et
586 5909 852 5964 incentiva
870 5912 1073 5979 carnis,
1089 5915 1521 5985 mundanamque
1540 5915 1668 5970 vicit
1681 5930 1800 5971 con-

670 6007 944 6070 l-‘sruor..
983 6009 1235 6070 CXVII.

1903 4809 2066 4864 tionis
2095 4805 2360 4871 Joachim,
2400 4804 2454 4859 in
2485 4819 2671 4859 mense
2695 4803 2885 4873 quinto
2920 4803 3128 4858 decima
3165 4803 3250 4857 die
3285 4801 3492 4857 mensis

1903 4900 2105 4957 factum
2131 4900 2199 4954 ad
2221 4913 2279 4954 se
2307 4898 2534 4953 verbum
2557 4897 2789 4952 Domini.
2817 4895 3078 4952 Similiter
3107 4893 3320 4960 Daniel,
3349 4909 3492 4950 anno

1903 4992 2068 5048 tertio
2099 4990 2252 5060 regni
2284 4988 2799 5054 Nabuchodonosor,
2832 4996 2936 5043 etc.
2969 4986 3076 5042 Iste
3100 4994 3280 5040 autem
3318 5001 3491 5040 novus

1901 5083 2167 5157 propheta
2209 5091 2421 5150 tempus
2453 5096 2564 5136 sua:
2589 5079 2885 5151 prophetiae
2913 5093 3256 5148 nequaquam
3288 5077 3492 5133 descri-

1903 5178 1982 5233 bit
2008 5192 2107 5248 per
2140 5187 2406 5247 tempora,
2450 5174 2504 5230 id
2546 5182 2630 5230 est
2668 5190 2766 5244 per
2806 5189 2978 5229 annos
3003 5180 3096 5227 aut
3123 5187 3361 5236 menses,
3394 5171 3491 5226 sed

1904 5278 2111 5325 tantum
2141 5268 2472 5324 mentionem
2497 5263 2626 5324 facit
2649 5268 2812 5324 unius
2829 5267 2959 5334 diei,
2977 5282 3102 5323 cum
3123 5265 3287 5321 dicit:
3308 5263 3409 5320 Fui
3432 5263 3487 5318 in

1902 5361 2092 5430 Spiritu
2118 5359 2170 5414 in
2202 5359 2288 5415 die
2320 5358 2636 5424 Dominica,
2679 5360 2822 5415 unde
2861 5359 3023 5416 datur
3062 5357 3314 5430 intelligi,
3361 5357 3489 5428 quia

1902 5469 2117 5510 omnem
2162 5453 2305 5507 hanc
2354 5452 2695 5523 prophetiam
2747 5468 2854 5508 una
2909 5451 2996 5506 die
3047 5451 3201 5507 vidit.
3256 5449 3491 5520 Ideoque

1903 5545 2048 5616 quod
2086 5545 2302 5609 dicitur,
2350 5554 2472 5614 post
2501 5545 2616 5601 haec
2647 5545 2780 5613 vidi,
2820 5561 2926 5601 non
2963 5547 3031 5601 ad
3059 5545 3487 5600 vicissitudinem

1904 5649 2205 5711 temporum
2240 5636 2586 5694 referendum
2629 5647 2734 5705 est,
2777 5636 2871 5694 sed
2912 5637 2982 5693 ad
3029 5636 3273 5692 ordinem
3326 5635 3490 5691 visio-

1903 5747 2054 5787 num.
2083 5731 2278 5789 Postea
2317 5732 2525 5788 scilicet
2549 5747 2710 5802 quam
2737 5731 2987 5802 superius
3012 5731 3240 5795 viderat,
3269 5727 3405 5783 vidit
3432 5736 3491 5784 ct

1905 5821 2008 5876 ista
2037 5837 2158 5893 quae
2185 5831 2509 5894 sequuntur.
2549 5820 2697 5877 Vidit
2737 5831 2916 5878 autem
2955 5822 3058 5877 hoc
3084 5837 3191 5876 non
3227 5835 3489 5892 corporeo

1907 5914 2127 5981 intuitu,
2168 5915 2262 5971 sed
2314 5922 2514 5979 mente,
2570 5914 2708 5970 sicut
2750 5923 2872 5985 post
2918 5913 3237 5969 videbimus.
3273 5909 3338 5964 Et
3374 5925 3490 5963 ecce

3011 6010 3088 6068 32
