3974 6492
488 412 492 417 ’
540 438 683 497 tces

1005 438 1357 496 HAYMONIS
1395 432 1872 492 HALBER'STAT.
1913 428 2124 487 EPlSC.
2167 427 2319 483 OPP.
2352 424 2533 482 PARS
2571 426 2622 481 l.
2661 455 2731 470 -
2756 422 3116 483 COMMENT.
3156 420 3327 480 BlBL.

3686 421 3815 478 ιωι

546 561 736 613 Ostium
776 566 1009 627 apertum
1040 556 1093 608 in
1121 554 1267 609 caelo.
1311 552 1519 607 C(rtum
1557 551 1613 605 in
1647 552 1750 605 hoc
1786 550 1905 604 loco
1928 546 2116 602 Eecle-
2147 544 2195 602 A
2223 542 2367 611 quod
2404 542 2601 597 dicitur
2626 560 2639 594 :
2667 540 2962 597 Ostendam
2993 540 3093 595 tibi
3126 555 3247 609 quae
3280 547 3498 611 oportet
3527 539 3663 595 ﬁeri
3691 542 3813 609 cito,

548 650 684 703 siam
713 644 1001 716 signiﬁcat.
1029 643 1171 698 Dicit
1195 642 1339 697 enim
1367 641 1627 696 Dominus
1645 654 1743 710 per
1763 638 2078 709 prophetam
2103 650 2118 687 :

547 737 745 795 Caelum
777 738 906 791 mihi
949 737 1095 791 sedes
1132 744 1206 790 est
1241 734 1375 806 (ιω.
1409 734 1470 805 ι).
1506 732 1761 787 Salomon
1793 744 2008 801 quoque
2037 727 2119 782 di-

547 830 624 883 cit
653 846 666 881 :
698 828 889 882 Anima
926 826 1063 896 justi
1100 825 1247 881 sedes
1283 835 1359 879 est
1386 824 1657 894 sapientiae
1711 819 1863 891 (Sap.
1894 819 2013 889 vn).
2063 815 2120 871 Si

543 932 676 991 ergo
706 919 888 973 anima
928 917 1061 986 justi
1099 918 1257 973 sedes
1280 925 1368 973 est
1397 904 1695 987 sapientiae,
1719 926 1840 981 quae
1873 910 2122 966 Christus

542 1022 645 1076 est,
672 1011 825 1082 juxta
851 1010 998 1081 quod
1027 1009 1229 1065 Paulus
1251 1008 1384 1066 dicit
1405 1006 1457 1078 (1
1484 1004 1609 1062 Cor.
1630 1006 1695 1075 ι),
1723 1004 1999 1060 Christum
2024 1002 2123 1056 Dei

541 1102 799 1157 virtutem
828 1109 883 1157 et
911 1101 1009 1157 Dei
1037 1101 1381 1170 sapientiam,
1414 1108 1469 1153 et
1493 1086 1689 1153 cmlum
1709 1096 1865 1152 sedes
1890 1101 1976 1151 est
2001 1094 2119 1159 Dei,

541 1194 728 1263 utique
760 1191 1003 1251 Ecclesia
1034 1201 1120 1248 est
1142 1192 1342 1248 ctelum
1369 1190 1425 1245 in
1449 1205 1558 1260 quo
1583 1189 1698 1259 ipse
1730 1188 1900 1245 sedet.
1932 1187 1993 1243 In
2019 1187 2124 1243 hoc

542 1284 702 1350 ctelo,
752 1282 806 1340 id
840 1292 927 1339 at
954 1284 1011 1338 in
1054 1283 1296 1339 Ecclesia
1335 1292 1423 1339 est
1457 1282 1656 1339 ostium
1700 1282 1806 1337 hoc
1850 1288 2121 1351 apertum,

542 1376 596 1433 id
617 1385 703 1432 est
728 1374 997 1442 Christus,
1025 1377 1116 1446 qui
1143 1374 1276 1431 dicit
1299 1393 1311 1429 :
1344 1375 1456 1446 Ego
1483 1389 1600 1429 sum
1621 1374 1845 1428 ostium:
1866 1388 1958 1443 per
1975 1387 2054 1425 me
2074 1371 2120 1425 si

539 1466 657 1539 quis
684 1467 963 1533 introierit,
985 1466 1293 1532 salvabitur,
1318 1477 1445 1532 etc.,
1470 1481 1643 1535 usque
1672 1481 1871 1536 pascua
1900 1464 2122 1518 inveniet

540 1559 725 1631 (Joan.
744 1559 824 1631 ι).
840 1559 1009 1616 Nemo
1018 1560 1163 1615 enim
1178 1558 1325 1614 venit
1340 1559 1409 1612 ad
1422 1557 1661 1622 Patrem,
1678 1555 1781 1611 nisi
1800 1569 1897 1625 per
1920 1554 2117 1625 ipsum,

538 1665 808 1723 perquam
821 1651 1123 1723 ingreditur
1140 1651 1208 1705 ad
1238 1649 1417 1704 ﬁdem:
1436 1647 1722 1716 Egreditur
1734 1662 1767 1700 a
1782 1646 1888 1701 ﬁde
1907 1644 1977 1700 ad
1996 1657 2121 1713 spe-

539 1745 702 1811 ciem,
731 1752 787 1800 et
814 1744 1163 1800 inveniuntur
1184 1757 1382 1814 pascua
1407 1750 1624 1797 retentae
1650 1740 1979 1796 refectionis.
2006 1738 2121 1794 Hoc

2224 648 2330 689 non
2364 631 2510 703 quod
2529 630 2643 700 jam
2685 647 2792 689 non
2821 639 3006 687 essent
3040 631 3377 701 denegatur,
3408 631 3505 686 sed
3553 633 3813 703 quoniam

2221 725 2476 797 deinceps
2517 741 2776 782 mansura
2817 734 3003 782 essent
3026 723 3355 781 declaratur.
3387 723 3651 796 Dignitas
3677 725 3812 780 enim

2222 818 2476 876 Ecclesiae
2498 820 2612 889 jam
2635 820 2873 876 exaltata
2894 825 3035 883 erat,
3057 818 3275 887 quando
3295 815 3546 874 Joannes
3570 817 3683 873 ista
3704 834 3814 873 cer-

2224 909 2405 975 nebat,
2434 924 2557 979 qua:
2584 924 2759 981 usque
2786 910 2842 965 in
2870 909 3037 965 tinem
3063 906 3404 978 saeculi,,quo
3430 923 3565 965 cum
3595 907 3814 963 Domino

2223 999 2659 1069 ad-judicandnm
2682 1008 2909 1058 ventura
2930 1008 3037 1067 est,
3052 999 3157 1056 bac
3175 999 3443 1055 sententia
3461 998 3811 1070 perduranda

2222 1100 2580 1149 monstratur.

2293 1181 2423 1240 Post
2450 1185 2563 1240 haec
2592 1185 2771 1239 statim
2794 1183 2873 1252 fui
2905 1183 2962 1237 is
2992 1183 3203 1255 spiritu.
3236 1180 3356 1236 Non
3380 1190 3467 1238 est
3502 1180 3809 1236 ita.intclli-

2222 1275 2477 1347 gendum,
2525 1267 2669 1346 quod
2719 1274 2943 1345 spiritus
2988 1259 3417 1345 ejusacorpore
3454 1271 3642 1328 fuerit
3683 1273 3809 1331 abla-

2224 1376 2331 1432 tus,
2360 1377 2416 1423 et
2444 1368 2523 1423 sic
2547 1367 2748 1423 viderit
2778 1367 2939 1423 istam
2969 1365 3253 1431 visionem,
3286 1366 3381 1421 sed
3409 1366 3569 1422 sicut
3595 1364 3711 1434 jam
3736 1382 3809 1422 su-

2220 1459 2406 1530 perius
2428 1459 2632 1515 dictum
2669 1468 2774 1523 est,
2816 1465 2996 1515 mente
3023 1466 3193 1512 totum
3219 1458 3326 1513 hoc
3351 1457 3506 1514 vidit.
3544 1457 3653 1514 Vis
3682 1460 3805 1516 enim

2223 1551 2458 1622 Spiritus
2501 1551 2679 1607 sancti
2727 1551 3029 1607 sublevavit
3076 1559 3315 1608 mentem
3360 1550 3549 1617 illius,
3597 1552 3667 1607 ad
3693 1568 3799 1607 con-

2220 1629 2527 1711 templanda
2573 1641 2830 1713 mysteria
2883 1640 3150 1705 coelestia,
3193 1639 3439 1710 nihilque
3478 1655 3593 1711 per
3634 1657 3803 1713 corpus

2220 1734 2306 1791 vel
2346 1735 2481 1790 vidit
2508 1734 2593 1791 vel
2632 1734 2858 1799 audivit,
2901 1734 2994 1790 sed
3021 1752 3052 1790 a
3076 1732 3285 1805 Spiritu
3322 1744 3526 1790 sancto
3562 1736 3624 1790 in
3656 1737 3800 1791 estetsi

538 1839 738 1894 ostium
784 1836 938 1909 prius
985 1844 1106 1892 erat
1143 1835 1384 1892 clausum
1409 1875 1423 1900 ,
1475 1833 1603 1904 quia
1655 1843 1780 1888 ante
1826 1833 2118 1887 adventum
2146 1900 2193 1909 __
2222 1835 2425 1898 raptus,
2470 1826 2524 1881 id
2564 1835 2651 1882 est
2689 1825 2883 1882 ductus
2908 1834 2996 1882 est
3032 1834 3092 1881 ut
3131 1841 3196 1882 ea
3233 1825 3445 1881 videret
3497 1835 3561 1881 et
3593 1828 3797 1892 audiret,

537 1926 727 1999 ipsius,
753 1900 872 1997 ejus
896 1926 1156 1998 mysteria
1181 1923 1422 1979 latebant
1445 1900 1719 1987 omnibus,
1753 1920 1855 1975 nisi
1888 1927 2119 1974 tantum-
2146 1900 2197 1963 Β
2223 1917 2579 1989 spiritualiter
2598 1918 2828 1973 audiens
2848 1917 3131 1983 retineret,
3145 1925 3443 1989 possetque
3467 1934 3540 1972 ea
3587 1919 3796 1974 scribere

536 2018 699 2076 modo
722 2012 1027 2090 prophetis,
1053 2017 1146 2086 qui
1185 2030 1284 2086 per
1327 2013 1590 2085 Spiritum
1632 2021 1881 2068 sanctum
1922 2010 2118 2067 illumi-

532 2110 671 2176 nati,
703 2109 964 2165 videbant
987 2108 1104 2178 ejus
1131 2107 1584 2171 incarnationem,
1615 2105 1943 2175 passionem,
1976 2118 2118 2159 mor-

532 2208 648 2256 tem
705 2206 761 2254 et
792 2197 1265 2263 resurrectionem,
1314 2196 1442 2267 quia
1484 2195 1671 2253 eadem
1713 2193 1969 2266 mysteria
2001 2193 2118 2263 jam

534 2297 696 2346 erant
727 2290 962 2346 revelata
988 2302 1088 2359 per
1116 2297 1288 2343 totum
1315 2287 1525 2353 orbem,
1558 2301 1656 2357 per
1675 2284 2117 2356 praedicationem

535 2390 861 2437 caterorum
907 2379 1295 2451 apostolorum.
1333 2376 1478 2434 Vidit
1514 2386 1698 2434 autem
1731 2377 1968 2433 Joannes
2015 2377 2119 2431 hoc

531 2474 734 2529 ostium
765 2470 1067 2542 dupliciter,
1103 2470 1187 2527 vel
1223 2470 1398 2526 oculis
1435 2470 1644 2527 scilicet
1677 2469 1955 2539 corporeis
1983 2467 2117 2522 vidit

532 2566 650 2621 hac
676 2563 877 2627 omnia,
915 2571 1101 2634 utpote
1124 2562 1220 2632 qui
1238 2561 1317 2617 illi
1345 2561 1652 2628 adhaerens,
1680 2560 1941 2616 miracula
1974 2560 2117 2616 illius

531 2656 672 2711 vidit
694 2655 912 2725 quando
948 2662 1196 2709 mortuos
1233 2653 1537 2718 suscitavit,
1574 2652 1897 2707 illuminavit
1916 2667 2112 2717 caecos,

533 2756 589 2802 et
618 2745 946 2802 his'similia
991 2754 1256 2816 praesente
1282 2744 1376 2800 illo
1413 2743 1720 2815 complevit.
1766 2744 1848 2798 Ad
1889 2743 2116 2799 novissi-

522 2852 685 2894 mum
707 2825 926 2908 quando
954 2845 1202 2900 mortuus
1228 2845 1335 2903 est,
1370 2845 1426 2891 et
1451 2844 1680 2892 matrem
1704 2833 1820 2904 ejus
1848 2835 2113 2906 virginem

526 2929 588 2985 in
631 2945 783 2985 suam
826 2944 1011 2985 curam
1051 2927 1310 2998 suscepit,
1337 2928 1423 2984 vel
1456 2927 1628 2983 oculis
1650 2927 1869 2992 mentis,
1897 2927 2035 2981 sicut
2057 2927 2113 2981 in

526 3025 636 3078 hac
664 3021 945 3093 prophetia
974 3029 1161 3092 aperte
1190 3020 1512 3077 ostenditur.
1546 3019 1614 3074 Et
1647 3036 1743 3074 vox
1765 3019 1935 3090 prima
1955 3034 2112 3091 quam

528 3112 709 3167 audivi
734 3124 982 3182 tamquam
1021 3111 1160 3166 tuba:
1196 3110 1453 3183 loquentis
1492 3127 1692 3165 mecum
1735 3110 1913 3164 dicens
1943 3123 1960 3160 :
1996 3107 2112 3165 Vox

528 3204 703 3275 prima
736 3218 900 3273 quam
949 3202 1156 3257 audivit
1190 3201 1447 3269 Joannes,
1499 3201 1666 3259 Vetus
1705 3201 2112 3258 Testamentum

528 3292 872 3366 intelligitur,
918 3293 1013 3349 ubi
1054 3294 1309 3364 mysteria
1355 3293 1557 3349 Christi
1591 3293 1953 3364 Ecclesiaeque
1991 3300 2116 3347 sunt

529 3386 803 3456 praedicta.
827 3382 1024 3441 Omnia
1046 3387 1191 3440 enim
1223 3401 1343 3456 qua:
1365 3386 1422 3441 in
1450 3386 1551 3441 bac
1574 3385 1855 3456 prophetia
1888 3384 1976 3440 vel
1996 3383 2113 3456 jam

529 3477 777 3548 impleta,
820 3477 905 3532 vel
944 3477 1000 3532 in
1047 3477 1295 3548 proximo
1322 3477 1639 3547 complenda
1676 3478 1949 3548 cognovit,
1990 3484 2115 3533 ante

529 3568 584 3622 in
628 3566 746 3638 lege
790 3575 848 3622 et
881 3566 1161 3638 prophetis
1194 3568 1515 3639 czeterisque
1561 3567 1860 3639 Scripturis
1904 3568 2117 3626 Veteris

531 3658 863 3714 Testamenti
897 3666 1026 3715 sunt
1056 3660 1437 3731 pranmntiata.
1486 3658 1616 3727 Quae
1661 3676 1763 3717 vox
1810 3661 1951 3717 bene
1994 3670 2113 3717 tan-

528 3766 691 3822 quam
740 3765 843 3807 vox
869 3752 1010 3808 tuba:
1032 3751 1198 3808 fuisse
1222 3752 1445 3820 dicitur,
1468 3755 1597 3825 quia
1626 3770 1723 3826 per
1741 3770 1835 3809 ora
1855 3756 2115 3826 praedica-

536 3852 713 3900 torum
737 3844 941 3910 sonuit,
966 3844 1164 3915 quibus
1186 3844 1383 3901 dicitur
1409 3864 1421 3899 :
1451 3843 1657 3911 Clama,
1675 3862 1738 3900 ne
1760 3848 2113 3919 cesses,quasi

526 3938 652 3992 tuba
665 3935 841 3991 mlta
854 3952 1026 3993 vocem
1037 3947 1183 3991 tuam
1197 3936 1249 4012 (Ι
1251 3955 1332 3993 sa.
1345 3937 1695 4011 Lvm).Tubis
1716 3954 1930 4011 quoque
1942 3938 2114 3995 Judaei

528 4031 818 4087 utebantur
837 4032 894 4087 in
923 4031 1134 4102 praelio,
1164 4041 1217 4088 et
1243 4047 1343 4087 nos
1373 4048 1528 4088 sacra
1552 4032 1835 4104 Scriptura
1860 4035 2115 4090 admonet

528 4121 584 4175 in
613 4119 775 4187 bello,
823 4121 949 4175 dum
979 4137 1284 4193 pugnamus
1333 4132 1522 4178 contra
1550 4123 1749 4180 diabdli
1778 4133 2112 4181 tentamenta

526 4219 585 4266 et
621 4220 810 4266 contra
853 4213 1124 4267 incentiva
1171 4214 1353 4269 carnis
1402 4223 1619 4269 nostrae.
1672 4214 1776 4270 Sed
1836 4216 2114 4271 videamus

527 4303 659 4373 quid
682 4306 796 4374 ipsa
820 4320 924 4359 vox
946 4304 1164 4360 dixerit.
1191 4304 1426 4359 Ascende
1446 4306 1570 4370 huc,
1597 4306 1651 4359 id
1675 4313 1780 4371 est,
1803 4306 1868 4360 ad
1892 4307 2110 4360 ostium.

525 4394 719 4454 Omnis
742 4396 886 4452 enim
915 4395 1197 4467 Scriptura
1226 4395 1440 4451 Veteris
1459 4397 1791 4452 Testamenti
1819 4398 1886 4452 ad
1918 4406 2117 4468 myste-

529 4489 611 4544 ria
638 4488 840 4544 Christi
865 4488 1173 4544 contucnda
1199 4500 1298 4541 nos
1335 4486 1546 4540 invitat.
1575 4486 1729 4543 Unde
1750 4497 1834 4543 est
1861 4488 1990 4542 illud
2013 4488 2113 4543 Mi-

531 4581 712 4635 cbeae:
738 4578 806 4635 In
844 4580 1137 4634 novissimis
1172 4577 1353 4631 diebus
1394 4578 1491 4631 erit
1521 4594 1670 4632 mons
1696 4578 1883 4632 domus
1901 4577 2112 4632 Domini

527 4678 856 4740 preparatus
875 4671 929 4722 in
950 4668 1133 4722 vertice
1154 4668 1434 4733 montium,
1455 4676 1504 4720 et
1518 4668 1681 4738 [luent
1706 4668 1774 4721 ad
1797 4684 1915 4722 eum
1935 4685 2111 4725 omnes

526 4772 702 4837 gentes
730 4761 914 4835 (Mica.
950 4760 1047 4832 tv).
1072 4759 1223 4817 Mons
1246 4760 1347 4815 iste
1377 4758 1628 4815 Christus
1651 4768 1752 4825 est,
1789 4775 1951 4830 quem
1980 4760 2115 4816 vidit

528 4854 718 4909 Daniel
754 4852 1043 4926 praecisum
1080 4851 1199 4908 sine
1238 4850 1507 4917 manibus,
1536 4852 1628 4922 qui
1652 4852 1821 4907 crevit
1843 4863 1897 4907 ct
1922 4852 2111 4922 imple-

525 4950 605 5003 vit
628 4947 939 5004 universam
967 4954 1167 5001 terram
1196 4945 1362 5016 (Dan.
1392 4944 1473 5016 ιι).
1502 4946 1705 5000 Domus
1737 4954 1916 5001 autem
1947 4945 2116 5003 Jacob

526 5039 771 5095 Ecclesia
818 5050 903 5096 est
948 5038 1208 5095 ﬁdelium.
1248 5039 1363 5097 Hoc
1396 5049 1479 5096 est
1524 5042 1705 5112 itaque
1743 5038 2005 5097 Joannem
2046 5043 2115 5097 ad

527 5134 727 5190 ostium
768 5143 1015 5204 apertum
1048 5135 1364 5200 ascendere,
1396 5136 1539 5205 quod
1566 5135 1808 5191 Ecclesia
1847 5137 1914 5192 ad
1953 5152 2110 5191 mon-

531 5236 662 5291 tem,
706 5225 757 5281 id
795 5234 900 5291 est,
938 5227 1004 5282 ad
1042 5226 1316 5285 Cbristutn
1348 5225 1638 5284 conﬂuere.
1677 5228 1897 5283 Dicatur
1931 5230 2113 5299 itaque

525 5314 740 5382 Joanui,
766 5324 821 5371 et
847 5316 903 5371 in
932 5316 1024 5378 illo
1052 5318 1295 5373 omnium
1328 5317 1493 5372 choro
1522 5318 1805 5373 doctorum
1828 5337 1841 5371 :
1868 5319 2114 5376 Ascende

530 5407 655 5471 huc,
702 5422 810 5463 non
852 5408 1129 5479 gressibus
1156 5409 1425 5479 corporis,
1473 5409 1566 5464 sed
1603 5408 1880 5480 gressibus
1916 5411 2113 5466 mentis

529 5506 583 5552 ct
608 5497 752 5561 ﬁdei,
783 5507 837 5554 et
865 5498 987 5554 vide
1011 5499 1065 5554 in
1088 5497 1305 5555 Christo
1324 5496 1437 5568 jam
1464 5498 1642 5567 omnia
1670 5499 1957 5569 completa,
1991 5517 2111 5571 qtue

528 5588 678 5657 prius
708 5598 835 5645 sunt
857 5604 955 5661 per
979 5589 1271 5662 prophetas
1307 5589 1687 5662 praenuntiata.
1728 5589 1796 5644 Et
1838 5592 2110 5646 ostendam

529 5677 622 5730 tibi
660 5696 779 5749 qua!
821 5690 1021 5751 oportet
1061 5680 1177 5749 fieri
1219 5680 1343 5735 cito.
1374 5680 1433 5735 ld
1458 5688 1561 5745 est,
1600 5680 1651 5735 in
1680 5681 1934 5750 praesenti
1977 5690 2110 5735 tem-

531 5787 697 5840 pore,
749 5776 895 5845 quod
937 5778 1224 5833 aeternitati
1272 5785 1681 5848 comparatum,
1734 5776 2108 5832 brevissimum

535 5867 683 5922 liora
727 5877 1058 5925 momentum
1102 5878 1202 5925 est.
1247 5868 1537 5925 Sciendum
1586 5885 1731 5933 vero,
1785 5868 1907 5937 quia
1955 5870 2006 5923 in
2044 5885 2110 5925 eo

2138 4629 2191 4689 D

2222 2020 2278 2068 et
2302 2010 2373 2066 ad
2405 2018 2654 2081 posteros
2691 2010 2932 2068 mittere.
2976 2010 3033 2066 Si
3077 2026 3207 2067 vero
3243 2012 3314 2066 ad
3356 2012 3576 2068 electos
3622 2013 3795 2069 referte

2221 2102 2488 2171 volumus,
2528 2103 2830 2175 spiritualis
2862 2102 2919 2159 in
2947 2104 3052 2160 hoc
3086 2119 3277 2160 eorum
3322 2105 3680 2161 castret-satio
3719 2107 3793 2161 de-

2223 2195 2481 2263 claratur,
2524 2185 2721 2267 quibus
2763 2210 2863 2266 per
2900 2193 3126 2251 Paulum
3165 2195 3408 2251 dicitur:
3442 2194 3569 2251 Non
3592 2197 3716 2253 estis
3746 2199 3791 2251 in

2219 2302 2407 2352 carne,
2450 2288 2545 2342 sed
2585 2287 2637 2341 in
2680 2287 2892 2358 spiritu.
2939 2287 3010 2342 Et
3049 2287 3175 2342 alibi
3222 2305 3234 2339 :
3277 2284 3489 2356 Spiritu
3531 2289 3786 2348 ambulate,

2218 2388 2267 2434 et
2309 2379 2571 2435 desideria
2601 2379 2774 2435 carnis
2807 2394 2911 2433 non
2942 2376 3224 2449 perﬁcietis
3250 2375 3462 2447 (Galat.
3490 2378 3558 2449 v).
3590 2378 3657 2432 Et
3678 2396 3783 2432 erce

2218 2471 2365 2527 sedes
2388 2471 2559 2541 posita
2579 2479 2692 2525 erat
2721 2470 2779 2525 in
2804 2469 2951 2526 caelo.
2986 2468 3042 2525 Si
3066 2467 3220 2524 sedes
3248 2478 3337 2524 est
3368 2468 3611 2535 Ecclesia,
3646 2470 3773 2524 sicut

2220 2577 2380 2632 supra
2428 2561 2628 2617 dictum
2672 2569 2775 2627 est,
2827 2561 3007 2616 anima
3038 2557 3169 2630 justi
3213 2558 3375 2615 sedes
3426 2561 3696 2632 sapientia,
3723 2570 3775 2614 et

2218 2654 2415 2714 caelum
2462 2654 2624 2708 etiam
2669 2654 2783 2725 ipsa
2824 2652 3099 2720 Ecclesia,
3161 2652 3463 2709 videndum
3507 2664 3589 2709 est
3623 2669 3785 2724 quem-

2223 2747 2512 2802 admodum
2560 2746 2716 2802 sedes
2749 2746 2821 2804 sit
2850 2746 2905 2801 in
2932 2745 3091 2811 coelo,
3124 2746 3266 2816 quod
3295 2745 3373 2801 ita
3398 2746 3785 2818 simpliciterdi—

2217 2851 2342 2892 cere
2373 2852 2679 2907 possumus,
2725 2836 2851 2906 quia
2906 2834 3147 2891 Ecclesia
3192 2852 3316 2907 qua:
3366 2844 3462 2892 est
3508 2836 3657 2892 sedes
3690 2836 3782 2900 Dei,

2215 2928 2342 2984 licet
2370 2927 2424 2981 in
2453 2928 2558 2983 hac
2594 2927 2771 2983 adhuc
2797 2943 2960 2983 carne
2988 2935 3257 2994 versetur,
3286 2936 3483 2982 tamen
3505 2928 3615 2999 jam
3638 2939 3786 2983 mente

2217 3018 2412 3075 cwlum
2432 3010 2720 3074 inhabitat.
2749 3017 2909 3073 Juxta
2948 3018 3074 3072 illud
3109 3016 3354 3087 Apostoli
3389 3036 3403 3073 :
3448 3017 3651 3074 Nostra
3685 3036 3783 3071 css-

2215 3111 2438 3169 versatio
2463 3111 2519 3165 in
2540 3112 2681 3165 uelis
2721 3120 2794 3165 est
2845 3107 3063 3181 (Philip.
3096 3108 3201 3182 ιιι).
3258 3107 3327 3164 Et
3370 3107 3544 3165 aliter
3590 3124 3787 3182 praess

2219 3203 2461 3260 Ecclesia
2486 3218 2604 3275 quae
2646 3202 2823 3258 adhuc
2852 3216 3079 3273 corpore
3109 3201 3503 3273 peregrinatur
3531 3219 3563 3256 a
3585 3202 3784 3265 Christo.

2142 3263 2188 3328 α
2224 3296 2280 3351 in
2312 3295 2448 3353 etelo
2478 3263 2562 3350 est
2589 3304 2790 3360 mente,
2840 3263 2964 3364 qua;
3000 3263 3337 3366 jam-regnat
3382 3309 3521 3349 cum
3564 3293 3671 3348 illo.

2223 3390 2414 3445 melius
2462 3398 2547 3445 est
2597 3400 2656 3444 ut
2705 3388 2954 3444 subtilius
3013 3389 3127 3445 haec
3177 3388 3343 3445 verba
3386 3400 3785 3460 perscrutetnut.

2221 3482 2365 3554 quod
2390 3481 2638 3557 exemplo
2659 3479 2873 3536 Veteris
2906 3477 3236 3535 Testamenti
3266 3479 3473 3535 melius
3505 3479 3786 3541 videbimm,

2220 3576 2279 3631 in
2318 3591 2426 3646 quo
2452 3574 2683 3647 legimus
2709 3581 2833 3630 octo
2861 3572 3073 3652 animas
3099 3571 3154 3627 in
3186 3586 3315 3627 arca
3347 3569 3788 3652 diluvii.me

2221 3667 2478 3723 salvatas.
2518 3646 2641 3735 Quo
2678 3667 2731 3720 in
2777 3664 2897 3721 loco
2923 3646 3047 3721 octo
3075 3663 3271 3719 animae
3309 3646 3791 3719 multitudinemsi-

2222 3761 2483 3835 gniﬁcant
2524 3760 2786 3826 ﬁdelium,
2826 3775 2954 3815 arca
2981 3772 3195 3829 quoque
3226 3756 3606 3812 universalem
3634 3752 3785 3811 Eccle

2221 3852 2377 3907 siam.
2407 3849 2559 3905 Sicut
2583 3850 2764 3919 itaque
2803 3848 2901 3916 ibi,
2942 3848 3085 3919 quod
3109 3857 3193 3904 est
3220 3861 3376 3913 arca,
3404 3847 3521 3903 hoc
3545 3857 3669 3903 sunt
3695 3855 3791 3900 orto

2221 3944 2437 4009 animae,
2489 3951 2546 3997 et
2586 3942 2729 4012 quod
2771 3953 2894 3998 octo
2939 3940 3155 4009 animae,
3195 3942 3301 3999 hoc
3324 3951 3413 3997 est
3447 3959 3606 4007 arca,
3637 3941 3686 3996 id
3710 3950 3788 4001 est,

2219 4032 2488 4104 generalis
2524 4032 2786 4099 Ecclesia,
2838 4035 2911 4087 ita
2960 4042 3014 4088 et
3055 4034 3163 4100 hic,
3211 4036 3357 4105 quod
3390 4045 3480 4089 est
3517 4031 3793 4099 sedaJmc

2218 4136 2302 4182 est
2350 4125 2580 4191 caelum,
2624 4134 2680 4181 et
2725 4125 2867 4196 quod
2918 4126 3139 4191 coelum,
3192 4127 3294 4181 hoc
3343 4136 3432 4181 est
3722 4123 3793 4178 Sic

2219 4218 2401 4287 itaque
2431 4217 2649 4283 dicitur,
2683 4217 2842 4273 sedes
2868 4219 3047 4289 posita
3085 4219 3284 4273 eratin
3311 4217 3481 4285 caelo,
3539 4218 3692 4290 quasi
3734 4216 3796 4270 di-

2218 4318 2372 4365 catur
2413 4309 2657 4366 Ecclesia
2689 4310 2742 4364 in
2773 4308 3036 4366 Ecclesia.
3087 4309 3154 4364 Et
3190 4312 3369 4380 supra'
3392 4311 3577 4364 sedem
3614 4312 3792 4364 sedeas

2218 4400 2566 4457 Consuetudo
2611 4410 2695 4457 est
2735 4401 2895 4457 istius
2941 4402 3261 4474 prophetiae,
3300 4411 3361 4455 ut
3399 4400 3795 4473 aliquandopet

2217 4493 2495 4548 sedentem
2542 4492 2708 4547 Deum
2748 4491 2965 4547 Patrem
3005 4493 3291 4566 intelligat,
3318 4491 3627 4563 aliquando
3654 4493 3796 4547 Deus

2218 4582 2436 4651 Filium,
2485 4583 2700 4640 Patrem
2745 4585 2944 4656 quippe
2980 4585 3053 4640 ibi
3094 4600 3362 4640 sessorem
3403 4584 3645 4656 intelligi
3684 4582 3795 4645 vult.

2216 4676 2309 4731 ubi
2338 4676 2471 4731 dicit
2499 4690 2513 4729 :
2543 4675 2651 4731 vidi
2678 4677 2731 4731 in
2770 4674 2994 4731 dextera
3036 4675 3275 4731 sedentis
3304 4674 3513 4731 librum
3545 4684 3797 4747 apertum,

2217 4767 2499 4823 dexteram
2546 4768 2755 4824 scilicet
2792 4768 3031 4824 sedentis
3070 4767 3124 4823 in
3164 4769 3360 4823 throno
3394 4762 3607 4823 Filium
3639 4762 3798 4837 appel-

2216 4856 2357 4926 lans,
2379 4874 2476 4929 per
2504 4875 2664 4929 quem
2698 4857 2838 4914 facta
2870 4867 2994 4914 sunt
3015 4860 3216 4923 omnia,
3247 4860 3424 4929 ipsum
3455 4876 3596 4915 vero
3629 4860 3801 4914 seden-

2218 4958 2326 5005 tem
2353 4950 2523 5006 Deum
2547 4949 2763 5006 Patrem
2799 4951 3124 5024 intelligens.
3155 4950 3255 5006 Hic
3282 4961 3466 5007 autem
3498 4967 3604 5022 per
3626 4952 3799 5006 sedes-

2220 5049 2326 5097 tem
2362 5039 2621 5096 debemus
2652 5042 2953 5113 intelligere
2984 5044 3269 5098 Dominum
3296 5041 3483 5097 Jesum
3507 5044 3799 5103 Christum.

2218 5133 2361 5187 sicut
2396 5133 2677 5203 sequentia
2710 5135 2873 5188 verba
2899 5143 3086 5203 aperte
3110 5134 3400 5189 docebunt.
3436 5132 3712 5204 Superius
3734 5133 3800 5196 le-

2218 5225 2395 5297 gimus
2421 5226 2566 5297 quod
2590 5226 2789 5283 viderit
2813 5227 3175 5282 ambulantem
3201 5226 3433 5282 similem
3460 5226 3609 5282 Filio
3640 5226 3806 5283 hemi-

2219 5318 2303 5374 nis
2334 5319 2385 5372 in
2412 5319 2593 5375 medio
2637 5327 2846 5391 septem
2882 5319 3328 5376 candelabrorum
3359 5335 3684 5384 aureorum,
3728 5320 3806 5375 hic

2218 5421 2397 5467 autem
2445 5411 2644 5468 dicitur
2671 5414 2815 5484 quod
2843 5413 3038 5469 viderit
3065 5430 3188 5469 eum
3219 5414 3521 5469 sedentem.
3551 5413 3809 5470 Ambula!

2219 5505 2401 5575 itaque
2428 5505 2685 5561 Dominus
2712 5506 2767 5561 in
2790 5504 2970 5561 medio
2990 5506 3284 5563 electorum
3311 5521 3560 5569 suorum,
3591 5505 3809 5577 quando

2218 5592 2356 5649 dona
2399 5598 2587 5667 gratiae
2622 5612 2733 5652 suae
2777 5596 2884 5651 illis
2925 5596 3198 5663 diffundit,
3244 5598 3397 5652 sedet
3432 5613 3564 5654 vero
3592 5596 3812 5668 quando

2218 5684 2549 5756 singulorum
2578 5687 2768 5743 merita
2802 5686 3080 5758 dijudicat.
3122 5687 3197 5742 De
3227 5704 3334 5759 quo
3363 5686 3624 5742 subditur
3642 5708 3673 5759 ε.

2294 5776 2357 5829 Et
2384 5778 2472 5847 qui
2509 5778 2714 5861 sedebat
2748 5778 2935 5834 similis
2964 5790 3074 5835 erat
3102 5780 3337 5851 aspectui
3360 5778 3553 5849 lapidis
3574 5780 3813 5852 jaspidis

2218 5881 2265 5923 et
2298 5869 2546 5923 sardinia.
2582 5870 2635 5924 Id
2667 5882 2768 5935 est,
2804 5873 2979 5931 vultus
3017 5881 3070 5929 et
3098 5871 3265 5930 facies
3309 5873 3427 5944 ejus
3466 5874 3676 5930 similis
3702 5883 3816 5931 erat
