4000 6344
251 419 390 480 1005
1171 417 1538 478 EXPOSITIO
1569 421 1637 476 IN
1676 419 2172 476 APOCALYPSIN.
2212 449 2282 462 —-
2319 421 2448 478 LIB.
2486 419 2551 476 ll.
3369 421 3506 478 1006

244 531 488 601 aspectui
535 529 728 601 lapidis
766 529 995 600 jaspidis
1037 540 1092 584 et
1138 533 1390 588 sardinis.
1437 533 1543 588 Per
1587 533 1819 604 lapidem
1846 537 1900 598 Α
1923 533 2048 603 quia
2090 533 2341 588 videlicet
2369 535 2422 590 in
2457 533 2674 588 Christo
2701 532 2882 587 omnis
2910 539 3094 586 nostra
3127 531 3272 588 salus
3294 542 3351 588 et
3377 550 3505 604 pro-

238 622 532 693 jaspidem,
561 621 652 691 qui
694 621 880 690 utique
931 622 1156 677 viridem
1209 625 1443 679 colorem
1471 626 1651 692 habet,
1680 627 1836 681 debe
1908 623 2149 694 opitiatio
2188 625 2453 680 consistit.
2500 626 2653 682 Unde
2679 625 2852 698 angeli
2884 626 2937 680 in
2961 623 3078 693 ejus
3101 627 3383 682 nativitate
3411 644 3509 698 pa-

245 729 368 766 mus
390 711 688 782 intelligere
727 711 1028 766 claritatem
1055 714 1348 770 divinitatis
1378 716 1474 771 Dei
1498 717 1639 783 Filii,
1667 717 1719 771 in
1740 733 1835 772 cu-
1935 733 2050 772 cem
2103 717 2592 784 annuntiaverunt,
2649 718 2891 774 dicentes
2923 736 2935 771 :
2969 716 3152 773 Gloria
3197 721 3253 775 in
3295 720 3514 777 excelsis

239 804 332 877 jus
351 803 802 874 contemplatione
830 813 1044 858 constat
1063 807 1283 862 satietas
1305 817 1357 863 et
1379 825 1588 863 summa
1611 809 1832 865 refectio
1935 808 2076 872 Deo,
2127 819 2173 861 et
2228 809 2285 861 in
2333 817 2474 862 terra
2523 826 2630 877 pax
2680 809 2976 864 hominibus
3030 809 3177 864 bonis
3232 809 3516 866 voluntatis

245 898 485 954 omnium
527 904 861 952 sanctorum.
913 896 1065 953 Unde
1090 905 1173 952 est
1202 899 1331 954 illud
1358 917 1370 952 :
1397 897 1504 954 Per
1538 919 1621 956 me
1642 903 1687 956 si
1715 903 1832 972 quis
1937 899 2086 970 (Luc.
2117 901 2200 966 ιι).
2227 900 2293 954 Ει
2321 901 2436 968 ipse
2456 901 2751 956 ascendens
2781 901 2848 956 ad
2877 901 3115 966 Patrem,
3138 901 3518 973 dicitdiscipu-

245 990 528 1056 introierit,
577 989 884 1055 salvabitur,
932 1001 979 1045 et
1010 1008 1204 1060 pascua
1251 993 1473 1048 inveniet
1519 994 1700 1065 (Joan.
1751 995 1828 1065 κ).
1935 989 2002 1043 lis
2034 991 2184 1045 suis:
2217 989 2413 1067 Pacem
2437 1006 2604 1044 meam
2637 991 2703 1044 do
2730 991 2890 1056 vobis,
2933 1007 3114 1060 pacem
3151 1007 3319 1046 meam
3358 991 3517 1046 relin-

247 1079 376 1136 Htcc
414 1081 558 1135 enim
601 1081 705 1136 erit
747 1083 1119 1137 remuneratio
1148 1082 1464 1147 electorum,
1497 1085 1701 1140 scilicet
1735 1085 1832 1140 Dei
1933 1097 2035 1152 quo
2058 1082 2198 1135 vobis
2223 1082 2403 1151 (Joan.
2430 1083 2564 1149 xiv).
2595 1081 2746 1136 Unde
2769 1082 2870 1136 irin
2903 1083 2947 1136 si
2969 1083 3184 1138 additur
3203 1098 3308 1138 una
3339 1081 3520 1138 littera

246 1170 447 1235 vultus,
483 1171 536 1225 in
568 1170 723 1240 cujus
747 1172 956 1228 visione
981 1172 1324 1228 satiabuntur
1352 1175 1602 1230 omnibus
1633 1177 1827 1232 modis.
1935 1173 1989 1227 in
2013 1172 2224 1236 Graeco,
2249 1171 2300 1225 id
2326 1180 2428 1236 est,
2447 1173 2484 1235 i,
2515 1181 2572 1224 ut
2596 1171 2718 1226 irini
2746 1171 2976 1236 dicatur,
3001 1173 3106 1228 hoc
3133 1173 3309 1242 ipsum
3337 1182 3514 1238 sonat,

250 1261 405 1317 Unde
441 1270 566 1316 est:
603 1261 732 1317 Oves
768 1279 894 1317 mea:
931 1279 1102 1318 vocem
1144 1280 1312 1317 meam
1354 1265 1590 1330 audient,
1641 1276 1686 1320 et
1738 1283 1831 1335 ego
1934 1263 2061 1331 quia
2092 1266 2264 1339 εἰρήνη
2295 1277 2401 1330 pax
2432 1261 2651 1316 dicitur.
2695 1262 2794 1316 lris
2841 1262 3022 1331 itaque
3065 1264 3263 1322 eratin
3288 1263 3517 1320 circuitu

248 1357 408 1410 vitam
439 1365 690 1410 teternam
719 1355 786 1410 do
814 1357 887 1410 eis
929 1355 1138 1427 (Ibid).
1181 1357 1428 1412 Sardinis
1469 1368 1651 1413 autem
1697 1358 1832 1428 lapis
1935 1355 2098 1419 sedis,
2131 1356 2256 1424 quia
2298 1355 2413 1424 ipse
2437 1362 2522 1409 est
2557 1370 2757 1410 corona
2800 1363 2857 1410 et
2898 1356 3161 1424 protectio
3201 1367 3517 1412 sanctorum

251 1454 410 1500 terrae
439 1446 613 1500 rubrae
639 1447 1043 1504 similitudinem
1065 1449 1250 1513 habet,
1279 1458 1333 1504 et
1361 1450 1565 1506 idcirco
1591 1467 1688 1520 per
1707 1467 1832 1506 eum
1934 1462 2176 1500 suorum.
2221 1445 2356 1500 Nam
2386 1453 2442 1500 et
2467 1445 2520 1499 in
2553 1461 2683 1499 arcu
2729 1445 2834 1500 duo
2863 1457 2990 1499 sunt
3017 1445 3340 1515 principales
3369 1445 3519 1502 colo-

249 1537 561 1592 liumanitas
591 1537 711 1592 Filii
753 1538 846 1594 Dei
879 1539 1144 1608 signatur,
1177 1555 1294 1608 qum
1335 1543 1532 1596 rubore
1559 1544 1833 1612 sanguinis
1932 1550 2042 1598 1'88,
2081 1535 2269 1589 Viridis
2312 1535 2540 1602 Βείιίεθιο
2588 1535 2640 1590 id
2678 1543 2761 1590 εει
2811 1551 3066 1604 aquosus,
3103 1545 3160 1592 θῑ
3204 1535 3420 1592 1⁸111³6118-
3459 1536 3521 1591 In

251 1628 469 1698 perfusa
511 1638 594 1684 est
628 1639 868 1699 tempore
897 1632 1186 1700 passionis,
1218 1633 1358 1686 unde
1384 1641 1438 1688 οι
1463 1633 1638 1704 angeli
1665 1635 1834 1688 inm..-
1935 1623 2131 1693 quibus
2159 1624 2416 1680 nimirum
2453 1625 2766 1695 designatur
2799 1635 2986 1695 aperte
3017 1641 3154 1695 aqua
3179 1625 3521 1696 baptismatis

249 1729 504 1790 rogantes
522 1721 705 1776 aiunt:
735 1720 911 1786 Quare
938 1725 1152 1776 rubrum
1177 1734 1251 1778 est
1277 1724 1638 1778 indumentum
1661 1737 1828 1790 mum,
1935 1725 1985 1771 et
2022 1716 2242 1784 sanguis
2274 1715 2682 1787 redemptionis,
2720 1717 2801 1770 vel
2837 1719 3011 1788 gratia
3051 1718 3284 1789 Spiritus
3325 1721 3520 1776 sancti.

248 1823 296 1868 et
326 1815 624 1867 vestimenta
667 1824 757 1868 tua
779 1816 911 1869 sicut
943 1814 1259 1869 calcantium
1282 1817 1334 1869 in
1373 1816 1666 1870 torculari?
1694 1817 1827 1886 (lsa.
1938 1804 2042 1858 Ρθν
2091 1805 2207 1860 hinc
2243 1805 2388 1860 euim
2437 1807 2542 1861 duo
2592 1808 2659 1862 ab
2705 1809 2958 1863 omnibus
3004 1809 3363 1866 emundumul‘
3397 1827 3522 1882 Ρθο·

251 1907 432 1975 um.)
460 1905 560 1971 Qui
590 1906 768 1976 itaque
807 1907 971 1962 habet
1011 1907 1243 1961 virorem
1274 1908 1328 1962 in
1351 1907 1647 1963 divinitatis
1673 1909 1831 1964 clari-

1943 1896 2096 1951 catis.
2169 1897 2244 1951 De
2311 1897 2505 1966 quibus
2558 1899 2766 1954 duobus
2830 1901 3104 1972 mysteriis
3163 1910 3275 1957 tota
3336 1903 3523 1960 Eccle—

251 2006 380 2062 tate,
413 1999 574 2052 habet
599 1999 762 2052 etiam
803 1998 1053 2052 ruborem
1087 1997 1140 2050 in
1165 1999 1520 2065 humanitate,
1555 2015 1650 2068 per
1673 2014 1836 2067 quam
1939 1986 2016 2040 είδ
2083 1987 2320 2056 οίηεὶιυτ
2351 2027 2365 2051 ι
2431 1996 2487 2042 ει
2547 2003 2644 2058 Per
2703 1990 2820 2044 huic
2870 1990 2924 2044 ίη
2987 1991 3282 2046 nummum
3335 1993 3524 2064 statim

249 2099 305 2145 et
329 2089 524 2155 Adam,
563 2090 654 2158 qui
699 2091 861 2144 rubra
894 2097 1029 2144 testa
1057 2091 1468 2158 interpretatur,
1493 2093 1557 2145 ad
1590 2092 1829 2146 cmlestia

1942 2076 2030 2131 Dei
2097 2089 2409 2134 renovatur.
2473 2079 2570 2135 Vel
2627 2096 2724 2151 per
2779 2083 2880 2138 hos
2935 2084 3069 2140 duos
3129 2085 3338 2142 colores
3391 2101 3522 2156 pos-

249 2181 545 2238 revocavit.
574 2180 730 2234 Aliud
760 2189 844 2235 est
872 2180 1016 2236 enim
1054 2181 1196 2251 quod
1238 2182 1399 2246 viret,
1437 2193 1490 2236 et
1515 2182 1660 2236 aliud
1689 2184 1829 2252 quod

1940 2185 2124 2226 sumus
2173 2172 2475 2243 intelligere
2523 2173 2630 2230 duo
2660 2173 2894 2242 judicia:
2925 2191 3091 2231 unum
3126 2179 3270 2248 quod
3314 2177 3520 2235 factum

251 2275 428 2329 rubet.
459 2273 566 2330 Sed
596 2276 701 2329 hoc
725 2283 936 2328 tantum
970 2290 1076 2330 non
1101 2275 1231 2341 duo,
1254 2277 1348 2331 sed
1369 2276 1670 2344 unus,quia
1695 2292 1836 2331 unus
1936 2270 2018 2316 εει
2039 2276 2138 2330 Per
2161 2278 2356 2332 aquam
2383 2283 2394 2318 ε
2427 2272 2590 2334 atque
2619 2265 2765 2320 aliud
2791 2267 2932 2334 quud
2963 2265 3268 2323 radendum
3309 2281 3394 2325 εει
3429 2285 3528 2339 P0?

249 2366 414 2422 homo
442 2376 498 2422 et
527 2367 671 2422 Deus
699 2383 768 2424 ex
797 2368 1008 2422 duabus
1053 2376 1266 2424 constat
1291 2369 1525 2424 naturis.
1554 2368 1829 2426 Perfectus

1948 2354 2138 2424 ignem.
2176 2353 2302 2410 Sive
2331 2372 2430 2425 per
2465 2357 2663 2412 nubem
2693 2357 3028 2412 imbriferam
3055 2375 3342 2429 possumus
3370 2363 3528 2418 intel-

251 2458 398 2514 enim
443 2457 606 2523 Deus,
647 2457 918 2526 perfectus
961 2466 1044 2514 est
1081 2465 1136 2513 et
1169 2459 1350 2522 homo,
1381 2468 1437 2516 et
1463 2459 1583 2515 ideo
1611 2461 1752 2529 quod
1778 2460 1833 2516 in
1936 2445 2105 2517 Ῑίϐθΐθ
2135 2456 2371 2513 saucius:
2405 2449 2496 2516 (ιιιί
2523 2448 2716 2518 Diuum
2737 2450 2936 2516 verbis.
2971 2464 3256 2510 coruscam
3295 2454 3528 2510 Miracu-

251 2565 318 2606 εο
339 2550 498 2614 νει-ει,
535 2551 790 2620 polentia;
820 2558 921 2614 est,
962 2551 1103 2620 quod
1135 2551 1294 2606 rubet
1320 2553 1726 2608 misericordiae.
1768 2554 1838 2608 Ει
1939 2537 2028 2604 lis,
2055 2547 2110 2593 et
2137 2539 2384 2593 claritate
2408 2540 2626 2609 superni
2656 2539 2875 2596 luminis
2911 2542 3156 2598 irradiati
3187 2553 3240 2598 et
3269 2543 3528 2600 illustrati

253 2642 346 2712 qui
375 2657 440 2697 ex
467 2657 534 2696 eo
557 2643 701 2710 quod
721 2642 878 2707 viret,
917 2658 1015 2698 nos
1037 2643 1240 2698 creavit
1269 2661 1282 2697 :
1311 2659 1378 2699 ex
1404 2660 1469 2699 eo
1489 2645 1633 2714 quod
1658 2644 1834 2709 rubet,
1939 2630 2198 2700 Ρίίδείηιίδ
2229 2631 2710 2700 supplicationibus
2739 2647 2840 2702 ιιι-ο
2867 2633 3022 2688 “ubis
3045 2633 3307 2703 ἓυῧιίιίδῐη
3337 2635 3527 2690 α)αῶ-

255 2749 354 2788 nos
390 2733 634 2788 redemit.
663 2733 958 2790 Possumus
977 2744 1033 2789 et
1054 2749 1152 2803 per
1182 2737 1280 2791 hos
1303 2736 1508 2805 lapides
1541 2737 1835 2792 Ecclesium

1950 2725 2075 2778 loris
2101 2724 2167 2778 ad
2205 2724 2457 2793 pietatem
2483 2723 2782 2788 inflectunt,
2809 2727 2950 2780 sicut
2969 2725 3200 2797 Moyses,
3235 2727 3328 2796 qui
3360 2727 3530 2784 inter-

255 2822 576 2895 intelligerc,
617 2840 737 2896 quae
774 2825 1005 2880 virorem
1039 2824 1266 2898 jaspidis
1301 2829 1462 2882 habet
1502 2830 1556 2883 in
1591 2839 1836 2884 contem-
1941 2814 2140 2868 cedens
2167 2829 2264 2882 ρνο
2304 2813 2502 2884 Ροβυ¹ο
2531 2814 2736 2880 [Maeli
2779 2817 3028 2871 dicebat:
3069 2818 3175 2871 Ααι
3218 2817 3419 2874 dimitte
3455 2819 3530 2874 εει

255 2915 495 2986 plagam,
534 2915 626 2970 Dei
667 2931 916 2981 manens,
963 2926 1124 2986 atque
1169 2918 1287 2972 ideo
1313 2919 1426 2988 iam
1467 2920 1625 2990 huius
1655 2922 1837 2976 mundi
1940 2904 2036 2956 hoc
2055 2913 2343 2971 peccatum,
2377 2914 2467 2956 aut
2495 2904 2607 2958 dele
2635 2922 2717 2960 me
2743 2907 2807 2959 de
2828 2907 2962 2962 libro
2990 2917 3079 2962 tuo
3102 2909 3301 2979 (Exod.
3330 2910 3525 2982 um).

257 3021 516 3078 prospera
557 3023 656 3078 pro
690 3007 860 3063 nihilo
905 3009 1158 3078 deputat,
1199 3009 1324 3064 dum
1361 3011 1577 3079 pascuis
1623 3021 1837 3067 aeternae

1941 2996 2094 3062 Quod
2113 3004 2290 3050 autem
2336 2997 2620 3064 sequitur:
2657 2997 2861 3054 Similis
2887 3000 3078 3056 visioni
3127 3003 3520 3073 smaragdina,

257 3099 550 3154 viriditatis
590 3099 831 3154 inhaeret.
872 3098 970 3154 Cui
1000 3100 1052 3153 in
1083 3098 1321 3155 Canticis
1351 3103 1687 3157 canticorum
1712 3102 1840 3158 dici-
1942 3089 2067 3156 quia
2115 3089 2432 3156 smarasdus
2461 3089 2600 3158 lapis
2643 3099 2728 3146 est
2761 3091 2950 3147 viridis
2989 3092 3218 3158 coloris.
3261 3110 3358 3164 per
3384 3095 3530 3150 hunc

259 3199 386 3247 tur:
425 3191 558 3257 Qua
584 3192 790 3246 habitas
823 3193 878 3246 in
907 3192 1093 3257 hortis,
1129 3195 1284 3246 amics
1322 3195 1620 3250 auscultant
1649 3206 1717 3262 te,
1752 3197 1837 3265 [ac

1948 3179 2177 3248 lapidem
2219 3181 2359 3234 sicut
2397 3189 2455 3235 et
2486 3195 2647 3251 supra
2685 3183 3084 3264 per‘jaspidem
3127 3184 3528 3255 divinitagFilii

257 3302 338 3340 me
376 3285 561 3340 audire
587 3300 761 3338 vocem
791 3295 935 3338 tuam
966 3283 1142 3355 (Cant.
1177 3285 1315 3356 vni).
1343 3286 1517 3343 Habet
1537 3251 1762 3358 quoque.
1782 3297 1835 3342 et

1949 3270 2034 3326 Dei
2061 3272 2404 3342 exprimitur,
2431 3287 2528 3342 per
2553 3251 2713 3343 quem
2745 3251 2858 3331 tota
2885 3251 3130 3334 Ecclesia
3159 3251 3529 3334 mundatur‘et

258 3377 518 3441 sardium,
544 3375 634 3445 qui
665 3375 821 3444 lapis,
851 3383 909 3430 ut
936 3375 1192 3443 diximus,
1236 3377 1460 3433 rubrum
1494 3381 1657 3436 habet
1685 3381 1832 3436 colo—

712 3375 821 3444 ipis,
851 3383 909 3430 ut
936 3375 1192 3443 diximus,
1236 3377 1460 3433 rubrum
1494 3381 1657 3436 habet
1685 3381 1832 3436 colo—
1939 3363 2292 3434 Bubemuiur-

257 3485 391 3532 rem,
439 3469 696 3540 quoniam
736 3469 896 3526 electi
924 3486 991 3524 ne
1020 3471 1200 3526 divina
1244 3473 1571 3528 extollantur
1608 3474 1834 3540 visione,

2012 3463 2080 3516 Et
2112 3465 2167 3516 in
2188 3464 2413 3519 circuitu
2438 3466 2575 3520 sedis
2606 3465 2794 3522 sedilia
2821 3468 2997 3538 viginti
3020 3478 3268 3540 quatuor,
3296 3478 3346 3524 et
3373 3485 3532 3539 super

257 3559 546 3631 fragilitate
587 3561 940 3617 humanitatis
987 3571 1292 3619 monentur.
1341 3563 1494 3620 Unde
1538 3574 1592 3620 et
1632 3565 1837 3622 Danieli

1950 3556 2150 3610 thronos
2171 3556 2352 3628 viginti
2371 3568 2599 3628 quatuor
2631 3553 2860 3614 seniore's
2883 3560 3140 3615 sedentes.
3172 3561 3435 3617 Dominus
3475 3561 3530 3618 in

259 3653 348 3708 vel
388 3653 659 3708 Esechieli
688 3654 867 3709 divina
908 3656 1163 3725 mysteria
1207 3657 1587 3713 contuentibus
1617 3657 1839 3728 angelus
1939 3647 2230 3720 Evangelio
2281 3650 2562 3710 ἀυοίῖθείηι
2619 3658 2828 3708 tantum
2889 3653 3132 3719 thronos,
3184 3669 3348 3726 super
3393 3670 3530 3726 quos

261 3745 419 3809 dicit,
444 3743 564 3800 Filii
596 3746 845 3810 hominis,
876 3759 940 3800 ac
977 3747 1020 3801 si
1061 3747 1139 3802 eis
1179 3747 1410 3802 diceret:
1434 3748 1499 3802 Et
1536 3749 1837 3804 claritatem
1942 3740 2224 3795 dIIOdecim
2263 3749 2492 3797 testatur
2532 3758 2781 3800 sessuros
2817 3747 2872 3800 in
2898 3746 3105 3815 judicio
3145 3748 3418 3817 apostolos
3451 3750 3536 3804 di-

263 3854 515 3910 superna:
564 3840 746 3911 gratim
801 3839 1065 3911 aspicitis,
1125 3848 1304 3895 tamen
1350 3857 1618 3898 memores
1668 3850 1840 3897 estote
1941 3830 2379 3887 cens:Sedebitis
2406 3851 2562 3903 super
2580 3835 2726 3889 sedes
2745 3835 3045 3900 duodecim,
3076 3837 3382 3906 judicantes
3407 3840 3536 3896 duo-

267 3931 396 4001 quia
420 3930 663 3986 homines
690 3932 839 3997 εειῑε,
870 3941 926 3988 ει
956 3932 1024 3987 de
1053 3931 1345 4003 propagine
1381 3933 1613 3987 hominis
1652 3948 1839 4003 pecca-
1941 3923 2108 3976 decim
2132 3923 2296 3978 tribus
2319 3922 2490 3978 Israel
2511 3922 2727 3993 (Matth.
2771 3925 2887 3995 xix)
2910 3966 2924 3989 ,
2953 3941 3121 3996 quare
3145 3943 3276 3999 ergo
3297 3927 3536 3986 Joannes

263 4025 400 4079 toris
436 4024 809 4090 descendistis,
861 4025 1091 4094 ideoque
1135 4040 1200 4079 ex
1246 4025 1481 4079 humana
1530 4025 1840 4080 infirmitate

1953 4015 2132 4085 viginti
2167 4023 2402 4084 quatuor
2430 4015 2854 4070 commemorat?
2880 4015 3144 4072 Nimirum
3184 4027 3408 4089 propter
3437 4036 3533 4092 ge-

262 4117 426 4174 rubra
458 4125 601 4171 terra
631 4117 784 4172 estis.
822 4115 891 4169 Et
928 4117 1023 4170 iris
1055 4125 1167 4170 erat
1194 4117 1249 4169 in
1283 4116 1505 4170 circuitu
1531 4115 1668 4170 sedis
1696 4116 1842 4170 simi-
1943 4109 2148 4164 minum
2180 4107 2579 4164 Testamentum
2606 4147 2621 4174 ,
2647 4107 2816 4164 Vetus
2843 4109 3052 4166 scilicet
3088 4118 3144 4166 et
3177 4110 3408 4166 Novum.
3439 4112 3536 4168 Di-'

264 4209 330 4263 lis
360 4209 544 4262 visioni
568 4206 1087 4285 smaragdinceflpoc
1103 4207 1520 4272 Grazce,Latine
1538 4208 1735 4264 dicitur
1756 4225 1844 4264 ar—
1944 4208 2140 4256 cuntur
2171 4201 2352 4270 itaque
2381 4201 2661 4256 duodecim
2691 4209 2910 4271 propter
2941 4203 3260 4273 dignitatem
3287 4207 3540 4276 apostoli-

266 4317 383 4356 cus.
410 4299 582 4353 Arcus
610 4307 790 4354 autem
821 4299 875 4353 in
905 4299 992 4354 die
1015 4299 1208 4368 pluvia:
1234 4310 1409 4370 paret,
1444 4308 1498 4354 et
1523 4307 1604 4354 est
1631 4299 1841 4370 signum
1946 4308 2088 4348 cam.
2139 4293 2406 4348 Dicuntur
2445 4303 2499 4348 et
2551 4293 2744 4378 viginti
2797 4301 3051 4364 quatuor‘
3076 4305 3298 4367 propter
3348 4297 3540 4354 Patres

265 4391 685 4463 propitiationis,
735 4391 946 4446 dicente
997 4392 1226 4447 Domino
1277 4402 1516 4462 tempore
1561 4393 1746 4449 diluvii
1777 4393 1842 4448 ad
1943 4383 2223 4452 utriusque
2250 4383 2602 4451 Testamenti.
2643 4385 2734 4455 qui
2762 4399 2886 4440 cum
2912 4385 3139 4442 Domino
3174 4388 3387 4443 venturi
3415 4397 3543 4444 sunt

266 4485 380 4540 Noe
412 4505 423 4539 ;
456 4483 661 4538 Pomm
689 4501 868 4538 unum
897 4501 1069 4540 meum
1095 4486 1150 4538 ίη
1179 4486 1420 4551 nubibus,
1461 4497 1508 4540 ει
1533 4487 1844 4540 recordabar
1947 4476 2016 4530 ad
2054 4475 2338 4544 judicium.
2389 4476 2522 4531 Nam
2566 4485 2621 4532 et
2663 4479 2715 4531 in
2756 4478 3035 4533 duodecim
3082 4479 3330 4535 tribubus
3375 4480 3542 4537 Israel

267 4578 476 4646 [ωάειιίδ
515 4578 616 4631 mei
648 4575 800 4648 (Gen,
831 4576 930 4648 ιχ),
959 4577 1097 4644 Quid
1123 4577 1308 4648 itaque
1337 4593 1434 4648 per
1459 4592 1645 4633 arcum
1679 4579 1839 4632 debe-
1871 4621 1922 4681 Β
1949 4585 2137 4624 omnes
2175 4579 2363 4641 gentes
2409 4571 2800 4642 intelliguntur.
2855 4571 2910 4624 ln
2956 4571 3238 4626 duodecim
3277 4572 3542 4643 apostolis

269 4686 389 4724 inus
439 4670 769 4740 intelligere,
829 4670 931 4724 nisi
977 4670 1262 4725 Dominum
1309 4668 1491 4724 Jesum
1531 4664 1919 4723 Christum?"
1955 4680 2144 4720 omnes
2171 4665 2416 4735 perfecti,
2443 4665 2534 4733 qui
2564 4666 2871 4734 exemplum
2909 4664 3276 4734 apostolorum
3319 4666 3374 4720 in
3415 4679 3545 4734 prai-

269 4761 422 4826 Quod
455 4769 603 4814 certe
641 4759 686 4814 si
715 4759 940 4814 solerter
974 4760 1276 4829 inspicitur,
1306 4757 1530 4814 effectus
1557 4759 1726 4828 ipsius
1749 4758 1848 4813 iris
1957 4757 2094 4811 senti
2121 4757 2230 4809 vita
2267 4763 2394 4809 sunt
2421 4755 2614 4818 secuti,
2647 4755 2787 4808 sicut
2821 4756 2874 4808 in
2906 4755 3068 4810 Petro
3097 4753 3278 4810 caueri
3312 4755 3541 4823 apostoli

271 4853 511 4905 indicare
537 4850 767 4904 videtur.
798 4849 930 4904 Nam
961 4851 1260 4921 ingreditur
1299 4850 1481 4904 radius
1518 4849 1650 4905 solis
1670 4849 1724 4903 in
1751 4864 1848 4903 nu—
1956 4855 2010 4901 et
2056 4847 2441 4916 praedicatores
2485 4853 2809 4914 acceperunt
2845 4845 3026 4900 claves
3069 4846 3220 4915 regni
3256 4845 3538 4901 calorum.

270 4944 394 4996 boni
444 4941 801 5005 imbriferam,
834 4949 889 4995 et
925 4940 1006 4995 sic
1053 4939 1318 4996 formatus
1349 4951 1432 4997 est
1471 4956 1647 5005 arcus,
1705 4940 1848 5010 quod
1957 4941 2052 4995 Est
2079 4955 2294 5009 quoque
2318 4955 2454 4992 unus
2485 4939 2734 5002 thronus,
2757 4938 2897 4991 sicut
2923 4953 3084 5006 supra
3112 4937 3359 5008 legimus,
3388 4939 3439 4992 id
3459 4946 3544 4994 est

273 5034 460 5102 utique
488 5032 643 5090 valde
669 5033 886 5087 Christo
912 5033 1181 5102 congruit.
1219 5033 1334 5102 Ipse
1363 5041 1448 5088 est
1471 5033 1615 5087 enim
1641 5029 1721 5086 sol
1754 5045 1852 5101 per
1958 5048 2061 5086 una
2086 5033 2373 5102 judiciaria
2395 5027 2665 5100 potestas:
2692 5038 2819 5085 sunt
2848 5037 2902 5083 et
2923 5029 3111 5098 viginti
3138 5039 3388 5099 quatuor,
3417 5045 3543 5100 pro-

273 5127 638 5190 divinitatem,
670 5125 737 5181 de
768 5141 876 5196 quo
903 5127 1164 5196 scriptum
1189 5135 1309 5180 est:
1341 5125 1505 5181 Vobis
1540 5123 1854 5179 timentibus
1955 5134 2075 5195 pter
2097 5140 2379 5179 numerum
2402 5125 2809 5194 prophetarum,
2846 5131 2902 5178 et
2927 5123 3290 5194 apostolorum
3313 5134 3539 5178 caetero—

273 5233 472 5274 nomen
512 5233 690 5272 meum
740 5219 947 5273 orietur
973 5218 1053 5273 sol
1078 5216 1322 5287 justitiae.
1349 5215 1556 5270 Radius
1578 5215 1733 5270 istius
1761 5229 1852 5270 so-
1958 5233 2186 5287 rumque
2226 5215 2481 5270 fidelium.
2506 5216 2609 5286 Ipsi
2637 5217 2831 5286 quippe
2861 5224 3022 5271 erunt
3043 5215 3197 5270 sedes
3229 5216 3283 5269 in
3313 5231 3542 5285 quorum

275 5311 364 5376 lis,
395 5312 450 5366 id
475 5320 558 5367 est
585 5309 806 5366 claritas
841 5311 976 5366 lucis
1006 5321 1224 5366 internae
1253 5311 1497 5381 ingressa
1521 5317 1606 5363 est
1631 5309 1852 5373 nubem,
1959 5310 2215 5364 cordibus
2242 5309 2386 5363 Deus
2415 5309 2642 5373 sedebit,
2670 5309 2769 5378 ipsi
2793 5315 2846 5363 et
2871 5309 3154 5375 sedebunt,
3176 5307 3302 5378 quia
3328 5317 3382 5362 et
3411 5307 3545 5362 alios

275 5404 494 5474 quando
534 5404 588 5458 in
639 5413 795 5459 utero
842 5405 1068 5474 virginis
1112 5404 1322 5474 accepit
1364 5415 1607 5457 carnem.
1640 5399 1718 5454 De
1752 5400 1858 5455 hac
1954 5401 2291 5472 judicahunt.
2327 5400 2482 5457 Unde
2512 5400 2871 5455 ctPsalmista
2909 5419 2922 5454 :
2965 5400 3086 5454 Illic
3122 5399 3364 5454 sederunt
3398 5398 3544 5452 sedes

276 5498 476 5570 quippe
521 5499 663 5553 nube
706 5511 804 5566 per
829 5497 1146 5566 prophetam
1172 5496 1410 5551 dicitur:
1445 5491 1582 5547 Ecce
1602 5490 1858 5546 Dominus
1961 5495 2016 5549 in
2053 5494 2258 5564 judicio
2301 5491 2471 5562 (Psal.
2502 5491 2670 5570 ωωιι)ἶ
2704 5493 2780 5547 De
2806 5492 3002 5562 quibus
3030 5491 3206 5545 adhuc
3249 5489 3540 5545 subditur:

277 5591 513 5644 ascendit
538 5607 696 5660 super
721 5589 908 5644 nubem
948 5587 1108 5643 levem
1139 5597 1188 5641 et
1217 5585 1540 5658 ingredietur
1567 5581 1859 5653 Egyptum
1963 5585 2354 5641 Circumamicti
2380 5585 2686 5638 vestimentis
2721 5582 2873 5638 albis.
2913 5583 3025 5638 Hoc
3056 5585 3197 5637 enim
3241 5597 3345 5636 non
3374 5577 3545 5634 solum

279 5682 417 5755 (lsa.
444 5683 580 5755 xix).
607 5684 738 5751 Quae
782 5683 971 5744 nubes,
1017 5681 1069 5735 id
1111 5689 1212 5745 est,
1245 5693 1373 5735 caro
1420 5677 1656 5741 Domini,
1712 5681 1858 5729 recte
1963 5679 2030 5733 ad
2065 5677 2334 5746 apostolos
2363 5677 2631 5747 pertinet,
2672 5677 2764 5730 sed
2792 5683 2844 5730 et
2868 5676 3194 5748 generaliter
3253 5675 3318 5727 ad
3357 5685 3548 5728 omnes

279 5777 560 5832 imbrifera
592 5763 819 5842 dicitur,
852 5781 1070 5845 propter
1095 5772 1493 5845 multitudinem
1527 5768 1734 5824 scilicet
1763 5766 1860 5821 do-
1960 5768 2050 5836 qui
2104 5767 2424 5822 vestimenta
2469 5767 2806 5834 baptismatis
2856 5766 3106 5821 inviolata
3152 5781 3180 5819 a
3231 5763 3548 5834 capitalibus

279 5870 600 5926 ctrinarum.
633 5869 726 5924 Est
755 5836 932 5923 autem
952 5836 1140 5921 prcus
1187 5836 1398 5936 signum
1433 5859 1854 5935 propitiationis,
1960 5859 2278 5914 criminibus
2301 5858 2628 5913 custodiunt.
2674 5857 2934 5921 Baptizati
2959 5859 3100 5913 enim
3127 5856 3400 5914 Christum
3424 5859 3548 5909 sunt
