3974 6452
521 445 657 501 1007

980 447 1332 506 HAYMONIS
1365 447 1840 504 HALBERSTAT.
1882 443 2099 503 EPISC.
2139 445 2290 503 OPP.
2320 444 2513 502 PARS
2551 443 2592 501 Ι.
2629 476 2700 488 —-
2732 445 3086 504 COMMENT.
3128 449 3299 506 BlBL.

3657 453 3800 514 1008

510 564 702 629 induti,
728 563 880 636 juxta
909 566 1035 622 illud
1065 567 1337 638 Apostoli:
1372 569 1633 640 Quotquot
1665 569 1911 639 baptizati
1936 567 2080 631 estis,
2107 569 2164 628 Α
2187 563 2490 632 voluerint,
2526 565 2794 634 accipiant
2834 581 3027 620 manus
3054 567 3430 638 episcoporum
3475 565 3800 637 impositio—

511 656 775 712 Christum
801 660 1264 732 induistis'(Galat.
1308 663 1412 735 ιιι).
1440 663 1652 734 Ipsique
1695 664 1895 718 habent
1922 661 2083 718 vesti-

509 757 694 805 menta
722 750 862 816 alba,
895 751 938 806 si
978 752 1232 808 inviolata
1265 765 1482 809 servant
1522 757 1861 826 baptismatis
1902 773 2082 812 sacra-

507 849 706 896 menta.
754 840 824 895 Et
866 842 921 896 in
961 845 1212 914 capitibus
1255 862 1433 900 eorum
1475 863 1682 901 corona:
1725 864 1916 902 aurete.
1961 847 2082 904 Vidi

505 927 781 984 subaudis.
827 927 961 997 Quia
1005 932 1238 989 victores
1271 935 1541 1004 accipiunt
1582 951 1836 992 coronam
1865 938 2081 1007 quando

505 1019 838 1091 triumphant
870 1022 936 1078 de
977 1023 1241 1090 hostibus,
1281 1042 1389 1081 non
1435 1026 1702 1082 immerito
1731 1043 1828 1097 per
1852 1043 2080 1084 coronas

504 1117 816 1165 sanctorum
868 1126 1092 1182 regnum
1136 1121 1192 1167 et
1237 1117 1598 1170 remuneratio
1629 1115 1944 1186 intelligitur
1985 1133 2080 1173 eo.

501 1215 644 1263 rum,
671 1199 765 1269 qui
786 1199 854 1254 de
883 1201 1075 1256 mortis
1101 1211 1322 1257 auctore
1348 1205 1698 1274 triumphant.
1723 1205 1830 1260 Sed
1853 1207 1992 1261 sicut
2023 1207 2079 1261 in
2103 1257 2108 1262 .

501 1287 594 1343 illo
627 1289 875 1344 sedentes
898 1289 1162 1359 judicant,
1197 1293 1271 1346 ita
1301 1307 1396 1360 per
1430 1293 1579 1348 illum
1601 1295 1884 1350 victoriam
1909 1297 2080 1364 possi-

503 1382 650 1447 dent,
682 1385 775 1454 qui
806 1383 934 1439 dicit
977 1401 990 1436 ε
1034 1384 1314 1457 Con/idite,
1344 1405 1434 1456 ego
1459 1387 1558 1441 vici
1594 1389 1846 1442 mundum
1893 1388 2074 1460 (Joan.

499 1475 634 1547 XVI).
657 1475 842 1531 Potest
857 1483 911 1531 et
929 1477 1030 1531 sub
1053 1477 1159 1531 alio
1185 1477 1458 1532 intellectu
1479 1477 1668 1534 eadem
1687 1479 1925 1534 Ecclesia
1949 1479 2079 1551 ﬁgu-

497 1567 608 1621 rari
638 1567 692 1621 in
713 1567 901 1638 viginti
927 1577 1157 1637 quatuor
1197 1567 1514 1624 senioribus.
1549 1568 1774 1624 Constat
1817 1571 1959 1625 enim
1990 1571 2078 1626 hic

497 1671 754 1710 numerus
805 1673 871 1712 ex
922 1659 1134 1712 senario
1180 1669 1235 1712 et
1282 1659 1661 1728 quaternario,
1709 1660 1834 1729 quia
1886 1668 2078 1731 quater

496 1747 611 1801 seni
646 1747 833 1819 viginti
860 1755 1092 1816 quatuor
1118 1757 1263 1804 sunt.
1306 1747 1562 1804 Senarius
1594 1749 1826 1804 refertur
1850 1751 1917 1804 ad
1951 1767 2075 1822 ope-

2185 669 2330 720 nem,
2361 663 2626 724 quatenus
2647 656 2725 710 sic
2745 656 2952 726 possint
2971 658 3216 726 recipere
3237 656 3497 727 Spiritum
3528 666 3794 713 sanctum

2184 760 2342 814 quem
2365 746 2733 816 perdiderunt.

2182 847 2220 909 δ’
2253 840 2323 895 Et
2350 842 2406 895 in
2432 850 2708 913 conspectu
2737 843 2874 897 sedis
2901 851 3153 914 tanquam
3180 859 3323 896 mare
3360 842 3596 897 vitreum
3623 841 3795 897 simile

2184 931 2449 1003 crystallo.
2480 932 2626 987 Mare
2658 933 2890 1004 appellat
2914 934 3161 999 luterem,
3194 934 3421 1004 legimus
3444 934 3600 988 enim
3648 935 3791 1004 quod

2184 1022 2439 1080 Salomon
2470 1025 2660 1081 fecerit
2688 1041 2856 1091 mare,
2890 1026 2943 1080 id
2971 1033 3056 1080 est
3082 1025 3333 1081 luterem.
3358 1024 3464 1080 Per
3493 1039 3664 1080 mare
3693 1041 3788 1080 au-

2182 1124 2292 1170 tem
2333 1115 2596 1171 debemus
2633 1116 2932 1186 intelligere
2976 1117 3325 1186 baptismum,
3355 1123 3598 1170 testante
3643 1115 3787 1186 Apo-

2182 1207 2356 1273 stolo,
2388 1209 2478 1278 qui
2527 1209 2686 1264 dicit:
2723 1208 2986 1273 Quoniam
3017 1219 3191 1278 patres
3241 1208 3404 1262 nostri
3452 1224 3648 1261 omnes
3698 1210 3785 1261 sub

2180 1297 2313 1351 nube
2342 1299 2579 1366 fuerunt,
2608 1307 2656 1351 et
2698 1311 2873 1352 omnes
2913 1298 3166 1368 baptizati
3207 1309 3327 1352 sunt
3369 1298 3425 1351 in
3457 1299 3607 1352 nube
3644 1310 3692 1351 et
3735 1303 3782 1350 in

2180 1386 2388 1459 mari(l
2415 1387 2537 1443 Cor.
2578 1389 2654 1461 Χ).
2682 1389 2837 1444 Vitro
2868 1399 3047 1444 autem
3085 1397 3430 1458 comparatur
3470 1391 3633 1458 quod
3672 1406 3784 1460 per-

2179 1480 2424 1548 spicuum
2449 1489 2534 1535 est
2563 1481 2861 1547 metallum,
2899 1491 3121 1553 propter
3150 1483 3444 1553 puritatem
3475 1483 3638 1546 ﬁdei,
3671 1499 3780 1551 qua:

2179 1570 2234 1624 in
2275 1571 2542 1641 baptismo
2585 1573 3005 1640 demonstratur,
3040 1589 3162 1628 cum
3196 1573 3512 1644 baptizandi
3563 1576 3777 1629 credere

2179 1677 2238 1718 se
2262 1662 2316 1717 in
2343 1663 2510 1718 Deum
2551 1665 2768 1720 Patrem
2811 1674 2865 1720 et
2900 1665 3097 1720 Filium
3135 1673 3190 1719 et
3222 1665 3486 1736 Spiritum
3534 1676 3771 1721 sanctum

2178 1756 2468 1812 fateantur.
2495 1757 2643 1814 Mare
2669 1759 2902 1814 vitreum
2932 1760 3076 1816 intus
3099 1770 3155 1814 et
3179 1759 3313 1815 foris
3340 1761 3624 1830 splendet,
3655 1764 3769 1830 quia

494 1837 782 1902 rationem,
810 1838 933 1907 quia
983 1853 1076 1892 sex
1115 1839 1302 1893 diebus
1341 1838 1483 1893 Deus
1510 1840 1851 1908 omnipotens
1893 1842 2075 1895 omnia
2100 1918 2139 1922 _
2176 1850 2340 1904 corde
2368 1851 2607 1906 creditur
2633 1852 2700 1906 ad
2731 1850 3027 1922 justitiam,
3056 1869 3150 1908 ore
3187 1863 3367 1909 autem
3402 1854 3683 1909 confessio
3719 1855 3766 1910 tit

491 1941 655 1996 opera
701 1942 797 1982 sua
843 1927 1086 1996 perfecit,
1119 1936 1174 1982 et
1221 1936 1373 1983 sexto
1402 1929 1489 1984 die
1533 1940 1694 2001 atque
1739 1940 1888 1986 sexta
1938 1933 2071 1987 hora
2099 1918 2149 1978 Β
2177 1941 2242 1996 ad
2265 1941 2515 1996 salutem.
2546 1918 2851 1997 Notandum
2879 1918 3058 1999 autem
3080 1944 3223 2013 quod
3249 1944 3388 1999 idem
3415 1961 3580 1999 mare
3605 1946 3763 1998 simile

490 2015 763 2072 hominem
810 2017 1057 2072 redemit.
1113 2017 1505 2084 Quaternarius
1561 2036 1688 2076 vero
1735 2022 1802 2076 ad
1842 2032 2072 2092 quatuor

488 2105 657 2162 libros
704 2107 877 2162 sancti
910 2106 1189 2179 Evangelii
1227 2110 1482 2177 pertinet.
1530 2109 1665 2177 Quia
1715 2125 1845 2180 ergo
1887 2119 2070 2166 sancta

485 2194 729 2251 Ecclesia
759 2197 872 2252 sive
899 2197 954 2250 in
979 2195 1162 2252 Veteri
1185 2197 1531 2254 Testamento
1557 2200 1672 2255 sive
1700 2201 1755 2256 in
1780 2200 1950 2268 Novo,
1974 2202 2069 2257 Dei

486 2291 856 2360 operationem
899 2291 1123 2358 recolit,
1165 2300 1219 2347 et
1255 2304 1562 2362 veneratur,
1589 2304 1644 2351 et
1682 2295 1849 2352 libros
1893 2297 2069 2352 sancti

485 2381 760 2452 Evangelii
784 2383 1038 2448 custodit,
1055 2390 1110 2436 et
1131 2392 1276 2439 recte
1301 2384 1355 2439 in
1380 2386 1568 2456 viginti
1590 2397 1824 2457 quatuor
1849 2387 2070 2441 seniori-

483 2473 587 2528 bus
603 2474 1096 2543 comprehenditur,
1109 2474 1194 2529 vel
1220 2485 1367 2530 certe
1388 2488 1607 2547 propter
1628 2479 1816 2548 viginti
1839 2487 2070 2549 quatuor

483 2560 650 2618 libros
676 2562 887 2619 Veteris
929 2564 1296 2629 Testamenti,
1339 2566 1534 2635 quibus
1571 2568 1740 2622 utitur
1771 2571 2066 2625 secundum

483 2653 800 2708 canonicam
822 2653 1290 2718 auctoritatem,in
1313 2657 1506 2724 quibus
1528 2657 1732 2713 Novum
1757 2660 2069 2717 Testamen-

485 2751 619 2807 tum,
644 2752 699 2798 et
720 2758 782 2799 ea
805 2761 925 2814 quae
950 2746 1006 2801 in
1036 2762 1101 2802 eo
1124 2747 1388 2817 completa
1419 2760 1544 2805 sunt
1582 2754 1941 2821 praenuntiata
1972 2769 2064 2810 co-

482 2835 711 2905 gnoscit.
757 2835 909 2893 Unde
952 2846 1007 2894 et
1049 2840 1390 2913 Evangelista
1438 2842 1568 2898 dicit
1614 2841 1806 2911 (Marc.
1861 2844 1951 2917 xv)
1999 2846 2064 2900 de

480 2922 688 2980 duobus
716 2926 1014 2985 latronibus
1047 2932 1138 3001 qui
1183 2948 1304 2987 cum
1349 2933 1574 2988 Domino
1612 2941 1737 2988 sunt
1777 2933 2059 2990 crucifixi:

480 3015 604 3072 ideo
636 3018 740 3073 hoc
759 3019 979 3088 factum,
1007 3032 1066 3078 ut
1086 3023 1400 3094 impleretur
1426 3024 1727 3097 Scriptura,
1751 3042 1870 3097 qua:
1898 3027 2058 3084 dicit:

478 3106 548 3160 Et
578 3125 696 3162 cum
721 3111 914 3181 iniquis
939 3114 1219 3183 deputatus
1240 3127 1315 3172 est
1341 3116 1474 3190 (Isa.
1508 3118 1647 3189 Lm).

548 3199 618 3253 Et
640 3200 704 3254 de
725 3203 909 3258 throno
929 3207 1212 3275 procedunt
1229 3208 1463 3279 fulgura,
1477 3219 1526 3265 et
1547 3227 1713 3276 voces,
1730 3220 1779 3266 et
1800 3215 2053 3268 tonitrua.

477 3288 729 3346 Thronus
772 3292 868 3348 Dei
917 3294 1032 3365 ipsa
1070 3306 1153 3353 est
1196 3297 1493 3355 electorum
1538 3301 1808 3368 Ecclesia,
1841 3303 1908 3359 de
1951 3320 2057 3374 qua

473 3382 773 3449 procedunt
814 3383 1058 3454 fulgura,
1113 3389 1167 3444 id
1211 3400 1295 3446 est
1345 3393 1498 3462 signa
1542 3393 1950 3462 miraculorum,
1993 3398 2061 3454 de

474 3473 672 3541 quibus
713 3475 910 3530 dicitur
950 3496 962 3531 :
1006 3478 1306 3536 Illuxerunt
1362 3483 1578 3554 fulgura
1614 3495 1705 3539 tua
1748 3487 1858 3541 orbi
1907 3499 2059 3544 terra:

477 3564 651 3636 (Psal.
697 3569 901 3639 Lxxvi).
948 3569 1079 3636 Quae
1122 3574 1260 3628 bene
1309 3573 1607 3645 fulgoribus
1653 3589 2055 3647 comparantur,

474 3655 602 3723 quia
631 3663 838 3711 terrent
861 3666 917 3714 et
943 3659 1264 3716 illuminant.
1293 3663 1524 3733 Fulgura
1553 3666 1716 3720 etiam
1739 3681 1804 3722 ex
1827 3669 2058 3726 nubibus

474 3745 828 3815 descendunt,
855 3758 910 3806 et
927 3753 1100 3808 sancti
1122 3753 1222 3824 ipsi
1243 3765 1369 3812 sunt
1391 3756 1579 3825 nubes,
1600 3759 1690 3828 qui
1715 3761 1904 3830 pluunt
1933 3778 2055 3818 ver-

470 3837 558 3891 bis
579 3845 634 3892 et
664 3849 950 3896 coruscant
978 3843 1270 3900 miraculis.
1290 3845 1566 3918 [Emittunt
1592 3865 1804 3921 quoque
1830 3868 1989 3911 voces
2000 3864 2057 3912 et

473 3930 730 3996 tonitrua,
748 3931 800 3987 id
825 3943 908 3990 est
928 3937 1091 3992 verba
1117 3940 1514 4008 praedicationis
1541 3952 1598 3999 et
1618 3948 2053 4007 comminationis

471 4022 708 4079 dicentes
739 4042 752 4077 :
797 4025 978 4082 Omnis
1003 4030 1160 4084 arbor
1184 4049 1301 4102 qua:
1324 4050 1428 4088 non
1451 4034 1581 4104 facit
1610 4037 1840 4105 fructum
1862 4041 2052 4097 bonum

467 4117 737 4170 excidetur
770 4127 818 4171 et
849 4119 902 4173 in
922 4120 1091 4191 ignem
1111 4123 1569 4196 mittetur(Matth.
1595 4129 1732 4200 XIX).
1754 4128 1909 4188 Unde
1932 4141 2047 4188 est:

480 4204 591 4260 Vox
612 4209 829 4262 tonitrui
849 4213 926 4265 tui
948 4213 1003 4266 in
1025 4224 1139 4268 rota
1163 4214 1334 4287 (Psal.
1360 4220 1567 4292 LXXVI).
1594 4221 1662 4276 Et
1684 4224 1810 4292 quia
1830 4226 1898 4280 de
1924 4228 2050 4289 sede

465 4293 598 4351 dicit
625 4313 639 4350 :
671 4297 978 4356 Procedunt
1009 4303 1219 4376 fulgura
1250 4316 1304 4362 et
1343 4323 1505 4366 voces
1534 4320 1588 4365 et
1623 4314 1879 4383 tonitrua,
1925 4334 2045 4375 cum

465 4385 583 4441 haec
610 4403 718 4443 non
747 4390 882 4455 sedi,
921 4392 1015 4447 sed
1044 4395 1275 4451 nubibus
1299 4401 1638 4466 conveniant,
1666 4404 1836 4474 ipsam
1865 4409 2046 4464 sedem

463 4479 662 4535 nubem
687 4482 803 4536 vult
835 4484 1060 4558 intelligi
1097 4488 1161 4543 de
1188 4505 1294 4559 qua
1324 4490 1554 4556 imbres,
1583 4494 1791 4567 fulgura
1829 4509 1884 4554 et
1909 4502 2042 4557 toni-

463 4577 586 4624 trua
624 4574 940 4640 procedunt.
995 4575 1064 4629 Et
1103 4587 1293 4647 septem
1339 4580 1605 4652 lampades
1645 4588 1884 4642 ardentes
1924 4599 2044 4644 ante
2069 4621 2120 4680 Β

461 4661 729 4733 thronum,
749 4679 867 4732 qua:
892 4675 1011 4719 sunt
1029 4677 1219 4737 septem
1237 4671 1452 4738 spiritus
1472 4673 1589 4728 Dei.
1615 4675 1833 4746 Septem
1861 4688 2040 4736 autem

459 4750 685 4820 spiritus
713 4752 967 4810 dicuntur
994 4772 1116 4812 cum
1146 4750 1284 4814 unus
1311 4762 1399 4828 sit,
1424 4774 1644 4836 propter
1671 4769 2038 4837 septiformem

456 4846 711 4912 gratiam,
726 4860 846 4917 quae
858 4863 1020 4919 super
1031 4851 1312 4908 Dominum
1329 4857 1657 4926 requievisse
1675 4872 1948 4929 narratur,
1965 4867 2039 4920 di-

455 4943 610 4990 cente
630 4938 890 5007 propheta
910 4957 922 4992 :
945 4938 1243 5011 Requiescet
1265 4962 1418 5014 super
1435 4963 1553 5002 eum
1571 4952 1784 5020 spiritus
1799 4953 2032 5021 Domini,

451 5025 668 5093 spiritus
687 5028 889 5082 consilii
907 5042 952 5082 et
973 5030 1317 5102 fortitudinis,
1346 5039 1558 5105 spiritus
1593 5041 1822 5098 scientia:
1851 5056 1899 5098 et
1924 5048 2032 5116 pie-

451 5116 595 5180 tatis,
619 5125 669 5169 et
699 5116 909 5186 replebit
930 5136 1048 5174 eum
1073 5124 1286 5190 spiritus
1307 5127 1509 5182 timoris
1530 5129 1740 5186 Domini
1771 5132 1906 5204 (Isa.
1924 5135 2025 5209 χι).

450 5203 593 5259 Bene
619 5215 796 5262 autem
818 5208 1153 5280 lampadibus
1172 5227 1516 5287 comparatur
1535 5203 2024 5295 Spiritus'sanctus,

449 5293 577 5361 quia
607 5296 674 5350 ad
707 5295 801 5351 Dei
832 5312 1072 5355 amorem
1121 5314 1341 5361 sanctos
1389 5310 1672 5376 accendit,
1724 5321 1779 5367 et
1825 5293 2028 5370 lumine

449 5384 574 5438 fidei
603 5385 888 5456 illuminat,
912 5407 980 5446 ne
1000 5391 1210 5449 foveam
1238 5398 1442 5451 erroris
1466 5398 1759 5458 incurrant.
1795 5401 2028 5476 Lampas

447 5476 644 5547 quippe
657 5477 865 5547 Graece,
893 5481 1107 5540 ﬂamma
1135 5487 1334 5542 dicitur
1349 5487 1751 5562 Latine,neque
1774 5494 1900 5549 alibi
1924 5495 2027 5552 nisi

447 5574 573 5622 ante
604 5569 855 5626 thronum
876 5571 1032 5639 lucet,
1067 5577 1193 5645 quia
1222 5578 1470 5636 videlicet
1495 5579 1751 5650 Spiritum
1779 5594 2026 5640 sanctum

446 5655 646 5714 habere
697 5677 805 5717 non
852 5674 1116 5733 possunt,
1168 5668 1474 5739 quicunque
1524 5680 1677 5727 extra
1728 5673 2022 5731 Ecclesiam

446 5757 592 5813 sunt,
625 5751 763 5806 sicut
803 5755 1062 5812 haeretici.
1099 5758 1253 5814 Unde
1294 5771 1348 5814 et
1385 5762 1436 5815 in
1481 5763 1777 5819 canonibus
1805 5765 2020 5835 dicitur,

443 5848 502 5903 ut
524 5840 567 5894 si
591 5840 724 5896 tales
747 5844 937 5902 iterum
967 5849 1217 5906 Ecclesiae
1239 5851 1488 5922 conjungi
1510 5870 1605 5924 per
1636 5863 1835 5912 rectam
1865 5858 2018 5916 fidem

2172 2032 2680 2102 crystallodicitur.
2727 2033 3053 2104 (lrystallum
3110 2034 3254 2088 enim
3295 2049 3364 2088 ex
3407 2049 3552 2104 aqua
3605 2035 3761 2089 nasci-

2171 2135 2290 2191 tur,
2333 2134 2388 2180 et
2431 2125 2602 2180 multo
2653 2125 2854 2197 frigore
2883 2126 3118 2182 durescit
3163 2125 3231 2180 ad
3279 2125 3554 2194 lapidem;
3601 2126 3671 2179 ita
3713 2135 3757 2179 et

2171 2216 2344 2272 sancti
2367 2232 2468 2287 per
2487 2217 2891 2272 tribulationem
2916 2218 3196 2287 praesentis
3218 2206 3344 2272 vita:
3365 2219 3436 2272 ad
3460 2219 3750 2273 firmitatem

2170 2306 2568 2377 perducuntur.
2596 2307 2735 2362 Ante
2766 2309 3018 2362 thronum
3054 2309 3218 2379 igitur
3243 2318 3374 2364 sunt
3408 2321 3609 2380 septem
3649 2311 3746 2378 spi-

2170 2398 2312 2452 ritus
2341 2397 2459 2464 Dei,
2486 2407 2540 2453 et
2567 2413 2719 2453 mare
2763 2399 2994 2454 vitreum
3033 2399 3207 2454 simile
3241 2400 3516 2470 crystallo,
3545 2401 3654 2470 quia
3678 2401 3729 2452 in

2169 2486 2411 2542 Ecclesia
2477 2490 2844 2544 tantummodo
2897 2490 3052 2544 ardet
3107 2491 3344 2561 Spiritus
3403 2502 3623 2554 sanctus,
3675 2500 3723 2545 et

2169 2580 2449 2636 Trinitatis
2468 2582 2729 2652 baptisma
2753 2581 3027 2638 tribuitur.
3051 2583 3282 2654 ideoque
3311 2584 3455 2640 fides
3473 2585 3730 2639 electorum

2171 2673 2570 2740 manifestatur,
2591 2675 2809 2744 vitaque
2838 2675 3049 2730 illorum
3071 2676 3360 2744 conﬂatur,
3380 2687 3440 2732 et
3464 2695 3497 2732 a
3523 2679 3741 2733 sordibus

2165 2763 2417 2818 vitiorum
2457 2773 2734 2836 purgatur.
2768 2764 2840 2818 Et
2877 2767 2930 2820 in
2965 2766 3134 2821 medio
3163 2768 3298 2822 sedis
3319 2809 3336 2834 ,
3365 2779 3414 2822 et
3455 2770 3513 2822 in
3545 2770 3742 2822 circuitu

2163 2854 2301 2908 sedis
2347 2863 2576 2925 quatuor
2618 2856 2902 2924 animalia,
2951 2868 3070 2913 ante
3112 2869 3162 2912 et
3207 2870 3346 2914 retro
3378 2861 3542 2931 plena
3580 2863 3738 2916 oculis.

2162 2943 2304 2999 Nulli
2347 2947 2596 3014 dubium,
2629 2949 2758 3017 quin
2804 2949 2918 3004 haec
2959 2949 3213 3005 animalia
3245 2950 3548 3007 Dominum
3582 2951 3741 3007 leam)

2163 3039 2438 3096 Christum
2488 3039 2817 3112 signiﬁcent,
2856 3050 2910 3098 et
2957 3057 3145 3100 omnes
3194 3055 3444 3112 sanctos,
3492 3048 3743 3117 praecipue

2161 3139 2390 3199 quatuor
2420 3131 2825 3204 Evangelistas,
2854 3135 2945 3204 qui
2991 3134 3045 3188 in
3077 3135 3253 3192 medio
3281 3138 3439 3192 ‘sedis
3470 3148 3531 3193 et
3573 3139 3624 3192 in
3651 3139 3740 3191 cir-

2161 3222 2306 3278 cuitu
2334 3237 2456 3279 esse
2484 3223 2758 3292 dicuntur,
2803 3227 2929 3297 quia
2973 3227 3296 3297 incipientes
3343 3230 3415 3284 ab
3461 3229 3741 3286 Jerusalem

2161 3313 2504 3382 praedicando
2531 3326 2893 3385 pervenerunt
2921 3333 3091 3388 usque
3119 3319 3186 3373 ad
3220 3319 3359 3376 ﬁnes
3386 3330 3581 3378 terrae.
3611 3321 3743 3376 Jeru~

2161 3403 2328 3458 salem
2371 3406 2568 3474 quippe
2617 3407 2671 3461 in
2720 3408 2896 3463 medio
2939 3417 3023 3464 est
3070 3410 3218 3466 orbis
3267 3421 3453 3478 terra,
3488 3417 3633 3470 sicut
3664 3431 3742 3484 per

2159 3493 2477 3563 prophetam
2525 3504 2753 3552 testatur
2803 3497 3059 3555 Dominus
3112 3519 3124 3554 :
3172 3499 3239 3554 In
3294 3504 3474 3557 medio
3529 3507 3741 3576 gentia

2157 3587 2306 3655 posui
2342 3603 2477 3652 eam,
2509 3597 2557 3641 et
2599 3590 2654 3642 in
2681 3590 2903 3643 circuitu
2945 3590 3058 3660 ejus
3083 3600 3250 3646 terras
3287 3592 3519 3664 (Ezech.
3550 3598 3629 3665 v).
3658 3594 3742 3648 Per

2157 3675 2340 3730 oculos
2387 3685 2566 3732 autem
2612 3678 2948 3747 animalium,
2993 3681 3297 3736 divinarum
3343 3682 3739 3753 Scripturarum

2157 3776 2493 3824 sacramenta
2548 3770 2940 3842 significantur.
2994 3772 3156 3830 Plena
3217 3792 3348 3848 ergo
3399 3791 3539 3835 sunt
3593 3782 3740 3837 oculis

2156 3855 2430 3924 animalia,
2462 3859 2586 3929 quia
2613 3869 2744 3930 quot
2765 3871 2888 3916 sunt
2911 3863 3301 3934 scripturarum
3329 3867 3582 3939 eloquia,
3604 3873 3738 3941 quasi

2155 3956 2235 4004 tot
2263 3957 2387 4004 sunt
2407 3961 2720 4007 sanctorum
2741 3953 2972 4020 lumina,
3002 3956 3197 4024 quibus
3222 3956 3298 4011 illi
3328 3960 3501 4014 corda
3534 3978 3736 4016 suorum

2152 4041 2456 4097 illuminant
2505 4044 2832 4100 auditorum.
2872 4047 3012 4101 Ante
3041 4055 3097 4101 et
3130 4056 3276 4103 retro
3305 4050 3502 4105 oculos
3534 4054 3737 4115 habent,

2150 4133 2276 4203 quia
2307 4143 2415 4187 tam
2443 4133 2510 4188 de
2538 4134 2625 4189 his
2669 4151 2789 4205 quae
2834 4135 2978 4191 facta
3027 4143 3171 4202 sunt,
3205 4154 3370 4208 quam
3405 4141 3472 4196 de
3518 4143 3590 4197 iis
3633 4156 3738 4212 qua

2148 4222 2390 4281 facienda
2406 4233 2552 4293 sunt,
2569 4225 2878 4296 loquuntur.
2894 4227 3020 4284 Haec
3038 4230 3182 4283 enim
3199 4231 3465 4287 orationis
3482 4234 3736 4302 particula

2147 4314 2436 4384 aliquando
2449 4331 2547 4386 pro
2560 4318 2832 4388 praeterito
2844 4319 3079 4388 ponitur,
3095 4330 3158 4375 ut
3171 4330 3257 4376 est
3271 4321 3401 4376 illud
3418 4341 3432 4375 :
3452 4324 3737 4394 Antequam

2146 4404 2412 4460 Abraham
2431 4406 2579 4475 fieret
2596 4448 2612 4473 ,
2639 4424 2730 4479 ego
2757 4426 2874 4463 sum
2903 4409 3089 4484 (Joan.
3114 4412 3254 4483 vui).
3283 4412 3602 4484 Aliquando
3622 4433 3736 4471 vero

2145 4509 2244 4564 pro
2268 4494 2482 4562 futuro,
2511 4505 2573 4551 ut
2608 4507 2692 4553 est
2730 4498 2859 4554 illud
2893 4501 3137 4571 Apostoli
3168 4520 3184 4555 :
3215 4500 3390 4557 Unum
3426 4509 3575 4574 quod
3616 4518 3734 4561 retro

2145 4594 2218 4639 est
2249 4585 2580 4653 obliviscens,
2615 4591 2672 4644 in
2701 4600 2822 4645 ante
2848 4608 2929 4646 me
2959 4596 3176 4649 extendo
3211 4593 3436 4669 (Philip.
3465 4601 3581 4672 in).
3610 4603 3732 4654 Ante

2150 4679 2330 4748 itaque
2358 4688 2412 4733 et
2440 4690 2586 4736 retro
2615 4683 2868 4738 animalia
2896 4685 3055 4756 plena
3084 4699 3208 4743 sunt
3234 4689 3431 4756 oculis,
3463 4695 3598 4761 quia
3628 4709 3732 4760 pcr-

2147 4768 2285 4826 fecte
2315 4770 2527 4827 Veteris
2553 4789 2616 4828 ac
2651 4773 2782 4828 Novi
2815 4775 3144 4834 Testamenti
3173 4782 3424 4836 universa
3459 4784 3730 4838 continent

2144 4871 2500 4928 sacramenta,
2532 4878 2651 4932 quae
2685 4865 2894 4921 scilicet
2925 4869 3296 4940 principaliter
3334 4873 3500 4926 trium
3533 4885 3725 4944 tempo-

2143 4969 2262 5008 rum
2287 4968 2480 5009 causas
2513 4964 2791 5020 enarrant.
2825 4958 2877 5012 id
2907 4969 2990 5014 cst
3015 4961 3304 5031 praeteriti,
3351 4969 3645 5033 praesentis
3683 4975 3730 5018 et

2139 5039 2324 5096 futuri.
2357 5041 2423 5096 Et
2447 5043 2551 5096 alia
2583 5043 2798 5113 quidem
2820 5049 3102 5116 praedicta,
3135 5051 3238 5105 alia
3271 5060 3453 5106 autem
3483 5053 3609 5123 jam
3639 5056 3730 5108 iui~

2137 5134 2298 5205 pleta,
2326 5134 2429 5190 alia
2464 5149 2594 5190 vero
2631 5137 2806 5193 adhuc
2840 5139 3112 5211 implenda
3150 5145 3500 5214 pronuntiant
3538 5167 3551 5200 :
3592 5163 3725 5217 prato

2138 5227 2281 5282 dicta
2315 5227 2521 5282 scilicet
2553 5230 2809 5300 mysteria
2834 5231 3126 5290 Dominica:
3163 5236 3556 5293 incarnationis
3578 5280 3593 5302 ,
3627 5240 3725 5292 im-

2136 5316 2334 5385 pletam
2371 5316 2484 5385 jam
2532 5316 2771 5386 ejusdem
2801 5319 3179 5394 Redemptoris
3218 5327 3387 5381 nostri
3418 5327 3724 5397 dispositio-

2138 5422 2280 5473 nem,
2315 5409 2640 5479 implendam
2666 5426 2796 5468 vero
2818 5413 3090 5484 justorum
3120 5427 3280 5488 atque
3318 5419 3615 5488 impiorum
3646 5434 3722 5474 sc-

2137 5500 2496 5568 parationem.
2535 5499 2879 5560 Concordant
2911 5517 3093 5564 autem
3133 5509 3231 5564 sibi
3269 5510 3356 5564 isti
3383 5510 3561 5575 oculi,
3597 5511 3720 5581 quia

2135 5592 2277 5660 quod
2303 5590 2445 5646 lucet
2472 5593 2524 5647 in
2541 5593 2723 5650 Veteri
2755 5596 3117 5667 Testamento,
3144 5602 3243 5656 hoc
3272 5601 3436 5673 fulget
3463 5603 3515 5656 in
3545 5601 3717 5657 Nom.

2134 5679 2229 5735 Vel
2255 5689 2403 5736 certe
2423 5682 2676 5739 animalia
2699 5695 2825 5743 ante
2852 5697 2907 5742 et
2944 5698 3090 5746 retro
3118 5692 3300 5749 oculos
3341 5692 3564 5761 habent,
3594 5693 3717 5763 quia

2130 5784 2320 5826 omnes
2363 5772 2520 5828 electi
2562 5777 2970 5854 redemptorem
3003 5797 3158 5838 suum
3205 5793 3260 5838 et
3303 5783 3609 5853 iudicatum
3663 5786 3714 5838 in

2127 5863 2302 5933 primo
2349 5865 2669 5925 humilitatis
2712 5887 2820 5927 suae
2864 5873 3115 5944 adventu,
3159 5886 3212 5934 et
3249 5878 3615 5950 judicaturum
3657 5877 3710 5933 in
