3974 6442
280 515 417 573 1009

1191 512 1551 572 EXPOSITIO
1587 512 1651 569 IN
1691 510 2185 570 APOCALYPSIN.
2222 544 2293 558 --
2330 516 2458 574 LIB.
2498 517 2563 574 ll.

3375 521 3513 577 1010

278 630 514 686 secundo
559 629 892 685 celsitudinis
936 643 1045 685 sua:
1101 642 1314 699 semper
1362 628 1664 683 attendunt.
1708 624 1843 681 Cum
1867 626 2063 689 Acem
2095 628 2267 695 patris
2304 619 2601 695 excitatur,
2652 629 2727 683 ita
2774 636 2829 684 et
2877 612 3125 686 Christus
3162 643 3296 686 voce
3338 627 3515 685 Patris

274 721 438 777 etiam
479 719 705 792 quilibet
738 720 899 777 electi
922 712 1104 776 verbis
1138 718 1604 789 Evangelistarum
1645 716 1870 783 edocti,.

274 812 547 882 praeterita
566 820 788 884 peccata
816 810 1116 869 recolentes
1136 807 1353 875 deﬂent,
1374 816 1431 863 et
1449 822 1570 878 quae
1589 805 1845 876 subsequi

270 912 516 974 possunt,
545 902 774 960 sollicite
802 909 1130 974 praeeavent,
1161 908 1287 957 ante
1309 908 1364 956 et
1403 907 1550 954 retro
1590 896 1844 953 animalia

269 998 455 1054 oculos
498 998 718 1054 habent.
768 996 930 1053 Multa
963 997 1093 1053 hinc
1121 995 1226 1053 dici
1269 999 1511 1066 possunt,
1551 1008 1673 1065 quae
1715 991 1842 1048 bre-

269 1090 424 1146 vitati
452 1090 729 1147 studentes
755 1090 1075 1145 omittimus.
1806 1071 1819 1082 ’

339 1181 410 1236 Et
440 1180 640 1236 animal
670 1181 895 1252 primum
928 1177 1099 1233 simile
1133 1177 1292 1243 leoni,
1332 1184 1382 1231 et
1417 1176 1701 1232 secundum
1728 1177 1844 1232 ani-

269 1272 377 1329 mal
404 1271 572 1327 simile
612 1270 796 1337 vitulo,
846 1279 897 1325 et
937 1270 1147 1325 tertium
1190 1265 1389 1322 animal
1422 1266 1616 1321 habens
1655 1267 1845 1337 [aciem

267 1363 418 1432 quasi
444 1361 689 1425 hominis,
717 1368 766 1414 et
804 1370 1051 1431 quartum
1095 1356 1295 1412 animal
1339 1354 1507 1411 simile
1544 1353 1737 1426 aquila:
1755 1371 1845 1409 co-

268 1454 417 1508 lanti.
454 1451 645 1507 Mirum
691 1450 848 1506 valde
885 1458 971 1507 est
1016 1464 1185 1520 quare
1236 1445 1473 1504 Joannes
1510 1445 1617 1501 alio
1653 1446 1844 1503 ordine

266 1545 383 1600 haec
421 1542 673 1598 animalia
699 1542 916 1598 ordinat
946 1554 1107 1611 quam
1146 1538 1419 1603 Ezechiel,
1471 1536 1708 1605 primum
1745 1551 1843 1606 po-

264 1651 401 1691 nens
430 1634 661 1700 leonem,
707 1649 831 1689 cum
862 1631 951 1688 ille
986 1631 1224 1702 primum
1268 1628 1462 1685 faciem
1492 1626 1842 1697 hominispo—

263 1725 449 1781 suerit.
496 1725 577 1780 Ad
615 1723 760 1794 quod
789 1722 1074 1779 dicendum
1120 1728 1222 1787 est,
1253 1720 1377 1790 quia
1416 1718 1697 1790 prophetia
1733 1731 1840 1773 non

262 1825 444 1872 servat
472 1815 719 1872 ordinem
751 1815 994 1870 historia:
1026 1828 1040 1867 :
1080 1814 1223 1883 quod
1254 1814 1297 1868 si
1338 1811 1693 1880 faceret,jam
1733 1826 1840 1866 non

1941 717 2209 773 excitatus
2232 726 2317 774 est
2334 720 2488 791 juxta
2507 720 2636 776 illud
2655 719 2853 777 Psalmi
2887 737 2902 775 :
2938 718 3177 792 Exsurge
3205 720 3376 794 gloria
3396 738 3516 778 mea

1945 810 2117 883 (Psal.
2137 812 2271 885 LVI),
2299 820 2405 869 etc.
2448 812 2585 881 Quia
2620 829 2751 886 ergo
2781 813 2908 872 inde
2952 815 3192 872 creditur
3219 817 3361 873 unde
3388 833 3513 874 sur-

1943 902 2100 965 rexit,
2148 902 2289 958 bene
2329 901 2565 959 Joannes
2607 887 2843 975 primum
2890 904 3102 963 leonem
3143 907 3339 978 posuit.
3398 906 3518 963 Pri-

1941 1008 2061 1048 mus
2081 993 2262 1063 itaque
2281 1002 2368 1050 est
2391 994 2445 1049 in
2465 996 2657 1050 ordine
2678 997 2841 1052 homo
2865 984 2921 1053 et
2944 998 3166 1065 vitulus,
3192 998 3287 1055 sed
3308 998 3518 1070 primus

1941 1082 1997 1138 in
2019 1084 2217 1140 virtute
2242 1085 2346 1142 leo.
2386 1084 2497 1143 Leo
2532 1086 2730 1158 quippe
2754 1104 2851 1143 rex
2886 1097 2971 1144 est
2997 1090 3316 1157 bestiarum,
3355 1098 3518 1160 atque

1942 1174 2063 1231 ideo
2086 1193 2194 1233 non
2229 1177 2500 1234 immerito
2522 1192 2620 1249 per
2643 1194 2764 1234 eum
2795 1178 3007 1237 Marcus
3040 1181 3380 1253 intelligitur.
3416 1180 3515 1237 Se-

1942 1268 2176 1322 cundum
2219 1269 2369 1338 ponit
2406 1268 2635 1324 vitulum
2670 1269 2761 1340 qui
2808 1270 3025 1340 utique,
3070 1280 3130 1325 ut
3175 1271 3377 1326 dictum
3411 1277 3517 1338 est,

1939 1356 2142 1413 Lucam
2189 1356 2495 1429 signiﬁcat,
2546 1362 2672 1431 quia
2714 1362 2914 1419 vitulus
2954 1363 3129 1419 hostia
3175 1365 3518 1422 sacerdotum

1939 1457 2076 1514 erat,
2106 1457 2162 1504 et
2191 1450 2244 1504 in
2278 1450 2474 1521 templo
2502 1449 2861 1520 oﬂ'erebatur,
2889 1462 2945 1508 et
2973 1453 3087 1524 ipse
3115 1454 3171 1509 in
3196 1470 3294 1510 sua
3327 1471 3519 1512 narra-

1942 1538 2085 1593 tione
2116 1540 2351 1595 maxime
2380 1541 2526 1595 cirea
2551 1540 2808 1610 templum
2836 1550 3105 1597 versatur.
3153 1542 3396 1599 Tertium
3419 1544 3521 1601 ho-

1939 1627 2164 1694 minem,
2197 1629 2251 1684 id
2289 1637 2375 1685 est
2421 1629 2758 1696 Matthaeum,
2794 1632 2885 1702 qui
2924 1633 3276 1705 temporalem
3318 1635 3521 1692 Christi

1945 1718 2206 1775 describit
2261 1722 2621 1776 nativitatem.
2685 1721 2943 1791 Quartum
3000 1725 3271 1795 aquilam,
3336 1727 3390 1783 id
3437 1737 3523 1785 est

1937 1807 2221 1875 Joannem,
2279 1812 2372 1880 qui
2409 1812 2466 1867 in
2518 1814 2877 1871 reverberatis
2919 1816 3092 1873 oculis
3133 1820 3522 1876 transcendens

260 1907 567 1977 prophetia,
609 1905 704 1961 sed
747 1905 975 1961 historia
1014 1912 1177 1960 esset.
1205 1903 1359 1972 Quod
1396 1919 1463 1958 ex
1508 1903 1662 1959 libris
1709 1918 1839 1973 pro—
1860 1976 1889 1977 ί
1938 1916 2155 1957 omnem
2180 1901 2518 1958 altitudinem
2549 1904 2671 1960 coeli
2695 1945 2710 1971 ,
2740 1914 2796 1960 et
2825 1906 2968 1976 ipsos
3008 1907 3173 1962 etiam
3197 1908 3393 1964 choros
3424 1924 3520 1964 an-

260 1976 541 2066 phetarum
582 1996 835 2052 facillime
881 1994 1245 2066 cognoscitur,
1292 2009 1323 2049 e
1348 1994 1544 2063 quibus
1580 2002 1639 2048 ut
1664 2009 1830 2048 unum
1859 1976 1907 2037 Β
1933 1990 2195 2063 gelorum,
2227 1992 2562 2049 divinitatem
2602 1993 2727 2049 Filii
2753 1995 2848 2051 Dei
2880 1996 3138 2065 intuetur,
3187 1996 3374 2054 dicens
3406 2017 3419 2053 :
3450 1997 3520 2054 In

258 2105 522 2160 ponamus
535 2104 634 2160 pro
656 2088 926 2153 omnibus,
951 2086 1383 2158 perspiciendum
1406 2093 1490 2141 est
1516 2085 1659 2157 quod
1687 2085 1829 2141 idem

255 2180 517 2252 propheta
552 2178 824 2244 Ezechiel,
854 2193 977 2234 cum
1005 2177 1251 2248 superius
1294 2176 1493 2232 dixerit
1533 2178 1600 2232 ad
1647 2190 1705 2232 se
1744 2175 1829 2231 fa-

257 2282 401 2329 ctum
438 2271 663 2328 verbum
700 2270 914 2329 Domini
937 2256 1079 2325 anno
1097 2268 1356 2340 vigesimo
1389 2267 1831 2339 sexto,deinceps

256 2364 479 2435 loquens
506 2369 693 2417 contra
716 2359 1055 2416 Pharaonem
1090 2374 1273 2431 regem
1300 2357 1523 2430 Egypti
1546 2357 1831 2413 undecimo

256 2468 396 2509 anno
414 2451 656 2508 eamdem
672 2449 1011 2522 prophetiam
1031 2451 1099 2505 ad
1120 2464 1180 2504 se
1198 2448 1397 2504 factam
1420 2449 1569 2504 dicit.
1597 2447 1832 2518 Spiritus

255 2542 397 2598 enim
427 2551 645 2597 sanctus
688 2539 900 2595 locutus
936 2546 1022 2594 est
1054 2538 1332 2610 prophetis
1377 2538 1517 2593 sicut
1561 2536 1746 2600 voluit,
1776 2542 1834 2592 et

255 2633 468 2705 quando
493 2631 676 2697 voluit,
722 2631 952 2702 ideoque
975 2646 1084 2685 non
1118 2639 1201 2685 est
1228 2629 1302 2685 ibi
1340 2628 1696 2699 requirendus
1718 2643 1831 2683 ser-

256 2722 430 2778 monis
465 2721 616 2787 ordo,
652 2721 794 2777 sicut
832 2722 884 2774 in
914 2720 1055 2776 libro
1100 2719 1358 2787 Genesis,
1390 2718 1477 2775 vel
1514 2720 1744 2791 Regum,
1775 2726 1831 2774 et

254 2812 310 2868 in
343 2812 552 2868 caeteris
578 2811 840 2868 historiis.
891 2810 1134 2866 Primum
1171 2825 1302 2882 ergo
1347 2812 1597 2866 Ezechiel
1637 2810 1831 2866 faciem

255 2903 528 2969 hominis,
572 2901 625 2957 id
678 2910 761 2959 est
803 2900 1041 2957 Matthtei
1092 2903 1263 2973 ponit,
1308 2918 1532 2958 servans
1584 2902 1830 2958 ordinem

253 2994 514 3050 historias.
550 2993 651 3061 Qui
688 2994 893 3050 idcirco
918 3008 1016 3064 per
1040 2994 1315 3050 hominem
1342 2993 1681 3064 intelligitur,
1703 2994 1831 3063 quia

255 3087 643 3143 humanitatem
672 3086 794 3142 Filii
823 3087 918 3142 Dei
942 3087 1201 3142 describit
1228 3087 1280 3141 in
1306 3093 1570 3156 tempore,
1595 3085 1785 3158 dicens
1815 3103 1827 3140 :

253 3178 409 3232 Liber
433 3177 778 3249 generationis
826 3176 954 3232 Jesu
1005 3177 1216 3233 Christi.
1261 3176 1464 3233 Deinde
1500 3176 1711 3231 Marcus
1732 3190 1833 3246 per

253 3270 461 3325 leonem
503 3268 839 3340 intelligitur,
874 3271 1000 3341 quia
1031 3285 1063 3324 a
1106 3270 1344 3327 clamore
1379 3271 1615 3335 inchoat,
1661 3269 1829 3325 veluti

251 3359 336 3415 leo
354 3360 581 3417 dicens:
618 3356 732 3416 Vox
774 3360 1050 3417 clamantis
1080 3363 1137 3417 in
1177 3362 1399 3418 deserto.
1448 3360 1690 3417 Tertium
1736 3377 1832 3432 po-

252 3451 333 3507 nit
357 3450 607 3517 vitulum,
633 3452 688 3507 id
713 3462 798 3508 est
839 3453 1059 3520 Lucam,
1095 3454 1188 3527 qui
1221 3469 1252 3509 a
1297 3454 1599 3509 sacerdotio
1643 3454 1828 3525 etrapit,

252 3542 476 3599 dicens:
505 3540 633 3598 Fuit
671 3543 728 3598 in
762 3543 943 3600 diebus
972 3543 1200 3601 Herodis
1245 3546 1382 3617 regis
1424 3545 1669 3600 sacerdos
1712 3547 1831 3616 quia

250 3633 414 3699 dant;
443 3633 536 3705 qui
563 3635 723 3690 etiam
766 3638 999 3693 maxime
1023 3637 1170 3693 circa
1200 3636 1459 3709 templum
1488 3645 1757 3703 versatur,
1797 3653 1831 3692 a

252 3739 360 3794 quo
397 3732 451 3778 et
488 3723 837 3793 Evangelium
876 3742 1035 3781 suum
1076 3728 1153 3782 ita
1184 3726 1478 3782 terminat:
1515 3726 1652 3792 Quia
1681 3734 1830 3781 erant

251 3830 452 3883 semper
490 3814 545 3866 in
584 3814 770 3884 templo
811 3814 1087 3871 laudantes
1129 3826 1178 3871 et
1224 3817 1577 3872 benedicentes
1634 3816 1827 3873 Deum.

255 3904 461 3972 Quarto
504 3903 628 3960 loco
674 3906 824 3975 ponit
867 3906 1126 3977 aquilam,
1165 3923 1286 3977 qua:
1323 3907 1514 3975 utique
1566 3904 1831 3962 Joannem

256 3992 541 4065 signiﬁcat,
590 3995 738 4065 quia
767 3994 1049 4050 divinitate
1075 3995 1261 4066 cmpit,
1292 3995 1551 4065 quoniam
1583 3994 1832 4053 Christus

254 4087 408 4160 prius
445 4097 605 4142 natus
629 4096 713 4142 est
739 4097 801 4143 ut
830 4089 1011 4155 homo,
1044 4089 1234 4145 deinde
1263 4089 1609 4159 praedicavit,
1646 4099 1704 4146 et
1730 4099 1833 4147 ter-

258 4177 467 4233 ribilem
514 4193 702 4235 vocem
746 4180 926 4236 emisit
975 4188 1036 4235 ut
1077 4180 1180 4245 leo,
1230 4189 1285 4237 et
1316 4182 1397 4238 sie
1432 4196 1625 4252 passus
1663 4191 1744 4239 est
1771 4190 1832 4238 ut

255 4269 479 4336 vitulus,
509 4286 573 4326 ac
599 4271 938 4342 postmodum
968 4272 1210 4327 ascendit
1247 4271 1315 4326 ad
1348 4272 1516 4330 cmlos
1544 4282 1603 4329 ut
1628 4274 1828 4346 aquila.

255 4362 487 4432 Ideoque
511 4363 565 4418 in
593 4363 693 4419 hoe
724 4363 913 4419 ordine
934 4364 1068 4420 ordo
1090 4371 1340 4419 servatur
1372 4365 1631 4421 historize.
1661 4362 1831 4422 Joan-

257 4466 353 4507 nes
390 4466 518 4507 vero
542 4452 775 4522 primum
813 4453 968 4524 ponit
1002 4452 1247 4521 leonem,
1291 4454 1416 4524 quia
1452 4453 1832 4525 Christusjam

257 4547 495 4604 surrexit
518 4562 547 4601 a
579 4546 837 4612 mortuis,
863 4548 989 4618 quia
1017 4546 1267 4603 videlicet
1294 4563 1402 4603 non
1431 4548 1551 4604 ideo
1590 4549 1833 4605 credide-

186 4682 195 4689 .
258 4648 384 4696 runt
419 4640 473 4695 in
517 4638 792 4695 Christum
833 4640 1037 4711 populi,
1077 4640 1203 4712 quia
1245 4650 1404 4697 natus
1432 4648 1515 4697 εει
1551 4649 1613 4696 ιιι
1641 4641 1828 4711 homo,

257 4744 352 4789 aut
383 4732 510 4804 quia
537 4746 729 4803 passus
754 4738 918 4787 estut
943 4731 1169 4798 vitulus,
1200 4734 1297 4789 sed
1322 4733 1449 4804 quia
1469 4732 1769 4789 resurrexit
1794 4750 1826 4788 a

257 4824 484 4880 mortuis
509 4832 568 4878 ut
595 4823 699 4878 leo.
729 4820 864 4877 Hinc
887 4821 1088 4878 Paulus
1122 4823 1253 4880 dicit
1284 4842 1297 4878 :
1328 4823 1397 4879 Et
1430 4823 1477 4880 si
1502 4837 1826 4880 noveramus

257 4918 532 4975 Christum
570 4916 866 4972 secundum
891 4931 1128 4981 carnem,
1163 4916 1255 4972 sed
1275 4915 1390 4985 jam
1421 4932 1568 4972 nunc
1594 4931 1701 4972 non
1731 4931 1828 4972 no-

257 5013 455 5077 vimus,
488 5027 552 5067 ac
574 5012 620 5067 si
648 5010 851 5066 diceret
880 5028 894 5065 :
926 5008 1041 5065 Non
1065 5009 1179 5079 jam
1206 5010 1259 5064 in
1298 5009 1621 5065 animalibus
1649 5009 1828 5065 homi-

258 5122 380 5161 nem
409 5112 698 5169 mortuum,
728 5101 824 5158 sed
850 5102 1060 5158 leonem
1085 5101 1411 5156 attendimus
1448 5108 1571 5171 post
1596 5109 1828 5156 mortem

257 5199 312 5253 in
334 5206 593 5253 aeternum
613 5196 901 5251 victurum.
934 5193 1084 5251 Unde
1110 5194 1165 5248 in
1190 5193 1536 5265 sequentibus
1555 5193 1786 5265 legimus
1811 5212 1826 5250 :

269 5289 401 5345 Vicit
432 5288 510 5343 leo
541 5289 605 5342 de
633 5288 769 5342 tribu
803 5288 948 5343 Iuda
975 5286 1159 5360 (Apoc.
1183 5285 1261 5359 v).
1309 5286 1377 5341 Et
1417 5283 1583 5342 Jacob
1616 5286 1670 5340 in
1708 5303 1832 5358 per-

259 5397 393 5438 sona
422 5381 563 5437 illius
590 5379 829 5451 loquitur
853 5379 1005 5437 ludat
1033 5400 1047 5436 :
1077 5380 1158 5435 Ad
1196 5379 1432 5452 prwdam
1458 5420 1474 5446 ,
1504 5378 1584 5449 [ili
1607 5380 1702 5444 mi,
1744 5396 1829 5433 as-

258 5473 501 5539 eendisli,
524 5472 843 5545 requiescens
871 5473 1160 5527 accubuiin
1196 5481 1251 5527 ut
1282 5470 1360 5526 leo
1378 5513 1393 5538 ,
1423 5481 1471 5527 et
1498 5470 1650 5542 quasi
1678 5479 1830 5526 catu-

260 5564 345 5621 lus
371 5563 562 5631 lennis,
587 5563 703 5635 quis
728 5563 998 5617 suscitabit
1020 5563 1175 5618 eum?
1195 5563 1353 5636 (Gen.
1381 5563 1554 5634 nix.)
1586 5562 1721 5617 Nam
1751 5564 1830 5619 di-

260 5664 391 5713 cunt
425 5655 518 5727 qui
552 5656 620 5710 de
655 5662 845 5708 natura
892 5654 1185 5709 bestiarum
1235 5655 1525 5727 disputant,
1577 5654 1719 5724 quod
1748 5653 1832 5711 leo

262 5763 370 5805 non
386 5745 582 5813 clausis
609 5744 779 5801 oculis
801 5745 1016 5808 dormit,
1040 5753 1095 5800 et
1114 5743 1361 5802 Christus
1382 5754 1628 5801 mortuus
1655 5754 1738 5800 est
1761 5760 1832 5801 ex

263 5836 618 5904 humanitate,
648 5844 828 5892 tamen
877 5836 1116 5907 vigilavit
1145 5844 1201 5891 et
1238 5836 1586 5908 impassibilis
1633 5820 1834 5894 mansit

266 5929 565 5997 divinitate.
591 5929 874 5987 Dormiens
906 5944 1120 6011 quoque
1153 5929 1240 5985 leo
1265 5929 1529 5995 nascitur,
1559 5936 1614 5984 et
1643 5928 1708 5984 ad
1737 5944 1832 5985 vo-

1930 2084 2187 2153 principio
2207 2094 2318 2139 erat
2351 2082 2575 2139 Verbum
2596 2083 2780 2157 (Joan.
2804 2085 2867 2157 ι).
2886 2085 3010 2142 Haec
3022 2095 3253 2157 quatuor
3266 2088 3519 2144 animalia

1931 2173 2308 2244 signiﬁcabant
2337 2183 2568 2244 quatuor
2600 2174 2819 2233 ﬂumina
2845 2178 3113 2248 paradisi,
3143 2179 3209 2235 de
3233 2194 3342 2235 uno
3368 2177 3519 2235 fonte

1931 2262 2133 2320 Christi
2178 2265 2233 2319 in
2263 2264 2504 2321 Ecclesia
2552 2268 2847 2323 manantia.
2886 2266 3147 2325 Similiter
3182 2278 3237 2326 et
3282 2279 3516 2340 quatuor

1930 2357 2117 2414 circuli
2164 2374 2337 2426 arcae,
2366 2359 2563 2429 quibus
2606 2368 2856 2430 portatur
2885 2360 3149 2417 Ecclesia.
3198 2360 3520 2433 Signiﬁcant

1931 2464 2146 2521 quoque
2179 2452 2297 2507 haec
2324 2460 2560 2522 quatuor
2602 2452 2857 2508 animalia
2888 2454 3065 2524 ipsum
3103 2454 3391 2518 Dominum
3421 2454 3512 2509 Je-

1932 2556 2052 2596 sum
2089 2540 2399 2608 Christum,
2444 2544 2537 2613 qui
2579 2553 2739 2599 natus
2776 2554 2838 2600 ut
2874 2546 3067 2611 homo,
3098 2561 3292 2618 passus
3330 2553 3415 2602 est
3456 2554 3518 2602 ut

1929 2632 2150 2698 vitulus,
2179 2634 2418 2690 surrexit
2440 2644 2502 2689 ut
2530 2634 2637 2702 leo,
2669 2638 2915 2693 ascendit
2941 2653 3105 2709 super
3131 2653 3321 2697 omnes
3345 2638 3515 2695 caelos

1932 2735 1992 2782 ut
2015 2727 2216 2798 aquila.
2248 2727 2612 2799 Designantur
2637 2730 2800 2786 etiam
2834 2746 2932 2802 per
2957 2732 3075 2788 haec
3107 2732 3363 2788 animalia
3387 2747 3509 2788 om-

1932 2833 2030 2874 nes
2078 2820 2291 2886 sancti,
2338 2835 2465 2876 nam
2509 2824 2882 2895 unusquisque
2918 2824 3123 2882 electus
3172 2826 3227 2881 in
3256 2834 3520 2897 quantum

1932 2910 2328 2966 rationabiliter
2356 2914 2652 2968 secundum
2692 2914 3023 2972 voluntatem
3055 2917 3153 2973 Dei
3177 2917 3331 2987 vivit,
3353 2916 3516 2973 homo

1932 3010 2034 3067 est,
2077 3003 2205 3072 quia
2256 3003 2420 3059 homo
2466 3013 2550 3060 est
2606 3006 2870 3062 rationale
2920 3006 3142 3074 animal,
3169 3010 3223 3063 in
3253 3016 3517 3079 quantum

1933 3093 2161 3149 adversa
2193 3094 2349 3150 istius
2380 3095 2562 3151 saeculi
2598 3097 2974 3166 aequanimiter
3003 3097 3198 3154 tolerat
3233 3098 3338 3164 leo,
3375 3099 3518 3154 unde

1932 3185 2192 3255 scriptum
2219 3194 2303 3242 est
2331 3205 2345 3242 :
2378 3185 2565 3242 Justus
2585 3188 2738 3259 quasi
2767 3187 2845 3243 leo
2869 3189 3135 3259 conﬁdens
3176 3188 3369 3260 absque
3407 3199 3515 3244 ter-

1932 3295 2050 3333 rore
2087 3280 2188 3333 erit
2234 3277 2419 3352 (Prov.
2466 3280 2681 3352 xxvm).
2713 3280 2773 3336 In
2819 3290 3079 3351 quantum
3126 3296 3186 3338 se
3226 3278 3517 3337 mortiﬁcat

1935 3385 2057 3425 cum
2107 3368 2257 3425 vitiis
2296 3378 2353 3426 et
2393 3371 2844 3441 concupiscentiis
2886 3371 3105 3427 vitulus.
3156 3371 3216 3427 In
3249 3378 3513 3442 quantum

1933 3478 2032 3535 per
2053 3463 2253 3519 mentis
2281 3463 2788 3534 contemplationem
2811 3463 3052 3520 ctelestia
3080 3465 3219 3534 petit
3237 3462 3439 3534 aquila.

2005 3554 2076 3609 Et
2115 3564 2345 3627 quatuor
2374 3554 2634 3609 animalia
2658 3554 2866 3625 singula
2893 3571 3072 3610 eorum
3105 3555 3361 3610 habebant
3401 3554 3517 3610 alas

1932 3665 2106 3704 senas.
2148 3649 2263 3704 Ala:
2307 3647 2624 3704 animalium
2679 3646 2986 3720 signiﬁcant
3013 3647 3120 3703 duo
3147 3647 3517 3714 Testamenta,

1932 3738 2131 3808 quibus
2175 3737 2418 3795 Ecclesia
2453 3739 2522 3793 ad
2554 3736 2796 3794 caelestia
2824 3745 3174 3808 supportatur
3210 3756 3225 3793 :
3257 3738 3352 3794 sed
3393 3752 3519 3794 cum

1934 3827 2040 3883 duo
2052 3828 2163 3881 sint
2176 3826 2537 3888 Testamenta,
2558 3824 2798 3895 ejusdem
2813 3825 3069 3881 Ecclesia:
3082 3825 3386 3896 spirituales
3397 3827 3515 3894 ala,

1932 3924 2152 3987 propter
2186 3916 2457 3984 geminum
2491 3924 2871 3971 testamentum
2899 3957 2914 3982 ,
2951 3916 3096 3986 quod
3144 3917 3200 3972 in
3234 3916 3520 3973 duodecim

1933 4007 2180 4061 tribubus
2202 4005 2400 4072 Israel,
2430 4005 2515 4061 vel
2551 4007 2605 4061 in
2633 4005 2915 4061 duodecim
2946 4006 3202 4077 apostolis
3225 4007 3517 4073 invenitur,

1933 4099 2062 4170 ipsa:
2094 4098 2195 4153 alte
2230 4114 2328 4169 per
2357 4099 2629 4155 binarium
2658 4099 2949 4155 duodecies
2990 4099 3437 4169 multiplicantur.
3464 4108 3520 4156 et

1931 4190 2122 4262 viginti
2145 4201 2376 4262 quatuor
2395 4190 2510 4245 alas
2531 4189 2783 4246 reddunt.
2800 4188 2893 4246 Bis
2910 4189 3056 4245 enim
3073 4188 3301 4245 duodeni
3323 4188 3519 4260 viginti

1933 4293 2167 4355 quatuor
2191 4290 2334 4339 sunt.
2362 4281 2535 4338 Aliter
2553 4281 2916 4338 duodenarius
2937 4297 3194 4338 numerus
3218 4289 3430 4338 constat
3449 4295 3519 4337 ex

1932 4373 2178 4445 partibus
2197 4372 2509 4443 septenarii,
2538 4371 2591 4428 id
2616 4381 2702 4428 est
2727 4387 2794 4428 ex
2820 4373 2995 4429 tribus
3026 4381 3080 4428 et
3107 4382 3358 4444 quatuor.
3391 4371 3519 4428 Sive

1933 4464 2096 4520 etiam
2119 4464 2386 4529 dicamus,
2404 4472 2487 4518 ter
2507 4463 2778 4534 quaterni,
2801 4463 2917 4519 sive
2938 4472 3134 4535 quater
3155 4464 3293 4520 terni
3315 4464 3518 4519 duode-

1933 4555 2041 4610 cim
2057 4554 2212 4621 ﬁunt,
2229 4554 2323 4625 qui
2342 4569 2604 4610 numerus
2624 4562 2871 4610 sacratus
2891 4561 2975 4610 est
2992 4568 3218 4610 numero
3233 4554 3519 4610 duodecim

1935 4647 2323 4719 apostolorum.
2337 4645 2397 4701 ln
2408 4633 2653 4702 ternario
2668 4653 2851 4700 autem
2870 4643 3003 4702 ﬁdes
3019 4655 3221 4701 sanctae
3232 4645 3517 4701 Trinitatis

1931 4735 2268 4808 intelligitur.
2283 4735 2342 4789 In
2361 4735 2710 4805 quaternario
2729 4743 2910 4790 autem
2929 4743 3161 4805 quatuor
3184 4734 3370 4790 mundi
3390 4748 3515 4804 par-

1932 4837 2033 4883 tes.
2064 4826 2305 4881 Dueatur
2334 4841 2470 4897 ergo
2505 4825 2866 4881 duodenarius
2880 4840 2979 4896 per
2998 4825 3292 4890 hinarium,
3320 4833 3377 4880 et
3402 4822 3516 4879 elﬁ-

1931 4921 2146 4975 eiuntur
2157 4917 2345 4988 viginti
2365 4926 2421 4973 et
2439 4926 2689 4987 quatuor.
2706 4916 2824 4985 Quo
2846 4931 3070 4971 numero
3087 4931 3296 4972 summa
3311 4915 3512 4973 electo-

1932 5027 2054 5067 rum
2078 5009 2418 5081 exprimitur,
2441 5009 2635 5080 quibus
2669 5007 2832 5064 ﬁdem
2866 5016 3065 5064 sanetae
3102 5006 3386 5062 Trinitatis
3412 5022 3513 5077 per

1932 5100 2381 5174 quadripartitum
2395 5100 2580 5156 orbem
2595 5099 3030 5170 praedicantibus,
3045 5106 3188 5154 totus
3201 5098 3432 5154 mundus
3444 5097 3514 5155 ad

1939 5191 2178 5248 coelestia
2200 5189 2519 5246 sustollitur.
2534 5191 2827 5245 Possumus
2849 5198 2903 5244 et
2925 5190 3021 5245 has
3042 5190 3157 5245 alas
3176 5204 3335 5245 senas
3355 5188 3513 5245 aliter

1936 5284 2254 5356 intelligere.
2290 5284 2472 5338 Prima
2510 5282 2595 5338 ala
2636 5281 2951 5352 intelligitur
2981 5281 3064 5337 lex
3108 5281 3394 5348 naturalis,
3427 5296 3512 5337 se-

1935 5378 2110 5434 cunda
2129 5377 2217 5433 lex
2232 5375 2425 5447 Moysi,
2440 5375 2596 5431 tertia
2612 5376 2913 5445 prophetas,
2927 5381 3117 5445 quarta
3136 5373 3244 5429 Eva
3252 5372 3507 5445 ngelium,

1935 5470 2124 5541 quinta
2135 5467 2388 5539 Epistolas
2408 5467 2795 5538 apostolorum,
2821 5475 2974 5523 sexta
2999 5467 3260 5522 canonica
3282 5465 3514 5521 auctori-

1938 5568 2040 5627 tas,
2067 5560 2178 5615 sive
2201 5559 2446 5616 doctrina
2465 5557 2852 5614 eatholicorum
2879 5556 3144 5624 virorum,
3176 5556 3511 5628 Hieronymi,

1936 5650 2244 5721 Augustini,
2260 5659 2686 5719 ceterorumque
2705 5657 3014 5705 sanctorum
3031 5648 3272 5705 Patrum.
3291 5648 3388 5703 His
3407 5649 3511 5704 alis
3572 5696 3575 5697 γ

1937 5745 2174 5816 quotidie
2222 5752 2409 5802 sancta
2434 5744 2676 5800 Ecclesia
2710 5742 3027 5811 sustollitur,
3071 5753 3128 5800 et
3164 5743 3233 5799 ad
3269 5743 3511 5801 caelestia

1939 5836 2279 5892 sublevatur..
2326 5834 2499 5892 Aliter
2551 5835 2799 5893 senarius
2850 5850 3108 5892 numerus
3158 5834 3395 5907 pertinet
3440 5836 3510 5889 ad

1938 5942 2154 5987 omnem
2198 5927 2399 5985 Christi
2438 5927 2836 6001 operationem,
2868 5944 2990 6007 quae
3021 5928 3077 5986 in
3106 5943 3201 5986 sex
3229 5929 3417 5985 diebus
3450 5936 3509 5998 et
