3972 6450
456 533 594 590 i0“

929 521 1282 584 HAYMONIS
1319 515 1799 577 HALBERSTAT.
1842 512 2056 571 EPISC.
2097 510 2248 568 OPP.
2290 508 2475 567 PARS"
2507 507 2550 563 Ι.
2594 535 2665 550 --
2696 506 3052 565 COMMENT.
3093 508 3265 565 BIBL.

3620 506 3770 562 1019

451 664 546 709 sex
578 649 741 720 hujus
768 643 949 705 sectili
996 641 1246 698 aetatibus
1272 646 1490 711 peracta
1541 644 1648 701 est,
1687 634 1773 689 vel
1817 631 2027 703 peragi—
2053 631 2103 692 Α
2130 643 2461 699 quemquam,
2478 629 2568 683 sed
2580 643 2732 682 omne
2741 625 3005 696 judicium
3019 623 3160 677 dedit
3178 620 3320 678 Filio
3333 622 3523 694 (Joan.
3542 627 3635 691 ν),
3653 619 3763 677 Sed

452 754 564 800 tur.
595 741 840 812 Quatuor
877 739 1036 810 igitur
1076 735 1143 790 ad
1171 741 1413 789 nostram
1445 740 1695 786 naturam
1733 728 2026 799 pertinent,

451 846 572 906 quae
606 848 674 889 ex
698 838 933 903 quatuor
972 827 1291 884 humoribus
1323 832 1593 879 constant.
1621 820 1865 888 Quatuor
1899 830 2030 886 ergo

451 926 598 983 senis
629 925 730 981 alis
777 930 1009 999 utuntur
1052 920 1250 984 sancti,
1283 918 1410 987 quia
1438 916 1674 986 quandiu
1703 914 1756 968 in
1783 913 1885 966 hac
1919 910 2029 964 vita

446 1020 772 1079 consistunt.
817 1031 882 1072 ea
910 1020 1118 1070 tantum
1148 1016 1379 1082 possunt
1405 1004 1880 1077 comprehendere,
1910 1015 2029 1072 quae

446 1114 546 1184 per
587 1127 683 1169 sex
723 1109 883 1181 hujus
926 1114 1113 1163 aetates
1155 1104 1337 1161 szec'uli
1374 1108 1726 1171 peraguntur.
1772 1097 1909 1151 Hinc
1947 1102 2031 1149 est

450 1205 593 1275 quod
636 1190 790 1274 apud.
825 1200 1020 1257 Isaiam
1054 1196 1320 1253 cherubin
1357 1199 1519 1263 caput
1557 1199 1612 1245 et
1646 1189 1806 1260 pedes
1848 1187 2029 1242 velare

448 1294 550 1351 alis
575 1292 906 1363 referuntur,
946 1290 1075 1360 quia
1118 1286 1370 1341 videlicet
1410 1282 1579 1338 sancti
1612 1294 1785 1363 neque
1819 1292 1881 1331 ea
1911 1288 2029 1346 quae

441 1384 662 1443 fuerunt
692 1392 815 1440 ante
857 1356 1042 1436 mundi
1069 1377 1545 1437 constitutionem,
1597 1356 1770 1442 neqtie
1809 1386 1871 1425 ea
1909 1380 2029 1439 quae

442 1457 592 1548 post.
606 1475 769 1532 finem
808 1472 991 1530 saeculi
1041 1469 1217 1525 futura
1263 1475 1388 1523 sunt
1419 1478 1748 1537 cognoscere
1778 1469 2024 1533 possunt.

442 1566 508 1621 Et
533 1565 784 1621 Ezechiel
823 1562 1092 1633 adiungit,
1131 1574 1239 1615 una
1277 1556 1569 1614 similitudo
1607 1556 1845 1626 ipsorum
1890 1569 2025 1623 qua-

442 1662 584 1722 tuor,
611 1657 738 1727 quia
769 1654 1020 1711 videlicet
1058 1666 1221 1707 unam
1259 1649 1418 1705 ﬁdem
1448 1649 1647 1705 docent
1670 1646 2029 1718 quadriparti-

443 1756 556 1804 tum
605 1748 812 1803 orbem.
859 1746 928 1802 Et
971 1745 1133 1800 etiam
1181 1743 1234 1797 in
1265 1741 1559 1813 Evangelio
1596 1757 1705 1795 uno
1746 1740 2027 1793 inveniun-

442 1849 533 1897 tur
563 1848 797 1911 quatuor
815 1881 831 1905 ,
869 1839 1010 1894 sicut
1037 1837 1091 1891 in
1121 1834 1410 1891 concordia
1439 1841 1619 1887 textus
1646 1839 1830 1900 aperte
1859 1830 2028 1885 mani-

443 1932 696 1988 festatur.
741 1931 809 1985 Et
855 1932 910 1985 in
946 1930 1168 1984 circuitu
1211 1936 1257 1981 et
1300 1927 1439 1979 intus
1480 1923 1633 1994 plena
1674 1932 1793 1976 sunt
1836 1919 2019 1975 oculis.

442 2018 569 2079 llam
582 2014 869 2089 animalia,
895 2022 1037 2079 sicut
1063 2018 1429 2089 supradictum
1458 2024 1559 2079 est,
1587 2028 1775 2069 omnes
1794 2014 2024 2068 sanctos
2057 2003 2102 2064 Β

440 2120 820 2190 praedicatores
866 2116 1205 2189 signiﬁcant.
1249 2111 1342 2181 qui
1389 2110 1443 2165 in
1500 2109 1727 2164 circuitu
1774 2117 1830 2162 et
1877 2109 2024 2161 intus

440 2211 581 2282 pleni
609 2218 737 2265 sunt
765 2210 956 2273 oculis,
990 2207 1115 2278 quia
1158 2221 1252 2260 sua
1281 2201 1662 2273 praedicatione
1700 2209 1754 2255 et
1782 2214 1875 2255 eos
1913 2198 2024 2252 illu-

440 2303 651 2357 minant
685 2302 776 2372 qui
807 2302 859 2355 in
895 2299 1069 2353 medio
1098 2294 1351 2352 Ecclesiae
1375 2293 1698 2349 consistunt.
1730 2298 1786 2346 et
1810 2305 1904 2345 eos
1931 2288 2022 2357 qui

440 2392 493 2447 in
520 2391 720 2447 ﬁnibus
748 2398 907 2446 terra:
942 2392 1245 2443 morantur.
1287 2384 1381 2440 Vel
1411 2383 1466 2437 in
1510 2381 1741 2436 circuitu
1787 2388 1842 2435 et
1878 2380 2025 2435 intus

438 2484 582 2554 pleni
610 2492 736 2538 sunt
759 2482 955 2545 oculis,
984 2479 1112 2551 quia
1141 2493 1237 2549 per
1268 2477 1505 2531 litteram
1537 2472 1829 2541 simplices,
1853 2480 1905 2526 et
1931 2487 2026 2542 per

439 2574 774 2644 spiritualem
836 2569 1250 2640 intelligentiam
1311 2564 1666 2636 perfectiores
1729 2561 2023 2621 instruunt.

441 2663 605 2731 Quasi
636 2664 780 2717 enlm
824 2662 958 2718 foris
986 2661 1220 2715 habebat
1258 2656 1443 2713 oculos
1469 2654 1692 2719 Paulus,
1729 2667 1851 2707 cum
1878 2652 2026 2706 dice-

441 2756 537 2811 bat
556 2753 879 2825 quibusdam
904 2771 917 2803 :
954 2751 1077 2807 Non
1101 2752 1243 2821 potui
1270 2748 1414 2803 vobis
1442 2747 1585 2817 loqui
1603 2748 1752 2816 quasi
1773 2744 2022 2815 spiritua-

443 2845 606 2911 h'bus;
622 2844 713 2900 sed
725 2845 878 2916 quasi
898 2840 1198 2898 carnalibus
1225 2838 1277 2910 (1
1291 2836 1415 2893 Cor.
1440 2838 1546 2906 III).
1573 2836 1737 2904 Quasi
1758 2837 1901 2889 intus
1933 2835 2026 2888 ha-

440 2936 603 2993 bebat
629 2937 817 2994 oculos
841 2950 963 2992 cum
993 2932 1119 2989 alibi
1143 2930 1345 2989 diceret
1370 2949 1383 2985 :
1414 2930 1739 3001 Sapientiam
1763 2929 2029 3000 loquimur

438 3030 579 3084 inter
618 3028 873 3099 perfectos
913 3025 966 3098 (Ι
998 3024 1121 3081 Cor.
1170 3023 1251 3095 II).
1283 3023 1381 3078 Vel
1427 3022 1481 3076 in
1521 3021 1749 3076 circuitu
1788 3028 1843 3073 et
1880 3020 2025 3075 intus

438 3126 583 3196 pleni
625 3133 752 3179 sunt
793 3123 986 3189 oculis,
1035 3121 1160 3192 quia
1205 3128 1259 3175 et
1298 3119 1354 3173 in
1394 3116 1723 3188 cogitatione
1764 3122 1819 3169 et
1861 3128 2027 3185 opere

440 3218 670 3274 mundos
699 3232 759 3273 se
794 3216 1127 3279 custodiunt,
1167 3212 1302 3267 alios
1329 3210 1548 3281 quidem
1587 3207 1923 3280 perfectione
1962 3204 2026 3260 ﬁ-

439 3308 524 3363 dei
564 3316 619 3363 et
646 3306 827 3379 operis
862 3305 1175 3373 informant.
1218 3298 1371 3371 Quod
1414 3302 1703 3372 utrumque
1740 3297 2023 3355 Psaltnista

439 3400 681 3456 breviter
727 3397 1158 3469 comprehendit,
1184 3394 1368 3450 dicens
1408 3413 1419 3447 :
1456 3391 1640 3448 Omnis
1687 3391 1854 3463 gloria
1906 3391 2022 3462 ejus

436 3492 564 3561 ﬁlia:
588 3491 723 3562 regis
743 3490 806 3543 ab
837 3491 978 3544 intus
991 3489 1047 3542 in
1059 3486 1283 3557 ﬁmbriis
1307 3485 1485 3539 aureis
1515 3484 1912 3539 circnmamicta
1928 3499 2024 3535 va-

440 3584 627 3636 rietate
677 3578 850 3653 (Psal.
910 3579 1080 3649 κων).
1114 3578 1252 3645 Quia
1299 3576 1549 3631 videlicet
1594 3574 1834 3631 Ecclesia
1884 3576 2024 3630 inte-

441 3676 590 3730 riora
618 3672 800 3728 cordis
829 3672 1062 3727 sollicite
1089 3671 1144 3726 in
1175 3677 1468 3740 conspectu
1492 3668 1586 3722 Dei
1615 3667 1876 3722 mundare
1904 3675 2022 3722 stu-

438 3770 549 3834 det,
593 3776 649 3822 et
675 3766 944 3821 exteriora
981 3764 1143 3819 etiam
1179 3778 1274 3818 sua
1306 3761 1799 3832 irreprehensibilla
1845 3769 2024 3815 cuslo.

439 3860 556 3913 dire
585 3859 863 3929 probatur,
891 3865 1155 3928 quatenus
1172 3866 1268 3925 per
1293 3864 1577 3924 utramque
1602 3852 1944 3918 sententiam,
1970 3859 2025 3905 et

442 3952 564 4007 aliis
590 3950 818 4023 pulchra
845 3948 917 4005 sit
948 3948 1081 4004 foris
1106 3956 1161 4003 et
1191 3948 1337 4003 intus
1361 3946 1483 4001 sibi.
1509 3944 1606 3999 Vel
1636 3944 1687 3998 in
1718 3944 1945 3999 circuitu
1969 3949 2024 3996 et

438 4046 586 4103 intus
611 4045 753 4117 pleni
795 4050 921 4099 sunt
945 4040 1151 4106 oculis,
1186 4042 1311 4111 quia
1342 4039 1500 4094 ﬁdem
1531 4052 1691 4108 quam
1731 4035 1933 4090 habent
1967 4033 2023 4088 in

438 4138 622 4203 corde,
650 4134 786 4191 foris
814 4132 1164 4188 manifestam
1194 4147 1311 4197 ore,
1325 4131 1480 4201 juxta
1505 4129 1633 4184 illud
1666 4147 1678 4181 ε
1715 4127 1883 4181 Corde
1915 4141 2025 4180 cre-

439 4231 583 4284 ditur
609 4228 679 4283 ad
699 4227 990 4298 justitiam,
1029 4242 1116 4280 ore
1157 4234 1331 4280 autem
1374 4222 1630 4291 confessio
1669 4221 1731 4289 ﬁt
1770 4220 1837 4272 ml
1882 4216 2024 4272 salu-

438 4334 542 4379 tem
573 4322 753 4394 (Rom.
783 4321 863 4393 x).
892 4321 959 4376 Et
984 4322 1209 4394 requiem
1237 4338 1338 4375 non
1381 4318 1639 4374 habebant
1681 4318 1764 4371 die
1793 4334 1852 4370 ac
1880 4323 2026 4368 nocte

437 4412 662 4466 dicentia
685 4409 967 4477 :Sanctus,
990 4419 1450 4477 sanctus,sanctus
1474 4408 1729 4462 Dominus
1754 4406 1894 4460 Deus
1916 4418 2027 4456 om—

442 4502 710 4571 nipotens,
758 4503 851 4572 qui
891 4511 1023 4564 erat,
1048 4510 1115 4554 -ει
1164 4500 1254 4571 qui
1288 4508 1386 4563 est,
1432 4508 1479 4552 et
1518 4499 1607 4568 qui
1642 4505 1887 4551 venturus
1928 4502 2020 4548 est.

442 4588 633 4646 Omnis
660 4589 901 4646 Ecclesia
931 4606 1049 4659 quae
1092 4591 1145 4644 in
1188 4590 1274 4645 his
1315 4587 1639 4643 animalibus
1683 4586 2023 4656 designatur,

442 4684 548 4739 hoc
577 4679 707 4736 facit
736 4681 822 4736 die
843 4697 906 4735 ac
934 4690 1110 4746 nocte,
1140 4683 1263 4751 quia
1295 4689 1349 4736 et
1380 4681 1431 4735 in
1460 4679 1737 4752 prosperis
1765 4686 1820 4732 et
1850 4678 1905 4731 in
1934 4677 2026 4730 ad-

2135 726 2413 782 sciendum
2441 735 2542 793 est,
2572 726 2697 796 quia
2722 724 2849 780 licet
2878 736 3111 794 persona
3135 720 3257 777 Filii
3295 723 3353 776 in
3379 719 3605 791 judicio
3635 729 3735 775 tan

2134 826 2249 871 tum
2279 818 2551 884 videatur,
2583 826 2764 873 tamen
2791 815 2902 871 illic
2924 824 3053 871 eum
3078 813 3170 869 illo
3199 822 3364 870 erunt
3392 812 3619 884 pariter
3649 810 3751 866 Pa-

2132 918 2217 966 ter
2242 919 2298 966 et
2325 910 2560 980 Spiritus
2602 916 2825 966 sanctus
2850 909 2904 963 in
2929 908 3156 962 unitatis
3189 907 3497 971 divinitate,
3535 915 3599 960 et
3629 906 3748 975 ipsa

2132 1003 2420 1058 invisibilis
2442 1003 2722 1058 Trinitatis
2752 1010 2966 1065 natura,
2994 1016 3091 1071 per
3114 1008 3449 1071 assumptam
3470 999 3608 1054 Filii
3645 998 3748 1053 bu-

2132 1096 2447 1150 manitatem
2464 1095 2729 1164 judicabit
2752 1094 3042 1164 reprehos.

2205 1231 2273 1285 Et
2300 1248 2416 1286 cum
2448 1231 2632 1286 darent
2662 1230 2755 1284 illa
2784 1228 3039 1285 animalia
3066 1228 3293 1297 gloriam
3314 1237 3362 1281 et
3392 1227 3659 1280 honorem
3689 1235 3741 1280 et

2132 1324 2534 1379 benedictionem
2579 1324 2777 1380 sedenti
2827 1339 2983 1391 super
3011 1322 3274 1385 thronum,
3309 1319 3498 1373 viventi
3544 1318 3602 1372 in
3632 1335 3738 1373 sm-

2130 1416 2251 1471 cula
2281 1416 2616 1471 steculorum.
2676 1416 2732 1470 Ιιι
2762 1416 2867 1471 hoc
2892 1414 3012 1470 loco
3040 1412 3298 1467 animalia
3354 1427 3466 1467 non
3498 1426 3735 1482 genera-

2126 1510 2253 1568 liter
2272 1509 2636 1567 universalcm
2671 1508 2969 1564 Ecclesiam
3007 1505 3337 1578 signiﬁcant,
3363 1505 3509 1560 sicut
3536 1519 3728 1574 supra,

2127 1602 2221 1660 sed
2249 1602 2621 1657 tantummodo
2649 1608 2881 1671 quatuor
2908 1597 3286 1669 evangelistas,
3320 1595 3412 1665 qui
3444 1595 3584 1647 dant
3612 1594 3730 1663 glo-

2127 1694 2262 1750 riam
2294 1702 2346 1748 et
2371 1693 2632 1747 honorem
2655 1698 2711 1745 et
2737 1687 3163 1745 benedictionem
3193 1686 3564 1756 omnipotenti
3590 1682 3727 1749 Deo,

2127 1785 2342 1856 quando
2361 1783 2544 1838 omnia
2571 1797 2691 1852 quae
2719 1796 2749 1834 a
2780 1781 2891 1834 Deo
2917 1785 3303 1849 perceperunt,
3330 1776 3401 1830 ad
3428 1777 3615 1847 ipsum
3640 1789 3729 1829 re-

2127 1879 2329 1936 ferunt.
2358 1877 2569 1933 Dabant
2617 1874 2847 1946 gloriam
2895 1881 2952 1928 et
3004 1873 3265 1926 honorem
3297 1870 3436 1932 Deo,
3468 1884 3600 1922 cum
3644 1867 3729 1922 di-

2129 1971 2364 2034 cebant,
2424 1968 2678 2032 Sanctus,
2709 1972 2948 2028 sanctus,
2979 1971 3196 2018 sanctus
3251 1959 3521 2014 Dominus
3582 1959 3726 2014 Deus

2129 2061 2491 2131 omnipotens,
2522 2058 2651 2130 quia
2687 2055 3053 2127 praedicabant
3080 2061 3137 2107 et
3186 2051 3487 2109 laudabant
3543 2050 3597 2105 in
3642 2051 3725 2106 bis

2122 2153 2305 2209 verbis
2355 2150 2649 2209 deitatem.
2707 2145 3185 2218 magniﬁcentiam,
3243 2141 3619 2198 aeternitatem
3670 2150 3725 2196 et

2125 2246 2573 2301 dominationem.
2624 2242 2731 2299 Sed
2778 2242 2921 2313 quod
2955 2239 3028 2294 illi
3082 2237 3375 2302 iaciebant.
3426 2238 3722 2293 admoneat

2125 2338 2310 2407 utique
2358 2343 2417 2391 ut
2465 2342 2517 2390 et
2572 2348 2671 2389 nos
2728 2331 3008 2396 iaciamus,
3060 2329 3346 2385 laudantes
3398 2327 3558 2385 Deum
3609 2342 3714 2397 pro

2125 2427 2376 2484 omnibus
2408 2441 2529 2496 quae
2563 2426 2631 2481 ab
2658 2425 2775 2495 ipso
2803 2422 3160 2493 percepimus,
3196 2420 3444 2479 videlicet
3460 2428 3508 2474 ut
3537 2418 3698 2493 quid-

2126 2520 2255 2590 quid
2280 2519 2543 2574 habemus
2583 2519 2635 2572 in
2666 2517 2837 2589 gloria
2867 2515 2991 2572 ﬁdei
3021 2524 3075 2569 et
3104 2513 3352 2579 honoris,
3378 2512 3700 2583 operationis

2126 2620 2181 2665 et
2206 2610 2344 2678 spei,
2374 2618 2427 2664 et
2476 2610 2528 2664 in
2575 2608 2949 2667 benedictione
2988 2622 3236 2677 superna:
3263 2604 3719 2663 remunerationis

2127 2704 2193 2756 ad
2224 2704 2400 2772 ipsum
2424 2700 2742 2757 referamus.
2772 2699 2972 2757 Paulus
3012 2699 3285 2770 apostolus
3326 2698 3465 2754 dicit
3489 2716 3506 2751 :
3540 2694 3725 2753 Gloria

2126 2802 2173 2846 et
2211 2794 2381 2847 honor
2431 2793 2570 2846 omni
2631 2792 2865 2861 aperanti
2914 2792 3124 2855 bonum,
3157 2789 3350 2845 Iudaeo
3395 2790 3640 2859 primum
3679 2800 3725 2843 α

2128 2882 2311 2939 ϐτωσο
2336 2883 2509 2954 (Rom.
2542 2884 2626 2955 II).
2655 2882 2771 2939 Non
2796 2884 2943 2953 quod
2968 2898 2998 2937 a
3018 2882 3201 2939 Judco
3221 2891 3278 2941 et
3298 2880 3499 2938 Graec
3524 2892 3585 2937 et
3604 2897 3727 2953 gen-

2128 2977 2207 3033 tili
2236 2978 2306 3032 sit
2336 2977 2466 3032 illud
2492 2979 2715 3042 bonum,
2747 2976 2834 3039 vel
2859 2976 2946 3031 illa
2994 2976 3187 3045 gloria,
3235 2974 3332 3031 sed
3361 2991 3392 3031 a
3428 2974 3573 3039 Deo,
3605 2976 3729 3044 quia

2127 3073 2243 3140 ipse
2262 3071 2429 3126 dicit:
2476 3072 2603 3128 Sine
2626 3088 2706 3127 me
2752 3070 2883 3126 nihil
2927 3069 3140 3140 potestis
3184 3069 3362 3137 facere
3385 3065 3587 3138 (Joan.
3618 3069 3726 3131 xv).

2126 3166 2195 3222 Et
2220 3166 2509 3237 Apostolus
2534 3185 2546 3219 :
2580 3165 2747 3221 Omne
2776 3166 2960 3221 datum
2981 3166 3253 3236 optimum,
3275 3172 3328 3219 et
3350 3179 3513 3218 omne
3534 3163 3727 3215 deum

2126 3256 2412 3327 perfectum
2465 3254 2605 3325 (Jac.
2632 3257 2698 3327 I),
2728 3264 2833 3310 etc.
2882 3255 3122 3325 Itemque
3157 3252 3505 3324 praecipitur,
3537 3261 3603 3305 ut
3643 3251 3730 3321 qui

2050 3366 2099 3432 ρ
2129 3348 2393 3420 gloriatur
2422 3349 2475 3402 in
2513 3347 2737 3404 Domino
2762 3346 3041 3418 glorietur.
3072 3344 3361 3405 Sedentem
3385 3359 3564 3414 super
3586 3344 3733 3398 thro.

2129 3454 2260 3495 num
2286 3439 2559 3494 Christum
2603 3439 2862 3495 debemus
2899 3435 3221 3507 intelligere,
3249 3444 3311 3491 ut
3339 3450 3517 3505 supra
3546 3434 3730 3495 Eccle-

2138 3533 2233 3588 siae
2259 3545 2371 3587 suae
2398 3526 2798 3600 praesidentem.

2204 3664 2558 3720 Procidebant
2581 3664 2762 3734 viginti
2784 3670 3012 3733 quatuor
3036 3662 3266 3715 seniores
3300 3668 3425 3715 ante
3468 3661 3732 3715 sedentem

2126 3763 2183 3816 in
2203 3763 2410 3827 throno,
2436 3772 2483 3816 et
2507 3760 2797 3815 adorabunt
2819 3758 3068 3813 viventem
3088 3759 3141 3810 in
3166 3753 3359 3811 swcula
3385 3752 3728 3808 srrculorsm.

2134 3852 2335 3923 Viginti
2368 3859 2601 3922 quatuor
2624 3851 2864 3906 seniores
2914 3848 3235 3904 universalis
3269 3846 3518 3901 Ecclesia
3579 3845 3731 3899 intel-

2130 3942 2332 4012 ligitur,
2358 3948 2466 3996 tam
2500 3943 2552 3996 in
2583 3939 2889 4011 praepositis
2912 3950 3073 4009 quam
3096 3938 3148 3992 in
3172 3935 3435 4006 subjectis
3462 3934 3725 4006 plebibus.

2130 4032 2426 4089 Procidunt
2480 4034 2666 4105 viginti
2705 4040 2936 4102 quatuor
2989 4031 3251 4093 seniores,
3288 4028 3383 4097 qui
3437 4027 3727 4081 humiliant

2131 4129 2358 4196 seipsos,
2392 4134 2448 4182 et
2498 4141 2659 4182 omne
2710 4128 2911 4182 bonum
2954 4138 3107 4179 suum
3143 4121 3211 4176 ad
3259 4122 3413 4176 illum
3463 4120 3726 4182 referunt,

2131 4210 2408 4275 dicentes:
2445 4218 2570 4272 Non
2625 4218 2790 4283 nobis,
2824 4216 3065 4277 Domine,
3122 4230 3223 4266 non
3272 4212 3442 4274 nobis,
3500 4210 3594 4264 sed
3636 4228 3728 4265 no-

2129 4311 2259 4363 mini
2293 4317 2383 4362 tuo
2435 4308 2503 4361 da
2556 4308 2775 4378 gloriam
2817 4302 2990 4378 (Psal.
3015 4301 3192 4374 CXIII).
3230 4298 3491 4369 Nihilque
3533 4300 3600 4354 de
3624 4299 3730 4354 suis

2132 4403 2343 4457 meritis
2372 4408 2724 4472 praesumunt,
2766 4399 2857 4455 sed
2904 4413 3064 4452 omne
3089 4396 3290 4451 bonum
3334 4409 3499 4447 suum
3532 4394 3602 4447 ab
3646 4392 3730 4446 illo

2132 4493 2309 4549 sciunt
2337 4506 2397 4546 se
2452 4492 2671 4546 habere.
2714 4488 2867 4545 Unde
2895 4494 2949 4543 et
3000 4486 3281 4555 sequitur:
3334 4483 3473 4549 Quia
3536 4483 3722 4535 adora-

2130 4580 2261 4638 bant
2283 4583 2552 4637 viventem
2576 4582 2628 4635 in
2652 4580 2850 4635 sarcula
2871 4577 3213 4633 saeculorum.
3234 4574 3482 4628 Adorant
3498 4587 3729 4642 namque

2133 4690 2280 4738 eum,
2304 4675 2520 4744 quando
2546 4690 2608 4727 ex
2647 4672 2760 4727 suis
2784 4670 2992 4739 meritis
3033 4676 3087 4721 et
3114 4665 3369 4736 operibus
3416 4680 3531 4719 non
3555 4680 3729 4725 suam,

442 4773 617 4830 versis
660 4773 775 4829 sive
820 4771 984 4828 etiam
1044 4788 1139 4845 per
1187 4774 1500 4829 continuum
1550 4772 1739 4827 laudes
1781 4769 2023 4826 Creatori
2053 4738 2106 4798 D
2133 4768 2228 4822 sed
2252 4766 2393 4820 illius
2437 4764 2665 4836 gratiam
2717 4770 2984 4832 quaerunt.
3019 4758 3282 4813 Mittentes
3332 4772 3564 4809 coronas
3609 4771 3729 4808 sua:

440 4883 541 4924 suo
567 4881 726 4939 agere
766 4865 982 4939 satagit.
1018 4862 1322 4921 Notandum
1353 4873 1556 4931 autem,
1591 4865 1717 4935 quia
1747 4878 1871 4919 cum
1903 4877 2025 4916 san-

440 4968 527 5015 cta
557 4960 809 5015 animalia
841 4968 922 5014 ter
951 4959 1232 5014 dixerunt:
1253 4967 1490 5022 sanctus,
1519 4963 1760 5019 sanctus,
1784 4962 2023 5018 sanctus,

443 5051 510 5105 ad
539 5051 867 5122 singularem
897 5066 1180 5106 numerum
1226 5050 1471 5113 redeunt,
1507 5049 1739 5104 dicentia
1766 5046 2025 5102 Dominus

438 5141 582 5198 Deus
607 5141 972 5213 omnipotens,
1020 5143 1143 5212 quia
1176 5142 1301 5197 licet
1333 5141 1545 5195 trinitas
1572 5141 1643 5194 sit
1675 5142 1725 5192 in
1757 5137 2024 5208 personis.

439 5226 727 5291 unitas'est
757 5236 810 5290 in
844 5236 1147 5306 majestate,
1177 5235 1267 5307 qui
1299 5243 1419 5289 erat
1448 5240 1573 5285 ante
1594 5232 1775 5285 omnia
1807 5228 2023 5291 szecula,

441 5328 615 5398 et'qui
643 5338 727 5382 est
759 5328 1294 5394 immutabilis,sicut
1315 5324 1601 5381 Psalmista
1622 5323 1793 5379 dicit:
1826 5320 1901 5374 Tu
1932 5338 2025 5373 au-

439 5431 541 5477 tem
564 5424 701 5477 idem
723 5425 832 5494 ipse
869 5440 922 5477 es
946 5420 1118 5492 (Psal.
1147 5422 1242 5490 cr).
1286 5420 1352 5473 Et
1380 5424 1642 5472 venturus
1680 5414 1854 5469 estad
1880 5412 2025 5484 judi-

437 5514 605 5581 cium,
648 5523 709 5568 ut
732 5514 923 5569 reddat
947 5513 1238 5583 unicuique
1272 5510 1430 5581 juxta
1459 5519 1634 5578 ‘opera
1672 5522 1788 5561 sua.
1826 5502 1943 5571 Quo
1970 5502 2024 5555 in

434 5605 556 5662 loco
576 5606 804 5679 qumstio
825 5606 997 5661 oritur
1019 5622 1119 5661 cur
1136 5603 1389 5659 videlicet
1411 5610 1601 5657 sancta
1623 5596 1877 5653 animalia
1901 5611 2022 5650 cum

438 5700 739 5753 trinitatem
798 5697 1183 5768 praemiserint,
1241 5694 1573 5765 subiungunt
1626 5690 1716 5760 qui
1766 5697 2027 5742 venturus

437 5798 543 5848 est.
591 5788 788 5844 Nostra
817 5789 1014 5861 quippe
1057 5788 1191 5842 ﬁdes
1234 5785 1418 5851 habet,
1450 5783 1596 5856 quod
1634 5781 1687 5835 in
1714 5779 1918 5851 judicio
1942 5794 2028 5833 so-

332 5920 351 5949 ε.
436 5878 718 5937 lummodo
742 5892 970 5947 persona
1006 5877 1127 5932 Filii
1164 5876 1453 5940 videbitur,
1501 5873 1628 5944 quia
1662 5873 1715 5926 in
1752 5886 1816 5925 ea
1856 5868 2027 5923 forma

434 5987 545 6044 qua
584 5966 862 6038 judicatus
909 5977 994 6023 est
1040 5966 1300 6029 iudicabit
1335 5983 1346 6017 :
1391 5973 1438 6018 et
1476 5961 1638 6018 Pater
1681 5976 1787 6017 non
1824 5961 2030 6030 judicat

2135 4866 2254 4911 ante
2274 4857 2536 4910 thronum.
2570 4854 2705 4920 Quia
2736 4865 2994 4907 coronam
3023 4849 3255 4903 victores
3280 4846 3586 4914 accipiunt,
3628 4860 3728 4898 non

2136 4950 2408 5004 immerito
2431 4949 2517 5003 hic
2543 4962 2640 5017 per
2688 4959 2916 5000 coronas
2950 4949 3257 4996 sanctorum
3317 4937 3655 5006 triumphum
3680 4945 3731 4989 et

2133 5040 2417 5095 victoriam
2443 5039 2699 5093 debemus
2730 5035 2995 5105 accipere.
3034 5031 3146 5085 Hoc
3176 5038 3257 5085 est
3282 5031 3467 5097 itaque
3492 5042 3728 5082 coronas

2134 5142 2259 5188 ante
2279 5134 2530 5188 thronum
2548 5146 2765 5201 ponere,
2782 5127 2922 5198 quod
2937 5135 3020 5181 est
3039 5125 3089 5179 in
3106 5123 3297 5177 faciem
3313 5121 3515 5176 cadere
3528 5130 3586 5174 et
3603 5121 3730 5174 ado-

2094 5262 2099 5271 .
2136 5239 2277 5279 rare.
2294 5222 2433 5277 Ante
2448 5223 2698 5275 thronum
2715 5220 2911 5290 quippe
2923 5215 3077 5271 electi
3092 5228 3217 5268 suas
3229 5225 3466 5267 coronas
3481 5211 3731 5272 mittunt,

2134 5318 2260 5386 quia
2295 5314 2552 5385 quidquid
2577 5311 2793 5365 virtutis
2816 5317 2871 5363 et
2916 5305 3245 5361 fortitudinis
3280 5303 3507 5363 habent,
3542 5300 3642 5368 ipsi
3680 5299 3731 5352 in

2135 5415 2346 5462 secreto
2374 5404 2570 5459 mentis
2597 5417 2707 5457 sua:
2732 5401 2996 5461 tribuunt,
3021 5414 3050 5450 a
3089 5410 3197 5465 quo
3227 5402 3286 5447 nt
3328 5392 3553 5446 vincere
3598 5405 3733 5461 pos-

2134 5506 2255 5552 sent
2282 5494 2551 5550 diabolum
2576 5500 2630 5547 et
2682 5496 3011 5545 tentamenta
3042 5502 3153 5541 sum
3204 5484 3406 5547 carnis,
3458 5480 3731 5535 fortitudi-

2136 5607 2255 5645 nem
2280 5594 2659 5659 perceperunt.
2687 5583 2801 5637 lloc
2820 5581 3051 5650 denique
3072 5577 3359 5649 ﬁguratum
3379 5582 3485 5635 est,
3507 5573 3734 5643 quando

2134 5680 2362 5735 Domino
2391 5674 2814 5746 Hierosdlymam
2865 5670 3121 5735 venienti,
3171 5670 3328 5724 turba
3357 5680 3481 5737 qua:
3524 5665 3607 5719 illi
3638 5665 3733 5719 ob-

2134 5772 2276 5826 viam
2311 5770 2483 5831 venit,
2518 5767 2722 5839 palmas
2745 5762 2942 5835 quibus
2970 5761 3198 5818 victoria
3220 5757 3585 5829 signiﬁcatur,
3607 5766 3731 5809 ante

2134 5862 2299 5932 pedes
2320 5862 2485 5916 asina:
2505 5874 2668 5929 super
2693 5873 2853 5927 quam
2880 5856 3102 5912 sedebat
3123 5852 3483 5926 prostravisse
3501 5850 3727 5921 legitur.

2139 5955 2289 6024 Quod
2326 5953 2471 6008 enim
2501 5967 2601 6021 per
2626 5951 2928 6021 palmarum
2972 5960 3152 6003 ramos
3181 5946 3234 6000 in
3266 5944 3352 5999 via
3379 5950 3602 6005 stratos,
3624 5942 3729 5996 hoc
