3972 6432
196 449 335 506 1013

1116 442 1476 502 EXPOSITIO
1510 444 1575 500 IN
1615 443 2120 500 APOCALYPSIN.
2157 478 2225 487 κ·-
2260 447 2387 502 LIB.
2429 447 2490 503 II.

3307 452 3445 507 ‘IOM

193 562 523 634 signiﬁcatur
542 575 640 631 per
664 576 893 616 coronas
925 569 1052 615 ante
1079 559 1332 616 thronum
1370 559 1595 628 positas.
1643 557 1768 612 Mito
1797 561 1850 620 Λ
1875 567 2053 611 monte
2093 559 2348 615 umbroso
2374 569 2428 614 et
2476 563 2762 616 condenso.
2801 560 2952 616 Mons
2981 563 3175 633 quippe
3209 561 3447 619 Libanus

195 663 366 710 tentes
395 661 522 724 ante
542 666 770 707 coronas
791 652 973 707 dicunt
1009 669 1020 704 :

265 744 465 814 Dignus
486 759 562 809 es,
590 741 809 798 Domine
837 740 976 798 Deus
999 749 1192 804 noster,
1214 739 1446 808 accipere
1471 739 1692 809 gloriam
1723 747 1773 793 et

193 840 440 894 honorem
487 847 537 891 et
587 837 849 890 virtutem.
910 833 1149 891 Gloriam
1211 834 1460 890 Christus
1520 833 1728 902 accepit
1756 873 1773 898 ,

194 930 409 1000 quando
454 929 612 984 tertia
650 928 736 983 die
782 927 1080 983 resurrexit
1108 943 1137 981 a
1184 927 1450 982 mortuis:
1485 927 1772 990 honorem,

193 1023 410 1094 quando
431 1020 837 1091 quadragesima
858 1019 1274 1075 resurrectionis
1298 1017 1384 1072 die
1404 1017 1649 1073 elevatus
1689 1025 1775 1074 est

194 1115 262 1169 ad
294 1114 570 1172 dexteram
599 1120 837 1180 paterna:
863 1109 1198 1178 majestatis:
1236 1109 1514 1172 virtutem,
1557 1109 1774 1178 quando

193 1205 371 1260 omnia
400 1205 452 1259 ei
492 1203 730 1272 subjecta
759 1212 908 1265 sunt,
957 1201 1097 1256 sicut
1140 1201 1252 1270 ipse
1299 1209 1543 1264 testatur,
1585 1199 1774 1254 dicens

194 1294 503 1363 discipulis:
534 1293 668 1346 Data
698 1303 774 1347 est
800 1293 926 1346 mihi
955 1293 1122 1346 omnis
1149 1299 1376 1361 potestas
1403 1291 1456 1344 in
1500 1289 1626 1345 celo
1649 1299 1697 1344 et
1719 1290 1774 1343 in

193 1398 332 1440 terra
357 1385 572 1453 (Matth.
597 1384 810 1454 xxvut).
862 1383 999 1448 Quia
1027 1392 1083 1437 tu
1132 1383 1319 1437 creasti
1361 1383 1554 1444 omnia,
1580 1391 1627 1436 et
1653 1398 1776 1451 pro-

191 1489 304 1547 pter
346 1477 659 1531 uoluntatem
707 1486 848 1530 tuam
897 1487 1066 1540 erant,
1097 1485 1145 1529 et
1195 1485 1371 1530 creata
1411 1487 1551 1528 sunt.
1603 1473 1681 1528 Ac
1727 1473 1773 1528 si

192 1569 407 1623 dicant:
447 1567 654 1622 Idcirco
709 1574 900 1620 cuncta
944 1565 1059 1628 tibi,
1107 1581 1226 1634 quae
1273 1580 1304 1618 a
1343 1565 1449 1619 tuis
1491 1572 1771 1635 geruntur,

191 1657 507 1711 ascribenda
534 1665 680 1720 sunt,
708 1657 832 1724 quia
858 1663 915 1709 ut
951 1670 1070 1711 esse
1092 1664 1327 1725 possent.
1352 1663 1406 1710 et
1429 1669 1489 1710 ea
1532 1671 1650 1723 qua:
1681 1662 1772 1710 tua

192 1759 318 1803 sunt
337 1758 582 1819 agerent,
606 1763 636 1801 a
677 1756 728 1803 te
755 1756 1098 1817 acceperunt.
1129 1746 1236 1803 Sed
1276 1747 1474 1802 mirum
1516 1754 1599 1801 est
1628 1746 1772 1814 quod

191 1839 440 1908 sequitur
465 1856 478 1891 :
510 1838 735 1907 Propter
758 1837 1090 1892 voluntatem
1118 1847 1266 1892 tuam
1307 1845 1479 1896 erant,
1505 1844 1560 1890 et
1586 1846 1769 1890 creata

1876 648 2162 703 umbrosus
2187 656 2241 703 et
2269 651 2587 715 condensus,
2607 651 2727 705 libri
2749 651 3094 708 suntVeteris
3118 652 3448 710 Testamenti

1820 765 1832 811 ί
1876 740 2050 808 operti
2077 738 2264 824 ﬁguris
2289 740 2686 810 allegoriarum,
2712 757 2742 798 a
2765 744 2960 812 quibus
2978 743 3240 801 Dominus
3259 747 3448 805 venire

1878 831 2205 897 perhibetur,
2257 831 2382 900 quia
2432 832 2504 887 ibi
2549 835 2837 901 praedictus
2887 835 3054 892 fuisse
3085 838 3445 908 cognoscitur.

1878 919 2006 976 Sive
2026 921 2364 990 septenarius
2389 931 2643 978 numerus
2670 925 2738 979 ad
2776 925 3142 996 septiformem
3187 926 3447 998 Spiritum

1877 1022 2121 1068 sanctum
2152 1013 2403 1069 refertur.
2433 1013 2648 1084 Septem
2686 1016 2948 1086 siquidem
2975 1019 3166 1088 sigillis
3195 1019 3333 1075 liber
3372 1019 3449 1075 si-

1876 1111 2069 1172 gnatus
2122 1113 2247 1167 est,
2301 1107 2425 1175 quia
2483 1107 2737 1164 videlicet
2791 1111 2968 1165 omnis
3027 1111 3304 1181 Scriptura
3353 1127 3450 1182 per

1875 1195 2106 1263 gratiam
2153 1195 2384 1264 Spiritus
2425 1197 2668 1266 ejusdem
2709 1207 2762 1257 et
2805 1200 2925 1254 data
2967 1209 3050 1258 est
3092 1211 3150 1258 et
3190 1211 3444 1258 reserata.

1879 1283 2032 1340 Unde
2058 1294 2114 1338 et
2139 1285 2224 1339 lex
2247 1285 2413 1356 digito
2442 1286 2558 1351 Dei,
2586 1287 2637 1342 id
2665 1296 2769 1353 est,
2799 1289 3002 1358 Spiritu
3023 1300 3209 1346 saneto
3245 1293 3451 1348 descri-

1875 1385 1964 1444 pta
2020 1376 2233 1446 legitur.
2269 1377 2334 1430 Et
2381 1378 2638 1434 Dominus
2693 1394 2977 1450 resurgens
3018 1397 3050 1434 a
3107 1383 3352 1446 mortuis,
3397 1391 3452 1438 et

1877 1468 2125 1536 aperiens
2145 1483 2362 1524 sensum
2406 1468 2685 1539 discipulis
2718 1480 2777 1524 ut
2821 1472 3181 1544 intelligerent
3204 1473 3450 1545 Scriptu-

1876 1575 1985 1625 ras,
2016 1561 2144 1618 dicit
2171 1560 2250 1618 eis
2276 1579 2289 1614 :
2323 1560 2554 1630 Accipite
2576 1560 2832 1631 Spiritum
2849 1574 3086 1618 sanctum
3125 1564 3307 1635 (Joan.
3332 1566 3448 1638 xx).

1875 1656 2168 1714 Possumus
2188 1669 2248 1712 et
2286 1657 2340 1710 in
2371 1665 2577 1726 septem
2611 1657 2800 1728 sigillis
2842 1666 3044 1726 septem
3077 1659 3265 1715 modos
3305 1658 3453 1714 locu-

1877 1750 2082 1804 tionum
2120 1749 2441 1820 intelligere,
2473 1749 2666 1817 quibus
2699 1750 2874 1806 omnis
2902 1759 3113 1808 constat
3148 1751 3450 1822 Scriptura.

1875 1841 1984 1894 Aut
2003 1840 2146 1896 enim
2179 1840 2471 1896 indicativo
2497 1839 2789 1908 loquimur,
2819 1847 2879 1898 ut
2907 1839 3072 1894 illud:
3105 1840 3218 1910 Ego
3271 1842 3452 1896 Domi-

188 1939 333 1988 sunt.
361 1929 417 1984 Si
434 1930 578 1986 enim
597 1937 772 1993 erant,
795 1930 1064 1998 quomodo
1087 1936 1269 1984 creata
1299 1927 1463 1982 sunt?
1488 1924 1592 1982 Sed
1615 1935 1772 1981 erant
1797 1931 1846 1991 Β
1875 1948 1972 1986 nus
1996 1931 2133 1988 Deus
2155 1940 2274 1984 tuus
2301 1931 2489 1985 docens
2520 1941 2566 1982 te
2588 1930 2737 1984 utilia
2763 1928 2900 2000 (lsa.
2942 1928 3151 2000 xavm).
3196 1931 3304 1984 Aut
3332 1946 3454 2000 pro-

188 2022 246 2076 in
276 2022 742 2090 preedestinatione
778 2021 1163 2090 omnipotentis
1192 2020 1316 2084 Dei,
1350 2029 1404 2076 et
1436 2027 1617 2076 creata
1643 2028 1770 2074 sunt

188 2115 245 2170 in
274 2129 437 2184 opere
467 2113 685 2177 visibili.
718 2123 772 2172 et
817 2129 938 2183 quae
962 2123 1120 2170 erant
1159 2114 1310 2184 prius
1337 2115 1392 2170 in
1423 2114 1646 2172 artiﬁcis
1670 2130 1768 2169 vo-

186 2205 397 2259 luntate
422 2205 539 2259 sine
564 2213 823 2273 tempore,
856 2215 1036 2261 creata
1081 2215 1208 2260 sunt
1231 2205 1526 2262 secundum
1549 2205 1692 2273 quod
1716 2205 1768 2258 in

189 2306 307 2349 arte
331 2296 594 2350 creatoris
616 2295 874 2365 disposita
902 2307 1059 2350 erant
1101 2297 1153 2352 in
1199 2305 1458 2366 tempore.
1490 2295 1616 2350 Tale
1641 2294 1770 2364 quid

187 2399 244 2444 et
268 2388 500 2444 Joannes
531 2389 582 2442 in
606 2387 897 2458 Evangelio
923 2404 1019 2444 suo
1040 2389 1211 2458 ponit,
1243 2389 1334 2457 qui
1363 2403 1486 2444 cum
1507 2387 1767 2442 dixisset:

192 2480 381 2535 Omnia
408 2497 499 2548 per
526 2479 694 2545 ipsum
731 2479 874 2546 facta
920 2489 1063 2543 sunt,
1096 2489 1143 2533 et
1169 2479 1280 2532 sine
1322 2479 1431 2548 ipso
1464 2477 1663 2546 factum
1695 2485 1771 2531 est

190 2569 318 2624 nihil
351 2568 532 2639 (Joan.
561 2557 902 2634 t),continuo
917 2567 1180 2636 subjecit:
1215 2567 1365 2635 Quod
1379 2567 1582 2624 factum
1617 2567 1770 2622 estin

189 2665 326 2734 ipso,
343 2665 449 2719 vita
462 2672 597 2718 erat.
613 2663 678 2720 Et
692 2663 886 2720 Paulus
901 2662 1176 2731 apostolus
1186 2663 1252 2717 de
1265 2661 1451 2720 electis
1469 2659 1772 2731 :jQuiplegit

192 2755 389 2825 inquit,
415 2770 510 2808 nos
531 2764 649 2808 ante
670 2753 851 2818 mundi
885 2753 1308 2808 constitutionem
1337 2751 1553 2821 (Ephes.
1570 2753 1635 2820 ι),
1661 2760 1769 2807 etc.

816 2850 1044 2907 CAPUT
1083 2851 1148 2905 V.

270 2940 336 2996 Et
366 2942 473 2996 uidi
505 2943 560 2996 in
598 2941 815 2996 dextera
855 2941 1078 2998 sedentis
1121 2941 1175 2995 in
1215 2941 1400 2998 throno
1428 2939 1617 2996 librum
1644 2941 1775 2995 scri-

191 3046 338 3107 ptum
384 3036 528 3102 intus
555 3045 603 3090 et
633 3036 786 3104 foris,
818 3037 1082 3106 signatum
1114 3035 1300 3105 sigillis
1330 3045 1538 3104 septem.
1570 3034 1775 3091 Seden-

192 3135 304 3185 te‘m
334 3130 388 3184 in
417 3129 522 3185 hoc
561 3129 679 3186 loco
703 3129 966 3186 debemus
993 3129 1290 3200 intelligere
1319 3129 1484 3185 Deum
1517 3129 1730 3185 Patrem
1756 3148 1772 3184 :

190 3221 466 3276 dexteram
505 3234 636 3274 vero
677 3219 818 3275 illius
844 3219 1058 3284 Filium,
1090 3235 1187 3290 per
1213 3235 1373 3290 quem
1401 3219 1581 3275 omnia
1630 3218 1770 3273 facta

1870 2025 2112 2088 missivo,
2157 2033 2245 2078 ut:
2273 2022 2527 2100 Indicabo
2560 2022 2671 2088 tibi,
2715 2039 2745 2076 o
2783 2024 2955 2088 homo,
3000 2023 3125 2093 quid
3155 2023 3222 2080 sit
3265 2022 3454 2078 bonum

1873 2117 2060 2188 (Mich.
2103 2117 2200 2183 vr),
2257 2127 2364 2171 etc.
2431 2114 2538 2170 Aut
2591 2116 2927 2186 imperativo,
2958 2125 3051 2172 ut:
3092 2114 3232 2172 Audi
3260 2114 3450 2179 Jacob.

1873 2227 2029 2267 serve
2076 2226 2246 2266 meus.
2277 2211 2377 2264 Et:
2431 2210 2566 2264 Audi
2611 2209 2801 2276 Israel,
2849 2211 3102 2266 Dominus
3150 2210 3292 2265 Deus
3335 2221 3455 2264 tuus

1873 2304 2014 2357 Deus
2041 2319 2176 2356 unus
2201 2312 2274 2358 est
2319 2301 2498 2373 (Deut.
2529 2302 2624 2368 γι).
2670 2301 2778 2356 Aut
2803 2303 3063 2372 optativo,
3111 2311 3207 2358 ut:
3243 2300 3454 2357 Utinam

1873 2392 2181 2446 atlendisses
2211 2391 2361 2446 verba
2385 2409 2498 2446 mea
2543 2391 2679 2462 (lsu.
2714 2398 2925 2463 xum).
2953 2394 3061 2448 Aut
3083 2391 3454 2462 conjunctivo,

1873 2494 1934 2539 ut
1961 2484 2022 2540 Si
2053 2485 2323 2540 audieritis
2348 2501 2521 2539 vocem
2547 2502 2737 2548 meam,
2783 2495 2829 2540 et
2872 2486 3223 2541 custodieritis
3247 2495 3454 2555 pactum

1873 2576 2225 2638 meum,eritis
2249 2575 2376 2629 mihi
2391 2577 2445 2628 in
2464 2575 2721 2644 peculium
2743 2577 2806 2629 de
2826 2578 3024 2631 cunctis
3043 2575 3246 2646 populis
3260 2575 3454 2645 (Exod.

1873 2666 2016 2736 xu).
2047 2667 2157 2722 Aut
2209 2666 2500 2732 inﬁnitivo,
2528 2677 2626 2722 ut:
2677 2667 2980 2737 Intelligere
3018 2676 3076 2723 et
3112 2668 3253 2726 scire
3282 2666 3434 2720 Domi

1873 2774 2002 2814 num
2032 2759 2380 2827 intelligentia
2408 2768 2511 2813 est.
2550 2759 2656 2813 Aut
2688 2759 3051 2829 impersonali,
3078 2767 3174 2813 ut:
3217 2757 3352 2824 Quis
3387 2756 3461 2810 ιο-

1874 2855 2071 2920 quetur
2095 2853 2364 2920 potentias
2383 2851 2592 2906 Domini
2617 2853 2640 2906 ?
2665 2852 2781 2922 Ipsa
2802 2853 2945 2907 enim
2972 2866 3141 2906 sacrm
3163 2850 3462 2918 Scriptum

1876 2943 2081 2996 locutio
2112 2941 2464 3015 septiformis,
2489 2943 2642 3011 quasi
2675 2943 2774 2996 sub
2797 2951 3020 3013 septem.
3046 2941 3234 3012 sigillis
3263 2938 3460 2994 intelli-

1881 3034 2077 3105 gentia;
2106 3034 2435 3098 continetur,
2465 3033 2591 3089 dum
2642 3047 2740 3102 per
2788 3041 2995 3100 septem
3045 3031 3232 3086 modos
3271 3029 3462 3083 distin-

1876 3125 2075 3195 guitur.
2107 3123 2512 3194 ιηίιυὶιιεητὶὺυε
2542 3123 2867 3185 εηίω,ιιοι)ἰε
2891 3121 3227 3194 Scripturas,
3245 3121 3456 3193 primus

1880 3226 2048 3285 gesta:
2102 3215 2180 3272 rei
2219 3224 2397 3271 textus
2443 3215 2598 3270 nobis
2636 3215 2893 3279 occurrit,
2933 3215 3060 3285 quia
3099 3214 3347 3269 videlicet
3396 3228 3459 3266 ea

189 3319 335 3366 sunt.
369 3310 445 3364 De
465 3325 574 3380 quo
599 3309 884 3366 Psalmista
907 3309 1037 3366 dicit
1063 3285 1349 3366 {Dextera
1391 3309 1603 3366 Domini
1650 3310 1771 3379 fecit
1801 3285 1846 3348 Ο
1887 3315 2095 3361 tantum
2138 3306 2543 3378 Scripturarum
2594 3306 2806 3375 eloquia
2860 3304 3284 3376 comprehendit,
3340 3319 3460 3374 qua:

190 3400 431 3454 virtutem
455 3397 627 3470 (Psal.
655 3400 844 3466 cxvn),
881 3409 985 3456 etc.
1033 3399 1196 3455 Liber
1238 3409 1420 3460 autem
1469 3401 1521 3456 in
1551 3402 1771 3456 dextera

190 3489 423 3545 sedentis
444 3487 608 3545 Vetus
637 3498 693 3544 et
712 3487 919 3545 Novum
943 3487 1350 3547 Testamentum
1368 3489 1652 3561 signiﬁcat.
1671 3491 1774 3558 Qui

190 3583 330 3637 bene
371 3583 426 3637 in
453 3581 678 3639 dextera
707 3582 944 3638 sedentis
972 3581 1140 3639 fuisse
1166 3583 1382 3647 dicitur,
1413 3584 1538 3654 quia
1567 3583 1772 3651 princi-

190 3671 326 3741 palis
353 3673 580 3727 intentio
619 3687 786 3728 sacrze
806 3672 1097 3742 Scriptura:
1118 3674 1184 3728 ad
1212 3672 1482 3730 Christum
1518 3674 1773 3743 pertinet,

192 3763 347 3830 cujus
373 3764 729 3828 nativitatem,
771 3772 1025 3828 mortem,
1078 3765 1553 3830 resurrectionem,
1583 3781 1776 3823 ascen-

194 3855 512 3922 sionemque
538 3861 593 3908 et
623 3854 916 3908 secundum
940 3853 1229 3913 adventum
1259 3855 1328 3908 ad
1361 3855 1626 3924 judicium
1646 3871 1777 3913 con-

196 3945 352 3998 tinet.
418 3943 489 3998 Dc
541 3943 736 4012 quibus
784 3943 1036 4000 omnibus
1093 3943 1236 4000 ultro
1295 3960 1355 4001 se
1411 3947 1778 4014 quaerentibus

195 4031 437 4103 exempla
473 4031 724 4088 offerunt.
777 4033 984 4090 Idcirco
1028 4042 1209 4090 autem
1260 4032 1426 4090 Vetus
1465 4043 1520 4092 et
1574 4035 1777 4092 Novum

195 4123 602 4179 Testamentum
628 4139 768 4179 unus
789 4123 928 4180 liber
952 4125 1273 4195 appellatur,
1296 4125 1422 4195 quia
1450 4141 1551 4182 nec
1572 4125 1780 4184 Novum

193 4228 224 4266 a
255 4211 468 4278 Vetere,
489 4229 588 4270 nec
613 4212 776 4269 Vetus
795 4230 825 4268 a
857 4211 1007 4269 Novo
1037 4214 1178 4270 valet
1202 4214 1454 4287 disjungi,
1495 4218 1589 4272 sed
1627 4217 1781 4287 quid-

193 4303 322 4374 quid
348 4305 660 4374 praedictum
689 4314 770 4362 est
799 4306 851 4360 in
881 4303 1098 4370 Vetere,
1137 4307 1460 4378 completum
1484 4317 1698 4364 constat
1727 4310 1778 4364 in

196 4397 368 4454 Novo.
403 4397 537 4453 Nam
579 4400 744 4454 Vetus
770 4399 1173 4456 Testamentum
1219 4401 1440 4457 nuntius
1483 4411 1568 4458 est
1605 4412 1660 4456 et
1685 4418 1778 4458 ve-

193 4488 370 4544 lamen
399 4488 554 4556 Novi,
590 4490 798 4545 Novum
823 4505 952 4550 vero
980 4491 1237 4546 revelatio
1281 4500 1336 4546 et
1367 4492 1678 4562 adimpletio
1699 4501 1784 4548 est

197 4581 423 4640 Veteris.
448 4582 550 4650 Qui
577 4583 713 4641 liber
737 4585 874 4641 bene
901 4585 1044 4642 intus
1065 4593 1122 4640 et
1146 4582 1278 4640 foris
1301 4585 1535 4656 scriptus
1557 4602 1676 4643 esse
1699 4586 1782 4642 di-

191 4673 355 4739 citur,
373 4672 501 4728 loris
524 4673 729 4729 scilicet
753 4677 969 4746 propter
989 4674 1155 4731 Vetus
1178 4675 1606 4744 Testamentum,
1635 4678 1782 4738 intus

191 4772 414 4833 propter
437 4761 666 4828 Novum,
698 4763 780 4818 vel
803 4763 935 4820 loris
965 4774 1186 4837 propter
1213 4765 1408 4824 faciem
1430 4776 1606 4831 terras,
1637 4770 1782 4826 intus

194 4865 417 4926 propter
441 4856 760 4928 allegoricos
798 4873 1007 4913 sensus.
1055 4858 1182 4915 Sive
1211 4859 1343 4918 foris
1365 4870 1421 4920 et
1463 4862 1626 4928 intus,
1653 4864 1777 4935 quia

195 4965 362 5004 unum
419 4957 799 5006 testamentum
850 4961 1045 5008 terram
1095 4954 1381 5022 promittit,
1422 4954 1605 5010 dicens
1647 4973 1660 5008 :
1722 4955 1777 5010 Si

194 5040 474 5096 volueritis
521 5050 576 5098 et
626 5043 907 5098 audieritis
945 5059 1052 5107 me,
1103 5044 1242 5100 bona
1276 5054 1433 5101 terrae
1462 5048 1776 5112 comedetis,

192 5142 250 5187 et
276 5132 378 5186 alia
403 5133 585 5188 multa.
616 5133 774 5190 Aliud
797 5135 1061 5190 inter-nam
1091 5135 1240 5205 regni
1277 5136 1515 5190 cmlestis
1545 5138 1777 5194 beatitu-

196 5226 406 5287 dinem,
441 5225 566 5280 dum
603 5225 770 5280 dicit:
800 5226 949 5280 Beati
987 5243 1238 5298 pauperes
1269 5228 1457 5298 spiritu
1477 5269 1492 5292 ,
1529 5231 1776 5298 quoniam

193 5317 427 5384 ipsorum
455 5324 528 5369 est
570 5331 782 5384 regnum
809 5317 1054 5372 cartorum
1100 5315 1315 5390 (Matth.
1345 5317 1419 5388 v).
1467 5319 1567 5384 Qui
1616 5321 1778 5376 etiam

141 5465 161 5488 κ
196 5407 334 5461 liber
361 5413 564 5475 septem
605 5405 794 5476 sigillis
820 5408 1124 5463 ostenditur
1165 5408 1391 5480 signari,
1423 5407 1475 5463 id
1506 5419 1589 5466 est
1635 5411 1780 5481 sigil-

149 5489 164 5517 '
197 5498 315 5552 lari.
347 5497 696 5568 Septenarius
726 5514 1003 5565 numerus,
1044 5509 1102 5555 ut
1142 5516 1284 5570 smpe
1328 5501 1533 5557 dictum
1579 5512 1685 5567 est,
1709 5503 1776 5558 ad

196 5589 603 5644 universitatem
632 5588 881 5646 refertur.
928 5590 1031 5650 Per
1057 5603 1262 5664 septem
1311 5607 1438 5666 ergo
1468 5593 1643 5663 sigilla
1667 5594 1777 5664 ple-

196 5680 499 5736 nitudinem
529 5681 876 5736 obscuritatis
903 5691 959 5737 et
1003 5684 1405 5753 mysteriorum,
1451 5701 1568 5754 qua:
1604 5686 1655 5739 in
1684 5685 1781 5741 Ve-

197 5771 300 5842 teri
326 5771 564 5849 latebant
585 5771 950 5836 Testamento,
981 5772 1236 5830 debemus
1255 5776 1522 5846 accipere.
1555 5776 1704 5832 Unde
1728 5785 1782 5833 et

197 5862 450 5946 lIabacuc
471 5862 638 5920 dicit:
669 5863 808 5918 Deus
848 5881 876 5920 a
918 5863 1120 5946 Libano
1145 5866 1340 5933 veniet,
1373 5875 1428 5924 et
1475 5878 1694 5926 sanctus
1715 5869 1783 5942 de

1877 3397 1954 3450 nil
1979 3397 2202 3468 mystice
2222 3396 2544 3470 signiﬁcant,
2571 3397 2663 3454 sed
2697 3405 2904 3451 tantum
2939 3394 3254 3465 simpliciter
3278 3407 3460 3448 rerum

1878 3503 2070 3548 causas
2097 3487 2371 3552 evolvunt,
2399 3497 2458 3541 ut
2480 3496 2600 3542 est:
2635 3487 2775 3542 Audi
2811 3486 3003 3552 Israel,
3026 3485 3282 3542 Dominus
3319 3484 3460 3540 Deus

1878 3589 2000 3634 tuus
2034 3579 2175 3634 Deus
2200 3597 2334 3635 unus
2355 3590 2446 3634 ‘est
2471 3579 2648 3651 (Deut.
2675 3580 2773 3651 γι).
2821 3578 3099 3636 Secundus
3141 3577 3460 3649 allegoricus

1879 3685 2063 3746 gestus
2114 3675 2372 3732 occurrit.
2407 3674 2506 3742 Qui
2563 3675 2690 3729 licet
2740 3673 2942 3743 aliquid
2991 3681 3199 3743 gestum
3249 3679 3457 3735 narret,

1878 3775 2062 3836 gestus
2103 3775 2283 3820 tamen
2313 3765 2402 3819 ille
2429 3773 2708 3832 reputatur
2748 3772 2894 3818 totus
2943 3763 3282 3832 allegoricus,
3318 3761 3470 3833 unde

1883 3871 1984 3910 nec
2011 3855 2063 3910 in
2091 3870 2189 3908 usu
2217 3853 2612 3924 frequentatur.
2659 3853 2795 3910 Hinc
2823 3864 2906 3910 est
2935 3854 3077 3923 quod
3119 3855 3172 3909 in
3208 3855 3462 3910 omnibus

1883 3944 2079 3998 finibus
2103 3942 2266 3998 Israel
2289 3941 2460 4012 puella
2485 3943 2743 4012 quaeritur
2771 3943 2882 4012 regi
2908 3943 3094 4006 David,
3119 3951 3175 3998 et
3193 3943 3463 3998 invenitur

1885 4049 1995 4095 tam
2025 4041 2265 4105 fervens,
2312 4048 2369 4094 ut
2420 4040 2648 4109 algentis
2699 4041 2846 4095 senis
2888 4042 3130 4096 membra
3161 4040 3461 4104 calefaciat,

1882 4131 2205 4188 calefactum
2233 4140 2412 4186 tamen
2455 4130 2521 4184 ad
2572 4130 2845 4186 libidinem
2885 4144 2992 4186 non
3039 4140 3316 4199 provocet.
3364 4129 3466 4185 Per

1883 4237 2046 4292 quam
2095 4221 2409 4290 designatur
2460 4219 2742 4288 sapientia,
2785 4235 2905 4290 quae
2941 4221 3104 4276 etiam
3152 4221 3205 4275 in
3244 4221 3463 4276 senibus

1883 4328 1989 4368 non
2019 4312 2274 4377 senescit,
2303 4311 2396 4366 sed
2438 4311 2656 4378 insuper
2678 4323 2771 4364 eos
2796 4309 2916 4381 igne
2957 4310 3122 4366 divini
3145 4312 3346 4368 amoris
3373 4327 3464 4366 ac-

1884 4403 2083 4476 cendit.
2113 4403 2194 4458 Ad
2230 4404 2374 4458 hunc
2413 4403 2646 4473 pertinet
2698 4401 2862 4456 etiam
2900 4402 3136 4465 modum,
3185 4404 3326 4472 quod
3370 4417 3465 4472 po-

1883 4496 2043 4567 pulus
2089 4493 2420 4550 lsraelitieus
2456 4493 2507 4547 in
2541 4491 2756 4552 deserto
2804 4507 2835 4547 a
2885 4492 3156 4562 serpentis
3203 4507 3461 4563 percussu

1886 4596 2104 4659 aspectu
2135 4586 2270 4642 aenei
2298 4585 2568 4655 serpentis
2587 4583 2898 4640 sanabatur.
2921 4582 3026 4640 Per
3052 4598 3212 4654 quem
3241 4584 3465 4640 Redem-

1887 4689 2008 4750 ptor
2039 4689 2222 4734 noster
2251 4677 2568 4748 intelligitur
2590 4677 2642 4730 in
2675 4690 2836 4730 cruce
2863 4689 3188 4747 suspensus,
3231 4678 3324 4748 qui
3367 4693 3465 4734 nos

1888 4790 1917 4828 a
1951 4787 2133 4827 morsu
2174 4770 2374 4825 diaboli
2420 4769 2675 4833 liberans,
2726 4769 2895 4826 beatze
2939 4769 3360 4826 immortalitatis
3387 4785 3469 4824 re-

1887 4865 2060 4922 media
2112 4863 2356 4918 ﬁdelibus
2406 4861 2609 4916 tribuit.
2665 4860 2788 4916 Haec
2841 4861 2984 4917 enim
3023 4861 3069 4916 si
3123 4861 3188 4916 ad
3229 4861 3467 4918 litteram

1886 4954 2126 5008 discussa
2153 4960 2467 5012 tractentur,
2496 4952 2699 5007 ludicra
2725 4968 2820 5022 pro
2847 4962 3086 5023 tempore
3112 4954 3463 5024 putabuntur.

1889 5042 1945 5101 Si
2008 5057 2137 5096 vero
2191 5042 2462 5112 mysteriis
2520 5041 2885 5114 applicantur,
2939 5059 3132 5115 magna
3187 5044 3468 5102 insinuant

1883 5142 2242 5190 sacramenta.
2292 5132 2508 5191 Tertius
2554 5135 2745 5189 modus
2790 5144 3012 5206 uterque
3056 5144 3140 5190 est
3179 5135 3466 5192 historicus

1885 5226 2090 5282 scilicet
2115 5233 2276 5294 atque
2321 5223 2681 5294 allegoricus,
2730 5240 2837 5294 quo
2881 5223 3159 5291 scribitur,
3208 5227 3463 5295 quoniam

1883 5317 2155 5373 Abraham
2207 5317 2340 5374 duos
2385 5316 2524 5372 ﬁlios
2555 5317 2762 5380 habuit,
2818 5317 2928 5386 qui,
2989 5317 3130 5374 sicut
3180 5317 3466 5388 Apostolus

1883 5409 2070 5464 scribit
2097 5407 2273 5480 (Rom.
2300 5409 2395 5478 tv),
2428 5409 2533 5462 duo
2577 5408 2883 5482 signiﬁcant
2921 5406 3284 5464 Testamenta.
3318 5407 3466 5462 Intra

1885 5503 2029 5558 hunc
2054 5504 2270 5560 modum
2315 5511 2370 5558 et
2414 5502 2564 5558 illum
2593 5503 2886 5570 concludit,
2925 5518 3034 5574 quo
3062 5505 3211 5560 Isaac
3241 5514 3464 5573 paterna

1887 5593 2169 5650 devotione
2191 5593 2500 5666 dispositus,
2525 5594 2667 5665 ligna
2691 5594 2792 5652 sibi
2816 5595 3086 5665 bajulassc
3109 5596 3326 5660 dicitur,
3349 5596 3464 5652 sin-

1887 5685 2146 5762 gulariter
2169 5687 2368 5748 Christi
2419 5687 2722 5756 passionem
2771 5687 3076 5758 designans,
3117 5703 3274 5757 quem
3305 5687 3468 5746 Pater

1889 5795 1986 5849 pro
2013 5779 2262 5835 omnibus
2317 5779 2556 5844 tradidit,
2585 5779 2968 5851 propriamque
3000 5778 3238 5848 bajulare
3276 5795 3468 5850 passus
3543 5795 3563 5822 ι·

1890 5879 1972 5930 est
2013 5887 2249 5928 crucem.
2279 5870 2398 5939 Quo
2434 5870 2597 5924 etiam
2645 5869 2801 5925 modo
2829 5871 2893 5926 de
2936 5871 3106 5926 latere
3148 5871 3472 5936 dormientis
