3972 6434
209 457 347 512 1017

1133 447 1494 506 EXPOSITIO
1529 447 1595 502 IN
1634 441 2134 502 APOCALYPSIN.
2173 473 2244 486 —
2281 443 2414 501 LIB.
2451 443 2520 502 ll.

3332 443 3470 500 1018

206 573 500 636 scientiam,
541 578 588 624 et
614 570 775 640 legem
827 566 1096 637 requirunt
1122 581 1187 619 ea:
1224 580 1311 618 ore
1362 564 1496 633 ejus,
1537 561 1662 632 quia
1695 576 1790 612 an-
1816 555 2014 620 AFilii
2044 554 2141 610 Dei
2185 557 2575 626 praenuntians,
2619 557 2833 614 caeteris
2872 555 3294 612 consolationem
3335 571 3470 627 pra}.

205 662 352 735 gelus
407 659 619 714 Domini
678 658 996 712 exercituum
1049 664 1126 709 est
1176 653 1432 724 (Malach.
1466 653 1546 723 ιι).
1603 649 1790 718 Angeli

205 757 403 827 quippe
429 751 638 810 Veteris
661 749 1018 816 Testamenti,
1056 749 1108 804 id
1146 755 1251 814 est,
1298 746 1472 802 sancti
1516 745 1793 815 prophetae

205 853 260 901 et
287 844 607 914 patriarcha:
641 842 994 912 requirebant
1034 842 1195 894 anxie
1235 838 1359 910 quis
1395 844 1581 908 posset
1618 835 1791 906 legem

207 936 562 1008 spiritualiter
615 933 1017 1005 intelligendam
1067 946 1338 987 reserare.
1401 928 1553 996 Quod
1610 935 1792 982 autem

207 1029 357 1093 dicit,
406 1028 530 1098 quis
575 1036 663 1082 est
705 1025 900 1096 dignus
944 1023 1156 1094 aperire
1202 1020 1422 1082 librum,
1467 1027 1526 1074 et
1581 1017 1792 1073 solvere

206 1118 482 1190 signacula
511 1117 650 1188 ejus,
699 1121 1063 1186 praeposterus
1100 1112 1236 1166 ordo
1280 1110 1400 1166 est?
1446 1108 1608 1164 Prius
1646 1107 1792 1163 enim

206 1211 335 1267 dicit
356 1209 551 1263 librum
597 1206 830 1277 aperire,
877 1213 933 1258 et
969 1204 1048 1258 sic
1089 1201 1368 1274 signacula
1411 1199 1529 1268 ejus
1570 1198 1788 1264 resolvi,

204 1318 324 1358 cum
347 1300 498 1371 prius
520 1296 798 1365 signacula
821 1295 928 1350 sint
957 1293 1297 1358 resolvenda,
1339 1299 1635 1361 posteaque
1657 1289 1793 1344 liber

204 1389 527 1460 aperiendus
551 1395 652 1443 est.
669 1383 820 1454 Quod
842 1392 1019 1438 tamen
1043 1385 1117 1437 ita
1138 1381 1340 1438 factum
1361 1390 1468 1446 est,
1490 1381 1614 1450 quia
1639 1379 1791 1449 prius

202 1481 464 1537 Dominus
494 1481 690 1535 librum
732 1478 972 1549 aperuit,
999 1475 1054 1531 id
1087 1483 1173 1531 est
1210 1461 1548 1544 Scripturam
1579 1471 1790 1528 Veteris

203 1572 535 1627 Testamenti
565 1570 621 1625 in
648 1585 708 1624 se
736 1568 910 1624 lactus
936 1567 1098 1622 homo
1141 1564 1448 1635 complevit,
1499 1565 1640 1619 unde
1675 1565 1790 1633 ipse

201 1667 366 1721 dicit:
401 1664 524 1720 Non
548 1666 662 1720 veni
687 1662 883 1718 solvere
913 1661 1094 1731 legem,
1138 1659 1228 1714 sed
1255 1656 1540 1729 adimplere
1569 1655 1784 1728 (Matth.

199 1759 274 1831 v).
325 1758 391 1813 Et
432 1757 514 1813 sic
556 1757 771 1811 demum
823 1768 1114 1826 resurgens
1165 1768 1196 1806 a
1240 1751 1472 1807 mortuis
1520 1749 1790 1805 reseravit

196 1849 392 1919 sigilla,
433 1846 651 1919 quando
678 1844 961 1915 discipulis
1003 1845 1120 1899 suis
1165 1842 1378 1914 aperuit
1423 1857 1543 1911 quae
1583 1841 1786 1912 scripta

1893 649 2074 705 bebat.
2089 647 2330 716 Quorum
2347 665 2488 707 unus
2507 651 2752 707 dicebat:
2772 649 2896 704 Non
2923 650 3194 720 auferetur
3213 659 3469 722 sceptrum

1893 741 1958 796 de
1983 742 2125 796 tribu
2150 740 2318 808 Juda,
2345 753 2454 798 etc.
2480 744 2547 800 Et
2566 744 2762 800 iterum
2787 762 2800 798 :
2831 742 3080 800 Salutare
3107 752 3254 800 tuum
3285 761 3470 815 exspe-

1893 834 2066 900 ctabo,
2089 833 2307 889 Domine
2330 833 2484 905 (Gen.
2509 835 2679 903 χιιι).
2708 835 2845 891 Dum
2860 836 3005 892 enim
3027 835 3130 892 ista
3144 835 3367 901 diceret,
3383 851 3474 892 os—

1894 930 2151 985 tendebat
2177 929 2364 1000 utique
2389 929 2588 985 librum
2612 929 2762 985 illum
2793 946 2892 1001 per
2914 931 3202 988 adventum
3225 929 3346 986 Filii
3376 931 3472 986 Dei

1893 1020 2268 1085 reserandum,
2307 1019 2449 1074 unde
2479 1027 2535 1074 et
2577 1018 2955 1090 subjungitur:
2991 1018 3127 1075 Ecce
3152 1019 3275 1075 vicit
3302 1019 3381 1074 leo
3409 1019 3474 1074 de

1893 1112 2031 1166 tribu
2055 1112 2221 1177 Juda,
2251 1122 2357 1168 etc.
2390 1111 2502 1168 Leo
2529 1111 2831 1184 appellatur
2858 1111 3106 1170 Christus
3130 1128 3228 1184 per
3264 1113 3472 1184 signiti-

1893 1205 2184 1270 cationem,
2212 1206 2340 1276 quia
2377 1205 2556 1261 victor
2590 1221 2623 1260 a
2655 1204 2884 1261 mortuis
2937 1205 3259 1260 resurrexit.
3289 1206 3474 1275 Agnus

1891 1307 2114 1368 propter
2141 1298 2588 1364 victimationem,
2615 1299 2740 1368 quia
2764 1297 2978 1353 oblatus
3005 1305 3090 1352 est
3115 1313 3215 1368 pro
3238 1298 3395 1352 nobis
3420 1297 3476 1352 in
3516 1296 3518 1299 ’

1891 1404 2072 1446 cruce.
2099 1391 2176 1446 De
2199 1390 2341 1445 tribu
2368 1389 2529 1456 Juda,
2551 1390 2679 1460 quia
2708 1390 2962 1446 videlicet
2991 1405 3058 1444 ex
3087 1389 3294 1444 semine
3324 1387 3476 1444 Judze

1891 1481 2169 1537 descendit
2218 1481 2408 1547 David,
2455 1483 2522 1536 de
2560 1480 2716 1550 cujus
2759 1483 2929 1552 stirpe
2975 1479 3078 1536 fuit
3119 1482 3278 1537 beata
3324 1481 3478 1550 virgo

1890 1570 2077 1636 Maria,
2111 1572 2343 1643 ideoque
2369 1572 2525 1628 radix
2563 1562 2735 1628 David
2777 1571 3095 1643 appellatur,
3139 1570 3296 1641 juxta
3333 1572 3478 1642 quod

1888 1662 2055 1720 Isaias
2081 1663 2213 1719 dicit
2238 1666 2308 1736 (c.
2337 1665 2416 1736 ιι)
2442 1680 2458 1718 :
2483 1663 2798 1735 Egredietur
2822 1664 2970 1734 virga
2999 1664 3064 1717 de
3093 1663 3268 1718 radice
3305 1663 3476 1729 Jesse,

1888 1771 1937 1816 et
1958 1763 2056 1831 [los
2082 1761 2146 1815 de
2176 1761 2353 1815 radice
2375 1760 2491 1830 ejus
2513 1760 2776 1815 ascendet.
2801 1759 2941 1815 Ecce
2968 1758 3189 1830 (inquit)
3213 1759 3344 1814 vicit
3371 1758 3476 1814 leo.

1889 1854 2028 1922 Quid
2058 1855 2188 1909 vicit
2213 1853 2297 1909 leo
2327 1854 2450 1919 iste,
2481 1853 2536 1908 id
2565 1862 2650 1908 est
2674 1851 2960 1908 Christus?
2989 1851 3293 1916 Diabolum,
3320 1866 3479 1906 mun-

195 1949 354 1996 erant
391 1940 458 1994 de
491 1953 556 1994 eo
581 1937 635 1992 in
675 1937 791 2008 lege
828 1935 999 2007 Moysi
1033 1945 1087 1990 et
1125 1934 1408 2007 prophetis
1446 1941 1501 1987 et
1528 1933 1778 1988 Psalmis.
1813 1930 1860 1990 B
1889 1949 2046 2012 dum,
2073 1956 2303 2004 mortem
2342 1954 2397 2002 ει
2425 1944 2716 2001 infernum,
2748 1944 2980 2015 meoque
3014 1944 3213 2000 “brum
3242 1943 3477 2014 aperuit,

268 2032 339 2087 Et
362 2048 511 2086 nemo
549 2039 776 2101 poterat,
810 2044 973 2100 neque
1000 2029 1058 2081 in
1091 2027 1241 2092 cmlo,
1266 2026 1320 2081 id
1349 2033 1432 2081 est
1461 2025 1515 2080 in
1552 2024 1778 2096 angelis,

193 2139 360 2196 neque
397 2126 455 2182 in
484 2132 657 2189 terra,
697 2122 751 2176 id
787 2129 870 2177 est
909 2121 963 2174 in
1009 2119 1320 2175 hominibus
1349 2159 1365 2185 ,
1407 2135 1573 2190 neque
1608 2117 1663 2171 in
1701 2118 1784 2171 in-

194 2217 366 2286 ferno,
416 2215 471 2270 id
512 2222 597 2269 est
635 2214 691 2268 in
737 2212 1024 2267 animabus
1056 2210 1169 2280 jam
1213 2225 1440 2281 corpore
1489 2209 1779 2280 exemptis,

193 2307 397 2378 aperire
437 2304 660 2371 librant,
701 2304 756 2359 id
781 2311 866 2358 est
891 2303 1152 2374 mysteria
1192 2299 1598 2372 Scripturarum
1631 2315 1783 2355 rese-

195 2415 338 2465 rare,
382 2398 508 2469 quia
563 2396 795 2453 necdum
834 2394 1116 2466 plenitudo
1157 2395 1418 2465 temporis
1464 2393 1780 2460 advenerat,

194 2493 410 2565 quando
449 2490 579 2546 talia
625 2503 801 2560 praeco
841 2487 976 2559 legis
1026 2486 1240 2556 impleri
1285 2485 1583 2556 ﬂagitabat.
1627 2483 1781 2552 Quod

196 2602 322 2641 vero
349 2585 577 2641 dicitur:
601 2583 783 2654 Neque
809 2582 1062 2652 respicere
1087 2579 1260 2646 illum,
1293 2579 1490 2633 mirum
1515 2585 1631 2643 est;
1657 2592 1781 2632 cum
1821 2571 1825 2575 ’

193 2680 261 2733 de
299 2693 358 2734 se
402 2675 641 2732 Joannes
691 2673 889 2729 dixerit
951 2673 1248 2743 superius:
1295 2669 1417 2727 Vidi
1461 2671 1520 2726 in
1557 2671 1780 2726 dextera

193 2770 432 2825 sedentis
459 2754 675 2823 librum.
721 2765 779 2822 Si
821 2766 965 2822 enim
1007 2759 1383 2834 nemo'neque
1418 2763 1472 2818 in
1509 2761 1782 2827 coelo,ne-

191 2877 300 2932 que
329 2862 385 2916 in
412 2869 575 2926 terra,
624 2874 799 2930 neque
840 2858 941 2914 sub
970 2865 1116 2912 terra
1160 2865 1377 2928 poterat
1408 2855 1682 2926 respicere
1716 2855 1782 2910 li-

193 2955 376 3018 brum,
425 2951 696 3022 quomodo
735 2949 825 3004 ille
856 2957 1070 3020 poterat
1112 2963 1236 3004 eum
1273 2947 1494 3002 videre?
1541 2947 1650 3001 Aut
1689 2946 1782 3002 ubi

192 3043 380 3109 fuerit,
412 3050 505 3098 aut
537 3041 783 3112 nunquid
810 3041 859 3095 ei
891 3040 988 3096 soli
1021 3054 1342 3096 concessum
1372 3047 1478 3104 est,
1519 3037 1665 3110 quod
1687 3051 1782 3093 ne-

192 3134 328 3190 mini
365 3141 460 3188 aut
495 3132 774 3187 hominum
819 3139 916 3186 aut
941 3131 1256 3203 angelorum
1304 3129 1628 3200 permissum
1656 3129 1782 3184 est?

193 3227 302 3284 Sed
339 3227 610 3296 respicere
640 3223 730 3279 hic
759 3224 994 3293 positum
1029 3232 1133 3288 est,
1174 3237 1274 3292 pro
1311 3236 1376 3277 eo
1419 3221 1561 3291 quod
1589 3228 1673 3275 est
1701 3219 1783 3275 di-

1883 2047 1940 2094 et
1968 2037 2148 2108 sigilla
2177 2037 2298 2108 ejus
2335 2035 2518 2101 solvit,
2557 2035 2685 2106 quia
2718 2035 2900 2090 omnia
2927 2035 3079 2105 prius
3109 2033 3477 2104 praenuntiata
3503 2095 3506 2098 ,

1884 2129 1951 2186 de
1996 2144 2054 2184 se
2103 2129 2331 2183 veniens
2378 2128 2434 2183 in
2480 2127 2742 2182 mundum
2795 2127 3060 2198 implevit.
3107 2125 3219 2182 Nec
3263 2134 3480 2181 moveat

1881 2221 2190 2293 quempiam
2219 2235 2391 2292 quare
2420 2235 2528 2276 non
2551 2219 2686 2275 dicit
2714 2219 2918 2285 vincet,
2951 2234 3078 2274 cum
3107 2218 3180 2274 sit
3210 2232 3313 2274 vox
3339 2232 3479 2288 prte-

1882 2315 2190 2372 cedentium
2231 2313 2479 2380 Patrum,
2520 2314 2647 2384 quia
2673 2329 2830 2370 sacra
2855 2313 3136 2386 Scriptura
3163 2329 3307 2384 saepe
3335 2329 3478 2385 pra:-

1883 2404 2102 2460 teritum
2129 2403 2286 2474 ponit
2307 2417 2406 2474 pro
2431 2402 2636 2469 futuro,
2663 2414 2723 2458 ut
2751 2410 2835 2458 est
2858 2402 2988 2459 illud
3018 2421 3031 2456 :
3057 2402 3329 2458 Foderunt
3366 2420 3493 2457 ma--

1883 2513 1981 2551 nus
2009 2512 2150 2550 meas
2176 2505 2226 2549 et
2249 2495 2404 2565 pedes
2438 2512 2578 2551 meos
2606 2493 2780 2565 (Psal.
2809 2495 2910 2568 ιι).
2941 2494 3010 2550 Et
3037 2495 3167 2561 vidi,
3213 2505 3260 2550 et
3289 2511 3403 2551 ecce
3423 2497 3480 2549 in

1881 2589 2053 2644 medio
2077 2589 2254 2642 throni
2277 2597 2327 2642 et
2348 2597 2577 2658 quatuor
2598 2587 2934 2654 animalium,
2956 2596 3004 2642 et
3031 2589 3088 2642 in
3114 2588 3288 2643 medio
3315 2588 3482 2643 senio-

1883 2696 2000 2732 rum
2027 2695 2220 2749 agnum
2251 2687 2477 2732 stantem
2513 2686 2767 2750 tanquam
2811 2679 3060 2732 occisum.
3117 2677 3271 2734 Sicut
3311 2692 3477 2748 supra

1883 2769 2087 2825 dictum
2113 2778 2222 2834 est,
2247 2769 2351 2823 hoc
2371 2778 2455 2824 est
2478 2769 2731 2834 thronus,
2764 2768 2910 2838 quod
2931 2776 3168 2838 quatuor
3199 2767 3474 2832 animalia,

1885 2862 1991 2916 hoc
2017 2860 2472 2923 etiamseniores,
2506 2859 2652 2930 quod
2676 2867 2910 2930 quatuor
2935 2859 3212 2926 animalia,
3239 2868 3296 2914 et
3321 2860 3478 2914 thro-

1883 2967 2005 3016 nus,
2063 2952 2164 3007 hoc
2200 2958 2284 3006 est
2327 2950 2506 3006 omnis
2550 2948 2811 3015 Ecclesia,
2861 2950 2918 3004 in
2969 2950 3124 3020 cujus
3174 2948 3350 3006 medio
3393 2956 3479 3003 est

1883 3043 2156 3108 Christus,
2174 3043 2331 3114 juxta
2364 3041 2535 3096 illud:
2563 3039 2698 3095 Ecce
2735 3056 2828 3112 ego
2853 3040 3017 3104 venio,
3062 3049 3111 3094 et
3139 3039 3386 3094 habitabo
3423 3039 3478 3092 in

1885 3135 2054 3190 medio
2083 3135 2160 3188 tui
2199 3132 2386 3205 (Zach.
2443 3133 2528 3202 ιι).
2563 3131 2826 3201 Superius
2870 3130 3001 3186 dicit
3040 3129 3296 3197 Joannes,
3329 3129 3477 3200 quod

1883 3225 2082 3281 viderit
2123 3223 2356 3279 similem
2382 3221 2520 3278 Filio
2549 3221 2790 3277 hominis
2833 3220 3198 3276 ambulantem
3223 3220 3278 3274 in
3302 3218 3481 3274 medio

191 3333 297 3392 gne
327 3289 806 3387 comprehendere.
841 3313 974 3381 Quis
1011 3289 1514 3383 enim—angelorum
1557 3310 1642 3366 vel
1683 3311 1777 3366 ho-
1808 3289 1858 3358 ο
1886 3328 2094 3390 septem
2137 3315 2589 3371 candelabrorum
2632 3326 2944 3367 aureorum.
2987 3311 3193 3366 Deinde
3231 3311 3375 3389 quod
3399 3309 3479 3365 vi-

190 3413 402 3469 minum
427 3407 891 3480 comprehendere
931 3415 1132 3478 potest,
1165 3406 1439 3477 quomodo
1481 3405 1570 3463 ille
1611 3407 1779 3462 incir-

191 3502 554 3572 cumscriptus
577 3509 632 3557 et
663 3497 968 3555 viviﬁcator
997 3499 1221 3570 spiritus
1248 3499 1392 3553 intra
1430 3507 1643 3554 uterum
1671 3499 1781 3555 vir-

189 3600 335 3671 ginis
371 3598 443 3653 sit
466 3594 774 3653 animatus?
822 3593 1104 3662 Quomodo
1139 3591 1229 3648 ille
1264 3601 1388 3664 post
1423 3593 1784 3650 resurrectio-

192 3707 317 3747 nem
343 3705 534 3745 verum
571 3702 770 3758 corpus
796 3696 850 3742 et
879 3686 1146 3757 palpabile
1193 3687 1421 3751 habens,
1452 3686 1656 3742 clausis
1693 3685 1779 3756 ja-

191 3781 350 3845 nuis,
377 3780 519 3833 intra
545 3777 748 3832 solidos
789 3777 1028 3846 parietes
1069 3776 1138 3830 ad
1180 3775 1471 3845 discipulos
1519 3777 1781 3832 intravit?

193 3869 382 3924 Nullus
415 3869 598 3937 itaque
643 3867 878 3937 qualiter
913 3881 944 3920 a
981 3866 1077 3921 Dei
1116 3865 1254 3921 Filio
1300 3867 1665 3936 compleretur
1693 3882 1781 3922 ra-

198 3961 345 4017 tione
374 3959 572 4014 mentis
607 3965 823 4029 poterat
843 3957 1322 4027 comprehendere,
1348 3957 1488 4012 sicut
1514 3966 1568 4012 et
1599 3957 1728 4013 illud
1762 3975 1776 4012 :

196 4049 596 4106 Generationem
624 4049 740 4120 ejus
763 4049 880 4118 quis
906 4048 1173 4102 enarrabit
1197 4047 1223 4100 ?
1248 4047 1384 4120 (Isa.
1410 4049 1552 4119 Lm).
1587 4047 1658 4102 Et
1687 4065 1780 4120 ego

194 4144 381 4215 ﬂebam
407 4141 628 4196 multum
647 4142 790 4212 quia
813 4157 961 4195 nemo
990 4141 1230 4195 inventus
1248 4149 1324 4194 est
1340 4140 1531 4211 dignus
1553 4142 1608 4196 in
1638 4151 1781 4196 terra

194 4239 399 4310 aperire
432 4237 646 4303 librum,
694 4253 787 4290 nec
823 4236 998 4289 videre
1033 4251 1172 4289 eum.
1202 4233 1476 4302 Quaeritur
1516 4250 1640 4291 cum
1663 4233 1780 4303 jam

194 4330 412 4401 quando
452 4331 643 4385 beatus
701 4328 941 4384 Joannes
993 4329 1096 4383 ista
1139 4327 1376 4395 videbat,
1417 4327 1520 4384 iste
1550 4327 1688 4383 liber
1713 4328 1781 4385 de

193 4441 302 4498 quo
340 4441 504 4497 supra
548 4425 752 4481 dictum
779 4434 882 4491 est,
923 4439 1022 4495 per
1080 4425 1399 4496 mysterium
1455 4425 1778 4492 nativitatis,

192 4521 486 4591 passionis,
537 4519 977 4585 resurrectionis,
1025 4511 1385 4586 ascensionis,
1415 4528 1470 4574 et
1515 4520 1780 4576 adventus

195 4614 431 4685 Spiritus
460 4613 634 4668 sancti
649 4612 812 4669 fuerit
840 4612 1126 4677 revelatus,
1151 4625 1251 4668 cur
1273 4628 1332 4668 se
1353 4611 1565 4669 ﬂevisse
1590 4614 1779 4670 dicat?

193 4724 262 4765 eo
288 4708 433 4779 quod
459 4708 638 4763 nullus
671 4708 744 4763 sit
783 4709 1035 4764 inventus
1074 4709 1165 4779 qui
1206 4708 1404 4763 librum
1435 4719 1619 4780 posset
1653 4725 1779 4782 ape-

194 4800 325 4855 rire.
355 4797 459 4853 Sed
483 4797 758 4854 sciendum
787 4807 870 4853 est
897 4799 1022 4869 quia
1044 4813 1150 4852 non
1174 4814 1241 4854 ex
1271 4815 1367 4855 sua
1396 4816 1626 4871 persona
1655 4801 1782 4856 bea-

195 4901 282 4946 tus
308 4889 563 4955 Joannes,
606 4891 700 4945 sed
744 4905 811 4944 ex
836 4905 1065 4960 persona
1094 4891 1315 4946 Patrum
1347 4891 1560 4949 Veteris
1595 4892 1782 4948 Testa-

194 4985 364 5041 menti
401 4983 514 5050 ﬂet,
553 4985 647 5055 qui
692 4982 890 5038 ﬂebant
915 4983 1290 5040 desiderantes
1335 4987 1625 5041 adventum
1656 4985 1782 5040 Filii

194 5075 292 5131 Dei
332 5075 386 5129 in
420 5076 696 5139 mundum,
722 5089 953 5144 quorum
984 5090 1126 5130 unus
1153 5075 1364 5132 dicebat
1395 5095 1408 5130 :
1437 5075 1650 5131 Utinam
1674 5077 1785 5131 dis-

195 5183 461 5237 rumperes
503 5165 674 5230 ctelos.
707 5175 762 5222 et
782 5166 1019 5231 venires,
1041 5184 1073 5220 (ι
1097 5167 1233 5236 facie
1259 5177 1351 5221 tua
1373 5177 1573 5223 montes
1601 5169 1784 5222 turba-

197 5271 380 5316 rentur
423 5258 556 5331 (Isa.
608 5260 777 5330 ulv).
815 5257 966 5314 Unde
1002 5267 1058 5313 et
1093 5259 1352 5314 Dominus
1396 5259 1450 5312 in
1482 5258 1780 5331 Evangelia

197 5352 478 5423 discipulis
505 5366 519 5404 :
549 5349 699 5404 Beati
725 5349 942 5421 (inquit)
976 5350 1116 5404 oculi
1143 5351 1233 5420 qui
1259 5349 1430 5404 vident
1452 5365 1571 5420 qua:
1597 5365 1685 5403 vos
1706 5351 1783 5404 vi-

197 5445 332 5498 detis
355 5461 374 5500 :
402 5443 519 5496 dico
557 5441 696 5495 enim
726 5441 887 5506 vobis,
915 5442 1040 5512 quia
1079 5440 1232 5495 multi
1263 5441 1526 5512 praphette
1561 5450 1608 5495 et
1636 5457 1782 5512 reges

199 5535 472 5592 voluerunt
492 5534 662 5589 videre
684 5532 900 5605 (Matth.
927 5534 1069 5603 xm),
1099 5543 1205 5590 etc.
1237 5533 1305 5588 Et
1344 5550 1482 5588 unus
1516 5534 1580 5588 de
1611 5537 1785 5591 senio-

199 5627 345 5682 ribus
371 5627 507 5680 dixit
538 5626 704 5680 mihi:
737 5622 820 5679 Ne
863 5626 1087 5695 ﬂeveris,
1129 5643 1243 5681 ecce
1284 5627 1404 5682 vicit
1444 5627 1524 5683 leo
1558 5626 1624 5682 de
1645 5631 1784 5684 tribu

199 5718 368 5785 Iuda,
411 5719 566 5774 radix
587 5717 756 5773 Dauid
789 5719 992 5790 aperire
1021 5717 1234 5785 librum,
1276 5729 1324 5775 et
1356 5720 1553 5776 solvere
1590 5733 1785 5793 septem

200 5810 476 5883 signacula
498 5812 634 5883 ejus.
657 5811 763 5867 Per
789 5812 933 5867 hunc
957 5811 1228 5867 seniorem
1258 5813 1554 5883 quemlibet
1576 5826 1786 5884 patrem

204 5901 417 5962 Veteris
443 5901 776 5984 Testamenti
801 5904 1063 5963 debemus
1087 5903 1357 5976 accipere,
1380 5905 1474 5996 qui
1495 5905 1785 5964 adventum
1823 5959 1833 5970 ,

1809 4657 1862 4718 D

1887 3410 2029 3467 derit
2053 3409 2336 3465 sedentem
2359 3447 2374 3474 ,
2420 3420 2568 3462 nunc
2601 3413 2782 3461 autem
2814 3403 3111 3476 subjungit,
3150 3403 3297 3475 quod
3324 3404 3476 3460 vide-

1883 3505 1959 3562 rit
1999 3518 2196 3576 agnum
2224 3509 2460 3558 stantem
2485 3540 2500 3568 ,
2522 3499 2669 3571 quod
2694 3497 2878 3554 taliter
2909 3507 2994 3554 est
3024 3497 3433 3570 intelligendum
3461 3515 3474 3552 :

1882 3595 2139 3652 Ambulat
2171 3594 2454 3660 Dominus,
2502 3590 2721 3663 quando
2757 3591 2899 3646 dona
2935 3588 3323 3646 misericordia:
3366 3603 3479 3645 suae

1884 3691 1998 3748 suis
2027 3689 2215 3745 electis
2240 3687 2466 3752 tribuit,
2519 3685 2612 3740 alii
2642 3683 3112 3755 scilicebgratiam
3140 3681 3474 3752 linguarum,

1883 3783 1976 3838 alii
2024 3782 2502 3851 interpretationes
2545 3791 2880 3833 sermonum.
2912 3775 3079 3832 Sedet
3100 3789 3233 3831 vero
3260 3775 3480 3846 quando

1885 3873 2219 3945 singulorum
2255 3872 2400 3927 facta
2439 3870 2725 3940 dijudicat,
2758 3877 2869 3924 stat
2897 3869 3115 3938 quando
3135 3883 3230 3925 eos
3255 3879 3476 3926 curtan-
3567 3937 3575 3944 .

1885 3974 1970 4022 tes
1993 3964 2232 4035 adjuvat.
2276 3961 2436 4018 Stare
2465 3961 2612 4016 enim
2653 3959 2912 4030 adjuvare
2951 3967 3056 4025 est,
3085 3959 3229 4014 unde
3266 3968 3322 4013 et
3355 3958 3478 4014 Ste-

1883 4057 2094 4128 phanus
2123 4055 2264 4111 inter
2291 4067 2484 4108 manus
2512 4049 2874 4122 lapidantium
2901 4056 3137 4104 stantem
3163 4047 3316 4104 illum
3341 4049 3478 4105 vidit

1885 4151 1940 4205 in
1992 4147 2150 4204 coelo.
2195 4147 2362 4202 Recte
2402 4152 2582 4200 autem
2631 4158 2742 4199 non
2793 4141 3028 4207 occisus,
3076 4139 3171 4196 sed
3218 4147 3478 4212 tanquam

1885 4242 2095 4299 occisus
2121 4241 2177 4295 in
2215 4238 2460 4294 Ecclesia
2500 4235 2766 4301 cernitur,
2799 4237 2928 4305 quia
2964 4235 3069 4290 etsi
3099 4242 3350 4291 mortuus
3393 4245 3480 4292 est

1883 4353 1952 4393 ex
1977 4334 2313 4400 inﬁrmitate,
2347 4331 2482 4388 vivit
2507 4346 2576 4387 ex
2600 4329 2804 4385 virtute
2826 4328 2956 4396 Dei;
2987 4327 3072 4384 vel
3101 4337 3252 4386 certe
3278 4329 3334 4384 in
3357 4343 3474 4386 me-

1885 4427 1974 4484 dio
2005 4425 2302 4482 electorum
2351 4437 2574 4479 suorum
2605 4430 2868 4491 tanquam
2913 4421 3128 4477 occisus
3171 4429 3281 4476 stat
3317 4420 3477 4478 Chri-

1885 4528 2022 4586 stus,
2068 4520 2197 4590 quia
2232 4517 2473 4590 quotidie
2513 4517 2569 4572 in
2613 4516 2726 4572 suis
2769 4514 3000 4571 moritur
3039 4515 3248 4583 electis,
3279 4517 3374 4587 qui
3417 4531 3478 4574 se

1887 4611 2219 4670 mortiﬁcant
2245 4627 2368 4668 cum
2396 4609 2546 4665 vitiis
2573 4616 2630 4663 et
2656 4607 3132 4677 concupiscentiis.
3179 4606 3476 4664 Habentem

1888 4724 2084 4764 cornua
2126 4715 2340 4776 septem,
2367 4712 2416 4758 et
2439 4701 2618 4757 oculos
2640 4710 2854 4772 septem,
2882 4701 2974 4772 qui
2993 4710 3112 4756 sunt
3143 4711 3339 4771 septem
3361 4703 3476 4772 spi-

1889 4803 2022 4855 ritus
2053 4799 2151 4855 Dei
2186 4799 2331 4854 missi
2361 4799 2417 4851 in
2440 4813 2645 4851 omnem
2686 4806 2904 4850 terram.
2948 4795 3103 4863 Quod
3133 4810 3234 4866 per
3267 4804 3478 4866 septem

1889 4910 2113 4959 cornua,
2147 4892 2253 4948 hoc
2277 4891 2442 4948 etiam
2472 4891 2810 4961 signiﬁcatur
2831 4897 2886 4945 et
2907 4905 3007 4960 per
3034 4896 3240 4960 septem
3261 4890 3476 4958 oculos,

1891 4985 1945 5040 id
1976 4991 2060 5040 est
2094 4982 2332 5054 Spiritus
2369 4988 2612 5046 sanctus,
2644 4983 2786 5036 sicut
2820 4980 2937 5048 ipse
2976 4977 3311 5046 manifestat,
3350 4994 3477 5036 cum

1891 5074 2167 5147 subjungit
2191 5093 2204 5129 :
2234 5073 2338 5142 Qui
2358 5082 2484 5130 sunt
2505 5081 2712 5144 septem
2739 5071 2964 5142 spiritus
2987 5071 3082 5126 Dei
3105 5071 3256 5128 missi
3275 5071 3331 5127 in
3353 5085 3476 5128 om-

1891 5185 2016 5226 nem
2050 5178 2270 5225 terram.
2312 5168 2529 5222 Etcum
2573 5181 2712 5221 unus
2753 5165 2827 5220 sit
2855 5147 3081 5236 spiritus
3112 5162 3268 5233 juxta
3299 5164 3429 5220 illud
3458 5183 3472 5220 :

1892 5261 2119 5333 Spiritus
2167 5260 2378 5315 Domini
2422 5259 2632 5328 replevit
2676 5257 2851 5312 orbem
2907 5265 3168 5311 terrarum
3215 5254 3368 5328 (Sap.
3409 5255 3474 5327 ι).

1893 5355 2153 5410 Dicuntur
2191 5359 2397 5422 septem
2440 5350 2583 5406 oculi
2629 5349 2716 5404 vel
2760 5335 2969 5420 septem
3015 5364 3215 5406 cornua
3257 5359 3479 5422 propter

1890 5444 2257 5516 septiformem
2306 5443 2472 5514 ipsius
2514 5441 2768 5514 gratiam.
2821 5441 2925 5510 Qui
2974 5442 3112 5498 bene
3140 5457 3238 5513 per
3269 5451 3476 5514 septem

1891 5536 2074 5592 oculos
2102 5535 2393 5608 ﬁguratur,
2425 5533 2554 5606 quia
2585 5549 2714 5589 suos
2746 5532 2950 5589 electos
2974 5532 3244 5589 illuminat
3269 5533 3476 5590 discur—

1887 5640 2034 5692 rens,
2078 5625 2218 5681 sicut
2255 5624 2550 5680 Zacharias
2579 5623 2732 5691 dicit,
2763 5639 2865 5696 per
2892 5623 3206 5679 universam
3245 5631 3471 5680 terram.

1890 5718 2000 5776 Sed
2020 5719 2124 5774 hoc
2149 5718 2631 5784 considerandum,
2656 5718 2782 5789 quia
2809 5732 3014 5775 cornua
3043 5718 3097 5772 in
3123 5717 3301 5788 capite
3324 5727 3474 5785 sunt,

1887 5818 1946 5866 et
1991 5825 2207 5867 carnem
2257 5811 2544 5876 excedunt,
2589 5810 2820 5882 ideoque
2862 5825 2963 5882 per
2992 5823 3195 5866 cornua
3234 5809 3477 5866 eminen-

1889 5905 2058 5962 tiores
2099 5903 2281 5962 saeculi
2320 5901 2544 5976 iutelligi
2588 5909 2850 5978 possunt,
2895 5900 2990 5992 qui
3033 5899 3194 5971 valde
3244 5909 3474 5973 caeteros
