3972 6442
536 444 674 501 1019

998 438 1352 497 HAYMONIS
1387 434 1862 494 HALBERSTAT.
1904 431 2115 490 EPISC.
2152 430 2300 489 OPP.
2348 426 2530 487 PARS
2568 426 2610 482 l.
2648 454 2718 469 -—
2755 423 3110 481 COMMENT.
3148 424 3321 481 BIBL.

3674 424 3811 481 m“
3922 434 3925 547 4

532 557 869 629 prtecellunt,
900 565 955 611 et
980 554 1141 623 capiti
1169 552 1368 608 Christi
1403 552 1703 618 adharent,
1736 552 1791 606 in
1813 565 1922 622 quo
1945 550 2111 606 etiam
2136 554 2184 611 Α
2211 560 2328 600 esse
2358 543 2554 607 oratio,
2588 558 2750 613 quam
2779 557 2842 598 ea
2871 557 2992 612 qute
3032 557 3135 613 pro
3165 541 3386 597 inimico
3422 539 3720 602 funditur,
3756 552 3811 595 ut

532 657 589 705 et
616 662 838 721 regnum
864 652 1239 719 perceperunt.
1276 643 1409 699 Nam
1449 658 1549 714 per
1585 658 1789 699 cornua
1815 643 1979 699 etiam
2020 643 2102 697 in.
2204 636 2412 690 Domini
2445 641 2774 706 praeceptum
2819 632 3124 704 impleatur,
3169 632 3312 704 quod
3354 631 3492 688 dicit
3526 649 3542 685 :
3592 629 3807 701 Diligite

532 742 845 813 telliguntur
882 753 1065 810 regna,
1111 738 1251 794 sicut
1283 738 1339 793 in
1370 737 1637 792 lacharia
1678 736 1926 808 legimus,
1973 736 2100 806 quia

525 841 757 904 quatuor
778 845 1002 896 cornua,
1025 838 1257 900 quatuor
1278 838 1403 885 sunt
1418 845 1584 902 regna
1602 829 1939 900 principalia.
1962 828 2099 885 Hinc

529 921 727 977 Paulus
755 919 994 991 Spiritus
1014 920 1189 977 sancti
1211 934 1437 975 munere
1458 920 1707 990 quaedam
1729 920 1967 977 membra
1996 934 2101 976 cmi-

522 1012 654 1067 teris
674 1012 915 1066 eminere
938 1010 1273 1082 prospiciens
1294 1010 1405 1065 ait:
1438 1008 1542 1065 Vos
1567 1009 1622 1064 in
1647 1026 1805 1065 carne
1824 1025 1928 1064 non
1951 1009 2095 1074 estis,

521 1105 612 1159 sed
640 1106 693 1158 in
722 1104 909 1174 spiritu
939 1102 1116 1173 (Rom.
1146 1102 1288 1169 vm),
1326 1117 1390 1157 ac
1411 1101 1457 1157 si
1487 1100 1605 1159 aliis
1627 1100 1806 1157 verbis
1836 1100 2042 1156 diceret
2075 1115 2093 1154 :

525 1196 877 1267 Nequaquam
896 1206 957 1251 ut
975 1204 1170 1251 caetera
1215 1196 1457 1266 corporis
1476 1210 1601 1250 ossa
1650 1195 2093 1260 circumdamini,

519 1289 616 1344 sed
636 1296 895 1357 tanquam
921 1302 1123 1344 cornua
1152 1300 1312 1355 super
1338 1299 1555 1342 carnem
1583 1292 1640 1341 et
1661 1300 1783 1347 ossa
1803 1285 2093 1355 erigimini.

592 1378 661 1433 Et
702 1379 872 1443 venit,
913 1389 960 1433 et
991 1378 1189 1447 accepit
1215 1376 1405 1430 librum
1426 1376 1490 1430 de
1531 1376 1745 1431 dextera
1771 1375 1997 1430 sedentis
2039 1377 2096 1431 in

521 1467 730 1523 throno.
756 1466 890 1523 Cum
922 1466 1084 1522 Pater
1112 1465 1345 1535 Spiritus
1368 1474 1609 1531 sanctus,
1627 1474 1682 1520 et
1704 1466 1873 1521 Filius
1892 1466 1946 1522 in
1962 1467 2097 1521 divi-

520 1557 691 1613 nitate
718 1558 881 1612 unius
918 1557 1233 1629 substantia:
1257 1556 1385 1619 sint,
1417 1572 1588 1625 quare
1611 1548 1765 1611 dicit'
1783 1573 1980 1628 agnum
2008 1572 2094 1614 ac-

521 1649 729 1717 cepisse
784 1647 983 1702 librum
1029 1646 1098 1705 de
1134 1648 1353 1703 dextera
1403 1647 1681 1705 sedentis?
1720 1647 1945 1718 Propter
1995 1649 2097 1707 hoc

520 1737 789 1800 videlicet.
828 1737 953 1807 quia
998 1736 1091 1807 qui
1124 1751 1295 1809 agnus
1337 1735 1515 1793 factus
1543 1745 1623 1791 est
1655 1746 1907 1808 tanquam
1954 1738 2096 1793 occi-

519 1844 634 1894 sus,
670 1829 782 1900 ipse
816 1830 981 1886 homo
1010 1838 1319 1899 assumptus
1357 1829 1423 1884 de
1466 1828 1559 1884 Dei
1589 1827 1754 1884 verbo
1786 1845 1891 1885 non
1920 1829 2095 1886 solum

2199 727 2436 782 inimicos
2466 738 2687 793 vestros,
2708 735 2815 784 etc.

2270 817 2339 872 Et
2370 818 2655 875 cantabant
2673 819 2935 875 canticum
2962 836 3171 887 meum,
3197 820 3426 875 dicentes
3445 833 3466 870 :
3490 818 3718 889 Dignus
3737 836 3804 885 es,

2198 908 2436 974 Domine,
2474 912 2707 982 accipere
2744 910 2935 967 librum
2955 953 2970 979 ,
3009 922 3060 967 et
3103 913 3307 983 aperire
3334 910 3635 983 signacula
3665 912 3805 982 ejus,

2195 1001 2443 1071 quoniam
2464 1002 2664 1057 occisus
2687 1019 2740 1059 es
2758 1043 2772 1067 ,
2800 1012 2849 1057 et
2874 1002 3138 1058 redemisti
3173 1014 3269 1058 nos
3298 1003 3407 1058 Deo
3442 1004 3506 1057 in
3549 1004 3805 1073 sanguine

2198 1103 2307 1149 tuo.
2324 1090 2606 1148 Canticum
2626 1107 2822 1147 novum
2840 1092 3044 1147 Novum
3058 1104 3143 1148 est
3156 1092 3613 1156 Testamentum,
3627 1093 3687 1146 in
3704 1108 3800 1161 quo

2197 1199 2336 1239 nova
2367 1197 2455 1238 res
2490 1184 2816 1248 continetur,
2847 1183 3150 1238 incarnatio
3188 1182 3394 1239 scilicet
3420 1182 3581 1253 ejus,
3606 1183 3801 1251 passio,

2197 1289 2365 1341 mors,
2389 1276 2742 1341 resurrectio,
2769 1274 3015 1331 ascensio
3035 1275 3102 1329 ad
3123 1273 3315 1337 ccelos,
3337 1272 3545 1328 missio
3571 1271 3799 1343 Spiritus

2162 1408 2163 1411 η
2198 1367 2369 1422 sancti
2392 1407 2406 1432 ,
2444 1368 2499 1423 in
2540 1384 2647 1437 quo
2686 1358 2853 1424 etiam
2877 1368 2975 1424 sub
2999 1366 3214 1438 gemino
3243 1375 3528 1437 praecepto
3580 1376 3700 1421 tota
3722 1366 3797 1421 lex

2197 1458 2573 1526 comprehendi
2582 1467 2668 1513 tur
2684 1468 2739 1514 et
2757 1459 3053 1529 prophetae,
3068 1459 3185 1528 ipso
3198 1459 3413 1514 dicente
3431 1476 3445 1511 :
3474 1457 3793 1512 Mandata

2198 1564 2388 1603 novum
2410 1548 2476 1602 do
2499 1549 2642 1604 vobis
2673 1548 2853 1620 (Joan.
2874 1550 3017 1619 xm).
3042 1550 3119 1604 De
3140 1551 3245 1605 hoc
3263 1549 3482 1604 cantico
3510 1548 3791 1603 Psalmista

2197 1640 2364 1697 dicit:
2398 1640 2619 1696 Cantate
2641 1641 2867 1697 Domino
2891 1643 3155 1697 canticum
3181 1658 3371 1695 novum
3390 1682 3407 1706 ,
3445 1651 3674 1695 cantate
3698 1640 3789 1694 Do-

2197 1732 2361 1796 mino,
2390 1733 2559 1787 omnis
2595 1742 2737 1787 terra
2778 1729 2949 1802 (Psal.
2983 1735 3155 1795 scut).
3181 1731 3294 1788 Hoc
3310 1733 3603 1787 canticum
3620 1741 3783 1785 sancta

2197 1821 2442 1878 Ecclesia
2468 1832 2655 1880 cantat
2677 1824 2803 1894 quia
2834 1824 2938 1880 hoc
2959 1822 3160 1895 jugiter
3187 1822 3401 1883 recolit.
3432 1831 3492 1878 et
3525 1822 3657 1876 talia
3678 1836 3781 1877 eum

517 1932 550 1973 a
572 1917 731 1975 Patre
760 1920 967 1990 accepit
992 1928 1049 1974 et
1075 1918 1283 1990 Spiritu
1310 1928 1518 1982 sancto,
1544 1918 1637 1973 sed
1662 1920 1824 1973 etiam
1846 1934 1876 1973 a
1902 1919 2095 1974 divini-
2124 1904 2170 1966 Β
2197 1928 2296 1992 pro
2341 1928 2402 1968 se
2446 1914 2721 1985 peregisse
2766 1915 3063 1984 cognoscit.
3113 1912 3249 1985 ipsis
3288 1928 3519 1984 quoque
3551 1914 3780 1983 operibus

517 2016 625 2064 tate
654 2009 823 2079 ipsius
848 2009 1021 2075 verbi,
1053 2024 1159 2079 qua
1208 2024 1330 2064 eum
1364 2008 1592 2080 accepit.
1646 2009 1871 2078 Accepit
1914 2018 2095 2065 autem

514 2098 733 2166 librum,
759 2101 1017 2173 quoniam
1040 2115 1104 2157 ea
1128 2114 1250 2170 quae
1276 2099 1342 2154 de
1364 2114 1424 2155 se
1448 2107 1605 2154 erant
1628 2099 1908 2168 praedicta,
1932 2115 2096 2170 opere

510 2193 819 2265 complevit.

582 2282 652 2339 Et
690 2300 810 2339 cum
847 2284 1131 2355 aperuisset
1154 2282 1365 2349 librum,
1405 2293 1633 2355 quatuor
1669 2284 1921 2340 animalia
1942 2295 1989 2340 et
2022 2286 2094 2340 vi~

509 2377 641 2448 ginti
666 2387 894 2449 quatuor
936 2377 1162 2431 seniores
1193 2375 1489 2431 ceciderunt
1518 2393 1695 2431 coram
1717 2394 1871 2449 agno.
1906 2378 2093 2450 Agnus

457 2487 461 2491 ·
508 2465 702 2524 librum
734 2467 963 2536 aperuit,
986 2468 1202 2537 quando
1231 2482 1293 2523 ea
1321 2483 1441 2537 quae
1473 2468 1640 2524 multo
1661 2477 1786 2524 ante
1816 2470 1880 2524 de
1907 2472 2086 2540 scipso

507 2557 724 2614 fuerant
770 2557 1148 2628 prmnuntiata,
1199 2573 1362 2627 opere
1409 2558 1669 2627 implevit,
1722 2561 1861 2614 unde
1899 2575 2089 2617 omnes

507 2648 683 2706 sancti
732 2657 1123 2719 cognoscentes
1178 2647 1326 2702 illum
1378 2650 1641 2704 veraciter
1694 2650 1858 2704 Deum
1908 2666 2084 2716 suum,

508 2742 576 2797 de
604 2757 712 2812 quo
744 2750 889 2796 tanta
928 2741 1181 2813 mysteria
1218 2749 1344 2796 sunt
1376 2741 1629 2811 prmdicta
1662 2742 1881 2807 cadunt,
1922 2743 1974 2799 id
2001 2755 2088 2800 est

508 2834 731 2891 humilia
756 2835 823 2891 de
851 2849 909 2890 se
937 2834 1180 2890 sentiunt
1208 2843 1263 2889 et
1313 2835 1486 2904 ipsum
1527 2835 1824 2891 imitantur.
1853 2835 2005 2893 Unde
2030 2845 2085 2893 et

507 2928 793 2997 sequitur:
826 2926 1091 2984 Habentes
1136 2926 1329 2998 singuli
1377 2928 1609 2983 citharas
1652 2938 1699 2983 et
1739 2928 1946 2999 phialas
1988 2947 2085 2985 au-

507 3036 624 3076 reas
651 3019 834 3090 plenas
857 3021 1340 3085 odoramentorum,
1368 3037 1484 3091 qua?
1513 3030 1632 3076 sunt
1663 3024 1923 3078 orationes
1960 3041 2079 3079 sau-

506 3122 729 3169 ctoram.
764 3111 825 3173 lu
853 3112 1065 3170 cithara
1088 3121 1172 3169 est
1203 3112 1405 3182 lignum
1431 3120 1487 3167 et
1507 3113 1743 3179 chordae,
1778 3115 1871 3169 sed
1898 3123 2080 3177 tamen

505 3201 723 3261 diverso
748 3204 908 3263 modo
945 3211 1130 3261 tensae.
1169 3202 1275 3260 Per
1302 3204 1504 3276 lignum
1544 3219 1675 3275 ergo
1714 3205 1971 3261 debemus
1994 3206 2079 3262 in-

507 3296 750 3368 telligere
777 3312 993 3357 crucem
1019 3296 1242 3361 Christi,
1271 3312 1371 3367 per
1406 3298 1636 3355 chordas
1664 3299 1836 3368 ipsam
1865 3314 2084 3357 carnem

506 3397 834 3451 sanctorum.
885 3388 1204 3449 Tenduntur
1227 3388 1446 3445 chordae
1470 3389 1525 3444 in
1556 3389 1722 3460 ligno,
1756 3390 1883 3460 quia
1913 3392 2085 3447 sancti

510 3480 792 3537 imitantur
815 3478 1017 3539 Christi
1060 3496 1277 3537 crucem
1318 3488 1374 3537 et
1402 3481 1734 3550 passionem,
1766 3480 1923 3551 juxta
1958 3482 2085 3541 illud

506 3570 651 3629 Petri
695 3571 946 3640 apostoli,
984 3568 1224 3627 Christus
1265 3587 1451 3640 passus
1489 3581 1564 3625 est
1593 3588 1686 3642 pro
1732 3574 1897 3638 nobis,
1945 3575 2086 3634 vobis

509 3661 803 3732 relinquens
846 3662 1134 3732 exemplum
1181 3660 1232 3731 (1
1264 3659 1410 3717 Petr.
1442 3661 1503 3734 ll)
1540 3670 1595 3718 et
1623 3672 1835 3721 cetera.
1876 3664 1981 3721 Sed
2008 3676 2087 3722 ta-

508 3769 630 3811 men
662 3753 877 3811 diverso
905 3754 1065 3810 modo
1087 3754 1396 3821 tenduntur,
1422 3756 1547 3825 quia
1574 3772 1681 3812 non
1702 3772 1891 3814 omnes
1912 3774 2088 3830 aequa-

506 3844 629 3901 liter
654 3830 954 3916 patiuntur;
996 3845 1121 3902 dum
1151 3845 1291 3902 alius
1319 3848 1673 3921 cruciﬁgitur,
1719 3850 1858 3906 alius
1903 3852 2084 3909 decol-

503 3936 669 4004 latur,
694 3938 834 3994 alius
871 3939 1161 4005 ustulatur,
1198 3949 1360 4011 atque
1385 3942 1525 3998 alius
1554 3942 1844 4013 lapidatur,
1877 3953 1933 4000 et
1975 3961 2083 4002 ca:-

503 4036 618 4085 tera
662 4028 969 4097 hujusmodi
1017 4030 1254 4087 discreto
1291 4032 1559 4088 sustinent
1596 4042 1885 4099 tormenta.
1917 4052 2083 4093 unum

504 4130 682 4179 tamen
708 4133 901 4177 sonum
932 4135 1118 4177 omnes
1146 4121 1397 4186 reddunt,
1438 4110 1563 4193 quia
1594 4139 1754 4178 unam
1782 4123 1940 4180 ﬁdem
1969 4141 2087 4183 om-

501 4227 598 4269 nes
637 4213 976 4268 conﬁtentur.
1012 4212 1080 4268 Et
1115 4213 1257 4270 sicut
1300 4213 1544 4271 Christus
1588 4225 1835 4272 mortuus
1863 4226 1948 4273 est
1985 4233 2085 4288 pro

502 4305 628 4368 illis.
663 4306 735 4360 ita
762 4312 818 4361 et
851 4305 949 4374 ipsi
977 4306 1284 4362 moriuntur
1322 4323 1419 4378 pro
1452 4308 1587 4377 ipso.
1621 4308 1724 4363 Per
1751 4310 1963 4380 phialas
1991 4328 2085 4368 au-

508 4406 617 4455 tem
648 4397 942 4453 charitatis
1005 4396 1219 4453 illorum
1261 4398 1596 4455 latitudinem
1637 4401 1896 4458 debemus
1931 4403 2085 4460 intel-

501 4489 687 4561 ligere.
722 4486 876 4544 Unde
902 4489 1040 4545 bene
1065 4490 1400 4545 aromatibus
1427 4489 1600 4560 plena:
1628 4490 1794 4548 fuisse
1832 4493 2079 4550 referun-

505 4589 614 4635 tur.
645 4578 1245 4653 Odoramentaquippe
1276 4580 1503 4636 mundus
1535 4580 1842 4648 signiﬁcant
1883 4587 2083 4642 oratio-

504 4684 620 4724 nes.
676 4667 829 4726 Unde
878 4668 1202 4725 Psalmista;
1242 4668 1518 4740 Dirigatur
1563 4670 1732 4724 oratio
1781 4687 1896 4726 mea
1945 4676 2079 4730 sicut

504 4763 771 4817 incensum
801 4761 857 4815 in
887 4770 1163 4830 conspectu
1192 4771 1279 4815 tuo
1310 4758 1483 4833 (Psal.
1526 4761 1668 4832 ειη).
1694 4762 1943 4834 Cougrue
1976 4767 2078 4822 ita-

505 4866 609 4927 que
634 4860 758 4924 post
781 4852 1021 4909 citharas
1054 4852 1249 4925 phialae
1291 4862 1585 4922 ponuntur,
1617 4855 1741 4923 quia
1784 4855 1931 4926 prius
1976 4856 2079 4913 Do-

502 4944 682 5003 minus
709 4959 901 5014 passus
942 4953 1047 5007 cst,
1093 4953 1146 4998 et
1189 4958 1288 4998 sua
1333 4944 1580 5014 passione
1629 4943 1807 5001 taliter
1842 4948 2081 5003 ostendit

502 5036 838 5092 latitudinem
869 5036 1187 5101 charitatis,
1237 5037 1363 5091 dum
1406 5052 1507 5107 pro
1541 5039 1653 5093 suis
1682 5039 1857 5094 oravit
1903 5041 2079 5096 cruci—

438 5168 441 5169 ν
503 5128 782 5192 littoribus,
814 5128 1000 5183 dicens
1029 5146 1041 5182 :
1071 5125 1252 5191 Pater,
1297 5145 1360 5183 ne
1388 5138 1591 5183 statuas
1619 5128 1725 5183 illis
1762 5131 1857 5183 hoc
1892 5147 2077 5202 pecca-

417 5680 448 5763 It

500 5230 629 5283 tum,
662 5221 782 5292 quia
812 5220 1046 5276 nesciunt
1075 5219 1201 5286 quid
1233 5220 1436 5289 faciunt
1467 5218 1619 5289 (Luc.
1653 5220 1832 5292 χχιιι).
1868 5219 2080 5276 Habent

501 5314 684 5383 itaque
730 5313 901 5368 sancti
952 5312 1229 5376 citharas,
1288 5312 1377 5382 qui
1431 5312 1713 5366 imitantur
1765 5314 2076 5384 passionem

497 5403 719 5470 Christi,
757 5404 1030 5462 habentet
1053 5402 1281 5475 phialas,
1319 5402 1442 5472 quia
1476 5416 1580 5457 non
1612 5401 1784 5457 solum
1812 5418 1908 5474 pro
1935 5403 2076 5458 ami-

498 5495 605 5561 cis,
637 5496 729 5551 sed
758 5497 918 5551 etiam
946 5511 1046 5567 pro
1070 5496 1198 5565 ipsis
1224 5502 1382 5549 orant
1415 5492 1649 5548 inimicis
1688 5492 1827 5549 sicut
1850 5493 2076 5567 legimus

499 5589 554 5643 in
599 5589 823 5645 Actibus
872 5588 1237 5660 apostolorum
1289 5587 1353 5641 de
1406 5583 1701 5654 Stephano,
1748 5586 1840 5657 qui
1886 5587 2076 5657 positis

498 5681 722 5748 genibus
747 5680 958 5743 orabat,
992 5680 1207 5735 dicens:
1232 5674 1474 5743 Domine,
1510 5695 1571 5732 ne
1610 5687 1814 5732 statuas
1843 5676 1949 5732 illis
1978 5679 2085 5739 hoc.

495 5782 760 5841 peccatum
809 5772 947 5844 (Act.
977 5774 1097 5842 vn).
1147 5770 1498 5826 Aromatibus
1527 5777 1915 5840 comparantur
1946 5769 2075 5840 ipsa:

412 5858 425 5873 '
494 5864 770 5943 orationes
799 5874 1125 5931 sanctorum,
1174 5864 1303 5936 quia
1337 5861 1481 5921 nulla
1512 5862 1685 5935 magis
1716 5870 1868 5935 grata
1897 5870 2075 5934 potest

2199 2004 2304 2060 hoc
2332 2004 2639 2070 conﬁtetur,
2665 2005 2795 2059 dum
2815 2005 2869 2061 in
2892 2005 3109 2061 nomine
3130 2004 3248 2073 ejus
3275 2004 3433 2060 fonte
3456 2006 3775 2076 baptismatis

2197 2106 2584 2168 regeneratur.
2641 2111 2808 2168 seque
2860 2113 2982 2154 cum
3032 2098 3179 2153 vitiis
3228 2108 3288 2154 et
3331 2098 3773 2168 concupiscentiis

2195 2188 2502 2254 mortiﬁcat,
2526 2205 2621 2260 spe
2641 2206 2696 2245 et
2722 2188 2823 2245 ﬁde
2842 2205 2963 2245 cum
2986 2188 3076 2245 illo
3096 2191 3354 2263 resurgit,
3378 2199 3445 2253 et
3471 2192 3537 2245 ad
3557 2190 3773 2246 celestis

2195 2279 2526 2345 sublevatur,
2582 2281 2723 2336 dono
2776 2280 3015 2352 Spiritus
3062 2284 3232 2338 sancti
3283 2282 3663 2354 locupletatur,
3706 2283 3768 2339 ad

2187 2368 2450 2440 judicium
2480 2372 2688 2440 pariter
2723 2388 2782 2428 se
2813 2388 2938 2429 cum
2964 2374 3142 2444 capite
3169 2390 3271 2429 suo
3310 2385 3585 2430 venturam
3608 2375 3758 2445 proﬁ-

2192 2468 2357 2514 tetur.
2400 2462 2538 2527 Ouid
2562 2472 2741 2519 autem
2770 2465 2884 2535 ipsa
2922 2465 3174 2521 animalia
3204 2475 3261 2521 et
3296 2468 3536 2522 seniores
3558 2468 3747 2532 dicant,

2191 2555 2474 2611 audiamus
2502 2574 2515 2611 :
2543 2557 2767 2629 Dignus,
2786 2560 3058 2630 inquiunt,
3078 2576 3139 2616 es
3164 2561 3398 2617 Domine
3426 2561 3562 2617 Deus
3578 2570 3760 2625 uoster,

2191 2648 2437 2717 accipere
2481 2649 2679 2704 librum
2703 2692 2719 2716 ,
2764 2660 2873 2708 etc.
2918 2651 3143 2723 Accepit
3175 2653 3451 2709 Dominus
3475 2654 3767 2714 librum.et

2188 2738 2465 2811 signacula
2495 2740 2612 2810 ejus
2641 2742 2835 2808 solvit,
2877 2744 3095 2815 quando
3131 2743 3308 2801 factus
3340 2746 3549 2811 homo.
3586 2760 3643 2799 ea
3668 2757 3767 2813 qua

2189 2830 2256 2887 de
2276 2846 2333 2885 se
2355 2830 2571 2887 fuerant
2589 2834 2869 2902 praedicta,
2885 2850 3049 2906 opere
3072 2834 3334 2906 implevit.
3364 2835 3529 2892 Unde
3553 2838 3604 2893 in
3624 2836 3767 2891 Eran-

2187 2919 2327 2989 gelio
2369 2920 2626 2992 legimus,
2655 2924 2782 2994 quia
2828 2941 2951 2982 cum
2998 2934 3268 2994 gustasset
3298 2936 3532 2983 acetum
3557 2969 3576 2992 ,
3609 2928 3764 2981 dixit:

2187 3011 2616 3069 Cousummatum
2642 3026 2716 3069 est
2747 3015 2929 3087 (Joan.
2954 3016 3093 3089 nx),
3128 3032 3289 3073 omne
3322 3018 3550 3074 scilicet
3573 3018 3705 3088 quod
3726 3017 3770 3073 in

2185 3118 2273 3160 me
2300 3108 2586 3176 Oportebat
2616 3105 2732 3162 ﬁeri
2762 3122 2935 3178 usque
2969 3109 3038 3164 ad
3075 3118 3305 3179 mortem
3336 3125 3404 3165 ac
3435 3110 3489 3166 si
3522 3111 3767 3173 dicemt,

2185 3193 2269 3249 Ad
2311 3198 2771 3266 comparationem
2804 3199 3159 3256 victoriarum
3199 3210 3529 3257 nostrarum
3566 3212 3654 3257 tua
3679 3201 3767 3255 sola

2192 3286 2352 3358 digna
2391 3288 2664 3359 judicatur
2692 3291 2958 3358 victoria,
2998 3292 3155 3364 cujus
3198 3293 3475 3362 singulari
3509 3295 3764 3365 passione.

2190 3377 2255 3434 de
2275 3378 2468 3435 mortis
2492 3380 2736 3452 principe
2760 3397 2792 3437 a
2814 3382 3104 3439 maledicto
3122 3381 3259 3454 legis
3279 3384 3562 3453 redempti
3588 3397 3764 3438 sumus.

2191 3468 2249 3524 Si
2270 3470 2395 3542 quis
2429 3481 2612 3529 autem
2639 3471 2975 3530 dubitaverit
3006 3476 3061 3531 in
3088 3468 3319 3546 quatuor
3349 3477 3686 3532 animalibus
3703 3476 3767 3529 rel

2188 3564 2376 3641 viginti
2410 3576 2643 3635 quatuor
2690 3568 2995 3624 senioribus
3043 3576 3209 3625 totam
3260 3566 3583 3625 Ecclesiam
3637 3582 3767 3640 posse

2187 3655 2603 3725 comprehendi,
2650 3657 2793 3715 sicut
2822 3658 3193 3730 supradictum
3224 3667 3345 3722 est,
3377 3660 3638 3713 attendat
3663 3660 3767 3711 isto-

2189 3758 2307 3799 rum
2329 3746 2490 3803 verba
2511 3786 2526 3811 ,
2557 3746 2755 3817 quibus
2779 3747 2999 3812 dicunt,
3030 3746 3328 3803 Redemisti
3361 3763 3466 3803 nos
3500 3749 3634 3814 Deo,
3662 3748 3763 3819 quia

2187 3824 2385 3907 captivi
2415 3838 2733 3894 tenebamur
2766 3855 2798 3895 a
2835 3838 3072 3895 diabolo.
3110 3838 3194 3894 Ea:
3218 3841 3362 3894 omni
3399 3842 3591 3907 tribu,
3632 3840 3682 3896 id
3702 3848 3770 3894 est

2187 3945 2253 4009 ex
2281 3933 2429 3986 omni
2467 3930 2678 3988 ordine.
2716 3931 2852 4001 Quia
2881 3932 3024 3988 sicut
3054 3932 3427 4001 supradictum
3466 3942 3590 3998 est,
3623 3931 3767 3987 tribus

2187 4036 2218 4075 a
2243 4022 2417 4078 tribus
2436 4021 2693 4079 dicuntur
2713 4023 2998 4080 ordinibus
3024 4043 3035 4079 :
3058 4033 3106 4079 et
3134 4023 3340 4095 lingua,
3366 4024 3505 4094 quia
3529 4041 3654 4083 cum
3681 4025 3768 4077 sint

2185 4114 2525 4185 septuaginta
2563 4114 2681 4169 dure
2711 4114 2934 4188 linguae,
2974 4129 3043 4170 ex
3086 4114 3339 4171 omnibus
3388 4116 3481 4171 bis
3527 4117 3599 4171 ad
3633 4115 3768 4170 ﬁdem

2186 4218 2312 4263 sunt
2351 4208 2600 4274 collecti,
2630 4210 2722 4280 qui
2770 4208 2985 4265 fuerant
3024 4208 3413 4280 praedestinati.
3466 4210 3543 4263 Et
3577 4208 3765 4279 popula.

2184 4298 2309 4368 quia
2338 4297 2520 4368 plures
2550 4307 2675 4355 sunt
2700 4298 2880 4370 populi
2896 4314 3054 4369 quam
3077 4297 3290 4370 linguae,
3315 4306 3514 4368 utpote
3537 4316 3660 4354 cum
3681 4312 3766 4351 una

2184 4390 2366 4462 lingua
2396 4391 2574 4447 multa:
2595 4400 2783 4462 gentes
2805 4390 3120 4461 loquuntur,
3152 4390 3294 4444 sicut
3322 4388 3568 4445 Romani
3590 4432 3605 4455 ,
3636 4390 3765 4453 itali,

2184 4483 2402 4550 Franci,
2426 4481 2856 4555 Burgundiones,
2886 4479 3179 4551 Aquitani,
3201 4478 3415 4544 Gotthi,
3455 4479 3600 4535 licet
3622 4495 3767 4551 quas-

2186 4578 2308 4635 dam
2368 4589 2704 4646 unaquaeque
2750 4588 2883 4646 gens
2927 4573 3122 4627 habeat
3164 4569 3566 4641 proprietates.
3630 4568 3764 4639 Quod

2186 4678 2367 4724 autem
2401 4665 2698 4738 subjuugit,
2726 4677 2773 4718 et
2798 4665 3031 4729 natione,
3056 4662 3109 4716 id
3140 4661 3314 4732 ipsum
3340 4670 3428 4716 est
3457 4660 3617 4733 quod
3647 4677 3763 4732 pr:-

2186 4762 2411 4818 miserat
2440 4779 2453 4814 :
2485 4760 2548 4815 Et
2578 4756 2793 4831 populo,
2831 4757 2957 4829 quia
2982 4754 3234 4811 videlicet
3260 4753 3469 4809 nullum
3500 4765 3597 4810 est
3620 4769 3767 4829 genus

2186 4854 2497 4918 hominum,
2537 4869 2606 4908 ex
2632 4866 2740 4922 quo
2778 4851 2831 4905 in
2863 4848 3092 4906 ecclesia
3118 4864 3224 4903 non
3252 4848 3763 4920 comprehendatur.

2186 4946 2303 5003 Non
2319 4946 2464 5001 enim
2488 4954 2573 5001 est
2601 4945 2741 5017 apud
2774 4942 2921 4999 illum
2946 4956 3297 5015 personarum
3336 4941 3631 5001 distinctio
3650 4986 3666 5006 .
3693 4940 3767 4998 sed

2186 5039 2239 5092 in
2268 5038 2408 5092 omni
2449 5047 2597 5108 gente
2642 5037 2729 5105 qui
2777 5035 2919 5089 timet
2944 5051 3080 5100 eum,
3114 5042 3160 5087 et
3192 5042 3440 5105 operatur
3483 5034 3769 5104 justitiam,

2181 5137 2421 5198 acceptus
2447 5137 2521 5182 est
2548 5125 2629 5179 illi
2654 5126 2791 5197 (Act.
2819 5126 2897 5193 ιι).
2925 5124 2991 5179 Ει
3021 5127 3119 5180 hos
3158 5142 3265 5181 non
3312 5124 3403 5181 vili
3443 5129 3652 5197 pmtio,
3687 5123 3769 5180 se]

2180 5235 2278 5275 suo
2307 5218 2535 5272 redemit
2561 5218 2844 5287 sanguine.
2879 5215 3026 5272 Unde
3055 5216 3343 5288 Apostolus
3375 5236 3388 5271 :
3426 5214 3616 5289 Empti
3645 5217 3770 5271 enim

2178 5311 2301 5365 estis
2322 5311 2485 5381 pretio
2513 5326 2701 5381 magno
2736 5306 2787 5377 (1
2815 5307 2938 5363 Cor.
2964 5307 3060 5379 γι).

2249 5403 2318 5459 Et
2360 5403 2528 5473 fecisti
2563 5419 2657 5456 nos
2683 5401 2791 5457 Deo
2828 5412 3003 5456 nostro
3036 5417 3249 5472 regnum
3275 5411 3323 5459 et
3354 5403 3692 5461 sacerdotes,
3730 5408 3772 5452 et

2182 5493 2511 5566 regnabimus
2534 5508 2691 5561 super
2718 5502 2933 5545 terram.
2970 5487 3172 5545 Omnes
3200 5490 3360 5545 electi
3396 5505 3562 5561 reges
3590 5488 3771 5561 appel-

2183 5589 2384 5646 lantur.
2424 5584 2548 5656 quia
2592 5583 2933 5656 tyrannidem
2968 5581 3222 5639 vitiorum
3252 5582 3306 5637 in
3345 5596 3405 5637 se
3440 5592 3774 5652 consurgere

2181 5696 2287 5734 non
2312 5679 2514 5733 sinunt.
2542 5676 2793 5732 Luxuria:
2820 5675 3113 5746 appetitum
3149 5672 3386 5740 frenant,
3416 5672 3600 5744 ignem
3632 5673 3774 5727 ταω-

2181 5768 2256 5823 ris
2291 5768 2636 5837 exstinguunt
2656 5805 2671 5831 ,
2715 5773 2768 5821 et
2795 5774 2986 5820 caetera
3012 5763 3319 5835 hujusmodi
3350 5770 3694 5817 tentamenta
3722 5761 3770 5813 in

2180 5873 2239 5914 se
2265 5844 2593 5928 consurgere
2623 5854 2858 5911 volentia
2886 5855 3144 5911 obruunt.
3191 5850 3516 5915 Sacerdotes
3550 5864 3772 5933 quoque
