4000 6344
156 442 298 503 ioat
1110 437 1476 497 sxrosmo
1512 439 1578 492 IN
1616 438 2115 499 sromuvrsru.
2153 454 2225 485 έ-
2260 444 2392 503 LIB.
2431 444 2498 501 ιι.
3308 450 3450 513 im

159 557 441 619 dicuntur,
470 551 594 623 quia
625 550 834 633 seipsos
869 550 1113 620 quotidie
1141 550 1191 609 in
1224 566 1316 605 ara
1339 550 1521 607 cordis
1545 548 1752 607 sacriﬁ-
1779 548 1832 613 Α
1854 550 2158 633 volumine,
2193 556 2286 627 qui
2316 557 2477 626 dicit,
2528 555 2700 615 Hillia
2738 559 2963 617 millium
3001 564 3369 621 ministrabant
3398 567 3448 623 ei

158 651 309 725 cium
337 619 760 703 contribulatum
788 619 1040 709 oderunt,
1074 651 1132 697 ut
1153 643 1327 698 hostia
1357 643 1475 697 viva
1496 640 1659 708 .ﬁant,
1692 655 1750 697 se
1856 619 2018 711 (Dan.
2051 619 2170 719 vn).
2197 619 2608 708 innumerabilis
2635 652 2822 725 utique
2846 669 3105 713 numerus
3134 619 3446 730 angelorum

160 756 289 799 cum
334 736 482 793 vitiis
526 743 581 791 et
635 733 1089 803 concupiscentiis
1150 732 1561 789 mortiﬁeantes.
1616 730 1751 788 Hinc
1854 735 2241 794 numerabilem
2266 737 2531 811 signiﬁcat
2559 742 2956 800 multitudinem
2991 744 3309 804 electorum.
3346 747 3452 805 Tot

158 830 365 888 Paulus
393 827 525 885 dicit
550 843 564 881 :
597 824 823 883 Obsecro
856 841 944 881 vos
961 838 1054 898 per
1078 824 1492 879 misericordiam
1528 824 1623 879 Dei
1641 864 1654 889 ,
1697 832 1754 878 ut

160 919 454 978 exhibeam
483 931 705 987 corpora
734 924 902 971 vestra
929 915 1154 969 hostiam
1179 915 1427 968 uiuentem
1446 954 1461 979 ,
1486 924 1752 981 sanctam,

161 1016 277 1072 Deo
299 1013 586 1085 placentem
612 1007 786 1082 (Rom.
813 1008 931 1080 xu).
954 1007 1199 1078 Dumque
1223 1004 1327 1063 hoc
1347 1005 1573 1073 faciunt,
1596 1022 1760 1078 super

162 1118 367 1162 terram
406 1117 560 1174 reges
588 1101 859 1163 existunt,
909 1099 1036 1169 quia
1078 1098 1371 1157 carnaliter
1402 1105 1457 1153 et
1487 1097 1755 1154 desideria

163 1206 387 1253 terrena
420 1193 816 1265 comprimunt,
852 1198 907 1247 et
942 1189 1107 1246 veluti
1138 1204 1302 1260 super
1327 1188 1623 1261 subiectam
1653 1194 1767 1244 ter-'

163 1303 285 1345 ram
338 1286 457 1358 lege
501 1284 718 1341 virtutis
762 1291 1007 1354 regnant.
1057 1280 1188 1350 Qum
1232 1282 1419 1353 utique
1466 1279 1763 1337 electorum

163 1379 430 1443 Ecclesia,
456 1377 598 1435 sicut
623 1376 900 1447 redempta
927 1384 1011 1431 est
1035 1391 1065 1431 a
1096 1374 1338 1440 Christo,
1369 1375 1443 1429 ita
1475 1375 1529 1430 in
1555 1374 1645 1429 illo
1667 1373 1761 1444 qui

164 1486 289 1528 eam
327 1469 561 1525 redemit
599 1475 923 1538 potestatem
950 1474 1010 1520 ut
1042 1466 1239 1521 librum
1270 1466 1507 1539 aperiret
1532 1465 1760 1537 accepit.

238 1560 311 1617 Et
341 1559 446 1617 vidi
472 1568 521 1614 et
545 1556 724 1612 audivi
747 1572 920 1611 vocem
946 1554 1252 1626 angelorum
1278 1555 1565 1610 multorum
1587 1556 1644 1609 in
1661 1556 1765 1609 cir-

167 1658 317 1715 cuitu
335 1656 511 1711 throni
536 1662 583 1709 et
606 1651 917 1709 animalium
937 1660 983 1706 et
1005 1651 1291 1707 seniorum.
1315 1651 1468 1720 Quod
1490 1652 1606 1706 haec
1628 1648 1766 1704 visio

169 1757 282 1805 tota
334 1744 594 1818 spiritalis
640 1744 837 1809 fuerit,
902 1742 993 1799 hic
1040 1740 1479 1797 manifestissime
1527 1739 1767 1795 Joannes

1855 829 2053 907 quippe
2098 830 2345 888 homines
2393 832 2566 888 sancti
2622 837 2898 891 ascensuri
2953 846 3080 893 sunt
3132 837 3186 895 in
3218 838 3450 906 omium,

1855 930 1988 997 quot
2018 920 2089 977 ibi
2131 931 2510 978 remanserunt
2530 925 2704 996 angeli
2726 936 2987 998 pereunte
3024 930 3268 999 diabolo,
3312 947 3450 1003 quo—

1858 1011 2005 1073 niam
2047 1013 2102 1069 in
2144 1014 2393 1071 omnibus
2440 1017 2753 1089 angelorum
2796 1020 3075 1078 ordinibus
3118 1022 3221 1093 ipsi
3278 1020 3453 1083 sancti

1857 1104 2035 1161 locum
2076 1106 2372 1163 habebunt.
2412 1107 2616 1179 Dignus
2658 1119 2733 1165 est
2774 1128 2941 1182 agnus
2976 1116 3069 1186 qui
3106 1117 3308 1170 occisus
3343 1125 3452 1184 est,

1861 1196 2094 1267 accipere
2133 1198 2375 1257 uirtutem
2407 1207 2457 1253 et
2500 1197 2821 1255 divinitatem
2856 1213 2902 1256 et
2932 1204 3240 1275 sapientiam
3266 1214 3314 1260 et
3346 1204 3457 1276 far-

1862 1289 2137 1346 tiludinem
2159 1299 2207 1345 et
2226 1291 2475 1346 honorem
2497 1301 2545 1346 et
2569 1288 2791 1363 gloriam
2818 1301 2867 1348 et
2898 1292 3323 1350 benedictionem.
3352 1292 3455 1365 Qui
3494 1356 3499 1363 ,

1863 1381 2163 1451 appellatur
2189 1381 2272 1439 leo
2298 1390 2517 1457 propter
2554 1383 2958 1451 fortitudinem,
3007 1386 3124 1457 ipse
3158 1385 3458 1458 appellatur

1866 1487 2039 1545 agnus
2068 1482 2289 1544 propter
2318 1473 2684 1533 innocentiam
2713 1483 2767 1530 et
2796 1476 3220 1547 simplicitatem,
3248 1487 3305 1533 et
3331 1476 3457 1548 quia

1865 1563 1921 1621 in
1948 1564 2274 1623 sacrificium
2300 1574 2385 1625 est.
2415 1566 2646 1623 oblatus.
2666 1566 2882 1639 Dignus
2908 1576 2991 1624 est
3020 1569 3267 1640 accipere
3291 1569 3458 1625 virtu-

1871 1663 1979 1714 tem
2002 1698 2019 1725 ,
2062 1665 2124 1712 ut
2161 1657 2350 1715 eadem
2381 1659 2589 1717 scilicet
2617 1661 2789 1717 virtus
2821 1669 2877 1716 et
2905 1660 3196 1728 fortitudo,
3223 1677 3343 1733 quae
3379 1668 3461 1718 est

1870 1748 1925 1805 in
1958 1750 2144 1815 verbo,
2175 1752 2247 1806 sit
2271 1759 2327 1806 et
2348 1751 2401 1806 in
2434 1752 2654 1808 homine
2675 1762 2976 1823 assumpto,
3004 1761 3066 1807 ut
3084 1753 3266 1809 omnia
3292 1752 3461 1823 possit

166 1838 440 1903 θείθηάίίι
489 1852 611 1894 cum
656 1834 830 1893 die“:
871 1833 940 1891 Ει
979 1833 1157 1888 audi“
1206 1847 1392 1888 "0mm
1449 1830 1764 1902 αηεειονυιιι
1794 1895 1841 1917 η
1871 1841 2074 1897 Deuset
2093 1843 2275 1898 homo.
2294 1843 3460 1917 Etdivinitatem,quiainipsohabitatomnis

166 1933 500 1997 multorum;
529 1945 705 2003 neque
734 1929 880 1984 enim
900 1942 1007 1981 vox
1034 1924 1205 1983 videri
1234 1931 1437 1995 potest,
1463 1924 1557 1978 sed
1582 1922 1765 1977 videre

1875 1933 2138 2005 plenitudo
2164 1937 2453 1991 divinitatis
2481 1895 2830 2009 corpo‘ra‘lit‘er—
3008 1895 3104 2010 vii).
3116 1895 3119 1896 ν

168 2025 410 2096 positum
439 2030 525 2083 est
558 2035 657 2095 pro
702 2018 1026 2087 intelligere,
1069 2016 1212 2073 sicut
1240 2016 1294 2071 in
1326 2014 1510 2071 Exodo
1545 2014 1767 2087 legitur,

177 2116 401 2173 Videbat
421 2111 646 2185 populus
669 2128 842 2177 voces,
871 2110 924 2167 id
952 2117 1035 2167 est
1056 2107 1393 2179 intelligehat
1420 2106 1617 2178 (Exod.
1649 2103 1765 2173 xx).

167 2206 261 2265 Sic
303 2205 451 2262 enim
496 2201 735 2261 solemus
778 2209 833 2256 et
863 2216 963 2259 nos
1005 2200 1189 2256 dicere
1229 2197 1318 2254 cui
1347 2212 1510 2271 quam
1564 2194 1770 2266 aliquid

164 2296 454 2355 ostendere
497 2293 818 2364 cupientes,
861 2300 1044 2350 utrum
1090 2288 1321 2353 videat,
1369 2286 1422 2341 id
1466 2293 1550 2342 est
1588 2294 1770 2341 utrum

168 2390 438 2461 intelligat
480 2402 546 2445 ea
587 2400 710 2459 quae
749 2383 1002 2441 dicimus.
1057 2381 1228 2437 Totus
1269 2380 1471 2451 quippe
1503 2378 1654 2433 visus
1689 2374 1772 2432 vel

167 2483 387 2541 auditus
439 2478 664 2537 Joannis
712 2477 766 2532 in
818 2476 1013 2547 spiritu
1050 2472 1191 2540 fuit,
1235 2481 1398 2540 atque
1445 2470 1566 2526 ideo
1613 2468 1774 2540 spiri-

168 2573 354 2630 tualis.
394 2571 455 2628 in
483 2571 586 2631 hoc
608 2576 789 2625 autem
824 2566 943 2627 loco
970 2566 1112 2639 quod
1142 2562 1451 2636 signiﬁcant
1482 2560 1771 2627 animalia,

171 2666 388 2731 throni,
417 2671 472 2723 et
500 2663 778 2725 seniores,
810 2660 915 2716 hoc
944 2656 1254 2729 signiﬁcant
1282 2662 1336 2709 et
1364 2652 1539 2725 angeli
1568 2693 1584 2719 ,
1608 2650 1661 2707 id
1691 2654 1775 2707 est

168 2769 364 2811 onmes
394 2760 630 2811 sanctos.
673 2750 785 2806 Nec
826 2744 1165 2807 solummodo
1195 2744 1270 2799 illi
1304 2742 1647 2815 appellantur
1681 2756 1776 2795 an-

147 2843 307 2922 geli,
338 2843 431 2915 qui
461 2841 599 2897 alios
627 2840 823 2897 docent
842 2879 857 2905 ,
887 2838 1029 2894 sicut
1046 2834 1285 2907 episcopi
1305 2874 1320 2899 ,
1374 2831 1677 2905 presbyteri
1720 2840 1775 2886 et

172 2933 403 3000 exteri,
451 2930 547 2988 sed
586 2930 753 2987 etiam
797 2943 988 2987 omnes
1029 2926 1202 2999 iusti,
1254 2925 1347 2996 qui
1391 2920 1592 2979 bonum
1632 2923 1775 2992 quod

171 3024 520 3098 intelligunt,
563 3021 685 3080 aliis
719 3019 1071 3077 manifestare
1102 3016 1324 3074 student
1350 3033 1363 3069 :
1391 3029 1520 3069 nam
1547 3020 1604 3068 et
1634 3011 1775 3067 idem

169 3117 409 3177 Joannes
432 3115 565 3175 dicit
608 3116 662 3169 in
707 3128 807 3169 suo
832 3110 1126 3183 Evangelio
1151 3150 1167 3176 ,
1213 3106 1340 3180 quia
1378 3113 1630 3180 quotquot
1658 3119 1778 3160 cre-

1871 2026 2016 2089 tiam,
2041 2033 2099 2079 ut
2123 2028 2264 2082 sicut
2287 2027 2468 2082 omnia
2493 2027 2851 2085 scitYerbum
2878 2035 3003 2082 ante
3026 2028 3223 2083 saecula
3250 2044 3278 2082 a
3303 2026 3462 2087 Patre

1869 2121 2131 2190 genitum,
2154 2121 2228 2175 ita
2252 2121 2386 2176 sciat
2410 2120 2524 2191 ipse
2545 2122 2707 2177 homo
2730 2120 2785 2177 in
2803 2121 3008 2177 unitate
3027 2136 3273 2191 personae
3286 2119 3464 2177 Verbo

1871 2210 2213 2283 coniunctus,
2235 2227 2335 2269 nec
2356 2213 2648 2283 quidquam
2672 2213 2743 2271 sit
2763 2213 2905 2285 quod
2928 2227 3051 2271 eum
3080 2212 3244 2269 latere
3265 2213 3463 2287 possit;

1871 2305 1987 2375 ipsa
2029 2314 2114 2361 est
2160 2306 2357 2377 quippe
2388 2305 2484 2362 Dei
2531 2306 2705 2361 virtus
2750 2315 2806 2365 et
2840 2305 2935 2365 Dei
2982 2306 3276 2381 sapientia,
3324 2304 3463 2360 sicut

1873 2399 2011 2491 dixit
2033 2399 2323 2471 Apostolus
2346 2417 2360 2454 :
2387 2397 2607 2491 Quietsi
2633 2399 2919 2469 cruciﬁxus
2944 2409 3019 2457 est
3043 2415 3109 2455 ex
3135 2398 3463 2469 inﬁrmitate,

1871 2487 1962 2547 sed
2006 2491 2125 2547 vivit
2162 2505 2228 2545 ex
2263 2490 2450 2545 virtute
2476 2489 2574 2546 Dei
2606 2489 2689 2560 (II
2719 2487 2845 2547 Cor.
2874 2491 3016 2563 xiii).
3055 2488 3203 2551 Unde
3226 2489 3462 2560 Aposto-

1874 2584 1980 2650 lus,
2028 2582 2145 2641 Etsi
2195 2598 2523 2641 noveramus
2563 2583 2841 2639 Christum
2882 2584 3176 2643 secundum
3210 2597 3463 2653 carnem,

1874 2677 1968 2733 sed
1999 2677 2113 2747 iam
2142 2690 2287 2731 nunc
2313 2690 2418 2731 non
2461 2674 2731 2731 novimus.
2772 2674 2926 2743 Quod
2963 2683 3146 2735 autem
3182 2676 3462 2746 praemissa

1875 2769 2097 2835 virtute,
2112 2767 2400 2838 sapientia,
2422 2776 2478 2822 et
2501 2767 2802 2831 divinitate,
2823 2765 3081 2821 fortitudo
3102 2765 3463 2837 subiungitur,

1878 2863 2107 2932 repetita
2140 2860 2409 2917 sententia
2430 2868 2538 2925 est,
2569 2874 2692 2915 cum
2719 2842 2823 2913 hoc
2845 2857 2916 2915 sit
2943 2857 3115 2925 virtus
3139 2856 3283 2929 quod
3309 2854 3460 2911 forti-

1878 2953 2029 3018 tudo,
2059 2951 2148 3007 uhi
2175 2950 2352 3007 adhuc
2383 2948 2662 3005 subditur:
2685 2947 2753 3002 Et
2777 2947 3039 3003 honorem
3067 2955 3122 3001 et
3152 2944 3381 3017 gloriam
3411 2950 3462 2998 et

1878 3042 2335 3106 benedictionem,
2362 3038 2640 3099 subaudis,
2669 3036 2865 3109 dignus
2890 3042 2973 3091 est
2994 3034 3260 3107 accipere,
3292 3032 3460 3089 hono-

1883 3152 1996 3197 rem
2019 3134 2229 3193 scilicet
2254 3132 2309 3187 in
2344 3128 2761 3193 resurrectione,
2784 3127 3013 3199 gloriam
3040 3120 3095 3181 in
3127 3124 3461 3181 ascensione.

172 3210 431 3305 qidgmni
478 3207 726 3305 ίῃκθυξῃῖ
751 3202 899 3305 {udi}.
925 3201 1331 3305 ὡλπῖωῗξᾳωῗ
1360 3193 1773 3305 ﬁo‘Pdf‘f
1801 3241 1848 3305 α
1879 3193 2333 3291 benedictionem,
2356 3223 2482 3295 quia
2505 3193 2815 3281 sublevatus
2834 3220 2903 3276 ad
2924 3220 3205 3277 dexteram
3228 3227 3462 3290 paterna

175 3299 364 3372 (Joan.
379 3295 440 3369 ι),
454 3303 511 3351 et
527 3292 837 3359 Psalmista,
854 3290 966 3363 Ego
986 3290 1120 3354 dixi,
1133 3289 1209 3344 dii
1229 3290 1351 3345 estis
1367 3285 1540 3362 (Psal.
1556 3286 1767 3359 Lxxxl).

172 3391 324 3449 idem
350 3402 564 3460 quoque
601 3385 658 3440 in
700 3381 992 3454 Evangelio
1021 3378 1282 3436 Dominus
1313 3380 1420 3445 ait,
1457 3372 1565 3433 Vos
1598 3386 1774 3433 autem

173 3481 269 3553 qui
316 3479 389 3535 dii
417 3478 550 3534 estis
571 3518 587 3545 ,
630 3490 783 3549 quem
813 3488 896 3527 me
929 3488 1038 3527 esse
1071 3471 1247 3526 dicitis
1282 3467 1497 3543 (Matth.
1532 3464 1667 3539 xv)?
1716 3466 1775 3525 Si

172 3589 308 3648 ergo
333 3572 539 3639 sancti,
589 3570 683 3627 ﬁlii
708 3569 806 3626 Dei
836 3576 1120 3635 vocantur,
1165 3581 1268 3622 nec
1306 3565 1483 3621 solum
1514 3563 1610 3619 ﬁlii
1645 3560 1772 3633 Dei,

171 3666 270 3723 sed
299 3666 465 3722 etiam
493 3663 590 3730 dii,
630 3662 757 3735 quid
793 3660 990 3716 mirum
1015 3658 1061 3715 si
1088 3656 1427 3730 appellantur
1452 3653 1671 3727 angeli?
1701 3654 1777 3709 De

170 3757 262 3814 his
307 3755 508 3825 quippe
536 3748 740 3823 angelis
780 3746 948 3807 Isaias
976 3749 1147 3807 dicit:
1180 3747 1368 3819 Angeli
1410 3746 1562 3816 pacis
1590 3760 1777 3801 amare

168 3848 415 3911 ﬂebunt;
462 3852 516 3899 et
542 3841 875 3898 Zacharias:
920 3842 1089 3898 Labia
1129 3837 1428 3896 sacerdotis
1467 3835 1779 3892 custodiunt

169 3934 498 3999 scientiam,
527 3940 584 3988 et
610 3928 785 4003 legem
812 3932 1097 4003 requirunt
1124 3945 1192 3986 ex
1219 3944 1316 3985 ore
1341 3927 1486 3999 eius,
1518 3924 1646 3997 quia
1675 3939 1774 3979 an-

168 4028 331 4103 gelus
366 4022 579 4081 Domini
606 4025 944 4081 exercituum
975 4032 1080 4079 est.
1112 4022 1207 4077 lsti
1245 4020 1298 4076 in
1330 4018 1561 4075 circuitu
1598 4015 1778 4073 throni

170 4130 233 4176 et
255 4117 572 4175 animalium
595 4124 742 4183 sunt,
764 4116 892 4187 quia
914 4116 1019 4188 ipsi
1042 4122 1167 4170 sunt
1198 4114 1381 4169 throni
1403 4120 1458 4168 et
1487 4111 1742 4167 animalia
1759 4151 1776 4179 ,

167 4211 283 4284 ipsi
306 4224 520 4281 quoque
548 4207 725 4281 angeli
755 4218 809 4265 et
835 4208 1099 4265 seniores.
1142 4205 1439 4262 Possumus
1463 4214 1520 4261 et
1548 4206 1649 4261 hos
1675 4220 1777 4260 an-

167 4303 331 4380 gelos
360 4301 658 4373 intelligere
702 4316 967 4374 supernos
1006 4299 1263 4375 spiritus,
1311 4297 1403 4368 qui
1445 4297 1500 4352 in
1547 4296 1777 4352 circuitu

167 4392 437 4452 Ecclesiae
465 4394 795 4459 consistunt,
822 4392 1104 4464 ipsamque
1125 4390 1621 4458 custodiunt,juxta
1649 4384 1777 4442 illud

167 4485 425 4559 Apostoli
454 4503 466 4538 :
500 4481 690 4540 Nonne
723 4500 902 4540 omnes
948 4482 1165 4556 spiritus
1208 4480 1576 4537 ministratorii
1620 4488 1773 4547 sunt,

168 4580 328 4635 missi
365 4578 421 4632 in
460 4577 811 4633 ministerium
833 4618 849 4645 ,
907 4585 1118 4649 propter
1153 4573 1372 4645 eos‘qui
1415 4572 1773 4627 ha’reditatem
1801 4605 1854 4665 Β

170 4672 395 4743 capiunt
439 4669 626 4725 salutis
666 4666 867 4742 (Hebr.
931 4670 1015 4742 ιι).
1062 4667 1183 4724 Non
1228 4668 1450 4723 dubium
1497 4674 1581 4723 est
1627 4664 1771 4721 enim

169 4762 325 4835 quod
370 4758 439 4816 de
485 4760 829 4833 reparatione
872 4760 1095 4815 humani
1147 4757 1363 4833 generis
1412 4757 1512 4829 ipsi
1559 4770 1775 4827 quoque

170 4852 361 4925 angeli
385 4862 512 4910 sunt
534 4852 725 4919 laetati,
749 4852 841 4925 qui
867 4853 1019 4927 prius
1037 4853 1284 4908 homines
1311 4868 1341 4907 a
1373 4867 1472 4908 suo
1500 4848 1776 4907 consortio

170 4944 516 5014 deputahant
538 4950 841 4999 extraneos.
863 4938 1016 4999 Unde
1037 4949 1164 4996 nato
1178 4936 1428 5008 Domino,
1453 4938 1624 4997 adfuit
1639 4938 1777 4994 mul-

170 5034 361 5091 titudo
396 5032 600 5091 militiae
630 5035 870 5091 caelestis
909 5032 1246 5089 laudantium
1290 5033 1459 5091 Deum
1494 5041 1550 5088 et
1597 5032 1779 5087 dicen-

173 5132 344 5197 tium,
371 5127 553 5184 Gloria
578 5129 632 5183 in
652 5126 868 5183 excelsis
889 5122 1025 5195 Deo,
1050 5134 1099 5185 et
1118 5126 1177 5180 in
1197 5136 1337 5180 terra
1358 5138 1465 5196 pax
1482 5123 1778 5179 hominibus

173 5224 336 5278 bonw
378 5214 663 5276 voluntatis
703 5218 855 5293 (Luc.
902 5218 988 5294 ιι).
1027 5217 1155 5275 Sive
1200 5218 1305 5273 hoc
1354 5215 1421 5271 de
1469 5214 1779 5269 hominibus

174 5312 394 5373 sanctis
426 5314 540 5369 sive
566 5314 633 5368 de
659 5313 970 5369 caelestibus
1010 5309 1292 5383 spiritibus
1328 5306 1560 5370 dicatur,
1590 5310 1777 5359 osten-

177 5407 336 5465 ditur
362 5403 647 5461 multitudo
673 5403 1108 5470 innumerabilis,
1139 5416 1264 5459 cum
1291 5397 1638 5470 subiungitur
1663 5413 1676 5449 :
1708 5392 1777 5449 Et

176 5509 302 5557 erat
337 5514 584 5554 numerus
623 5513 806 5552 eorum
840 5495 1008 5552 millia
1038 5492 1259 5550 millium
1281 5535 1296 5561 ,
1338 5489 1622 5546 dicentium
1659 5500 1779 5541 voce

176 5609 404 5667 magna.
453 5592 510 5648 Si
558 5592 703 5649 enim
742 5598 952 5648 certum
979 5602 1262 5645 numerum
1291 5584 1593 5657 posuisset,
1630 5594 1751 5636 sum

178 5698 341 5745 mam
374 5700 562 5741 eorum
587 5686 918 5757 exprimens,
950 5688 1004 5738 et
1028 5681 1230 5736 diceret
1260 5682 1445 5734 decem
1477 5672 1663 5739 millia,
1693 5678 1785 5725 aut

181 5787 410 5838 centum
438 5774 623 5842 millia,
656 5786 750 5832 aut
776 5776 820 5832 si
846 5775 974 5847 quid
1004 5769 1331 5842 huiusmodi,
1356 5768 1543 5838 utiqhe
1572 5763 1783 5819 ﬁnitum

124 5950 137 5965 ⁸
178 5871 507 5945 ostenderet
531 5884 836 5927 numerum.
853 5866 982 5925 Tale
1001 5877 1216 5945 quoque
1235 5860 1462 5937 legimus
1481 5856 1533 5914 in
1550 5855 1789 5915 Danielis

1881 3322 2181 3393 maiestatis
2209 3317 2567 3384 benedicitur,
2607 3316 2663 3375 id
2701 3324 2786 3373 est
2824 3314 3073 3379 laudatur
3102 3313 3171 3373 ab
3197 3311 3345 3366 omni
3370 3324 3462 3367 sua

1878 3425 2151 3473 creatura.
2188 3412 2418 3484 Dignum
2462 3418 2548 3467 est
2585 3409 2728 3471 enim
2754 3447 2770 3474 ,
2800 3414 2863 3463 ut
2889 3406 3201 3465 humanitas
3224 3402 3347 3460 Filii
3372 3401 3462 3459 De‘

1880 3523 2001 3580 quae
2032 3514 2181 3563 tanta
2216 3504 2475 3565 sustinuit
2507 3502 2878 3559 cruciamenta
2906 3534 2923 3567 ,
2954 3505 3080 3569 post
3106 3503 3298 3575 sputa,
3345 3502 3463 3580 post

1878 3574 2085 3668 alapas,
2112 3602 2361 3659 mortem,
2393 3591 2750 3664 sepulturam,
2778 3596 3052 3661 resurgat,
3078 3595 3134 3644 et
3164 3586 3223 3647 in
3245 3574 3463 3653 dextera

1878 3690 2061 3747 Patris
2073 3687 2391 3752 collocetur,
2422 3694 2478 3745 et
2502 3684 2570 3741 ab
2594 3682 2743 3740 omni
2768 3690 3018 3741 creatura
3039 3679 3312 3746 laudetur,
3335 3676 3463 3737 ado-

1881 3789 2054 3845 retur,
2091 3787 2149 3835 et
2175 3777 2531 3849 glorificetur,
2554 3783 2722 3845 atque
2740 3773 3112 3831 benedicatur.

1951 3895 2021 3951 Et
2049 3910 2252 3952 omnem
2278 3900 2575 3948 creaturam
2598 3906 2717 3961 quae
2747 3891 2807 3945 in
2847 3887 2975 3943 calo
2999 3895 3094 3952 ut,
3119 3894 3169 3941 et
3190 3899 3350 3954 super
3367 3892 3450 3939 ter

1880 4007 2015 4057 ram,
2047 3998 2093 4045 et
2112 3987 2294 4043 subtus
2318 3995 2457 4040 terra
2477 3991 2527 4038 et
2550 3997 2667 4055 qua
2694 3988 2816 4036 sunt
2834 3981 2891 4034 in
2919 3977 3076 4041 mari,
3102 3986 3281 4047 etquae
3307 3975 3363 4029 in
3384 3988 3464 4041 eo,

1879 4082 2069 4153 dignus
2097 4085 2172 4134 est
2200 4077 2452 4146 accipere.
2486 4071 2559 4130 Ut
2594 4071 2845 4127 videlicet
2878 4070 2994 4140 ipsa
3022 4066 3330 4124 humanitas
3352 4077 3463 4119 om-

1880 4177 1969 4233 nia
1995 4174 2271 4246 possideat
2300 4171 2353 4225 in
2391 4158 2567 4233 cmlo,‘
2596 4166 2651 4221 id
2675 4173 2759 4221 est
2786 4165 2841 4219 in
2863 4162 3086 4235 angelis,
3129 4162 3182 4216 in
3211 4169 3380 4222 terra,
3414 4156 3465 4211 in

1878 4264 2208 4329 hominibus,
2237 4262 2339 4317 sub
2372 4268 2538 4322 terra,
2572 4258 2627 4313 in
2659 4256 2870 4312 inferno
2895 4262 2951 4309 et
2977 4254 3030 4308 in
3062 4250 3219 4316 litari,
3252 4255 3308 4303 et
3348 4261 3464 4317 qua

1880 4361 2085 4419 suntin
2113 4373 2198 4414 eo.
2226 4355 2338 4413 Hoc
2365 4362 2452 4410 est
2479 4351 2622 4425 quod
2653 4351 2769 4422 ipse
2796 4349 3056 4405 Dominus
3103 4356 3391 4416 resurgens
3436 4356 3465 4397 a

1878 4455 2129 4520 mortuis,
2162 4452 2293 4507 dicit
2320 4466 2335 4504 :
2379 4449 2523 4505 Data
2555 4454 2633 4502 est
2662 4445 2791 4500 mihi
2818 4444 2984 4497 omnis
3009 4448 3235 4511 potestas
3256 4438 3312 4492 in
3341 4433 3466 4490 caelo

1880 4558 1928 4604 et
1948 4549 2005 4604 in
2028 4558 2168 4603 terra
2195 4542 2410 4617 (Matth.
2448 4538 2664 4611 xxviii).
2719 4544 2776 4592 et
2799 4532 3088 4607 Apostolus
3121 4548 3135 4585 :
3166 4529 3237 4585 ιη
3261 4529 3467 4584 nomine

1879 4638 2011 4696 Iesu
2035 4654 2186 4695 omne
2213 4648 2357 4709 genu‘
2397 4634 2645 4706 ﬂectatur
2689 4628 2989 4690 caelestium,
3041 4623 3384 4687 terrestrium,
3423 4631 3469 4676 et

1882 4733 2211 4800 infernarum
2254 4726 2475 4800 (Philip.
2532 4721 2613 4794 ιι).
2669 4721 2969 4778 Possumus
3010 4726 3069 4772 et
3094 4730 3245 4771 mare
3274 4713 3472 4785 allego—

1885 4825 1998 4879 rice
2027 4820 2326 4894 intelligere
2360 4818 2503 4873 hunc
2531 4811 2812 4878 mundum,
2860 4812 2942 4871 in.
2961 4823 3070 4879 quo
3093 4802 3469 4875 comprehensi

1886 4923 2012 4972 sunt
2039 4924 2254 4971 centum
2285 4908 2677 4981 quinquaginta
2707 4914 2819 4960 tres
2844 4904 3043 4973 pisces,
3093 4897 3290 4969 quibus
3319 4908 3470 4949 eom-

1885 5005 2238 5080 prehenditur
2277 5015 2536 5058 numerus
2565 4999 2883 5055 electorum.
2936 4991 3129 5046 Omnes
3157 4986 3333 5042 audivi
3383 4984 3468 5041 di-

1885 5079 2056 5159 centes
2078 5097 2282 5156 sedenti
2306 5110 2463 5166 super
2490 5094 2735 5149 thronum
2781 5098 2829 5145 el
2853 5101 3038 5159 'ngno:
3091 5079 3390 5137 Benedictio
3419 5085 3469 5132 et

1885 5198 2052 5252 honor
2083 5203 2131 5249 et
2160 5191 2327 5263 gloria
2354 5198 2401 5244 et
2421 5196 2648 5259 potestas
2677 5186 2732 5239 in
2759 5179 2953 5238 srrcula
2978 5175 3313 5234 swculorum.
3342 5172 3469 5227 0m-

1884 5304 2000 5354 ncs,
2035 5288 2086 5342 id
2120 5262 2201 5341 est
2227 5279 2504 5345 animalia,
2540 5276 2807 5337 seniores,
2832 5278 2890 5327 et
2912 5267 3151 5342 angelos,
3180 5263 3360 5320 audivi
3390 5262 3469 5319 di-

1884 5392 2072 5438 centes
2104 5377 2313 5434 sedentl
2365 5375 2418 5429 in
2449 5375 2665 5433 throno,
2696 5367 2808 5422 Deo
2860 5363 3032 5428 Patri,
3061 5370 3118 5418 et
3153 5373 3296 5431 agno
3330 5355 3468 5415 Filio

1872 5474 2022 5545 'ejus.
2052 5473 2169 5541 Quo
2196 5471 2248 5526 in
2278 5469 2398 5524 loco
2418 5481 2538 5522 cum
2558 5474 2804 5534 personae
2830 5457 3015 5513 Patris.
3034 5464 3090 5512 et
3119 5452 3243 5508 Filii
3268 5449 3473 5507 solum-

1888 5542 2049 5623 modo
2086 5572 2375 5639 ponantur,
2428 5558 2500 5613 ibi
2534 5555 2738 5627 pariter
2760 5559 2818 5607 et
2863 5549 3099 5622 Spiritus
3140 5553 3361 5602 sanctus
3384 5542 3469 5639 iit-

1890 5632 2185 5728 telllgitur:
2236 5652 2364 5724 quia
2413 5648 2503 5705 ubi
2536 5646 2705 5701 Filius
2730 5652 2788 5699 et
2821 5640 3058 5712 Spiritus
3099 5643 3343 5701 sanctus,
3392 5632 3467 5689 ibi

1878 5756 2050 5811 etiam
2079 5753 2196 5807 sine
2224 5747 2387 5806 dubio
2420 5739 2898 5814 comprehenditur
2924 5744 2978 5793 et
2994 5733 3181 5789 Pater.
3214 5731 3328 5787 Hoc
3368 5729 3474 5785 lla-

1889 5862 1996 5931 que
2025 5858 2169 5905 nunc
2194 5852 2381 5901 sancta
2401 5836 2646 5895 Ecclesia
2668 5832 2997 5908 generaliter
3013 5826 3146 5886 facit
3167 5838 3291 5903 qua
3311 5824 3366 5881 in
3389 5820 3478 5881 his
