4000 6344
569 479 709 534 {0‘25

1064 466 1416 526 ﬂAVMONIS
1451 461 1933 522 HALBERSTAT.
1973 460 2190 518 EPISC.
2233 458 2381 516 OPP.
2425 456 2604 512 PARS
2642 456 2682 511 1.
2714 486 2781 496 -
2806 453 3160 511 COMMENT.
3206 454 3376 511 BIBL.
3418 475 3428 482 ·

3706 457 3830 518 ιωι

569 589 894 647 animalibus
919 627 934 654 ,
995 584 1296 640 senioribus
1319 623 1335 649 ,
1383 590 1439 637 et
1482 579 1691 651 angelis
1730 579 2150 642 demonstratur,
2179 580 2231 640 Α
2256 575 2448 630 invitat
2471 573 2766 629 Ecclesiam
2790 580 3130 642 sequentem,
3155 571 3343 627 dicens
3368 590 3381 626 :
3410 569 3543 627 Veni
3588 572 3660 629 ad
3689 575 3827 631 ﬁdem

569 685 696 756 quia
723 683 904 736 laudat
929 679 1241 736 Creatorem
1267 691 1444 740 suum,
1473 675 1562 729 cui
1591 673 1694 728 soli
1715 673 1940 728 debetur
1962 673 2150 735 honor,

567 773 891 839 benedictio,
917 772 1036 826 laus
1063 779 1119 825 et
1145 769 1314 839 gloria
1343 768 1396 821 in
1423 765 1620 822 saecula
1649 763 1988 819 smeulorum.

639 865 708 919 Et
751 873 980 935 quatuor
1015 859 1270 914 animalia
1319 857 1603 910 dicebant:
1634 854 1819 907 Amen.
1870 850 1936 905 Et
1977 849 2156 920 viginti

567 965 796 1029 quatuor
823 954 1053 1008 seniores
1100 951 1416 1012 ceciderunt,
1447 957 1494 1000 et
1523 945 1869 1000 adoraverunt
1907 944 2156 997 viventem

471 1093 480 1116 ,
567 1047 624 1102 in
654 1045 848 1102 sarcula
900 1042 1234 1098 swculorum.
1290 1037 1445 1094 Sicut
1485 1051 1626 1107 saepe
1661 1035 1861 1090 dictum
1910 1043 2010 1098 est,
2051 1032 2155 1087 hoc

569 1147 697 1194 sunt
730 1137 984 1192 animalia
1029 1134 1172 1206 quod
1224 1133 1504 1196 seniores,
1535 1129 1589 1184 id
1624 1136 1710 1184 est
1757 1135 1928 1183 totum
1959 1140 2154 1195 corpus

568 1227 847 1284 Ecclesiae.
888 1225 1248 1294 Quamobrem
1283 1232 1340 1279 et
1372 1222 1610 1278 seniores
1664 1237 1786 1276 cum
1832 1219 2155 1274 animalibus

568 1318 743 1374 Amen
781 1315 1139 1386 respondent,
1167 1323 1221 1370 et
1263 1312 1515 1368 animalia
1543 1327 1665 1367 cum
1710 1311 2016 1366 senioribus
2061 1309 2154 1363 ad-

569 1417 731 1467 orant
757 1417 812 1463 et
840 1407 1057 1462 cadunt.
1080 1405 1196 1462 Una
1218 1405 1360 1459 enim
1377 1404 1672 1473 eademque
1698 1402 1941 1457 Ecclesia
1970 1400 2151 1456 diver-

570 1501 644 1556 sis
671 1497 945 1554 vocabulis
987 1496 1234 1568 ﬁgurata,
1285 1503 1341 1549 et
1365 1495 1534 1550 Deum
1579 1493 1869 1556 collaudat,
1901 1501 1955 1547 et
1980 1492 2153 1562 ipsam

570 1590 728 1644 ﬁdem
769 1587 1090 1657 interposito
1134 1585 1306 1640 Amen
1360 1599 1545 1638 veram
1593 1598 1715 1638 esse
1763 1583 2067 1646 conﬁrmat,
2097 1587 2154 1636 et

569 1695 690 1734 eum
719 1694 878 1750 quem
905 1693 1034 1733 vero
1059 1677 1232 1731 laudis
1267 1675 1537 1746 praeconio
1561 1673 1778 1738 attollit,
1822 1673 2021 1728 cadens
2054 1672 2152 1726 hu-

568 1772 768 1826 militer
812 1773 1022 1826 adorat.
1074 1769 1211 1837 Quid
1263 1769 1334 1824 sit
1380 1777 1558 1822 autem
1610 1768 1712 1822 iste
1746 1781 1904 1822 casus
1936 1775 1992 1821 et
2035 1765 2152 1821 batc

569 1865 832 1932 adoratio,
861 1863 1155 1936 suprajam
1183 1862 1553 1934 exposuimus.
1590 1857 1850 1930 Sequitur
1881 1877 1895 1890 σ
1934 1858 1942 1863 ’

1173 2016 1401 2074 CAPUT
1448 2015 1537 2071 Vl.

638 2132 708 2186 Et
736 2133 842 2188 vidi
867 2149 985 2188 cum
1013 2133 1298 2204 aperuisset
1319 2149 1484 2205 agnus
1512 2149 1676 2186 unum
1694 2148 1759 2188 ex
1791 2139 1982 2203 septem
2007 2133 2152 2205 sigil-

567 2223 653 2278 iis.
703 2223 925 2293 Apertio
954 2223 1113 2296 sigilli
1154 2224 1410 2279 revelatio
1447 2232 1530 2279 est
1556 2225 1905 2279 sacramenti.
1949 2225 2148 2281 Ve'rum

566 2331 666 2388 per
691 2325 900 2387 septem
925 2315 1119 2386 sigilla,
1151 2316 1292 2371 sicut
1320 2316 1690 2387 supradictum
1723 2325 1825 2383 est,
1873 2315 2151 2386 plenitudo

567 2407 953 2478 mysteriorum
1002 2407 1439 2463 absconditorum
1492 2407 1824 2478 designatur,
1865 2423 1986 2477 quae
2013 2407 2148 2463 late-

567 2499 662 2554 bat
681 2507 807 2553 ante
832 2499 1124 2554 adventum
1154 2498 1384 2554 Domini.
1419 2499 1549 2566 Quae
1583 2514 1707 2553 cum
1740 2499 1907 2554 multa
1939 2500 2066 2565 sint,
2096 2507 2153 2554 et

568 2589 897 2644 multimodis
927 2589 1307 2658 pratnuntiata,
1347 2596 1406 2642 ut
1433 2589 1509 2642 ait
1547 2588 1869 2658 Apostolus:
1911 2587 2152 2656 Multifa-

569 2680 703 2733 riam
727 2680 1006 2749 multisque
1027 2679 1194 2733 modis
1221 2678 1345 2733 olim
1380 2678 1520 2734 Deus
1561 2679 1774 2751 loquens
1814 2680 2049 2750 patribus
2095 2679 2152 2734 in

567 2769 830 2840 prophetis
870 2767 1057 2840 (Hebr.
1099 2770 1163 2840 ι),
1213 2776 1440 2840 possunt
1479 2777 1657 2822 tamen
1697 2769 1946 2823 universa
1980 2768 2153 2824 tribus

568 2861 744 2916 modis
779 2860 1198 2931 comprehendi,
1247 2860 1457 2916 scilicet
1494 2860 1793 2927 locutione,
1849 2861 2060 2917 actione
2097 2870 2154 2916 et

570 2967 750 3025 opere,
788 2953 937 3009 verbi
966 2953 1140 3024 gratia
1166 2970 1179 3007 :
1224 2953 1364 3009 Ecce
1391 2953 1572 3017 venio,
1603 2952 1803 3007 locutio
1825 2962 1944 3007 est:
1981 2952 2039 3007 In
2063 2968 2153 3008 ea-

565 3046 677 3117 pite
699 3045 824 3101 libri
855 3047 1116 3116 scriptum
1138 3054 1222 3102 est
1255 3047 1320 3101 de
1349 3061 1456 3112 me,
1484 3045 1724 3116 cognitio
1751 3053 1836 3100 est
1859 3044 2154 3116 praemissae

569 3137 875 3203 locutionis,
907 3135 1182 3192 Christum
1211 3137 1610 3201 demonstrans,
1633 3136 1700 3190 de
1720 3151 1826 3206 quo
1854 3137 2150 3206 propheta:

570 3228 705 3283 Ecce
749 3229 911 3284 veniet
957 3229 1280 3283 desideratus
1307 3229 1508 3283 cunctis
1555 3227 1787 3299 gentibus
1837 3228 2038 3299 (Aggw.
2067 3227 2150 3298 ιι).

2255 669 2464 724 scilicet
2487 667 2709 733 Christi,
2747 681 2853 721 non
2897 663 3171 737 gressibus
3213 665 3480 736 corporis,
3510 665 3611 720 sed
3641 665 3758 720 ﬁdei
3781 677 3828 722 et

2254 761 2473 827 mentis,
2499 769 2557 817 et
2587 760 2855 815 transiens
2882 774 2914 814 a
2940 758 3168 831 mystico
3192 757 3325 828 legis
3373 767 3431 812 et
3454 757 3826 829 prophetarum

2253 852 2468 922 eloquio
2516 853 2582 908 ad
2629 853 2950 924 cognitionis
2994 849 3348 913 intellectum,
3392 859 3446 904 et
3473 850 3602 904 vide
3629 865 3693 904 ea
3730 866 3827 918 qua

2254 952 2380 998 ante
2405 951 2530 998 sunt
2561 944 2839 1014 praedicta,
2880 943 2993 1012 jam
3031 950 3218 1010 aperte
3266 939 3563 1010 completa.
3597 938 3732 993 Hinc
3760 947 3827 992 est

2254 1028 2408 1100 illud,
2439 1034 2596 1099 Audi,
2627 1033 2761 1102 ﬁlia,
2793 1043 2840 1088 et
2866 1033 2980 1087 vide
3015 1031 3189 1105 (Psal.
3224 1030 3393 1102 XLIV).
3450 1029 3600 1085 Audi
3645 1030 3827 1085 scilicet

2253 1125 2533 1193 praedicta,
2565 1124 2684 1178 vide
2707 1123 2994 1193 completa.

2326 1215 2394 1269 Et
2434 1232 2549 1270 ecce
2577 1233 2736 1286 equus
2782 1216 2954 1280 albus,
2989 1223 3037 1269 et
3065 1215 3157 1286 qui
3205 1213 3414 1269 sedebat
3462 1229 3630 1284 super
3677 1213 3823 1278 illam,

2252 1306 2471 1360 habebat
2520 1323 2737 1372 arcum,
2787 1315 2834 1360 et
2869 1307 2994 1360 data
3043 1317 3117 1360 est
3162 1306 3211 1359 ei
3248 1322 3462 1359 corona.
3519 1303 3631 1359 Per
3656 1319 3823 1372 equum

2255 1396 2436 1452 album
2488 1398 2743 1452 debemus
2790 1398 3085 1468 intelligere
3130 1414 3326 1467 corpus
3380 1397 3725 1452 Dominicum
3771 1396 3824 1448 ab

2254 1489 2400 1544 omni
2430 1498 2651 1559 peccato
2681 1490 2937 1544 mundum
2970 1507 2984 1544 :
3027 1505 3121 1560 per
3145 1504 3414 1544 sessorem
3444 1489 3600 1543 illius
3619 1530 3634 1552 ,
3663 1487 3824 1542 divini-

2255 1589 2418 1635 tatem
2449 1581 2648 1646 Verbi,
2700 1595 2820 1651 quae
2851 1596 2994 1634 nunc
3027 1581 3212 1650 utique
3260 1595 3426 1650 super
3475 1579 3628 1634 hunc
3655 1593 3820 1648 equum

2254 1672 2514 1736 ascendit,
2546 1671 2760 1741 quando
2787 1671 3022 1726 Verbum
3052 1671 3144 1724 Dei
3165 1684 3384 1725 carnem
3409 1678 3462 1724 et
3487 1671 3717 1724 animam
3740 1669 3821 1722 sibi

2255 1765 2397 1818 intra
2430 1773 2641 1817 uterum
2669 1762 2895 1833 virginis
2923 1761 3224 1832 conjunxit.
3259 1761 3412 1818 Unde
3438 1762 3562 1832 ipse
3583 1776 3676 1830 per
3699 1759 3822 1814 Psal-

2253 1856 2468 1910 mistatn
2491 1854 2729 1923 loquitur
2751 1856 2817 1908 ad
2849 1855 3016 1910 Deum
3061 1856 3294 1917 Patrem,
3338 1863 3398 1907 ut
3419 1855 3714 1924 jumentum
3753 1854 3818 1921 fs-

2174 1947 2223 2008 B
2250 1956 2361 2000 ctus
2387 1963 2502 1999 sum
2530 1945 2670 2015 apud
2701 1955 2750 1999 te
2785 1943 2957 2015 (Psal.
3005 1947 3178 2016 Lxxn)
3199 1987 3215 2011 ,
3245 1955 3350 2001 etc.
3381 1944 3490 2000 Per
3518 1961 3697 1999 arcum
3732 1945 3818 1998 duo

2249 2037 2621 2108 signiﬁcantur
2657 2036 3026 2102 Testamenta,
3067 2052 3134 2091 ex
3170 2052 3278 2106 quo
3319 2045 3401 2089 tot
3428 2037 3721 2105 procedunt
3753 2049 3819 2087 ss-

2249 2129 2417 2201 gittae,
2464 2139 2596 2198 quot
2615 2137 2741 2183 sunt
2762 2128 2945 2182 divina
2975 2128 3210 2199 eloquia.
3254 2127 3482 2198 Sagittis
3511 2127 3651 2180 enim
3683 2127 3820 2180 inter

2250 2221 2504 2278 ﬁciuntur
2533 2221 2796 2284 homines,
2825 2229 2880 2276 et
2905 2220 2992 2275 bis
3022 2221 3234 2291 sagittis
3262 2218 3566 2273 divinarum
3599 2217 3821 2288 Scriptu-

2252 2326 2436 2368 rarum
2467 2310 2865 2367 interﬁciuntur
2903 2312 3142 2382 reprobi,
3166 2321 3227 2365 ut
3257 2311 3552 2365 moriantur
3583 2318 3820 2378 peccato,

2250 2412 2305 2459 et
2333 2403 2520 2456 vivant
2557 2402 2686 2457 Deo.
2752 2402 2902 2457 Unde
2926 2402 3258 2457 Psalmista:
3293 2399 3490 2470 Sagittis
3524 2409 3626 2452 tua
3652 2407 3819 2452 acum:

2253 2495 2426 2568 (Psal.
2452 2497 2623 2566 κων),
2652 2505 2708 2551 et
2733 2505 2948 2551 caetera.
2991 2493 3086 2548 His
3113 2493 3326 2564 sagittis
3365 2506 3617 2562 percussa
3651 2492 3826 2545 fuerat

2251 2589 2516 2654 Ecclesia,
2543 2604 2662 2660 quae
2696 2589 2911 2644 dieebat
2936 2603 2950 2641 :
2979 2587 3307 2642 Invenerunt
3334 2600 3419 2640 me
3445 2585 3712 2649 custodes,
3741 2580 3824 2654 qui

2252 2681 2592 2736 circumeunt
2635 2680 2934 2745 civitatem,
2973 2690 3363 2748 percusserunt
3402 2693 3492 2732 me
3519 2686 3577 2733 et
3601 2676 3825 2732 vulnera-

2253 2783 2449 2830 verunt
2498 2789 2604 2829 me.
2653 2771 2760 2828 Per
2795 2787 3051 2828 coronam
3087 2785 3218 2826 vero
3268 2786 3392 2840 qum
3445 2770 3526 2825 illi
3563 2774 3685 2825 data
3737 2780 3822 2830 est,

2253 2881 2542 2938 possumus
2571 2865 2874 2937 intelligere
2921 2863 3296 2920 credulitatem
3325 2863 3574 2918 omnium
3614 2862 3825 2934 gentium

2254 2958 2307 3013 in
2338 2958 2568 3013 circuitu
2623 2954 2784 3024 hujus
2837 2955 3017 3009 saeculi
3069 2953 3550 3010 commorantium.
3608 2951 3828 3008 Surrexit

2254 3048 2398 3103 enim
2424 3064 2454 3102 a
2489 3047 2737 3112 mortuis,
2769 3047 3094 3116 prmdicatus
3121 3055 3208 3102 est
3246 3047 3314 3101 ab
3341 3045 3635 3116 apostolis,
3677 3043 3826 3099 credi-

2257 3147 2342 3194 tus
2382 3148 2552 3196 atoto
2583 3139 2802 3193 mundo.
2848 3137 2918 3193 Et
2971 3138 3117 3194 exiit.
3177 3138 3343 3205 Unde,
3404 3139 3513 3194 nisi
3567 3148 3746 3210 aperto
3770 3137 3822 3191 si-

2255 3232 2415 3302 gillo,
2472 3231 2527 3286 id
2557 3241 2640 3286 est
2669 3246 2735 3286 ex
2783 3231 3018 3286 revelato
3051 3231 3456 3302 Scripturarum
3491 3242 3824 3288 sacramento.

569 3319 702 3374 Nam
730 3329 785 3375 et
827 3321 882 3375 in
917 3321 1098 3391 capite
1123 3319 1397 3376 Geneseos
1428 3319 1495 3374 de
1539 3334 1606 3374 eo
1653 3319 1873 3385 dicitur,
1924 3320 2068 3390 quod
2095 3320 2150 3373 in
2180 3309 2226 3372 C
2258 3323 2411 3379 Tunc
2438 3323 2571 3377 exiit
2590 3324 2655 3378 de
2688 3322 2863 3394 sigillo
2895 3323 3129 3392 quando,
3161 3324 3301 3378 sicut
3335 3324 3711 3394 supradictum
3733 3323 3825 3376 rue-

568 3412 856 3482 principio,
896 3412 947 3466 id
976 3421 1063 3467 est
1090 3411 1144 3466 in
1173 3411 1310 3467 Filio
1339 3411 1529 3467 fecerit
1572 3411 1714 3466 Deus
1737 3411 1932 3467 cmlum
1962 3420 2018 3466 et
2044 3421 2150 3466 ter-

568 3518 706 3558 ram.
753 3502 906 3570 Quod
935 3503 1074 3558 idem
1103 3501 1270 3557 Filius
1290 3503 1358 3558 de
1384 3518 1442 3558 se
1467 3504 1704 3559 ostendit
1744 3503 1799 3558 in
1839 3503 2148 3574 Evangelio,

572 3593 759 3647 dicens
784 3591 987 3647 Judaeis
1016 3611 1028 3646 :
1057 3591 1170 3662 Ego
1192 3591 1513 3662 principium
1559 3591 1652 3661 qui
1681 3599 1737 3646 et
1764 3590 1954 3661 loquor
1973 3593 2147 3648 vobis.

570 3683 816 3748 Actione,
845 3697 969 3737 cum
1006 3683 1272 3752 sequitur,
1307 3690 1365 3736 ut
1391 3681 1585 3737 faciam
1619 3681 1951 3738 voluntatem
1980 3691 2146 3750 tuam,

571 3773 712 3830 Deus
762 3789 928 3830 meus.
975 3774 1148 3842 Quam
1181 3775 1548 3844 operationem
1569 3775 1708 3830 idem
1743 3791 1958 3846 quoque
1982 3775 2152 3832 Filius

571 3881 724 3922 suam
765 3881 887 3924 esse
929 3868 1168 3924 ostendit
1194 3883 1317 3924 cum
1351 3868 1408 3923 in
1437 3867 1726 3940 Evangelio
1772 3869 2030 3939 loquitur,
2062 3868 2150 3923 di-

570 3973 734 4014 cens:
785 3957 936 4014 Meus
964 3960 1107 4015 cibus
1153 3969 1228 4014 est
1255 3969 1314 4015 ut
1342 3960 1536 4031 faciam
1562 3961 1875 4016 voluntatem
1898 3963 2012 4032 ejus
2059 3963 2150 4032 qui

569 4050 710 4104 misit
741 4067 822 4105 me
852 4048 1032 4106 Patris
1057 4050 1239 4124 (Joan.
1274 4053 1372 4123 tv).
1405 4051 1674 4109 Cancrum
1722 4064 1781 4108 ut
1804 4053 2041 4110 breviter
2069 4055 2150 4109 di-

568 4159 794 4209 camus,
852 4153 981 4200 tunc
1032 4160 1200 4218 agnus
1248 4154 1454 4216 septem
1486 4146 1659 4218 sigilla
1711 4146 1866 4203 nobis
1916 4148 2143 4216 aperuit,

569 4235 784 4306 quando
831 4249 930 4305 pro
959 4235 1132 4292 salute
1165 4245 1368 4301 nostra,
1417 4237 1557 4292 sicut
1582 4246 1701 4293 erat
1746 4238 1802 4292 in
1855 4237 2148 4308 Scripturis

569 4324 772 4380 sanctis
797 4325 864 4379 de
885 4339 952 4380 eo
975 4326 1322 4397 promissum,
1349 4333 1406 4381 et
1429 4326 1579 4382 nasci
1609 4336 1665 4382 et
1692 4327 1830 4384 mori
1853 4338 1910 4384 et
1950 4344 1982 4383 a
2005 4345 2148 4385 mor-

572 4417 679 4472 tuis
709 4431 1011 4488 resurgere,
1059 4433 1160 4474 nec
1191 4433 1299 4473 non
1325 4418 1393 4474 ad
1423 4417 1588 4474 caelos
1636 4419 1929 4475 ascendere
1958 4420 2146 4489 voluit,

569 4517 625 4564 et
649 4525 707 4565 se
731 4509 798 4564 ad
820 4510 1084 4581 judicium
1124 4518 1410 4565 venturum
1439 4525 1558 4566 esse
1605 4512 1871 4581 praedixit.
1919 4512 2070 4568 Unde
2093 4523 2148 4570 et

571 4615 860 4673 resurgens
888 4617 920 4657 a
964 4602 1213 4668 mortuis,
1263 4602 1475 4672 aperuit
1503 4602 1780 4672 discipulis
1820 4619 2038 4658 sensum
2087 4614 2148 4659 ut

2255 3423 2362 3480 rat,
2401 3414 2715 3468 incarnatus
2749 3421 2853 3480 est,
2904 3412 3007 3470 hoc
3044 3421 3148 3480 est,
3193 3413 3410 3484 quando
3440 3413 3689 3469 Verbum
3729 3428 3828 3468 caro

2256 3505 2460 3561 factum
2493 3515 2597 3562 est.
2651 3505 2798 3562 Exiit
2821 3516 3001 3562 autem
3029 3507 3239 3560 vincens
3271 3505 3572 3570 diabolum,
3629 3509 3824 3577 primum

2254 3595 2310 3651 in
2345 3598 2556 3667 seipse,
2608 3608 2664 3650 ut
2714 3598 2935 3653 vinceret
2984 3596 3240 3668 deinceps
3293 3596 3443 3652 illum
3499 3599 3555 3652 in
3606 3596 3830 3652 membris

2256 3687 2388 3743 suis.
2413 3687 2707 3743 Possumus
2733 3697 2787 3744 et
2818 3704 2914 3759 per
2963 3687 3372 3758 equum-album
3414 3688 3720 3760 intelligere
3759 3703 3828 3759 ge-

2254 3779 2513 3834 neraliter
2561 3779 2923 3834 universalem
2959 3779 3280 3844 Ecclesiam,
3311 3795 3432 3849 qua:
3475 3780 3725 3835 dealbata
3763 3787 3830 3834 εει

2255 3869 2312 3924 in
2343 3869 2688 3941 baptismate,
2723 3871 2810 3926 cui
2859 3870 3109 3928 Christus
3137 3871 3412 3942 prmsidet,
3469 3887 3596 3943 quae
3628 3873 3751 3927 dicit
3788 3872 3830 3925 in

2250 3962 2459 4034 psalmo
2510 3963 2959 4034 quinquagesimo
3017 3982 3032 4019 :
3085 3963 3334 4035 Asperges
3402 3981 3526 4032 me,
3595 3964 3832 4025 Domine,

2249 4054 2496 4123 Itgssopo,
2530 4063 2577 4107 et
2617 4054 2968 4124 mundabor‘:
3000 4054 3196 4109 lavabis
3234 4072 3348 4122 me,
3391 4066 3439 4110 et
3490 4073 3657 4128 super
3691 4059 3827 4111 nivem

2250 4143 2552 4197 dealbabor.
2597 4143 2912 4212 Specialiter
2945 4155 3127 4201 autem
3164 4145 3218 4200 in
3243 4160 3382 4214 equo
3411 4145 3539 4201 albo
3567 4148 3704 4202 ordo
3721 4161 3832 4217 prs:-

2250 4238 2552 4294 dicatorum
2575 4239 2916 4308 exprimitur,
2934 4239 3001 4294 de
3027 4255 3134 4310 quo
3155 4238 3557 4295 dicitHabacuc
3577 4241 3727 4312 (Cap.
3745 4251 3831 4308 ut),

2249 4331 2484 4386 Ascende
2517 4347 2676 4401 super
2717 4348 2873 4402 equos
2904 4342 3044 4400 tuos,
3082 4342 3138 4388 et
3164 4333 3441 4403 equitatus
3489 4343 3623 4389 tuus
3652 4337 3830 4390 sanitas

2250 4433 2354 4480 est.
2401 4424 2504 4492 Qui
2546 4423 2669 4494 jure
2696 4425 2822 4495 equi
2851 4425 3064 4481 Domini
3095 4436 3376 4492 vocantur,
3409 4428 3540 4497 quia
3595 4429 3833 4482 Dominus

2251 4517 2358 4573 illis
2384 4518 2681 4588 praesidens
2733 4534 2833 4589 per
2878 4519 3000 4576 illos
3047 4520 3324 4576 universas
3380 4532 3574 4592 gentes
3605 4523 3832 4578 circuivit

2249 4611 2595 4682 prmdicando
2625 4619 2787 4682 atque
2815 4612 2886 4668 ad
2906 4611 3068 4668 ﬁdem
3092 4628 3248 4669 suam
3272 4613 3603 4687 colligendo,
3636 4615 3832 4687 quando

571 4691 930 4761 intelligerent
971 4693 1156 4749 omnia
1203 4710 1323 4765 qum
1371 4696 1437 4749 de
1471 4695 1588 4764 ipso
1623 4696 2036 4750 continebantur
2090 4697 2145 4751 in
2173 4665 2226 4726 D
2250 4665 2327 4760 illi
2363 4703 2590 4776 profecti
2629 4665 3062 4775 praadicaverunt
3108 4707 3326 4776 ubique,
3380 4665 3447 4762 de
3472 4665 3836 4777 qua,s::ssiooe

571 4783 870 4854 Scripturis
889 4784 1120 4852 sanctis,
1147 4785 1330 4840 dicens
1366 4787 1493 4856 quia
1514 4787 1594 4841 sic
1619 4788 1843 4858 oportuit
1866 4789 1976 4857 pati
2001 4787 2146 4842 Chri-

568 4886 704 4929 stum
726 4884 775 4929 et
799 4892 1065 4946 resurgere
1092 4893 1125 4930 a
1147 4877 1361 4931 mortuis
1377 4877 1514 4947 (Act.
1545 4877 1702 4949 xvn).
1727 4877 1853 4934 lnde
1873 4887 1958 4934 est
1980 4879 2144 4934 etiam

569 4967 709 5036 quod
735 4966 1012 5037 discipulis
1039 4967 1295 5038 Spiritum
1323 4977 1570 5024 sanctum
1619 4984 1678 5025 se
1701 4969 1990 5025 missurum
2014 4985 2145 5042 pro-

571 5059 734 5122 misit,
761 5060 853 5130 qui
883 5076 979 5117 eos
999 5061 1216 5117 doceret
1254 5061 1458 5127 omnia,
1481 5069 1535 5116 et
1557 5063 1644 5134 qui
1676 5063 1755 5118 eis
1773 5078 1892 5133 quae
1919 5072 2145 5118 ventura

569 5161 726 5208 erant
755 5154 1122 5209 annuntiaret.

643 5246 710 5301 Et
749 5248 930 5302 audivi
985 5263 1146 5302 unum
1207 5264 1273 5304 ea:
1330 5258 1556 5320 quatuor
1598 5247 1912 5303 animalibus
1969 5248 2146 5302 dicens

571 5350 820 5411 tanquam
869 5356 1043 5395 vocem
1067 5341 1288 5395 tonitrui
1312 5356 1332 5395 :
1392 5340 1520 5396 Veni
1544 5350 1592 5394 et
1629 5342 1760 5395 vide.
1807 5340 1865 5394 ln
1894 5340 1997 5395 hoc
2031 5340 2148 5396 loco

573 5445 738 5486 unum
769 5430 970 5486 animal
997 5431 1324 5501 primitivam
1349 5431 1645 5487 Ecclesiam
1667 5432 1936 5502 signiﬁcat
1963 5446 2032 5486 ex
2061 5429 2150 5486 Ju-

571 5521 725 5589 daais,
749 5521 817 5577 de
844 5523 1040 5592 quibus
1071 5523 1328 5593 scriptum
1356 5531 1453 5588 est,
1479 5523 1622 5594 quod
1651 5539 1754 5578 una
1784 5524 1872 5580 die
1906 5525 2149 5580 credide-

571 5623 699 5669 runt
743 5613 847 5669 tria
881 5613 1072 5679 millia,
1121 5613 1224 5668 alia
1265 5615 1503 5685 quinque
1550 5613 1749 5680 millia,
1791 5623 1849 5670 et
1897 5616 2152 5689 deinceps

573 5706 744 5762 multa
772 5706 958 5762 millia.
1004 5705 1242 5764 Joannes
1270 5718 1449 5765 autem
1481 5709 1778 5766 Ecclesiam
1807 5722 2145 5780 sequentem.

573 5795 716 5852 Dicit
737 5813 867 5869 ergo
896 5799 1118 5870 angelus
1139 5798 1363 5858 Joanni:
1397 5801 1531 5857 Veni
1559 5812 1614 5858 et
1640 5800 1780 5869 vide,
1805 5803 1934 5873 quia
1957 5804 2146 5860 videli-

575 5895 662 5945 cet
689 5887 929 5948 Ecclesia
970 5891 1244 5968 primitiva
1272 5907 1368 5956 sua
1414 5893 1657 5956 doctrina
1684 5903 1740 5950 et
1769 5895 2148 5976 praedicatione

2251 4797 2416 4852 etiam
2444 4797 2704 4851 Dominus
2735 4797 2867 4852 dicit
2892 4815 2905 4851 :
2951 4797 3086 4853 Ecce
3111 4815 3203 4870 ego
3233 4801 3501 4854 vobiscum
3539 4819 3664 4856 sum
3691 4801 3838 4858 omni-

2253 4888 2346 4942 bus
2375 4889 2556 4943 diebus
2583 4906 2746 4960 usque
2779 4891 2848 4943 ad
2879 4893 3380 4946 consummationem
3409 4894 3599 4948 saeculi
3637 4893 3833 4967 (Matth.

2253 4978 2466 5051 xxvm).
2503 4978 2684 5050 Eques
2731 4996 2860 5052 ergo
2921 4983 3014 5052 qui
3044 4983 3297 5048 sedebat,
3351 4983 3590 5040 habebat
3642 5001 3838 5049 arcum,

2252 5073 2378 5143 quia
2412 5087 2508 5143 per
2552 5073 2992 5142 praedicationem
3035 5075 3316 5130 doctorum
3354 5079 3647 5134 sententiis
3684 5077 3840 5134 divini

2246 5165 2409 5220 Verbi
2436 5165 2686 5222 Christus
2721 5168 2990 5236 percussit
3017 5167 3183 5223 corda
3237 5169 3539 5239 gentilium,
3596 5181 3654 5225 et
3683 5171 3843 5225 inter-

2247 5253 2375 5310 fecit
2415 5255 2469 5309 in
2507 5256 2586 5310 eis
2612 5256 2740 5311 vitia
2769 5267 2824 5312 et
2860 5266 3107 5328 peccata,
3145 5267 3206 5313 ut
3231 5269 3412 5330 posset
3435 5275 3726 5331 resurgere
3765 5275 3842 5316 sa-

2245 5347 2388 5402 nitas
2421 5347 2704 5403 virtutum.
2741 5349 2951 5405 Corona
2997 5359 3178 5406 autem
3209 5353 3507 5407 secundum
3537 5352 3686 5408 hunc
3725 5369 3843 5408 sen-

2247 5453 2366 5492 sum
2397 5437 2684 5510 dupliciter
2708 5450 2888 5511 potest
2911 5441 3138 5514 intelligi
3168 5461 3181 5496 :
3217 5442 3314 5497 Vel
3343 5444 3571 5498 victoria
3595 5445 3842 5499 videlicet

2254 5540 2564 5588 sanctorum
2586 5534 2652 5589 de
2683 5534 2896 5592 diabolo
2915 5544 2970 5590 et
2991 5539 3424 5608 persecutoribus
3451 5538 3617 5607 hujus
3639 5540 3842 5604 mundi,

2255 5625 2339 5681 vel
2370 5627 2534 5682 etiam
2573 5629 2859 5685 multitudo
2894 5631 3260 5702 subiectorum
3291 5631 3548 5695 ﬁdelium,
3595 5646 3697 5703 pro
3732 5633 3825 5701 qui

2250 5719 2353 5775 bus
2384 5720 2484 5791 ipsi
2530 5724 3026 5779 remunerationem
3067 5726 3256 5781 aeterni
3308 5717 3840 5797 regni‘pereipiunL

2250 5809 2392 5864 sicut
2415 5809 2705 5880 Apostolus
2733 5813 3068 5870 auditoribus
3095 5816 3224 5872 dicit
3272 5814 3490 5890 (Philip.
3521 5817 3638 5888 1v):
3688 5816 3838 5883 Quor

2251 5900 2502 5972 gaudium
2554 5912 2646 5960 aut
2697 5919 2819 5984 quae
2856 5921 3051 5962 corona
3095 5907 3275 5976 gaudii
3329 5906 3459 5976 mei,
3511 5921 3698 5964 nonne
3746 5920 3838 5962 vos
