3972 6470
98 436 271 491 1625
330 489 333 492 ,
1078 435 1450 494 EXPOSITIO
1485 436 1552 492 1N
1588 434 2093 494 APOCALYPSIN.
2133 469 2202 480 —-
2235 440 2366 496 LIB.
2406 442 2471 496 ll.
3275 452 3413 502 “uti

92 553 252 609 estis
277 551 306 605 ?
333 517 537 606 ‘Exivit
566 551 656 606 hic
697 551 832 607 ordo
879 552 1291 624 praedicatorum
1318 570 1349 608 a
1392 553 1575 609 Judzea
1601 569 1725 609 cum
1751 559 1808 618 Α
1828 548 2245 606 terfecitAdam.
2269 551 2382 608 Hoc
2400 559 2483 608 est
2505 551 2650 608 enim
2673 551 2814 622 quod
2837 551 2928 608 hic
2954 551 3168 621 dicitur,
3195 563 3256 611 ut
3276 555 3411 612 invi-

92 658 215 698 suo
260 643 478 712 equite,
506 643 609 698 hoc
638 653 741 710 est,
773 659 896 699 cum
926 644 1142 701 Christo
1165 645 1266 701 sibi
1289 646 1500 701 dicente
1528 663 1540 698 :
1565 645 1642 700 Ite
1671 644 1726 698 in
1827 657 1945 699 cem
1975 658 2035 698 se
2060 643 2388 698 interﬁciant
2425 645 2690 700 homines.
2725 643 2830 700 Per
2857 645 3099 701 membra
3127 662 3226 702 sua
3243 649 3408 704 etiam

94 735 400 790 mundum
450 735 782 792 universum.
837 737 1072 794 Vincens
1117 739 1294 809 primo
1354 737 1626 794 diabolum
1669 737 1726 792 in
1819 736 2033 810 jugulat
2059 736 2288 803 multos,
2316 745 2373 792 et
2411 737 2760 807 spiritualiter
2798 737 3098 808 separando
3127 756 3158 794 a
3189 740 3324 808 ﬁde,
3355 749 3412 797 et

95 826 338 896 seipso,
399 835 460 884 ut
488 828 732 886 vinceret
783 830 933 887 illum
969 840 1156 902 postea
1201 833 1258 886 in
1288 831 1429 898 aliis,
1473 845 1608 902 quos
1656 829 1725 886 ab
1825 828 2181 899 corporaliter
2206 827 2572 884 subtrahendo
2605 829 2673 884 ab
2703 829 2806 886 hac
2834 829 2972 894 luce,
3005 831 3146 886 sicut
3171 847 3268 902 per
3305 833 3410 886 Ne—

97 917 439 975 idololatria
463 915 793 979 traxerat'ad
823 922 1024 980 Christi
1051 925 1336 980 culturam.

1825 933 2051 986 ronem,
2095 933 2193 989 per
2245 917 2611 975 Domitianum
2665 929 2722 975 et
2771 930 3019 977 caeteros.
3079 922 3156 977 De
3211 922 3406 979 talibus

185 1009 266 1063 Et
304 1027 431 1064 cum
479 1015 762 1084 aperuisset
810 1015 1042 1086 sigillum
1083 1015 1391 1081 secundum,
1421 1014 1599 1068 audivi
1641 1030 1724 1068 se-
1823 1009 2022 1080 quippe
2043 1008 2330 1065 Psalmista
2360 1009 2534 1065 dicit:
2573 1009 2912 1066 Exacuerunt
2954 1021 3012 1066 ut
3036 1012 3271 1083 gladium
3299 1013 3405 1069 lin-

95 1102 366 1156 cundum
408 1106 638 1173 animal,
682 1107 898 1165 dicens:
941 1107 1065 1163 Veni
1092 1116 1142 1162 et
1164 1108 1303 1162 vide.
1334 1106 1404 1162 Et
1431 1109 1559 1161 exiit
1583 1105 1721 1160 alius

95 1210 285 1265 equus
317 1196 496 1266 rufus.
528 1196 680 1252 Sicut
715 1199 963 1270 superius
990 1213 1088 1269 per
1125 1197 1308 1254 album
1331 1214 1528 1268 equum
1557 1196 1719 1252 intel-

97 1283 360 1340 leximus
389 1301 586 1356 corpus
613 1287 838 1356 Christi,
881 1291 982 1344 hoc
1011 1297 1114 1356 est,
1146 1299 1392 1345 sanctam
1421 1289 1718 1345 Ecclesiam

99 1390 134 1428 a
167 1386 412 1446 peccato
442 1381 694 1440 mundam
722 1397 817 1451 per
844 1382 1174 1452 baptismum
1201 1391 1257 1436 et
1285 1381 1487 1436 Christi
1513 1380 1719 1450 passio-

98 1483 265 1532 nem,
300 1470 385 1524 sic
413 1470 466 1524 in
489 1471 591 1526 hoc
625 1471 743 1528 loco
781 1489 878 1542 per
906 1489 1107 1543 equum
1137 1473 1316 1528 rufum
1353 1471 1611 1527 debemus
1635 1472 1719 1526 in.

97 1559 371 1630 telligere
411 1578 570 1619 omne
611 1580 808 1634 corpus
853 1565 1074 1632 diaboli,
1127 1565 1230 1620 hoc
1259 1573 1369 1630 est,
1415 1579 1603 1620 omnes
1632 1578 1714 1617 re-

99 1650 360 1719 probos:
394 1653 521 1723 quia
560 1655 699 1710 sicut
722 1655 971 1712 Christus
1013 1666 1097 1713 est
1124 1666 1296 1730 caput.
1315 1658 1552 1712 omnium
1581 1657 1714 1711 ﬁde-

98 1739 270 1810 lium,
319 1752 377 1798 et
406 1761 595 1801 omnes
645 1746 828 1802 ﬁdeles
863 1763 1058 1818 corpus
1096 1746 1212 1818 ejus
1261 1748 1316 1802 in
1360 1748 1556 1817 quibus
1597 1747 1711 1817 ipse

95 1847 210 1902 per
257 1834 426 1890 ﬁdem
473 1836 699 1900 habitat,
750 1839 823 1893 ita
871 1847 1033 1909 caput
1059 1839 1300 1894 omnium
1357 1839 1707 1909 reproborum

1820 1119 1952 1173 guas
1990 1119 2114 1157 suas
2167 1101 2341 1173 (Psal.
2381 1100 2558 1173 Lxm).
2613 1102 2682 1157 Et
2736 1119 2948 1170 rursus,
2977 1102 3188 1174 Lingua
3223 1122 3404 1161 eorum

1819 1191 2026 1263 gladius
2051 1201 2237 1246 acutus
2264 1189 2435 1264 (Psal.
2468 1191 2597 1264 LVI).
3091 1251 3109 1270 ι

1886 1281 1959 1335 Et
1990 1298 2108 1336 cum
2152 1283 2436 1353 aperuisset
2464 1281 2698 1353 sigillum
2726 1283 2955 1349 tertium,
2983 1286 3161 1339 audivi
3194 1291 3404 1341 tertium

1817 1373 2040 1438 animal,
2086 1374 2303 1430 dicens:
2353 1373 2485 1428 Veni
2537 1385 2586 1429 et
2616 1375 2751 1441 vide,
2802 1385 2851 1429 et
2888 1392 3003 1430 ecce
3030 1392 3192 1447 equus
3238 1378 3400 1448 niger.

1815 1465 1920 1521 Per
1951 1481 2149 1536 equum
2192 1465 2407 1537 nigrum
2427 1480 2587 1521 omne
2609 1481 2805 1536 corpus
2827 1467 3148 1540 intelligitur
3179 1469 3400 1535 diaboli,

1814 1561 1956 1616 sicut
1981 1569 2037 1616 et
2065 1575 2226 1630 supra
2263 1576 2361 1631 per
2389 1560 2592 1625 rufum,
2626 1560 2771 1630 quod
2799 1559 3072 1615 fuscatum
3112 1568 3198 1617 est
3221 1561 3374 1630 nigre

1813 1653 1939 1710 dine
1987 1663 2357 1723 peccatorum,
2397 1666 2717 1722 semperque
2745 1651 2950 1720 patitur
2977 1652 3236 1718 esuriem,
3273 1653 3437 1722 quia.

1811 1747 1959 1817 cupit
2008 1748 2269 1802 devorare
2294 1745 2449 1812 alios,
2479 1754 2642 1816 atque
2671 1745 2727 1799 in
2753 1744 2974 1799 malitiae
2997 1760 3107 1800 suae
3155 1753 3401 1800 ventrem

1810 1836 2078 1907 trajicere.
2127 1837 2196 1891 Et
2251 1836 2390 1892 sicut
2441 1843 2603 1904 caput
2659 1848 2847 1889 eorum
2877 1849 3220 1904 nequaquam
3269 1833 3403 1888 dicit

100 1933 198 1979 est
243 1925 517 1991 diabolus,
546 1936 601 1982 et
624 1945 813 1984 omnes
840 1930 1056 2000 reprobi
1086 1946 1282 2001 corpus
1307 1927 1442 1998 ejus,
1494 1930 1549 1984 in
1579 1929 1704 1999 qui-
1732 1925 1778 1984 B
1807 1928 2035 1994 Sufﬁcit,
2086 1928 2160 1983 ita
2187 1938 2244 1982 et
2281 1927 2370 1982 isti
2420 1941 2695 1996 nunquam
2738 1925 3024 1981 satiantur.
3076 1925 3231 1981 Unde
3261 1926 3399 1981 bene

93 2015 212 2070 bus
239 2017 360 2087 ipse
387 2018 612 2073 habitat.
652 2020 836 2090 Equus
873 2021 1054 2092 itaque
1099 2022 1254 2076 rufus
1293 2021 1502 2091 antiqui
1532 2021 1703 2076 hostis

94 2115 195 2160 est
221 2121 426 2175 corpus
449 2110 684 2178 peccatis
713 2120 1079 2178 cruentatum,
1109 2121 1164 2167 et
1199 2113 1501 2168 animarum
1533 2113 1702 2167 inter-

97 2196 442 2253 fectionibus
463 2200 834 2271 sanguineum.
869 2201 1021 2269 Quod
1056 2205 1203 2258 enim
1231 2205 1454 2276 sanguis
1479 2211 1699 2274 peccata

96 2289 404 2361 significet,
436 2291 721 2347 Psalmista
756 2294 1064 2350 manifestat
1096 2296 1189 2366 qui
1214 2296 1375 2361 dicit,
1405 2295 1591 2349 Libera
1621 2311 1702 2348 me

97 2381 173 2434 dc
216 2381 577 2451 sanguinibus,
613 2383 768 2449 Deus,
809 2384 950 2439 Deus
983 2383 1155 2456 (Psal.
1183 2386 1257 2457 L).
1292 2385 1396 2454 Ipsi
1437 2386 1580 2440 enim
1610 2401 1698 2439 re-

99 2471 262 2540 probi
304 2467 545 2542 peccatis
595 2482 721 2529 sunt
761 2475 1067 2541 cruentati,
1117 2483 1172 2530 et
1201 2475 1365 2530 etiam
1397 2474 1700 2530 homicidiis

99 2559 318 2615 fmdati.
364 2561 512 2616 Unde
534 2571 589 2617 et
609 2579 706 2634 per
725 2565 1042 2634 prophetam
1089 2565 1406 2634 quibusdam
1438 2565 1699 2620 Dominus

98 2649 240 2704 dicit
269 2649 404 2722 (Isa.
456 2652 497 2723 ι)
531 2671 544 2705 :
588 2653 722 2707 Cum
753 2655 1117 2710 clamaveritis
1146 2656 1214 2710 ad
1243 2672 1365 2721 me,
1397 2672 1501 2710 non
1537 2671 1698 2710 exau—

94 2743 253 2797 diam
282 2759 398 2800 vos.
452 2745 640 2802 Manus
669 2749 813 2802 enim
835 2758 1028 2804 vestrae
1055 2751 1317 2822 sanguine
1349 2751 1528 2820 plenae
1547 2760 1692 2805 sunt.

99 2833 248 2890 Hinc
285 2845 372 2890 est
406 2839 552 2907 quod
581 2838 808 2894 inferius
834 2839 1026 2908 bestia,
1061 2857 1227 2913 super
1252 2858 1416 2913 quam
1443 2843 1697 2898 meretrix

95 2928 279 2995 sedet,
326 2932 577 2987 coccinea
608 2948 728 2988 esse
748 2935 1084 3002 perhibetur.

180 3020 248 3074 Et
271 3022 360 3092 qui
388 3023 595 3077 sedebat
620 3042 776 3094 super
803 3043 943 3093 eum,
970 3027 1154 3082 datum
1181 3038 1257 3084 est
1280 3030 1360 3084 illi
1385 3041 1442 3085 ut
1470 3043 1696 3089 sumeret

91 3132 281 3187 pacem
316 3117 380 3192 de
409 3127 568 3172 terra.
623 3119 756 3174 Data
787 3130 870 3175 est
917 3121 1128 3178 diabolo
1156 3132 1396 3192 potestas
1427 3134 1486 3180 ut
1513 3136 1694 3181 sumat

89 3223 291 3280 pacem
319 3211 383 3266 de
413 3219 554 3266 terra
578 3254 592 3278 ,
644 3213 859 3283 quando
900 3215 1232 3283 permittitur
1253 3217 1400 3288 justo
1431 3218 1526 3273 Dei
1549 3220 1693 3290 judi-

1805 2021 2091 2078 subditur:
2120 2018 2189 2073 Et
2214 2020 2304 2091 qui
2333 2019 2541 2073 sedebat
2581 2033 2738 2087 super
2785 2033 2924 2082 eum,
2975 2015 3195 2070 habebat
3239 2025 3398 2070 state-

1804 2129 1919 2167 ram
1943 2115 1998 2166 in
2044 2129 2207 2166 manu
2235 2129 2354 2166 sua.
2405 2109 2732 2165 Mercatores
2754 2108 2932 2164 solent
2965 2108 3110 2164 ferre
3139 2116 3396 2163 stateram

1802 2203 1859 2258 in
1891 2219 2075 2268 manu,
2100 2203 2192 2272 qui
2229 2210 2543 2258 mercantur
2582 2215 2645 2256 ea
2683 2216 2805 2271 qua:
2843 2199 2947 2254 sibi
2977 2199 3217 2268 placent,
3265 2215 3398 2269 pen-

1804 2302 2033 2364 santque
2063 2309 2126 2349 ea
2159 2309 2280 2364 quae
2310 2295 2439 2349 dant
2462 2302 2518 2349 et
2546 2291 2838 2363 accipiunt.
2873 2289 2981 2346 Sed
3013 2291 3256 2347 diabolus
3281 2304 3398 2360 pes-

1801 2385 1970 2439 simus
1994 2393 2079 2439 est
2106 2393 2394 2450 mercator,
2450 2384 2543 2453 qui
2571 2383 2664 2437 dat
2713 2381 2860 2447 vilia,
2909 2389 2970 2435 ut
3012 2381 3225 2439 auferat
3273 2397 3398 2452 pre-

1801 2474 1959 2530 tiosa.
2004 2474 2220 2530 Statera
2268 2476 2449 2544 itaque
2474 2488 2730 2544 perversa
2756 2471 2874 2542 ejus
2918 2475 3101 2529 suasio
3141 2473 3396 2545 intelligi-

1800 2574 1910 2633 tur,
1941 2567 2070 2637 quia
2093 2568 2260 2621 vitam
2286 2567 2580 2622 multorum
2623 2569 2859 2623 mercari
2903 2569 3118 2639 quaerit,
3151 2577 3213 2623 ut
3239 2583 3392 2623 suam

1798 2661 2032 2716 esuriem
2089 2671 2338 2716 saturare
2384 2671 2569 2732 queat.
2628 2661 2695 2715 Et
2725 2667 2786 2712 ut
2835 2662 2939 2717 hoc
2972 2662 3144 2733 possit
3191 2661 3392 2726 facere,

1797 2756 1950 2827 prius
1983 2756 2062 2810 eis
2120 2755 2318 2826 quibus
2365 2756 2688 2825 temporalia
2738 2755 3026 2830 promittit,
3078 2755 3394 2809 alimentum

1799 2846 1962 2901 Verbi
2002 2847 2097 2901 Dei
2144 2848 2437 2912 subtrahit,
2493 2865 2600 2919 quo
2634 2858 2857 2905 necatos
2901 2849 2955 2905 in
3003 2863 3202 2917 corpus
3237 2862 3395 2903 suum

1798 2950 2113 3001 assumens,
2160 2935 2358 2991 famem
2388 2937 2608 2993 malitia:
2635 2955 2747 2994 suae
2777 2949 2974 3010 augeat
3013 2938 3192 3008 potius
3230 2953 3393 3008 quam

1799 3027 2050 3096 depellat.
2082 3026 2184 3081 Dat
2217 3027 2342 3082 vilia
2370 3030 2616 3098 qumdam
2645 3039 2702 3086 et
2731 3029 3074 3100 temporalia,
3111 3038 3168 3084 et
3219 3029 3396 3084 aufert

1796 3120 2037 3190 pretiosa
2071 3130 2124 3175 et
2163 3130 2395 3187 aeterna,
2443 3123 2584 3178 sicut
2612 3123 2742 3180 Adae
2773 3124 2920 3180 dedit
2944 3139 3192 3195 pomum,
3219 3131 3274 3178 et
3301 3131 3390 3180 to-

1797 3220 1913 3267 tum
1943 3229 2040 3282 per
2062 3212 2211 3267 illum
2235 3213 2290 3267 in
2314 3213 2441 3269 ﬁliis
2461 3214 2574 3269 suis
2599 3214 2811 3286 accepit
2839 3217 3121 3270 mundum.

90 3302 211 3368 cio,
238 3312 296 3357 ut
316 3304 416 3360 hoc
439 3306 604 3374 possit
631 3305 826 3362 facere.
852 3307 982 3362 Tale
1006 3318 1089 3362 est
1110 3309 1232 3376 hoc,
1256 3284 1422 3381 quale
1444 3322 1499 3368 et
1528 3284 1688 3368 illud:
1721 3284 1766 3347 Ο
1871 3305 1942 3359 Et
1963 3306 2332 3362 audivivo'celn
2356 3316 2605 3378 tanquam
2646 3284 2822 3362 vocem
2861 3309 2917 3362 in
2959 3308 3131 3363 medio
3166 3319 3393 3380 quatuor

89 3393 372 3451 lnduravit
387 3397 639 3453 Dominus
652 3417 740 3452 cor
755 3398 1051 3470 Pharaonis
1069 3401 1264 3474 (Exod.
1280 3403 1690 3476 xr).Notandum

90 3493 280 3541 autem
297 3487 419 3557 quia
439 3490 623 3544 nonde
643 3490 800 3554 coelo,
820 3493 912 3547 sed
927 3493 993 3548 de
1017 3501 1159 3548 terra
1179 3492 1355 3549 aufert
1369 3495 1458 3551 ille
1478 3512 1686 3566 pacem.

89 3577 306 3634 Caelum
358 3581 554 3652 quippe
578 3583 849 3652 signiﬁcat
893 3593 1134 3651 sanctos,
1184 3587 1382 3656 quibus
1429 3589 1689 3646 Dominus

91 3686 419 3726 ascensurus
446 3675 510 3726 ad
546 3675 762 3729 Patrem
787 3717 800 3739 ,
826 3675 958 3731 dicit
992 3694 1004 3728 :
1035 3675 1228 3733 Pacem
1255 3697 1422 3734 meam
1452 3682 1518 3735 do
1544 3683 1687 3737 vobis

91 3759 282 3831 (Joan.
303 3762 432 3832 xiv).
457 3762 626 3816 Abhis
647 3781 752 3818 non
778 3774 957 3832 potest
976 3766 1219 3822 diabolus
1240 3769 1455 3825 auferre
1475 3786 1684 3839 pacem,

91 3855 226 3923 quia
249 3854 494 3909 caelestes
517 3864 662 3920 sunt,
693 3866 747 3910 et
769 3866 969 3910 terram
999 3857 1231 3923 calcant,
1257 3861 1519 3915 habentes
1547 3863 1687 3930 prin-

92 3944 270 4012 cipem
296 3944 441 4011 pacis
458 3944 837 4011 habitatorem,
862 3947 928 4000 de
947 3961 1055 4016 quo
1077 3948 1272 4003 Paulus
1286 3950 1448 4004 dicit:
1471 3951 1590 4020 Ipse
1611 3962 1687 4006 est

94 4046 207 4102 pax
226 4041 395 4084 nostra
411 4029 625 4102 (Ephes.
644 4034 727 4106 ιι).
745 4035 819 4089 De
839 4043 982 4090 terra
1003 4037 1167 4103 enim,
1184 4037 1236 4092 id
1254 4047 1358 4104 est,
1375 4039 1438 4094 de
1455 4044 1686 4096 terrenis

95 4123 404 4179 hominibus
441 4125 604 4178 sumit
654 4141 863 4194 pacem,
903 4125 1142 4198 facitque
1183 4144 1278 4185 eos
1302 4130 1597 4197 discordes,
1629 4139 1685 4186 et

97 4213 423 4269 zizaniorum
480 4217 708 4272 divortia
764 4219 906 4274 inter
955 4234 1050 4275 eos
1101 4223 1370 4289 seminat,
1423 4225 1680 4296 quoniam

96 4313 242 4358 terra
269 4314 408 4369 sunt,
440 4305 493 4360 id
524 4315 609 4360 est
653 4316 868 4363 terrena
898 4318 954 4364 et
974 4310 1289 4367 transitoria
1321 4313 1682 4369 immoderate

97 4385 354 4452 ambiunt.
387 4397 458 4452 De
489 4414 596 4468 quo
622 4401 799 4455 adhuc
845 4400 1221 4474 subiungitur:
1279 4403 1342 4458 Et
1371 4416 1427 4459 ut
1464 4406 1680 4461 invicem

96 4505 156 4542 se
177 4489 498 4558 interﬁciant,
531 4491 688 4545 datus
723 4501 796 4546 est
818 4493 897 4547 illi
933 4477 1140 4564 gladius
1161 4513 1400 4567 magnus.
1429 4497 1677 4554 Gladium

97 4597 205 4637 non
234 4598 542 4652 corporeum
587 4585 846 4640 debemus
876 4585 1178 4658 intelligere
1202 4629 1217 4654 ,
1273 4589 1367 4644 sed
1412 4591 1676 4660 spiritua-

1796 3396 2146 3461 animalium,
2207 3396 2490 3452 dicentium
2518 3413 2538 3450 .'
2586 3397 2806 3454 Bilibris
2857 3399 3020 3452 tritici
3067 3400 3307 3466 denario,
3339 3407 3388 3454 et

1735 3497 1742 3504 '
1793 3497 1898 3542 tres
1939 3488 2147 3544 bilibres
2176 3489 2360 3543 hordei
2389 3486 2628 3556 denario,
2655 3501 2703 3544 et
2729 3490 2906 3544 vinum
2937 3499 2984 3544 et
3012 3489 3183 3545 oleum
3210 3507 3273 3546 ne
3295 3490 3391 3545 lte-

1792 3578 1942 3633 seris.
1987 3578 2115 3634 Haec
2147 3594 2247 3633 vox
2297 3595 2457 3649 quam
2509 3581 2714 3635 audivit
2739 3578 2998 3646 Joannes,
3045 3596 3151 3637 vox
3180 3581 3382 3636 intelli-

1791 3669 1934 3740 gitur
1979 3671 2074 3726 Dei
2098 3670 2508 3741 omnipotentis,
2549 3673 2766 3742 quando
2811 3672 3066 3727 adunatis
3118 3672 3187 3727 ad
3227 3672 3387 3728 ﬁdem

1791 3764 2064 3834 gentibus,
2114 3779 2145 3817 a
2199 3763 2420 3820 laesione
2448 3765 2744 3822 electorum
2800 3765 3064 3820 Dominus
3104 3763 3386 3834 antiquum

1790 3855 2161 3908 adversarium
2191 3857 2526 3926 compescuit
2571 3858 2850 3926 ipsamque
2875 3856 3080 3920 docuit,
3133 3857 3390 3925 quemad-

1788 3941 2009 3996 modum
2043 3941 2443 3998 infestationem
2483 3945 2652 4013 ipsius
2705 3952 2927 4013 possent
2953 3945 3205 4011 evadere,
3259 3961 3383 4000 cum

1789 4034 1903 4086 ait:
1938 4033 2306 4088 Paenitentiam
2335 4035 2472 4105 agite
2497 4035 2715 4104 (Matth.
2753 4036 2862 4106 ιιι),
2906 4044 2961 4090 et
2993 4045 3210 4092 caetera.
3238 4036 3385 4107 Apo—

1787 4126 1944 4182 stolis
1975 4141 2189 4197 quoque
2239 4125 2420 4194 jussit,
2474 4136 2534 4181 ut
2563 4136 2758 4182 euntes
2802 4127 3144 4196 baptizarent
3193 4143 3384 4183 omnes

1786 4225 1994 4289 gentes,
2041 4218 2296 4272 docentes
2326 4231 2421 4272 eas
2451 4226 2514 4271 ut
2540 4231 2573 4271 a
2607 4216 2820 4272 cultura
2872 4217 3136 4274 idolorum
3179 4219 3248 4273 ad
3293 4234 3385 4273 ve-

1787 4325 1907 4365 rum
1942 4308 2038 4364 Dei
2082 4315 2532 4362 converterentur
2553 4307 2782 4363 cultum.
2837 4307 2990 4363 Tunc
3023 4309 3165 4364 enim
3196 4309 3384 4365 diabo-

1784 4400 1869 4456 lus
1906 4399 2142 4470 perdidit
2163 4397 2516 4465 frumentum,
2557 4399 2837 4463 hordeum,
2863 4399 3047 4454 vinum
3084 4407 3142 4455 et
3177 4400 3378 4468 oleum,

1783 4494 1838 4549 id
1867 4501 1952 4549 est
1983 4507 2174 4549 omnes
2200 4493 2403 4558 ﬁdeles,
2431 4493 2708 4564 coepitque
2738 4494 3028 4550 comedere
3057 4494 3260 4565 paleas,
3294 4495 3378 4549 vi-

1784 4587 1938 4642 nacia
1967 4587 2156 4643 bibere
2185 4595 2241 4641 et
2278 4603 2578 4642 amurcam.
2645 4585 2798 4643 Unde
2836 4597 2892 4643 et
2937 4589 3054 4660 ipsa
3092 4604 3196 4644 vox
3245 4589 3378 4643 sub-

96 4671 224 4737 lem,
254 4651 355 4744 quo
399 4690 506 4730 non
555 4683 765 4730 tantum
795 4651 1335 4747 corpora-quantum
1373 4651 1566 4736 anima:
1589 4682 1675 4752 ju-
1703 4651 1755 4710 D
1781 4681 1935 4747 didit,
1965 4680 2152 4736 dicens
2180 4698 2194 4734 :
2251 4680 2469 4736 Bilibris
2501 4679 2668 4736 tritici
2704 4680 2928 4737 denario
2959 4696 3086 4748 uno,
3120 4681 3376 4737 subaudi-

99 4763 360 4836 gulantur.
387 4765 608 4821 Gladius
635 4767 781 4822 enim
805 4769 892 4824 hic
916 4769 1232 4840 intelligitur
1263 4771 1401 4827 mala
1449 4788 1675 4842 persua-

101 4864 205 4927 sio,
233 4863 420 4917 locutio
459 4878 626 4932 prava
647 4904 662 4931 ,
690 4865 936 4935 deceptio
960 4866 1141 4936 iniqua
1159 4907 1174 4932 ,
1202 4883 1310 4937 quo
1341 4867 1518 4940 gladio
1545 4871 1675 4925 duo-

102 4956 202 5011 bus
225 4955 385 5011 inodis
412 4957 658 5012 homines
687 4957 932 5013 diabolus
963 4959 1236 5027 interficit,
1274 4977 1396 5016 cum
1422 4963 1674 5020 videlicet

103 5050 298 5106 occulte
331 5050 464 5104 mala
491 5051 733 5123 suggerit
768 5067 868 5123 per
903 5053 1164 5123 seipsum,
1221 5054 1301 5108 vel
1334 5057 1496 5111 etiam
1547 5073 1670 5113 cum

104 5151 280 5210 aperte
295 5139 462 5209 justos
502 5145 845 5212 persequitur
874 5161 970 5214 per
997 5146 1238 5200 membra
1265 5162 1382 5210 sua,
1433 5149 1577 5203 unde
1618 5150 1674 5204 in

103 5234 375 5304 Evangelio
405 5235 667 5290 habemus
699 5255 712 5290 :
744 5235 876 5290 Cum
906 5236 1150 5291 diabolus
1179 5253 1234 5292 se
1255 5239 1477 5294 misisset
1504 5241 1558 5293 in
1583 5257 1674 5294 cor

105 5325 262 5391 Judze,
298 5337 348 5381 ut
402 5328 627 5382 traderet
673 5328 954 5384 Dominum
1006 5331 1188 5403 (Joan.
1243 5333 1387 5406 xm),
1435 5334 1668 5404 primum

107 5419 289 5490 quippe
313 5418 484 5490 gladio
512 5418 665 5474 malai
694 5423 1060 5490 persuasionis
1079 5464 1096 5488 ,
1123 5425 1171 5480 ei
1196 5425 1250 5479 in
1278 5426 1459 5480 anima
1495 5427 1670 5483 Domi-

109 5527 230 5566 num
267 5519 320 5566 ut
353 5512 608 5576 traderet,
659 5511 852 5567 deinde
905 5516 1176 5584 persuasit
1223 5527 1282 5571 ut
1317 5519 1665 5589 semetipsum

111 5600 432 5656 interﬁceret.
485 5601 639 5656 Unde
660 5601 750 5655 ille
772 5602 937 5657 miser
966 5605 1282 5674 desperans,
1311 5607 1549 5678 seipsum
1582 5609 1664 5664 la-

112 5708 241 5766 queo
265 5693 547 5764 suspendit.
584 5692 846 5748 Similiter
871 5711 1084 5766 quoque
1110 5699 1321 5754 mulieri
1351 5699 1564 5757 locutus
1581 5709 1667 5757 est

113 5800 204 5858 per
231 5793 540 5856 serpentem,
572 5785 757 5842 dicens
792 5803 806 5841 :
846 5786 956 5842 Cur
985 5787 1125 5843 Deus
1161 5792 1404 5862 prtecepit
1436 5794 1575 5848 vobis
1604 5808 1667 5846 ne

117 5879 418 5934 comederetis
446 5877 510 5932 de
535 5875 687 5945 (Gen.
718 5878 801 5951 ιιι)
833 5878 978 5951 ligno
1006 5880 1166 5937 vitae?
1193 5881 1260 5938 Et
1289 5899 1387 5954 per
1415 5900 1533 5940 cam
1578 5885 1659 5940 in-

1781 4785 1904 4830 tur:
1944 4774 2119 4831 Valet.
2155 4773 2264 4830 Sed
2305 4775 2458 4846 prius
2493 4775 2596 4830 ista
2617 4772 2774 4843 juxta
2803 4772 3042 4831 litteram
3085 4784 3212 4831 sunt
3245 4790 3376 4829 con-

1777 4869 2106 4926 sideranda:
2178 4867 2396 4923 Bilibris
2461 4867 2626 4922 tritici
2694 4868 2770 4922 ita
2827 4867 3192 4939 intelligitur:
3260 4867 3374 4920 Duo

1745 4961 2038 5027 sextarii,
2085 4970 2140 5016 et
2191 4969 2300 5015 tres
2354 4959 2578 5016 bilibres
2628 4959 2816 5015 hordei
2869 4975 2964 5014 sex
3014 4956 3256 5014 sextarii.
3311 4957 3376 5011 Et

1777 5053 2091 5124 prmcipitur
2117 5051 2192 5106 illi
2223 5052 2315 5121 qui
2345 5051 2569 5107 sedebat
2617 5051 2674 5107 in
2700 5067 2840 5122 equo
2874 5051 3065 5120 nigro,
3117 5050 3221 5106 hoc
3265 5059 3371 5116 est,

1779 5144 2014 5209 diabolo,
2052 5159 2120 5198 ne
2163 5144 2492 5199 frumentum
2523 5143 2716 5216 tangat
2763 5151 2855 5198 aut
2906 5143 3190 5208 hordeum,
3241 5143 3367 5213 quia

1777 5239 1885 5294 duo
1913 5238 2136 5293 sextarii
2164 5237 2371 5304 tritici,
2419 5237 2474 5292 id
2499 5246 2586 5293 est
2617 5236 2827 5292 bilibris
2869 5237 3093 5292 denario
3137 5252 3247 5293 uno
3275 5252 3370 5291 va-

1774 5329 1872 5397 let,
1928 5338 1984 5385 et
2009 5339 2121 5386 tres
2143 5329 2367 5386 bilibres
2419 5330 2608 5386 hordei
2654 5329 2906 5386 similiter
2953 5345 3062 5386 uno
3115 5317 3364 5386 denario.

1777 5421 1882 5477 Sed
1901 5421 2012 5492 jam
2038 5439 2182 5480 nunc
2232 5423 2512 5479 videamus
2535 5423 2666 5494 quid
2692 5423 2794 5480 ista
2821 5424 3166 5496 signiﬁcent:
3214 5424 3368 5482 Licet

1776 5518 1954 5574 omnis
1981 5519 2223 5575 Ecclesia
2269 5519 2603 5574 frumentum
2651 5518 2743 5587 sit,
2769 5517 2924 5588 juxta
2968 5520 3111 5590 quod
3137 5518 3369 5591 Aposto-

1776 5609 1860 5666 lus
1878 5611 2010 5666 dicit
2033 5609 2085 5683 (I
2108 5609 2230 5666 Cor.
2255 5611 2313 5683 x)
2346 5628 2360 5666 :
2393 5609 2543 5665 Unus
2570 5611 2744 5681 panis,
2775 5627 2938 5666 unum
2963 5627 3189 5682 corpus:
3213 5609 3363 5666 multi

1774 5716 1954 5756 sumus
1988 5702 2047 5756 in
2071 5701 2299 5768 Christo,
2355 5709 2538 5756 tamen
2570 5700 2882 5772 specialiter
2909 5702 3001 5758 hic
3030 5701 3364 5758 frumentum

1773 5793 2031 5848 debemus
2082 5793 2383 5865 intelligere
2430 5792 2816 5864 praedicatores
2859 5795 3142 5865 utriusque
3188 5800 3360 5850 testa-

1771 5888 1961 5955 menti,
1987 5888 2077 5960 qui
2107 5887 2383 5945 moluntur
2429 5887 2776 5946 tribulatione
2795 5889 3078 5961 priesentis
3116 5888 3260 5957 vita,
3299 5895 3356 5947 et
