3972 6456
503 495 513 504 ’
570 516 710 572 ton

1028 504 1378 563 HAYHONIS
1417 496 1894 557 HALBERSTAT.
1938 493 2153 551 EPISC.
2192 491 2344 553 OPP.
2385 487 2565 545 PARS
2604 487 2645 542 l.
2672 515 2744 527 -—
2779 481 3133 541 COMMENT.
3170 481 3343 538 BIBL.

3748 475 3885 531 10%

572 633 937 697 excoquuntur
965 622 1084 693 igne
1132 618 1413 688 passionis,
1460 625 1516 671 et
1551 614 1860 671 efﬁciuntur
1897 611 2149 683 pulcher-
2172 610 2227 673 Α
2251 607 2395 665 enim
2424 606 2561 661 bene
2589 600 3230 697 infernusjppellantur,
3262 597 3390 669 quia
3421 596 3586 697 sicut
3630 590 3885 697 infernus

570 719 733 772 rimus
751 714 952 770 Christi
982 711 1161 782 panis,
1193 722 1313 765 eum
1342 708 1616 763 imitantes
1671 704 1764 773 qui
1795 702 2017 758 dicitde
2044 716 2140 759 se:

571 805 678 861 Nisi
707 818 933 875 granum
961 800 1214 855 frumenti
1238 798 1438 853 cadens
1468 798 1521 851 in
1566 805 1714 851 terra
1738 802 2004 849 mortuum
2028 792 2147 846 fne-

569 895 656 959 rit,
683 901 788 949 etc.
816 892 933 948 Una
975 902 1105 961 ergo
1132 887 1342 943 bilibris
1369 902 1435 942 ex
1464 886 1673 940 duobus
1700 882 1975 946 sextariis,
2016 878 2146 949 quia

569 985 705 1040 solet
734 984 898 1040 homo
920 992 1018 1035 vas
1038 980 1257 1040 habere,
1312 976 1457 1046 quod
1485 974 1632 1044 capit
1676 974 1811 1027 duos
1856 968 2142 1031 sextarios,

569 1076 881 1146 intelligitur
906 1090 1012 1128 una
1036 1071 1265 1128 ecclesia
1310 1084 1376 1124 es
1409 1070 1616 1125 duobus
1638 1066 1849 1136 populis
1888 1066 1941 1119 in
1978 1079 2145 1119 unum

569 1165 829 1229 collectis,
859 1162 1012 1232 juxta
1042 1160 1169 1215 illud
1203 1179 1215 1213 :
1265 1158 1411 1212 Alias
1432 1174 1547 1212 oues
1573 1156 1735 1211 habeo
1754 1170 1872 1224 quae
1904 1169 2007 1206 non
2028 1160 2149 1206 sunt

568 1268 629 1310 ex
655 1255 753 1309 hoc
781 1253 923 1318 ovili,
966 1263 1017 1307 et
1056 1252 1175 1306 illas
1216 1259 1412 1321 oportet
1439 1265 1522 1303 ine
1548 1247 1808 1302 adducere
1831 1284 1847 1310 ,
1890 1253 1939 1298 et
1974 1258 2151 1298 uocem

568 1361 735 1400 meam
762 1345 996 1405 audient,
1022 1351 1071 1397 et
1097 1343 1183 1411 [iet
1207 1356 1367 1395 unum
1382 1339 1523 1397 ovile
1541 1347 1589 1393 et
1610 1354 1745 1392 unus
1765 1344 1944 1406 pastor
1965 1333 2148 1404 (Joan.

572 1436 649 1507 ι).
683 1435 796 1490 Sub
812 1435 955 1489 duali
986 1444 1165 1488 autem
1190 1445 1416 1486 numero
1427 1428 1904 1499 comprehenditur
1930 1432 2153 1496 propter

569 1526 676 1582 duo
730 1534 1079 1589 testamenta,
1127 1524 1213 1578 vel
1254 1532 1475 1593 propter
1518 1520 1794 1593 geminum
1846 1516 2154 1574 dilectionis

570 1625 916 1684 prasceptum.
988 1613 1204 1668 Bilibris
1255 1612 1438 1682 itaque
1485 1611 1652 1666 tritici
1702 1608 1926 1666 denario
1989 1606 2150 1673 valet,

569 1707 693 1774 quia
718 1720 905 1761 omnes
931 1704 1101 1760 uncti
1148 1703 1386 1773 pretioso
1426 1701 1628 1757 Christi
1655 1700 1918 1770 sanguine
1946 1700 2153 1753 redem-

573 1798 649 1867 pti
678 1805 824 1853 sunt.
874 1796 1026 1851 Unde
1049 1794 1337 1865 Apostolus
1366 1811 1379 1848 :
1437 1792 1614 1862 Empti
1662 1793 1802 1847 enim
1841 1790 1962 1845 estis
1986 1790 2152 1859 pretio

569 1902 758 1956 magno
780 1886 831 1957 (l
862 1883 985 1940 Cor.
1014 1886 1113 1954 vs).
1145 1882 1263 1939 -νει
1298 1898 1396 1953 per
1420 1881 1702 1937 denarium
1749 1895 2038 1949 possumus
2065 1877 2152 1933 in-

2248 710 2587 766 nequaquam
2608 694 2739 748 dicit
2761 690 2999 754 Subicit,
3026 689 3122 745 sed
3156 704 3370 758 semper
3393 686 3469 740 ad
3516 682 3883 754 recipiendas

2246 789 2456 843 animas
2480 788 2659 842 sinum
2689 785 2869 849 laxat,
2916 783 2992 838 ita
3032 790 3089 837 et
3113 781 3201 836 isti
3243 788 3488 835 mentem
3533 776 3881 834 dilatantad

2248 876 2531 933 ambienda
2581 885 2832 941 terrena,
2879 889 2981 929 nec
3030 870 3599 940 tantumsacquirere
3657 880 3880 938 possm

2248 979 2509 1039 quantum
2539 969 2781 1040 cupiunt.
2818 966 2971 1023 Unde
3002 973 3300 1036 sequuntur
3332 961 3641 1018 diabolum
3663 1001 3683 1027 ,
3726 960 3785 1014 id
3807 970 3877 1014 est

2254 1062 2539 1121 imitantur
2574 1059 2723 1114 illum
2755 1059 2844 1131 qui
2882 1066 2966 1114 est
2995 1066 3159 1127 caput
3195 1052 3377 1112 omnis
3413 1052 3692 1108 malitias.
3742 1051 3873 1108 Cum

2251 1153 2512 1222 scriptum
2537 1158 2650 1215 est,
2694 1149 2986 1204 Imitantur
3011 1147 3159 1201 illum
3198 1147 3287 1218 qui
3310 1154 3437 1200 sunt
3469 1160 3543 1198 ea:
3566 1152 3740 1214 parte
3775 1142 3872 1211 ejus

2252 1242 2403 1316 (Sap.
2436 1244 2517 1311 ιι).
2547 1241 2751 1297 Auctor
2779 1240 2960 1309 itaque
2996 1237 3187 1293 mortis
3212 1244 3406 1290 contra
3456 1235 3635 1289 vivos
3682 1249 3871 1305 pugn:-

2253 1342 2439 1397 turus,
2486 1347 2649 1403 super
2675 1346 2873 1403 equum
2900 1328 3156 1402 pallidum
3186 1327 3378 1391 sedet,
3426 1326 3569 1395 quia
3621 1324 3867 1378 nimirum

2249 1439 2350 1493 per
2385 1423 2619 1480 cilicium
2660 1438 2881 1488 eorum,
2925 1435 3061 1492 quos
3083 1420 3194 1491 jam
3225 1417 3611 1490 spiritualiter
3638 1418 3863 1473 occidit.

2251 1518 2416 1571 vitam
2443 1515 2740 1571 electorum
2779 1512 3125 1583 exstinguere
3157 1510 3375 1581 quaerit.
3408 1508 3487 1562 Et
3520 1512 3665 1562 data
3696 1522 3770 1563 est
3798 1510 3863 1561 iiIi

2248 1615 2478 1673 potestas
2501 1622 2657 1677 super
2674 1615 2902 1676 quatuor
2939 1616 3113 1676 partes
3138 1613 3293 1656 terra:
3328 1600 3655 1671 interficere
3680 1601 3854 1669 gladia.

2252 1697 2351 1752 llic
2376 1707 2562 1768 aperte
2585 1698 3005 1761 demonstratur,
3028 1695 3154 1765 quia
3181 1693 3415 1765 singulis
3443 1693 3720 1764 gentibus
3741 1692 3857 1747 Deus

2252 1790 2595 1860 omnipotens
2641 1787 2861 1860 angelos
2903 1786 3197 1843 secundum
3228 1786 3502 1840 meritum
3540 1801 3710 1839 suum
3742 1800 3855 1855 pra-

2253 1880 2453 1949 posuit,
2484 1888 2539 1934 et
2561 1879 2699 1934 sicut
2728 1878 2885 1934 bonis
2910 1878 3132 1944 bonum,
3168 1874 3220 1931 id
3255 1884 3342 1931 est
3370 1873 3713 1930 Michaelem
3734 1891 3852 1945 pra:-

568 1976 808 2049 telligere
844 1977 1021 2048 ipsum
1073 1975 1359 2031 Dominum
1404 1973 1587 2029 Jesum
1636 1972 1936 2037 Christum,
1984 1985 2148 2043 quem
2174 1965 2223 2025 B
2250 1967 2380 2025 fecit
2401 1969 2671 2041 angelum.
2702 1967 2854 2026 Unde
2874 1965 3164 2035 est,Nemo
3186 1976 3271 2022 est
3294 1965 3531 2035 adiutor
3557 1983 3738 2031 meus,
3763 1966 3847 2021 nisi

566 2067 837 2138 accepturi
882 2077 1011 2124 sunt
1059 2066 1115 2121 in
1144 2065 1599 2121 remuneratione.
1645 2063 1981 2120 Laborantes
2003 2063 2152 2118 enim
2254 2062 2484 2120 Michael
2520 2064 2772 2135 princeps
2814 2070 3013 2128 vester,
3073 2061 3149 2117 ita
3199 2059 3363 2116 malis
3410 2059 3600 2115 malos
3654 2060 3846 2130 angelus

567 2162 620 2218 in
649 2162 808 2218 vinea
851 2159 1131 2215 denarium
1165 2166 1508 2227 acceperunt.
1560 2154 1686 2211 Sive
1731 2170 1828 2225 per
1867 2154 2150 2210 denarium
2253 2160 2579 2231 prroposuit,
2605 2159 2833 2227 ideoque
2856 2166 3085 2227 quatuor
3103 2155 3279 2227 angeli
3302 2155 3400 2226 qui
3422 2154 3845 2226 quatuorregnis

568 2252 679 2307 vita
705 2259 906 2306 aeterna
947 2249 1286 2320 intelligitur,
1325 2264 1443 2318 quac
1463 2248 1674 2303 cunctis
1700 2246 1888 2302 electis
1911 2245 2149 2312 dabitur,
2253 2251 2641 2322 principalibus
2667 2259 2794 2306 sum
2830 2249 3137 2321 praepositi,
3175 2264 3285 2304 non
3313 2247 3447 2303 boni
3480 2245 3737 2313 fuerunt,
3766 2246 3842 2301 sed

566 2355 688 2395 cum
717 2340 988 2396 audierint
1010 2356 1029 2393 :
1068 2338 1269 2405 Venite,
1301 2337 1552 2393 benedicti
1584 2334 1759 2391 Patris
1793 2337 1894 2392 mei
1932 2334 2148 2409 (Matth.
2253 2342 2400 2398 mali,
2421 2343 2553 2397 Data
2573 2351 2658 2397 est
2676 2342 2753 2395 illi
2773 2349 3014 2411 potestas
3033 2355 3195 2410 super
3208 2349 3453 2409 quatuor
3474 2348 3660 2409 partes
3675 2348 3841 2403 terra,

567 2430 717 2503 xxv).
767 2430 901 2487 Tres
924 2440 1107 2487 autem
1134 2430 1356 2486 bilibres
1378 2430 1602 2497 hordei,
1632 2429 1909 2500 subjectos
1931 2437 1988 2485 et
2015 2429 2150 2484 sim-
2254 2430 2309 2489 id
2335 2443 2419 2491 est
2438 2449 2602 2505 super
2621 2449 2813 2489 omnes
2837 2431 3115 2507 reprobos,
3155 2433 3249 2501 qui
3275 2432 3330 2486 in
3355 2441 3575 2501 quatuor
3593 2431 3844 2500 partibus

567 2522 734 2593 plices
757 2520 1058 2592 signiﬁcant
1091 2520 1383 2585 auditores,
1406 2519 1500 2590 qui
1530 2519 1630 2574 sub
1659 2519 1897 2577 ternario
1924 2531 2153 2573 numero

566 2613 1112 2684 comprehenduntur,
1144 2610 1269 2680 quia
1292 2610 1397 2665 ﬁde
1429 2618 1629 2665 sancta:
1642 2608 1926 2665 Trinitatis
1952 2622 2154 2663 ornan-

570 2713 677 2758 tur.
726 2702 899 2760 Unum
931 2703 1113 2771 itaque
1150 2709 1233 2756 est
1260 2700 1515 2757 frumenti
1538 2710 1594 2756 et
1636 2700 1848 2765 hordei,
1876 2700 2003 2771 quia
2050 2707 2155 2764 etsi

569 2793 708 2850 alius
734 2792 895 2848 alium
921 2792 1234 2850 fortitudine
1274 2802 1328 2848 et
1368 2792 1626 2864 dignitate
1662 2791 1938 2863 praecellit,
1971 2799 2154 2847 tamen

568 2899 759 2941 omnes
809 2899 916 2939 uno
966 2882 1169 2943 Christi
1217 2883 1478 2954 sanguine
1523 2891 1651 2939 sunt
1699 2883 1982 2953 redempti.
2037 2881 2155 2943 Etsi

565 2974 733 3030 etiam
764 2974 902 3030 alius
926 2974 1078 3044 plus,
1118 2974 1257 3029 alius
1287 2974 1465 3029 minus
1490 2973 1545 3028 in
1574 2973 1731 3029 vinea
1760 2972 1974 3031 Domini
2004 2970 2155 3028 labo-

566 3077 670 3133 rat,
705 3076 883 3123 tamen
907 3084 1071 3123 unum
1100 3081 1293 3123 omnes
1314 3073 1435 3136 post
1477 3062 1721 3119 laborem
1752 3063 2035 3121 denarium
2062 3078 2149 3118 re-

567 3159 790 3230 cipiunt.
821 3158 937 3215 Etsi
960 3159 1106 3215 enim
1131 3158 1237 3214 erit
1270 3157 1345 3214 ibi
1376 3155 1660 3213 diversitas
1684 3155 2046 3219 mansionum,
2073 3161 2154 3208 ta-

567 3265 690 3307 men
717 3265 826 3305 una
851 3249 956 3305 erit
981 3248 1346 3306 remuneratio
1378 3264 1392 3301 :
1419 3247 1549 3320 quia
1571 3262 1761 3305 omnes
1787 3246 1843 3301 in
1864 3259 2151 3303 commune

568 3359 735 3399 unum
777 3343 1128 3413 possidebunt
1170 3342 1357 3406 Deum,
1408 3318 1465 3394 et
1509 3338 1651 3411 quod
1685 3338 1738 3394 in
1785 3352 1844 3393 se
1887 3337 2009 3411 quis
2044 3353 2151 3392 non
2181 3318 2228 3384 (ἶ

566 3433 809 3499 habebit,
840 3432 1061 3489 habebit
1088 3432 1273 3503 utique
1301 3432 1354 3486 in
1377 3430 1568 3497 altero,
1594 3430 1721 3500 quia
1749 3430 1854 3485 erit
1878 3429 1984 3486 illis
2010 3430 2153 3486 Deus

567 3523 751 3580 omnia
782 3523 839 3579 in
865 3523 1138 3579 omnibus.
1182 3522 1251 3578 Et
1286 3522 1472 3577 vinum
1510 3530 1566 3578 et
1592 3506 1769 3577 oleum
1811 3536 1880 3576 ne
1925 3521 2148 3577 laeseris.

570 3612 727 3679 Quod
757 3612 1006 3682 superius
1052 3611 1389 3684 signiﬁcatur
1416 3625 1513 3680 per
1540 3609 1887 3676 frumentum,
1919 3610 2023 3665 hoc
2063 3609 2152 3666 hic

570 3704 888 3777 intelligitur
927 3718 1025 3774 per
1049 3703 1232 3758 vinum
1258 3721 1271 3756 :
1303 3712 1357 3758 et
1384 3702 1528 3775 quod
1558 3717 1717 3773 supra
1747 3715 1844 3772 per
1865 3702 2147 3769 hordeum,

564 3797 674 3854 hoc
699 3812 844 3852 nunc
871 3811 970 3868 per
998 3796 1198 3862 oleum,
1229 3796 1284 3851 id
1308 3805 1410 3863 est,
1462 3811 1654 3852 omnes
1685 3796 1861 3853 sancti
1890 3795 1945 3850 in
1965 3795 2153 3853 Eccle—

568 3888 651 3945 sia
678 3887 939 3960 generali.
994 3887 1163 3944 Recte
1209 3887 1355 3944 enim
1398 3902 1497 3959 per
1525 3888 1707 3943 vinum
1737 3896 1794 3942 et
1820 3886 2000 3943 oleum
2049 3885 2154 3958 ipsi

567 3980 966 4050 exprimuntur,
1017 3979 1146 4050 quia
1180 3978 1323 4034 sicut
1348 3978 1533 4041 vinum
1563 3988 1618 4035 et
1648 3978 1825 4034 oleum
1852 3994 1921 4034 ex
1967 3977 2153 4035 multis

566 4069 740 4126 botris
774 4070 828 4126 in
857 4069 1023 4141 prelo
1047 4070 1252 4142 pressis
1274 4070 1612 4141 producitur,
1640 4070 1716 4125 ita
1739 4068 1815 4124 illi
1845 4067 2029 4124 multis
2056 4067 2152 4123 tri-

565 4162 931 4219 bulationibus
957 4162 1114 4218 istius
1144 4162 1268 4218 vitae
1314 4170 1653 4233 premuntur,
1705 4169 1759 4217 et
1789 4161 1842 4215 in
1870 4158 2150 4230 apothecis

568 4251 834 4309 Dominici
872 4250 1077 4306 cellarii
1108 4250 1433 4307 conduntur.
1492 4251 1559 4305 Et
1604 4251 1728 4321 quia
1772 4251 1978 4318 vinum,
2025 4258 2152 4306 sunt

567 4340 828 4411 baptizati
852 4341 906 4395 in
928 4340 1035 4396 ﬁde
1063 4341 1356 4397 Dominica:
1385 4340 1671 4411 passionis.
1699 4340 1767 4395 Et
1790 4350 1979 4411 postea
2004 4357 2151 4397 acce-

566 4438 764 4500 perunt
809 4429 986 4487 oleum
1011 4429 1249 4502 Spiritus
1269 4431 1470 4497 sancti,
1495 4431 1744 4503 prohibet
1770 4432 1948 4487 divina
1980 4431 2151 4488 virtus

569 4524 851 4592 antiquum
881 4524 1095 4581 hostem
1142 4537 1211 4579 ne
1237 4537 1333 4578 eos
1362 4523 1536 4589 laedat,
1594 4531 1652 4578 ut
1700 4525 1973 4582 suadendo
2007 4523 2147 4579 mala

570 4618 861 4688 aliquando
886 4633 980 4675 eos
1006 4618 1074 4674 ad
1098 4627 1380 4689 peccatum
1408 4619 1705 4689 pertrahat.

2175 4686 2227 4748 D

2254 2531 2418 2580 terra:
2446 2532 2751 2589 morantur,
2778 2524 2834 2578 in
2861 2524 3071 2579 oriente
3095 2522 3331 2587 scilicet,
3360 2521 3655 2585 occiduus,
3682 2520 3837 2590 aqui-

2255 2615 2378 2672 lone
2404 2626 2464 2672 et
2506 2616 2754 2672 meridie.
2786 2615 2884 2670 Vel
2915 2631 3013 2686 per
3037 2624 3269 2685 quatuor
3295 2623 3491 2686 partes
3519 2625 3706 2680 terra,
3730 2631 3841 2685 pos-

2256 2721 2443 2762 sumus
2470 2706 2769 2779 intelligere
2787 2714 3017 2775 quatuor
3038 2721 3201 2777 regna
3222 2703 3587 2775 principalia,
3612 2705 3834 2774 Assyrio-

2257 2815 2376 2853 rum
2400 2797 2644 2855 videlicet
2662 2808 2718 2853 et
2737 2797 3134 2863 Chaldaeorum,
3158 2795 3445 2851 Medorum
3464 2807 3529 2849 et
3552 2795 3832 2861 Persarum,

2256 2891 2609 2948 Macedonum
2648 2900 2811 2962 atque
2844 2890 3232 2946 Romanorum.
3270 2888 3405 2944 Sive
3436 2889 3617 2943 etiam
3640 2900 3832 2961 quatuor

2256 2991 2438 3053 partes
2465 2992 2640 3048 terra),
2671 2983 2726 3037 in
2754 2982 2953 3053 quibus
2982 2989 3308 3053 potestatem
3336 2982 3575 3053 accepit
3603 2980 3827 3040 diabolus,

2258 3073 2623 3145 intelligamus
2662 3072 2967 3139 hmreticos,
3009 3086 3284 3143 paganos,
3329 3070 3569 3140 judzeos
3615 3082 3673 3127 et
3704 3069 3828 3123 falsas

2264 3168 2614 3226 christianos.
2652 3166 2824 3239 Super
2850 3168 2950 3223 has
2981 3175 3214 3237 quatuor
3238 3176 3432 3238 partes
3465 3176 3674 3233 terra,
3705 3164 3830 3221 idest

2261 3270 2602 3319 terrenorum
2636 3260 2938 3326 hominum,
2969 3269 3025 3317 et
3057 3275 3153 3331 per
3178 3259 3529 3315 desiderium
3560 3270 3749 3315 terram
3769 3260 3826 3312 is-

2258 3352 2616 3411 babitantium
2649 3352 2812 3408 habet
2840 3359 3167 3422 potestatem
3197 3346 3458 3404 diabolus
3479 3391 3495 3415 ,
3537 3359 3602 3405 et
3639 3367 3747 3405 cum
3769 3348 3827 3402 his

2260 3456 2448 3503 contra
2483 3461 2646 3501 unam
2680 3441 2885 3502 Christi
2921 3452 3122 3515 pugnat
3167 3440 3499 3508 Ecclesiam,
3559 3459 3720 3513 quam
3744 3442 3827 3494 idrs

2259 3538 2505 3596 scindere
2532 3554 2638 3595 non
2662 3545 2861 3609 potest,
2885 3535 3012 3607 quia
3036 3533 3138 3589 [ide
3160 3531 3366 3589 Christi
3393 3544 3487 3589 est
3516 3534 3698 3601 unita,
3713 3532 3829 3603 iam

2236 3629 2414 3695 .illud,
2447 3626 2565 3682 Una
2591 3636 2667 3682 est
2697 3625 2935 3681 columba
2967 3641 3082 3679 mea
3116 3623 3291 3695 (Cant.
3321 3625 3405 3692 γι)
3438 3638 3453 3677 :
3488 3623 3565 3679 Et
3591 3625 3666 3679 illi
3694 3622 3828 3687 dirui,

2259 3724 2350 3781 isti
2371 3736 2502 3779 vero
2528 3720 2878 3777 inveniuntur
2897 3718 3051 3773 uniti.
3086 3715 3367 3773 interfecit
3395 3734 3539 3774 vero
3572 3720 3671 3776 has
3690 3732 3829 3788 parte

2258 3823 2415 3870 terra:
2439 3812 2616 3885 gladio
2642 3811 2796 3868 mala:
2826 3809 3217 3882 suggestionis,
3244 3824 3306 3865 ut
3335 3812 3725 3882 supradictum
3752 3820 3826 3873 est.

2255 3917 2304 3962 et
2331 3906 2470 3977 fame
2522 3904 2775 3961 audiendi
2802 3905 3025 3958 verbum
3048 3902 3163 3967 Dei,
3189 3902 3254 3957 de
3284 3918 3397 3973 qua
3426 3902 3585 3959 fame
3614 3904 3827 3960 Domina:

2256 3998 2389 4053 ἀίιίι
2418 4012 2515 4068 per
2540 3996 2710 4051 Amos
2742 3995 3060 4067 prophetam
3095 3992 3245 4065 (Cap.
3276 3993 3434 4066 vin),
3466 3994 3689 4050 Ιίιισιιι
3712 3997 3756 4048 in
3776 3994 3831 4046 eis

2256 4088 2471 4158 famem,
2494 4103 2598 4142 non
2623 4087 2797 4157 panis,
2826 4103 2931 4141 non
2969 4087 3107 4141 sitim
3147 4102 3321 4155 aqum,
3349 4086 3451 4139 sed
3471 4088 3728 4141 audiendi
3746 4102 3826 4138 rer-

2254 4179 2375 4233 bum
2409 4177 2523 4233 Dei.
2554 4177 2671 4245 Quo
2701 4178 2754 4232 in
2782 4177 2901 4232 loco
2927 4176 3153 4248 quaestio
3188 4176 3369 4231 oritur
3398 4194 3415 4230 :
3452 4175 3516 4232 Si
3551 4178 3696 4233 Deus
3726 4179 3831 4231 basi:

2254 4268 2448 4324 famem
2486 4268 2750 4335 immittit,
2776 4268 2904 4339 quid
2933 4276 3121 4341 peceat
3147 4268 3438 4323 diabolus?
3475 4270 3619 4338 Quae
3646 4272 3832 4340 quasue

2253 4358 2412 4416 facile
2453 4360 2704 4423 solvitur,
2746 4360 2872 4431 quia
2910 4359 3052 4429 quod
3080 4358 3223 4413 Deus
3258 4356 3394 4413 facit
3434 4360 3600 4431 justo
3633 4362 3829 4431 judicia.

2251 4452 2496 4508 diabolus
2516 4450 2645 4506 facit
2668 4453 2723 4506 in
2745 4450 2997 4506 suasione
3018 4461 3073 4505 et
3090 4449 3231 4504 mala
3252 4451 3572 4507 voluntate.
3598 4452 3667 4507 Et
3685 4466 3830 4513 αωηε,

2250 4542 2540 4605 subaudis,
2579 4542 2764 4596 datum
2802 4550 2887 4597 est
2916 4540 2993 4597 illi
3025 4539 3337 4596 interﬁcere
3377 4542 3674 4603 homines,
3710 4542 3831 4613 spiri-

2252 4634 2384 4689 tuali
2412 4634 2620 4689 scilicet
2646 4643 2806 4703 atque
2833 4633 3098 4688 interiori.
3134 4632 3199 4686 Et
3235 4634 3420 4688 bestiis
3457 4648 3643 4690 terra‘.
3676 4636 3827 4690 Bestie

639 4730 850 4784 Etcum
884 4730 1169 4800 aperuisset
1197 4728 1429 4800 sigillum
1449 4739 1730 4801 quartum,
1770 4732 1947 4786 aadwt
1972 4748 2150 4786 uocem
2175 4725 2226 4748 ν
2251 4725 2503 4783 efferatos
2549 4726 2796 4783 homines
2839 4735 2895 4781 et
2928 4726 3183 4781 bestiales
3208 4726 3575 4798 significant,
3610 4747 3705 4800 per
3727 4742 3829 4797 qum

562 4823 737 4895 quarti
779 4820 1023 4877 animalis
1060 4820 1313 4886 dicentis,
1351 4819 1473 4876 Veni
1510 4831 1559 4876 et
1582 4821 1716 4877 side.
1750 4820 1819 4874 Et
1850 4837 1965 4875 ecce
1990 4838 2151 4893 equus

562 4911 813 4983 pallidus.
842 4910 946 4979 Qui
974 4911 1222 4982 superius
1246 4925 1343 4981 per
1374 4925 1575 4982 equum
1607 4910 1785 4966 rufum
1814 4921 1870 4967 et
1895 4912 2112 4983 nigrum
2130 4954 2146 4981 ,

562 5002 669 5072 ipsi
709 5002 1064 5071 designantur
1086 5009 1143 5056 et
1181 5001 1268 5056 hic
1298 5016 1396 5072 per
1434 5002 1724 5073 pallidum,
1756 5002 1810 5058 id
1850 5011 1935 5058 est
1957 5019 2148 5060 omnes

566 5091 783 5161 reprobi
811 5091 879 5147 ad
926 5092 1186 5162 pallorem
1227 5101 1444 5146 (eterna:
1487 5093 1679 5148 mortis
1708 5094 1955 5160 venturi,
2002 5112 2145 5150 mor-

565 5184 674 5239 tuis
706 5184 852 5240 enim
885 5184 1102 5255 proprie
1134 5183 1309 5255 pallor
1334 5183 1547 5239 accidit.
1590 5184 1697 5240 Nec
1734 5186 1930 5242 mirum
1962 5187 2009 5243 si
2046 5202 2145 5261 per

564 5270 687 5341 equi
711 5270 972 5340 pallorem
1000 5284 1143 5325 mors
1171 5268 1511 5340 exprimitur,
1541 5285 1662 5325 cum
1691 5271 1852 5326 ctiam
1884 5271 1998 5341 ipse
2031 5287 2145 5327 ses-

563 5376 658 5417 sor
695 5374 844 5415 mors
888 5367 1130 5415 vocetur.
1180 5357 1331 5415 Unde
1372 5359 1655 5415 subditur:
1690 5359 1755 5414 Et
1800 5360 1889 5433 qui
1932 5361 2141 5416 sedebat

560 5470 721 5526 super
758 5452 940 5519 illum,
980 5468 1165 5507 nomen
1198 5450 1275 5505 illi
1306 5467 1467 5505 mors.
1500 5447 1616 5517 Quo
1642 5450 1862 5507 nomine
1896 5446 2140 5507 diabolus

561 5542 899 5615 intelligitur,
949 5542 1075 5612 quia
1114 5539 1311 5597 invidia
1358 5541 1555 5596 diaboli
1601 5557 1748 5598 mors
1793 5542 2035 5601 introivit
2083 5543 2137 5598 in

560 5637 749 5691 orbem
797 5643 1095 5700 terrarum;
1130 5632 1222 5705 qui
1264 5644 1426 5703 super
1455 5645 1550 5685 eos
1583 5631 1770 5699 sedet,
1816 5633 1910 5703 qui
1954 5631 2136 5705 pallidi

562 5738 712 5797 sunt,
744 5727 847 5783 hoc
870 5735 973 5792 est,
1008 5726 1101 5797 qui
1128 5739 1289 5797 opera
1310 5719 1504 5778 mortis
1531 5720 1728 5777 habent
1756 5740 1767 5776 :
1800 5732 1853 5778 et
1882 5740 2003 5780 cum
2036 5724 2134 5795 ipsi

562 5820 673 5874 sint
712 5819 941 5884 mortui,
974 5818 1136 5876 etiam
1167 5815 1301 5870 alios
1327 5815 1667 5884 exstinguere
1689 5824 1966 5884 quaerunt,
1998 5819 2137 5874 unde

564 5918 619 5964 et
665 5909 930 5975 sequitur,
979 5908 1104 5978 quia
1144 5917 1190 5961 et
1231 5903 1464 5975 infernas
1501 5904 1808 5973 sequebatur
1846 5923 1984 5963 eum.
2035 5908 2134 5979 Ipsi

2248 4817 2498 4874 diabolus
2529 4817 2728 4873 multos
2753 4814 3048 4882 interfecit,
3081 4818 3223 4872 sicut
3248 4816 3352 4872 fuit
3388 4818 3567 4883 Nero,
3602 4822 3828 4876 Domitil-

2248 4925 2351 4964 nus
2374 4917 2431 4963 et
2456 4908 2638 4964 car-teri
2682 4918 3056 4979 persecutores
3081 4918 3395 4965 sanctorum
3427 4914 3830 4985 martyrumnte

2248 5000 2447 5054 talibus
2478 5000 2611 5055 dicit
2634 4998 2922 5070 Apostolus
2950 5019 2962 5053 ;
2998 4998 3262 5054 Cretenses
3290 5017 3510 5069 semper
3549 5006 3830 5061 mendam.

2243 5091 2399 5146 mala:
2422 5092 2597 5146 bestia:
2627 5090 2753 5161 (Tit.
2783 5094 2844 5159 ι),
2863 5102 2918 5145 ct
2940 5091 3099 5145 alibi:
3127 5090 3184 5145 Si
3206 5093 3501 5145 secundum
3530 5092 3833 5149 nominaui

2250 5182 2439 5238 bestias
2468 5184 2692 5253 pugnari
2724 5179 2915 5251 Ephesi
2939 5181 2990 5254 (I
3013 5179 3134 5236 Cor.
3166 5183 3275 5252 xv).

2319 5272 2387 5327 Et
2418 5290 2534 5327 cum
2566 5276 2847 5342 aperuisset
2871 5273 3102 5346 sigillum
3131 5275 3393 5346 quintum,
3418 5276 3536 5329 vidi
3559 5279 3661 5331 sub
3690 5280 3835 5331 alter:

2246 5361 2343 5417 Dei
2377 5363 2580 5418 animas
2617 5361 3026 5433 interfectorum.
3069 5362 3127 5418 ln
3154 5362 3511 5419 tabernaculo
3547 5367 3723 5440 Moysi
3747 5371 3835 5421 duo

2247 5450 2438 5509 altaria
2486 5452 2721 5521 fuerunt,
2766 5456 2916 5525 prius
2968 5453 3174 5511 scilicet
3218 5468 3327 5511 abre
3367 5468 3703 5528 coopertum
3747 5461 3835 5515 sub

2247 5545 2390 5612 divo,
2417 5546 2505 5601 ubi
2537 5546 2805 5601 sacrificia
2835 5547 3213 5601 cremabantur
3241 5564 3254 5600 :
3285 5546 3432 5603 aliud
3459 5564 3597 5605 vero
3620 5552 3833 5606 interius

2245 5644 2367 5691 ante
2389 5637 2589 5702 velum,
2614 5637 2667 5693 in
2699 5655 2805 5708 quo
2833 5647 3038 5693 tantum
3067 5640 3286 5710 sanguis
3302 5643 3618 5710 ponebatur
3634 5652 3689 5697 et
3721 5645 3828 5712 thy-

2244 5729 2463 5794 miama,
2506 5739 2560 5784 et
2606 5738 2724 5784 erat
2771 5730 3020 5785 vestitum
3069 5746 3220 5786 auro.
3272 5730 3453 5788 Scissa
3485 5743 3673 5789 autem
3704 5734 3826 5789 vdo.

2243 5835 2368 5875 arca
2407 5836 2526 5890 quae
2566 5831 2682 5874 erat
2719 5820 2858 5875 intra
2900 5819 3094 5879 Sancta
3144 5831 3453 5877 sanctorum
3483 5866 3496 5885 ρ
3547 5826 3825 5896 conjuncta

2243 5920 2326 5966 cst
2357 5912 2509 5966 altari
2542 5928 2725 5975 aureo,
2760 5921 2810 5964 ul
2852 5911 2965 5978 jam
3011 5913 3154 5967 nulla
3200 5922 3343 5971 esset
3389 5915 3647 5971 distantia
3698 5917 3823 5971 inter
