  <div class='ocr_page' id='page_1' title='image "/cluster/home/n/w/nwhite01/storage/ocr_20150623/117/hvd.32044015466899/520.png"; bbox 0 0 3972 6438; ppageno 0'>
   <div class='ocr_carea' id='block_1_1' title="bbox 152 488 295 549">
    <p class='ocr_par' dir='ltr' id='par_1_1' title="bbox 152 488 295 549">
     <span class='ocr_line' id='line_1_1' title="bbox 152 488 295 549; baseline 0 0"><span class='ocrx_word' id='word_1_1' title='bbox 152 488 295 549; x_wconf 71' lang='grc'><strong>1029</strong></span> 
     </span>
    </p>
   </div>
   <div class='ocr_carea' id='block_1_2' title="bbox 1088 473 2489 541">
    <p class='ocr_par' dir='ltr' id='par_1_2' title="bbox 1088 473 2489 541">
     <span class='ocr_line' id='line_1_2' title="bbox 1088 473 2489 541; baseline -0.006 0"><span class='ocrx_word' id='word_1_2' title='bbox 1088 482 1452 541; x_wconf 83' lang='lat' dir='ltr'><strong>EXPOSITIO</strong></span> <span class='ocrx_word' id='word_1_3' title='bbox 1484 480 1551 538; x_wconf 81' lang='lat' dir='ltr'><strong>IN</strong></span> <span class='ocrx_word' id='word_1_4' title='bbox 1589 474 2111 538; x_wconf 78' lang='lat' dir='ltr'><strong>APOCALYPSIN.</strong></span> <span class='ocrx_word' id='word_1_5' title='bbox 2153 508 2223 520; x_wconf 91' lang='lat'><strong>—-</strong></span> <span class='ocrx_word' id='word_1_6' title='bbox 2255 476 2388 535; x_wconf 85' lang='lat' dir='ltr'><strong>LIB.</strong></span> <span class='ocrx_word' id='word_1_7' title='bbox 2424 473 2489 535; x_wconf 87' lang='lat' dir='ltr'><strong>ll.</strong></span> 
     </span>
    </p>
   </div>
   <div class='ocr_carea' id='block_1_3' title="bbox 153 587 3433 668">
    <p class='ocr_par' dir='ltr' id='par_1_3' title="bbox 153 587 3433 668">
     <span class='ocr_line' id='line_1_3' title="bbox 153 587 3433 668; baseline -0.005 -6"><span class='ocrx_word' id='word_1_8' title='bbox 153 607 328 663; x_wconf 87' lang='lat' dir='ltr'><strong>altare</strong></span> <span class='ocrx_word' id='word_1_9' title='bbox 362 612 418 658; x_wconf 88' lang='lat' dir='ltr'><strong>et</strong></span> <span class='ocrx_word' id='word_1_10' title='bbox 459 616 665 657; x_wconf 88' lang='lat' dir='ltr'><strong>arcam.</strong></span> <span class='ocrx_word' id='word_1_11' title='bbox 715 599 821 656; x_wconf 90' lang='lat' dir='ltr'><strong>Per</strong></span> <span class='ocrx_word' id='word_1_12' title='bbox 849 600 964 656; x_wconf 78' lang='lat' dir='ltr'><strong>htec</strong></span> <span class='ocrx_word' id='word_1_13' title='bbox 988 600 1095 655; x_wconf 92' lang='lat' dir='ltr'><strong>duo</strong></span> <span class='ocrx_word' id='word_1_14' title='bbox 1134 599 1326 654; x_wconf 87' lang='lat' dir='ltr'><strong>altaria</strong></span> <span class='ocrx_word' id='word_1_15' title='bbox 1344 638 1359 664; x_wconf 95' lang='lat'><strong>,</strong></span> <span class='ocrx_word' id='word_1_16' title='bbox 1400 597 1509 652; x_wconf 88' lang='lat' dir='ltr'><strong>duo</strong></span> <span class='ocrx_word' id='word_1_17' title='bbox 1532 592 1747 668; x_wconf 67' lang='lat' dir='ltr'><strong>;sigiiiﬁ-</strong></span> <span class='ocrx_word' id='word_1_18' title='bbox 1774 593 1827 654; x_wconf 80' lang='grc' dir='ltr'><strong>Α</strong></span> <span class='ocrx_word' id='word_1_19' title='bbox 1850 591 2229 657; x_wconf 85' lang='lat' dir='ltr'><strong>constitutum,</strong></span> <span class='ocrx_word' id='word_1_20' title='bbox 2252 591 2491 660; x_wconf 83' lang='lat' dir='ltr'><strong>quandiu</strong></span> <span class='ocrx_word' id='word_1_21' title='bbox 2521 589 2645 645; x_wconf 83' lang='lat' dir='ltr'><strong>talis</strong></span> <span class='ocrx_word' id='word_1_22' title='bbox 2671 589 2773 645; x_wconf 89' lang='lat' dir='ltr'><strong>sub</strong></span> <span class='ocrx_word' id='word_1_23' title='bbox 2796 587 3072 659; x_wconf 74' lang='lat' dir='ltr'><strong>prioribus</strong></span> <span class='ocrx_word' id='word_1_24' title='bbox 3088 588 3253 656; x_wconf 81' lang='lat' dir='ltr'><strong>vivit,</strong></span> <span class='ocrx_word' id='word_1_25' title='bbox 3275 589 3433 659; x_wconf 83' lang='lat' dir='ltr'><strong>quasi</strong></span> 
     </span>
    </p>
   </div>
   <div class='ocr_carea' id='block_1_4' title="bbox 154 684 1743 767">
    <p class='ocr_par' dir='ltr' id='par_1_4' title="bbox 154 684 1743 767">
     <span class='ocr_line' id='line_1_4' title="bbox 154 684 1743 767; baseline -0.009 -14"><span class='ocrx_word' id='word_1_26' title='bbox 154 706 350 755; x_wconf 84' lang='lat' dir='ltr'><strong>cantur</strong></span> <span class='ocrx_word' id='word_1_27' title='bbox 386 693 568 767; x_wconf 78' lang='lat' dir='ltr'><strong>populi</strong></span> <span class='ocrx_word' id='word_1_28' title='bbox 595 714 607 748; x_wconf 91' lang='lat'>:</span> <span class='ocrx_word' id='word_1_29' title='bbox 635 709 778 749; x_wconf 88' lang='lat' dir='ltr'><strong>unus</strong></span> <span class='ocrx_word' id='word_1_30' title='bbox 812 691 1021 749; x_wconf 73' lang='lat' dir='ltr'><strong>scilicet</strong></span> <span class='ocrx_word' id='word_1_31' title='bbox 1054 706 1154 763; x_wconf 90' lang='lat' dir='ltr'><strong>per</strong></span> <span class='ocrx_word' id='word_1_32' title='bbox 1191 691 1363 747; x_wconf 90' lang='lat' dir='ltr'><strong>altare</strong></span> <span class='ocrx_word' id='word_1_33' title='bbox 1392 688 1660 751; x_wconf 88' lang='lat' dir='ltr'><strong>exterius,</strong></span> <span class='ocrx_word' id='word_1_34' title='bbox 1690 684 1743 740; x_wconf 92' lang='lat' dir='ltr'><strong>id</strong></span> 
     </span>
    </p>
   </div>
   <div class='ocr_carea' id='block_1_5' title="bbox 155 780 1745 855">
    <p class='ocr_par' dir='ltr' id='par_1_5' title="bbox 155 780 1745 855">
     <span class='ocr_line' id='line_1_5' title="bbox 155 780 1745 855; baseline -0.01 -8"><span class='ocrx_word' id='word_1_35' title='bbox 155 797 243 850; x_wconf 88' lang='lat' dir='ltr'><strong>est</strong></span> <span class='ocrx_word' id='word_1_36' title='bbox 261 786 496 846; x_wconf 75' lang='lat' dir='ltr'><strong>carnalis</strong></span> <span class='ocrx_word' id='word_1_37' title='bbox 518 788 572 842; x_wconf 92' lang='lat' dir='ltr'><strong>in</strong></span> <span class='ocrx_word' id='word_1_38' title='bbox 585 784 801 847; x_wconf 82' lang='lat' dir='ltr'><strong>Judaeis,</strong></span> <span class='ocrx_word' id='word_1_39' title='bbox 818 784 914 855; x_wconf 85' lang='lat' dir='ltr'><strong>qui</strong></span> <span class='ocrx_word' id='word_1_40' title='bbox 943 783 1314 840; x_wconf 89' lang='lat' dir='ltr'><strong>tantummodo</strong></span> <span class='ocrx_word' id='word_1_41' title='bbox 1329 796 1427 852; x_wconf 89' lang='lat' dir='ltr'><strong>per</strong></span> <span class='ocrx_word' id='word_1_42' title='bbox 1438 780 1570 850; x_wconf 85' lang='lat' dir='ltr'><strong>legis</strong></span> <span class='ocrx_word' id='word_1_43' title='bbox 1579 789 1745 848; x_wconf 84' lang='lat' dir='ltr'><strong>opera</strong></span> 
     </span>
    </p>
   </div>
   <div class='ocr_carea' id='block_1_6' title="bbox 153 866 1747 948">
    <p class='ocr_par' dir='ltr' id='par_1_6' title="bbox 153 866 1747 948">
     <span class='ocr_line' id='line_1_6' title="bbox 153 866 1747 948; baseline -0.012 -8"><span class='ocrx_word' id='word_1_44' title='bbox 153 893 213 940; x_wconf 88' lang='lat' dir='ltr'><strong>et</strong></span> <span class='ocrx_word' id='word_1_45' title='bbox 239 880 503 939; x_wconf 89' lang='lat' dir='ltr'><strong>sacriﬁcia</strong></span> <span class='ocrx_word' id='word_1_46' title='bbox 530 885 724 948; x_wconf 56' lang='lat' dir='ltr'><strong>puta:</strong></span> <span class='ocrx_word' id='word_1_47' title='bbox 751 892 810 933; x_wconf 85' lang='lat' dir='ltr'><strong>se</strong></span> <span class='ocrx_word' id='word_1_48' title='bbox 830 876 1026 933; x_wconf 82' lang='lat' dir='ltr'><strong>salvari</strong></span> <span class='ocrx_word' id='word_1_49' title='bbox 1047 888 1206 945; x_wconf 88' lang='lat' dir='ltr'><strong>posse</strong></span> <span class='ocrx_word' id='word_1_50' title='bbox 1226 882 1284 929; x_wconf 83' lang='lat' dir='ltr'><strong>et</strong></span> <span class='ocrx_word' id='word_1_51' title='bbox 1302 869 1609 944; x_wconf 86' lang='lat' dir='ltr'><strong>justiﬁcari.</strong></span> <span class='ocrx_word' id='word_1_52' title='bbox 1642 866 1747 922; x_wconf 91' lang='lat' dir='ltr'><strong>Per</strong></span> 
     </span>
    </p>
   </div>
   <div class='ocr_carea' id='block_1_7' title="bbox 156 958 1747 1038">
    <p class='ocr_par' dir='ltr' id='par_1_7' title="bbox 156 958 1747 1038">
     <span class='ocr_line' id='line_1_7' title="bbox 156 958 1747 1038; baseline -0.011 -9"><span class='ocrx_word' id='word_1_53' title='bbox 156 986 383 1029; x_wconf 86' lang='lat' dir='ltr'><strong>aureum</strong></span> <span class='ocrx_word' id='word_1_54' title='bbox 416 980 598 1025; x_wconf 87' lang='lat' dir='ltr'><strong>autem</strong></span> <span class='ocrx_word' id='word_1_55' title='bbox 636 968 780 1038; x_wconf 86' lang='lat' dir='ltr'><strong>quod</strong></span> <span class='ocrx_word' id='word_1_56' title='bbox 813 976 931 1022; x_wconf 90' lang='lat' dir='ltr'><strong>erat</strong></span> <span class='ocrx_word' id='word_1_57' title='bbox 958 965 1225 1030; x_wconf 83' lang='lat' dir='ltr'><strong>interius,</strong></span> <span class='ocrx_word' id='word_1_58' title='bbox 1258 962 1417 1029; x_wconf 91' lang='lat' dir='ltr'><strong>alter,</strong></span> <span class='ocrx_word' id='word_1_59' title='bbox 1448 960 1501 1018; x_wconf 89' lang='lat' dir='ltr'><strong>id</strong></span> <span class='ocrx_word' id='word_1_60' title='bbox 1534 968 1620 1015; x_wconf 89' lang='lat' dir='ltr'><strong>est</strong></span> <span class='ocrx_word' id='word_1_61' title='bbox 1642 958 1747 1030; x_wconf 89' lang='lat' dir='ltr'><strong>spi-</strong></span> 
     </span>
    </p>
   </div>
   <div class='ocr_carea' id='block_1_8' title="bbox 154 1054 1749 1133">
    <p class='ocr_par' dir='ltr' id='par_1_8' title="bbox 154 1054 1749 1133">
     <span class='ocr_line' id='line_1_8' title="bbox 154 1054 1749 1133; baseline -0.008 -14"><span class='ocrx_word' id='word_1_62' title='bbox 154 1061 369 1120; x_wconf 87' lang='lat' dir='ltr'><strong>rituaiis</strong></span> <span class='ocrx_word' id='word_1_63' title='bbox 422 1069 605 1133; x_wconf 87' lang='lat' dir='ltr'><strong>patres</strong></span> <span class='ocrx_word' id='word_1_64' title='bbox 646 1059 927 1130; x_wconf 89' lang='lat' dir='ltr'><strong>utriusque</strong></span> <span class='ocrx_word' id='word_1_65' title='bbox 972 1054 1323 1121; x_wconf 85' lang='lat' dir='ltr'><strong>testamenti,</strong></span> <span class='ocrx_word' id='word_1_66' title='bbox 1363 1054 1457 1125; x_wconf 86' lang='lat' dir='ltr'><strong>qui</strong></span> <span class='ocrx_word' id='word_1_67' title='bbox 1504 1068 1613 1109; x_wconf 92' lang='lat' dir='ltr'><strong>non</strong></span> <span class='ocrx_word' id='word_1_68' title='bbox 1651 1065 1749 1123; x_wconf 84' lang='lat' dir='ltr'><strong>per</strong></span> 
     </span>
    </p>
   </div>
   <div class='ocr_carea' id='block_1_9' title="bbox 154 1143 1749 1225">
    <p class='ocr_par' dir='ltr' id='par_1_9' title="bbox 154 1143 1749 1225">
     <span class='ocr_line' id='line_1_9' title="bbox 154 1143 1749 1225; baseline -0.008 -15"><span class='ocrx_word' id='word_1_69' title='bbox 154 1154 329 1225; x_wconf 83' lang='lat' dir='ltr'><strong>legem</strong></span> <span class='ocrx_word' id='word_1_70' title='bbox 359 1160 453 1207; x_wconf 88' lang='lat' dir='ltr'><strong>aut</strong></span> <span class='ocrx_word' id='word_1_71' title='bbox 476 1164 643 1222; x_wconf 86' lang='lat' dir='ltr'><strong>opera</strong></span> <span class='ocrx_word' id='word_1_72' title='bbox 677 1148 1069 1204; x_wconf 89' lang='lat' dir='ltr'><strong>sacriﬁciorum</strong></span> <span class='ocrx_word' id='word_1_73' title='bbox 1110 1161 1169 1203; x_wconf 89' lang='lat' dir='ltr'><strong>se</strong></span> <span class='ocrx_word' id='word_1_74' title='bbox 1204 1152 1398 1216; x_wconf 88' lang='lat' dir='ltr'><strong>putant</strong></span> <span class='ocrx_word' id='word_1_75' title='bbox 1435 1143 1633 1200; x_wconf 86' lang='lat' dir='ltr'><strong>salvari</strong></span> <span class='ocrx_word' id='word_1_76' title='bbox 1662 1157 1749 1197; x_wconf 90' lang='lat' dir='ltr'><strong>so-</strong></span> 
     </span>
    </p>
   </div>
   <div class='ocr_carea' id='block_1_10' title="bbox 154 1236 1745 1316">
    <p class='ocr_par' dir='ltr' id='par_1_10' title="bbox 154 1236 1745 1316">
     <span class='ocr_line' id='line_1_10' title="bbox 154 1236 1745 1316; baseline -0.008 -13"><span class='ocrx_word' id='word_1_77' title='bbox 154 1246 432 1303; x_wconf 79' lang='lat' dir='ltr'><strong>lummodo</strong></span> <span class='ocrx_word' id='word_1_78' title='bbox 459 1257 638 1316; x_wconf 89' lang='lat' dir='ltr'><strong>posse,</strong></span> <span class='ocrx_word' id='word_1_79' title='bbox 668 1242 763 1298; x_wconf 92' lang='lat' dir='ltr'><strong>sed</strong></span> <span class='ocrx_word' id='word_1_80' title='bbox 790 1241 971 1312; x_wconf 84' lang='lat' dir='ltr'><strong>potius</strong></span> <span class='ocrx_word' id='word_1_81' title='bbox 1000 1254 1097 1312; x_wconf 87' lang='lat' dir='ltr'><strong>per</strong></span> <span class='ocrx_word' id='word_1_82' title='bbox 1125 1238 1288 1295; x_wconf 90' lang='lat' dir='ltr'><strong>ﬁdem</strong></span> <span class='ocrx_word' id='word_1_83' title='bbox 1309 1237 1514 1294; x_wconf 87' lang='lat' dir='ltr'><strong>Christi</strong></span> <span class='ocrx_word' id='word_1_84' title='bbox 1538 1236 1707 1291; x_wconf 81' lang='lat' dir='ltr'><strong>futuri</strong></span> <span class='ocrx_word' id='word_1_85' title='bbox 1730 1275 1745 1301; x_wconf 93' lang='lat'><strong>,</strong></span> 
     </span>
    </p>
   </div>
   <div class='ocr_carea' id='block_1_11' title="bbox 154 1326 1750 1408">
    <p class='ocr_par' dir='ltr' id='par_1_11' title="bbox 154 1326 1750 1408">
     <span class='ocr_line' id='line_1_11' title="bbox 154 1326 1750 1408; baseline -0.004 -21"><span class='ocrx_word' id='word_1_86' title='bbox 154 1338 415 1408; x_wconf 83' lang='lat' dir='ltr'><strong>quoniam</strong></span> <span class='ocrx_word' id='word_1_87' title='bbox 444 1335 585 1391; x_wconf 83' lang='lat' dir='ltr'><strong>sicut</strong></span> <span class='ocrx_word' id='word_1_88' title='bbox 613 1333 863 1389; x_wconf 88' lang='lat' dir='ltr'><strong>doctores</strong></span> <span class='ocrx_word' id='word_1_89' title='bbox 885 1331 1241 1403; x_wconf 86' lang='lat' dir='ltr'><strong>spiritualiter</strong></span> <span class='ocrx_word' id='word_1_90' title='bbox 1269 1328 1443 1401; x_wconf 85' lang='lat' dir='ltr'><strong>legem</strong></span> <span class='ocrx_word' id='word_1_91' title='bbox 1470 1326 1750 1383; x_wconf 84' lang='lat' dir='ltr'><strong>intellexe-</strong></span> 
     </span>
    </p>
   </div>
   <div class='ocr_carea' id='block_1_12' title="bbox 155 1417 1747 1494">
    <p class='ocr_par' dir='ltr' id='par_1_12' title="bbox 155 1417 1747 1494">
     <span class='ocr_line' id='line_1_12' title="bbox 155 1417 1747 1494; baseline -0.009 -10"><span class='ocrx_word' id='word_1_92' title='bbox 155 1437 323 1494; x_wconf 91' lang='lat' dir='ltr'><strong>runt,</strong></span> <span class='ocrx_word' id='word_1_93' title='bbox 366 1427 439 1481; x_wconf 89' lang='lat' dir='ltr'><strong>ita</strong></span> <span class='ocrx_word' id='word_1_94' title='bbox 467 1434 519 1481; x_wconf 92' lang='lat' dir='ltr'><strong>et</strong></span> <span class='ocrx_word' id='word_1_95' title='bbox 557 1424 831 1480; x_wconf 79' lang='lat' dir='ltr'><strong>faciebant</strong></span> <span class='ocrx_word' id='word_1_96' title='bbox 856 1421 931 1477; x_wconf 83' lang='lat' dir='ltr'><strong>illi</strong></span> <span class='ocrx_word' id='word_1_97' title='bbox 955 1421 1231 1492; x_wconf 79' lang='lat' dir='ltr'><strong>prophetae</strong></span> <span class='ocrx_word' id='word_1_98' title='bbox 1255 1418 1492 1482; x_wconf 85' lang='lat' dir='ltr'><strong>scilicet,</strong></span> <span class='ocrx_word' id='word_1_99' title='bbox 1518 1417 1747 1487; x_wconf 87' lang='lat' dir='ltr'><strong>patriar-</strong></span> 
     </span>
    </p>
   </div>
   <div class='ocr_carea' id='block_1_13' title="bbox 154 1510 1752 1586">
    <p class='ocr_par' dir='ltr' id='par_1_13' title="bbox 154 1510 1752 1586">
     <span class='ocr_line' id='line_1_13' title="bbox 154 1510 1752 1586; baseline -0.008 -9"><span class='ocrx_word' id='word_1_100' title='bbox 154 1522 279 1577; x_wconf 68' lang='lat' dir='ltr'><strong>chas</strong></span> <span class='ocrx_word' id='word_1_101' title='bbox 297 1562 311 1585; x_wconf 91' lang='lat'><strong>,</strong></span> <span class='ocrx_word' id='word_1_102' title='bbox 342 1527 398 1574; x_wconf 89' lang='lat' dir='ltr'><strong>et</strong></span> <span class='ocrx_word' id='word_1_103' title='bbox 423 1517 636 1583; x_wconf 79' lang='lat' dir='ltr'><strong>caeteri,</strong></span> <span class='ocrx_word' id='word_1_104' title='bbox 681 1516 822 1586; x_wconf 86' lang='lat' dir='ltr'><strong>quod</strong></span> <span class='ocrx_word' id='word_1_105' title='bbox 853 1514 908 1570; x_wconf 88' lang='lat' dir='ltr'><strong>in</strong></span> <span class='ocrx_word' id='word_1_106' title='bbox 931 1513 1092 1569; x_wconf 84' lang='lat' dir='ltr'><strong>dictis</strong></span> <span class='ocrx_word' id='word_1_107' title='bbox 1118 1511 1287 1570; x_wconf 85' lang='lat' dir='ltr'><strong>David</strong></span> <span class='ocrx_word' id='word_1_108' title='bbox 1312 1519 1499 1581; x_wconf 86' lang='lat' dir='ltr'><strong>aperte</strong></span> <span class='ocrx_word' id='word_1_109' title='bbox 1522 1510 1752 1581; x_wconf 86' lang='lat' dir='ltr'><strong>probare</strong></span> 
     </span>
    </p>
   </div>
   <div class='ocr_carea' id='block_1_14' title="bbox 154 1604 1751 1682">
    <p class='ocr_par' dir='ltr' id='par_1_14' title="bbox 154 1604 1751 1682">
     <span class='ocr_line' id='line_1_14' title="bbox 154 1604 1751 1682; baseline -0.009 -14"><span class='ocrx_word' id='word_1_110' title='bbox 154 1624 468 1682; x_wconf 88' lang='lat' dir='ltr'><strong>possumus,</strong></span> <span class='ocrx_word' id='word_1_111' title='bbox 497 1609 587 1679; x_wconf 89' lang='lat' dir='ltr'><strong>qui</strong></span> <span class='ocrx_word' id='word_1_112' title='bbox 620 1606 690 1663; x_wconf 87' lang='lat' dir='ltr'><strong>ab</strong></span> <span class='ocrx_word' id='word_1_113' title='bbox 719 1605 987 1662; x_wconf 73' lang='lat' dir='ltr'><strong>adulterio</strong></span> <span class='ocrx_word' id='word_1_114' title='bbox 1011 1604 1192 1660; x_wconf 91' lang='lat' dir='ltr'><strong>sciens</strong></span> <span class='ocrx_word' id='word_1_115' title='bbox 1215 1616 1276 1659; x_wconf 89' lang='lat' dir='ltr'><strong>se</strong></span> <span class='ocrx_word' id='word_1_116' title='bbox 1305 1618 1411 1657; x_wconf 86' lang='lat' dir='ltr'><strong>non</strong></span> <span class='ocrx_word' id='word_1_117' title='bbox 1436 1616 1598 1673; x_wconf 86' lang='lat' dir='ltr'><strong>posse</strong></span> <span class='ocrx_word' id='word_1_118' title='bbox 1623 1616 1751 1672; x_wconf 84' lang='lat' dir='ltr'><strong>pur-</strong></span> 
     </span>
    </p>
   </div>
   <div class='ocr_carea' id='block_1_15' title="bbox 154 1691 1753 1775">
    <p class='ocr_par' dir='ltr' id='par_1_15' title="bbox 154 1691 1753 1775">
     <span class='ocr_line' id='line_1_15' title="bbox 154 1691 1753 1775; baseline -0.009 -18"><span class='ocrx_word' id='word_1_119' title='bbox 154 1703 277 1775; x_wconf 86' lang='lat' dir='ltr'><strong>gari</strong></span> <span class='ocrx_word' id='word_1_120' title='bbox 305 1716 405 1773; x_wconf 84' lang='lat' dir='ltr'><strong>per</strong></span> <span class='ocrx_word' id='word_1_121' title='bbox 432 1700 567 1771; x_wconf 83' lang='lat' dir='ltr'><strong>legis</strong></span> <span class='ocrx_word' id='word_1_122' title='bbox 597 1697 880 1761; x_wconf 76' lang='lat' dir='ltr'><strong>sacriﬁcia,</strong></span> <span class='ocrx_word' id='word_1_123' title='bbox 906 1695 1158 1751; x_wconf 81' lang='lat' dir='ltr'><strong>dicebat:</strong></span> <span class='ocrx_word' id='word_1_124' title='bbox 1188 1691 1248 1749; x_wconf 90' lang='lat' dir='ltr'><strong>Si</strong></span> <span class='ocrx_word' id='word_1_125' title='bbox 1276 1693 1523 1748; x_wconf 73' lang='lat' dir='ltr'><strong>uoluisses</strong></span> <span class='ocrx_word' id='word_1_126' title='bbox 1547 1691 1753 1760; x_wconf 62' lang='lat' dir='ltr'><strong>sacri/io</strong></span> 
     </span>
    </p>
   </div>
   <div class='ocr_carea' id='block_1_16' title="bbox 156 1781 1753 1858">
    <p class='ocr_par' dir='ltr' id='par_1_16' title="bbox 156 1781 1753 1858">
     <span class='ocr_line' id='line_1_16' title="bbox 156 1781 1753 1858; baseline -0.009 -9"><span class='ocrx_word' id='word_1_127' title='bbox 156 1792 302 1849; x_wconf 85' lang='lat' dir='ltr'><strong>cium</strong></span> <span class='ocrx_word' id='word_1_128' title='bbox 326 1832 341 1857; x_wconf 93' lang='lat'><strong>,</strong></span> <span class='ocrx_word' id='word_1_129' title='bbox 376 1792 633 1845; x_wconf 74' lang='lat' dir='ltr'><strong>dedissem</strong></span> <span class='ocrx_word' id='word_1_130' title='bbox 673 1788 875 1858; x_wconf 72' lang='lat' dir='ltr'><strong>utique,</strong></span> <span class='ocrx_word' id='word_1_131' title='bbox 907 1783 1228 1839; x_wconf 75' lang='lat' dir='ltr'><strong>holocaustis</strong></span> <span class='ocrx_word' id='word_1_132' title='bbox 1270 1798 1377 1838; x_wconf 82' lang='lat' dir='ltr'><strong>non</strong></span> <span class='ocrx_word' id='word_1_133' title='bbox 1415 1781 1753 1836; x_wconf 77' lang='lat' dir='ltr'><strong>delectaberis</strong></span> 
     </span>
    </p>
   </div>
   <div class='ocr_carea' id='block_1_17' title="bbox 154 1858 1753 1954">
    <p class='ocr_par' dir='ltr' id='par_1_17' title="bbox 154 1858 1753 1954">
     <span class='ocr_line' id='line_1_17' title="bbox 154 1858 1753 1954; baseline -0.009 -14"><span class='ocrx_word' id='word_1_134' title='bbox 154 1885 396 1954; x_wconf 79' lang='lat' dir='ltr'><strong>Ideoque</strong></span> <span class='ocrx_word' id='word_1_135' title='bbox 433 1882 537 1936; x_wconf 89' lang='lat' dir='ltr'><strong>hoc</strong></span> <span class='ocrx_word' id='word_1_136' title='bbox 586 1879 701 1933; x_wconf 83' lang='lat' dir='ltr'><strong>ﬁeri</strong></span> <span class='ocrx_word' id='word_1_137' title='bbox 748 1892 854 1932; x_wconf 90' lang='lat' dir='ltr'><strong>non</strong></span> <span class='ocrx_word' id='word_1_138' title='bbox 906 1884 1067 1947; x_wconf 80' lang='lat' dir='ltr'><strong>posse</strong></span> <span class='ocrx_word' id='word_1_139' title='bbox 1120 1874 1503 1937; x_wconf 88' lang='lat' dir='ltr'><strong>considerans,</strong></span> <span class='ocrx_word' id='word_1_140' title='bbox 1559 1858 1753 1941; x_wconf 64' lang='lat' dir='ltr'><strong>adiun-</strong></span> 
     </span>
    </p>
   </div>
   <div class='ocr_carea' id='block_1_18' title="bbox 1845 678 3433 749">
    <p class='ocr_par' dir='ltr' id='par_1_18' title="bbox 1845 678 3433 749">
     <span class='ocr_line' id='line_1_18' title="bbox 1845 678 3433 749; baseline -0.002 -10"><span class='ocrx_word' id='word_1_141' title='bbox 1845 684 1945 739; x_wconf 91' lang='lat' dir='ltr'><strong>sub</strong></span> <span class='ocrx_word' id='word_1_142' title='bbox 1965 698 2023 739; x_wconf 89' lang='lat' dir='ltr'><strong>se</strong></span> <span class='ocrx_word' id='word_1_143' title='bbox 2051 690 2167 747; x_wconf 90' lang='lat' dir='ltr'><strong>est;</strong></span> <span class='ocrx_word' id='word_1_144' title='bbox 2193 697 2317 737; x_wconf 92' lang='lat' dir='ltr'><strong>cum</strong></span> <span class='ocrx_word' id='word_1_145' title='bbox 2346 692 2527 737; x_wconf 88' lang='lat' dir='ltr'><strong>autem</strong></span> <span class='ocrx_word' id='word_1_146' title='bbox 2556 680 2722 736; x_wconf 83' lang='lat' dir='ltr'><strong>abbas</strong></span> <span class='ocrx_word' id='word_1_147' title='bbox 2749 678 2913 735; x_wconf 86' lang='lat' dir='ltr'><strong>fuerit</strong></span> <span class='ocrx_word' id='word_1_148' title='bbox 2940 679 3164 744; x_wconf 90' lang='lat' dir='ltr'><strong>electus,</strong></span> <span class='ocrx_word' id='word_1_149' title='bbox 3183 678 3298 749; x_wconf 82' lang='lat' dir='ltr'><strong>jam</strong></span> <span class='ocrx_word' id='word_1_150' title='bbox 3324 693 3433 736; x_wconf 90' lang='lat' dir='ltr'><strong>non</strong></span> 
     </span>
    </p>
   </div>
   <div class='ocr_carea' id='block_1_19' title="bbox 1844 769 3435 841">
    <p class='ocr_par' dir='ltr' id='par_1_19' title="bbox 1844 769 3435 841">
     <span class='ocr_line' id='line_1_19' title="bbox 1844 769 3435 841; baseline -0.001 -12"><span class='ocrx_word' id='word_1_151' title='bbox 1844 783 1928 829; x_wconf 87' lang='lat' dir='ltr'><strong>est</strong></span> <span class='ocrx_word' id='word_1_152' title='bbox 1948 772 2049 829; x_wconf 89' lang='lat' dir='ltr'><strong>sub</strong></span> <span class='ocrx_word' id='word_1_153' title='bbox 2068 787 2149 838; x_wconf 83' lang='lat' dir='ltr'><strong>se,</strong></span> <span class='ocrx_word' id='word_1_154' title='bbox 2177 771 2271 827; x_wconf 88' lang='lat' dir='ltr'><strong>sed</strong></span> <span class='ocrx_word' id='word_1_155' title='bbox 2295 770 2352 825; x_wconf 89' lang='lat' dir='ltr'><strong>in</strong></span> <span class='ocrx_word' id='word_1_156' title='bbox 2379 785 2457 827; x_wconf 84' lang='lat' dir='ltr'><strong>se.</strong></span> <span class='ocrx_word' id='word_1_157' title='bbox 2483 771 2783 827; x_wconf 71' lang='lat' dir='ltr'><strong>Talisnodo</strong></span> <span class='ocrx_word' id='word_1_158' title='bbox 2808 779 2937 828; x_wconf 90' lang='lat' dir='ltr'><strong>tunc</strong></span> <span class='ocrx_word' id='word_1_159' title='bbox 2954 770 3067 841; x_wconf 80' lang='lat' dir='ltr'><strong>jam</strong></span> <span class='ocrx_word' id='word_1_160' title='bbox 3088 771 3283 826; x_wconf 67' lang='lat' dir='ltr'><strong>animus</strong></span> <span class='ocrx_word' id='word_1_161' title='bbox 3302 769 3435 828; x_wconf 85' lang='lat' dir='ltr'><strong>ﬁde-</strong></span> 
     </span>
    </p>
   </div>
   <div class='ocr_carea' id='block_1_20' title="bbox 1843 860 3437 933">
    <p class='ocr_par' dir='ltr' id='par_1_20' title="bbox 1843 860 3437 933">
     <span class='ocr_line' id='line_1_20' title="bbox 1843 860 3437 933; baseline -0.001 -13"><span class='ocrx_word' id='word_1_162' title='bbox 1843 865 1977 920; x_wconf 90' lang='lat' dir='ltr'><strong>lium</strong></span> <span class='ocrx_word' id='word_1_163' title='bbox 2020 864 2120 920; x_wconf 87' lang='lat' dir='ltr'><strong>sub</strong></span> <span class='ocrx_word' id='word_1_164' title='bbox 2159 877 2219 919; x_wconf 88' lang='lat' dir='ltr'><strong>se</strong></span> <span class='ocrx_word' id='word_1_165' title='bbox 2257 876 2368 918; x_wconf 92' lang='lat' dir='ltr'><strong>non</strong></span> <span class='ocrx_word' id='word_1_166' title='bbox 2407 870 2596 928; x_wconf 87' lang='lat' dir='ltr'><strong>erunt,</strong></span> <span class='ocrx_word' id='word_1_167' title='bbox 2638 861 2858 933; x_wconf 89' lang='lat' dir='ltr'><strong>quando</strong></span> <span class='ocrx_word' id='word_1_168' title='bbox 2896 861 3091 918; x_wconf 69' lang='lat' dir='ltr'><strong>animm</strong></span> <span class='ocrx_word' id='word_1_169' title='bbox 3124 860 3287 917; x_wconf 84' lang='lat' dir='ltr'><strong>simul</strong></span> <span class='ocrx_word' id='word_1_170' title='bbox 3310 876 3437 918; x_wconf 86' lang='lat' dir='ltr'><strong>cum</strong></span> 
     </span>
    </p>
   </div>
   <div class='ocr_carea' id='block_1_21' title="bbox 1847 956 3435 1030">
    <p class='ocr_par' dir='ltr' id='par_1_21' title="bbox 1847 956 3435 1030">
     <span class='ocr_line' id='line_1_21' title="bbox 1847 956 3435 1030; baseline -0.002 -14"><span class='ocrx_word' id='word_1_171' title='bbox 1847 960 2165 1030; x_wconf 88' lang='lat' dir='ltr'><strong>corporibus</strong></span> <span class='ocrx_word' id='word_1_172' title='bbox 2198 961 2254 1014; x_wconf 88' lang='lat' dir='ltr'><strong>in</strong></span> <span class='ocrx_word' id='word_1_173' title='bbox 2279 958 2685 1014; x_wconf 72' lang='lat' dir='ltr'><strong>immortalitate</strong></span> <span class='ocrx_word' id='word_1_174' title='bbox 2714 956 3045 1028; x_wconf 86' lang='lat' dir='ltr'><strong>gaudebunt.</strong></span> <span class='ocrx_word' id='word_1_175' title='bbox 3092 956 3301 1013; x_wconf 79' lang='lat' dir='ltr'><strong>Animae</strong></span> <span class='ocrx_word' id='word_1_176' title='bbox 3339 971 3435 1013; x_wconf 88' lang='lat' dir='ltr'><strong>oc-</strong></span> 
     </span>
    </p>
   </div>
   <div class='ocr_carea' id='block_1_22' title="bbox 1848 1046 3438 1121">
    <p class='ocr_par' dir='ltr' id='par_1_22' title="bbox 1848 1046 3438 1121">
     <span class='ocr_line' id='line_1_22' title="bbox 1848 1046 3438 1121; baseline -0.003 -13"><span class='ocrx_word' id='word_1_177' title='bbox 1848 1053 2082 1109; x_wconf 89' lang='lat' dir='ltr'><strong>cisorum</strong></span> <span class='ocrx_word' id='word_1_178' title='bbox 2128 1052 2380 1108; x_wconf 88' lang='lat' dir='ltr'><strong>dicuntur</strong></span> <span class='ocrx_word' id='word_1_179' title='bbox 2436 1049 2635 1105; x_wconf 66' lang='lat' dir='ltr'><strong>animus</strong></span> <span class='ocrx_word' id='word_1_180' title='bbox 2686 1059 3009 1121; x_wconf 79' lang='lat' dir='ltr'><strong>martyrum.</strong></span> <span class='ocrx_word' id='word_1_181' title='bbox 3069 1047 3187 1103; x_wconf 83' lang='lat' dir='ltr'><strong>Duo</strong></span> <span class='ocrx_word' id='word_1_182' title='bbox 3237 1046 3438 1118; x_wconf 83' lang='lat' dir='ltr'><strong>quippe</strong></span> 
     </span>
    </p>
   </div>
   <div class='ocr_carea' id='block_1_23' title="bbox 1849 1138 3441 1217">
    <p class='ocr_par' dir='ltr' id='par_1_23' title="bbox 1849 1138 3441 1217">
     <span class='ocr_line' id='line_1_23' title="bbox 1849 1138 3441 1217; baseline -0.004 -16"><span class='ocrx_word' id='word_1_183' title='bbox 1849 1140 1974 1201; x_wconf 78' lang='lat' dir='ltr'><strong>sunt</strong></span> <span class='ocrx_word' id='word_1_184' title='bbox 2001 1144 2248 1217; x_wconf 82' lang='lat' dir='ltr'><strong>martyrii</strong></span> <span class='ocrx_word' id='word_1_185' title='bbox 2276 1158 2474 1213; x_wconf 85' lang='lat' dir='ltr'><strong>genera</strong></span> <span class='ocrx_word' id='word_1_186' title='bbox 2516 1143 2570 1197; x_wconf 93' lang='lat' dir='ltr'><strong>in</strong></span> <span class='ocrx_word' id='word_1_187' title='bbox 2605 1143 2709 1197; x_wconf 86' lang='lat' dir='ltr'><strong>hoc</strong></span> <span class='ocrx_word' id='word_1_188' title='bbox 2741 1142 2947 1198; x_wconf 75' lang='lat' dir='ltr'><strong>mundo</strong></span> <span class='ocrx_word' id='word_1_189' title='bbox 2968 1159 2986 1196; x_wconf 86' lang='lat'><strong>:</strong></span> <span class='ocrx_word' id='word_1_190' title='bbox 3024 1155 3194 1196; x_wconf 89' lang='lat' dir='ltr'><strong>unum</strong></span> <span class='ocrx_word' id='word_1_191' title='bbox 3229 1138 3441 1196; x_wconf 81' lang='lat' dir='ltr'><strong>scilicet</strong></span> 
     </span>
    </p>
   </div>
   <div class='ocr_carea' id='block_1_24' title="bbox 1850 1235 3442 1308">
    <p class='ocr_par' dir='ltr' id='par_1_24' title="bbox 1850 1235 3442 1308">
     <span class='ocr_line' id='line_1_24' title="bbox 1850 1235 3442 1308; baseline -0.001 -16"><span class='ocrx_word' id='word_1_192' title='bbox 1850 1246 2095 1308; x_wconf 87' lang='lat' dir='ltr'><strong>apertum</strong></span> <span class='ocrx_word' id='word_1_193' title='bbox 2120 1276 2138 1302; x_wconf 92' lang='lat'><strong>,</strong></span> <span class='ocrx_word' id='word_1_194' title='bbox 2173 1239 2318 1307; x_wconf 83' lang='lat' dir='ltr'><strong>quod</strong></span> <span class='ocrx_word' id='word_1_195' title='bbox 2362 1236 2421 1291; x_wconf 83' lang='lat' dir='ltr'><strong>ﬁt</strong></span> <span class='ocrx_word' id='word_1_196' title='bbox 2467 1236 2522 1291; x_wconf 90' lang='lat' dir='ltr'><strong>in</strong></span> <span class='ocrx_word' id='word_1_197' title='bbox 2556 1250 2817 1307; x_wconf 89' lang='lat' dir='ltr'><strong>corpore,</strong></span> <span class='ocrx_word' id='word_1_198' title='bbox 2864 1237 3011 1292; x_wconf 84' lang='lat' dir='ltr'><strong>sicut</strong></span> <span class='ocrx_word' id='word_1_199' title='bbox 3052 1235 3442 1307; x_wconf 77' lang='lat' dir='ltr'><strong>martyrisatus</strong></span> 
     </span>
    </p>
   </div>
   <div class='ocr_carea' id='block_1_25' title="bbox 1850 1325 3443 1397">
    <p class='ocr_par' dir='ltr' id='par_1_25' title="bbox 1850 1325 3443 1397">
     <span class='ocr_line' id='line_1_25' title="bbox 1850 1325 3443 1397; baseline -0.004 -10"><span class='ocrx_word' id='word_1_200' title='bbox 1850 1339 1934 1387; x_wconf 88' lang='lat' dir='ltr'><strong>est</strong></span> <span class='ocrx_word' id='word_1_201' title='bbox 1984 1330 2212 1397; x_wconf 86' lang='lat' dir='ltr'><strong>Petrus,</strong></span> <span class='ocrx_word' id='word_1_202' title='bbox 2250 1328 2447 1384; x_wconf 85' lang='lat' dir='ltr'><strong>Paulus</strong></span> <span class='ocrx_word' id='word_1_203' title='bbox 2495 1339 2550 1385; x_wconf 90' lang='lat' dir='ltr'><strong>et</strong></span> <span class='ocrx_word' id='word_1_204' title='bbox 2587 1328 2787 1385; x_wconf 61' lang='lat' dir='ltr'><strong>ceteri.</strong></span> <span class='ocrx_word' id='word_1_205' title='bbox 2827 1328 3071 1385; x_wconf 77' lang='lat' dir='ltr'><strong>Alterum</strong></span> <span class='ocrx_word' id='word_1_206' title='bbox 3097 1341 3230 1382; x_wconf 88' lang='lat' dir='ltr'><strong>vero</strong></span> <span class='ocrx_word' id='word_1_207' title='bbox 3256 1325 3443 1382; x_wconf 80' lang='lat' dir='ltr'><strong>occul-</strong></span> 
     </span>
    </p>
   </div>
   <div class='ocr_carea' id='block_1_26' title="bbox 1852 1416 3441 1494">
    <p class='ocr_par' dir='ltr' id='par_1_26' title="bbox 1852 1416 3441 1494">
     <span class='ocr_line' id='line_1_26' title="bbox 1852 1416 3441 1494; baseline -0.005 -14"><span class='ocrx_word' id='word_1_208' title='bbox 1852 1434 2003 1488; x_wconf 86' lang='lat' dir='ltr'><strong>tum,</strong></span> <span class='ocrx_word' id='word_1_209' title='bbox 2051 1425 2269 1494; x_wconf 89' lang='lat' dir='ltr'><strong>quando</strong></span> <span class='ocrx_word' id='word_1_210' title='bbox 2313 1423 2484 1479; x_wconf 89' lang='lat' dir='ltr'><strong>sancti</strong></span> <span class='ocrx_word' id='word_1_211' title='bbox 2529 1422 2596 1477; x_wconf 88' lang='lat' dir='ltr'><strong>ab</strong></span> <span class='ocrx_word' id='word_1_212' title='bbox 2648 1421 2828 1493; x_wconf 85' lang='lat' dir='ltr'><strong>impiis</strong></span> <span class='ocrx_word' id='word_1_213' title='bbox 2876 1419 3163 1492; x_wconf 77' lang='lat' dir='ltr'><strong>opprobria</strong></span> <span class='ocrx_word' id='word_1_214' title='bbox 3212 1424 3271 1474; x_wconf 89' lang='lat' dir='ltr'><strong>et</strong></span> <span class='ocrx_word' id='word_1_215' title='bbox 3309 1416 3441 1473; x_wconf 89' lang='lat' dir='ltr'><strong>irri-</strong></span> 
     </span>
    </p>
   </div>
   <div class='ocr_carea' id='block_1_27' title="bbox 1853 1511 3445 1574">
    <p class='ocr_par' dir='ltr' id='par_1_27' title="bbox 1853 1511 3445 1574">
     <span class='ocr_line' id='line_1_27' title="bbox 1853 1511 3445 1574; baseline -0.004 0"><span class='ocrx_word' id='word_1_216' title='bbox 1853 1519 2034 1574; x_wconf 89' lang='lat' dir='ltr'><strong>siones</strong></span> <span class='ocrx_word' id='word_1_217' title='bbox 2085 1526 2142 1572; x_wconf 90' lang='lat' dir='ltr'><strong>et</strong></span> <span class='ocrx_word' id='word_1_218' title='bbox 2187 1515 2546 1573; x_wconf 81' lang='lat' dir='ltr'><strong>contumelias</strong></span> <span class='ocrx_word' id='word_1_219' title='bbox 2608 1515 2896 1571; x_wconf 85' lang='lat' dir='ltr'><strong>sustinent.</strong></span> <span class='ocrx_word' id='word_1_220' title='bbox 2960 1513 3041 1571; x_wconf 85' lang='lat' dir='ltr'><strong>De</strong></span> <span class='ocrx_word' id='word_1_221' title='bbox 3090 1513 3180 1568; x_wconf 83' lang='lat' dir='ltr'><strong>his</strong></span> <span class='ocrx_word' id='word_1_222' title='bbox 3233 1511 3445 1568; x_wconf 88' lang='lat' dir='ltr'><strong>duobus</strong></span> 
     </span>
    </p>
   </div>
   <div class='ocr_carea' id='block_1_28' title="bbox 1854 1596 3444 1682">
    <p class='ocr_par' dir='ltr' id='par_1_28' title="bbox 1854 1596 3444 1682">
     <span class='ocr_line' id='line_1_28' title="bbox 1854 1596 3444 1682; baseline -0.006 -15"><span class='ocrx_word' id='word_1_223' title='bbox 1854 1610 2142 1682; x_wconf 81' lang='lat' dir='ltr'><strong>generibus</strong></span> <span class='ocrx_word' id='word_1_224' title='bbox 2191 1608 2441 1680; x_wconf 84' lang='lat' dir='ltr'><strong>martyrii</strong></span> <span class='ocrx_word' id='word_1_225' title='bbox 2495 1607 2628 1663; x_wconf 91' lang='lat' dir='ltr'><strong>dicit</strong></span> <span class='ocrx_word' id='word_1_226' title='bbox 2672 1605 2935 1663; x_wconf 85' lang='lat' dir='ltr'><strong>Dominus</strong></span> <span class='ocrx_word' id='word_1_227' title='bbox 2982 1604 3109 1661; x_wconf 87' lang='lat' dir='ltr'><strong>ﬁliis</strong></span> <span class='ocrx_word' id='word_1_228' title='bbox 3161 1596 3444 1669; x_wconf 71' lang='lat' dir='ltr'><strong>Zebedaii,</strong></span> 
     </span>
    </p>
   </div>
   <div class='ocr_carea' id='block_1_29' title="bbox 1855 1697 3448 1771">
    <p class='ocr_par' dir='ltr' id='par_1_29' title="bbox 1855 1697 3448 1771">
     <span class='ocr_line' id='line_1_29' title="bbox 1855 1697 3448 1771; baseline -0.006 -11"><span class='ocrx_word' id='word_1_229' title='bbox 1855 1705 2082 1761; x_wconf 80' lang='lat' dir='ltr'><strong>Potestis</strong></span> <span class='ocrx_word' id='word_1_230' title='bbox 2144 1703 2314 1758; x_wconf 79' lang='lat' dir='ltr'><strong>bibere</strong></span> <span class='ocrx_word' id='word_1_231' title='bbox 2373 1701 2588 1757; x_wconf 75' lang='lat' dir='ltr'><strong>calicem</strong></span> <span class='ocrx_word' id='word_1_232' title='bbox 2653 1715 2807 1771; x_wconf 85' lang='lat' dir='ltr'><strong>quem</strong></span> <span class='ocrx_word' id='word_1_233' title='bbox 2865 1714 2960 1770; x_wconf 85' lang='lat' dir='ltr'><strong>ego</strong></span> <span class='ocrx_word' id='word_1_234' title='bbox 3022 1697 3278 1754; x_wconf 83' lang='lat' dir='ltr'><strong>bibiturus</strong></span> <span class='ocrx_word' id='word_1_235' title='bbox 3327 1711 3448 1752; x_wconf 72' lang='lat' dir='ltr'><strong>sum</strong></span> 
     </span>
    </p>
   </div>
   <div class='ocr_carea' id='block_1_30' title="bbox 1857 1791 3448 1868">
    <p class='ocr_par' dir='ltr' id='par_1_30' title="bbox 1857 1791 3448 1868">
     <span class='ocr_line' id='line_1_30' title="bbox 1857 1791 3448 1868; baseline -0.006 -15"><span class='ocrx_word' id='word_1_236' title='bbox 1857 1796 2071 1868; x_wconf 78' lang='lat' dir='ltr'><strong>(Matth.</strong></span> <span class='ocrx_word' id='word_1_237' title='bbox 2095 1794 2228 1867; x_wconf 80' lang='lat' dir='ltr'><strong>xx)?</strong></span> <span class='ocrx_word' id='word_1_238' title='bbox 2250 1804 2310 1853; x_wconf 82' lang='lat' dir='ltr'><strong>et</strong></span> <span class='ocrx_word' id='word_1_239' title='bbox 2336 1795 2611 1866; x_wconf 89' lang='lat' dir='ltr'><strong>deinceps,</strong></span> <span class='ocrx_word' id='word_1_240' title='bbox 2641 1792 2872 1849; x_wconf 87' lang='lat' dir='ltr'><strong>Calicem</strong></span> <span class='ocrx_word' id='word_1_241' title='bbox 2894 1808 3068 1847; x_wconf 80' lang='lat' dir='ltr'><strong>meum</strong></span> <span class='ocrx_word' id='word_1_242' title='bbox 3096 1791 3299 1857; x_wconf 85' lang='lat' dir='ltr'><strong>bibetis,</strong></span> <span class='ocrx_word' id='word_1_243' title='bbox 3326 1804 3448 1844; x_wconf 82' lang='lat' dir='ltr'><strong>cum</strong></span> 
     </span>
    </p>
   </div>
   <div class='ocr_carea' id='block_1_31' title="bbox 1858 1880 3443 1952">
    <p class='ocr_par' dir='ltr' id='par_1_31' title="bbox 1858 1880 3443 1952">
     <span class='ocr_line' id='line_1_31' title="bbox 1858 1880 3443 1952; baseline -0.006 -8"><span class='ocrx_word' id='word_1_244' title='bbox 1858 1905 1998 1945; x_wconf 87' lang='lat' dir='ltr'><strong>unus</strong></span> <span class='ocrx_word' id='word_1_245' title='bbox 2024 1888 2238 1945; x_wconf 91' lang='lat' dir='ltr'><strong>illorum</strong></span> <span class='ocrx_word' id='word_1_246' title='bbox 2272 1886 2438 1944; x_wconf 79' lang='lat' dir='ltr'><strong>fuerit</strong></span> <span class='ocrx_word' id='word_1_247' title='bbox 2484 1885 2799 1948; x_wconf 88' lang='lat' dir='ltr'><strong>decollatus,</strong></span> <span class='ocrx_word' id='word_1_248' title='bbox 2850 1885 2986 1940; x_wconf 87' lang='lat' dir='ltr'><strong>alter</strong></span> <span class='ocrx_word' id='word_1_249' title='bbox 3018 1885 3073 1937; x_wconf 89' lang='lat' dir='ltr'><strong>in</strong></span> <span class='ocrx_word' id='word_1_250' title='bbox 3099 1896 3235 1952; x_wconf 87' lang='lat' dir='ltr'><strong>pace</strong></span> <span class='ocrx_word' id='word_1_251' title='bbox 3272 1880 3443 1936; x_wconf 87' lang='lat' dir='ltr'><strong>vitam</strong></span> 
     </span>
    </p>
   </div>
   <div class='ocr_carea' id='block_1_32' title="bbox 153 1962 1759 2058">
    <p class='ocr_par' dir='ltr' id='par_1_32' title="bbox 153 1964 1754 2050">
     <span class='ocr_line' id='line_1_32' title="bbox 153 1964 1754 2050; baseline -0.009 -17"><span class='ocrx_word' id='word_1_252' title='bbox 153 1977 241 2050; x_wconf 78' lang='lat' dir='ltr'><strong>git</strong></span> <span class='ocrx_word' id='word_1_253' title='bbox 279 1995 293 2035; x_wconf 89' lang='lat'><strong>:</strong></span> <span class='ocrx_word' id='word_1_254' title='bbox 327 1974 657 2044; x_wconf 78' lang='lat' dir='ltr'><strong>Sacri/icium</strong></span> <span class='ocrx_word' id='word_1_255' title='bbox 688 1972 798 2026; x_wconf 88' lang='lat' dir='ltr'><strong>Deo</strong></span> <span class='ocrx_word' id='word_1_256' title='bbox 829 1970 1045 2040; x_wconf 76' lang='lat' dir='ltr'><strong>spiritus</strong></span> <span class='ocrx_word' id='word_1_257' title='bbox 1067 1966 1446 2023; x_wconf 75' lang='lat' dir='ltr'><strong>contribulatus</strong></span> <span class='ocrx_word' id='word_1_258' title='bbox 1483 1964 1655 2037; x_wconf 85' lang='lat' dir='ltr'><strong>(Psal.</strong></span> <span class='ocrx_word' id='word_1_259' title='bbox 1680 1964 1754 2035; x_wconf 79' lang='grc' dir='ltr'><strong>ι).</strong></span> 
     </span>
    </p>
   </div>
   <div class='ocr_carea' id='block_1_33' title="bbox 1860 1962 3447 2058">
    <p class='ocr_par' dir='ltr' id='par_1_33' title="bbox 1864 1970 3447 2049">
     <span class='ocr_line' id='line_1_33' title="bbox 1864 1970 3447 2049; baseline -0.008 -12"><span class='ocrx_word' id='word_1_260' title='bbox 1864 1982 2086 2049; x_wconf 88' lang='lat' dir='ltr'><strong>ﬁnierit,</strong></span> <span class='ocrx_word' id='word_1_261' title='bbox 2113 1991 2168 2037; x_wconf 89' lang='lat' dir='ltr'><strong>et</strong></span> <span class='ocrx_word' id='word_1_262' title='bbox 2182 1992 2361 2036; x_wconf 89' lang='lat' dir='ltr'><strong>tamen</strong></span> <span class='ocrx_word' id='word_1_263' title='bbox 2377 1994 2485 2035; x_wconf 89' lang='lat' dir='ltr'><strong>non</strong></span> <span class='ocrx_word' id='word_1_264' title='bbox 2513 1977 2631 2033; x_wconf 90' lang='lat' dir='ltr'><strong>sine</strong></span> <span class='ocrx_word' id='word_1_265' title='bbox 2652 1976 2915 2047; x_wconf 85' lang='lat' dir='ltr'><strong>martyrio</strong></span> <span class='ocrx_word' id='word_1_266' title='bbox 2934 1973 3260 2043; x_wconf 77' lang='lat' dir='ltr'><strong>fuerit,quia</strong></span> <span class='ocrx_word' id='word_1_267' title='bbox 3276 1970 3447 2026; x_wconf 84' lang='lat' dir='ltr'><strong>multa</strong></span> 
     </span>
    </p>
   </div>
   <div class='ocr_carea' id='block_1_34' title="bbox 152 2059 1760 2138">
    <p class='ocr_par' dir='ltr' id='par_1_34' title="bbox 152 2059 1760 2138">
     <span class='ocr_line' id='line_1_34' title="bbox 152 2059 1760 2138; baseline -0.011 -8"><span class='ocrx_word' id='word_1_268' title='bbox 152 2071 456 2130; x_wconf 86' lang='lat' dir='ltr'><strong>Sciendum</strong></span> <span class='ocrx_word' id='word_1_269' title='bbox 471 2083 599 2124; x_wconf 86' lang='lat' dir='ltr'><strong>vero</strong></span> <span class='ocrx_word' id='word_1_270' title='bbox 615 2067 757 2138; x_wconf 89' lang='lat' dir='ltr'><strong>quod</strong></span> <span class='ocrx_word' id='word_1_271' title='bbox 778 2065 949 2119; x_wconf 84' lang='lat' dir='ltr'><strong>altare</strong></span> <span class='ocrx_word' id='word_1_272' title='bbox 974 2063 1103 2119; x_wconf 87' lang='lat' dir='ltr'><strong>illud</strong></span> <span class='ocrx_word' id='word_1_273' title='bbox 1130 2074 1375 2126; x_wconf 87' lang='lat' dir='ltr'><strong>aureum,</strong></span> <span class='ocrx_word' id='word_1_274' title='bbox 1401 2059 1469 2115; x_wconf 90' lang='lat' dir='ltr'><strong>de</strong></span> <span class='ocrx_word' id='word_1_275' title='bbox 1487 2072 1595 2128; x_wconf 91' lang='lat' dir='ltr'><strong>quo</strong></span> <span class='ocrx_word' id='word_1_276' title='bbox 1613 2073 1760 2113; x_wconf 86' lang='lat' dir='ltr'><strong>nunc</strong></span> 
     </span>
    </p>
   </div>
   <div class='ocr_carea' id='block_1_35' title="bbox 151 2150 1760 2237">
    <p class='ocr_par' dir='ltr' id='par_1_35' title="bbox 151 2150 1760 2237">
     <span class='ocr_line' id='line_1_35' title="bbox 151 2150 1760 2237; baseline -0.009 -18"><span class='ocrx_word' id='word_1_277' title='bbox 151 2165 362 2237; x_wconf 86' lang='lat' dir='ltr'><strong>agitur,</strong></span> <span class='ocrx_word' id='word_1_278' title='bbox 406 2162 556 2232; x_wconf 86' lang='lat' dir='ltr'><strong>prius</strong></span> <span class='ocrx_word' id='word_1_279' title='bbox 585 2159 804 2230; x_wconf 85' lang='lat' dir='ltr'><strong>quidem</strong></span> <span class='ocrx_word' id='word_1_280' title='bbox 846 2165 976 2212; x_wconf 87' lang='lat' dir='ltr'><strong>ante</strong></span> <span class='ocrx_word' id='word_1_281' title='bbox 1018 2169 1201 2210; x_wconf 87' lang='lat' dir='ltr'><strong>arcam</strong></span> <span class='ocrx_word' id='word_1_282' title='bbox 1246 2160 1396 2219; x_wconf 88' lang='lat' dir='ltr'><strong>erat,</strong></span> <span class='ocrx_word' id='word_1_283' title='bbox 1445 2152 1541 2207; x_wconf 88' lang='lat' dir='ltr'><strong>sed</strong></span> <span class='ocrx_word' id='word_1_284' title='bbox 1579 2150 1760 2205; x_wconf 82' lang='lat' dir='ltr'><strong>velum</strong></span> 
     </span>
    </p>
   </div>
   <div class='ocr_carea' id='block_1_36' title="bbox 151 2242 1758 2330">
    <p class='ocr_par' dir='ltr' id='par_1_36' title="bbox 151 2242 1758 2330">
     <span class='ocr_line' id='line_1_36' title="bbox 151 2242 1758 2330; baseline -0.011 -16"><span class='ocrx_word' id='word_1_285' title='bbox 151 2257 433 2330; x_wconf 87' lang='lat' dir='ltr'><strong>pendebat</strong></span> <span class='ocrx_word' id='word_1_286' title='bbox 472 2263 598 2308; x_wconf 89' lang='lat' dir='ltr'><strong>ante</strong></span> <span class='ocrx_word' id='word_1_287' title='bbox 643 2252 748 2306; x_wconf 90' lang='lat' dir='ltr'><strong>hoc</strong></span> <span class='ocrx_word' id='word_1_288' title='bbox 789 2259 845 2306; x_wconf 90' lang='lat' dir='ltr'><strong>et</strong></span> <span class='ocrx_word' id='word_1_289' title='bbox 878 2249 1013 2304; x_wconf 85' lang='lat' dir='ltr'><strong>illud</strong></span> <span class='ocrx_word' id='word_1_290' title='bbox 1051 2247 1197 2318; x_wconf 87' lang='lat' dir='ltr'><strong>quod</strong></span> <span class='ocrx_word' id='word_1_291' title='bbox 1241 2252 1488 2302; x_wconf 78' lang='lat' dir='ltr'><strong>sanctum</strong></span> <span class='ocrx_word' id='word_1_292' title='bbox 1527 2251 1583 2299; x_wconf 87' lang='lat' dir='ltr'><strong>et</strong></span> <span class='ocrx_word' id='word_1_293' title='bbox 1616 2242 1758 2298; x_wconf 84' lang='lat' dir='ltr'><strong>San-</strong></span> 
     </span>
    </p>
   </div>
   <div class='ocr_carea' id='block_1_37' title="bbox 154 2337 1760 2407">
    <p class='ocr_par' dir='ltr' id='par_1_37' title="bbox 154 2337 1760 2407">
     <span class='ocr_line' id='line_1_37' title="bbox 154 2337 1760 2407; baseline -0.012 0"><span class='ocrx_word' id='word_1_294' title='bbox 154 2360 251 2407; x_wconf 82' lang='lat' dir='ltr'><strong>cta</strong></span> <span class='ocrx_word' id='word_1_295' title='bbox 292 2356 606 2405; x_wconf 87' lang='lat' dir='ltr'><strong>sanctorum</strong></span> <span class='ocrx_word' id='word_1_296' title='bbox 647 2342 942 2399; x_wconf 83' lang='lat' dir='ltr'><strong>dividebat.</strong></span> <span class='ocrx_word' id='word_1_297' title='bbox 1002 2340 1151 2395; x_wconf 88' lang='lat' dir='ltr'><strong>Inter</strong></span> <span class='ocrx_word' id='word_1_298' title='bbox 1191 2337 1393 2393; x_wconf 84' lang='lat' dir='ltr'><strong>Sancta</strong></span> <span class='ocrx_word' id='word_1_299' title='bbox 1446 2344 1760 2391; x_wconf 66' lang='lat' dir='ltr'><strong>sanctorum</strong></span> 
     </span>
    </p>
   </div>
   <div class='ocr_carea' id='block_1_38' title="bbox 152 2425 1761 2503">
    <p class='ocr_par' dir='ltr' id='par_1_38' title="bbox 152 2425 1761 2503">
     <span class='ocr_line' id='line_1_38' title="bbox 152 2425 1761 2503; baseline -0.01 -6"><span class='ocrx_word' id='word_1_300' title='bbox 152 2458 292 2499; x_wconf 87' lang='lat' dir='ltr'><strong>vero</strong></span> <span class='ocrx_word' id='word_1_301' title='bbox 339 2448 458 2497; x_wconf 87' lang='lat' dir='ltr'><strong>erat</strong></span> <span class='ocrx_word' id='word_1_302' title='bbox 494 2453 652 2501; x_wconf 90' lang='lat' dir='ltr'><strong>arca,</strong></span> <span class='ocrx_word' id='word_1_303' title='bbox 701 2437 754 2490; x_wconf 93' lang='lat' dir='ltr'><strong>in</strong></span> <span class='ocrx_word' id='word_1_304' title='bbox 805 2450 911 2503; x_wconf 85' lang='lat' dir='ltr'><strong>qua</strong></span> <span class='ocrx_word' id='word_1_305' title='bbox 949 2434 1070 2488; x_wconf 66' lang='lat' dir='ltr'><strong>dure</strong></span> <span class='ocrx_word' id='word_1_306' title='bbox 1107 2439 1320 2487; x_wconf 88' lang='lat' dir='ltr'><strong>tantum</strong></span> <span class='ocrx_word' id='word_1_307' title='bbox 1361 2438 1523 2486; x_wconf 88' lang='lat' dir='ltr'><strong>erant</strong></span> <span class='ocrx_word' id='word_1_308' title='bbox 1564 2425 1761 2482; x_wconf 72' lang='lat' dir='ltr'><strong>tabulae</strong></span> 
     </span>
    </p>
   </div>
   <div class='ocr_carea' id='block_1_39' title="bbox 160 2520 1760 2609">
    <p class='ocr_par' dir='ltr' id='par_1_39' title="bbox 160 2520 1760 2609">
     <span class='ocr_line' id='line_1_39' title="bbox 160 2520 1760 2609; baseline -0.011 -17"><span class='ocrx_word' id='word_1_309' title='bbox 160 2535 337 2609; x_wconf 88' lang='lat' dir='ltr'><strong>digito</strong></span> <span class='ocrx_word' id='word_1_310' title='bbox 357 2532 453 2589; x_wconf 90' lang='lat' dir='ltr'><strong>Dei</strong></span> <span class='ocrx_word' id='word_1_311' title='bbox 479 2532 695 2602; x_wconf 68' lang='lat' dir='ltr'><strong>scriptae</strong></span> <span class='ocrx_word' id='word_1_312' title='bbox 721 2548 734 2583; x_wconf 89' lang='lat'><strong>:</strong></span> <span class='ocrx_word' id='word_1_313' title='bbox 764 2543 863 2598; x_wconf 89' lang='lat' dir='ltr'><strong>per</strong></span> <span class='ocrx_word' id='word_1_314' title='bbox 883 2541 1047 2598; x_wconf 90' lang='lat' dir='ltr'><strong>quam</strong></span> <span class='ocrx_word' id='word_1_315' title='bbox 1070 2539 1253 2580; x_wconf 87' lang='lat' dir='ltr'><strong>arcam</strong></span> <span class='ocrx_word' id='word_1_316' title='bbox 1274 2523 1530 2580; x_wconf 74' lang='lat' dir='ltr'><strong>Christus</strong></span> <span class='ocrx_word' id='word_1_317' title='bbox 1554 2520 1760 2591; x_wconf 87' lang='lat' dir='ltr'><strong>signiﬁ-</strong></span> 
     </span>
    </p>
   </div>
   <div class='ocr_carea' id='block_1_40' title="bbox 155 2614 1761 2698">
    <p class='ocr_par' dir='ltr' id='par_1_40' title="bbox 155 2614 1761 2698">
     <span class='ocr_line' id='line_1_40' title="bbox 155 2614 1761 2698; baseline -0.012 -11"><span class='ocrx_word' id='word_1_318' title='bbox 155 2641 339 2697; x_wconf 88' lang='lat' dir='ltr'><strong>catur,</strong></span> <span class='ocrx_word' id='word_1_319' title='bbox 364 2630 419 2683; x_wconf 91' lang='lat' dir='ltr'><strong>in</strong></span> <span class='ocrx_word' id='word_1_320' title='bbox 450 2642 557 2698; x_wconf 91' lang='lat' dir='ltr'><strong>quo</strong></span> <span class='ocrx_word' id='word_1_321' title='bbox 584 2634 710 2681; x_wconf 85' lang='lat' dir='ltr'><strong>sunt</strong></span> <span class='ocrx_word' id='word_1_322' title='bbox 730 2636 920 2678; x_wconf 89' lang='lat' dir='ltr'><strong>omnes</strong></span> <span class='ocrx_word' id='word_1_323' title='bbox 943 2619 1185 2675; x_wconf 86' lang='lat' dir='ltr'><strong>thesauri</strong></span> <span class='ocrx_word' id='word_1_324' title='bbox 1208 2615 1488 2689; x_wconf 84' lang='lat' dir='ltr'><strong>sapientiae</strong></span> <span class='ocrx_word' id='word_1_325' title='bbox 1508 2624 1564 2669; x_wconf 88' lang='lat' dir='ltr'><strong>et</strong></span> <span class='ocrx_word' id='word_1_326' title='bbox 1585 2614 1761 2670; x_wconf 87' lang='lat' dir='ltr'><strong>scien-</strong></span> 
     </span>
    </p>
   </div>
   <div class='ocr_carea' id='block_1_41' title="bbox 154 2703 1761 2790">
    <p class='ocr_par' dir='ltr' id='par_1_41' title="bbox 154 2703 1761 2790">
     <span class='ocr_line' id='line_1_41' title="bbox 154 2703 1761 2790; baseline -0.013 -11"><span class='ocrx_word' id='word_1_327' title='bbox 154 2723 272 2779; x_wconf 65' lang='lat' dir='ltr'><strong>tiaz.</strong></span> <span class='ocrx_word' id='word_1_328' title='bbox 304 2721 595 2790; x_wconf 84' lang='lat' dir='ltr'><strong>Postquam</strong></span> <span class='ocrx_word' id='word_1_329' title='bbox 620 2730 753 2771; x_wconf 84' lang='lat' dir='ltr'><strong>vero</strong></span> <span class='ocrx_word' id='word_1_330' title='bbox 780 2727 943 2770; x_wconf 82' lang='lat' dir='ltr'><strong>verus</strong></span> <span class='ocrx_word' id='word_1_331' title='bbox 971 2707 1216 2781; x_wconf 79' lang='lat' dir='ltr'><strong>pontiiex</strong></span> <span class='ocrx_word' id='word_1_332' title='bbox 1241 2708 1408 2772; x_wconf 84' lang='lat' dir='ltr'><strong>venit,</strong></span> <span class='ocrx_word' id='word_1_333' title='bbox 1440 2716 1496 2761; x_wconf 90' lang='lat' dir='ltr'><strong>et</strong></span> <span class='ocrx_word' id='word_1_334' title='bbox 1516 2703 1761 2760; x_wconf 83' lang='lat' dir='ltr'><strong>velamen</strong></span> 
     </span>
    </p>
   </div>
   <div class='ocr_carea' id='block_1_42' title="bbox 157 2794 1766 2878">
    <p class='ocr_par' dir='ltr' id='par_1_42' title="bbox 157 2794 1766 2878">
     <span class='ocr_line' id='line_1_42' title="bbox 157 2794 1766 2878; baseline -0.013 -8"><span class='ocrx_word' id='word_1_335' title='bbox 157 2813 326 2871; x_wconf 89' lang='lat' dir='ltr'><strong>scidit</strong></span> <span class='ocrx_word' id='word_1_336' title='bbox 348 2853 363 2878; x_wconf 90' lang='lat'><strong>,</strong></span> <span class='ocrx_word' id='word_1_337' title='bbox 413 2810 558 2865; x_wconf 79' lang='lat' dir='ltr'><strong>facta</strong></span> <span class='ocrx_word' id='word_1_338' title='bbox 590 2817 673 2863; x_wconf 88' lang='lat' dir='ltr'><strong>est</strong></span> <span class='ocrx_word' id='word_1_339' title='bbox 704 2819 831 2860; x_wconf 84' lang='lat' dir='ltr'><strong>arca</strong></span> <span class='ocrx_word' id='word_1_340' title='bbox 860 2810 915 2859; x_wconf 85' lang='lat' dir='ltr'><strong>et</strong></span> <span class='ocrx_word' id='word_1_341' title='bbox 947 2801 1119 2856; x_wconf 86' lang='lat' dir='ltr'><strong>altare</strong></span> <span class='ocrx_word' id='word_1_342' title='bbox 1142 2814 1310 2853; x_wconf 86' lang='lat' dir='ltr'><strong>unum</strong></span> <span class='ocrx_word' id='word_1_343' title='bbox 1333 2838 1347 2860; x_wconf 85' lang='lat'><strong>,</strong></span> <span class='ocrx_word' id='word_1_344' title='bbox 1385 2797 1512 2867; x_wconf 84' lang='lat' dir='ltr'><strong>quia</strong></span> <span class='ocrx_word' id='word_1_345' title='bbox 1556 2794 1766 2851; x_wconf 87' lang='lat' dir='ltr'><strong>scilicet</strong></span> 
     </span>
    </p>
   </div>
   <div class='ocr_carea' id='block_1_43' title="bbox 158 2887 1764 2977">
    <p class='ocr_par' dir='ltr' id='par_1_43' title="bbox 158 2887 1764 2977">
     <span class='ocr_line' id='line_1_43' title="bbox 158 2887 1764 2977; baseline -0.015 -15"><span class='ocrx_word' id='word_1_346' title='bbox 158 2915 326 2977; x_wconf 87' lang='lat' dir='ltr'><strong>caput</strong></span> <span class='ocrx_word' id='word_1_347' title='bbox 356 2911 411 2959; x_wconf 91' lang='lat' dir='ltr'><strong>et</strong></span> <span class='ocrx_word' id='word_1_348' title='bbox 439 2900 705 2965; x_wconf 89' lang='lat' dir='ltr'><strong>membra,</strong></span> <span class='ocrx_word' id='word_1_349' title='bbox 738 2897 791 2952; x_wconf 91' lang='lat' dir='ltr'><strong>id</strong></span> <span class='ocrx_word' id='word_1_350' title='bbox 817 2902 902 2950; x_wconf 88' lang='lat' dir='ltr'><strong>est</strong></span> <span class='ocrx_word' id='word_1_351' title='bbox 922 2891 1176 2949; x_wconf 81' lang='lat' dir='ltr'><strong>Christus</strong></span> <span class='ocrx_word' id='word_1_352' title='bbox 1205 2897 1259 2945; x_wconf 92' lang='lat' dir='ltr'><strong>et</strong></span> <span class='ocrx_word' id='word_1_353' title='bbox 1286 2887 1558 2952; x_wconf 85' lang='lat' dir='ltr'><strong>Ecclesia,</strong></span> <span class='ocrx_word' id='word_1_354' title='bbox 1595 2899 1764 2940; x_wconf 85' lang='lat' dir='ltr'><strong>unum</strong></span> 
     </span>
    </p>
   </div>
   <div class='ocr_carea' id='block_1_44' title="bbox 159 2976 1765 3068">
    <p class='ocr_par' dir='ltr' id='par_1_44' title="bbox 159 2976 1765 3068">
     <span class='ocr_line' id='line_1_44' title="bbox 159 2976 1765 3068; baseline -0.017 -12"><span class='ocrx_word' id='word_1_355' title='bbox 159 2976 365 3068; x_wconf 84' lang='lat' dir='ltr'><strong>corpus</strong></span> <span class='ocrx_word' id='word_1_356' title='bbox 393 3002 537 3051; x_wconf 78' lang='lat' dir='ltr'><strong>sunt.</strong></span> <span class='ocrx_word' id='word_1_357' title='bbox 572 2989 745 3060; x_wconf 78' lang='lat' dir='ltr'><strong>Hujus</strong></span> <span class='ocrx_word' id='word_1_358' title='bbox 770 2989 954 3057; x_wconf 84' lang='lat' dir='ltr'><strong>itaque</strong></span> <span class='ocrx_word' id='word_1_359' title='bbox 983 2983 1171 3039; x_wconf 83' lang='lat' dir='ltr'><strong>altaris</strong></span> <span class='ocrx_word' id='word_1_360' title='bbox 1198 2982 1252 3036; x_wconf 90' lang='lat' dir='ltr'><strong>in</strong></span> <span class='ocrx_word' id='word_1_361' title='bbox 1283 2981 1388 3037; x_wconf 84' lang='lat' dir='ltr'><strong>hoc</strong></span> <span class='ocrx_word' id='word_1_362' title='bbox 1414 2979 1536 3035; x_wconf 87' lang='lat' dir='ltr'><strong>loco</strong></span> <span class='ocrx_word' id='word_1_363' title='bbox 1560 2976 1765 3032; x_wconf 89' lang='lat' dir='ltr'><strong>mentio</strong></span> 
     </span>
    </p>
   </div>
   <div class='ocr_carea' id='block_1_45' title="bbox 160 3071 1766 3155">
    <p class='ocr_par' dir='ltr' id='par_1_45' title="bbox 160 3071 1766 3155">
     <span class='ocr_line' id='line_1_45' title="bbox 160 3071 1766 3155; baseline -0.016 -8"><span class='ocrx_word' id='word_1_364' title='bbox 160 3092 246 3155; x_wconf 88' lang='lat' dir='ltr'><strong>ﬁt,</strong></span> <span class='ocrx_word' id='word_1_365' title='bbox 281 3104 403 3145; x_wconf 88' lang='lat' dir='ltr'><strong>cum</strong></span> <span class='ocrx_word' id='word_1_366' title='bbox 430 3086 646 3151; x_wconf 89' lang='lat' dir='ltr'><strong>dicitur,</strong></span> <span class='ocrx_word' id='word_1_367' title='bbox 672 3082 793 3138; x_wconf 78' lang='lat' dir='ltr'><strong>Vidi</strong></span> <span class='ocrx_word' id='word_1_368' title='bbox 834 3081 935 3137; x_wconf 84' lang='lat' dir='ltr'><strong>sub</strong></span> <span class='ocrx_word' id='word_1_369' title='bbox 973 3078 1147 3134; x_wconf 84' lang='lat' dir='ltr'><strong>altare</strong></span> <span class='ocrx_word' id='word_1_370' title='bbox 1186 3075 1284 3131; x_wconf 90' lang='lat' dir='ltr'><strong>Dei</strong></span> <span class='ocrx_word' id='word_1_371' title='bbox 1336 3073 1549 3129; x_wconf 80' lang='lat' dir='ltr'><strong>anisnas</strong></span> <span class='ocrx_word' id='word_1_372' title='bbox 1594 3071 1766 3126; x_wconf 83' lang='lat' dir='ltr'><strong>inter-</strong></span> 
     </span>
    </p>
   </div>
   <div class='ocr_carea' id='block_1_46' title="bbox 158 3164 1762 3239">
    <p class='ocr_par' dir='ltr' id='par_1_46' title="bbox 158 3164 1762 3239">
     <span class='ocr_line' id='line_1_46' title="bbox 158 3164 1762 3239; baseline -0.014 -1"><span class='ocrx_word' id='word_1_373' title='bbox 158 3182 455 3239; x_wconf 73' lang='lat' dir='ltr'><strong>lectorum.</strong></span> <span class='ocrx_word' id='word_1_374' title='bbox 481 3174 599 3232; x_wconf 77' lang='lat' dir='ltr'><strong>lam</strong></span> <span class='ocrx_word' id='word_1_375' title='bbox 624 3174 768 3229; x_wconf 88' lang='lat' dir='ltr'><strong>enim</strong></span> <span class='ocrx_word' id='word_1_376' title='bbox 798 3187 903 3227; x_wconf 90' lang='lat' dir='ltr'><strong>non</strong></span> <span class='ocrx_word' id='word_1_377' title='bbox 929 3171 1037 3225; x_wconf 84' lang='lat' dir='ltr'><strong>duo</strong></span> <span class='ocrx_word' id='word_1_378' title='bbox 1060 3177 1188 3224; x_wconf 74' lang='lat' dir='ltr'><strong>stunt</strong></span> <span class='ocrx_word' id='word_1_379' title='bbox 1216 3164 1433 3225; x_wconf 77' lang='lat' dir='ltr'><strong>altaria.</strong></span> <span class='ocrx_word' id='word_1_380' title='bbox 1451 3164 1550 3219; x_wconf 83' lang='lat' dir='ltr'><strong>sed</strong></span> <span class='ocrx_word' id='word_1_381' title='bbox 1574 3175 1762 3227; x_wconf 88' lang='lat' dir='ltr'><strong>unum,</strong></span> 
     </span>
    </p>
   </div>
   <div class='ocr_carea' id='block_1_47' title="bbox 159 3251 1762 3345">
    <p class='ocr_par' dir='ltr' id='par_1_47' title="bbox 159 3251 1762 3345">
     <span class='ocr_line' id='line_1_47' title="bbox 159 3251 1762 3345; baseline -0.014 -18"><span class='ocrx_word' id='word_1_382' title='bbox 159 3271 293 3345; x_wconf 86' lang='lat' dir='ltr'><strong>quia</strong></span> <span class='ocrx_word' id='word_1_383' title='bbox 322 3266 573 3326; x_wconf 88' lang='lat' dir='ltr'><strong>Christus</strong></span> <span class='ocrx_word' id='word_1_384' title='bbox 599 3262 922 3334; x_wconf 75' lang='lat' dir='ltr'><strong>coniunctus</strong></span> <span class='ocrx_word' id='word_1_385' title='bbox 949 3267 1034 3316; x_wconf 82' lang='lat' dir='ltr'><strong>est</strong></span> <span class='ocrx_word' id='word_1_386' title='bbox 1057 3256 1275 3327; x_wconf 85' lang='lat' dir='ltr'><strong>corpori</strong></span> <span class='ocrx_word' id='word_1_387' title='bbox 1310 3269 1430 3311; x_wconf 78' lang='lat' dir='ltr'><strong>suo.</strong></span> <span class='ocrx_word' id='word_1_388' title='bbox 1462 3253 1584 3324; x_wconf 90' lang='lat' dir='ltr'><strong>Ipse</strong></span> <span class='ocrx_word' id='word_1_389' title='bbox 1617 3251 1762 3308; x_wconf 89' lang='lat' dir='ltr'><strong>enim</strong></span> 
     </span>
    </p>
   </div>
   <div class='ocr_carea' id='block_1_48' title="bbox 1858 2061 3449 2147">
    <p class='ocr_par' dir='ltr' id='par_1_48' title="bbox 1858 2061 3449 2147">
     <span class='ocr_line' id='line_1_48' title="bbox 1858 2061 3449 2147; baseline -0.01 -15"><span class='ocrx_word' id='word_1_390' title='bbox 1858 2075 2148 2147; x_wconf 88' lang='lat' dir='ltr'><strong>opprobria</strong></span> <span class='ocrx_word' id='word_1_391' title='bbox 2173 2072 2601 2129; x_wconf 87' lang='lat' dir='ltr'><strong>etadversitates</strong></span> <span class='ocrx_word' id='word_1_392' title='bbox 2620 2085 2719 2141; x_wconf 92' lang='lat' dir='ltr'><strong>pro</strong></span> <span class='ocrx_word' id='word_1_393' title='bbox 2745 2067 2966 2124; x_wconf 88' lang='lat' dir='ltr'><strong>Christo</strong></span> <span class='ocrx_word' id='word_1_394' title='bbox 2987 2064 3266 2121; x_wconf 79' lang='lat' dir='ltr'><strong>sustinuit.</strong></span> <span class='ocrx_word' id='word_1_395' title='bbox 3293 2061 3449 2118; x_wconf 87' lang='lat' dir='ltr'><strong>Unde</strong></span> 
     </span>
    </p>
   </div>
   <div class='ocr_carea' id='block_1_49' title="bbox 1860 2151 3452 2238">
    <p class='ocr_par' dir='ltr' id='par_1_49' title="bbox 1860 2151 3452 2238">
     <span class='ocr_line' id='line_1_49' title="bbox 1860 2151 3452 2238; baseline -0.01 -17"><span class='ocrx_word' id='word_1_396' title='bbox 1860 2168 2089 2238; x_wconf 76' lang='lat' dir='ltr'><strong>legimus</strong></span> <span class='ocrx_word' id='word_1_397' title='bbox 2113 2180 2237 2220; x_wconf 91' lang='lat' dir='ltr'><strong>eum</strong></span> <span class='ocrx_word' id='word_1_398' title='bbox 2271 2164 2327 2218; x_wconf 92' lang='lat' dir='ltr'><strong>in</strong></span> <span class='ocrx_word' id='word_1_399' title='bbox 2353 2162 2581 2218; x_wconf 82' lang='lat' dir='ltr'><strong>Actibus</strong></span> <span class='ocrx_word' id='word_1_400' title='bbox 2604 2158 2974 2232; x_wconf 83' lang='lat' dir='ltr'><strong>apostolorum</strong></span> <span class='ocrx_word' id='word_1_401' title='bbox 2999 2160 3137 2226; x_wconf 82' lang='lat' dir='ltr'><strong>(cap.</strong></span> <span class='ocrx_word' id='word_1_402' title='bbox 3174 2152 3230 2223; x_wconf 86' lang='lat' dir='ltr'><strong>v)</strong></span> <span class='ocrx_word' id='word_1_403' title='bbox 3264 2151 3452 2221; x_wconf 59' lang='grc' dir='ltr'>Μεδι-</span> 
     </span>
    </p>
   </div>
   <div class='ocr_carea' id='block_1_50' title="bbox 1860 2246 3449 2323">
    <p class='ocr_par' dir='ltr' id='par_1_50' title="bbox 1860 2246 3449 2323">
     <span class='ocr_line' id='line_1_50' title="bbox 1860 2246 3449 2323; baseline -0.011 -9"><span class='ocrx_word' id='word_1_404' title='bbox 1860 2259 2029 2314; x_wconf 90' lang='lat' dir='ltr'><strong>latum</strong></span> <span class='ocrx_word' id='word_1_405' title='bbox 2072 2272 2195 2312; x_wconf 91' lang='lat' dir='ltr'><strong>cum</strong></span> <span class='ocrx_word' id='word_1_406' title='bbox 2221 2254 2453 2319; x_wconf 59' lang='lat' dir='ltr'><strong>ceteris,</strong></span> <span class='ocrx_word' id='word_1_407' title='bbox 2486 2252 2705 2323; x_wconf 88' lang='lat' dir='ltr'><strong>quando</strong></span> <span class='ocrx_word' id='word_1_408' title='bbox 2730 2250 2881 2306; x_wconf 86' lang='lat' dir='ltr'><strong>ibant</strong></span> <span class='ocrx_word' id='word_1_409' title='bbox 2910 2246 3210 2319; x_wconf 78' lang='lat' dir='ltr'><strong>gaudentes</strong></span> <span class='ocrx_word' id='word_1_410' title='bbox 3238 2258 3270 2299; x_wconf 84' lang='lat' dir='ltr'><strong>a</strong></span> <span class='ocrx_word' id='word_1_411' title='bbox 3314 2257 3449 2297; x_wconf 88' lang='lat' dir='ltr'><strong>con-</strong></span> 
     </span>
    </p>
   </div>
   <div class='ocr_carea' id='block_1_51' title="bbox 1861 2340 3449 2424">
    <p class='ocr_par' dir='ltr' id='par_1_51' title="bbox 1861 2340 3449 2424">
     <span class='ocr_line' id='line_1_51' title="bbox 1861 2340 3449 2424; baseline -0.013 -16"><span class='ocrx_word' id='word_1_412' title='bbox 1861 2360 2046 2424; x_wconf 90' lang='lat' dir='ltr'><strong>spectu</strong></span> <span class='ocrx_word' id='word_1_413' title='bbox 2074 2348 2311 2416; x_wconf 88' lang='lat' dir='ltr'><strong>concilii,</strong></span> <span class='ocrx_word' id='word_1_414' title='bbox 2359 2356 2413 2404; x_wconf 90' lang='lat' dir='ltr'><strong>et</strong></span> <span class='ocrx_word' id='word_1_415' title='bbox 2461 2355 2672 2417; x_wconf 86' lang='lat' dir='ltr'><strong>propter</strong></span> <span class='ocrx_word' id='word_1_416' title='bbox 2725 2344 2939 2399; x_wconf 75' lang='lat' dir='ltr'><strong>verbum</strong></span> <span class='ocrx_word' id='word_1_417' title='bbox 2968 2340 3087 2404; x_wconf 86' lang='lat' dir='ltr'><strong>Dei,</strong></span> <span class='ocrx_word' id='word_1_418' title='bbox 3139 2346 3187 2393; x_wconf 86' lang='lat' dir='ltr'><strong>et</strong></span> <span class='ocrx_word' id='word_1_419' title='bbox 3238 2345 3449 2408; x_wconf 79' lang='lat' dir='ltr'><strong>propter</strong></span> 
     </span>
    </p>
   </div>
   <div class='ocr_carea' id='block_1_52' title="bbox 1862 2426 3454 2512">
    <p class='ocr_par' dir='ltr' id='par_1_52' title="bbox 1862 2426 3454 2512">
     <span class='ocr_line' id='line_1_52' title="bbox 1862 2426 3454 2512; baseline -0.013 -13"><span class='ocrx_word' id='word_1_420' title='bbox 1862 2442 2215 2499; x_wconf 84' lang='lat' dir='ltr'><strong>testimonium</strong></span> <span class='ocrx_word' id='word_1_421' title='bbox 2261 2439 2402 2512; x_wconf 84' lang='lat' dir='ltr'><strong>quod</strong></span> <span class='ocrx_word' id='word_1_422' title='bbox 2449 2436 2730 2492; x_wconf 80' lang='lat' dir='ltr'><strong>habebant.</strong></span> <span class='ocrx_word' id='word_1_423' title='bbox 2780 2434 2928 2490; x_wconf 85' lang='lat' dir='ltr'><strong>Istud</strong></span> <span class='ocrx_word' id='word_1_424' title='bbox 2962 2439 3062 2512; x_wconf 41' lang='lat' dir='ltr'><strong>est‘</strong></span> <span class='ocrx_word' id='word_1_425' title='bbox 3088 2429 3329 2492; x_wconf 79' lang='lat' dir='ltr'><strong>verbum,</strong></span> <span class='ocrx_word' id='word_1_426' title='bbox 3383 2426 3454 2480; x_wconf 87' lang='lat' dir='ltr'><strong>de</strong></span> 
     </span>
    </p>
   </div>
   <div class='ocr_carea' id='block_1_53' title="bbox 1861 2502 3449 2607">
    <p class='ocr_par' dir='ltr' id='par_1_53' title="bbox 1861 2502 3449 2607">
     <span class='ocr_line' id='line_1_53' title="bbox 1861 2502 3449 2607; baseline -0.011 -17"><span class='ocrx_word' id='word_1_427' title='bbox 1861 2551 1970 2607; x_wconf 90' lang='lat' dir='ltr'><strong>quo</strong></span> <span class='ocrx_word' id='word_1_428' title='bbox 2003 2502 2284 2591; x_wconf 49' lang='lat' dir='ltr'><strong>Joannes;</strong></span> <span class='ocrx_word' id='word_1_429' title='bbox 2319 2530 2387 2591; x_wconf 81' lang='lat' dir='ltr'><strong>In</strong></span> <span class='ocrx_word' id='word_1_430' title='bbox 2420 2530 2678 2600; x_wconf 82' lang='lat' dir='ltr'><strong>principio</strong></span> <span class='ocrx_word' id='word_1_431' title='bbox 2726 2538 2839 2583; x_wconf 88' lang='lat' dir='ltr'><strong>erat</strong></span> <span class='ocrx_word' id='word_1_432' title='bbox 2887 2502 3114 2581; x_wconf 55' lang='lat' dir='ltr'><strong>Verbum</strong></span> <span class='ocrx_word' id='word_1_433' title='bbox 3165 2523 3349 2595; x_wconf 66' lang='lat' dir='ltr'><strong>(locis.</strong></span> <span class='ocrx_word' id='word_1_434' title='bbox 3384 2520 3449 2592; x_wconf 84' lang='lat' dir='ltr'><strong>l).</strong></span> 
     </span>
    </p>
   </div>
   <div class='ocr_carea' id='block_1_54' title="bbox 1862 2612 3453 2698">
    <p class='ocr_par' dir='ltr' id='par_1_54' title="bbox 1862 2612 3453 2698">
     <span class='ocr_line' id='line_1_54' title="bbox 1862 2612 3453 2698; baseline -0.013 -13"><span class='ocrx_word' id='word_1_435' title='bbox 1862 2629 1961 2685; x_wconf 89' lang='lat' dir='ltr'><strong>Cui</strong></span> <span class='ocrx_word' id='word_1_436' title='bbox 1992 2628 2178 2692; x_wconf 87' lang='lat' dir='ltr'><strong>verbo,</strong></span> <span class='ocrx_word' id='word_1_437' title='bbox 2206 2625 2333 2698; x_wconf 88' lang='lat' dir='ltr'><strong>quia</strong></span> <span class='ocrx_word' id='word_1_438' title='bbox 2359 2623 2634 2680; x_wconf 88' lang='lat' dir='ltr'><strong>habebant</strong></span> <span class='ocrx_word' id='word_1_439' title='bbox 2673 2620 2801 2676; x_wconf 90' lang='lat' dir='ltr'><strong>illud</strong></span> <span class='ocrx_word' id='word_1_440' title='bbox 2831 2621 2887 2674; x_wconf 91' lang='lat' dir='ltr'><strong>in</strong></span> <span class='ocrx_word' id='word_1_441' title='bbox 2912 2619 3099 2682; x_wconf 82' lang='lat' dir='ltr'><strong>corde,</strong></span> <span class='ocrx_word' id='word_1_442' title='bbox 3142 2612 3453 2671; x_wconf 83' lang='lat' dir='ltr'><strong>testimonia</strong></span> 
     </span>
    </p>
   </div>
   <div class='ocr_carea' id='block_1_55' title="bbox 1863 2702 3456 2792">
    <p class='ocr_par' dir='ltr' id='par_1_55' title="bbox 1863 2702 3456 2792">
     <span class='ocr_line' id='line_1_55' title="bbox 1863 2702 3456 2792; baseline -0.014 -15"><span class='ocrx_word' id='word_1_443' title='bbox 1863 2721 2028 2777; x_wconf 89' lang='lat' dir='ltr'><strong>etiam</strong></span> <span class='ocrx_word' id='word_1_444' title='bbox 2050 2716 2402 2792; x_wconf 81' lang='lat' dir='ltr'><strong>proferebant</strong></span> <span class='ocrx_word' id='word_1_445' title='bbox 2430 2715 2483 2768; x_wconf 90' lang='lat' dir='ltr'><strong>in</strong></span> <span class='ocrx_word' id='word_1_446' title='bbox 2505 2728 2621 2779; x_wconf 89' lang='lat' dir='ltr'><strong>ore,</strong></span> <span class='ocrx_word' id='word_1_447' title='bbox 2643 2712 2800 2784; x_wconf 82' lang='lat' dir='ltr'><strong>juxta</strong></span> <span class='ocrx_word' id='word_1_448' title='bbox 2830 2709 2961 2765; x_wconf 88' lang='lat' dir='ltr'><strong>illud</strong></span> <span class='ocrx_word' id='word_1_449' title='bbox 2985 2724 2999 2763; x_wconf 88' lang='lat'><strong>:</strong></span> <span class='ocrx_word' id='word_1_450' title='bbox 3022 2706 3195 2762; x_wconf 83' lang='lat' dir='ltr'><strong>Corde</strong></span> <span class='ocrx_word' id='word_1_451' title='bbox 3220 2702 3456 2758; x_wconf 74' lang='lat' dir='ltr'><strong>creditur</strong></span> 
     </span>
    </p>
   </div>
   <div class='ocr_carea' id='block_1_56' title="bbox 1865 2796 3456 2882">
    <p class='ocr_par' dir='ltr' id='par_1_56' title="bbox 1865 2796 3456 2882">
     <span class='ocr_line' id='line_1_56' title="bbox 1865 2796 3456 2882; baseline -0.013 -14"><span class='ocrx_word' id='word_1_452' title='bbox 1865 2815 1934 2869; x_wconf 87' lang='lat' dir='ltr'><strong>ad</strong></span> <span class='ocrx_word' id='word_1_453' title='bbox 1986 2812 2275 2882; x_wconf 83' lang='lat' dir='ltr'><strong>justitiam,</strong></span> <span class='ocrx_word' id='word_1_454' title='bbox 2311 2824 2398 2862; x_wconf 86' lang='lat' dir='ltr'><strong>ore</strong></span> <span class='ocrx_word' id='word_1_455' title='bbox 2450 2816 2625 2861; x_wconf 85' lang='lat' dir='ltr'><strong>autem</strong></span> <span class='ocrx_word' id='word_1_456' title='bbox 2687 2802 2945 2873; x_wconf 75' lang='lat' dir='ltr'><strong>confessio</strong></span> <span class='ocrx_word' id='word_1_457' title='bbox 2992 2801 3053 2870; x_wconf 75' lang='lat' dir='ltr'><strong>ﬁt</strong></span> <span class='ocrx_word' id='word_1_458' title='bbox 3114 2798 3183 2853; x_wconf 71' lang='lat' dir='ltr'><strong>ad</strong></span> <span class='ocrx_word' id='word_1_459' title='bbox 3229 2796 3456 2852; x_wconf 64' lang='lat' dir='ltr'><strong>«liuent</strong></span> 
     </span>
    </p>
   </div>
   <div class='ocr_carea' id='block_1_57' title="bbox 1867 2879 3457 2979">
    <p class='ocr_par' dir='ltr' id='par_1_57' title="bbox 1867 2879 3457 2979">
     <span class='ocr_line' id='line_1_57' title="bbox 1867 2879 3457 2979; baseline -0.009 -20"><span class='ocrx_word' id='word_1_460' title='bbox 1867 2879 2038 2979; x_wconf 75' lang='lat' dir='ltr'><strong>(Rom.</strong></span> <span class='ocrx_word' id='word_1_461' title='bbox 2070 2903 2149 2975; x_wconf 86' lang='lat' dir='ltr'><strong>x).</strong></span> <span class='ocrx_word' id='word_1_462' title='bbox 2178 2899 2276 2956; x_wconf 82' lang='lat' dir='ltr'><strong>Vel</strong></span> <span class='ocrx_word' id='word_1_463' title='bbox 2303 2900 2429 2971; x_wconf 87' lang='lat' dir='ltr'><strong>quia</strong></span> <span class='ocrx_word' id='word_1_464' title='bbox 2452 2899 2677 2954; x_wconf 83' lang='lat' dir='ltr'><strong>verbum</strong></span> <span class='ocrx_word' id='word_1_465' title='bbox 2701 2897 2795 2952; x_wconf 90' lang='lat' dir='ltr'><strong>Dei</strong></span> <span class='ocrx_word' id='word_1_466' title='bbox 2817 2895 3104 2968; x_wconf 76' lang='lat' dir='ltr'><strong>gestabant</strong></span> <span class='ocrx_word' id='word_1_467' title='bbox 3130 2879 3185 2947; x_wconf 88' lang='lat' dir='ltr'><strong>in</strong></span> <span class='ocrx_word' id='word_1_468' title='bbox 3209 2891 3373 2947; x_wconf 82' lang='lat' dir='ltr'><strong>corde</strong></span> <span class='ocrx_word' id='word_1_469' title='bbox 3397 2897 3457 2945; x_wconf 79' lang='lat' dir='ltr'><strong>et</strong></span> 
     </span>
    </p>
   </div>
   <div class='ocr_carea' id='block_1_58' title="bbox 1866 2981 3456 3060">
    <p class='ocr_par' dir='ltr' id='par_1_58' title="bbox 1866 2981 3456 3060">
     <span class='ocr_line' id='line_1_58' title="bbox 1866 2981 3456 3060; baseline -0.009 -10"><span class='ocrx_word' id='word_1_470' title='bbox 1866 3008 1984 3060; x_wconf 91' lang='lat' dir='ltr'><strong>ore,</strong></span> <span class='ocrx_word' id='word_1_471' title='bbox 2054 2992 2415 3049; x_wconf 89' lang='lat' dir='ltr'><strong>ostendebant</strong></span> <span class='ocrx_word' id='word_1_472' title='bbox 2477 2986 2958 3044; x_wconf 89' lang='lat' dir='ltr'><strong>testimonium-in</strong></span> <span class='ocrx_word' id='word_1_473' title='bbox 3008 2998 3209 3055; x_wconf 86' lang='lat' dir='ltr'><strong>opere,</strong></span> <span class='ocrx_word' id='word_1_474' title='bbox 3262 2981 3456 3037; x_wconf 83' lang='lat' dir='ltr'><strong>nolen-</strong></span> 
     </span>
    </p>
   </div>
   <div class='ocr_carea' id='block_1_59' title="bbox 1868 3068 3459 3154">
    <p class='ocr_par' dir='ltr' id='par_1_59' title="bbox 1868 3068 3459 3154">
     <span class='ocr_line' id='line_1_59' title="bbox 1868 3068 3459 3154; baseline -0.011 -9"><span class='ocrx_word' id='word_1_475' title='bbox 1868 3098 1951 3145; x_wconf 87' lang='lat' dir='ltr'><strong>tes</strong></span> <span class='ocrx_word' id='word_1_476' title='bbox 1996 3087 2138 3144; x_wconf 90' lang='lat' dir='ltr'><strong>idola</strong></span> <span class='ocrx_word' id='word_1_477' title='bbox 2189 3086 2389 3149; x_wconf 88' lang='lat' dir='ltr'><strong>colere,</strong></span> <span class='ocrx_word' id='word_1_478' title='bbox 2424 3092 2480 3140; x_wconf 91' lang='lat' dir='ltr'><strong>et</strong></span> <span class='ocrx_word' id='word_1_479' title='bbox 2503 3091 2726 3154; x_wconf 88' lang='lat' dir='ltr'><strong>propter</strong></span> <span class='ocrx_word' id='word_1_480' title='bbox 2750 3078 2852 3135; x_wconf 89' lang='lat' dir='ltr'><strong>hoc</strong></span> <span class='ocrx_word' id='word_1_481' title='bbox 2882 3076 3349 3134; x_wconf 81' lang='lat' dir='ltr'><strong>interﬁciebantur</strong></span> <span class='ocrx_word' id='word_1_482' title='bbox 3368 3068 3459 3129; x_wconf 83' lang='lat' dir='ltr'><strong>vel</strong></span> 
     </span>
    </p>
   </div>
   <div class='ocr_carea' id='block_1_60' title="bbox 1868 3168 3458 3255">
    <p class='ocr_par' dir='ltr' id='par_1_60' title="bbox 1868 3168 3458 3255">
     <span class='ocr_line' id='line_1_60' title="bbox 1868 3168 3458 3255; baseline -0.01 -16"><span class='ocrx_word' id='word_1_483' title='bbox 1868 3191 2058 3255; x_wconf 88' lang='lat' dir='ltr'><strong>aperto</strong></span> <span class='ocrx_word' id='word_1_484' title='bbox 2086 3181 2369 3253; x_wconf 86' lang='lat' dir='ltr'><strong>martyrio,</strong></span> <span class='ocrx_word' id='word_1_485' title='bbox 2419 3177 2504 3232; x_wconf 87' lang='lat' dir='ltr'><strong>vel</strong></span> <span class='ocrx_word' id='word_1_486' title='bbox 2537 3175 2774 3241; x_wconf 84' lang='lat' dir='ltr'><strong>occulto,</strong></span> <span class='ocrx_word' id='word_1_487' title='bbox 2806 3175 2933 3230; x_wconf 88' lang='lat' dir='ltr'><strong>dum</strong></span> <span class='ocrx_word' id='word_1_488' title='bbox 2973 3184 3070 3227; x_wconf 86' lang='lat' dir='ltr'><strong>eos</strong></span> <span class='ocrx_word' id='word_1_489' title='bbox 3114 3168 3458 3226; x_wconf 85' lang='lat' dir='ltr'><strong>simulatores</strong></span> 
     </span>
    </p>
   </div>
   <div class='ocr_carea' id='block_1_61' title="bbox 1869 3258 3565 3349">
    <p class='ocr_par' dir='ltr' id='par_1_61' title="bbox 1869 3258 3565 3349">
     <span class='ocr_line' id='line_1_61' title="bbox 1869 3258 3565 3349; baseline -0.011 -16"><span class='ocrx_word' id='word_1_490' title='bbox 1869 3286 1923 3332; x_wconf 88' lang='lat' dir='ltr'><strong>et</strong></span> <span class='ocrx_word' id='word_1_491' title='bbox 1956 3274 2266 3349; x_wconf 84' lang='lat' dir='ltr'><strong>hypocritas</strong></span> <span class='ocrx_word' id='word_1_492' title='bbox 2291 3286 2412 3327; x_wconf 91' lang='lat' dir='ltr'><strong>esse</strong></span> <span class='ocrx_word' id='word_1_493' title='bbox 2431 3269 2701 3327; x_wconf 88' lang='lat' dir='ltr'><strong>dicebant.</strong></span> <span class='ocrx_word' id='word_1_494' title='bbox 2739 3265 2804 3320; x_wconf 83' lang='lat' dir='ltr'><strong>Et</strong></span> <span class='ocrx_word' id='word_1_495' title='bbox 2834 3264 3132 3319; x_wconf 86' lang='lat' dir='ltr'><strong>clamabant</strong></span> <span class='ocrx_word' id='word_1_496' title='bbox 3156 3274 3333 3316; x_wconf 82' lang='lat' dir='ltr'><strong>omnes</strong></span> <span class='ocrx_word' id='word_1_497' title='bbox 3359 3258 3457 3329; x_wconf 91' lang='lat' dir='ltr'><strong>qui</strong></span> <span class='ocrx_word' id='word_1_498' title='bbox 3560 3310 3565 3315; x_wconf 90' lang='lat'><strong>.</strong></span> 
     </span>
    </p>
   </div>
   <div class='ocr_carea' id='block_1_62' title="bbox 162 3325 3457 3441">
    <p class='ocr_par' dir='ltr' id='par_1_62' title="bbox 162 3325 3457 3441">
     <span class='ocr_line' id='line_1_62' title="bbox 162 3325 3457 3441; baseline -0.016 -12"><span class='ocrx_word' id='word_1_499' title='bbox 162 3378 254 3429; x_wconf 89' lang='lat' dir='ltr'><strong>est</strong></span> <span class='ocrx_word' id='word_1_500' title='bbox 298 3368 468 3423; x_wconf 86' lang='lat' dir='ltr'><strong>altare</strong></span> <span class='ocrx_word' id='word_1_501' title='bbox 490 3406 505 3431; x_wconf 92' lang='lat'><strong>,</strong></span> <span class='ocrx_word' id='word_1_502' title='bbox 555 3364 669 3435; x_wconf 87' lang='lat' dir='ltr'><strong>ipse</strong></span> <span class='ocrx_word' id='word_1_503' title='bbox 699 3359 954 3417; x_wconf 83' lang='lat' dir='ltr'><strong>sacerdos</strong></span> <span class='ocrx_word' id='word_1_504' title='bbox 983 3365 1039 3412; x_wconf 89' lang='lat' dir='ltr'><strong>et</strong></span> <span class='ocrx_word' id='word_1_505' title='bbox 1067 3353 1416 3412; x_wconf 86' lang='lat' dir='ltr'><strong>sacriﬁcium.</strong></span> <span class='ocrx_word' id='word_1_506' title='bbox 1464 3348 1761 3413; x_wconf 88' lang='lat' dir='ltr'><strong>Sacerdos,</strong></span> <span class='ocrx_word' id='word_1_507' title='bbox 1791 3325 1838 3389; x_wconf 67' lang='grc' dir='ltr'><strong>ί)</strong></span> <span class='ocrx_word' id='word_1_508' title='bbox 1870 3325 2114 3441; x_wconf 48' lang='lat' dir='ltr'><strong>aperiam</strong></span> <span class='ocrx_word' id='word_1_509' title='bbox 2142 3366 2257 3423; x_wconf 48' lang='lat' dir='ltr'><strong>sive</strong></span> <span class='ocrx_word' id='word_1_510' title='bbox 2296 3362 2567 3420; x_wconf 52' lang='lat' dir='ltr'><strong>occultum</strong></span> <span class='ocrx_word' id='word_1_511' title='bbox 2596 3356 2920 3430; x_wconf 49' lang='lat' dir='ltr'><strong>martyrium</strong></span> <span class='ocrx_word' id='word_1_512' title='bbox 2950 3354 3167 3410; x_wconf 58' lang='lat' dir='ltr'><strong>meram</strong></span> <span class='ocrx_word' id='word_1_513' title='bbox 3192 3325 3457 3423; x_wconf 50' lang='lat' dir='ltr'><strong>perpes&#39;si.</strong></span> 
     </span>
    </p>
   </div>
   <div class='ocr_carea' id='block_1_63' title="bbox 165 3441 1763 3538">
    <p class='ocr_par' dir='ltr' id='par_1_63' title="bbox 165 3441 1763 3538">
     <span class='ocr_line' id='line_1_63' title="bbox 165 3441 1763 3538; baseline -0.016 -19"><span class='ocrx_word' id='word_1_514' title='bbox 165 3464 295 3538; x_wconf 85' lang='lat' dir='ltr'><strong>quia</strong></span> <span class='ocrx_word' id='word_1_515' title='bbox 327 3474 426 3533; x_wconf 89' lang='lat' dir='ltr'><strong>per</strong></span> <span class='ocrx_word' id='word_1_516' title='bbox 456 3458 607 3513; x_wconf 88' lang='lat' dir='ltr'><strong>illum</strong></span> <span class='ocrx_word' id='word_1_517' title='bbox 640 3468 865 3510; x_wconf 89' lang='lat' dir='ltr'><strong>munera</strong></span> <span class='ocrx_word' id='word_1_518' title='bbox 908 3458 1091 3512; x_wconf 77' lang='lat' dir='ltr'><strong>nostra</strong></span> <span class='ocrx_word' id='word_1_519' title='bbox 1128 3447 1241 3503; x_wconf 86' lang='lat' dir='ltr'><strong>Deo</strong></span> <span class='ocrx_word' id='word_1_520' title='bbox 1277 3444 1426 3500; x_wconf 86' lang='lat' dir='ltr'><strong>Patri</strong></span> <span class='ocrx_word' id='word_1_521' title='bbox 1455 3441 1763 3513; x_wconf 86' lang='lat' dir='ltr'><strong>dirigimus.</strong></span> 
     </span>
    </p>
   </div>
   <div class='ocr_carea' id='block_1_64' title="bbox 166 3544 1769 3633">
    <p class='ocr_par' dir='ltr' id='par_1_64' title="bbox 166 3544 1769 3633">
     <span class='ocr_line' id='line_1_64' title="bbox 166 3544 1769 3633; baseline -0.016 -14"><span class='ocrx_word' id='word_1_522' title='bbox 166 3562 327 3633; x_wconf 66' lang='lat' dir='ltr'><strong>Unde</strong></span> <span class='ocrx_word' id='word_1_523' title='bbox 372 3568 429 3616; x_wconf 85' lang='lat' dir='ltr'><strong>et</strong></span> <span class='ocrx_word' id='word_1_524' title='bbox 470 3555 783 3613; x_wconf 89' lang='lat' dir='ltr'><strong>sacerdotes</strong></span> <span class='ocrx_word' id='word_1_525' title='bbox 829 3552 883 3607; x_wconf 91' lang='lat' dir='ltr'><strong>in</strong></span> <span class='ocrx_word' id='word_1_526' title='bbox 927 3548 1154 3622; x_wconf 85' lang='lat' dir='ltr'><strong>singulis</strong></span> <span class='ocrx_word' id='word_1_527' title='bbox 1181 3544 1524 3601; x_wconf 84' lang='lat' dir='ltr'><strong>orationibus</strong></span> <span class='ocrx_word' id='word_1_528' title='bbox 1565 3556 1625 3597; x_wconf 89' lang='lat' dir='ltr'><strong>se</strong></span> <span class='ocrx_word' id='word_1_529' title='bbox 1672 3553 1769 3610; x_wconf 92' lang='lat' dir='ltr'><strong>per</strong></span> 
     </span>
    </p>
   </div>
   <div class='ocr_carea' id='block_1_65' title="bbox 170 3629 1769 3711">
    <p class='ocr_par' dir='ltr' id='par_1_65' title="bbox 170 3629 1769 3711">
     <span class='ocr_line' id='line_1_65' title="bbox 170 3629 1769 3711; baseline -0.015 -4"><span class='ocrx_word' id='word_1_530' title='bbox 170 3629 460 3708; x_wconf 82' lang='lat' dir='ltr'><strong>Dominum</strong></span> <span class='ocrx_word' id='word_1_531' title='bbox 515 3644 760 3702; x_wconf 87' lang='lat' dir='ltr'><strong>exaudiri</strong></span> <span class='ocrx_word' id='word_1_532' title='bbox 810 3648 1103 3711; x_wconf 85' lang='lat' dir='ltr'><strong>optantes,</strong></span> <span class='ocrx_word' id='word_1_533' title='bbox 1170 3635 1271 3691; x_wconf 89' lang='lat' dir='ltr'><strong>sub</strong></span> <span class='ocrx_word' id='word_1_534' title='bbox 1329 3632 1550 3690; x_wconf 75' lang='lat' dir='ltr'><strong>nurnine</strong></span> <span class='ocrx_word' id='word_1_535' title='bbox 1600 3629 1769 3701; x_wconf 85' lang='lat' dir='ltr'><strong>ipsius</strong></span> 
     </span>
    </p>
   </div>
   <div class='ocr_carea' id='block_1_66' title="bbox 171 3724 1770 3801">
    <p class='ocr_par' dir='ltr' id='par_1_66' title="bbox 171 3724 1770 3801">
     <span class='ocr_line' id='line_1_66' title="bbox 171 3724 1770 3801; baseline -0.015 -2"><span class='ocrx_word' id='word_1_536' title='bbox 171 3758 299 3801; x_wconf 87' lang='lat' dir='ltr'><strong>suas</strong></span> <span class='ocrx_word' id='word_1_537' title='bbox 334 3740 529 3796; x_wconf 84' lang='lat' dir='ltr'><strong>ﬁniunt</strong></span> <span class='ocrx_word' id='word_1_538' title='bbox 571 3736 880 3797; x_wconf 90' lang='lat' dir='ltr'><strong>orationes,</strong></span> <span class='ocrx_word' id='word_1_539' title='bbox 909 3732 1181 3793; x_wconf 85' lang='lat' dir='ltr'><strong>dicentes;</strong></span> <span class='ocrx_word' id='word_1_540' title='bbox 1222 3726 1328 3782; x_wconf 89' lang='lat' dir='ltr'><strong>Per</strong></span> <span class='ocrx_word' id='word_1_541' title='bbox 1352 3724 1638 3779; x_wconf 80' lang='lat' dir='ltr'><strong>Dominum</strong></span> <span class='ocrx_word' id='word_1_542' title='bbox 1672 3736 1770 3777; x_wconf 88' lang='lat' dir='ltr'><strong>no-</strong></span> 
     </span>
    </p>
   </div>
   <div class='ocr_carea' id='block_1_67' title="bbox 172 3813 1770 3892">
    <p class='ocr_par' dir='ltr' id='par_1_67' title="bbox 172 3813 1770 3892">
     <span class='ocr_line' id='line_1_67' title="bbox 172 3813 1770 3892; baseline -0.016 0"><span class='ocrx_word' id='word_1_543' title='bbox 172 3844 347 3892; x_wconf 89' lang='lat' dir='ltr'><strong>strum</strong></span> <span class='ocrx_word' id='word_1_544' title='bbox 389 3829 574 3885; x_wconf 76' lang='lat' dir='ltr'><strong>lesum</strong></span> <span class='ocrx_word' id='word_1_545' title='bbox 613 3825 889 3881; x_wconf 84' lang='lat' dir='ltr'><strong>Christum</strong></span> <span class='ocrx_word' id='word_1_546' title='bbox 919 3820 1113 3874; x_wconf 87' lang='lat' dir='ltr'><strong>Filium</strong></span> <span class='ocrx_word' id='word_1_547' title='bbox 1158 3828 1328 3872; x_wconf 87' lang='lat' dir='ltr'><strong>tuum.</strong></span> <span class='ocrx_word' id='word_1_548' title='bbox 1378 3816 1598 3886; x_wconf 53' lang='lat' dir='ltr'><strong>Altam,</strong></span> <span class='ocrx_word' id='word_1_549' title='bbox 1640 3813 1770 3882; x_wconf 85' lang='lat' dir='ltr'><strong>quia</strong></span> 
     </span>
    </p>
   </div>
   <div class='ocr_carea' id='block_1_68' title="bbox 176 3907 1772 3993">
    <p class='ocr_par' dir='ltr' id='par_1_68' title="bbox 176 3907 1772 3993">
     <span class='ocr_line' id='line_1_68' title="bbox 176 3907 1772 3993; baseline -0.014 -12"><span class='ocrx_word' id='word_1_550' title='bbox 176 3923 525 3993; x_wconf 85' lang='lat' dir='ltr'><strong>semetipsum</strong></span> <span class='ocrx_word' id='word_1_551' title='bbox 548 3916 743 3974; x_wconf 83' lang='lat' dir='ltr'><strong>obtulit</strong></span> <span class='ocrx_word' id='word_1_552' title='bbox 772 3915 882 3969; x_wconf 89' lang='lat' dir='ltr'><strong>Deo</strong></span> <span class='ocrx_word' id='word_1_553' title='bbox 905 3912 1051 3967; x_wconf 83' lang='lat' dir='ltr'><strong>Patri</strong></span> <span class='ocrx_word' id='word_1_554' title='bbox 1074 3912 1128 3965; x_wconf 89' lang='lat' dir='ltr'><strong>in</strong></span> <span class='ocrx_word' id='word_1_555' title='bbox 1157 3926 1253 3964; x_wconf 87' lang='lat' dir='ltr'><strong>ara</strong></span> <span class='ocrx_word' id='word_1_556' title='bbox 1275 3909 1474 3964; x_wconf 78' lang='lat' dir='ltr'><strong>erucis.</strong></span> <span class='ocrx_word' id='word_1_557' title='bbox 1501 3907 1616 3962; x_wconf 82' lang='lat' dir='ltr'><strong>Non</strong></span> <span class='ocrx_word' id='word_1_558' title='bbox 1639 3920 1772 3975; x_wconf 89' lang='lat' dir='ltr'><strong>ergo</strong></span> 
     </span>
    </p>
   </div>
   <div class='ocr_carea' id='block_1_69' title="bbox 168 4004 1772 4089">
    <p class='ocr_par' dir='ltr' id='par_1_69' title="bbox 168 4004 1772 4089">
     <span class='ocr_line' id='line_1_69' title="bbox 168 4004 1772 4089; baseline -0.013 -16"><span class='ocrx_word' id='word_1_559' title='bbox 168 4019 281 4089; x_wconf 88' lang='lat' dir='ltr'><strong>jam</strong></span> <span class='ocrx_word' id='word_1_560' title='bbox 314 4023 442 4071; x_wconf 91' lang='lat' dir='ltr'><strong>sunt</strong></span> <span class='ocrx_word' id='word_1_561' title='bbox 487 4014 594 4067; x_wconf 89' lang='lat' dir='ltr'><strong>duo</strong></span> <span class='ocrx_word' id='word_1_562' title='bbox 633 4008 857 4072; x_wconf 81' lang='lat' dir='ltr'><strong>altaria,</strong></span> <span class='ocrx_word' id='word_1_563' title='bbox 899 4004 995 4061; x_wconf 86' lang='lat' dir='ltr'><strong>sed</strong></span> <span class='ocrx_word' id='word_1_564' title='bbox 1035 4018 1234 4067; x_wconf 89' lang='lat' dir='ltr'><strong>unum,</strong></span> <span class='ocrx_word' id='word_1_565' title='bbox 1284 4008 1569 4072; x_wconf 86' lang='lat' dir='ltr'><strong>postquam</strong></span> <span class='ocrx_word' id='word_1_566' title='bbox 1608 4012 1772 4053; x_wconf 84' lang='lat' dir='ltr'><strong>verus</strong></span> 
     </span>
    </p>
   </div>
   <div class='ocr_carea' id='block_1_70' title="bbox 177 4097 1773 4182">
    <p class='ocr_par' dir='ltr' id='par_1_70' title="bbox 177 4097 1773 4182">
     <span class='ocr_line' id='line_1_70' title="bbox 177 4097 1773 4182; baseline -0.013 -16"><span class='ocrx_word' id='word_1_567' title='bbox 177 4106 418 4182; x_wconf 84' lang='lat' dir='ltr'><strong>pontifex</strong></span> <span class='ocrx_word' id='word_1_568' title='bbox 460 4106 737 4176; x_wconf 90' lang='lat' dir='ltr'><strong>ingressus</strong></span> <span class='ocrx_word' id='word_1_569' title='bbox 772 4107 857 4155; x_wconf 91' lang='lat' dir='ltr'><strong>est</strong></span> <span class='ocrx_word' id='word_1_570' title='bbox 887 4097 1086 4152; x_wconf 89' lang='lat' dir='ltr'><strong>Sancta</strong></span> <span class='ocrx_word' id='word_1_571' title='bbox 1116 4102 1428 4150; x_wconf 86' lang='lat' dir='ltr'><strong>sanctorum</strong></span> <span class='ocrx_word' id='word_1_572' title='bbox 1461 4106 1583 4147; x_wconf 88' lang='lat' dir='ltr'><strong>cum</strong></span> <span class='ocrx_word' id='word_1_573' title='bbox 1620 4100 1773 4161; x_wconf 87' lang='lat' dir='ltr'><strong>parte</strong></span> 
     </span>
    </p>
   </div>
   <div class='ocr_carea' id='block_1_71' title="bbox 176 4186 1773 4275">
    <p class='ocr_par' dir='ltr' id='par_1_71' title="bbox 176 4186 1773 4275">
     <span class='ocr_line' id='line_1_71' title="bbox 176 4186 1773 4275; baseline -0.012 -14"><span class='ocrx_word' id='word_1_574' title='bbox 176 4203 420 4275; x_wconf 83' lang='lat' dir='ltr'><strong>corporis</strong></span> <span class='ocrx_word' id='word_1_575' title='bbox 450 4200 555 4265; x_wconf 90' lang='lat' dir='ltr'><strong>sui,</strong></span> <span class='ocrx_word' id='word_1_576' title='bbox 587 4205 641 4253; x_wconf 88' lang='lat' dir='ltr'><strong>et</strong></span> <span class='ocrx_word' id='word_1_577' title='bbox 669 4196 810 4252; x_wconf 84' lang='lat' dir='ltr'><strong>sicut</strong></span> <span class='ocrx_word' id='word_1_578' title='bbox 830 4193 903 4248; x_wconf 82' lang='lat' dir='ltr'><strong>ilii</strong></span> <span class='ocrx_word' id='word_1_579' title='bbox 930 4191 1041 4261; x_wconf 89' lang='lat' dir='ltr'><strong>jam</strong></span> <span class='ocrx_word' id='word_1_580' title='bbox 1081 4204 1203 4245; x_wconf 90' lang='lat' dir='ltr'><strong>cum</strong></span> <span class='ocrx_word' id='word_1_581' title='bbox 1236 4187 1328 4243; x_wconf 80' lang='lat' dir='ltr'><strong>iiio</strong></span> <span class='ocrx_word' id='word_1_582' title='bbox 1352 4194 1480 4242; x_wconf 89' lang='lat' dir='ltr'><strong>sunt</strong></span> <span class='ocrx_word' id='word_1_583' title='bbox 1500 4187 1555 4241; x_wconf 89' lang='lat' dir='ltr'><strong>in</strong></span> <span class='ocrx_word' id='word_1_584' title='bbox 1587 4202 1669 4252; x_wconf 91' lang='lat' dir='ltr'><strong>re,</strong></span> <span class='ocrx_word' id='word_1_585' title='bbox 1696 4186 1773 4242; x_wconf 89' lang='lat' dir='ltr'><strong>ita</strong></span> 
     </span>
    </p>
   </div>
   <div class='ocr_carea' id='block_1_72' title="bbox 1882 3449 3460 3533">
    <p class='ocr_par' dir='ltr' id='par_1_72' title="bbox 1882 3449 3460 3533">
     <span class='ocr_line' id='line_1_72' title="bbox 1882 3449 3460 3533; baseline -0.012 -17"><span class='ocrx_word' id='word_1_586' title='bbox 1882 3461 2012 3518; x_wconf 86' lang='lat' dir='ltr'><strong>Voce</strong></span> <span class='ocrx_word' id='word_1_587' title='bbox 2040 3476 2230 3533; x_wconf 86' lang='lat' dir='ltr'><strong>magna</strong></span> <span class='ocrx_word' id='word_1_588' title='bbox 2261 3458 2529 3513; x_wconf 86' lang='lat' dir='ltr'><strong>dicentes:</strong></span> <span class='ocrx_word' id='word_1_589' title='bbox 2556 3452 2854 3525; x_wconf 82' lang='lat' dir='ltr'><strong>Usquequo,</strong></span> <span class='ocrx_word' id='word_1_590' title='bbox 2893 3449 3136 3513; x_wconf 81' lang='lat' dir='ltr'><strong>Domine,</strong></span> <span class='ocrx_word' id='word_1_591' title='bbox 3175 3453 3389 3501; x_wconf 80' lang='lat' dir='ltr'><strong>sanctus</strong></span> <span class='ocrx_word' id='word_1_592' title='bbox 3411 3450 3460 3498; x_wconf 89' lang='lat' dir='ltr'><strong>et</strong></span> 
     </span>
    </p>
   </div>
   <div class='ocr_carea' id='block_1_73' title="bbox 1868 3542 3458 3623">
    <p class='ocr_par' dir='ltr' id='par_1_73' title="bbox 1868 3542 3458 3623">
     <span class='ocr_line' id='line_1_73' title="bbox 1868 3542 3458 3623; baseline -0.014 -12"><span class='ocrx_word' id='word_1_593' title='bbox 1868 3571 2021 3611; x_wconf 87' lang='lat' dir='ltr'><strong>verus</strong></span> <span class='ocrx_word' id='word_1_594' title='bbox 2056 3570 2159 3608; x_wconf 84' lang='lat' dir='ltr'><strong>non</strong></span> <span class='ocrx_word' id='word_1_595' title='bbox 2177 3551 2394 3623; x_wconf 87' lang='lat' dir='ltr'><strong>judicas</strong></span> <span class='ocrx_word' id='word_1_596' title='bbox 2419 3559 2467 3604; x_wconf 86' lang='lat' dir='ltr'><strong>et</strong></span> <span class='ocrx_word' id='word_1_597' title='bbox 2502 3564 2605 3603; x_wconf 86' lang='lat' dir='ltr'><strong>non</strong></span> <span class='ocrx_word' id='word_1_598' title='bbox 2629 3545 2862 3601; x_wconf 83' lang='lat' dir='ltr'><strong>vindicas</strong></span> <span class='ocrx_word' id='word_1_599' title='bbox 2884 3542 3187 3613; x_wconf 84' lang='lat' dir='ltr'><strong>sanguinem</strong></span> <span class='ocrx_word' id='word_1_600' title='bbox 3221 3548 3458 3593; x_wconf 79' lang='lat' dir='ltr'><strong>nostrum</strong></span> 
     </span>
    </p>
   </div>
   <div class='ocr_carea' id='block_1_74' title="bbox 1868 3629 3462 3718">
    <p class='ocr_par' dir='ltr' id='par_1_74' title="bbox 1868 3629 3462 3718">
     <span class='ocr_line' id='line_1_74' title="bbox 1868 3629 3462 3718; baseline -0.014 -14"><span class='ocrx_word' id='word_1_601' title='bbox 1868 3648 1933 3704; x_wconf 86' lang='lat' dir='ltr'><strong>de</strong></span> <span class='ocrx_word' id='word_1_602' title='bbox 1973 3646 2054 3703; x_wconf 85' lang='lat' dir='ltr'><strong>his</strong></span> <span class='ocrx_word' id='word_1_603' title='bbox 2087 3646 2177 3718; x_wconf 86' lang='lat' dir='ltr'><strong>qui</strong></span> <span class='ocrx_word' id='word_1_604' title='bbox 2220 3643 2458 3700; x_wconf 84' lang='lat' dir='ltr'><strong>habitant</strong></span> <span class='ocrx_word' id='word_1_605' title='bbox 2491 3643 2546 3695; x_wconf 86' lang='lat' dir='ltr'><strong>in</strong></span> <span class='ocrx_word' id='word_1_606' title='bbox 2584 3636 2764 3694; x_wconf 73' lang='lat' dir='ltr'><strong>terra?</strong></span> <span class='ocrx_word' id='word_1_607' title='bbox 2801 3634 3040 3704; x_wconf 59' lang='lat' dir='ltr'><strong>Quaestio</strong></span> <span class='ocrx_word' id='word_1_608' title='bbox 3066 3632 3241 3688; x_wconf 87' lang='lat' dir='ltr'><strong>oritur</strong></span> <span class='ocrx_word' id='word_1_609' title='bbox 3269 3630 3324 3685; x_wconf 91' lang='lat' dir='ltr'><strong>in</strong></span> <span class='ocrx_word' id='word_1_610' title='bbox 3355 3629 3462 3684; x_wconf 86' lang='lat' dir='ltr'><strong>hoc</strong></span> 
     </span>
    </p>
   </div>
   <div class='ocr_carea' id='block_1_75' title="bbox 1871 3714 3465 3804">
    <p class='ocr_par' dir='ltr' id='par_1_75' title="bbox 1871 3714 3465 3804">
     <span class='ocr_line' id='line_1_75' title="bbox 1871 3714 3465 3804; baseline -0.013 -11"><span class='ocrx_word' id='word_1_611' title='bbox 1871 3739 2012 3804; x_wconf 88' lang='lat' dir='ltr'><strong>loco,</strong></span> <span class='ocrx_word' id='word_1_612' title='bbox 2046 3752 2145 3792; x_wconf 88' lang='lat' dir='ltr'><strong>cur</strong></span> <span class='ocrx_word' id='word_1_613' title='bbox 2172 3734 2347 3791; x_wconf 88' lang='lat' dir='ltr'><strong>sancti</strong></span> <span class='ocrx_word' id='word_1_614' title='bbox 2367 3730 2481 3803; x_wconf 77' lang='lat' dir='ltr'><strong>jam</strong></span> <span class='ocrx_word' id='word_1_615' title='bbox 2522 3745 2645 3787; x_wconf 91' lang='lat' dir='ltr'><strong>cum</strong></span> <span class='ocrx_word' id='word_1_616' title='bbox 2674 3726 2902 3783; x_wconf 91' lang='lat' dir='ltr'><strong>Domino</strong></span> <span class='ocrx_word' id='word_1_617' title='bbox 2937 3731 3241 3786; x_wconf 87' lang='lat' dir='ltr'><strong>manentes,</strong></span> <span class='ocrx_word' id='word_1_618' title='bbox 3285 3714 3465 3774; x_wconf 81' lang='lat' dir='ltr'><strong>vindi-</strong></span> 
     </span>
    </p>
   </div>
   <div class='ocr_carea' id='block_1_76' title="bbox 1872 3810 3465 3890">
    <p class='ocr_par' dir='ltr' id='par_1_76' title="bbox 1872 3810 3465 3890">
     <span class='ocr_line' id='line_1_76' title="bbox 1872 3810 3465 3890; baseline -0.013 -8"><span class='ocrx_word' id='word_1_619' title='bbox 1872 3836 2017 3882; x_wconf 88' lang='lat' dir='ltr'><strong>ctam</strong></span> <span class='ocrx_word' id='word_1_620' title='bbox 2048 3827 2113 3881; x_wconf 90' lang='lat' dir='ltr'><strong>de</strong></span> <span class='ocrx_word' id='word_1_621' title='bbox 2144 3823 2380 3879; x_wconf 89' lang='lat' dir='ltr'><strong>inimicis</strong></span> <span class='ocrx_word' id='word_1_622' title='bbox 2400 3827 2674 3890; x_wconf 77' lang='lat' dir='ltr'><strong>expetant,</strong></span> <span class='ocrx_word' id='word_1_623' title='bbox 2700 3831 2826 3871; x_wconf 89' lang='lat' dir='ltr'><strong>cum</strong></span> <span class='ocrx_word' id='word_1_624' title='bbox 2850 3814 3110 3869; x_wconf 88' lang='lat' dir='ltr'><strong>Dominus</strong></span> <span class='ocrx_word' id='word_1_625' title='bbox 3136 3812 3193 3866; x_wconf 83' lang='lat' dir='ltr'><strong>in</strong></span> <span class='ocrx_word' id='word_1_626' title='bbox 3222 3810 3465 3880; x_wconf 78' lang='lat' dir='ltr'><strong>Evange-</strong></span> 
     </span>
    </p>
   </div>
   <div class='ocr_carea' id='block_1_77' title="bbox 1873 3909 3466 3983">
    <p class='ocr_par' dir='ltr' id='par_1_77' title="bbox 1873 3909 3466 3983">
     <span class='ocr_line' id='line_1_77' title="bbox 1873 3909 3466 3983; baseline -0.013 -13"><span class='ocrx_word' id='word_1_627' title='bbox 1873 3916 1947 3972; x_wconf 90' lang='lat' dir='ltr'><strong>lio</strong></span> <span class='ocrx_word' id='word_1_628' title='bbox 1971 3914 2115 3970; x_wconf 90' lang='lat' dir='ltr'><strong>dicat</strong></span> <span class='ocrx_word' id='word_1_629' title='bbox 2145 3929 2161 3967; x_wconf 89' lang='lat'><strong>:</strong></span> <span class='ocrx_word' id='word_1_630' title='bbox 2190 3912 2406 3983; x_wconf 84' lang='lat' dir='ltr'><strong>Diligite</strong></span> <span class='ocrx_word' id='word_1_631' title='bbox 2431 3909 2672 3962; x_wconf 78' lang='lat' dir='ltr'><strong>inimicos</strong></span> <span class='ocrx_word' id='word_1_632' title='bbox 2696 3913 2913 3968; x_wconf 79' lang='lat' dir='ltr'><strong>uestros,</strong></span> <span class='ocrx_word' id='word_1_633' title='bbox 2937 3912 2984 3956; x_wconf 87' lang='lat' dir='ltr'><strong>et</strong></span> <span class='ocrx_word' id='word_1_634' title='bbox 3010 3910 3157 3955; x_wconf 81' lang='lat' dir='ltr'><strong>orate</strong></span> <span class='ocrx_word' id='word_1_635' title='bbox 3179 3914 3273 3969; x_wconf 82' lang='lat' dir='ltr'><strong>pro</strong></span> <span class='ocrx_word' id='word_1_636' title='bbox 3295 3914 3466 3966; x_wconf 80' lang='lat' dir='ltr'><strong>perse-</strong></span> 
     </span>
    </p>
   </div>
   <div class='ocr_carea' id='block_1_78' title="bbox 1873 3986 3461 4079">
    <p class='ocr_par' dir='ltr' id='par_1_78' title="bbox 1873 3986 3461 4079">
     <span class='ocr_line' id='line_1_78' title="bbox 1873 3986 3461 4079; baseline -0.014 -17"><span class='ocrx_word' id='word_1_637' title='bbox 1873 4003 2150 4079; x_wconf 83' lang='lat' dir='ltr'><strong>quentibus</strong></span> <span class='ocrx_word' id='word_1_638' title='bbox 2176 4011 2223 4056; x_wconf 90' lang='lat' dir='ltr'><strong>et</strong></span> <span class='ocrx_word' id='word_1_639' title='bbox 2254 3995 2700 4054; x_wconf 79' lang='lat' dir='ltr'><strong>calumniantibus</strong></span> <span class='ocrx_word' id='word_1_640' title='bbox 2727 3991 2979 4063; x_wconf 77' lang='lat' dir='ltr'><strong>vos(Luc.</strong></span> <span class='ocrx_word' id='word_1_641' title='bbox 3005 3988 3122 4061; x_wconf 69' lang='lat' dir='ltr'><strong>vi)?</strong></span> <span class='ocrx_word' id='word_1_642' title='bbox 3142 3986 3252 4042; x_wconf 82' lang='lat' dir='ltr'><strong>Sed</strong></span> <span class='ocrx_word' id='word_1_643' title='bbox 3277 3987 3461 4041; x_wconf 35' lang='lat' dir='ltr'><strong>sciens</strong></span> 
     </span>
    </p>
   </div>
   <div class='ocr_carea' id='block_1_79' title="bbox 1875 4079 3456 4166">
    <p class='ocr_par' dir='ltr' id='par_1_79' title="bbox 1875 4079 3456 4166">
     <span class='ocr_line' id='line_1_79' title="bbox 1875 4079 3456 4166; baseline -0.013 -13"><span class='ocrx_word' id='word_1_644' title='bbox 1875 4098 2005 4154; x_wconf 91' lang='lat' dir='ltr'><strong>dum</strong></span> <span class='ocrx_word' id='word_1_645' title='bbox 2022 4095 2147 4166; x_wconf 90' lang='lat' dir='ltr'><strong>quia</strong></span> <span class='ocrx_word' id='word_1_646' title='bbox 2168 4092 2242 4148; x_wconf 93' lang='lat' dir='ltr'><strong>illi</strong></span> <span class='ocrx_word' id='word_1_647' title='bbox 2256 4090 2429 4146; x_wconf 88' lang='lat' dir='ltr'><strong>sancti</strong></span> <span class='ocrx_word' id='word_1_648' title='bbox 2436 4088 2547 4157; x_wconf 89' lang='lat' dir='ltr'><strong>jam</strong></span> <span class='ocrx_word' id='word_1_649' title='bbox 2562 4088 2616 4141; x_wconf 89' lang='lat' dir='ltr'><strong>in</strong></span> <span class='ocrx_word' id='word_1_650' title='bbox 2633 4092 2927 4155; x_wconf 89' lang='lat' dir='ltr'><strong>conspectu</strong></span> <span class='ocrx_word' id='word_1_651' title='bbox 2938 4080 3216 4137; x_wconf 86' lang='lat' dir='ltr'><strong>Creatoris</strong></span> <span class='ocrx_word' id='word_1_652' title='bbox 3238 4079 3322 4135; x_wconf 90' lang='lat' dir='ltr'><strong>sui</strong></span> <span class='ocrx_word' id='word_1_653' title='bbox 3336 4093 3456 4133; x_wconf 82' lang='lat' dir='ltr'><strong>con-</strong></span> 
     </span>
    </p>
   </div>
   <div class='ocr_carea' id='block_1_80' title="bbox 1877 4170 3465 4255">
    <p class='ocr_par' dir='ltr' id='par_1_80' title="bbox 1877 4170 3465 4255">
     <span class='ocr_line' id='line_1_80' title="bbox 1877 4170 3465 4255; baseline -0.014 -7"><span class='ocrx_word' id='word_1_654' title='bbox 1877 4192 2152 4255; x_wconf 85' lang='lat' dir='ltr'><strong>sistentes,</strong></span> <span class='ocrx_word' id='word_1_655' title='bbox 2169 4186 2355 4241; x_wconf 88' lang='lat' dir='ltr'><strong>vident</strong></span> <span class='ocrx_word' id='word_1_656' title='bbox 2368 4181 2703 4237; x_wconf 83' lang='lat' dir='ltr'><strong>voluntatem</strong></span> <span class='ocrx_word' id='word_1_657' title='bbox 2719 4176 2885 4242; x_wconf 88' lang='lat' dir='ltr'><strong>illius,</strong></span> <span class='ocrx_word' id='word_1_658' title='bbox 2898 4184 2955 4231; x_wconf 86' lang='lat' dir='ltr'><strong>et</strong></span> <span class='ocrx_word' id='word_1_659' title='bbox 2968 4170 3167 4230; x_wconf 73' lang='lat' dir='ltr'><strong>ldeoab</strong></span> <span class='ocrx_word' id='word_1_660' title='bbox 3188 4173 3304 4243; x_wconf 87' lang='lat' dir='ltr'><strong>ipso</strong></span> <span class='ocrx_word' id='word_1_661' title='bbox 3323 4171 3465 4226; x_wconf 68' lang='lat' dir='ltr'><strong>accio</strong></span> 
     </span>
    </p>
   </div>
   <div class='ocr_carea' id='block_1_81' title="bbox 177 4263 3465 4361">
    <p class='ocr_par' dir='ltr' id='par_1_81' title="bbox 177 4263 3465 4361">
     <span class='ocr_line' id='line_1_81' title="bbox 177 4263 3465 4361; baseline -0.011 -9"><span class='ocrx_word' id='word_1_662' title='bbox 177 4306 233 4353; x_wconf 90' lang='lat' dir='ltr'><strong>et</strong></span> <span class='ocrx_word' id='word_1_663' title='bbox 275 4263 366 4350; x_wconf 77' lang='lat' dir='ltr'><strong>isti</strong></span> <span class='ocrx_word' id='word_1_664' title='bbox 406 4293 462 4348; x_wconf 91' lang='lat' dir='ltr'><strong>in</strong></span> <span class='ocrx_word' id='word_1_665' title='bbox 503 4263 617 4361; x_wconf 90' lang='lat' dir='ltr'><strong>spe.</strong></span> <span class='ocrx_word' id='word_1_666' title='bbox 668 4288 851 4357; x_wconf 87' lang='lat' dir='ltr'><strong>Itaque</strong></span> <span class='ocrx_word' id='word_1_667' title='bbox 892 4284 1023 4354; x_wconf 74' lang='lat' dir='ltr'><strong>ipsa:</strong></span> <span class='ocrx_word' id='word_1_668' title='bbox 1070 4282 1263 4336; x_wconf 76' lang='lat' dir='ltr'><strong>anima:</strong></span> <span class='ocrx_word' id='word_1_669' title='bbox 1305 4279 1608 4334; x_wconf 89' lang='lat' dir='ltr'><strong>occisorum</strong></span> <span class='ocrx_word' id='word_1_670' title='bbox 1649 4286 1776 4333; x_wconf 90' lang='lat' dir='ltr'><strong>sunt</strong></span> <span class='ocrx_word' id='word_1_671' title='bbox 1875 4286 2053 4358; x_wconf 82' lang='lat' dir='ltr'><strong>piunt,</strong></span> <span class='ocrx_word' id='word_1_672' title='bbox 2104 4279 2247 4352; x_wconf 88' lang='lat' dir='ltr'><strong>quod</strong></span> <span class='ocrx_word' id='word_1_673' title='bbox 2288 4289 2412 4332; x_wconf 84' lang='lat' dir='ltr'><strong>eum</strong></span> <span class='ocrx_word' id='word_1_674' title='bbox 2442 4271 2579 4329; x_wconf 81' lang='lat' dir='ltr'><strong>velle</strong></span> <span class='ocrx_word' id='word_1_675' title='bbox 2609 4268 2792 4326; x_wconf 83' lang='lat' dir='ltr'><strong>facere</strong></span> <span class='ocrx_word' id='word_1_676' title='bbox 2830 4273 3118 4332; x_wconf 85' lang='lat' dir='ltr'><strong>noverunt,</strong></span> <span class='ocrx_word' id='word_1_677' title='bbox 3152 4272 3208 4319; x_wconf 86' lang='lat' dir='ltr'><strong>et</strong></span> <span class='ocrx_word' id='word_1_678' title='bbox 3237 4264 3304 4319; x_wconf 90' lang='lat' dir='ltr'><strong>de</strong></span> <span class='ocrx_word' id='word_1_679' title='bbox 3349 4263 3465 4334; x_wconf 88' lang='lat' dir='ltr'><strong>ipso</strong></span> 
     </span>
    </p>
   </div>
   <div class='ocr_carea' id='block_1_82' title="bbox 178 4355 3468 4453">
    <p class='ocr_par' dir='ltr' id='par_1_82' title="bbox 178 4355 3468 4453">
     <span class='ocr_line' id='line_1_82' title="bbox 178 4355 3468 4453; baseline -0.012 -11"><span class='ocrx_word' id='word_1_680' title='bbox 178 4389 383 4453; x_wconf 85' lang='lat' dir='ltr'><strong>altare,</strong></span> <span class='ocrx_word' id='word_1_681' title='bbox 416 4393 471 4441; x_wconf 90' lang='lat' dir='ltr'><strong>et</strong></span> <span class='ocrx_word' id='word_1_682' title='bbox 500 4355 679 4438; x_wconf 75' lang='lat' dir='ltr'><strong>tamen</strong></span> <span class='ocrx_word' id='word_1_683' title='bbox 709 4355 898 4435; x_wconf 79' lang='lat' dir='ltr'><strong>subtus</strong></span> <span class='ocrx_word' id='word_1_684' title='bbox 925 4374 1096 4430; x_wconf 85' lang='lat' dir='ltr'><strong>altare</strong></span> <span class='ocrx_word' id='word_1_685' title='bbox 1116 4380 1273 4435; x_wconf 87' lang='lat' dir='ltr'><strong>sunt,</strong></span> <span class='ocrx_word' id='word_1_686' title='bbox 1307 4372 1435 4441; x_wconf 89' lang='lat' dir='ltr'><strong>quia</strong></span> <span class='ocrx_word' id='word_1_687' title='bbox 1464 4387 1563 4441; x_wconf 86' lang='lat' dir='ltr'><strong>per</strong></span> <span class='ocrx_word' id='word_1_688' title='bbox 1592 4369 1776 4425; x_wconf 84' lang='lat' dir='ltr'><strong>omnia</strong></span> <span class='ocrx_word' id='word_1_689' title='bbox 1877 4355 2071 4433; x_wconf 58' lang='lat' dir='ltr'><strong>bibunt</strong></span> <span class='ocrx_word' id='word_1_690' title='bbox 2107 4369 2253 4442; x_wconf 83' lang='lat' dir='ltr'><strong>quod</strong></span> <span class='ocrx_word' id='word_1_691' title='bbox 2294 4370 2363 4423; x_wconf 84' lang='lat' dir='ltr'><strong>ab</strong></span> <span class='ocrx_word' id='word_1_692' title='bbox 2398 4368 2515 4437; x_wconf 81' lang='lat' dir='ltr'><strong>ipso</strong></span> <span class='ocrx_word' id='word_1_693' title='bbox 2565 4363 2774 4420; x_wconf 78' lang='lat' dir='ltr'><strong>sitiunt.</strong></span> <span class='ocrx_word' id='word_1_694' title='bbox 2817 4359 3015 4416; x_wconf 75' lang='lat' dir='ltr'><strong>Petam</strong></span> <span class='ocrx_word' id='word_1_695' title='bbox 3064 4367 3244 4413; x_wconf 67' lang='lat' dir='ltr'><strong>autem</strong></span> <span class='ocrx_word' id='word_1_696' title='bbox 3290 4355 3468 4411; x_wconf 74' lang='lat' dir='ltr'><strong>vindi.</strong></span> 
     </span>
    </p>
   </div>
   <div class='ocr_carea' id='block_1_83' title="bbox 180 4446 1759 4549">
    <p class='ocr_par' dir='ltr' id='par_1_83' title="bbox 180 4459 1752 4549">
     <span class='ocr_line' id='line_1_83' title="bbox 180 4459 1752 4549; baseline -0.015 -12"><span class='ocrx_word' id='word_1_697' title='bbox 180 4476 450 4549; x_wconf 82' lang='lat' dir='ltr'><strong>coaequari</strong></span> <span class='ocrx_word' id='word_1_698' title='bbox 478 4473 642 4544; x_wconf 90' lang='lat' dir='ltr'><strong>capiti</strong></span> <span class='ocrx_word' id='word_1_699' title='bbox 664 4486 763 4527; x_wconf 89' lang='lat' dir='ltr'><strong>suo</strong></span> <span class='ocrx_word' id='word_1_700' title='bbox 791 4482 897 4523; x_wconf 89' lang='lat' dir='ltr'><strong>non</strong></span> <span class='ocrx_word' id='word_1_701' title='bbox 919 4471 1146 4537; x_wconf 86' lang='lat' dir='ltr'><strong>possunt</strong></span> <span class='ocrx_word' id='word_1_702' title='bbox 1174 4482 1186 4517; x_wconf 92' lang='lat'>:</span> <span class='ocrx_word' id='word_1_703' title='bbox 1215 4462 1344 4533; x_wconf 90' lang='lat' dir='ltr'><strong>quia</strong></span> <span class='ocrx_word' id='word_1_704' title='bbox 1370 4462 1484 4532; x_wconf 89' lang='lat' dir='ltr'><strong>ipse</strong></span> <span class='ocrx_word' id='word_1_705' title='bbox 1502 4471 1589 4516; x_wconf 89' lang='lat' dir='ltr'><strong>est</strong></span> <span class='ocrx_word' id='word_1_706' title='bbox 1612 4459 1752 4516; x_wconf 86' lang='lat' dir='ltr'><strong>Deus</strong></span> 
     </span>
    </p>
   </div>
   <div class='ocr_carea' id='block_1_84' title="bbox 1860 4446 3467 4549">
    <p class='ocr_par' dir='ltr' id='par_1_84' title="bbox 1880 4446 3467 4525">
     <span class='ocr_line' id='line_1_84' title="bbox 1880 4446 3467 4525; baseline -0.014 -3"><span class='ocrx_word' id='word_1_707' title='bbox 1880 4474 2021 4523; x_wconf 88' lang='lat' dir='ltr'><strong>ctam</strong></span> <span class='ocrx_word' id='word_1_708' title='bbox 2053 4465 2119 4519; x_wconf 92' lang='lat' dir='ltr'><strong>de</strong></span> <span class='ocrx_word' id='word_1_709' title='bbox 2149 4460 2386 4516; x_wconf 88' lang='lat' dir='ltr'><strong>inimicis</strong></span> <span class='ocrx_word' id='word_1_710' title='bbox 2411 4455 2622 4512; x_wconf 90' lang='lat' dir='ltr'><strong>duobus</strong></span> <span class='ocrx_word' id='word_1_711' title='bbox 2649 4453 2842 4518; x_wconf 89' lang='lat' dir='ltr'><strong>modis,</strong></span> <span class='ocrx_word' id='word_1_712' title='bbox 2860 4459 2923 4525; x_wconf 81' lang='lat' dir='ltr'><strong>et</strong></span> <span class='ocrx_word' id='word_1_713' title='bbox 2950 4451 3054 4506; x_wconf 82' lang='lat' dir='ltr'><strong>hoc</strong></span> <span class='ocrx_word' id='word_1_714' title='bbox 3074 4462 3245 4505; x_wconf 83' lang='lat' dir='ltr'><strong>causa</strong></span> <span class='ocrx_word' id='word_1_715' title='bbox 3281 4446 3467 4503; x_wconf 80' lang='lat' dir='ltr'><strong>chari-</strong></span> 
     </span>
    </p>
   </div>
   <div class='ocr_carea' id='block_1_85' title="bbox 181 4535 3468 4633">
    <p class='ocr_par' dir='ltr' id='par_1_85' title="bbox 181 4535 3468 4633">
     <span class='ocr_line' id='line_1_85' title="bbox 181 4535 3468 4633; baseline -0.013 0"><span class='ocrx_word' id='word_1_716' title='bbox 181 4575 257 4633; x_wconf 91' lang='lat' dir='ltr'><strong>illi</strong></span> <span class='ocrx_word' id='word_1_717' title='bbox 298 4535 588 4628; x_wconf 66' lang='lat' dir='ltr'><strong>homines:</strong></span> <span class='ocrx_word' id='word_1_718' title='bbox 639 4564 730 4621; x_wconf 88' lang='lat' dir='ltr'><strong>ille</strong></span> <span class='ocrx_word' id='word_1_719' title='bbox 761 4535 1056 4626; x_wconf 78' lang='lat' dir='ltr'><strong>Dominus,</strong></span> <span class='ocrx_word' id='word_1_720' title='bbox 1107 4558 1195 4613; x_wconf 90' lang='lat' dir='ltr'><strong>isti</strong></span> <span class='ocrx_word' id='word_1_721' title='bbox 1241 4556 1406 4612; x_wconf 89' lang='lat' dir='ltr'><strong>servi.</strong></span> <span class='ocrx_word' id='word_1_722' title='bbox 1446 4554 1682 4624; x_wconf 87' lang='lat' dir='ltr'><strong>ideoque</strong></span> <span class='ocrx_word' id='word_1_723' title='bbox 1724 4561 1780 4609; x_wconf 91' lang='lat' dir='ltr'><strong>et</strong></span> <span class='ocrx_word' id='word_1_724' title='bbox 1881 4557 2032 4622; x_wconf 78' lang='lat' dir='ltr'><strong>tatis,</strong></span> <span class='ocrx_word' id='word_1_725' title='bbox 2062 4563 2123 4610; x_wconf 87' lang='lat' dir='ltr'><strong>ut</strong></span> <span class='ocrx_word' id='word_1_726' title='bbox 2151 4552 2361 4609; x_wconf 88' lang='lat' dir='ltr'><strong>scilicet</strong></span> <span class='ocrx_word' id='word_1_727' title='bbox 2389 4548 2481 4620; x_wconf 87' lang='lat' dir='ltr'><strong>qui</strong></span> <span class='ocrx_word' id='word_1_728' title='bbox 2511 4546 2579 4602; x_wconf 86' lang='lat' dir='ltr'><strong>ad</strong></span> <span class='ocrx_word' id='word_1_729' title='bbox 2605 4545 2774 4599; x_wconf 77' lang='lat' dir='ltr'><strong>vitam</strong></span> <span class='ocrx_word' id='word_1_730' title='bbox 2809 4553 3071 4598; x_wconf 66' lang='lat' dir='ltr'><strong>aeternam</strong></span> <span class='ocrx_word' id='word_1_731' title='bbox 3096 4535 3468 4611; x_wconf 70' lang='lat' dir='ltr'><strong>prmdestinati</strong></span> 
     </span>
    </p>
   </div>
   <div class='ocr_carea' id='block_1_86' title="bbox 182 4628 3577 4751">
    <p class='ocr_par' dir='ltr' id='par_1_86' title="bbox 182 4628 3577 4751">
     <span class='ocr_line' id='line_1_86' title="bbox 182 4628 3577 4751; baseline -0.012 -29"><span class='ocrx_word' id='word_1_732' title='bbox 182 4668 352 4723; x_wconf 88' lang='lat' dir='ltr'><strong>altare</strong></span> <span class='ocrx_word' id='word_1_733' title='bbox 381 4657 685 4729; x_wconf 89' lang='lat' dir='ltr'><strong>suntcapiti</strong></span> <span class='ocrx_word' id='word_1_734' title='bbox 714 4669 814 4712; x_wconf 87' lang='lat' dir='ltr'><strong>suo</strong></span> <span class='ocrx_word' id='word_1_735' title='bbox 836 4651 1111 4722; x_wconf 83' lang='lat' dir='ltr'><strong>conjuncti</strong></span> <span class='ocrx_word' id='word_1_736' title='bbox 1145 4667 1158 4704; x_wconf 90' lang='lat'>:</span> <span class='ocrx_word' id='word_1_737' title='bbox 1195 4657 1249 4704; x_wconf 90' lang='lat' dir='ltr'><strong>et</strong></span> <span class='ocrx_word' id='word_1_738' title='bbox 1275 4648 1379 4703; x_wconf 89' lang='lat' dir='ltr'><strong>sub</strong></span> <span class='ocrx_word' id='word_1_739' title='bbox 1404 4647 1605 4713; x_wconf 82' lang='lat' dir='ltr'><strong>altare,</strong></span> <span class='ocrx_word' id='word_1_740' title='bbox 1648 4645 1776 4717; x_wconf 90' lang='lat' dir='ltr'><strong>quia</strong></span> <span class='ocrx_word' id='word_1_741' title='bbox 1802 4689 1857 4751; x_wconf 64' lang='grc' dir='ltr'><strong>Β</strong></span> <span class='ocrx_word' id='word_1_742' title='bbox 1882 4657 2030 4713; x_wconf 87' lang='lat' dir='ltr'><strong>sunt,</strong></span> <span class='ocrx_word' id='word_1_743' title='bbox 2051 4650 2438 4703; x_wconf 81' lang='lat' dir='ltr'><strong>convertantur</strong></span> <span class='ocrx_word' id='word_1_744' title='bbox 2467 4654 2498 4694; x_wconf 88' lang='lat' dir='ltr'><strong>a</strong></span> <span class='ocrx_word' id='word_1_745' title='bbox 2525 4636 2668 4692; x_wconf 85' lang='lat' dir='ltr'><strong>malo</strong></span> <span class='ocrx_word' id='word_1_746' title='bbox 2697 4633 2766 4690; x_wconf 82' lang='lat' dir='ltr'><strong>ad</strong></span> <span class='ocrx_word' id='word_1_747' title='bbox 2792 4633 3014 4690; x_wconf 89' lang='lat' dir='ltr'><strong>bonum.</strong></span> <span class='ocrx_word' id='word_1_748' title='bbox 3044 4632 3149 4699; x_wconf 82' lang='lat' dir='ltr'><strong>Qui</strong></span> <span class='ocrx_word' id='word_1_749' title='bbox 3173 4642 3302 4685; x_wconf 82' lang='lat' dir='ltr'><strong>vero</strong></span> <span class='ocrx_word' id='word_1_750' title='bbox 3328 4643 3469 4699; x_wconf 55' lang='lat' dir='ltr'><strong>prie.</strong></span> <span class='ocrx_word' id='word_1_751' title='bbox 3574 4628 3577 4629; x_wconf 65' lang='grc'><strong><em>⁷</em></strong></span> 
     </span>
    </p>
   </div>
   <div class='ocr_carea' id='block_1_87' title="bbox 183 4728 3467 4827">
    <p class='ocr_par' dir='ltr' id='par_1_87' title="bbox 183 4728 3467 4827">
     <span class='ocr_line' id='line_1_87' title="bbox 183 4728 3467 4827; baseline -0.012 -11"><span class='ocrx_word' id='word_1_752' title='bbox 183 4777 289 4817; x_wconf 87' lang='lat' dir='ltr'><strong>non</strong></span> <span class='ocrx_word' id='word_1_753' title='bbox 316 4757 388 4813; x_wconf 92' lang='lat' dir='ltr'><strong>illi</strong></span> <span class='ocrx_word' id='word_1_754' title='bbox 414 4770 511 4827; x_wconf 88' lang='lat' dir='ltr'><strong>per</strong></span> <span class='ocrx_word' id='word_1_755' title='bbox 527 4728 712 4809; x_wconf 86' lang='lat' dir='ltr'><strong>omnia</strong></span> <span class='ocrx_word' id='word_1_756' title='bbox 738 4755 1110 4819; x_wconf 75' lang='lat' dir='ltr'><strong>coaequantur.</strong></span> <span class='ocrx_word' id='word_1_757' title='bbox 1144 4744 1318 4799; x_wconf 80' lang='lat' dir='ltr'><strong>Aliter</strong></span> <span class='ocrx_word' id='word_1_758' title='bbox 1348 4760 1361 4797; x_wconf 76' lang='grc' dir='ltr'><em>τ</em></span> <span class='ocrx_word' id='word_1_759' title='bbox 1402 4742 1506 4814; x_wconf 89' lang='lat' dir='ltr'><strong>ipsi</strong></span> <span class='ocrx_word' id='word_1_760' title='bbox 1532 4741 1624 4813; x_wconf 87' lang='lat' dir='ltr'><strong>qui</strong></span> <span class='ocrx_word' id='word_1_761' title='bbox 1651 4748 1780 4797; x_wconf 92' lang='lat' dir='ltr'><strong>sunt</strong></span> <span class='ocrx_word' id='word_1_762' title='bbox 1805 4728 1857 4751; x_wconf 69' lang='grc' dir='ltr'><em>ν</em></span> <span class='ocrx_word' id='word_1_763' title='bbox 1883 4744 2089 4802; x_wconf 80' lang='lat' dir='ltr'><strong>sciente</strong></span> <span class='ocrx_word' id='word_1_764' title='bbox 2143 4741 2253 4795; x_wconf 91' lang='lat' dir='ltr'><strong>Deo</strong></span> <span class='ocrx_word' id='word_1_765' title='bbox 2296 4732 2587 4792; x_wconf 88' lang='lat' dir='ltr'><strong>damnandi</strong></span> <span class='ocrx_word' id='word_1_766' title='bbox 2631 4739 2775 4797; x_wconf 88' lang='lat' dir='ltr'><strong>sunt,</strong></span> <span class='ocrx_word' id='word_1_767' title='bbox 2807 4728 3113 4784; x_wconf 79' lang='lat' dir='ltr'><strong>moriantur</strong></span> <span class='ocrx_word' id='word_1_768' title='bbox 3135 4734 3193 4781; x_wconf 85' lang='lat' dir='ltr'><strong>et</strong></span> <span class='ocrx_word' id='word_1_769' title='bbox 3239 4732 3467 4795; x_wconf 86' lang='lat' dir='ltr'><strong>peccare</strong></span> 
     </span>
    </p>
   </div>
   <div class='ocr_carea' id='block_1_88' title="bbox 184 4818 3470 4915">
    <p class='ocr_par' dir='ltr' id='par_1_88' title="bbox 184 4818 3470 4915">
     <span class='ocr_line' id='line_1_88' title="bbox 184 4818 3470 4915; baseline -0.012 -7"><span class='ocrx_word' id='word_1_770' title='bbox 184 4854 374 4915; x_wconf 86' lang='lat' dir='ltr'><strong>altare,</strong></span> <span class='ocrx_word' id='word_1_771' title='bbox 403 4847 593 4903; x_wconf 90' lang='lat' dir='ltr'><strong>subtus</strong></span> <span class='ocrx_word' id='word_1_772' title='bbox 615 4843 784 4897; x_wconf 89' lang='lat' dir='ltr'><strong>altare</strong></span> <span class='ocrx_word' id='word_1_773' title='bbox 810 4818 956 4905; x_wconf 77' lang='lat' dir='ltr'><strong>sunt,</strong></span> <span class='ocrx_word' id='word_1_774' title='bbox 977 4840 1082 4895; x_wconf 90' lang='lat' dir='ltr'><strong>hoc</strong></span> <span class='ocrx_word' id='word_1_775' title='bbox 1102 4844 1217 4901; x_wconf 83' lang='lat' dir='ltr'><strong>est,</strong></span> <span class='ocrx_word' id='word_1_776' title='bbox 1249 4835 1348 4890; x_wconf 85' lang='lat' dir='ltr'><strong>sub</strong></span> <span class='ocrx_word' id='word_1_777' title='bbox 1374 4848 1434 4889; x_wconf 89' lang='lat' dir='ltr'><strong>se</strong></span> <span class='ocrx_word' id='word_1_778' title='bbox 1452 4874 1465 4899; x_wconf 90' lang='lat'><strong>,</strong></span> <span class='ocrx_word' id='word_1_779' title='bbox 1490 4832 1617 4904; x_wconf 86' lang='lat' dir='ltr'><strong>quia</strong></span> <span class='ocrx_word' id='word_1_780' title='bbox 1647 4846 1780 4887; x_wconf 84' lang='lat' dir='ltr'><strong>non-</strong></span> <span class='ocrx_word' id='word_1_781' title='bbox 1885 4839 2171 4903; x_wconf 66' lang='lat' dir='ltr'><strong>desistam,</strong></span> <span class='ocrx_word' id='word_1_782' title='bbox 2220 4842 2280 4901; x_wconf 75' lang='lat' dir='ltr'><strong>ut</strong></span> <span class='ocrx_word' id='word_1_783' title='bbox 2323 4839 2448 4902; x_wconf 78' lang='lat' dir='ltr'><strong>post</strong></span> <span class='ocrx_word' id='word_1_784' title='bbox 2493 4830 2596 4885; x_wconf 85' lang='lat' dir='ltr'><strong>hoc</strong></span> <span class='ocrx_word' id='word_1_785' title='bbox 2633 4827 2898 4883; x_wconf 81' lang='lat' dir='ltr'><strong>minorem</strong></span> <span class='ocrx_word' id='word_1_786' title='bbox 2929 4838 3143 4895; x_wconf 67' lang='lat' dir='ltr'><strong>pmnam</strong></span> <span class='ocrx_word' id='word_1_787' title='bbox 3170 4822 3223 4874; x_wconf 84' lang='lat' dir='ltr'><strong>in</strong></span> <span class='ocrx_word' id='word_1_788' title='bbox 3257 4818 3470 4875; x_wconf 77' lang='lat' dir='ltr'><strong>inferno</strong></span> 
     </span>
    </p>
   </div>
   <div class='ocr_carea' id='block_1_89' title="bbox 185 4913 3472 5014">
    <p class='ocr_par' dir='ltr' id='par_1_89' title="bbox 185 4913 3472 5014">
     <span class='ocr_line' id='line_1_89' title="bbox 185 4913 3472 5014; baseline -0.016 -11"><span class='ocrx_word' id='word_1_789' title='bbox 185 4950 312 5003; x_wconf 83' lang='lat' dir='ltr'><strong>dum</strong></span> <span class='ocrx_word' id='word_1_790' title='bbox 354 4944 718 5014; x_wconf 89' lang='lat' dir='ltr'><strong>pervenerunt</strong></span> <span class='ocrx_word' id='word_1_791' title='bbox 754 4934 821 4989; x_wconf 88' lang='lat' dir='ltr'><strong>ad</strong></span> <span class='ocrx_word' id='word_1_792' title='bbox 855 4948 975 4988; x_wconf 88' lang='lat' dir='ltr'><strong>eam</strong></span> <span class='ocrx_word' id='word_1_793' title='bbox 1015 4930 1241 5000; x_wconf 84' lang='lat' dir='ltr'><strong>gloriam</strong></span> <span class='ocrx_word' id='word_1_794' title='bbox 1278 4928 1345 4983; x_wconf 94' lang='lat' dir='ltr'><strong>ad</strong></span> <span class='ocrx_word' id='word_1_795' title='bbox 1374 4939 1537 4996; x_wconf 92' lang='lat' dir='ltr'><strong>quam</strong></span> <span class='ocrx_word' id='word_1_796' title='bbox 1566 4921 1782 4980; x_wconf 85' lang='lat' dir='ltr'><strong>venturi</strong></span> <span class='ocrx_word' id='word_1_797' title='bbox 1883 4931 2141 4996; x_wconf 61' lang='lat' dir='ltr'><strong>habeam,</strong></span> <span class='ocrx_word' id='word_1_798' title='bbox 2169 4928 2257 4983; x_wconf 73' lang='lat' dir='ltr'><strong>ubi</strong></span> <span class='ocrx_word' id='word_1_799' title='bbox 2288 4922 2657 4994; x_wconf 72' lang='lat' dir='ltr'><strong>unusquisque</strong></span> <span class='ocrx_word' id='word_1_800' title='bbox 2686 4918 2979 4975; x_wconf 70' lang='lat' dir='ltr'><strong>secundum</strong></span> <span class='ocrx_word' id='word_1_801' title='bbox 3007 4913 3322 4986; x_wconf 53' lang='lat' dir='ltr'><strong>qualitatem</strong></span> <span class='ocrx_word' id='word_1_802' title='bbox 3340 4927 3472 4983; x_wconf 73' lang='lat' dir='ltr'><strong>ope-</strong></span> 
     </span>
    </p>
   </div>
   <div class='ocr_carea' id='block_1_90' title="bbox 187 5000 3473 5102">
    <p class='ocr_par' dir='ltr' id='par_1_90' title="bbox 187 5000 3473 5102">
     <span class='ocr_line' id='line_1_90' title="bbox 187 5000 3473 5102; baseline -0.014 -11"><span class='ocrx_word' id='word_1_803' title='bbox 187 5046 351 5100; x_wconf 88' lang='lat' dir='ltr'><strong>sunt,</strong></span> <span class='ocrx_word' id='word_1_804' title='bbox 396 5031 613 5102; x_wconf 90' lang='lat' dir='ltr'><strong>quando</strong></span> <span class='ocrx_word' id='word_1_805' title='bbox 659 5034 821 5083; x_wconf 89' lang='lat' dir='ltr'><strong>erunt</strong></span> <span class='ocrx_word' id='word_1_806' title='bbox 866 5022 1069 5079; x_wconf 89' lang='lat' dir='ltr'><strong>similes</strong></span> <span class='ocrx_word' id='word_1_807' title='bbox 1118 5018 1323 5091; x_wconf 84' lang='lat' dir='ltr'><strong>angelis</strong></span> <span class='ocrx_word' id='word_1_808' title='bbox 1366 5017 1485 5073; x_wconf 83' lang='lat' dir='ltr'><strong>Dei.</strong></span> <span class='ocrx_word' id='word_1_809' title='bbox 1540 5016 1779 5071; x_wconf 82' lang='lat' dir='ltr'><strong>Divisum</strong></span> <span class='ocrx_word' id='word_1_810' title='bbox 1887 5041 2008 5083; x_wconf 68' lang='lat' dir='ltr'><strong>rum</strong></span> <span class='ocrx_word' id='word_1_811' title='bbox 2040 5020 2327 5080; x_wconf 61' lang='lat' dir='ltr'><strong>sustinebit</strong></span> <span class='ocrx_word' id='word_1_812' title='bbox 2355 5015 2777 5088; x_wconf 60' lang='lat' dir='ltr'><strong>magnitudinem</strong></span> <span class='ocrx_word' id='word_1_813' title='bbox 2828 5024 3132 5082; x_wconf 56' lang='lat' dir='ltr'><strong>pugnarum,</strong></span> <span class='ocrx_word' id='word_1_814' title='bbox 3172 5000 3328 5075; x_wconf 74' lang='lat' dir='ltr'><strong>Quod</strong></span> <span class='ocrx_word' id='word_1_815' title='bbox 3380 5020 3473 5076; x_wconf 71' lang='lat' dir='ltr'><strong>pe.</strong></span> 
     </span>
    </p>
   </div>
   <div class='ocr_carea' id='block_1_91' title="bbox 188 5099 1759 5198">
    <p class='ocr_par' dir='ltr' id='par_1_91' title="bbox 188 5099 1759 5198">
     <span class='ocr_line' id='line_1_91' title="bbox 188 5099 1759 5198; baseline -0.013 -16"><span class='ocrx_word' id='word_1_816' title='bbox 188 5129 387 5198; x_wconf 87' lang='lat' dir='ltr'><strong>quippe</strong></span> <span class='ocrx_word' id='word_1_817' title='bbox 411 5099 496 5179; x_wconf 80' lang='lat' dir='ltr'><strong>est</strong></span> <span class='ocrx_word' id='word_1_818' title='bbox 533 5121 711 5176; x_wconf 86' lang='lat' dir='ltr'><strong>adhuc</strong></span> <span class='ocrx_word' id='word_1_819' title='bbox 748 5115 1078 5173; x_wconf 87' lang='lat' dir='ltr'><strong>desiderium</strong></span> <span class='ocrx_word' id='word_1_820' title='bbox 1114 5111 1356 5176; x_wconf 89' lang='lat' dir='ltr'><strong>illorum,</strong></span> <span class='ocrx_word' id='word_1_821' title='bbox 1400 5109 1654 5181; x_wconf 90' lang='lat' dir='ltr'><strong>quoniam</strong></span> <span class='ocrx_word' id='word_1_822' title='bbox 1686 5120 1759 5162; x_wconf 28' lang='lat' dir='ltr'><strong>ex!</strong></span> 
     </span>
    </p>
   </div>
   <div class='ocr_carea' id='block_1_92' title="bbox 1860 5099 3473 5198">
    <p class='ocr_par' dir='ltr' id='par_1_92' title="bbox 1888 5099 3473 5187">
     <span class='ocr_line' id='line_1_92' title="bbox 1888 5099 3473 5187; baseline -0.015 -11"><span class='ocrx_word' id='word_1_823' title='bbox 1888 5129 2006 5176; x_wconf 88' lang='lat' dir='ltr'><strong>tere</strong></span> <span class='ocrx_word' id='word_1_824' title='bbox 2026 5117 2215 5187; x_wconf 91' lang='lat' dir='ltr'><strong>utique</strong></span> <span class='ocrx_word' id='word_1_825' title='bbox 2258 5111 2541 5170; x_wconf 89' lang='lat' dir='ltr'><strong>charitatis</strong></span> <span class='ocrx_word' id='word_1_826' title='bbox 2583 5115 2668 5164; x_wconf 89' lang='lat' dir='ltr'><strong>est</strong></span> <span class='ocrx_word' id='word_1_827' title='bbox 2701 5115 2756 5162; x_wconf 88' lang='lat' dir='ltr'><strong>et</strong></span> <span class='ocrx_word' id='word_1_828' title='bbox 2792 5102 3198 5160; x_wconf 64' lang='lat' dir='ltr'><strong>misericordiae.</strong></span> <span class='ocrx_word' id='word_1_829' title='bbox 3232 5099 3346 5155; x_wconf 86' lang='lat' dir='ltr'><strong>Non</strong></span> <span class='ocrx_word' id='word_1_830' title='bbox 3377 5115 3473 5153; x_wconf 78' lang='lat' dir='ltr'><strong>au-</strong></span> 
     </span>
    </p>
   </div>
   <div class='ocr_carea' id='block_1_93' title="bbox 191 5193 3471 5291">
    <p class='ocr_par' dir='ltr' id='par_1_93' title="bbox 191 5193 3471 5291">
     <span class='ocr_line' id='line_1_93' title="bbox 191 5193 3471 5291; baseline -0.013 -15"><span class='ocrx_word' id='word_1_831' title='bbox 191 5226 441 5291; x_wconf 86' lang='lat' dir='ltr'><strong>spectant</strong></span> <span class='ocrx_word' id='word_1_832' title='bbox 472 5211 926 5269; x_wconf 84' lang='lat' dir='ltr'><strong>resurrectionem</strong></span> <span class='ocrx_word' id='word_1_833' title='bbox 972 5205 1216 5277; x_wconf 90' lang='lat' dir='ltr'><strong>corporis</strong></span> <span class='ocrx_word' id='word_1_834' title='bbox 1243 5203 1349 5268; x_wconf 81' lang='lat' dir='ltr'><strong>sui.</strong></span> <span class='ocrx_word' id='word_1_835' title='bbox 1382 5201 1450 5257; x_wconf 87' lang='lat' dir='ltr'><strong>Et</strong></span> <span class='ocrx_word' id='word_1_836' title='bbox 1477 5202 1621 5256; x_wconf 90' lang='lat' dir='ltr'><strong>sicut</strong></span> <span class='ocrx_word' id='word_1_837' title='bbox 1656 5214 1779 5255; x_wconf 90' lang='lat' dir='ltr'><strong>cum</strong></span> <span class='ocrx_word' id='word_1_838' title='bbox 1887 5222 1994 5269; x_wconf 43' lang='lat' dir='ltr'><strong>rem</strong></span> <span class='ocrx_word' id='word_1_839' title='bbox 2021 5208 2315 5282; x_wconf 58' lang='lat' dir='ltr'><strong>putandum</strong></span> <span class='ocrx_word' id='word_1_840' title='bbox 2346 5212 2449 5269; x_wconf 69' lang='grc' dir='ltr'><em>εει,</em></span> <span class='ocrx_word' id='word_1_841' title='bbox 2481 5201 2622 5273; x_wconf 75' lang='lat' dir='ltr'><strong>quod</strong></span> <span class='ocrx_word' id='word_1_842' title='bbox 2650 5199 2726 5254; x_wconf 74' lang='lat' dir='ltr'><strong>iui</strong></span> <span class='ocrx_word' id='word_1_843' title='bbox 2771 5202 3032 5268; x_wconf 68' lang='grc' dir='ltr'><strong>εθφονθο</strong></span> <span class='ocrx_word' id='word_1_844' title='bbox 3077 5193 3237 5250; x_wconf 74' lang='lat' dir='ltr'><strong>modo</strong></span> <span class='ocrx_word' id='word_1_845' title='bbox 3284 5205 3471 5246; x_wconf 72' lang='lat' dir='ltr'><strong>vocem</strong></span> 
     </span>
    </p>
   </div>
   <div class='ocr_carea' id='block_1_94' title="bbox 191 5287 1759 5383">
    <p class='ocr_par' dir='ltr' id='par_1_94' title="bbox 191 5296 1759 5383">
     <span class='ocr_line' id='line_1_94' title="bbox 191 5296 1759 5383; baseline -0.014 -14"><span class='ocrx_word' id='word_1_846' title='bbox 191 5325 421 5383; x_wconf 87' lang='lat' dir='ltr'><strong>corpore</strong></span> <span class='ocrx_word' id='word_1_847' title='bbox 439 5306 689 5364; x_wconf 87' lang='lat' dir='ltr'><strong>etanima</strong></span> <span class='ocrx_word' id='word_1_848' title='bbox 717 5303 1021 5358; x_wconf 84' lang='lat' dir='ltr'><strong>servierunt</strong></span> <span class='ocrx_word' id='word_1_849' title='bbox 1037 5297 1274 5363; x_wconf 89' lang='lat' dir='ltr'><strong>Christo,</strong></span> <span class='ocrx_word' id='word_1_850' title='bbox 1300 5296 1373 5350; x_wconf 87' lang='lat' dir='ltr'><strong>ita</strong></span> <span class='ocrx_word' id='word_1_851' title='bbox 1402 5308 1528 5351; x_wconf 88' lang='lat' dir='ltr'><strong>eum</strong></span> <span class='ocrx_word' id='word_1_852' title='bbox 1553 5308 1759 5364; x_wconf 67' lang='lat' dir='ltr'><strong>corpori</strong></span> 
     </span>
    </p>
   </div>
   <div class='ocr_carea' id='block_1_95' title="bbox 1860 5287 3475 5383">
    <p class='ocr_par' dir='ltr' id='par_1_95' title="bbox 1889 5287 3475 5369">
     <span class='ocr_line' id='line_1_95' title="bbox 1889 5287 3475 5369; baseline -0.015 -6"><span class='ocrx_word' id='word_1_853' title='bbox 1889 5307 2162 5369; x_wconf 88' lang='lat' dir='ltr'><strong>emittant,</strong></span> <span class='ocrx_word' id='word_1_854' title='bbox 2186 5301 2328 5357; x_wconf 90' lang='lat' dir='ltr'><strong>sicut</strong></span> <span class='ocrx_word' id='word_1_855' title='bbox 2353 5313 2452 5354; x_wconf 88' lang='lat' dir='ltr'><strong>nos</strong></span> <span class='ocrx_word' id='word_1_856' title='bbox 2471 5297 2562 5367; x_wconf 92' lang='lat' dir='ltr'><strong>qui</strong></span> <span class='ocrx_word' id='word_1_857' title='bbox 2597 5306 2817 5351; x_wconf 90' lang='lat' dir='ltr'><strong>aereum</strong></span> <span class='ocrx_word' id='word_1_858' title='bbox 2847 5290 3033 5347; x_wconf 80' lang='lat' dir='ltr'><strong>ﬂatum</strong></span> <span class='ocrx_word' id='word_1_859' title='bbox 3062 5290 3113 5344; x_wconf 92' lang='lat' dir='ltr'><strong>in</strong></span> <span class='ocrx_word' id='word_1_860' title='bbox 3138 5287 3318 5344; x_wconf 81' lang='lat' dir='ltr'><strong>follem</strong></span> <span class='ocrx_word' id='word_1_861' title='bbox 3346 5301 3475 5341; x_wconf 81' lang='lat' dir='ltr'><strong>ven-</strong></span> 
     </span>
    </p>
   </div>
   <div class='ocr_carea' id='block_1_96' title="bbox 193 5378 1759 5464">
    <p class='ocr_par' dir='ltr' id='par_1_96' title="bbox 193 5387 1759 5464">
     <span class='ocr_line' id='line_1_96' title="bbox 193 5387 1759 5464; baseline -0.011 -4"><span class='ocrx_word' id='word_1_862' title='bbox 193 5412 253 5461; x_wconf 90' lang='lat' dir='ltr'><strong>et</strong></span> <span class='ocrx_word' id='word_1_863' title='bbox 275 5402 455 5458; x_wconf 88' lang='lat' dir='ltr'><strong>anima</strong></span> <span class='ocrx_word' id='word_1_864' title='bbox 484 5402 918 5459; x_wconf 89' lang='lat' dir='ltr'><strong>remunerentur,</strong></span> <span class='ocrx_word' id='word_1_865' title='bbox 945 5393 1070 5464; x_wconf 87' lang='lat' dir='ltr'><strong>quia</strong></span> <span class='ocrx_word' id='word_1_866' title='bbox 1096 5405 1287 5446; x_wconf 89' lang='lat' dir='ltr'><strong>revera</strong></span> <span class='ocrx_word' id='word_1_867' title='bbox 1324 5388 1405 5444; x_wconf 90' lang='lat' dir='ltr'><strong>sic</strong></span> <span class='ocrx_word' id='word_1_868' title='bbox 1427 5396 1511 5443; x_wconf 71' lang='lat' dir='ltr'><strong>est</strong></span> <span class='ocrx_word' id='word_1_869' title='bbox 1538 5387 1759 5458; x_wconf 89' lang='lat' dir='ltr'><strong>dignum</strong></span> 
     </span>
    </p>
   </div>
   <div class='ocr_carea' id='block_1_97' title="bbox 1860 5378 3474 5464">
    <p class='ocr_par' dir='ltr' id='par_1_97' title="bbox 1892 5378 3474 5463">
     <span class='ocr_line' id='line_1_97' title="bbox 1892 5378 3474 5463; baseline -0.013 -9"><span class='ocrx_word' id='word_1_870' title='bbox 1892 5399 1990 5455; x_wconf 92' lang='lat' dir='ltr'><strong>tris</strong></span> <span class='ocrx_word' id='word_1_871' title='bbox 2017 5395 2287 5452; x_wconf 87' lang='lat' dir='ltr'><strong>trahimus</strong></span> <span class='ocrx_word' id='word_1_872' title='bbox 2313 5406 2409 5463; x_wconf 89' lang='lat' dir='ltr'><strong>per</strong></span> <span class='ocrx_word' id='word_1_873' title='bbox 2437 5401 2698 5460; x_wconf 84' lang='lat' dir='ltr'><strong>organum</strong></span> <span class='ocrx_word' id='word_1_874' title='bbox 2722 5383 2975 5457; x_wconf 87' lang='lat' dir='ltr'><strong>gutturis,</strong></span> <span class='ocrx_word' id='word_1_875' title='bbox 3005 5381 3099 5438; x_wconf 88' lang='lat' dir='ltr'><strong>sed</strong></span> <span class='ocrx_word' id='word_1_876' title='bbox 3131 5394 3233 5436; x_wconf 85' lang='lat' dir='ltr'><strong>vox</strong></span> <span class='ocrx_word' id='word_1_877' title='bbox 3261 5378 3474 5434; x_wconf 87' lang='lat' dir='ltr'><strong>illorum</strong></span> 
     </span>
    </p>
   </div>
   <div class='ocr_carea' id='block_1_98' title="bbox 192 5469 1759 5565">
    <p class='ocr_par' dir='ltr' id='par_1_98' title="bbox 192 5478 1759 5565">
     <span class='ocr_line' id='line_1_98' title="bbox 192 5478 1759 5565; baseline -0.015 -12"><span class='ocrx_word' id='word_1_878' title='bbox 192 5496 455 5565; x_wconf 85' lang='lat' dir='ltr'><strong>Ideoque,</strong></span> <span class='ocrx_word' id='word_1_879' title='bbox 485 5489 611 5562; x_wconf 86' lang='lat' dir='ltr'><strong>quia</strong></span> <span class='ocrx_word' id='word_1_880' title='bbox 636 5486 867 5542; x_wconf 89' lang='lat' dir='ltr'><strong>necdum</strong></span> <span class='ocrx_word' id='word_1_881' title='bbox 892 5484 960 5539; x_wconf 86' lang='lat' dir='ltr'><strong>ad</strong></span> <span class='ocrx_word' id='word_1_882' title='bbox 987 5483 1131 5538; x_wconf 82' lang='lat' dir='ltr'><strong>illam</strong></span> <span class='ocrx_word' id='word_1_883' title='bbox 1163 5479 1481 5552; x_wconf 85' lang='lat' dir='ltr'><strong>dignitatem</strong></span> <span class='ocrx_word' id='word_1_884' title='bbox 1522 5478 1589 5533; x_wconf 94' lang='lat' dir='ltr'><strong>ad</strong></span> <span class='ocrx_word' id='word_1_885' title='bbox 1622 5491 1759 5547; x_wconf 89' lang='lat' dir='ltr'><strong>quan</strong></span> 
     </span>
    </p>
   </div>
   <div class='ocr_carea' id='block_1_99' title="bbox 1860 5469 3480 5565">
    <p class='ocr_par' dir='ltr' id='par_1_99' title="bbox 1892 5469 3480 5556">
     <span class='ocr_line' id='line_1_99' title="bbox 1892 5469 3480 5556; baseline -0.016 -6"><span class='ocrx_word' id='word_1_886' title='bbox 1892 5491 2218 5549; x_wconf 89' lang='lat' dir='ltr'><strong>desiderium</strong></span> <span class='ocrx_word' id='word_1_887' title='bbox 2245 5496 2329 5543; x_wconf 90' lang='lat' dir='ltr'><strong>est</strong></span> <span class='ocrx_word' id='word_1_888' title='bbox 2358 5485 2618 5556; x_wconf 91' lang='lat' dir='ltr'><strong>ipsorum.</strong></span> <span class='ocrx_word' id='word_1_889' title='bbox 2642 5479 2711 5535; x_wconf 87' lang='lat' dir='ltr'><strong>Et</strong></span> <span class='ocrx_word' id='word_1_890' title='bbox 2732 5487 2886 5535; x_wconf 89' lang='lat' dir='ltr'><strong>tanto</strong></span> <span class='ocrx_word' id='word_1_891' title='bbox 2916 5476 3091 5550; x_wconf 88' lang='lat' dir='ltr'><strong>magis</strong></span> <span class='ocrx_word' id='word_1_892' title='bbox 3139 5473 3368 5545; x_wconf 89' lang='lat' dir='ltr'><strong>quisque</strong></span> <span class='ocrx_word' id='word_1_893' title='bbox 3413 5469 3480 5525; x_wconf 85' lang='lat' dir='ltr'><strong>il-</strong></span> 
     </span>
    </p>
   </div>
   <div class='ocr_carea' id='block_1_100' title="bbox 195 5564 1759 5649">
    <p class='ocr_par' dir='ltr' id='par_1_100' title="bbox 195 5564 1759 5649">
     <span class='ocr_line' id='line_1_100' title="bbox 195 5564 1759 5649; baseline -0.015 -6"><span class='ocrx_word' id='word_1_894' title='bbox 195 5564 411 5642; x_wconf 89' lang='lat' dir='ltr'><strong>venturi</strong></span> <span class='ocrx_word' id='word_1_895' title='bbox 457 5588 584 5638; x_wconf 89' lang='lat' dir='ltr'><strong>sunt</strong></span> <span class='ocrx_word' id='word_1_896' title='bbox 622 5570 1021 5649; x_wconf 52' lang='lat' dir='ltr'><strong>pervenerunt,</strong></span> <span class='ocrx_word' id='word_1_897' title='bbox 1065 5574 1166 5628; x_wconf 89' lang='lat' dir='ltr'><strong>sub</strong></span> <span class='ocrx_word' id='word_1_898' title='bbox 1209 5586 1268 5627; x_wconf 90' lang='lat' dir='ltr'><strong>se</strong></span> <span class='ocrx_word' id='word_1_899' title='bbox 1308 5575 1471 5633; x_wconf 86' lang='lat' dir='ltr'><strong>sunt,</strong></span> <span class='ocrx_word' id='word_1_900' title='bbox 1503 5567 1632 5638; x_wconf 90' lang='lat' dir='ltr'><strong>quia</strong></span> <span class='ocrx_word' id='word_1_901' title='bbox 1666 5580 1759 5636; x_wconf 85' lang='lat' dir='ltr'><strong>pos</strong></span> 
     </span>
    </p>
   </div>
   <div class='ocr_carea' id='block_1_101' title="bbox 1860 5564 3480 5649">
    <p class='ocr_par' dir='ltr' id='par_1_101' title="bbox 1892 5564 3480 5649">
     <span class='ocr_line' id='line_1_101' title="bbox 1892 5564 3480 5649; baseline -0.014 -7"><span class='ocrx_word' id='word_1_902' title='bbox 1892 5588 2071 5642; x_wconf 90' lang='lat' dir='ltr'><strong>lorum</strong></span> <span class='ocrx_word' id='word_1_903' title='bbox 2108 5584 2329 5644; x_wconf 89' lang='lat' dir='ltr'><strong>clamat,</strong></span> <span class='ocrx_word' id='word_1_904' title='bbox 2378 5585 2583 5649; x_wconf 88' lang='lat' dir='ltr'><strong>quanto</strong></span> <span class='ocrx_word' id='word_1_905' title='bbox 2632 5574 2805 5647; x_wconf 87' lang='lat' dir='ltr'><strong>magis</strong></span> <span class='ocrx_word' id='word_1_906' title='bbox 2847 5570 3118 5628; x_wconf 89' lang='lat' dir='ltr'><strong>desiderio</strong></span> <span class='ocrx_word' id='word_1_907' title='bbox 3158 5566 3369 5637; x_wconf 80' lang='lat' dir='ltr'><strong>ﬂagrat.</strong></span> <span class='ocrx_word' id='word_1_908' title='bbox 3404 5564 3480 5620; x_wconf 85' lang='lat' dir='ltr'><strong>De</strong></span> 
     </span>
    </p>
   </div>
   <div class='ocr_carea' id='block_1_102' title="bbox 198 5657 3480 5741">
    <p class='ocr_par' dir='ltr' id='par_1_102' title="bbox 198 5657 3480 5741">
     <span class='ocr_line' id='line_1_102' title="bbox 198 5657 3480 5741; baseline -0.012 -7"><span class='ocrx_word' id='word_1_909' title='bbox 198 5677 414 5735; x_wconf 88' lang='lat' dir='ltr'><strong>modum</strong></span> <span class='ocrx_word' id='word_1_910' title='bbox 446 5671 678 5741; x_wconf 87' lang='lat' dir='ltr'><strong>majores</strong></span> <span class='ocrx_word' id='word_1_911' title='bbox 706 5668 873 5723; x_wconf 80' lang='lat' dir='ltr'><strong>futuri</strong></span> <span class='ocrx_word' id='word_1_912' title='bbox 903 5674 1049 5721; x_wconf 89' lang='lat' dir='ltr'><strong>sunt.</strong></span> <span class='ocrx_word' id='word_1_913' title='bbox 1074 5663 1207 5719; x_wconf 90' lang='lat' dir='ltr'><strong>Cum</strong></span> <span class='ocrx_word' id='word_1_914' title='bbox 1245 5671 1426 5718; x_wconf 89' lang='lat' dir='ltr'><strong>autem</strong></span> <span class='ocrx_word' id='word_1_915' title='bbox 1451 5659 1699 5716; x_wconf 80' lang='lat' dir='ltr'><strong>venerint</strong></span> <span class='ocrx_word' id='word_1_916' title='bbox 1722 5657 1789 5713; x_wconf 86' lang='lat' dir='ltr'><strong>ad</strong></span> <span class='ocrx_word' id='word_1_917' title='bbox 1895 5681 2000 5735; x_wconf 72' lang='lat' dir='ltr'><strong>hoc</strong></span> <span class='ocrx_word' id='word_1_918' title='bbox 2036 5675 2324 5733; x_wconf 48' lang='lat' dir='ltr'><strong>psalmis”,</strong></span> <span class='ocrx_word' id='word_1_919' title='bbox 2351 5670 2417 5725; x_wconf 65' lang='lat' dir='ltr'><strong>ad</strong></span> <span class='ocrx_word' id='word_1_920' title='bbox 2461 5668 2746 5724; x_wconf 69' lang='lat' dir='ltr'><strong>Dominum</strong></span> <span class='ocrx_word' id='word_1_921' title='bbox 2776 5681 2790 5718; x_wconf 69' lang='grc' dir='ltr'>ε</span> <span class='ocrx_word' id='word_1_922' title='bbox 2818 5662 3152 5720; x_wconf 54' lang='lat' dir='ltr'><strong>puum-um</strong></span> <span class='ocrx_word' id='word_1_923' title='bbox 3181 5657 3355 5714; x_wconf 62' lang='grc' dir='ltr'><strong>οονάίδ</strong></span> <span class='ocrx_word' id='word_1_924' title='bbox 3396 5669 3480 5709; x_wconf 68' lang='lat' dir='ltr'><strong>eo.</strong></span> 
     </span>
    </p>
   </div>
   <div class='ocr_carea' id='block_1_103' title="bbox 200 5748 3481 5840">
    <p class='ocr_par' dir='ltr' id='par_1_103' title="bbox 200 5748 3481 5840">
     <span class='ocr_line' id='line_1_103' title="bbox 200 5748 3481 5840; baseline -0.014 9"><span class='ocrx_word' id='word_1_925' title='bbox 200 5776 403 5827; x_wconf 56' lang='lat' dir='ltr'><strong>“mam</strong></span> <span class='ocrx_word' id='word_1_926' title='bbox 431 5763 657 5840; x_wconf 61' lang='lat' dir='ltr'><strong>310mm</strong></span> <span class='ocrx_word' id='word_1_927' title='bbox 679 5804 692 5826; x_wconf 75' lang='grc' dir='ltr'><strong>ν</strong></span> <span class='ocrx_word' id='word_1_928' title='bbox 736 5758 850 5829; x_wconf 56' lang='lat' dir='ltr'><strong>iam</strong></span> <span class='ocrx_word' id='word_1_929' title='bbox 880 5772 985 5813; x_wconf 73' lang='lat'><strong>&quot;0“</strong></span> <span class='ocrx_word' id='word_1_930' title='bbox 1025 5763 1186 5810; x_wconf 65' lang='lat' dir='ltr'><strong>erum</strong></span> <span class='ocrx_word' id='word_1_931' title='bbox 1215 5755 1313 5809; x_wconf 59' lang='lat'><strong>5&quot;”</strong></span> <span class='ocrx_word' id='word_1_932' title='bbox 1351 5769 1409 5808; x_wconf 70' lang='grc' dir='ltr'><strong>δθ</strong></span> <span class='ocrx_word' id='word_1_933' title='bbox 1430 5794 1443 5818; x_wconf 68' lang='grc' dir='ltr'><strong><em>ν</em></strong></span> <span class='ocrx_word' id='word_1_934' title='bbox 1491 5752 1584 5807; x_wconf 68' lang='lat' dir='ltr'><strong>Sed</strong></span> <span class='ocrx_word' id='word_1_935' title='bbox 1617 5752 1670 5804; x_wconf 67' lang='lat' dir='ltr'><strong>in</strong></span> <span class='ocrx_word' id='word_1_936' title='bbox 1710 5764 1787 5804; x_wconf 51' lang='grc' dir='ltr'><strong>δελ</strong></span> <span class='ocrx_word' id='word_1_937' title='bbox 1897 5788 2015 5827; x_wconf 85' lang='lat' dir='ltr'><strong>rum</strong></span> <span class='ocrx_word' id='word_1_938' title='bbox 2034 5769 2235 5826; x_wconf 84' lang='lat' dir='ltr'><strong>audivit</strong></span> <span class='ocrx_word' id='word_1_939' title='bbox 2268 5765 2413 5821; x_wconf 86' lang='lat' dir='ltr'><strong>auris</strong></span> <span class='ocrx_word' id='word_1_940' title='bbox 2439 5774 2529 5816; x_wconf 87' lang='lat' dir='ltr'><strong>tua</strong></span> <span class='ocrx_word' id='word_1_941' title='bbox 2550 5757 2723 5831; x_wconf 86' lang='lat' dir='ltr'><strong>(Psal.</strong></span> <span class='ocrx_word' id='word_1_942' title='bbox 2757 5755 2857 5828; x_wconf 78' lang='lat' dir='ltr'><strong>rx).</strong></span> <span class='ocrx_word' id='word_1_943' title='bbox 2878 5754 3080 5811; x_wconf 84' lang='lat' dir='ltr'><strong>Petunt</strong></span> <span class='ocrx_word' id='word_1_944' title='bbox 3104 5758 3283 5807; x_wconf 87' lang='lat' dir='ltr'><strong>autem</strong></span> <span class='ocrx_word' id='word_1_945' title='bbox 3305 5748 3373 5804; x_wconf 89' lang='lat' dir='ltr'><strong>de</strong></span> <span class='ocrx_word' id='word_1_946' title='bbox 3394 5760 3481 5804; x_wconf 83' lang='lat' dir='ltr'><strong>re-</strong></span> 
     </span>
    </p>
   </div>
   <div class='ocr_carea' id='block_1_104' title="bbox 201 5838 3527 5935">
    <p class='ocr_par' dir='ltr' id='par_1_104' title="bbox 201 5838 3527 5935">
     <span class='ocr_line' id='line_1_104' title="bbox 201 5838 3527 5935; baseline -0.014 6"><span class='ocrx_word' id='word_1_947' title='bbox 201 5862 352 5932; x_wconf 63' lang='grc' dir='ltr'><strong>θυθά</strong></span> <span class='ocrx_word' id='word_1_948' title='bbox 387 5859 477 5915; x_wconf 73' lang='grc' dir='ltr'><strong>ί³¹ί</strong></span> <span class='ocrx_word' id='word_1_949' title='bbox 507 5853 753 5926; x_wconf 54' lang='lat' dir='ltr'><strong>“em?!”</strong></span> <span class='ocrx_word' id='word_1_950' title='bbox 782 5850 1032 5924; x_wconf 62' lang='grc' dir='ltr'><strong>θ⁰Β¹¹⁰⁵⁰ί</strong></span> <span class='ocrx_word' id='word_1_951' title='bbox 1062 5857 1276 5919; x_wconf 52' lang='lat' dir='ltr'><strong>pom“:</strong></span> <span class='ocrx_word' id='word_1_952' title='bbox 1306 5847 1578 5901; x_wconf 68' lang='grc' dir='ltr'><strong>Ρ⁰¹¹³¹¹¹¹¹⁵</strong></span> <span class='ocrx_word' id='word_1_953' title='bbox 1599 5856 1792 5935; x_wconf 64' lang='grc' dir='ltr'><strong>ιιυθηιο</strong></span> <span class='ocrx_word' id='word_1_954' title='bbox 1897 5865 2079 5935; x_wconf 87' lang='lat' dir='ltr'><strong>probis</strong></span> <span class='ocrx_word' id='word_1_955' title='bbox 2109 5860 2421 5921; x_wconf 78' lang='lat' dir='ltr'><strong>vindictam,</strong></span> <span class='ocrx_word' id='word_1_956' title='bbox 2451 5855 2575 5926; x_wconf 84' lang='lat' dir='ltr'><strong>quia</strong></span> <span class='ocrx_word' id='word_1_957' title='bbox 2619 5860 2806 5923; x_wconf 86' lang='lat' dir='ltr'><strong>optant</strong></span> <span class='ocrx_word' id='word_1_958' title='bbox 2835 5847 3017 5904; x_wconf 87' lang='lat' dir='ltr'><strong>venire</strong></span> <span class='ocrx_word' id='word_1_959' title='bbox 3061 5845 3204 5902; x_wconf 86' lang='lat' dir='ltr'><strong>diem</strong></span> <span class='ocrx_word' id='word_1_960' title='bbox 3251 5838 3482 5898; x_wconf 80' lang='lat' dir='ltr'><strong>extremi</strong></span> <span class='ocrx_word' id='word_1_961' title='bbox 3520 5872 3527 5877; x_wconf 96' lang='lat'><strong>-</strong></span> 
     </span>
    </p>
   </div>
   <div class='ocr_carea' id='block_1_105' title="bbox 204 5933 1792 6010">
    <p class='ocr_par' dir='ltr' id='par_1_105' title="bbox 204 5933 1792 6010">
     <span class='ocr_line' id='line_1_105' title="bbox 204 5933 1792 6010; baseline -0.014 0"><span class='ocrx_word' id='word_1_962' title='bbox 204 5953 333 6010; x_wconf 87' lang='lat' dir='ltr'><strong>libet</strong></span> <span class='ocrx_word' id='word_1_963' title='bbox 369 5952 426 6008; x_wconf 91' lang='lat' dir='ltr'><strong>in</strong></span> <span class='ocrx_word' id='word_1_964' title='bbox 476 5944 807 6005; x_wconf 89' lang='lat' dir='ltr'><strong>monasterio</strong></span> <span class='ocrx_word' id='word_1_965' title='bbox 854 5940 1115 5999; x_wconf 86' lang='lat' dir='ltr'><strong>nutritum</strong></span> <span class='ocrx_word' id='word_1_966' title='bbox 1143 5979 1156 6005; x_wconf 91' lang='lat'><strong>,</strong></span> <span class='ocrx_word' id='word_1_967' title='bbox 1207 5944 1261 5992; x_wconf 88' lang='lat' dir='ltr'><strong>et</strong></span> <span class='ocrx_word' id='word_1_968' title='bbox 1302 5944 1493 6004; x_wconf 83' lang='lat' dir='ltr'><strong>postea</strong></span> <span class='ocrx_word' id='word_1_969' title='bbox 1540 5933 1792 5991; x_wconf 81' lang='lat' dir='ltr'><strong>abbatem</strong></span> 
     </span>
    </p>
   </div>
  </div>
