3972 6436
163 458 310 516 1053

1111 457 1477 516 EXPOSITIO
1514 458 1582 514 IN
1621 453 2119 514 APOCALYPSIN.
2159 485 2229 496 —
2265 454 2391 509 LIB.
2438 455 2502 509 Il.

3288 452 3427 506 1035

159 584 264 627 sua
289 571 426 626 bene
457 583 645 639 regere
683 579 982 635 noverunt,
1025 585 1094 625 ne
1123 571 1330 626 scilicet
1360 569 1509 625 vitlis
1552 570 1747 625 insole-
1771 571 1824 631 Α
1851 568 2027 638 (Rom.
2060 565 2159 636 vi).
2185 566 2277 622 Isti
2305 583 2494 623 omnes
2519 566 2835 622 imminente
2862 565 3042 620 futuro
3063 565 3290 636 judicio,
3311 579 3409 619 cur

157 673 362 727 scunt,
409 678 478 718 ne
529 664 772 733 penuriis
820 663 1192 718 succumbant.
1243 662 1522 732 Principes
1564 670 1743 716 autem

159 763 292 810 sunt
323 754 551 810 minoris
579 754 864 826 dignitatis
895 754 1092 819 sancti,
1123 754 1217 823 qui
1256 768 1361 808 non
1409 753 1659 808 omnibus
1688 759 1748 806 ut

159 860 340 916 reges,
360 845 456 900 sed
478 853 660 901 tamen
682 845 1007 916 quibusdam
1035 858 1136 915 pro
1156 845 1429 900 concessis
1456 843 1748 899 virtutibus

156 940 448 994 resistunt.
481 938 708 994 Tribuni
736 953 889 1002 vero,
925 937 1016 1008 qui
1043 937 1219 993 adhuc
1252 937 1476 992 minoris
1503 945 1746 1008 potesta-

157 1031 236 1086 tis
281 1045 444 1101 quam
479 1031 786 1101 principes,
829 1040 885 1086 et
926 1032 1027 1101 ipsi
1069 1033 1387 1100 iuquantum
1431 1030 1746 1100 praevalent,

159 1131 351 1176 contra
394 1121 525 1176 vitia
571 1123 753 1177 carnis
799 1121 1075 1178 dimicant.
1129 1122 1336 1178 Divites
1380 1137 1594 1192 quoque
1639 1138 1746 1178 non

159 1213 375 1283 opibus,
394 1215 488 1269 sed
518 1214 674 1270 bonis
701 1215 956 1285 operibus
971 1223 1234 1269 vocantur
1252 1231 1267 1280 ;
1288 1217 1429 1270 unde
1457 1216 1748 1285 Apostolus

161 1304 417 1360 admonet
449 1303 793 1361 divites—ﬁeri
822 1304 878 1361 in
918 1306 1074 1362 bonis
1098 1306 1374 1375 operibus,
1417 1305 1601 1373 fortes,
1639 1322 1744 1361 non

162 1394 409 1464 corporis
433 1396 634 1451 virtute
657 1437 671 1461 ,
702 1397 797 1452 sed
839 1397 1028 1452 animi.
1073 1396 1275 1452 Servus
1303 1438 1317 1463 ,
1363 1399 1456 1468 qui
1498 1397 1748 1469 coniugio

162 1487 450 1558 obligatur.
479 1489 641 1544 Liber
659 1505 894 1560 quoque,
919 1506 949 1545 a
978 1491 1226 1562 conjugio
1254 1499 1310 1546 et
1332 1508 1360 1545 a
1392 1491 1628 1561 peccatis
1651 1491 1748 1545 ab-

162 1579 388 1636 solutus.
420 1579 512 1635 Isti
548 1597 739 1637 omnes
769 1583 957 1637 ultima
988 1583 1364 1652 persecutione
1401 1583 1744 1654 deprehensi,

162 1671 388 1744 fugient,
422 1681 478 1727 et
504 1673 835 1730 abscondent
861 1690 920 1730 se
949 1675 1001 1729 in
1031 1675 1303 1745 speluncis
1326 1683 1381 1730 et
1410 1676 1577 1746 petris
1601 1691 1748 1729 mon-

162 1761 318 1826 tium,
357 1762 411 1817 id
439 1775 544 1829 est,
573 1763 825 1836 suﬂ'ragia
852 1775 1161 1820 sanctorum
1192 1767 1470 1821 hominum
1499 1773 1556 1821 et
1583 1781 1748 1836 ange-

161 1854 336 1910 lorum
367 1866 639 1926 expetent.
671 1857 752 1912 Ad
782 1860 881 1913 hos
918 1869 1128 1914 montes
1158 1860 1450 1915 novissima
1493 1853 1748 1930 persecu-

157 1945 308 1999 tione
367 1947 790 2015 comprehensos
838 1949 1088 2003 hortatur
1136 1947 1321 2020 fugere
1369 1949 1629 2004 Dominus
1691 1951 1746 2004 in

155 2034 472 2106 Evangelio,
500 2037 686 2092 dicens
725 2057 738 2092 :
779 2038 822 2092 Τ
827 2057 926 2094 unc
954 2041 1044 2111 qui
1070 2041 1125 2094 in
1147 2040 1340 2095 Judtea
1364 2051 1506 2106 sunt,
1542 2041 1746 2113 fugiant

151 2129 230 2182 ad
260 2140 460 2185 montes
489 2130 705 2200 (Matth.
737 2132 910 2203 ulv).

230 2219 298 2274 Et
330 2221 500 2276 dicent
525 2224 788 2278 montibus
816 2234 865 2279 et
898 2228 1078 2298 petris,
1117 2226 1168 2280 id
1198 2234 1282 2282 est
1311 2227 1513 2298 angelis
1546 2236 1602 2283 et
1646 2229 1745 2283 ho-

155 2310 416 2365 minibus.
450 2311 551 2378 Qui
585 2322 732 2368 recte
759 2324 973 2370 montes
999 2317 1357 2386 appellantur,
1381 2317 1507 2388 quia
1535 2325 1749 2372 terrena

154 2401 491 2471 despiciunt,
519 2411 575 2458 et
608 2403 851 2459 cmlestia
882 2407 1334 2476 contemplantur.
1365 2407 1532 2464 Recte
1560 2418 1745 2479 petrre,

153 2493 284 2562 quia
319 2509 349 2548 a
379 2493 597 2550 Christo
624 2496 716 2566 qui
741 2505 825 2550 est
853 2504 1030 2567 petra,
1059 2499 1404 2552 roborantur.
1439 2496 1626 2553 Cadite
1659 2516 1749 2552 su-

152 2598 250 2648 per
300 2599 428 2649 nos,
476 2593 524 2639 et
571 2585 874 2640 abscondite
924 2603 1018 2641 nos
1058 2603 1092 2641 α
1130 2587 1265 2656 facie
1312 2588 1538 2642 sedentis
1594 2605 1750 2658 super

155 2674 425 2740 thronum,
455 2686 502 2730 et
533 2677 599 2731 ab
623 2680 705 2732 ira
735 2680 876 2748 agni.
907 2679 961 2732 Id
984 2680 1479 2745 est,misericordia
1504 2681 1748 2736 animum

155 2765 439 2833 innectite,
487 2777 541 2825 et
585 2786 684 2825 nos
728 2770 834 2840 piis
857 2771 1052 2825 vestris
1081 2771 1558 2827 intercessionibus
1598 2771 1750 2842 adju-

153 2865 288 2914 vate
311 2859 380 2914 ab
410 2862 488 2914 ira
517 2860 834 2931 judicautis.

232 2947 495 3016 Quoniam
520 2953 654 3006 venit
701 2951 812 3007 dies
849 2969 1068 3022 magnus
1116 2953 1211 3008 ira
1250 2953 1504 3024 ipsorum.
1540 2952 1597 3008 Id
1625 2963 1708 3009 est
1732 2993 1749 3020 ,

155 3041 437 3098 damnatio
469 3043 845 3112 reproborum.
876 3043 945 3097 Et
973 3045 1090 3114 quis
1126 3045 1313 3114 poterit
1347 3046 1524 3099 stare?
1546 3045 1602 3100 Id
1644 3053 1749 3112 est,

156 3126 359 3183 nullus.
395 3126 454 3184 Si
488 3128 634 3183 enim
675 3129 847 3185 sancti
880 3129 1023 3186 illius
1059 3131 1195 3185 iram
1228 3141 1354 3185 tunc
1384 3130 1671 3196 timebunt,
1697 3139 1752 3187 et

157 3219 334 3291 angeli
355 3234 568 3290 quoque
584 3220 778 3276 timore
807 3222 1208 3288 concutientur,
1235 3222 1358 3292 quis
1379 3234 1623 3278 nostrum
1655 3240 1750 3280 su-

1849 669 1972 715 rent
1999 658 2066 713 ad
2089 658 2347 712 auxilium
2375 659 2698 722 daemonum,
2731 673 2850 711 cum
2882 657 3148 725 desperati
3176 655 3242 709 ad
3266 670 3426 709 sanc-

1850 763 2025 807 torum
2065 751 2361 821 quemlibet
2401 766 2508 806 non
2546 758 2875 821 praasument
2913 750 3202 810 accedere,
3248 747 3416 802 dicen-

1849 854 1932 898 tes
1961 861 1974 897 :
2014 842 2202 898 Cadite
2226 855 2389 910 super
2418 857 2539 905 nos,
2571 851 2628 896 et
2663 841 2978 897 abscondite
3007 855 3104 894 nos
3127 840 3194 894 ab
3229 839 3310 893 ira
3334 853 3428 894 se~

1849 935 2025 989 dentis
2059 934 2112 988 in
2143 934 2354 995 throno,
2402 931 2454 985 id
2492 939 2576 986 est
2604 932 2762 986 modo
2787 931 3015 987 liberate
3051 945 3178 995 nos,
3211 929 3336 1000 quia
3378 930 3430 984 in

1848 1028 2002 1084 vobis
2027 1027 2289 1081 hactenus
2309 1022 2499 1080 conﬁsi
2521 1037 2722 1076 sumus.

2447 1179 2674 1238 CAPUT
2715 1180 2823 1235 VII.

1922 1300 1989 1356 Et
2016 1309 2130 1370 post
2150 1300 2261 1354 hare
2290 1299 2398 1352 uidi
2425 1309 2652 1370 quatuor
2675 1295 2884 1367 angelos
2906 1305 3098 1349 stantes
3122 1311 3278 1364 super
3301 1311 3420 1366 qua-

1849 1399 1971 1446 tuor
2017 1389 2238 1462 angulos
2286 1398 2457 1443 terrar.
2515 1389 2755 1455 Quatuor
2802 1387 2976 1458 angeli
3014 1394 3220 1442 stantes
3272 1402 3430 1459 super

1848 1495 2080 1558 quatuor
2115 1496 2300 1556 partes
2325 1493 2504 1550 teme,
2551 1486 2820 1554 principes
2858 1494 3005 1550 sunt,
3033 1485 3302 1555 praepositi
3339 1501 3400 1540 su

1847 1597 1945 1652 per
1970 1590 2202 1651 quatuor
2237 1597 2401 1652 regna
2434 1580 2770 1651 principalia,
2797 1581 3144 1651 Assyriorum
3178 1581 3430 1638 videlicet

1847 1684 1900 1730 et
1929 1674 2324 1738 Clialdzeorum,
2352 1673 2627 1728 Medorum
2663 1682 2716 1728 et
2743 1673 3053 1739 Persarum,
3081 1674 3431 1731 Macedonum

1847 1778 1901 1824 et
1944 1768 2331 1822 Romanorum.
2381 1766 2556 1837 Super
2597 1768 2696 1821 has
2739 1777 2978 1837 quatuor
3019 1776 3204 1837 partes
3253 1777 3432 1832 teme,

1849 1859 2066 1913 stabant
2089 1866 2322 1928 quatuor
2352 1857 2522 1927 angeli
2551 1872 2802 1926 nequam,
2837 1857 2960 1926 quia
2987 1872 3082 1912 eos
3108 1857 3174 1911 ad
3205 1857 3288 1912 sui
3315 1873 3434 1912 ser-

1849 1949 1965 2004 vitii
2003 1949 2280 2004 dominum
2330 1947 2744 2002 inclinaverunt.
2780 1947 3027 2003 Tenentes
3051 1958 3280 2018 quatuor
3312 1966 3435 2003 ven-

1851 2052 1928 2096 tos
1959 2051 2128 2103 terrte,
2148 2057 2210 2094 ne
2236 2027 2423 2110 ﬂarent
2447 2056 2602 2110 super
2629 2048 2845 2104 terram,
2877 2057 3040 2110 neque
3081 2057 3237 2111 super
3255 2057 3398 2094 mare
3417 2081 3434 2107 ,

1851 2151 2015 2206 neque
2038 2135 2092 2188 in
2110 2132 2275 2187 ullam
2325 2133 2582 2187 arborem.
2630 2131 2782 2199 Quod
2810 2141 2935 2187 sunt
2961 2141 3194 2202 quatuor
3233 2132 3430 2204 angeli.

1851 2227 1954 2281 hoc
1979 2233 2105 2281 sunt
2128 2233 2183 2279 et
2209 2235 2444 2294 quatuor
2471 2223 2644 2290 venti,
2671 2223 2725 2278 id
2751 2232 2838 2279 est
2872 2231 3104 2292 quatuor
3141 2225 3437 2291 daemones,

1848 2315 2303 2388 principalitatem
2335 2329 2500 2384 super
2521 2321 2756 2384 quatuor
2792 2329 2956 2385 regna
2989 2322 3251 2370 tenentes.
3285 2312 3437 2370 Unde

1851 2408 1904 2462 in
1936 2407 2177 2462 Danielis
2222 2406 2496 2462 volumine
2543 2405 2804 2477 legimus,
2847 2407 2989 2476 quod
3032 2415 3265 2476 quatuor
3292 2407 3438 2462 venti

1850 2499 2164 2568 pugnabant
2190 2497 2243 2550 in
2271 2495 2406 2550 mari
2433 2511 2654 2567 magno,
2680 2505 2981 2566 etquatuor
3007 2498 3192 2554 bestia:
3215 2513 3438 2554 consur-

1851 2584 2049 2658 gebant
2077 2587 2142 2640 de
2173 2594 2353 2651 terra,
2382 2601 2504 2655 qua:
2547 2595 2673 2640 sunt
2721 2585 2942 2656 praefata
2983 2596 3216 2656 quatuor
3253 2589 3438 2645 saaculi

1851 2693 2037 2749 regna.
2070 2677 2351 2732 Tenebant
2379 2691 2507 2748 ergo
2537 2677 2712 2748 angeli
2756 2687 2991 2748 quatuor
3015 2688 3206 2735 ventos
3232 2721 3248 2745 ,
3277 2680 3328 2734 id
3358 2688 3440 2735 est

1852 2771 2059 2840 seipsos
2085 2768 2138 2822 in
2167 2769 2282 2822 suis
2312 2768 2592 2823 membris.
2625 2768 2760 2836 Quia
2785 2769 2928 2824 enim
2963 2770 3208 2826 diabolus
3234 2779 3288 2826 et
3325 2788 3414 2826 om

1851 2872 1950 2913 nes
1990 2859 2160 2929 iniqui
2203 2873 2366 2912 unum
2397 2873 2593 2928 corpus
2619 2870 2765 2926 sunt,
2801 2860 3042 2931 profecto
3065 2862 3196 2917 etin
3237 2863 3440 2934 angelis

1853 2958 1906 3003 et
1955 2950 2009 3003 in
2058 2949 2230 3004 ventis
2268 2949 2384 3020 ipse
2430 2949 2767 3022 intelligitur.
2811 2951 2918 3022 Ipsi
2962 2953 3139 3023 angeli
3187 2957 3440 3009 tenebant

1852 3049 2087 3110 quatuor
2117 3048 2302 3096 ventos
2324 3051 2500 3104 terrae,
2527 3057 2598 3097 ne
2638 3041 2832 3097 llarent
2861 3057 3024 3112 super
3045 3053 3265 3112 terram,
3307 3046 3438 3114 quia

1854 3140 2088 3201 quatuor
2128 3132 2400 3187 dzemones
2443 3130 2668 3202 singulis
2711 3131 2892 3200 regnis
2927 3132 3157 3202 praelati,
3190 3133 3262 3187 ita
3293 3144 3432 3190 tene-

1856 3225 1988 3279 bant
2015 3239 2233 3279 onmem
2275 3225 2577 3292 subjectum
2603 3225 2856 3296 p0pulum
2901 3237 2963 3281 ut
3006 3227 3182 3282 nullus
3217 3226 3440 3296 alicujus

155 3311 404 3376 stinebit,
431 3312 483 3366 in
519 3327 628 3383 quo
657 3311 904 3380 etjustus
928 3314 1013 3367 vix
1037 3284 1368 3370 salvabilur?
1391 3315 1465 3371 De
1493 3317 1597 3371 hoc
1627 3325 1754 3371 lem-
1780 3284 1826 3348 Ο
1856 3313 2041 3369 flatum
2094 3315 2328 3384 regionis
2371 3284 2620 3370 auderet-
2651 3284 2839 3370 contra
2885 3331 2980 3372 eos
3028 3317 3297 3384 emittere,
3348 3284 3440 3372 aut

160 3417 298 3472 pore
326 3401 591 3474 propheta
620 3401 784 3458 dicit:
816 3403 942 3458 Dies
967 3404 1061 3458 illa
1077 3405 1187 3459 dies
1207 3406 1303 3460 ira:
1331 3405 1512 3477 (Soph.
1535 3406 1596 3478 ι).
1624 3407 1755 3464 Pos-

158 3498 350 3549 sumus
369 3501 423 3548 et
443 3493 560 3549 hinc
585 3495 640 3548 in
665 3495 994 3550 contrariam
1015 3506 1228 3566 partem
1250 3495 1572 3569 intelligere.
1609 3496 1756 3553 Mon-

157 3591 246 3639 tes
269 3583 414 3638 enim
435 3597 578 3654 saepe
610 3583 665 3638 in
693 3599 848 3640 sacro
875 3584 1091 3657 eloquio
1117 3587 1382 3658 superbos
1421 3587 1749 3659 signiﬁcant,

157 3675 305 3730 unde
330 3683 417 3731 est
441 3675 571 3730 illud
599 3675 752 3731 Isaia:
777 3691 793 3730 :
828 3675 1003 3747 Super
1026 3687 1262 3731 montem
1293 3677 1644 3750 caliginosum
1670 3678 1750 3733 le-

155 3777 287 3823 vate
317 3768 554 3838 signum,
586 3766 640 3820 in
669 3768 866 3836 quibus
893 3769 1074 3822 verbis
1096 3768 1381 3822 Balthasar
1402 3768 1570 3822 voluit
1597 3768 1753 3823 intel-

158 3858 280 3928 ligi,
309 3856 644 3911 inﬁdelitatis
667 3863 723 3910 et
748 3857 1044 3926 impietatis
1079 3857 1274 3910 nebula
1301 3866 1634 3925 coopertum.
1661 3857 1752 3911 In-

162 3951 296 4006 sula:
323 3957 503 4006 autem
535 3949 892 4020 appellantur,
926 3950 1016 4018 qui
1046 3949 1387 4005 saecularium
1408 3949 1754 4020 negotiorum

163 4044 418 4100 ﬂuctibus
465 4043 803 4115 quatiuntur,
856 4052 911 4098 et
955 4043 1237 4098 instabiles
1288 4049 1430 4097 sunt.
1477 4041 1570 4096 Isti
1618 4040 1754 4097 tales

164 4138 529 4194 movebuntur
562 4152 594 4191 a
621 4138 762 4192 bono
795 4137 862 4191 ad
901 4134 1123 4202 malum,
1157 4150 1186 4190 a
1236 4134 1341 4190 ﬁde
1367 4136 1435 4190 ad
1466 4134 1754 4190 inﬁdelita-

163 4240 275 4286 tem
305 4271 321 4297 ,
369 4239 429 4285 ut
481 4230 830 4310 cupiditatem
885 4245 1038 4285 suam
1095 4229 1305 4300 possint
1350 4229 1596 4300 implere.
1648 4227 1753 4296 Qui

161 4326 329 4380 etiam
356 4326 457 4380 sub
486 4325 636 4394 pacis
671 4333 912 4394 tempore
942 4339 1046 4379 non
1075 4323 1248 4380 solum
1279 4333 1589 4379 exterorum
1619 4323 1750 4378 sub-

162 4417 421 4472 stantiam
455 4415 795 4485 praeripiunt,
820 4415 913 4471 sed
942 4415 1107 4472 etiam
1137 4416 1190 4470 iu
1219 4426 1390 4470 morte
1418 4416 1750 4486 propinquo-

161 4524 285 4563 rum
324 4508 594 4579 gaudent,
633 4517 797 4578 atque
829 4521 1018 4562 eorum
1042 4509 1184 4562 bona
1225 4507 1280 4561 in
1311 4522 1440 4566 suos
1465 4522 1594 4562 usus
1623 4521 1750 4561 con-

160 4609 402 4657 vertunt.
441 4599 614 4672 Reges
648 4609 860 4666 autem,
893 4600 1196 4672 principes,
1233 4616 1298 4656 ac
1332 4600 1568 4666 tribuni,
1592 4598 1749 4667 juxta

162 4691 481 4760 qualitatem
517 4691 814 4761 graduum,
855 4706 1048 4746 omnes
1099 4693 1358 4762 reprobus
1406 4690 1746 4762 signiﬁcant,

162 4782 386 4854 majoris
415 4782 622 4839 scilicet
667 4765 943 4852 dignitatis
982 4784 1260 4848 homines,
1314 4785 1648 4847 mediocres,
1695 4790 1754 4838 et

162 4873 426 4938 minores,
458 4872 550 4943 qui
583 4873 836 4927 timentes
879 4874 1132 4929 amittere
1175 4889 1338 4944 regna
1376 4881 1432 4928 et
1465 4875 1750 4940 honorem,

163 4965 295 5020 dum
340 4963 572 5020 viderint
615 4963 1008 5018 Antichristum
1057 4979 1283 5035 regnare
1329 4973 1384 5019 et
1423 4965 1666 5019 membra
1689 4962 1753 5018 il-

162 5056 291 5120 tius,
326 5054 633 5110 transibunt
663 5055 731 5109 ad
756 5070 852 5110 eos
875 5062 930 5108 et
958 5055 1314 5108 movebuntur
1341 5053 1405 5108 ad
1441 5053 1663 5118 malum,
1689 5062 1753 5109 ut

161 5149 245 5205 eis
275 5157 516 5220 parcant,
549 5156 605 5203 et
631 5146 849 5202 divitias
875 5162 981 5201 non
1004 5146 1278 5200 amittant.
1304 5146 1506 5201 Divites
1534 5159 1750 5216 quoque

164 5237 506 5310 appellantur
547 5237 806 5307 peccatis,
835 5237 926 5306 qui
971 5250 1133 5291 omne
1163 5235 1360 5288 malum
1390 5235 1529 5304 quod
1568 5234 1751 5289 volue-

164 5331 279 5385 rint
310 5327 556 5398 implere,
590 5325 758 5381 libere
800 5334 1068 5397 poterunt,
1106 5341 1207 5381 nec
1245 5326 1300 5380 in
1337 5325 1480 5379 malo
1517 5324 1750 5380 aliorum

166 5418 370 5475 auxilio
409 5417 744 5488 indigebunt.
779 5415 970 5471 Fortes
1011 5417 1261 5471 similiter
1295 5415 1349 5470 in
1380 5414 1520 5468 malo
1547 5413 1749 5468 intelli-

165 5508 773 5583 gimusad-miscendam
789 5506 997 5562 scilicet
1021 5508 1356 5572 ebrietatem,
1380 5507 1464 5561 vel
1489 5506 1555 5560 ad
1585 5505 1743 5561 ﬁdem

168 5579 398 5658 aliorum
457 5579 893 5656 subvertendam.
955 5599 1107 5653 Servi
1163 5609 1388 5670 peccato
1445 5600 1744 5655 servientes

167 5701 312 5758 sunt,
358 5693 484 5762 quia
531 5692 619 5761 qui
656 5690 784 5744 facit
825 5699 1137 5759 peccatum,
1177 5707 1368 5748 servus
1401 5701 1482 5746 est
1516 5690 1741 5762 peccati.

171 5781 351 5839 Liberi
379 5799 406 5835 a
433 5781 662 5851 justitia,
696 5780 746 5834 id
762 5791 844 5836 est
867 5780 1069 5835 alienia
1091 5781 1299 5850 justitia
1317 5801 1329 5847 ;
1347 5785 1485 5838 unde
1506 5784 1702 5838 Paulus
1727 5801 1740 5837 :

172 5877 302 5934 Cum
357 5876 490 5932 servi
556 5875 732 5930 essetis
786 5875 1013 5942 peccati,
1072 5875 1220 5929 liberi
1285 5877 1458 5946 fuistis
1519 5879 1744 5948 justitia:

647 5967 918 6027 Parnm.
967 5967 1218 6028 CXVII.

1773 4650 1829 4711 D

1856 3407 2053 3461 mutire
2095 3415 2285 3460 contra
2313 3405 2466 3470 illos,
2505 3415 2561 3462 et
2601 3408 2827 3463 verbum
2855 3409 3102 3464 veritatis
3129 3409 3314 3466 efflare
3341 3412 3439 3464 ad-

1852 3515 2042 3555 versus
2072 3499 2234 3564 idola,
2254 3507 2313 3553 ut
2343 3499 2584 3554 diceret:
2619 3497 2734 3555 Non
2766 3508 2895 3554 sunt
2914 3500 3010 3564 dii,
3038 3501 3128 3570 qui
3162 3500 3440 3556 hominum

1855 3605 2015 3644 manu
2045 3589 2372 3655 efﬁciuntur,
2403 3590 2496 3645 sed
2525 3599 2651 3645 sunt
2675 3590 2964 3646 simulacra
2993 3592 3060 3646 ad
3091 3592 3317 3648 nihilum
3345 3594 3421 3648 uti

1853 3681 1945 3736 lia.
1977 3681 2034 3736 In
2069 3690 2211 3736 terra
2241 3690 2418 3736 autem
2453 3680 2740 3736 diversitas
2770 3681 3194 3752 provinciarum,
3222 3683 3275 3737 in
3301 3682 3442 3737 mari

1851 3791 1982 3831 vero
2009 3777 2426 3829 iunumerositas
2455 3775 2770 3845 designatur
2793 3775 3111 3830 insularum.
3145 3776 3250 3831 Per
3287 3780 3442 3833 arbo-

1855 3879 1942 3918 res
1979 3877 2194 3932 quoque
2231 3864 2602 3933 intelliguntur
2644 3864 2890 3919 homines
2933 3865 3158 3936 singuli,
3205 3867 3330 3936 quia
3374 3869 3442 3922 ab

1853 3954 2207 4010 universitate
2242 3955 2383 4008 redit
2408 3955 2474 4008 ad
2503 3954 2912 4025 specialitatem,
2937 3955 3062 4026 quia
3092 3958 3192 4027 ipsi
3235 3959 3438 4013 deamo-

1854 4058 2166 4100 aesomnes
2207 4043 2452 4098 homines
2497 4044 2550 4098 in
2594 4043 2678 4100 his
2705 4053 2937 4113 quatuor
2965 4047 3142 4116 regnis
3163 4047 3440 4118 degentes,

1853 4152 1954 4209 pro
1979 4151 2078 4191 suo
2104 4136 2362 4192 tenebant
2384 4135 2636 4191 astrictos
2663 4137 2905 4192 servitio.

1924 4227 1992 4282 Et
2017 4227 2121 4282 vidi
2148 4225 2372 4280 alterunt
2399 4226 2640 4297 angelum
2663 4235 3022 4283 ascendentem
3046 4230 3110 4284 ab
3145 4239 3263 4284 ortu
3290 4233 3439 4300 solis,

1853 4319 2126 4374 habentem
2169 4320 2375 4389 signum
2416 4317 2512 4371 Dei
2558 4318 2687 4383 vivi,
2723 4328 2771 4372 et
2808 4318 3050 4374 clamauit
3096 4338 3216 4376 voco
3247 4339 3440 4394 magna

1852 4421 2081 4480 quatuor
2105 4413 2324 4484 angelis,
2343 4413 2532 4484 quibus
2562 4413 2744 4466 datum
2767 4421 2843 4468 est
2870 4430 3052 4470 nocere
3079 4425 3232 4470 teme
3250 4427 3298 4470 et
3324 4434 3434 4471 ma-

1853 4505 1920 4568 ri,
1953 4503 2134 4558 dicens
2173 4520 2191 4558 :
2223 4502 2400 4560 Nolite
2436 4519 2618 4558 nocere
2647 4514 2800 4558 terra:
2827 4515 2872 4558 et
2919 4507 3054 4560 mari
3096 4525 3256 4579 neque
3286 4507 3414 4562 orbo

1854 4595 2016 4650 ribus.
2041 4594 2193 4651 Alius
2221 4595 2444 4666 angelus
2469 4596 2754 4651 Dominum
2783 4597 3050 4668 signiﬁcat
3072 4597 3252 4655 Iesum
3283 4599 3410 4656 Chri

1853 4697 2021 4753 stum,
2049 4689 2115 4742 de
2157 4703 2264 4757 quo
2304 4689 2566 4760 scriptum
2611 4697 2733 4744 est:
2769 4686 3050 4745 Vocabitur
3091 4709 3278 4748 nomen
3322 4695 3437 4766 ejus

1854 4779 2034 4847 magni
2065 4778 2276 4833 consilii
2299 4779 2522 4851 angelus
2551 4778 2685 4849 (lsa.
2721 4780 2819 4853 ix).
2842 4782 2922 4836 Ab
2948 4793 3070 4838 ortu
3095 4785 3222 4841 solis
3249 4803 3406 4842 ascen
3436 4819 3440 4824 -

1855 4870 1952 4935 dit,
1979 4871 2105 4940 quia
2147 4872 2305 4928 tertia
2343 4873 2428 4927 die
2472 4875 2769 4928 resurrexit
2802 4890 2835 4928 a
2877 4878 3122 4942 mortuis,
3151 4887 3206 4932 et
3230 4895 3325 4934 sua
3355 4896 3432 4935 re-

1854 4961 2194 5017 surrectione
2216 4970 2387 5017 totum
2417 4965 2674 5019 mundum
2699 4965 3018 5021 illuminavit
3046 4982 3141 5037 per
3160 4970 3437 5040 evangeli-

1855 5067 1975 5107 cam
1998 5053 2324 5108 doctrinam.
2356 5053 2509 5109 Unde
2534 5055 2818 5110 Psalmista
2849 5056 2976 5111 dicit
3013 5074 3027 5110 :
3073 5055 3176 5121 Qui
3205 5061 3437 5114 ascendit

1851 5159 2008 5213 super
2030 5158 2294 5210 occasura,
2334 5144 2590 5200 Dominus
2616 5162 2802 5202 nomen
2831 5154 2914 5200 est
2938 5146 3017 5200 illi
3039 5146 3212 5218 (Psal.
3247 5155 3438 5219 van).

1855 5233 2013 5288 Venit
2034 5249 2163 5304 ergo
2193 5236 2260 5290 ab
2283 5245 2406 5290 ortu
2437 5236 2586 5303 solis,
2622 5249 2678 5292 et
2705 5237 2960 5307 praecepit
2999 5247 3234 5309 quatuor
3273 5259 3436 5314 ange-

1850 5323 1938 5384 lis,
1979 5340 2048 5380 ne
2078 5336 2337 5382 nocerent
2367 5337 2524 5383 terra:
2553 5337 2608 5382 et
2632 5328 2790 5396 mari,
2820 5329 2950 5398 quia
2977 5345 3205 5403 surgens
3227 5349 3257 5388 a
3289 5350 3438 5390 mor-

1853 5415 1979 5480 tuis,
2024 5417 2303 5484 prohibuit
2343 5419 2616 5475 dzemones
2644 5434 2676 5473 a
2719 5418 2938 5476 lzesione
2976 5436 3194 5488 eorum,
3230 5427 3321 5494 qui
3372 5431 3438 5482 ad

1853 5507 2016 5560 vitam
2039 5516 2294 5564 :eternam
2324 5519 2447 5566 sunt
2487 5510 2872 5580 praedestinati.
2897 5511 3051 5569 Unde
3081 5523 3134 5569 et
3163 5515 3275 5584 ipsa
3309 5533 3440 5585 qua-

1851 5606 1976 5654 tuor
2001 5614 2165 5671 regna
2208 5603 2309 5657 sibi
2356 5603 2611 5668 subdidit,
2650 5612 2706 5659 et
2735 5605 2805 5660 ad
2844 5606 3088 5661 notitiam
3133 5618 3188 5663 et
3218 5610 3284 5662 ad
3319 5611 3438 5664 cul-

1850 5700 1966 5747 tum
1995 5693 2154 5748 unius
2181 5693 2275 5748 Dei
2303 5697 2553 5765 perduint
2578 5735 2592 5759 ,
2625 5696 2748 5751 hinc
2775 5705 2858 5752 est
2899 5697 3042 5766 quod
3081 5697 3437 5754 Nabuchodo-

1850 5799 2016 5839 nosor
2041 5786 2175 5840 vidit
2201 5785 2429 5856 lapidem
2461 5789 2741 5857 praecisum
2768 5788 2834 5842 de
2863 5800 3064 5856 monte,
3095 5790 3185 5859 qui
3216 5807 3436 5860 percus-

1852 5878 1922 5931 sit
1950 5886 2182 5932 statuam
2209 5880 2260 5933 iu
2303 5878 2491 5936 ferreis
2524 5881 2772 5951 pedibus,
2800 5887 2853 5934 et
2891 5881 3207 5935 comminuit
3227 5883 3436 5942 pariter

2924 5975 3001 6034 33
