4000 6344
983 417 1340 474 HAYMONIS
1375 413 1859 472 HALBERSTAT.
1895 411 2112 469 EPISC.
2151 411 2302 470 OPP.
2343 409 2525 468 PARS
2563 410 2610 468 1.
2637 425 2710 450 £-
2733 407 3094 468 COIIMENT.
3132 408 3307 467 BlBL.

3679 411 3824 475 ιωσ

535 550 749 599 aurum,
779 537 1060 604 argentum
1085 570 1103 597 ,
1147 539 1206 585 et
1241 543 1335 585 aes.
1380 529 1440 584 In
1467 544 1600 584 auro
1623 527 1769 582 enirn
1800 524 2118 596 intelligitur
2141 526 2197 588 Α
2221 524 2466 596 draginta
2491 531 2616 580 octo
2653 523 2816 579 millia
2847 523 2999 578 ﬁant.
3033 523 3105 580 Ut
3127 540 3257 580 vero
3281 527 3426 596 quod
3449 527 3730 596 credidit,
3757 533 3822 588 ad

535 643 762 697 regnum
808 623 1178 694 Assyriorum,
1216 621 1271 676 in
1310 629 1534 692 argento
1577 619 1876 681 Medorum,
1925 619 1978 672 in
2008 632 2119 673 aere

535 719 825 775 Persarum
853 724 909 770 et
931 713 1303 779 Macedonum,
1343 713 1399 767 in
1428 711 1574 766 ferto
1599 726 1820 781 regnum
1843 709 2118 764 Romano-

537 824 657 866 rum
685 807 1036 878 signiﬁcatur.
1078 805 1328 861 Christus
1362 805 1505 860 enim
1535 811 1695 858 natus
1723 803 1790 857 de
1826 802 1997 870 stirpe
2025 797 2117 855 Ju-

535 904 713 969 daica,
758 903 874 958 sine
914 915 1077 972 opere
1101 898 1372 964 maritali,
1397 911 1498 968 per
1525 895 1962 968 prmdicationem
1987 908 2119 964 apo-

535 995 799 1050 stolorum
826 993 1090 1064 percussit
1120 991 1518 1047 extremitatem
1549 989 1699 1060 regni
1726 987 2113 1051 Romanorum,

534 1096 590 1143 et
619 1097 747 1142 tunc
774 1085 997 1157 prmfata
1026 1085 1206 1140 omnia
1221 1083 1399 1139 smculi
1418 1098 1580 1154 regna
1601 1081 1875 1144 contrivit,
1899 1096 2022 1149 quae
2041 1079 2116 1134 illi

537 1179 964 1249 erantsubjecta.
991 1177 1151 1246 Lapis
1164 1184 1342 1230 autem
1357 1175 1545 1237 crevit,
1569 1181 1624 1228 et
1644 1173 1936 1227 suscitatus
1959 1178 2042 1227 est
2062 1171 2118 1224 in

536 1283 785 1340 regnum,
805 1268 951 1336 quod
976 1268 1027 1320 in
1061 1273 1323 1320 internum
1353 1280 1460 1320 non
1500 1263 1865 1332 dissipabitur.
1893 1261 2044 1317 Unde
2065 1269 2120 1316 et

535 1359 806 1422 subditur,
837 1355 1192 1426 Quoadusqae
1222 1357 1479 1425 signemus
1509 1369 1681 1409 servos
1721 1354 1817 1408 Dei
1849 1356 2024 1408 nostri
2063 1353 2120 1408 in

537 1448 796 1520 frontibus
825 1464 1026 1502 eorum.
1061 1445 1159 1501 Ubi
1190 1445 1530 1510 intuendum,
1558 1445 1684 1516 quia
1706 1460 1829 1500 cum
1871 1444 2122 1515 superius

537 1554 700 1594 unum
731 1536 978 1607 angelum
1005 1551 1063 1592 se
1082 1535 1283 1589 vidisse
1311 1535 1457 1588 dicat
1480 1533 1733 1599 Joannes,
1762 1534 1876 1604 ipse
1899 1533 2120 1605 angelus

537 1643 679 1683 nunc
719 1626 1002 1698 pluraliter
1032 1625 1268 1694 loquitur
1297 1623 1483 1680 dicens
1507 1641 1522 1678 :
1555 1623 1917 1693 Quoadusque
1944 1624 2121 1692 signe-

538 1735 677 1786 mus,
705 1734 805 1790 ego
829 1718 1036 1775 scilicet
1060 1727 1115 1772 et
1133 1717 1363 1788 apostoli
1388 1717 1511 1771 mei.
1538 1715 1689 1784 Quod
1710 1717 1854 1772 enim
1877 1716 2122 1772 fecerunt

539 1811 803 1883 apostoli,
855 1811 972 1881 ipse
1004 1808 1254 1865 Christus
1298 1808 1446 1874 fecit,
1489 1808 1582 1879 qui
1629 1808 1684 1862 in
1735 1807 1862 1878 ipsis
1909 1807 2124 1862 habitat

2222 617 2505 672 Trinitatis
2527 617 3041 688 contemplationem
3085 619 3378 688 pertingat,
3417 636 3652 676 rursum
3695 639 3822 692 qua-

2220 709 2466 780 draginta
2489 716 2615 765 octo
2641 707 2810 763 millia
2833 717 2918 763 ter
2943 707 3394 778 multiplicantur,
3421 712 3583 766 etde
3609 725 3677 766 se
3701 725 3823 768 cen-

2219 809 2334 856 tum
2381 800 2738 872 quadraginta
2789 807 3020 869 quatuor
3072 799 3240 854 millia
3283 799 3530 855 reddant.
3599 800 3742 856 Nam
3770 813 3821 857 et

2217 891 2564 947 centenarias
2613 903 2893 955 numerus,
2947 889 3040 959 qui
3097 905 3129 944 a
3182 889 3313 945 laeva
3369 891 3714 946 transfertur
3757 893 3820 946 ad

2219 984 2542 1049 dexteram,
2583 983 2898 1054 generalem
2935 982 3207 1054 signiﬁcat
3247 993 3576 1040 sanctorum
3627 1001 3818 1040 nume-

2221 1089 2361 1140 rum,
2393 1075 2484 1146 qui
2516 1075 2571 1129 in
2600 1073 2932 1144 perfectione
2971 1074 3156 1146 operis
3201 1074 3425 1140 inventi,
3480 1076 3541 1130 in
3598 1076 3816 1131 dextera

2219 1176 2350 1223 sunt
2375 1166 2691 1224 collocandi.

2293 1259 2380 1314 Ex
2410 1259 2548 1313 tribu
2578 1258 2724 1312 Iuda
2760 1257 3036 1313 duodecim
3067 1257 3236 1313 millia
3279 1257 3496 1329 signati.
3533 1259 3816 1317 Manifesta

2221 1354 2278 1410 in
2307 1353 2410 1408 hoc
2435 1351 2556 1407 loco
2577 1351 2901 1417 ostenditur,
2944 1367 3050 1406 non
3079 1366 3182 1406 nos
3201 1351 3400 1407 debere
3421 1352 3516 1407 hic
3537 1354 3811 1408 carnalem

2221 1445 2474 1514 accipere
2497 1443 2932 1514 generationem,
2959 1458 3057 1514 per
3084 1444 3190 1498 hoc
3207 1443 3352 1513 quod
3375 1459 3487 1498 non
3513 1445 3811 1500 secundum

2223 1538 2469 1594 ordinem
2500 1536 2800 1590 nativitatis
2839 1551 2952 1590 suae
2989 1535 3086 1590 ﬁlii
3109 1534 3278 1592 Jacob
3301 1545 3593 1607 ponuntur
3623 1539 3680 1592 in
3719 1541 3810 1593 hoc

2221 1627 2491 1696 catalogo.
2519 1625 2655 1681 Nam
2680 1622 2845 1680 ludas
2883 1625 2975 1695 qui
3004 1625 3096 1680 hic
3120 1627 3332 1697 primus
3353 1628 3612 1696 ponitur,
3643 1630 3810 1698 utique

2222 1731 2420 1796 quarto
2463 1722 2582 1778 loco
2633 1728 2792 1776 natus
2819 1728 2920 1776 est.
2947 1718 3064 1804 Cari
3102 1735 3320 1792 quoque
3351 1721 3443 1778 hic
3483 1731 3578 1778 est
3609 1723 3806 1789 tertias,

2225 1814 2300 1872 ibi
2338 1821 2563 1868 octavus
2610 1810 2899 1866 invenitur.
2950 1809 3212 1866 Similiter
3254 1811 3322 1866 de
3359 1813 3584 1867 caeteris
3631 1815 3810 1868 catili-

530 1904 682 1976 juxta
698 1902 826 1958 illud
853 1921 868 1958 :
897 1901 1034 1957 Ecce
1055 1919 1150 1973 ego
1171 1903 1438 1956 vobiscum
1468 1916 1583 1954 sum
1609 1915 1769 1971 usque
1793 1900 1863 1954 ad
1883 1914 2126 1954 consum-
2151 1893 2204 1956 Β
2229 1903 2509 1958 tuendum.
2538 1901 2692 1969 Quod
2715 1915 2886 1970 quare
2917 1899 3122 1955 factum
3158 1901 3247 1967 sit,
3271 1901 3388 1972 ipsa
3421 1903 3706 1958 nominum
3735 1903 3809 1956 in-

534 1999 815 2052 mationem
841 1995 1022 2052 διεσαιί
1062 1994 1280 2064 (Matth.
1322 1994 1537 2064 xxvnt).
1579 1993 1806 2064 Signum
1844 1993 1974 2056 hoc,
2013 2009 2122 2064 quo

535 2089 818 2160 signantur
834 2101 1026 2146 omnes
1045 2087 1188 2143 servi
1209 2088 1303 2142 Dei
1325 2087 1378 2141 in
1403 2086 1689 2152 frontibus,
1713 2087 1886 2157 ipsum
1909 2088 2124 2156 signum

535 2188 620 2236 est
643 2187 845 2236 sancta:
865 2178 1063 2243 crucis,
1093 2179 1236 2248 quod
1259 2177 1444 2233 ﬁdeles
1471 2179 1527 2233 in
1551 2178 1794 2233 Ecclesia
1817 2177 2122 2249 dupliciter,

535 2269 590 2324 in
620 2283 849 2340 corpore
875 2268 1084 2324 scilicet
1113 2277 1170 2324 et
1192 2268 1390 2332 anima,
1419 2276 1660 2338 portant.
1687 2268 1744 2322 ln
1770 2281 1996 2336 corpore
2019 2269 2150 2332 sei-_

535 2359 679 2423 licet,
709 2359 836 2428 quia
877 2359 1162 2429 signantur
1197 2359 1252 2413 in
1289 2359 1465 2414 fronte
1509 2358 1562 2412 in
1597 2358 1814 2413 nomine
1855 2358 2032 2414 Patris
2072 2366 2127 2414 et

533 2447 657 2504 Filii
685 2457 738 2506 et
776 2447 1008 2520 Spiritus
1037 2449 1229 2502 sancti.
1268 2447 1324 2501 ln
1349 2448 1533 2502 anima
1565 2462 1712 2513 vero,
1754 2449 1880 2517 quia
1923 2447 2126 2503 Christi

536 2539 846 2610 paSsionem
875 2538 1178 2602 imitantur,
1225 2537 1602 2606 cruciligentes
1645 2552 1703 2592 se
1743 2553 1868 2591 cum
1901 2537 2049 2592 vitiis
2073 2545 2128 2592 et

537 2626 1010 2697 concupiscentiis.
1065 2624 1218 2680 Unde
1265 2625 1322 2679 in
1371 2623 1553 2680 Veteri
1599 2625 1944 2681 Testamento
1995 2641 2127 2696 pran-

540 2727 755 2788 ccptum
786 2727 891 2783 est,
926 2726 986 2771 ut
1029 2731 1193 2788 super
1221 2727 1525 2787 antrumque
1567 2717 1732 2774 limen
1757 2718 1825 2773 de
1865 2719 2127 2790 sanguine

537 2807 660 2878 agni
689 2815 968 2876 ponerent,
1001 2806 1128 2877 quia
1175 2821 1280 2861 non
1315 2807 1536 2877 prodest
1577 2806 1678 2862 hoc
1723 2807 1937 2879 signum
1983 2817 2130 2863 exte-

535 2897 649 2952 rius
674 2897 988 2967 quidquam,
1017 2897 1120 2952 nisi
1151 2895 1327 2968 ipsum
1366 2898 1488 2968 quis
1512 2898 1743 2968 accipiat
1769 2907 1824 2954 et
1859 2899 2125 2954 interius:

535 2989 670 3043 ﬁdes
709 2989 854 3043 enim
895 2989 942 3044 si
979 3003 1084 3044 non
1127 2987 1326 3044 habeat
1372 3005 1561 3059 opera,
1591 3000 1802 3046 mortua
1832 3001 1935 3047 est.
1989 2992 2130 3048 Dicit

534 3098 664 3152 ergo
695 3097 709 3135 :
743 3081 918 3138 Nolite
957 3096 1152 3137 nocere
1182 3091 1340 3136 terra:
1379 3092 1435 3138 et
1470 3084 1649 3149 mari,
1689 3099 1863 3154 neque
1913 3085 2127 3140 arbori-

533 3174 657 3241 bus,
688 3176 1038 3246 quoadusque
1060 3174 1335 3244 signemus
1361 3190 1547 3231 servos
1578 3175 1675 3230 Dei
1698 3177 1870 3232 nostri
1899 3177 1952 3230 in
1981 3176 2130 3234 fron-

2225 1995 2544 2066 terpretatio
2571 1992 2886 2048 manifesuat
2919 2009 2934 2048 :
2965 1991 3136 2048 ludas
3179 1994 3380 2066 quippe
3425 1996 3807 2066 interpretatur

2227 2087 2497 2143 confessio
2525 2086 2640 2140 sive
2667 2085 2914 2150 laudans,
2945 2085 2998 2140 in
3043 2101 3152 2156 quo
3189 2086 3428 2142 Ecclesia
3458 2088 3808 2159 comprehen-

2227 2182 2390 2245 ditur;
2429 2189 2550 2250 qua:
2569 2179 2642 2234 de
2674 2179 2911 2248 peccatis
2941 2179 3234 2248 praeteritis
3265 2182 3648 2250 ptenitentiam
3681 2182 3808 2253 agit,

2228 2280 2278 2328 et
2311 2286 2343 2326 a
2367 2271 2525 2326 laude
2547 2269 2822 2326 Creatoris
2844 2286 2954 2325 non
2977 2270 3459 2328 eessat.Coniiteor
3477 2275 3621 2328 extim
3646 2273 3813 2344 aqui-

2228 2378 2420 2418 vocunt
2443 2361 2689 2426 verbum,
2711 2369 2770 2415 et
2789 2369 2888 2431 pro
2901 2362 3246 2418 confessione
3267 2365 3470 2434 ponitur
3488 2375 3542 2419 et
3563 2379 3665 2436 pro
3687 2364 3806 2418 lauv

2229 2452 2316 2508 de.
2358 2451 2512 2508 Unde
2548 2450 2808 2506 Dominus
2831 2467 2845 2504 :
2871 2448 3138 2521 Confiteor
3153 2453 3269 2518 tibi,
3291 2451 3437 2507 Pater
3457 2454 3572 2508 ccli
3605 2467 3654 2508 et
3697 2464 3808 2508 ter-

2226 2561 2304 2600 ra:
2329 2542 2547 2616 (Matth.
2565 2544 2664 2614 ιι).
2693 2543 3541 2615 EtPsalmistaeConﬁtebortibi,
3567 2547 3812 2614 Domine,

2229 2635 2282 2690 in
2329 2644 2434 2690 toto
2469 2635 2624 2689 corde
2649 2649 2761 2690 meo
2795 2633 2973 2707 (Psal.
3005 2643 3267 2704 cxxxvn).
3303 2638 3488 2692 Ruben
3515 2641 3717 2696 dicitur
3741 2639 3816 2696 vi—

2231 2725 2366 2781 dens
2395 2726 2586 2782 ﬁlium.
2615 2725 2684 2781 Et
2711 2726 2764 2782 in
2793 2729 2895 2782 hoc
2933 2727 3051 2784 loco
3083 2729 3254 2798 ipsam
3287 2729 3591 2786 Ecclesiam
3619 2732 3816 2803 signiﬁ-

2231 2828 2318 2874 cat
2340 2860 2355 2885 ,
2385 2835 2506 2889 qua:
2544 2819 2715 2884 ﬁlios,
2750 2819 2801 2874 id
2821 2828 2908 2874 est
2935 2821 3076 2875 bona
3111 2836 3274 2891 opera
3307 2821 3475 2876 videt.
3509 2809 3668 2879 Unde
3696 2834 3811 2879 est:

2231 2916 2428 2972 Videas
2455 2917 2594 2972 ﬁlios
2631 2916 2865 2972 ﬁliorum
2907 2927 3144 2974 tuorum.
3177 2915 3305 2974 ﬁlii
3333 2920 3537 2990 quippe
3565 2917 3814 2985 ﬁliorum,

2231 3009 2550 3081 intelligitur
2587 3011 2953 3067 remuneratio
2994 3021 3240 3083 operum.
3289 3011 3607 3083 Spiritusiis
3645 3014 3816 3082 itaque

2231 3107 2319 3159 est
2343 3104 2448 3158 ista
2473 3104 2746 3174 prosapia,
2785 3104 2914 3174 quia
2955 3109 3012 3160 et
3054 3105 3106 3159 in
3130 3091 3266 3160 inda
3295 3107 3580 3176 princessit
3612 3106 3818 3160 initium

2231 3196 2660 3262 confessionum,
2711 3203 2769 3252 et
2805 3197 2866 3251 in
2907 3196 3102 3252 Ruben
3143 3199 3445 3254 succedunt
3485 3197 3816 3254 incremmth

535 3266 680 3321 tibus
706 3282 917 3333 eorum,
945 3282 1010 3322 ac
1032 3267 1078 3322 si
1109 3267 1312 3322 diceret
1335 3283 1350 3324 :
1373 3267 1546 3323 Nolite
1571 3268 1767 3325 laedere
1790 3269 1909 3325 illos
1935 3271 2028 3341 qui
2056 3272 2125 3327 ad
2152 3257 2200 3328 ρ.
2233 3287 2515 3342 virtutum.
2553 3257 2658 3354 Qui
2679 3287 2732 3342 st
2759 3287 2976 3357 'pr'itnus
2998 3295 3309 3359 poneretur,
3349 3287 3487 3345 ora;
3525 3286 3818 3344 nativitatis

535 3359 702 3414 vitam
733 3369 994 3415 aeternam
1008 3368 1135 3414 sunt
1158 3360 1504 3429 praeordinati
1531 3372 1658 3418 ante
1680 3363 1860 3419 omnia
1889 3365 2120 3432 sucula;

537 3452 680 3506 unde
708 3451 998 3522 Apostolus
1025 3470 1039 3506 :
1066 3450 1170 3517 Qui
1195 3453 1347 3522 elegit
1386 3470 1478 3508 nos
1511 3465 1630 3510 ante
1659 3456 1841 3510 mundi
1867 3459 2124 3512 constitit-

537 3546 730 3598 tionem
755 3546 810 3599 in
833 3545 1163 3614 adoptionem
1184 3544 1418 3613 ﬁliorum
1447 3547 1542 3600 Dei
1565 3547 1783 3618 (Ephes.
1815 3548 1879 3618 ι).

609 3635 680 3690 Et
705 3636 885 3690 audiri
911 3651 1184 3690 numerum
1207 3637 1533 3706 signatorum
1553 3648 1756 3693 centum
1775 3640 2127 3713 quadraginta

535 3736 767 3798 quatuor
791 3725 959 3780 millia
990 3725 1183 3796 signati
1215 3741 1282 3781 ea:
1315 3728 1456 3781 omni
1493 3728 1635 3782 tribu
1662 3729 1898 3798 filiorum
1929 3729 2120 3787 Israel.

536 3820 593 3876 In
619 3821 722 3876 hoc
751 3819 872 3876 loco
907 3819 1092 3875 ﬁnitus
1117 3820 1338 3890 ponitur
1378 3834 1477 3892 pro
1511 3819 1724 3877 inﬁnito
1751 3836 1850 3878 nec
1889 3823 2129 3893 pertinet

536 3918 874 3975 solummodo
921 3917 989 3973 ad
1039 3917 1324 3975 duodecim
1355 3919 1526 3975 tribus
1548 3917 1785 3976 ﬁlion
1809 3918 1993 3987 lsrael,
2033 3920 2130 3976 sed

537 4011 607 4066 ad
633 4025 850 4067 omnem
875 4008 1202 4077 Eeclesiam,
1225 4026 1346 4081 quae
1373 4017 1479 4080 per
1501 4012 1643 4067 hunc
1663 4023 1949 4070 numerum
1971 4028 2121 4070 com-

536 4102 892 4172 prehenditur
920 4102 972 4155 in
1005 4101 1118 4156 suis
1153 4101 1362 4168 eiectis,
1385 4102 1531 4173 quod
1551 4103 1718 4159 etiam
1735 4115 1932 4161 natura
1956 4106 2130 4176 ipsius

536 4193 749 4248 numeri
789 4193 1146 4247 demonstrat.
1193 4191 1490 4248 Ternarius
1525 4195 1672 4248 enim
1715 4207 1989 4251 summum
2037 4197 2130 4252 bo-

537 4303 664 4342 num
693 4285 990 4355 signiﬁcat,
1017 4286 1071 4341 id
1095 4293 1181 4341 est
1205 4295 1449 4342 uinctam
1464 4286 1804 4344 Trinitatem.
1823 4289 2130 4357 Quaterna-

537 4381 652 4434 rius
687 4394 817 4434 vero
856 4388 1106 4434 sacratus
1141 4389 1229 4434 est
1257 4379 1506 4434 similiter
1551 4387 1773 4452 propter
1797 4391 2031 4454 quatuor
2059 4383 2128 4438 lia-

537 4474 664 4528 bros
690 4471 984 4542 Evangelii.
1023 4469 1120 4526 Vel
1144 4479 1363 4540 propter
1383 4480 1616 4541 quatuor
1627 4473 1847 4528 nuntina
1865 4475 2128 4544 paradisi,

538 4564 654 4618 sive
681 4563 844 4616 etiam
867 4571 1088 4631 propter
1105 4569 1338 4632 quatuor
1362 4571 1546 4632 partes
1572 4566 1888 4630 niundi,scu
1902 4578 2132 4640 propter

2225 3393 2342 3435 suae
2379 3377 2822 3435 eunfundereturt
2864 3375 3022 3435 Prius
3059 3379 3203 3435 enim
3233 3379 3544 3436 recudin‘rm
3571 3395 3674 3452 per
3699 3395 3818 3436 con-

2223 3473 2518 3530 fessionem
2546 3487 2574 3527 a
2593 3473 2771 3538 malis,
2791 3473 2987 3530 deinde
3011 3473 3326 3544 proﬁcimus
3343 3474 3410 3527 ad
3433 3471 3818 3544 subsmuentia

2226 3567 2389 3630 bona,
2443 3571 2504 3620 ut
2543 3563 2901 3620 inforulemur
2957 3567 3119 3620 rectis
3153 3573 3209 3620 ει
3258 3563 3499 3636 pernis.
3531 3559 3668 3622 Post
3719 3567 3818 3621 llu-

2226 3657 2333 3712 ben
2372 3661 2518 3711 recte
2550 3655 2768 3726 ponitur
2795 3653 2954 3722 God,
3001 3658 3094 3728 qui
3137 3653 3366 3713 tén'ta’tiﬁ
3407 3657 3819 3729 interpretatur,

2229 3747 2356 3818 quia
2405 3747 2543 3803 bene
2586 3751 2874 3818 cperant‘es
2911 3747 3052 3804 solet
3098 3748 3328 3818 probare
3378 3749 3628 3805 tentatio.
3673 3745 3820 3806 Unde
3881 3741 3884 3746 ’

2231 3835 2446 3892 cuidam
2469 3838 2701 3893 dicitur:
2727 3837 2864 3905 Quia
2898 3847 3151 3912 acceptus
3185 3847 3304 3895 erat
3329 3837 3578 3907 Domino,
3601 3851 3822 3898 access

2228 3925 2332 3981 mu
2359 3935 2421 3982 ut
2448 3928 2673 3982 tentatio
2699 3929 2956 3998 probaret
2977 3935 3032 3984 te
3071 3948 3083 3984 :
3122 3937 3180 3985 et
3216 3931 3342 4000 quia
3380 3935 3573 3987 eontra
3602 3933 3823 3988 eanem

2227 4015 2563 4074 tentatitmes
2599 4019 2780 4074 divina
2813 4019 3012 4075 Virtute
3040 4022 3318 4092 pneciircti
3361 4021 3529 4077 fortes
3558 4025 3822 4088 existunt,

2230 4115 2378 4165 recte
2407 4109 2551 4164 idem
2575 4108 2693 4166 Cad
2724 4111 3001 4168 accinetae
3022 4119 3267 4168 vocatur.
3295 4113 3449 4169 Unde
3486 4113 3821 4168 Psalmista:

2230 4199 2570 4257 Preciaxiui
2597 4217 2678 4258 me
2699 4203 2886 4259 virtuts
2912 4205 2982 4259 ad
3003 4205 3191 4260 bellum
3217 4203 3390 4278 (Pent.
3420 4207 3583 4277 arti).
3613 4204 3825 4276 thuia

2229 4293 2406 4350 sancti
2445 4293 2629 4350 clauso
2647 4297 2790 4351 ostio
2817 4305 2982 4352 oram
3007 4296 3256 4364 Patrem,
3281 4306 3337 4352 et
3375 4304 3474 4352 sua
3517 4309 3694 4368 opera
3743 4301 3825 4351 in-

2232 4397 2497 4459 quantum
2533 4397 2762 4460 possunt
2789 4388 2962 4444 latori
3012 4390 3250 4446 humano
3279 4389 3476 4454 celant,
3519 4399 3584 4443 'ut
3607 4390 3709 4459 qni
3752 4389 3826 4444 ri-

2232 4479 2326 4535 det
2355 4479 2411 4535 in
2438 4481 2755 4537 abscondito
2791 4481 2871 4537 eis
2911 4482 3120 4538 reddat.
3145 4481 3318 4537 Recte
3359 4481 3524 4536 etiam
3567 4482 3826 4536 convenit

2233 4573 2377 4642 quod
2421 4571 2565 4628 idem
2609 4571 2727 4628 Gad
2774 4573 3109 4630 latrunculos
3146 4575 3363 4630 dicitur.
3401 4574 3472 4629 Et
3507 4575 3640 4644 quia
3681 4575 3825 4630 illata

537 4664 771 4726 quatuor
818 4656 1043 4710 virtutes
1078 4655 1420 4726 principales.
1467 4658 1596 4714 Sive
1641 4660 1808 4731 igitur
1861 4619 2128 4721 ducantur
2155 4619 2208 4691 9
2234 4619 2460 4722 :tiltlaiio
2481 4667 2738 4738 probatos
2758 4678 3012 4734 coronat,
3039 4674 3275 4739 congrue
3299 4675 3422 4740 post
3439 4619 3563 4725 81:1
3583 4683 3605 4723 :

538 4749 641 4804 tria
669 4763 768 4818 per
791 4759 1024 4817 quatuor
1046 4749 1161 4804 sive
1181 4759 1412 4820 quater
1433 4767 1530 4822 per
1559 4754 1682 4819 tria,
1711 4753 1996 4813 duodecim
2042 4759 2127 4815 tau

538 4841 707 4906 ciunt,
739 4839 832 4910 qui
857 4847 912 4896 et
950 4839 1065 4910 ipse
1095 4850 1340 4898 sacratus
1357 4853 1444 4898 est
1468 4851 1688 4917 propter
1714 4847 1996 4905 duodecim
2026 4852 2124 4906 tri-

538 4933 641 4987 bus
663 4931 848 5022 israel,
875 4940 935 4988 et
957 4941 1177 5003 propter
1215 4933 1496 4990 duodecim
1541 4939 1833 5008 apostolus.
1881 4935 2127 5000 Hilienaa

540 5024 660 5079 rius
705 5023 850 5078 enim
895 5033 1153 5080 numerus
1199 5025 1587 5095 perfectionem
1640 5031 1946 5103 signiﬁcat,
1998 5037 2126 5107 quia

541 5129 684 5186 saepe
707 5125 806 5186 pro
823 5115 1175 5172 universitate
1189 5118 1438 5189 ponitur.
1457 5119 1612 5178 Unde
1637 5131 1724 5180 est
1743 5141 1755 5178 :
1771 5123 1947 5192 Verbi,
1980 5131 2120 5200 quod

541 5207 806 5262 mandavit
838 5206 896 5260 in
917 5206 1067 5262 etilli
1089 5211 1449 5278 permotiones
1489 5210 1670 5286 (Ptol.
1707 5217 1841 5288 civ).
1880 5218 2124 5277 Ecclesia

541 5296 735 5368 igitur,
761 5297 890 5367 quia
925 5297 1208 5356 Trinitatis
1235 5303 1434 5358 notitia
1475 5315 1546 5360 ex
1593 5308 1862 5366 universis
1894 5317 2125 5381 genera-

543 5388 778 5444 tionibus
806 5399 1146 5462 aggnegatur,
1173 5397 1514 5466 quatuorque
1542 5399 1778 5467 paradisi
1807 5399 2127 5462 ﬂuminibus

543 5479 800 5552 irrigatur
848 5488 906 5536 et
951 5481 1007 5536 in
1051 5486 1288 5552 quatuor
1325 5487 1513 5542 mundi
1558 5497 1742 5559 partes
1777 5491 2122 5562 distenditur,

543 5579 693 5626 recte
743 5571 800 5627 in
847 5571 1112 5629 duodenis
1129 5573 1372 5632 anilibus
1399 5577 1676 5649 ﬁguratur.
1723 5579 1832 5640 Sed
1875 5585 1924 5642 si
1965 5585 2020 5643 in
2061 5601 2127 5647 eo

542 5662 689 5732 quod
727 5663 960 5720 credidit
983 5665 1332 5735 perﬁciatur,
1373 5683 1594 5728 necesse
1627 5681 1713 5730 εει
1747 5685 1806 5731 ιιι
1849 5677 2126 5738 duodena-

546 5753 662 5845 rius
708 5756 934 5812 millium
983 5774 1243 5817 numerus
1278 5763 1484 5833 quadra
1529 5766 1798 5825 soliditate
1841 5769 2120 5845 jungatur.

548 5842 823 5902 Ducannir
855 5857 985 5919 ergo
1011 5850 1292 5914 duodecim
1321 5855 1487 5913 millia
1511 5871 1610 5932 per
1629 5869 1880 5930 quatuor,
1913 5842 1968 5920 ei
1991 5875 2124 5935 qua-

2303 4759 2434 4814 Ast‘r
2458 4759 2694 4830 ponitur,
2733 4760 2829 4830 qui
2857 4759 3050 4816 beatus
3069 4761 3479 4832 interpretator.
3516 4759 3678 4816 Unde
3700 4767 3826 4817 est:

2230 4847 2432 4903 Beatus
2446 4851 2524 4903 uir
2543 4850 2832 4921 quisa/reri
2855 4854 3189 4906 notationem
3213 4849 3356 4925 (tae.
3369 4847 3436 4923 ξ).
3464 4850 3616 4907 Certi
3637 4855 3828 4908 autem

2229 4947 2403 5002 sancti
2431 4946 2497 5001 de
2528 4947 2630 5001 ista
2643 4948 3029 5017 promi‘ssidne,
3047 4963 3154 5005 non
3177 4943 3356 5004 solum
3385 4947 3664 5018 patienter
3679 4947 3828 5004 illata

2227 5038 2330 5094 sibi
2366 5037 2646 5106 perferunt
2681 5039 2842 5105 mala,
2875 5039 2970 5096 sed
3009 5041 3173 5095 etiam
3196 5040 3250 5096 in
3289 5041 3422 5110 ipsis
3457 5039 3830 5097 tribulationi-

2231 5129 2334 5185 bus
2362 5127 2641 5189 constituti
2683 5145 2715 5184 a
2751 5130 3035 5186 latitudine
3061 5129 3348 5187 charitatis
3385 5141 3496 5186 nea
3538 5131 3830 5195 i’écedunt,

2231 5227 2392 5290 atque
2417 5218 2620 5276 idcirco
2657 5227 2779 5291 post
2815 5221 2952 5277 Aser
2985 5219 3325 5292 Weplultalim
3365 5222 3604 5294 punitur,
3628 5221 3833 5292 quiia-

2230 5311 2404 5368 titudo
2440 5312 2848 5382 interpretatur.
2887 5313 2992 5368 Per
3013 5308 3143 5369 illud
3167 5312 3313 5370 enim
3355 5315 3678 5369 mandatum
3705 5329 3832 5370 enr-

2233 5413 2379 5471 t'unt,
2408 5403 2475 5460 de
2492 5419 2600 5476 quo
2624 5403 2911 5462 PsalmiSta
2930 5406 3060 5463 dicit
3084 5405 3306 5462 :Latum
3331 5407 3642 5461 mandaram
3677 5416 3832 5462 tum

2234 5500 2390 5556 nimis
2423 5499 2594 5573 (Paul.
2623 5501 2832 5574 cxvm).
2867 5501 2934 5557 Et
2973 5505 3101 5574 quia
3142 5515 3243 5574 per
3285 5499 3390 5557 hoc
3419 5499 3833 5571 amplissimum

2231 5589 2536 5648 dilectionis
2563 5599 2885 5664 praeceptum
2923 5594 3252 5665 gradientes,
3279 5607 3343 5648 ea
3373 5593 3494 5662 qna
3519 5595 3678 5646 retro
3704 5599 3832 5646 sunt

2231 5683 2486 5741 oblivioni
2509 5685 2748 5752 tradunt,
2777 5695 2832 5742 et
2851 5687 2911 5742 in
2943 5695 3071 5743 ante
3101 5697 3162 5742 se
3191 5683 3510 5748 extendunt,
3533 5697 3712 5752 seque
3735 5697 3830 5753 μεθ

2234 5779 2478 5850 regrinos
2520 5780 2574 5834 in
2617 5781 2720 5835 hac
2757 5779 2866 5836 vita
2910 5791 3032 5838 esse
3079 5779 3450 5850 coitspiciu'nt,
3497 5773 3740 5844 ideoque
3775 5783 3828 5828 et

2232 5869 2506 5928 mendicos
2558 5887 2616 5929 se
2659 5887 2780 5931 esse
2822 5871 3058 5930 fatentur
3082 5913 3098 5939 ,
3135 5867 3261 5942 ivre
3307 5871 3427 5943 pOSt
3474 5863 3828 5938 Nephtbalirn
