  <div class='ocr_page' id='page_1' title='image "/cluster/home/n/w/nwhite01/storage/ocr_20150623/117/hvd.32044015466899/524.png"; bbox 0 0 3972 6434; ppageno 0'>
   <div class='ocr_carea' id='block_1_1' title="bbox 242 424 3525 512">
    <p class='ocr_par' dir='ltr' id='par_1_1' title="bbox 242 424 3525 512">
     <span class='ocr_line' id='line_1_1' title="bbox 242 424 3525 512; baseline 0.004 -14"><span class='ocrx_word' id='word_1_1' title='bbox 242 424 386 498; x_wconf 66' lang='lat' dir='ltr'><strong>tua?</strong></span> <span class='ocrx_word' id='word_1_2' title='bbox 1173 436 1542 497; x_wconf 71' lang='lat' dir='ltr'><strong>nitrosum</strong></span> <span class='ocrx_word' id='word_1_3' title='bbox 1577 434 1649 495; x_wconf 59' lang='grc' dir='ltr'><strong>ιιι</strong></span> <span class='ocrx_word' id='word_1_4' title='bbox 1686 436 2188 501; x_wconf 72' lang='lat' dir='ltr'><strong>APOCALYPSIN.</strong></span> <span class='ocrx_word' id='word_1_5' title='bbox 2223 475 2295 490; x_wconf 89' lang='lat'><strong>—</strong></span> <span class='ocrx_word' id='word_1_6' title='bbox 2327 445 2459 506; x_wconf 81' lang='lat' dir='ltr'><strong>Lm.</strong></span> <span class='ocrx_word' id='word_1_7' title='bbox 2497 445 2562 506; x_wconf 85' lang='grc' dir='ltr'>ιι.</span> <span class='ocrx_word' id='word_1_8' title='bbox 3378 451 3525 512; x_wconf 66' lang='lat' dir='ltr'><strong>rosa</strong></span> 
     </span>
    </p>
   </div>
   <div class='ocr_carea' id='block_1_2' title="bbox 242 548 3530 632">
    <p class='ocr_par' dir='ltr' id='par_1_2' title="bbox 242 548 3530 632">
     <span class='ocr_line' id='line_1_2' title="bbox 242 548 3530 632; baseline 0.005 -20"><span class='ocrx_word' id='word_1_9' title='bbox 242 548 517 613; x_wconf 62' lang='lat' dir='ltr'><strong>lauasset</strong></span> <span class='ocrx_word' id='word_1_10' title='bbox 543 551 783 624; x_wconf 79' lang='lat' dir='ltr'><strong>ponitur,</strong></span> <span class='ocrx_word' id='word_1_11' title='bbox 810 552 900 624; x_wconf 86' lang='lat' dir='ltr'><strong>qui</strong></span> <span class='ocrx_word' id='word_1_12' title='bbox 941 551 1141 610; x_wconf 86' lang='lat' dir='ltr'><strong>oblitus</strong></span> <span class='ocrx_word' id='word_1_13' title='bbox 1179 553 1590 626; x_wconf 73' lang='lat' dir='ltr'><strong>interpretatur,</strong></span> <span class='ocrx_word' id='word_1_14' title='bbox 1621 553 1704 608; x_wconf 85' lang='lat' dir='ltr'><strong>vel</strong></span> <span class='ocrx_word' id='word_1_15' title='bbox 1734 568 1827 608; x_wconf 78' lang='lat' dir='ltr'><strong>ne-</strong></span> <span class='ocrx_word' id='word_1_16' title='bbox 1858 554 1909 624; x_wconf 66' lang='grc' dir='ltr'>Α</span> <span class='ocrx_word' id='word_1_17' title='bbox 1930 558 2052 611; x_wconf 77' lang='lat' dir='ltr'><strong>rum</strong></span> <span class='ocrx_word' id='word_1_18' title='bbox 2091 559 2356 617; x_wconf 86' lang='lat' dir='ltr'><strong>sacriﬁcia</strong></span> <span class='ocrx_word' id='word_1_19' title='bbox 2379 571 2436 617; x_wconf 91' lang='lat' dir='ltr'><strong>et</strong></span> <span class='ocrx_word' id='word_1_20' title='bbox 2459 561 2694 619; x_wconf 68' lang='lat' dir='ltr'><strong>victimae</strong></span> <span class='ocrx_word' id='word_1_21' title='bbox 2716 561 3073 632; x_wconf 83' lang='lat' dir='ltr'><strong>transierunt,</strong></span> <span class='ocrx_word' id='word_1_22' title='bbox 3095 572 3154 622; x_wconf 87' lang='lat' dir='ltr'><strong>et</strong></span> <span class='ocrx_word' id='word_1_23' title='bbox 3177 566 3382 625; x_wconf 86' lang='lat' dir='ltr'><strong>veritas</strong></span> <span class='ocrx_word' id='word_1_24' title='bbox 3405 582 3530 628; x_wconf 86' lang='lat' dir='ltr'><strong>sur-</strong></span> 
     </span>
    </p>
   </div>
   <div class='ocr_carea' id='block_1_3' title="bbox 239 644 3525 733">
    <p class='ocr_par' dir='ltr' id='par_1_3' title="bbox 239 644 3525 733">
     <span class='ocr_line' id='line_1_3' title="bbox 239 644 3525 733; baseline 0.005 -28"><span class='ocrx_word' id='word_1_25' title='bbox 239 648 487 705; x_wconf 83' lang='lat' dir='ltr'><strong>cessitas.</strong></span> <span class='ocrx_word' id='word_1_26' title='bbox 529 644 742 702; x_wconf 80' lang='lat' dir='ltr'><strong>Oblitus</strong></span> <span class='ocrx_word' id='word_1_27' title='bbox 779 646 1012 713; x_wconf 88' lang='lat' dir='ltr'><strong>sciiicet,</strong></span> <span class='ocrx_word' id='word_1_28' title='bbox 1058 647 1186 717; x_wconf 83' lang='lat' dir='ltr'><strong>quia</strong></span> <span class='ocrx_word' id='word_1_29' title='bbox 1216 662 1382 703; x_wconf 88' lang='lat' dir='ltr'><strong>unum</strong></span> <span class='ocrx_word' id='word_1_30' title='bbox 1413 647 1555 718; x_wconf 90' lang='lat' dir='ltr'><strong>quod</strong></span> <span class='ocrx_word' id='word_1_31' title='bbox 1581 654 1727 702; x_wconf 90' lang='lat' dir='ltr'><strong>retro</strong></span> <span class='ocrx_word' id='word_1_32' title='bbox 1750 654 1836 702; x_wconf 88' lang='lat' dir='ltr'><strong>est</strong></span> <span class='ocrx_word' id='word_1_33' title='bbox 1936 649 2080 703; x_wconf 78' lang='lat' dir='ltr'><strong>rexit</strong></span> <span class='ocrx_word' id='word_1_34' title='bbox 2108 665 2206 721; x_wconf 89' lang='lat' dir='ltr'><strong>per</strong></span> <span class='ocrx_word' id='word_1_35' title='bbox 2231 651 2537 720; x_wconf 76' lang='lat' dir='ltr'><strong>Manassen,</strong></span> <span class='ocrx_word' id='word_1_36' title='bbox 2564 656 2666 711; x_wconf 88' lang='lat' dir='ltr'><strong>hoc</strong></span> <span class='ocrx_word' id='word_1_37' title='bbox 2688 663 2782 712; x_wconf 83' lang='lat' dir='ltr'><strong>est</strong></span> <span class='ocrx_word' id='word_1_38' title='bbox 2813 670 2911 726; x_wconf 89' lang='lat' dir='ltr'><strong>per</strong></span> <span class='ocrx_word' id='word_1_39' title='bbox 2950 657 3206 728; x_wconf 85' lang='lat' dir='ltr'><strong>populum</strong></span> <span class='ocrx_word' id='word_1_40' title='bbox 3237 663 3525 733; x_wconf 82' lang='lat' dir='ltr'><strong>gentilem,</strong></span> 
     </span>
    </p>
   </div>
   <div class='ocr_carea' id='block_1_4' title="bbox 241 737 3526 815">
    <p class='ocr_par' dir='ltr' id='par_1_4' title="bbox 241 737 3526 815">
     <span class='ocr_line' id='line_1_4' title="bbox 241 737 3526 815; baseline 0.005 -19"><span class='ocrx_word' id='word_1_41' title='bbox 241 739 548 802; x_wconf 85' lang='lat' dir='ltr'><strong>dimittunt;</strong></span> <span class='ocrx_word' id='word_1_42' title='bbox 597 738 898 794; x_wconf 89' lang='lat' dir='ltr'><strong>necessitas</strong></span> <span class='ocrx_word' id='word_1_43' title='bbox 926 753 1053 793; x_wconf 82' lang='lat' dir='ltr'><strong>vero</strong></span> <span class='ocrx_word' id='word_1_44' title='bbox 1077 776 1092 803; x_wconf 94' lang='lat'><strong>,</strong></span> <span class='ocrx_word' id='word_1_45' title='bbox 1119 738 1246 809; x_wconf 83' lang='lat' dir='ltr'><strong>quia</strong></span> <span class='ocrx_word' id='word_1_46' title='bbox 1277 738 1345 793; x_wconf 90' lang='lat' dir='ltr'><strong>ad</strong></span> <span class='ocrx_word' id='word_1_47' title='bbox 1379 752 1443 793; x_wconf 89' lang='lat' dir='ltr'><strong>ea</strong></span> <span class='ocrx_word' id='word_1_48' title='bbox 1483 752 1605 807; x_wconf 62' lang='lat' dir='ltr'><strong>quae</strong></span> <span class='ocrx_word' id='word_1_49' title='bbox 1628 737 1838 794; x_wconf 86' lang='lat' dir='ltr'><strong>deside-</strong></span> <span class='ocrx_word' id='word_1_50' title='bbox 1930 756 2058 813; x_wconf 60' lang='grc' dir='ltr'><strong>ρυλε</strong></span> <span class='ocrx_word' id='word_1_51' title='bbox 2085 742 2342 798; x_wconf 75' lang='lat' dir='ltr'><strong>oblivioni</strong></span> <span class='ocrx_word' id='word_1_52' title='bbox 2370 746 2593 802; x_wconf 79' lang='lat' dir='ltr'><strong>tradidit</strong></span> <span class='ocrx_word' id='word_1_53' title='bbox 2632 748 2791 803; x_wconf 89' lang='lat' dir='ltr'><strong>idola.</strong></span> <span class='ocrx_word' id='word_1_54' title='bbox 2825 748 3006 806; x_wconf 85' lang='lat' dir='ltr'><strong>Finito</strong></span> <span class='ocrx_word' id='word_1_55' title='bbox 3041 752 3189 806; x_wconf 89' lang='lat' dir='ltr'><strong>enim</strong></span> <span class='ocrx_word' id='word_1_56' title='bbox 3214 756 3526 815; x_wconf 84' lang='lat' dir='ltr'><strong>sacerdotio</strong></span> 
     </span>
    </p>
   </div>
   <div class='ocr_carea' id='block_1_5' title="bbox 237 830 1836 903">
    <p class='ocr_par' dir='ltr' id='par_1_5' title="bbox 237 830 1836 903">
     <span class='ocr_line' id='line_1_5' title="bbox 237 830 1836 903; baseline -0.002 -14"><span class='ocrx_word' id='word_1_57' title='bbox 237 838 385 898; x_wconf 80' lang='lat' dir='ltr'><strong>rant,</strong></span> <span class='ocrx_word' id='word_1_58' title='bbox 428 831 659 887; x_wconf 84' lang='lat' dir='ltr'><strong>necdum</strong></span> <span class='ocrx_word' id='word_1_59' title='bbox 697 840 1079 903; x_wconf 85' lang='lat' dir='ltr'><strong>pervenerunt.</strong></span> <span class='ocrx_word' id='word_1_60' title='bbox 1110 830 1253 887; x_wconf 80' lang='lat' dir='ltr'><strong>Hinc</strong></span> <span class='ocrx_word' id='word_1_61' title='bbox 1291 830 1720 887; x_wconf 76' lang='lat' dir='ltr'><strong>Psalmistazbe</strong></span> <span class='ocrx_word' id='word_1_62' title='bbox 1746 844 1836 886; x_wconf 90' lang='lat' dir='ltr'><strong>ne-</strong></span> 
     </span>
    </p>
   </div>
   <div class='ocr_carea' id='block_1_6' title="bbox 240 921 1394 992">
    <p class='ocr_par' dir='ltr' id='par_1_6' title="bbox 240 921 1394 992">
     <span class='ocr_line' id='line_1_6' title="bbox 240 921 1394 992; baseline -0.001 -14"><span class='ocrx_word' id='word_1_63' title='bbox 240 922 571 978; x_wconf 85' lang='lat' dir='ltr'><strong>cessitatibus</strong></span> <span class='ocrx_word' id='word_1_64' title='bbox 601 924 731 977; x_wconf 87' lang='lat' dir='ltr'><strong>meis</strong></span> <span class='ocrx_word' id='word_1_65' title='bbox 761 938 884 977; x_wconf 83' lang='lat' dir='ltr'><strong>erue</strong></span> <span class='ocrx_word' id='word_1_66' title='bbox 906 938 990 976; x_wconf 83' lang='lat' dir='ltr'><strong>me</strong></span> <span class='ocrx_word' id='word_1_67' title='bbox 1015 921 1191 992; x_wconf 85' lang='lat' dir='ltr'><strong>(Psal.</strong></span> <span class='ocrx_word' id='word_1_68' title='bbox 1223 922 1394 992; x_wconf 74' lang='lat' dir='ltr'><strong>xxiv).</strong></span> 
     </span>
    </p>
   </div>
   <div class='ocr_carea' id='block_1_7' title="bbox 308 1012 1832 1085">
    <p class='ocr_par' dir='ltr' id='par_1_7' title="bbox 308 1012 1832 1085">
     <span class='ocr_line' id='line_1_7' title="bbox 308 1012 1832 1085; baseline 0.001 -16"><span class='ocrx_word' id='word_1_69' title='bbox 308 1012 462 1069; x_wconf 92' lang='lat' dir='ltr'><strong>Unde</strong></span> <span class='ocrx_word' id='word_1_70' title='bbox 474 1022 529 1069; x_wconf 91' lang='lat' dir='ltr'><strong>et</strong></span> <span class='ocrx_word' id='word_1_71' title='bbox 551 1016 688 1071; x_wconf 88' lang='lat' dir='ltr'><strong>bene</strong></span> <span class='ocrx_word' id='word_1_72' title='bbox 707 1024 828 1085; x_wconf 87' lang='lat' dir='ltr'><strong>post</strong></span> <span class='ocrx_word' id='word_1_73' title='bbox 842 1014 1126 1069; x_wconf 85' lang='lat' dir='ltr'><strong>Mnassen</strong></span> <span class='ocrx_word' id='word_1_74' title='bbox 1154 1012 1370 1069; x_wconf 85' lang='lat' dir='ltr'><strong>Simeon</strong></span> <span class='ocrx_word' id='word_1_75' title='bbox 1395 1012 1713 1080; x_wconf 88' lang='lat' dir='ltr'><strong>collocatur,</strong></span> <span class='ocrx_word' id='word_1_76' title='bbox 1740 1015 1832 1084; x_wconf 83' lang='lat' dir='ltr'><strong>qui</strong></span> 
     </span>
    </p>
   </div>
   <div class='ocr_carea' id='block_1_8' title="bbox 234 1104 1834 1175">
    <p class='ocr_par' dir='ltr' id='par_1_8' title="bbox 234 1104 1834 1175">
     <span class='ocr_line' id='line_1_8' title="bbox 234 1104 1834 1175; baseline -0.001 -16"><span class='ocrx_word' id='word_1_77' title='bbox 234 1104 442 1159; x_wconf 79' lang='lat' dir='ltr'><strong>audivit</strong></span> <span class='ocrx_word' id='word_1_78' title='bbox 458 1104 734 1159; x_wconf 83' lang='lat' dir='ltr'><strong>tristitiam</strong></span> <span class='ocrx_word' id='word_1_79' title='bbox 756 1104 1481 1175; x_wconf 84' lang='lat' dir='ltr'><strong>appellatusinterpretatur,</strong></span> <span class='ocrx_word' id='word_1_80' title='bbox 1495 1104 1624 1175; x_wconf 85' lang='lat' dir='ltr'><strong>quia</strong></span> <span class='ocrx_word' id='word_1_81' title='bbox 1648 1105 1834 1160; x_wconf 87' lang='lat' dir='ltr'><strong>videli-</strong></span> 
     </span>
    </p>
   </div>
   <div class='ocr_carea' id='block_1_9' title="bbox 232 1192 1832 1266">
    <p class='ocr_par' dir='ltr' id='par_1_9' title="bbox 232 1192 1832 1266">
     <span class='ocr_line' id='line_1_9' title="bbox 232 1192 1832 1266; baseline 0.002 -17"><span class='ocrx_word' id='word_1_82' title='bbox 232 1203 319 1249; x_wconf 88' lang='lat' dir='ltr'><strong>cet</strong></span> <span class='ocrx_word' id='word_1_83' title='bbox 331 1194 656 1250; x_wconf 78' lang='lat' dir='ltr'><strong>deside&#39;rium</strong></span> <span class='ocrx_word' id='word_1_84' title='bbox 673 1195 886 1251; x_wconf 88' lang='lat' dir='ltr'><strong>illorum</strong></span> <span class='ocrx_word' id='word_1_85' title='bbox 902 1192 1289 1265; x_wconf 83' lang='lat' dir='ltr'><strong>postulantium</strong></span> <span class='ocrx_word' id='word_1_86' title='bbox 1307 1194 1832 1266; x_wconf 85' lang='lat' dir='ltr'><strong>dissolvi,utpossint</strong></span> 
     </span>
    </p>
   </div>
   <div class='ocr_carea' id='block_1_10' title="bbox 231 1283 1829 1355">
    <p class='ocr_par' dir='ltr' id='par_1_10' title="bbox 231 1283 1829 1355">
     <span class='ocr_line' id='line_1_10' title="bbox 231 1283 1829 1355; baseline 0.001 -16"><span class='ocrx_word' id='word_1_87' title='bbox 231 1297 357 1340; x_wconf 81' lang='lat' dir='ltr'><strong>esse</strong></span> <span class='ocrx_word' id='word_1_88' title='bbox 394 1298 516 1340; x_wconf 88' lang='lat' dir='ltr'><strong>cum</strong></span> <span class='ocrx_word' id='word_1_89' title='bbox 539 1283 778 1350; x_wconf 83' lang='lat' dir='ltr'><strong>Christo,</strong></span> <span class='ocrx_word' id='word_1_90' title='bbox 810 1298 952 1355; x_wconf 69' lang='lat' dir='ltr'><strong>Saepe</strong></span> <span class='ocrx_word' id='word_1_91' title='bbox 977 1283 1249 1351; x_wconf 67' lang='lat' dir='ltr'><strong>differtur,</strong></span> <span class='ocrx_word' id='word_1_92' title='bbox 1285 1300 1395 1341; x_wconf 91' lang='lat' dir='ltr'><strong>non</strong></span> <span class='ocrx_word' id='word_1_93' title='bbox 1425 1295 1606 1342; x_wconf 89' lang='lat' dir='ltr'><strong>tamen</strong></span> <span class='ocrx_word' id='word_1_94' title='bbox 1650 1287 1829 1342; x_wconf 87' lang='lat' dir='ltr'><strong>aufer-</strong></span> 
     </span>
    </p>
   </div>
   <div class='ocr_carea' id='block_1_11' title="bbox 229 1376 1829 1435">
    <p class='ocr_par' dir='ltr' id='par_1_11' title="bbox 229 1376 1829 1435">
     <span class='ocr_line' id='line_1_11' title="bbox 229 1376 1829 1435; baseline 0.004 -6"><span class='ocrx_word' id='word_1_95' title='bbox 229 1380 340 1430; x_wconf 86' lang='lat' dir='ltr'><strong>tur.</strong></span> <span class='ocrx_word' id='word_1_96' title='bbox 379 1376 533 1431; x_wconf 88' lang='lat' dir='ltr'><strong>Unde</strong></span> <span class='ocrx_word' id='word_1_97' title='bbox 585 1390 808 1433; x_wconf 88' lang='lat' dir='ltr'><strong>necesse</strong></span> <span class='ocrx_word' id='word_1_98' title='bbox 849 1387 933 1432; x_wconf 90' lang='lat' dir='ltr'><strong>est</strong></span> <span class='ocrx_word' id='word_1_99' title='bbox 979 1377 1146 1432; x_wconf 89' lang='lat' dir='ltr'><strong>etiam</strong></span> <span class='ocrx_word' id='word_1_100' title='bbox 1189 1385 1249 1432; x_wconf 91' lang='lat' dir='ltr'><strong>ut</strong></span> <span class='ocrx_word' id='word_1_101' title='bbox 1298 1393 1496 1435; x_wconf 86' lang='lat' dir='ltr'><strong>nomen</strong></span> <span class='ocrx_word' id='word_1_102' title='bbox 1535 1379 1829 1435; x_wconf 88' lang='lat' dir='ltr'><strong>habitaculi</strong></span> 
     </span>
    </p>
   </div>
   <div class='ocr_carea' id='block_1_12' title="bbox 226 1467 1827 1542">
    <p class='ocr_par' dir='ltr' id='par_1_12' title="bbox 226 1467 1827 1542">
     <span class='ocr_line' id='line_1_12' title="bbox 226 1467 1827 1542; baseline 0.004 -20"><span class='ocrx_word' id='word_1_103' title='bbox 226 1467 522 1534; x_wconf 72' lang='lat' dir='ltr'><strong>retineant,</strong></span> <span class='ocrx_word' id='word_1_104' title='bbox 550 1470 694 1539; x_wconf 88' lang='lat' dir='ltr'><strong>quod</strong></span> <span class='ocrx_word' id='word_1_105' title='bbox 724 1469 867 1523; x_wconf 86' lang='lat' dir='ltr'><strong>idem</strong></span> <span class='ocrx_word' id='word_1_106' title='bbox 913 1468 1133 1523; x_wconf 87' lang='lat' dir='ltr'><strong>Simeon</strong></span> <span class='ocrx_word' id='word_1_107' title='bbox 1166 1484 1363 1526; x_wconf 88' lang='lat' dir='ltr'><strong>sonare</strong></span> <span class='ocrx_word' id='word_1_108' title='bbox 1392 1471 1604 1526; x_wconf 87' lang='lat' dir='ltr'><strong>videtur</strong></span> <span class='ocrx_word' id='word_1_109' title='bbox 1633 1487 1648 1525; x_wconf 91' lang='lat'><strong>:</strong></span> <span class='ocrx_word' id='word_1_110' title='bbox 1688 1488 1827 1542; x_wconf 57' lang='lat' dir='ltr'><strong>quo.</strong></span> 
     </span>
    </p>
   </div>
   <div class='ocr_carea' id='block_1_13' title="bbox 226 1560 1829 1632">
    <p class='ocr_par' dir='ltr' id='par_1_13' title="bbox 226 1560 1829 1632">
     <span class='ocr_line' id='line_1_13' title="bbox 226 1560 1829 1632; baseline 0.004 -19"><span class='ocrx_word' id='word_1_111' title='bbox 226 1560 375 1613; x_wconf 84' lang='lat' dir='ltr'><strong>niam</strong></span> <span class='ocrx_word' id='word_1_112' title='bbox 417 1560 509 1631; x_wconf 87' lang='lat' dir='ltr'><strong>qui</strong></span> <span class='ocrx_word' id='word_1_113' title='bbox 555 1568 789 1615; x_wconf 64' lang='lat' dir='ltr'><strong>moerent</strong></span> <span class='ocrx_word' id='word_1_114' title='bbox 821 1560 876 1614; x_wconf 90' lang='lat' dir='ltr'><strong>in</strong></span> <span class='ocrx_word' id='word_1_115' title='bbox 917 1560 1268 1615; x_wconf 86' lang='lat' dir='ltr'><strong>tabernaculo</strong></span> <span class='ocrx_word' id='word_1_116' title='bbox 1308 1563 1694 1632; x_wconf 84' lang='lat' dir='ltr'><strong>corruptionis,</strong></span> <span class='ocrx_word' id='word_1_117' title='bbox 1733 1564 1829 1619; x_wconf 77' lang='lat' dir='ltr'><strong>de-</strong></span> 
     </span>
    </p>
   </div>
   <div class='ocr_carea' id='block_1_14' title="bbox 226 1648 1827 1722">
    <p class='ocr_par' dir='ltr' id='par_1_14' title="bbox 226 1648 1827 1722">
     <span class='ocr_line' id='line_1_14' title="bbox 226 1648 1827 1722; baseline 0.003 -15"><span class='ocrx_word' id='word_1_118' title='bbox 226 1648 358 1707; x_wconf 82' lang='lat' dir='ltr'><strong>bent</strong></span> <span class='ocrx_word' id='word_1_119' title='bbox 385 1652 624 1722; x_wconf 88' lang='lat' dir='ltr'><strong>gaudere</strong></span> <span class='ocrx_word' id='word_1_120' title='bbox 659 1651 727 1706; x_wconf 90' lang='lat' dir='ltr'><strong>de</strong></span> <span class='ocrx_word' id='word_1_121' title='bbox 755 1650 1064 1706; x_wconf 84' lang='lat' dir='ltr'><strong>habitacula</strong></span> <span class='ocrx_word' id='word_1_122' title='bbox 1092 1662 1311 1707; x_wconf 66' lang='lat' dir='ltr'><strong>reterns:</strong></span> <span class='ocrx_word' id='word_1_123' title='bbox 1333 1653 1558 1722; x_wconf 80' lang='lat' dir='ltr'><strong>quietis,</strong></span> <span class='ocrx_word' id='word_1_124' title='bbox 1592 1655 1827 1712; x_wconf 80' lang='lat' dir='ltr'><strong>scientes</strong></span> 
     </span>
    </p>
   </div>
   <div class='ocr_carea' id='block_1_15' title="bbox 227 1742 1825 1812">
    <p class='ocr_par' dir='ltr' id='par_1_15' title="bbox 227 1742 1825 1812">
     <span class='ocr_line' id='line_1_15' title="bbox 227 1742 1825 1812; baseline 0.003 -17"><span class='ocrx_word' id='word_1_125' title='bbox 227 1742 356 1812; x_wconf 84' lang='lat' dir='ltr'><strong>quia</strong></span> <span class='ocrx_word' id='word_1_126' title='bbox 379 1743 433 1797; x_wconf 92' lang='lat' dir='ltr'><strong>in</strong></span> <span class='ocrx_word' id='word_1_127' title='bbox 463 1751 679 1797; x_wconf 89' lang='lat' dir='ltr'><strong>terrena</strong></span> <span class='ocrx_word' id='word_1_128' title='bbox 705 1757 893 1797; x_wconf 90' lang='lat' dir='ltr'><strong>eorum</strong></span> <span class='ocrx_word' id='word_1_129' title='bbox 925 1742 1236 1798; x_wconf 88' lang='lat' dir='ltr'><strong>habitaculo</strong></span> <span class='ocrx_word' id='word_1_130' title='bbox 1262 1742 1596 1809; x_wconf 80' lang='lat' dir='ltr'><strong>dissolvitur,</strong></span> <span class='ocrx_word' id='word_1_131' title='bbox 1625 1745 1825 1800; x_wconf 81' lang='lat' dir='ltr'><strong>habent</strong></span> 
     </span>
    </p>
   </div>
   <div class='ocr_carea' id='block_1_16' title="bbox 223 1833 1817 1901">
    <p class='ocr_par' dir='ltr' id='par_1_16' title="bbox 223 1833 1817 1901">
     <span class='ocr_line' id='line_1_16' title="bbox 223 1833 1817 1901; baseline 0 -12"><span class='ocrx_word' id='word_1_132' title='bbox 223 1834 649 1901; x_wconf 33' lang='lat' dir='ltr'><strong>aediﬁcationem.</strong></span> <span class='ocrx_word' id='word_1_133' title='bbox 680 1834 735 1888; x_wconf 91' lang='lat' dir='ltr'><strong>in</strong></span> <span class='ocrx_word' id='word_1_134' title='bbox 780 1833 956 1899; x_wconf 78' lang='lat' dir='ltr'><strong>cmlis,</strong></span> <span class='ocrx_word' id='word_1_135' title='bbox 1005 1833 1225 1889; x_wconf 86' lang='lat' dir='ltr'><strong>domum</strong></span> <span class='ocrx_word' id='word_1_136' title='bbox 1269 1849 1378 1890; x_wconf 92' lang='lat' dir='ltr'><strong>non</strong></span> <span class='ocrx_word' id='word_1_137' title='bbox 1426 1835 1817 1891; x_wconf 88' lang='lat' dir='ltr'><strong>manufactam.</strong></span> 
     </span>
    </p>
   </div>
   <div class='ocr_carea' id='block_1_17' title="bbox 1927 834 3525 907">
    <p class='ocr_par' dir='ltr' id='par_1_17' title="bbox 1927 834 3525 907">
     <span class='ocr_line' id='line_1_17' title="bbox 1927 834 3525 907; baseline 0.011 -19"><span class='ocrx_word' id='word_1_138' title='bbox 1927 834 2079 905; x_wconf 83' lang='lat' dir='ltr'><strong>quod</strong></span> <span class='ocrx_word' id='word_1_139' title='bbox 2111 835 2163 891; x_wconf 91' lang='lat' dir='ltr'><strong>in</strong></span> <span class='ocrx_word' id='word_1_140' title='bbox 2190 835 2363 907; x_wconf 88' lang='lat' dir='ltr'><strong>ﬁgura</strong></span> <span class='ocrx_word' id='word_1_141' title='bbox 2408 848 2782 907; x_wconf 59' lang='lat' dir='ltr'><strong>praeessent,</strong></span> <span class='ocrx_word' id='word_1_142' title='bbox 2825 842 3011 898; x_wconf 82' lang='lat' dir='ltr'><strong>statim</strong></span> <span class='ocrx_word' id='word_1_143' title='bbox 3056 846 3294 900; x_wconf 80' lang='lat' dir='ltr'><strong>surrexit</strong></span> <span class='ocrx_word' id='word_1_144' title='bbox 3333 862 3525 905; x_wconf 87' lang='lat' dir='ltr'><strong>verum</strong></span> 
     </span>
    </p>
   </div>
   <div class='ocr_carea' id='block_1_18' title="bbox 1927 925 3527 995">
    <p class='ocr_par' dir='ltr' id='par_1_18' title="bbox 1927 925 3527 995">
     <span class='ocr_line' id='line_1_18' title="bbox 1927 925 3527 995; baseline 0.009 -14"><span class='ocrx_word' id='word_1_145' title='bbox 1927 925 1993 981; x_wconf 80' lang='lat' dir='ltr'><strong>in</strong></span> <span class='ocrx_word' id='word_1_146' title='bbox 2021 926 2258 983; x_wconf 85' lang='lat' dir='ltr'><strong>Ecclesia</strong></span> <span class='ocrx_word' id='word_1_147' title='bbox 2272 930 2634 985; x_wconf 88' lang='lat' dir='ltr'><strong>sacerdotium</strong></span> <span class='ocrx_word' id='word_1_148' title='bbox 2652 932 2945 988; x_wconf 68' lang='lat' dir='ltr'><strong>sectandum</strong></span> <span class='ocrx_word' id='word_1_149' title='bbox 2967 935 3212 991; x_wconf 88' lang='lat' dir='ltr'><strong>ordinem</strong></span> <span class='ocrx_word' id='word_1_150' title='bbox 3241 937 3527 995; x_wconf 79' lang='lat' dir='ltr'><strong>Melchise-</strong></span> 
     </span>
    </p>
   </div>
   <div class='ocr_carea' id='block_1_19' title="bbox 1928 1015 3520 1097">
    <p class='ocr_par' dir='ltr' id='par_1_19' title="bbox 1928 1015 3520 1097">
     <span class='ocr_line' id='line_1_19' title="bbox 1928 1015 3520 1097; baseline 0.009 -26"><span class='ocrx_word' id='word_1_151' title='bbox 1928 1015 2093 1071; x_wconf 72' lang='lat' dir='ltr'><strong>dech.</strong></span> <span class='ocrx_word' id='word_1_152' title='bbox 2135 1017 2210 1074; x_wconf 89' lang='lat' dir='ltr'><strong>De</strong></span> <span class='ocrx_word' id='word_1_153' title='bbox 2249 1018 2351 1074; x_wconf 89' lang='lat' dir='ltr'><strong>hoc</strong></span> <span class='ocrx_word' id='word_1_154' title='bbox 2386 1020 2533 1074; x_wconf 86' lang='lat' dir='ltr'><strong>enim</strong></span> <span class='ocrx_word' id='word_1_155' title='bbox 2576 1019 2835 1078; x_wconf 89' lang='lat' dir='ltr'><strong>Dominus</strong></span> <span class='ocrx_word' id='word_1_156' title='bbox 2871 1039 2970 1094; x_wconf 89' lang='lat' dir='ltr'><strong>per</strong></span> <span class='ocrx_word' id='word_1_157' title='bbox 2997 1027 3318 1097; x_wconf 79' lang='lat' dir='ltr'><strong>prophetam</strong></span> <span class='ocrx_word' id='word_1_158' title='bbox 3345 1030 3474 1086; x_wconf 88' lang='lat' dir='ltr'><strong>dicit</strong></span> <span class='ocrx_word' id='word_1_159' title='bbox 3504 1049 3520 1085; x_wconf 87' lang='lat'><strong>:</strong></span> 
     </span>
    </p>
   </div>
   <div class='ocr_carea' id='block_1_20' title="bbox 1934 1106 3522 1188">
    <p class='ocr_par' dir='ltr' id='par_1_20' title="bbox 1934 1106 3522 1188">
     <span class='ocr_line' id='line_1_20' title="bbox 1934 1106 3522 1188; baseline 0.008 -25"><span class='ocrx_word' id='word_1_160' title='bbox 1934 1106 2073 1164; x_wconf 86' lang='lat' dir='ltr'><strong>Ecce</strong></span> <span class='ocrx_word' id='word_1_161' title='bbox 2091 1110 2204 1165; x_wconf 87' lang='lat' dir='ltr'><strong>dies</strong></span> <span class='ocrx_word' id='word_1_162' title='bbox 2228 1113 2431 1167; x_wconf 75' lang='lat' dir='ltr'><strong>venient</strong></span> <span class='ocrx_word' id='word_1_163' title='bbox 2456 1122 2506 1168; x_wconf 88' lang='lat' dir='ltr'><strong>et</strong></span> <span class='ocrx_word' id='word_1_164' title='bbox 2546 1116 2917 1170; x_wconf 76' lang='lat' dir='ltr'><strong>consummabo</strong></span> <span class='ocrx_word' id='word_1_165' title='bbox 2941 1133 3100 1188; x_wconf 84' lang='lat' dir='ltr'><strong>super</strong></span> <span class='ocrx_word' id='word_1_166' title='bbox 3130 1120 3344 1174; x_wconf 86' lang='lat' dir='ltr'><strong>domum</strong></span> <span class='ocrx_word' id='word_1_167' title='bbox 3373 1120 3408 1175; x_wconf 76' lang='grc' dir='ltr'><em>Ι</em></span> <span class='ocrx_word' id='word_1_168' title='bbox 3414 1124 3522 1176; x_wconf 80' lang='lat' dir='ltr'><strong>uda</strong></span> 
     </span>
    </p>
   </div>
   <div class='ocr_carea' id='block_1_21' title="bbox 1932 1205 3520 1282">
    <p class='ocr_par' dir='ltr' id='par_1_21' title="bbox 1932 1205 3520 1282">
     <span class='ocr_line' id='line_1_21' title="bbox 1932 1205 3520 1282; baseline 0.008 -26"><span class='ocrx_word' id='word_1_169' title='bbox 1932 1210 2299 1259; x_wconf 75' lang='lat' dir='ltr'><strong>testamentum</strong></span> <span class='ocrx_word' id='word_1_170' title='bbox 2346 1205 2565 1278; x_wconf 84' lang='lat' dir='ltr'><strong>(Jerem.</strong></span> <span class='ocrx_word' id='word_1_171' title='bbox 2613 1210 2865 1280; x_wconf 75' lang='lat' dir='ltr'><strong>xxxviii).</strong></span> <span class='ocrx_word' id='word_1_172' title='bbox 2894 1209 2960 1264; x_wconf 87' lang='lat' dir='ltr'><strong>Et</strong></span> <span class='ocrx_word' id='word_1_173' title='bbox 2998 1212 3324 1282; x_wconf 82' lang='lat' dir='ltr'><strong>Apostolus:</strong></span> <span class='ocrx_word' id='word_1_174' title='bbox 3363 1214 3520 1280; x_wconf 83' lang='lat' dir='ltr'><strong>Quod</strong></span> 
     </span>
    </p>
   </div>
   <div class='ocr_carea' id='block_1_22' title="bbox 1930 1296 3519 1371">
    <p class='ocr_par' dir='ltr' id='par_1_22' title="bbox 1930 1296 3519 1371">
     <span class='ocr_line' id='line_1_22' title="bbox 1930 1296 3519 1371; baseline 0.006 -20"><span class='ocrx_word' id='word_1_175' title='bbox 1930 1296 2069 1351; x_wconf 80' lang='lat' dir='ltr'><strong>enim</strong></span> <span class='ocrx_word' id='word_1_176' title='bbox 2092 1297 2400 1367; x_wconf 86' lang='lat' dir='ltr'><strong>antiquatur</strong></span> <span class='ocrx_word' id='word_1_177' title='bbox 2420 1309 2467 1352; x_wconf 87' lang='lat' dir='ltr'><strong>et</strong></span> <span class='ocrx_word' id='word_1_178' title='bbox 2497 1299 2731 1364; x_wconf 77' lang='lat' dir='ltr'><strong>senescit,</strong></span> <span class='ocrx_word' id='word_1_179' title='bbox 2756 1317 2915 1371; x_wconf 81' lang='lat' dir='ltr'><strong>prope</strong></span> <span class='ocrx_word' id='word_1_180' title='bbox 2944 1300 3212 1357; x_wconf 85' lang='lat' dir='ltr'><strong>interitum</strong></span> <span class='ocrx_word' id='word_1_181' title='bbox 3253 1316 3348 1359; x_wconf 86' lang='lat' dir='ltr'><strong>est.</strong></span> <span class='ocrx_word' id='word_1_182' title='bbox 3398 1305 3519 1360; x_wconf 85' lang='lat' dir='ltr'><strong>Jam</strong></span> 
     </span>
    </p>
   </div>
   <div class='ocr_carea' id='block_1_23' title="bbox 1924 1386 3521 1457">
    <p class='ocr_par' dir='ltr' id='par_1_23' title="bbox 1924 1386 3521 1457">
     <span class='ocr_line' id='line_1_23' title="bbox 1924 1386 3521 1457; baseline 0.008 -17"><span class='ocrx_word' id='word_1_183' title='bbox 1924 1386 2076 1440; x_wconf 80' lang='lat' dir='ltr'><strong>enim</strong></span> <span class='ocrx_word' id='word_1_184' title='bbox 2116 1387 2345 1443; x_wconf 88' lang='lat' dir='ltr'><strong>Domino</strong></span> <span class='ocrx_word' id='word_1_185' title='bbox 2384 1389 2725 1457; x_wconf 86' lang='lat' dir='ltr'><strong>adveniente,</strong></span> <span class='ocrx_word' id='word_1_186' title='bbox 2757 1391 2885 1448; x_wconf 90' lang='lat' dir='ltr'><strong>illud</strong></span> <span class='ocrx_word' id='word_1_187' title='bbox 2914 1394 3276 1449; x_wconf 87' lang='lat' dir='ltr'><strong>sacerdotium</strong></span> <span class='ocrx_word' id='word_1_188' title='bbox 3307 1395 3521 1453; x_wconf 69' lang='lat' dir='ltr'><strong>Iudico-</strong></span> 
     </span>
    </p>
   </div>
   <div class='ocr_carea' id='block_1_24' title="bbox 1926 1478 3520 1550">
    <p class='ocr_par' dir='ltr' id='par_1_24' title="bbox 1926 1478 3520 1550">
     <span class='ocr_line' id='line_1_24' title="bbox 1926 1478 3520 1550; baseline 0.009 -19"><span class='ocrx_word' id='word_1_189' title='bbox 1926 1492 2051 1532; x_wconf 81' lang='lat' dir='ltr'><strong>rum</strong></span> <span class='ocrx_word' id='word_1_190' title='bbox 2076 1478 2130 1533; x_wconf 93' lang='lat' dir='ltr'><strong>in</strong></span> <span class='ocrx_word' id='word_1_191' title='bbox 2159 1489 2484 1536; x_wconf 81' lang='lat' dir='ltr'><strong>vetustatem</strong></span> <span class='ocrx_word' id='word_1_192' title='bbox 2516 1481 2693 1537; x_wconf 77' lang='lat' dir='ltr'><strong>fuerat</strong></span> <span class='ocrx_word' id='word_1_193' title='bbox 2714 1486 2952 1550; x_wconf 79' lang='lat' dir='ltr'><strong>versum,</strong></span> <span class='ocrx_word' id='word_1_194' title='bbox 2984 1494 3041 1540; x_wconf 90' lang='lat' dir='ltr'><strong>et</strong></span> <span class='ocrx_word' id='word_1_195' title='bbox 3080 1487 3149 1541; x_wconf 86' lang='lat' dir='ltr'><strong>ad</strong></span> <span class='ocrx_word' id='word_1_196' title='bbox 3185 1488 3395 1543; x_wconf 88' lang='lat' dir='ltr'><strong>seniqu</strong></span> <span class='ocrx_word' id='word_1_197' title='bbox 3425 1490 3520 1545; x_wconf 86' lang='lat' dir='ltr'><strong>de-</strong></span> 
     </span>
    </p>
   </div>
   <div class='ocr_carea' id='block_1_25' title="bbox 1926 1568 3518 1643">
    <p class='ocr_par' dir='ltr' id='par_1_25' title="bbox 1926 1568 3518 1643">
     <span class='ocr_line' id='line_1_25' title="bbox 1926 1568 3518 1643; baseline 0.009 -22"><span class='ocrx_word' id='word_1_198' title='bbox 1926 1568 2187 1635; x_wconf 82' lang='lat' dir='ltr'><strong>clinabat,</strong></span> <span class='ocrx_word' id='word_1_199' title='bbox 2217 1570 2445 1642; x_wconf 80' lang='lat' dir='ltr'><strong>ideoque</strong></span> <span class='ocrx_word' id='word_1_200' title='bbox 2487 1573 2596 1628; x_wconf 92' lang='lat' dir='ltr'><strong>cito</strong></span> <span class='ocrx_word' id='word_1_201' title='bbox 2625 1575 2788 1643; x_wconf 86' lang='lat' dir='ltr'><strong>periit</strong></span> <span class='ocrx_word' id='word_1_202' title='bbox 2816 1576 3135 1632; x_wconf 86' lang='lat' dir='ltr'><strong>adveniente</strong></span> <span class='ocrx_word' id='word_1_203' title='bbox 3168 1593 3295 1633; x_wconf 90' lang='lat' dir='ltr'><strong>vero</strong></span> <span class='ocrx_word' id='word_1_204' title='bbox 3331 1594 3518 1635; x_wconf 89' lang='lat' dir='ltr'><strong>sacer-</strong></span> 
     </span>
    </p>
   </div>
   <div class='ocr_carea' id='block_1_26' title="bbox 1926 1661 3519 1743">
    <p class='ocr_par' dir='ltr' id='par_1_26' title="bbox 1926 1661 3519 1743">
     <span class='ocr_line' id='line_1_26' title="bbox 1926 1661 3519 1743; baseline 0.009 -28"><span class='ocrx_word' id='word_1_205' title='bbox 1926 1661 2053 1718; x_wconf 89' lang='lat' dir='ltr'><strong>dote</strong></span> <span class='ocrx_word' id='word_1_206' title='bbox 2104 1664 2344 1720; x_wconf 85' lang='lat' dir='ltr'><strong>Christo.</strong></span> <span class='ocrx_word' id='word_1_207' title='bbox 2397 1665 2566 1721; x_wconf 83' lang='lat' dir='ltr'><strong>Recte</strong></span> <span class='ocrx_word' id='word_1_208' title='bbox 2607 1683 2738 1739; x_wconf 92' lang='lat' dir='ltr'><strong>ergo</strong></span> <span class='ocrx_word' id='word_1_209' title='bbox 2784 1677 2940 1724; x_wconf 79' lang='lat' dir='ltr'><strong>sexto</strong></span> <span class='ocrx_word' id='word_1_210' title='bbox 2980 1669 3098 1725; x_wconf 92' lang='lat' dir='ltr'><strong>loco</strong></span> <span class='ocrx_word' id='word_1_211' title='bbox 3132 1687 3232 1741; x_wconf 86' lang='lat' dir='ltr'><strong>pro</strong></span> <span class='ocrx_word' id='word_1_212' title='bbox 3259 1671 3394 1736; x_wconf 88' lang='lat' dir='ltr'><strong>Dan,</strong></span> <span class='ocrx_word' id='word_1_213' title='bbox 3422 1674 3519 1743; x_wconf 86' lang='lat' dir='ltr'><strong>qui</strong></span> 
     </span>
    </p>
   </div>
   <div class='ocr_carea' id='block_1_27' title="bbox 1925 1754 3520 1834">
    <p class='ocr_par' dir='ltr' id='par_1_27' title="bbox 1925 1754 3520 1834">
     <span class='ocr_line' id='line_1_27' title="bbox 1925 1754 3520 1834; baseline 0.008 -26"><span class='ocrx_word' id='word_1_214' title='bbox 1925 1754 2052 1811; x_wconf 85' lang='lat' dir='ltr'><strong>inde</strong></span> <span class='ocrx_word' id='word_1_215' title='bbox 2085 1766 2169 1812; x_wconf 87' lang='lat' dir='ltr'><strong>est</strong></span> <span class='ocrx_word' id='word_1_216' title='bbox 2193 1756 2419 1825; x_wconf 83' lang='lat' dir='ltr'><strong>ejectus,</strong></span> <span class='ocrx_word' id='word_1_217' title='bbox 2453 1758 2730 1816; x_wconf 84' lang='lat' dir='ltr'><strong>Manasses</strong></span> <span class='ocrx_word' id='word_1_218' title='bbox 2756 1762 3127 1828; x_wconf 86' lang='lat' dir='ltr'><strong>constituitur,</strong></span> <span class='ocrx_word' id='word_1_219' title='bbox 3166 1765 3293 1834; x_wconf 86' lang='lat' dir='ltr'><strong>quia</strong></span> <span class='ocrx_word' id='word_1_220' title='bbox 3330 1765 3520 1820; x_wconf 84' lang='lat' dir='ltr'><strong>videli—</strong></span> 
     </span>
    </p>
   </div>
   <div class='ocr_carea' id='block_1_28' title="bbox 1920 1845 3518 1916">
    <p class='ocr_par' dir='ltr' id='par_1_28' title="bbox 1920 1845 3518 1916">
     <span class='ocr_line' id='line_1_28' title="bbox 1920 1845 3518 1916; baseline 0.007 -16"><span class='ocrx_word' id='word_1_221' title='bbox 1920 1855 2015 1900; x_wconf 86' lang='lat' dir='ltr'><strong>cet</strong></span> <span class='ocrx_word' id='word_1_222' title='bbox 2042 1845 2097 1901; x_wconf 91' lang='lat' dir='ltr'><strong>in</strong></span> <span class='ocrx_word' id='word_1_223' title='bbox 2136 1857 2288 1902; x_wconf 80' lang='lat' dir='ltr'><strong>sexta</strong></span> <span class='ocrx_word' id='word_1_224' title='bbox 2318 1850 2504 1905; x_wconf 88' lang='lat' dir='ltr'><strong>mundi</strong></span> <span class='ocrx_word' id='word_1_225' title='bbox 2546 1859 2725 1916; x_wconf 79' lang='lat' dir='ltr'><strong>:etate,</strong></span> <span class='ocrx_word' id='word_1_226' title='bbox 2751 1852 3073 1907; x_wconf 84' lang='lat' dir='ltr'><strong>adveniente</strong></span> <span class='ocrx_word' id='word_1_227' title='bbox 3114 1853 3343 1909; x_wconf 89' lang='lat' dir='ltr'><strong>Domino</strong></span> <span class='ocrx_word' id='word_1_228' title='bbox 3384 1854 3518 1912; x_wconf 83' lang='lat' dir='ltr'><strong>Jesu</strong></span> 
     </span>
    </p>
   </div>
   <div class='ocr_carea' id='block_1_29' title="bbox 224 1924 3517 2011">
    <p class='ocr_par' dir='ltr' id='par_1_29' title="bbox 224 1924 3517 2011">
     <span class='ocr_line' id='line_1_29' title="bbox 224 1924 3517 2011; baseline 0.006 -27"><span class='ocrx_word' id='word_1_229' title='bbox 224 1924 326 1982; x_wconf 78' lang='lat' dir='ltr'><strong>Cui</strong></span> <span class='ocrx_word' id='word_1_230' title='bbox 355 1926 475 1982; x_wconf 78' lang='lat' dir='ltr'><strong>Levi</strong></span> <span class='ocrx_word' id='word_1_231' title='bbox 498 1928 742 1983; x_wconf 80' lang='lat' dir='ltr'><strong>succedit</strong></span> <span class='ocrx_word' id='word_1_232' title='bbox 760 1967 775 1993; x_wconf 83' lang='grc'>,</span> <span class='ocrx_word' id='word_1_233' title='bbox 804 1927 899 1997; x_wconf 87' lang='lat' dir='ltr'><strong>qui</strong></span> <span class='ocrx_word' id='word_1_234' title='bbox 932 1928 1147 1983; x_wconf 75' lang='lat' dir='ltr'><strong>additus</strong></span> <span class='ocrx_word' id='word_1_235' title='bbox 1174 1928 1393 1995; x_wconf 71' lang='lat' dir='ltr'><strong>dieitur.</strong></span> <span class='ocrx_word' id='word_1_236' title='bbox 1425 1930 1549 1998; x_wconf 85' lang='lat' dir='ltr'><strong>quia</strong></span> <span class='ocrx_word' id='word_1_237' title='bbox 1580 1930 1830 1986; x_wconf 56' lang='lat' dir='ltr'><strong>Videlicet</strong></span> <span class='ocrx_word' id='word_1_238' title='bbox 1855 1932 1904 1995; x_wconf 80' lang='grc' dir='ltr'><strong>Β</strong></span> <span class='ocrx_word' id='word_1_239' title='bbox 1929 1938 2171 2003; x_wconf 82' lang='lat' dir='ltr'><strong>Christo,</strong></span> <span class='ocrx_word' id='word_1_240' title='bbox 2198 1939 2421 1997; x_wconf 88' lang='lat' dir='ltr'><strong>Judaica</strong></span> <span class='ocrx_word' id='word_1_241' title='bbox 2446 1942 2597 2011; x_wconf 81' lang='lat' dir='ltr'><strong>plebs</strong></span> <span class='ocrx_word' id='word_1_242' title='bbox 2621 1951 2678 1997; x_wconf 91' lang='lat' dir='ltr'><strong>et</strong></span> <span class='ocrx_word' id='word_1_243' title='bbox 2704 1944 3069 1998; x_wconf 88' lang='lat' dir='ltr'><strong>sacerdotium</strong></span> <span class='ocrx_word' id='word_1_244' title='bbox 3113 1954 3168 1998; x_wconf 91' lang='lat' dir='ltr'><strong>et</strong></span> <span class='ocrx_word' id='word_1_245' title='bbox 3215 1960 3375 2001; x_wconf 89' lang='lat' dir='ltr'><strong>omne</strong></span> <span class='ocrx_word' id='word_1_246' title='bbox 3419 1948 3517 2003; x_wconf 90' lang='lat' dir='ltr'><strong>bo-</strong></span> 
     </span>
    </p>
   </div>
   <div class='ocr_carea' id='block_1_30' title="bbox 223 2018 1827 2092">
    <p class='ocr_par' dir='ltr' id='par_1_30' title="bbox 223 2018 1827 2092">
     <span class='ocr_line' id='line_1_30' title="bbox 223 2018 1827 2092; baseline 0.001 -17"><span class='ocrx_word' id='word_1_247' title='bbox 223 2018 363 2075; x_wconf 83' lang='lat' dir='ltr'><strong>tales</strong></span> <span class='ocrx_word' id='word_1_248' title='bbox 399 2021 513 2092; x_wconf 84' lang='lat' dir='ltr'><strong>jam</strong></span> <span class='ocrx_word' id='word_1_249' title='bbox 553 2021 734 2075; x_wconf 87' lang='lat' dir='ltr'><strong>omnia</strong></span> <span class='ocrx_word' id='word_1_250' title='bbox 766 2021 1149 2076; x_wconf 85' lang='lat' dir='ltr'><strong>conculcantes</strong></span> <span class='ocrx_word' id='word_1_251' title='bbox 1185 2031 1397 2076; x_wconf 89' lang='lat' dir='ltr'><strong>terrena</strong></span> <span class='ocrx_word' id='word_1_252' title='bbox 1421 2062 1435 2084; x_wconf 93' lang='lat'><strong>,</strong></span> <span class='ocrx_word' id='word_1_253' title='bbox 1490 2023 1827 2092; x_wconf 77' lang='lat' dir='ltr'><strong>super-addu-</strong></span> 
     </span>
    </p>
   </div>
   <div class='ocr_carea' id='block_1_31' title="bbox 222 2114 1830 2186">
    <p class='ocr_par' dir='ltr' id='par_1_31' title="bbox 222 2114 1830 2186">
     <span class='ocr_line' id='line_1_31' title="bbox 222 2114 1830 2186; baseline 0.002 -19"><span class='ocrx_word' id='word_1_254' title='bbox 222 2114 356 2168; x_wconf 68' lang='lat' dir='ltr'><strong>Cunt</strong></span> <span class='ocrx_word' id='word_1_255' title='bbox 388 2114 492 2168; x_wconf 88' lang='lat' dir='ltr'><strong>sibi</strong></span> <span class='ocrx_word' id='word_1_256' title='bbox 532 2122 803 2185; x_wconf 67' lang='lat' dir='ltr'><strong>prmeepta</strong></span> <span class='ocrx_word' id='word_1_257' title='bbox 846 2129 953 2168; x_wconf 87' lang='lat' dir='ltr'><strong>non</strong></span> <span class='ocrx_word' id='word_1_258' title='bbox 973 2114 1150 2184; x_wconf 77' lang='lat' dir='ltr'><strong>iussa,</strong></span> <span class='ocrx_word' id='word_1_259' title='bbox 1180 2122 1240 2168; x_wconf 91' lang='lat' dir='ltr'><strong>ut</strong></span> <span class='ocrx_word' id='word_1_260' title='bbox 1257 2123 1344 2169; x_wconf 92' lang='lat' dir='ltr'><strong>est</strong></span> <span class='ocrx_word' id='word_1_261' title='bbox 1374 2114 1676 2186; x_wconf 74' lang='lat' dir='ltr'><strong>virginitas,</strong></span> <span class='ocrx_word' id='word_1_262' title='bbox 1707 2129 1830 2171; x_wconf 88' lang='lat' dir='ltr'><strong>ero-</strong></span> 
     </span>
    </p>
   </div>
   <div class='ocr_carea' id='block_1_32' title="bbox 220 2205 1819 2279">
    <p class='ocr_par' dir='ltr' id='par_1_32' title="bbox 220 2205 1819 2279">
     <span class='ocr_line' id='line_1_32' title="bbox 220 2205 1819 2279; baseline 0 -20"><span class='ocrx_word' id='word_1_263' title='bbox 220 2207 370 2279; x_wconf 73' lang='lat' dir='ltr'><strong>gatio</strong></span> <span class='ocrx_word' id='word_1_264' title='bbox 405 2205 613 2260; x_wconf 82' lang='lat' dir='ltr'><strong>dimidii</strong></span> <span class='ocrx_word' id='word_1_265' title='bbox 642 2205 906 2262; x_wconf 88' lang='lat' dir='ltr'><strong>bonorum</strong></span> <span class='ocrx_word' id='word_1_266' title='bbox 934 2206 1021 2260; x_wconf 84' lang='lat' dir='ltr'><strong>vel</strong></span> <span class='ocrx_word' id='word_1_267' title='bbox 1047 2205 1389 2271; x_wconf 82' lang='lat' dir='ltr'><strong>facultatum,</strong></span> <span class='ocrx_word' id='word_1_268' title='bbox 1417 2214 1469 2259; x_wconf 91' lang='lat' dir='ltr'><strong>et</strong></span> <span class='ocrx_word' id='word_1_269' title='bbox 1490 2215 1686 2259; x_wconf 66' lang='lat' dir='ltr'><strong>caetera</strong></span> <span class='ocrx_word' id='word_1_270' title='bbox 1717 2207 1819 2259; x_wconf 50' lang='lat' dir='ltr'><strong>hu.</strong></span> 
     </span>
    </p>
   </div>
   <div class='ocr_carea' id='block_1_33' title="bbox 220 2297 1824 2378">
    <p class='ocr_par' dir='ltr' id='par_1_33' title="bbox 220 2297 1824 2378">
     <span class='ocr_line' id='line_1_33' title="bbox 220 2297 1824 2378; baseline -0.001 -25"><span class='ocrx_word' id='word_1_271' title='bbox 220 2298 476 2378; x_wconf 80' lang='lat' dir='ltr'><strong>[usmodi,</strong></span> <span class='ocrx_word' id='word_1_272' title='bbox 491 2311 615 2368; x_wconf 66' lang='lat' dir='ltr'><strong>quae</strong></span> <span class='ocrx_word' id='word_1_273' title='bbox 638 2313 743 2352; x_wconf 90' lang='lat' dir='ltr'><strong>non</strong></span> <span class='ocrx_word' id='word_1_274' title='bbox 762 2297 940 2368; x_wconf 83' lang='lat' dir='ltr'><strong>jussu,</strong></span> <span class='ocrx_word' id='word_1_275' title='bbox 966 2298 1060 2353; x_wconf 90' lang='lat' dir='ltr'><strong>sed</strong></span> <span class='ocrx_word' id='word_1_276' title='bbox 1078 2297 1305 2352; x_wconf 87' lang='lat' dir='ltr'><strong>consilio</strong></span> <span class='ocrx_word' id='word_1_277' title='bbox 1320 2297 1824 2366; x_wconf 87' lang='lat' dir='ltr'><strong>suntsuperaddita.</strong></span> 
     </span>
    </p>
   </div>
   <div class='ocr_carea' id='block_1_34' title="bbox 221 2388 1827 2459">
    <p class='ocr_par' dir='ltr' id='par_1_34' title="bbox 221 2388 1827 2459">
     <span class='ocr_line' id='line_1_34' title="bbox 221 2388 1827 2459; baseline -0.001 -14"><span class='ocrx_word' id='word_1_278' title='bbox 221 2389 428 2457; x_wconf 83' lang='lat' dir='ltr'><strong>Quibus</strong></span> <span class='ocrx_word' id='word_1_279' title='bbox 465 2389 719 2444; x_wconf 87' lang='lat' dir='ltr'><strong>nimirum</strong></span> <span class='ocrx_word' id='word_1_280' title='bbox 762 2391 902 2444; x_wconf 89' lang='lat' dir='ltr'><strong>bene</strong></span> <span class='ocrx_word' id='word_1_281' title='bbox 922 2390 1195 2454; x_wconf 86' lang='lat' dir='ltr'><strong>convenit,</strong></span> <span class='ocrx_word' id='word_1_282' title='bbox 1237 2389 1381 2458; x_wconf 88' lang='lat' dir='ltr'><strong>quod</strong></span> <span class='ocrx_word' id='word_1_283' title='bbox 1422 2388 1673 2442; x_wconf 79' lang='lat' dir='ltr'><strong>Issacltar</strong></span> <span class='ocrx_word' id='word_1_284' title='bbox 1705 2404 1827 2459; x_wconf 78' lang='lat' dir='ltr'><strong>post,</strong></span> 
     </span>
    </p>
   </div>
   <div class='ocr_carea' id='block_1_35' title="bbox 220 2478 1826 2550">
    <p class='ocr_par' dir='ltr' id='par_1_35' title="bbox 220 2478 1826 2550">
     <span class='ocr_line' id='line_1_35' title="bbox 220 2478 1826 2550; baseline -0.001 -14"><span class='ocrx_word' id='word_1_285' title='bbox 220 2478 350 2536; x_wconf 84' lang='lat' dir='ltr'><strong>Levi</strong></span> <span class='ocrx_word' id='word_1_286' title='bbox 388 2480 731 2545; x_wconf 88' lang='lat' dir='ltr'><strong>annectitur,</strong></span> <span class='ocrx_word' id='word_1_287' title='bbox 772 2480 865 2550; x_wconf 88' lang='lat' dir='ltr'><strong>qui</strong></span> <span class='ocrx_word' id='word_1_288' title='bbox 900 2493 1113 2535; x_wconf 88' lang='lat' dir='ltr'><strong>merces</strong></span> <span class='ocrx_word' id='word_1_289' title='bbox 1159 2479 1571 2550; x_wconf 87' lang='lat' dir='ltr'><strong>interpretatur.</strong></span> <span class='ocrx_word' id='word_1_290' title='bbox 1604 2479 1826 2535; x_wconf 83' lang='lat' dir='ltr'><strong>Talibus</strong></span> 
     </span>
    </p>
   </div>
   <div class='ocr_carea' id='block_1_36' title="bbox 216 2572 1825 2642">
    <p class='ocr_par' dir='ltr' id='par_1_36' title="bbox 216 2572 1825 2642">
     <span class='ocr_line' id='line_1_36' title="bbox 216 2572 1825 2642; baseline 0.001 -15"><span class='ocrx_word' id='word_1_291' title='bbox 216 2572 364 2627; x_wconf 61' lang='lat' dir='ltr'><strong>enim</strong></span> <span class='ocrx_word' id='word_1_292' title='bbox 390 2573 619 2628; x_wconf 86' lang='lat' dir='ltr'><strong>debetur</strong></span> <span class='ocrx_word' id='word_1_293' title='bbox 648 2586 857 2629; x_wconf 86' lang='lat' dir='ltr'><strong>merces</strong></span> <span class='ocrx_word' id='word_1_294' title='bbox 878 2573 1351 2637; x_wconf 83' lang='lat' dir='ltr'><strong>remunerationis,</strong></span> <span class='ocrx_word' id='word_1_295' title='bbox 1377 2588 1605 2642; x_wconf 84' lang='lat' dir='ltr'><strong>quorum</strong></span> <span class='ocrx_word' id='word_1_296' title='bbox 1637 2574 1727 2628; x_wconf 90' lang='lat' dir='ltr'><strong>uni</strong></span> <span class='ocrx_word' id='word_1_297' title='bbox 1744 2574 1825 2629; x_wconf 84' lang='lat' dir='ltr'><strong>di-</strong></span> 
     </span>
    </p>
   </div>
   <div class='ocr_carea' id='block_1_37' title="bbox 219 2662 1822 2732">
    <p class='ocr_par' dir='ltr' id='par_1_37' title="bbox 219 2662 1822 2732">
     <span class='ocr_line' id='line_1_37' title="bbox 219 2662 1822 2732; baseline -0.001 -13"><span class='ocrx_word' id='word_1_298' title='bbox 219 2664 294 2719; x_wconf 84' lang='lat' dir='ltr'><strong>cit</strong></span> <span class='ocrx_word' id='word_1_299' title='bbox 346 2662 661 2719; x_wconf 81' lang='lat' dir='ltr'><strong>Jeremias:</strong></span> <span class='ocrx_word' id='word_1_300' title='bbox 710 2662 958 2730; x_wconf 83' lang='lat' dir='ltr'><strong>Quiescat</strong></span> <span class='ocrx_word' id='word_1_301' title='bbox 998 2678 1097 2717; x_wconf 74' lang='lat' dir='ltr'><strong>eoa:</strong></span> <span class='ocrx_word' id='word_1_302' title='bbox 1141 2674 1235 2716; x_wconf 90' lang='lat' dir='ltr'><strong>tua</strong></span> <span class='ocrx_word' id='word_1_303' title='bbox 1282 2663 1526 2729; x_wconf 83' lang='lat' dir='ltr'><strong>ploratu,</strong></span> <span class='ocrx_word' id='word_1_304' title='bbox 1572 2666 1822 2732; x_wconf 80' lang='lat' dir='ltr'><strong>quoniam</strong></span> 
     </span>
    </p>
   </div>
   <div class='ocr_carea' id='block_1_38' title="bbox 216 2756 1821 2829">
    <p class='ocr_par' dir='ltr' id='par_1_38' title="bbox 216 2756 1821 2829">
     <span class='ocr_line' id='line_1_38' title="bbox 216 2756 1821 2829; baseline 0.001 -19"><span class='ocrx_word' id='word_1_305' title='bbox 216 2772 413 2811; x_wconf 80' lang='lat' dir='ltr'><strong>merces</strong></span> <span class='ocrx_word' id='word_1_306' title='bbox 436 2767 514 2811; x_wconf 88' lang='lat' dir='ltr'><strong>est</strong></span> <span class='ocrx_word' id='word_1_307' title='bbox 544 2759 687 2828; x_wconf 87' lang='lat' dir='ltr'><strong>operi</strong></span> <span class='ocrx_word' id='word_1_308' title='bbox 716 2767 807 2811; x_wconf 87' lang='lat' dir='ltr'><strong>tuo</strong></span> <span class='ocrx_word' id='word_1_309' title='bbox 848 2756 1064 2829; x_wconf 77' lang='lat' dir='ltr'><strong>(Jerem.</strong></span> <span class='ocrx_word' id='word_1_310' title='bbox 1099 2758 1276 2825; x_wconf 74' lang='lat' dir='ltr'><strong>uxr).</strong></span> <span class='ocrx_word' id='word_1_311' title='bbox 1323 2757 1482 2812; x_wconf 87' lang='lat' dir='ltr'><strong>Tales</strong></span> <span class='ocrx_word' id='word_1_312' title='bbox 1512 2767 1691 2812; x_wconf 87' lang='lat' dir='ltr'><strong>autem</strong></span> <span class='ocrx_word' id='word_1_313' title='bbox 1727 2759 1821 2829; x_wconf 91' lang='lat' dir='ltr'><strong>qui</strong></span> 
     </span>
    </p>
   </div>
   <div class='ocr_carea' id='block_1_39' title="bbox 218 2847 1821 2917">
    <p class='ocr_par' dir='ltr' id='par_1_39' title="bbox 218 2847 1821 2917">
     <span class='ocr_line' id='line_1_39' title="bbox 218 2847 1821 2917; baseline 0 -14"><span class='ocrx_word' id='word_1_314' title='bbox 218 2847 296 2904; x_wconf 87' lang='lat' dir='ltr'><strong>ita</strong></span> <span class='ocrx_word' id='word_1_315' title='bbox 326 2849 537 2915; x_wconf 90' lang='lat' dir='ltr'><strong>vivunt,</strong></span> <span class='ocrx_word' id='word_1_316' title='bbox 570 2858 626 2904; x_wconf 89' lang='lat' dir='ltr'><strong>et</strong></span> <span class='ocrx_word' id='word_1_317' title='bbox 649 2849 987 2904; x_wconf 85' lang='lat' dir='ltr'><strong>solummodo</strong></span> <span class='ocrx_word' id='word_1_318' title='bbox 1014 2863 1113 2917; x_wconf 85' lang='lat' dir='ltr'><strong>pro</strong></span> <span class='ocrx_word' id='word_1_319' title='bbox 1143 2849 1580 2905; x_wconf 86' lang='lat' dir='ltr'><strong>remuneratione</strong></span> <span class='ocrx_word' id='word_1_320' title='bbox 1604 2857 1821 2903; x_wconf 68' lang='lat' dir='ltr'><strong>teterme</strong></span> 
     </span>
    </p>
   </div>
   <div class='ocr_carea' id='block_1_40' title="bbox 216 2940 1814 3017">
    <p class='ocr_par' dir='ltr' id='par_1_40' title="bbox 216 2940 1814 3017">
     <span class='ocr_line' id='line_1_40' title="bbox 216 2940 1814 3017; baseline -0.001 -22"><span class='ocrx_word' id='word_1_321' title='bbox 216 2942 344 2997; x_wconf 70' lang='lat' dir='ltr'><strong>Vita:</strong></span> <span class='ocrx_word' id='word_1_322' title='bbox 370 2942 638 3017; x_wconf 85' lang='lat' dir='ltr'><strong>laborant,</strong></span> <span class='ocrx_word' id='word_1_323' title='bbox 678 2942 856 2997; x_wconf 84' lang='lat' dir='ltr'><strong>solent</strong></span> <span class='ocrx_word' id='word_1_324' title='bbox 893 2941 1184 3012; x_wconf 87' lang='lat' dir='ltr'><strong>aliquando</strong></span> <span class='ocrx_word' id='word_1_325' title='bbox 1211 2940 1539 2997; x_wconf 86' lang='lat' dir='ltr'><strong>tentationes</strong></span> <span class='ocrx_word' id='word_1_326' title='bbox 1560 2940 1814 3012; x_wconf 82' lang='lat' dir='ltr'><strong>probare.</strong></span> 
     </span>
    </p>
   </div>
   <div class='ocr_carea' id='block_1_41' title="bbox 218 3029 1006 3105">
    <p class='ocr_par' dir='ltr' id='par_1_41' title="bbox 218 3029 1006 3105">
     <span class='ocr_line' id='line_1_41' title="bbox 218 3029 1006 3105; baseline -0.001 -17"><span class='ocrx_word' id='word_1_327' title='bbox 218 3029 372 3089; x_wconf 88' lang='lat' dir='ltr'><strong>Unde</strong></span> <span class='ocrx_word' id='word_1_328' title='bbox 394 3034 538 3089; x_wconf 89' lang='lat' dir='ltr'><strong>bene</strong></span> <span class='ocrx_word' id='word_1_329' title='bbox 564 3043 686 3105; x_wconf 91' lang='lat' dir='ltr'><strong>post</strong></span> <span class='ocrx_word' id='word_1_330' title='bbox 714 3033 962 3105; x_wconf 79' lang='lat' dir='ltr'><strong>lssachar</strong></span> <span class='ocrx_word' id='word_1_331' title='bbox 992 3051 1006 3087; x_wconf 91' lang='lat'><strong>:</strong></span> 
     </span>
    </p>
   </div>
   <div class='ocr_carea' id='block_1_42' title="bbox 289 3124 1821 3199">
    <p class='ocr_par' dir='ltr' id='par_1_42' title="bbox 289 3124 1821 3199">
     <span class='ocr_line' id='line_1_42' title="bbox 289 3124 1821 3199; baseline 0.003 -19"><span class='ocrx_word' id='word_1_332' title='bbox 289 3124 529 3181; x_wconf 85' lang='lat' dir='ltr'><strong>Zabulon</strong></span> <span class='ocrx_word' id='word_1_333' title='bbox 571 3128 793 3198; x_wconf 88' lang='lat' dir='ltr'><strong>ponitur</strong></span> <span class='ocrx_word' id='word_1_334' title='bbox 820 3168 835 3194; x_wconf 95' lang='lat'><strong>,</strong></span> <span class='ocrx_word' id='word_1_335' title='bbox 882 3128 974 3197; x_wconf 89' lang='lat' dir='ltr'><strong>qui</strong></span> <span class='ocrx_word' id='word_1_336' title='bbox 1028 3127 1413 3199; x_wconf 87' lang='lat' dir='ltr'><strong>interpretatur</strong></span> <span class='ocrx_word' id='word_1_337' title='bbox 1454 3126 1821 3184; x_wconf 86' lang='lat' dir='ltr'><strong>habitaculum</strong></span> 
     </span>
    </p>
   </div>
   <div class='ocr_carea' id='block_1_43' title="bbox 217 3214 1818 3276">
    <p class='ocr_par' dir='ltr' id='par_1_43' title="bbox 217 3214 1818 3276">
     <span class='ocr_line' id='line_1_43' title="bbox 217 3214 1818 3276; baseline 0.001 -1"><span class='ocrx_word' id='word_1_338' title='bbox 217 3214 574 3276; x_wconf 82' lang='lat' dir='ltr'><strong>fortitudinis.</strong></span> <span class='ocrx_word' id='word_1_339' title='bbox 607 3220 726 3276; x_wconf 82' lang='lat' dir='ltr'><strong>Non</strong></span> <span class='ocrx_word' id='word_1_340' title='bbox 758 3221 902 3275; x_wconf 88' lang='lat' dir='ltr'><strong>cnim</strong></span> <span class='ocrx_word' id='word_1_341' title='bbox 936 3221 1071 3276; x_wconf 88' lang='lat' dir='ltr'><strong>tales</strong></span> <span class='ocrx_word' id='word_1_342' title='bbox 1115 3221 1474 3276; x_wconf 88' lang='lat' dir='ltr'><strong>succumbunt</strong></span> <span class='ocrx_word' id='word_1_343' title='bbox 1503 3221 1818 3276; x_wconf 79' lang='lat' dir='ltr'><strong>tentationi-</strong></span> 
     </span>
    </p>
   </div>
   <div class='ocr_carea' id='block_1_44' title="bbox 1930 2031 3517 2106">
    <p class='ocr_par' dir='ltr' id='par_1_44' title="bbox 1930 2031 3517 2106">
     <span class='ocr_line' id='line_1_44' title="bbox 1930 2031 3517 2106; baseline 0.004 -22"><span class='ocrx_word' id='word_1_344' title='bbox 1930 2045 2058 2084; x_wconf 91' lang='lat' dir='ltr'><strong>num</strong></span> <span class='ocrx_word' id='word_1_345' title='bbox 2089 2032 2341 2101; x_wconf 79' lang='lat' dir='ltr'><strong>perdidit,</strong></span> <span class='ocrx_word' id='word_1_346' title='bbox 2371 2042 2427 2087; x_wconf 91' lang='lat' dir='ltr'><strong>et</strong></span> <span class='ocrx_word' id='word_1_347' title='bbox 2453 2034 2507 2087; x_wconf 91' lang='lat' dir='ltr'><strong>in</strong></span> <span class='ocrx_word' id='word_1_348' title='bbox 2537 2031 2652 2100; x_wconf 85' lang='lat' dir='ltr'><strong>ejus</strong></span> <span class='ocrx_word' id='word_1_349' title='bbox 2678 2033 2795 2087; x_wconf 86' lang='lat' dir='ltr'><strong>loco</strong></span> <span class='ocrx_word' id='word_1_350' title='bbox 2834 2033 3131 2099; x_wconf 80' lang='lat' dir='ltr'><strong>Manasses,</strong></span> <span class='ocrx_word' id='word_1_351' title='bbox 3155 2035 3206 2089; x_wconf 92' lang='lat' dir='ltr'><strong>id</strong></span> <span class='ocrx_word' id='word_1_352' title='bbox 3235 2044 3319 2089; x_wconf 89' lang='lat' dir='ltr'><strong>est</strong></span> <span class='ocrx_word' id='word_1_353' title='bbox 3347 2051 3517 2106; x_wconf 88' lang='lat' dir='ltr'><strong>popu-</strong></span> 
     </span>
    </p>
   </div>
   <div class='ocr_carea' id='block_1_45' title="bbox 1930 2120 3515 2193">
    <p class='ocr_par' dir='ltr' id='par_1_45' title="bbox 1930 2120 3515 2193">
     <span class='ocr_line' id='line_1_45' title="bbox 1930 2120 3515 2193; baseline 0.005 -19"><span class='ocrx_word' id='word_1_354' title='bbox 1930 2120 2015 2176; x_wconf 90' lang='lat' dir='ltr'><strong>lus</strong></span> <span class='ocrx_word' id='word_1_355' title='bbox 2044 2122 2259 2192; x_wconf 79' lang='lat' dir='ltr'><strong>gentilis</strong></span> <span class='ocrx_word' id='word_1_356' title='bbox 2288 2131 2369 2178; x_wconf 90' lang='lat' dir='ltr'><strong>est</strong></span> <span class='ocrx_word' id='word_1_357' title='bbox 2394 2123 2616 2187; x_wconf 87' lang='lat' dir='ltr'><strong>ascitus,</strong></span> <span class='ocrx_word' id='word_1_358' title='bbox 2650 2133 2813 2193; x_wconf 89' lang='lat' dir='ltr'><strong>atque</strong></span> <span class='ocrx_word' id='word_1_359' title='bbox 2837 2124 2889 2178; x_wconf 93' lang='lat' dir='ltr'><strong>in</strong></span> <span class='ocrx_word' id='word_1_360' title='bbox 2922 2123 3090 2178; x_wconf 88' lang='lat' dir='ltr'><strong>ﬁlium</strong></span> <span class='ocrx_word' id='word_1_361' title='bbox 3112 2124 3419 2193; x_wconf 84' lang='lat' dir='ltr'><strong>adoptatus.</strong></span> <span class='ocrx_word' id='word_1_362' title='bbox 3446 2126 3515 2182; x_wconf 82' lang='lat' dir='ltr'><strong>Et</strong></span> 
     </span>
    </p>
   </div>
   <div class='ocr_carea' id='block_1_46' title="bbox 1928 2213 3513 2286">
    <p class='ocr_par' dir='ltr' id='par_1_46' title="bbox 1928 2213 3513 2286">
     <span class='ocr_line' id='line_1_46' title="bbox 1928 2213 3513 2286; baseline 0.004 -20"><span class='ocrx_word' id='word_1_363' title='bbox 1928 2213 2090 2267; x_wconf 84' lang='lat' dir='ltr'><strong>sicuti</strong></span> <span class='ocrx_word' id='word_1_364' title='bbox 2116 2214 2228 2267; x_wconf 89' lang='lat' dir='ltr'><strong>Dan</strong></span> <span class='ocrx_word' id='word_1_365' title='bbox 2254 2214 2323 2268; x_wconf 89' lang='lat' dir='ltr'><strong>de</strong></span> <span class='ocrx_word' id='word_1_366' title='bbox 2354 2216 2456 2269; x_wconf 88' lang='lat' dir='ltr'><strong>hoc</strong></span> <span class='ocrx_word' id='word_1_367' title='bbox 2486 2215 2732 2285; x_wconf 89' lang='lat' dir='ltr'><strong>catalogo</strong></span> <span class='ocrx_word' id='word_1_368' title='bbox 2757 2214 3022 2285; x_wconf 86' lang='lat' dir='ltr'><strong>spirituali</strong></span> <span class='ocrx_word' id='word_1_369' title='bbox 3054 2224 3137 2270; x_wconf 84' lang='lat' dir='ltr'><strong>est</strong></span> <span class='ocrx_word' id='word_1_370' title='bbox 3173 2216 3402 2286; x_wconf 71' lang='lat' dir='ltr'><strong>eiectus,</strong></span> <span class='ocrx_word' id='word_1_371' title='bbox 3436 2218 3513 2272; x_wconf 88' lang='lat' dir='ltr'><strong>ita</strong></span> 
     </span>
    </p>
   </div>
   <div class='ocr_carea' id='block_1_47' title="bbox 1926 2304 3513 2375">
    <p class='ocr_par' dir='ltr' id='par_1_47' title="bbox 1926 2304 3513 2375">
     <span class='ocr_line' id='line_1_47' title="bbox 1926 2304 3513 2375; baseline 0.003 -17"><span class='ocrx_word' id='word_1_372' title='bbox 1926 2317 2121 2358; x_wconf 86' lang='lat' dir='ltr'><strong>omnes</strong></span> <span class='ocrx_word' id='word_1_373' title='bbox 2145 2304 2356 2374; x_wconf 89' lang='lat' dir='ltr'><strong>reprobi</strong></span> <span class='ocrx_word' id='word_1_374' title='bbox 2379 2304 2665 2375; x_wconf 86' lang='lat' dir='ltr'><strong>ejicientur</strong></span> <span class='ocrx_word' id='word_1_375' title='bbox 2688 2308 2754 2361; x_wconf 89' lang='lat' dir='ltr'><strong>de</strong></span> <span class='ocrx_word' id='word_1_376' title='bbox 2787 2306 3062 2361; x_wconf 88' lang='lat' dir='ltr'><strong>consortio</strong></span> <span class='ocrx_word' id='word_1_377' title='bbox 3096 2316 3409 2362; x_wconf 89' lang='lat' dir='ltr'><strong>sanctorum</strong></span> <span class='ocrx_word' id='word_1_378' title='bbox 3455 2307 3513 2363; x_wconf 92' lang='lat' dir='ltr'><strong>in</strong></span> 
     </span>
    </p>
   </div>
   <div class='ocr_carea' id='block_1_48' title="bbox 1928 2394 2249 2463">
    <p class='ocr_par' dir='ltr' id='par_1_48' title="bbox 1928 2394 2249 2463">
     <span class='ocr_line' id='line_1_48' title="bbox 1928 2394 2249 2463; baseline -0.003 -14"><span class='ocrx_word' id='word_1_379' title='bbox 1928 2394 2014 2449; x_wconf 83' lang='lat' dir='ltr'><strong>die</strong></span> <span class='ocrx_word' id='word_1_380' title='bbox 2037 2394 2249 2463; x_wconf 88' lang='lat' dir='ltr'><strong>judicii.</strong></span> 
     </span>
    </p>
   </div>
   <div class='ocr_carea' id='block_1_49' title="bbox 2002 2483 3512 2560">
    <p class='ocr_par' dir='ltr' id='par_1_49' title="bbox 2002 2483 3512 2560">
     <span class='ocr_line' id='line_1_49' title="bbox 2002 2483 3512 2560; baseline 0.005 -22"><span class='ocrx_word' id='word_1_381' title='bbox 2002 2483 2127 2540; x_wconf 82' lang='lat' dir='ltr'><strong>Post</strong></span> <span class='ocrx_word' id='word_1_382' title='bbox 2151 2488 2262 2541; x_wconf 69' lang='lat' dir='ltr'><strong>Ita&#39;c</strong></span> <span class='ocrx_word' id='word_1_383' title='bbox 2302 2502 2407 2541; x_wconf 75' lang='lat' dir='ltr'><strong>tua:</strong></span> <span class='ocrx_word' id='word_1_384' title='bbox 2440 2498 2647 2541; x_wconf 79' lang='lat' dir='ltr'><strong>tuream</strong></span> <span class='ocrx_word' id='word_1_385' title='bbox 2677 2504 2942 2559; x_wconf 87' lang='lat' dir='ltr'><strong>magnam,</strong></span> <span class='ocrx_word' id='word_1_386' title='bbox 2980 2505 3140 2560; x_wconf 87' lang='lat' dir='ltr'><strong>quam</strong></span> <span class='ocrx_word' id='word_1_387' title='bbox 3174 2490 3512 2546; x_wconf 78' lang='lat' dir='ltr'><strong>dinumerare</strong></span> 
     </span>
    </p>
   </div>
   <div class='ocr_carea' id='block_1_50' title="bbox 1925 2577 3511 2647">
    <p class='ocr_par' dir='ltr' id='par_1_50' title="bbox 1925 2577 3511 2647">
     <span class='ocr_line' id='line_1_50' title="bbox 1925 2577 3511 2647; baseline 0.004 -17"><span class='ocrx_word' id='word_1_388' title='bbox 1925 2591 2075 2630; x_wconf 79' lang='lat' dir='ltr'><strong>nemo</strong></span> <span class='ocrx_word' id='word_1_389' title='bbox 2098 2587 2318 2645; x_wconf 81' lang='lat' dir='ltr'><strong>poterat.</strong></span> <span class='ocrx_word' id='word_1_390' title='bbox 2352 2577 2465 2632; x_wconf 87' lang='lat' dir='ltr'><strong>Hoc</strong></span> <span class='ocrx_word' id='word_1_391' title='bbox 2495 2586 2596 2641; x_wconf 91' lang='lat' dir='ltr'><strong>est,</strong></span> <span class='ocrx_word' id='word_1_392' title='bbox 2628 2587 2918 2647; x_wconf 83' lang='lat' dir='ltr'><strong>postquam</strong></span> <span class='ocrx_word' id='word_1_393' title='bbox 2943 2580 3121 2632; x_wconf 77' lang='lat' dir='ltr'><strong>audivi</strong></span> <span class='ocrx_word' id='word_1_394' title='bbox 3144 2595 3429 2635; x_wconf 88' lang='lat' dir='ltr'><strong>numerum</strong></span> <span class='ocrx_word' id='word_1_395' title='bbox 3452 2581 3511 2635; x_wconf 91' lang='lat' dir='ltr'><strong>ﬁ-</strong></span> 
     </span>
    </p>
   </div>
   <div class='ocr_carea' id='block_1_51' title="bbox 1925 2668 3511 2738">
    <p class='ocr_par' dir='ltr' id='par_1_51' title="bbox 1925 2668 3511 2738">
     <span class='ocr_line' id='line_1_51' title="bbox 1925 2668 3511 2738; baseline 0.001 -17"><span class='ocrx_word' id='word_1_396' title='bbox 1925 2668 2124 2722; x_wconf 85' lang='lat' dir='ltr'><strong>delium</strong></span> <span class='ocrx_word' id='word_1_397' title='bbox 2151 2669 2243 2737; x_wconf 88' lang='lat' dir='ltr'><strong>qui</strong></span> <span class='ocrx_word' id='word_1_398' title='bbox 2273 2669 2805 2738; x_wconf 63' lang='lat' dir='ltr'><strong>(ciiiprehenduntur</strong></span> <span class='ocrx_word' id='word_1_399' title='bbox 2848 2669 2904 2722; x_wconf 90' lang='lat' dir='ltr'><strong>in</strong></span> <span class='ocrx_word' id='word_1_400' title='bbox 2940 2670 3222 2724; x_wconf 81' lang='lat' dir='ltr'><strong>duodecim</strong></span> <span class='ocrx_word' id='word_1_401' title='bbox 3265 2672 3511 2726; x_wconf 80' lang='lat' dir='ltr'><strong>tribubm</strong></span> 
     </span>
    </p>
   </div>
   <div class='ocr_carea' id='block_1_52' title="bbox 1918 2757 3506 2833">
    <p class='ocr_par' dir='ltr' id='par_1_52' title="bbox 1918 2757 3506 2833">
     <span class='ocr_line' id='line_1_52' title="bbox 1918 2757 3506 2833; baseline 0.003 -20"><span class='ocrx_word' id='word_1_402' title='bbox 1918 2757 2107 2823; x_wconf 71' lang='lat' dir='ltr'><strong>lsrael,</strong></span> <span class='ocrx_word' id='word_1_403' title='bbox 2140 2759 2247 2814; x_wconf 87' lang='lat' dir='ltr'><strong>vidi</strong></span> <span class='ocrx_word' id='word_1_404' title='bbox 2283 2760 2497 2833; x_wconf 70' lang='lat' dir='ltr'><strong>turbam</strong></span> <span class='ocrx_word' id='word_1_405' title='bbox 2528 2775 2691 2829; x_wconf 87' lang='lat' dir='ltr'><strong>quam</strong></span> <span class='ocrx_word' id='word_1_406' title='bbox 2719 2759 3063 2815; x_wconf 86' lang='lat' dir='ltr'><strong>dinumerare</strong></span> <span class='ocrx_word' id='word_1_407' title='bbox 3089 2775 3249 2815; x_wconf 89' lang='lat' dir='ltr'><strong>nemo</strong></span> <span class='ocrx_word' id='word_1_408' title='bbox 3274 2772 3506 2831; x_wconf 87' lang='lat' dir='ltr'><strong>poterat.</strong></span> 
     </span>
    </p>
   </div>
   <div class='ocr_carea' id='block_1_53' title="bbox 1922 2848 3508 2926">
    <p class='ocr_par' dir='ltr' id='par_1_53' title="bbox 1922 2848 3508 2926">
     <span class='ocr_line' id='line_1_53' title="bbox 1922 2848 3508 2926; baseline 0.004 -22"><span class='ocrx_word' id='word_1_409' title='bbox 1922 2848 2190 2905; x_wconf 86' lang='lat' dir='ltr'><strong>Numerus</strong></span> <span class='ocrx_word' id='word_1_410' title='bbox 2211 2850 2505 2905; x_wconf 86' lang='lat' dir='ltr'><strong>electorum</strong></span> <span class='ocrx_word' id='word_1_411' title='bbox 2526 2853 2680 2921; x_wconf 78' lang='lat' dir='ltr'><strong>apud</strong></span> <span class='ocrx_word' id='word_1_412' title='bbox 2708 2851 2876 2906; x_wconf 90' lang='lat' dir='ltr'><strong>Deum</strong></span> <span class='ocrx_word' id='word_1_413' title='bbox 2903 2853 3086 2907; x_wconf 88' lang='lat' dir='ltr'><strong>ﬁnitus</strong></span> <span class='ocrx_word' id='word_1_414' title='bbox 3111 2861 3219 2920; x_wconf 90' lang='lat' dir='ltr'><strong>cst,</strong></span> <span class='ocrx_word' id='word_1_415' title='bbox 3247 2856 3342 2910; x_wconf 86' lang='lat' dir='ltr'><strong>sed</strong></span> <span class='ocrx_word' id='word_1_416' title='bbox 3368 2856 3508 2926; x_wconf 87' lang='lat' dir='ltr'><strong>apud</strong></span> 
     </span>
    </p>
   </div>
   <div class='ocr_carea' id='block_1_54' title="bbox 1914 2941 3507 3003">
    <p class='ocr_par' dir='ltr' id='par_1_54' title="bbox 1914 2941 3507 3003">
     <span class='ocr_line' id='line_1_54' title="bbox 1914 2941 3507 3003; baseline 0.006 -9"><span class='ocrx_word' id='word_1_417' title='bbox 1914 2941 2170 2995; x_wconf 82' lang='lat' dir='ltr'><strong>homines</strong></span> <span class='ocrx_word' id='word_1_418' title='bbox 2196 2949 2282 2996; x_wconf 90' lang='lat' dir='ltr'><strong>est</strong></span> <span class='ocrx_word' id='word_1_419' title='bbox 2302 2942 2564 2997; x_wconf 88' lang='lat' dir='ltr'><strong>inﬁnitus.</strong></span> <span class='ocrx_word' id='word_1_420' title='bbox 2602 2941 2751 2997; x_wconf 87' lang='lat' dir='ltr'><strong>Unde</strong></span> <span class='ocrx_word' id='word_1_421' title='bbox 2781 2944 2849 2997; x_wconf 89' lang='lat' dir='ltr'><strong>ad</strong></span> <span class='ocrx_word' id='word_1_422' title='bbox 2883 2944 3132 2999; x_wconf 89' lang='lat' dir='ltr'><strong>homines</strong></span> <span class='ocrx_word' id='word_1_423' title='bbox 3160 2955 3245 3001; x_wconf 84' lang='lat' dir='ltr'><strong>est</strong></span> <span class='ocrx_word' id='word_1_424' title='bbox 3267 2945 3507 3003; x_wconf 88' lang='lat' dir='ltr'><strong>referen-</strong></span> 
     </span>
    </p>
   </div>
   <div class='ocr_carea' id='block_1_55' title="bbox 1921 3033 3506 3108">
    <p class='ocr_par' dir='ltr' id='par_1_55' title="bbox 1921 3033 3506 3108">
     <span class='ocr_line' id='line_1_55' title="bbox 1921 3033 3506 3108; baseline 0.004 -22"><span class='ocrx_word' id='word_1_425' title='bbox 1921 3034 2050 3087; x_wconf 85' lang='lat' dir='ltr'><strong>dum</strong></span> <span class='ocrx_word' id='word_1_426' title='bbox 2079 3033 2223 3102; x_wconf 92' lang='lat' dir='ltr'><strong>quod</strong></span> <span class='ocrx_word' id='word_1_427' title='bbox 2252 3033 2451 3089; x_wconf 83' lang='lat' dir='ltr'><strong>dicitur</strong></span> <span class='ocrx_word' id='word_1_428' title='bbox 2500 3051 2512 3085; x_wconf 89' lang='lat'><strong>:</strong></span> <span class='ocrx_word' id='word_1_429' title='bbox 2555 3033 2725 3100; x_wconf 80' lang='lat' dir='ltr'><strong>Quam</strong></span> <span class='ocrx_word' id='word_1_430' title='bbox 2770 3035 3117 3091; x_wconf 88' lang='lat' dir='ltr'><strong>dinumerare</strong></span> <span class='ocrx_word' id='word_1_431' title='bbox 3161 3050 3322 3092; x_wconf 89' lang='lat' dir='ltr'><strong>nemo</strong></span> <span class='ocrx_word' id='word_1_432' title='bbox 3350 3046 3506 3108; x_wconf 92' lang='lat' dir='ltr'><strong>pote-</strong></span> 
     </span>
    </p>
   </div>
   <div class='ocr_carea' id='block_1_56' title="bbox 1924 3122 3506 3197">
    <p class='ocr_par' dir='ltr' id='par_1_56' title="bbox 1924 3122 3506 3197">
     <span class='ocr_line' id='line_1_56' title="bbox 1924 3122 3506 3197; baseline 0.003 -19"><span class='ocrx_word' id='word_1_433' title='bbox 1924 3133 2025 3179; x_wconf 88' lang='lat' dir='ltr'><strong>rat.</strong></span> <span class='ocrx_word' id='word_1_434' title='bbox 2055 3122 2141 3177; x_wconf 69' lang='lat' dir='ltr'><strong>Ex</strong></span> <span class='ocrx_word' id='word_1_435' title='bbox 2167 3124 2406 3179; x_wconf 79' lang='lat' dir='ltr'><strong>omnibus</strong></span> <span class='ocrx_word' id='word_1_436' title='bbox 2429 3126 2666 3194; x_wconf 78' lang='lat' dir='ltr'><strong>gentibus</strong></span> <span class='ocrx_word' id='word_1_437' title='bbox 2692 3135 2739 3178; x_wconf 86' lang='lat' dir='ltr'><strong>et</strong></span> <span class='ocrx_word' id='word_1_438' title='bbox 2767 3126 3006 3180; x_wconf 83' lang='lat' dir='ltr'><strong>tribubus</strong></span> <span class='ocrx_word' id='word_1_439' title='bbox 3030 3137 3079 3181; x_wconf 90' lang='lat' dir='ltr'><strong>et</strong></span> <span class='ocrx_word' id='word_1_440' title='bbox 3098 3126 3304 3197; x_wconf 83' lang='lat' dir='ltr'><strong>populis</strong></span> <span class='ocrx_word' id='word_1_441' title='bbox 3334 3138 3385 3182; x_wconf 89' lang='lat' dir='ltr'><strong>et</strong></span> <span class='ocrx_word' id='word_1_442' title='bbox 3407 3128 3506 3195; x_wconf 75' lang='lat' dir='ltr'><strong>liu-</strong></span> 
     </span>
    </p>
   </div>
   <div class='ocr_carea' id='block_1_57' title="bbox 1922 3214 3504 3287">
    <p class='ocr_par' dir='ltr' id='par_1_57' title="bbox 1922 3214 3504 3287">
     <span class='ocr_line' id='line_1_57' title="bbox 1922 3214 3504 3287; baseline 0.005 -19"><span class='ocrx_word' id='word_1_443' title='bbox 1922 3216 2058 3287; x_wconf 83' lang='lat' dir='ltr'><strong>guis.</strong></span> <span class='ocrx_word' id='word_1_444' title='bbox 2087 3214 2221 3271; x_wconf 85' lang='lat' dir='ltr'><strong>Cum</strong></span> <span class='ocrx_word' id='word_1_445' title='bbox 2247 3215 2377 3269; x_wconf 90' lang='lat' dir='ltr'><strong>dicit</strong></span> <span class='ocrx_word' id='word_1_446' title='bbox 2402 3231 2466 3269; x_wconf 76' lang='lat' dir='ltr'><strong>ex</strong></span> <span class='ocrx_word' id='word_1_447' title='bbox 2490 3217 2743 3272; x_wconf 89' lang='lat' dir='ltr'><strong>omnibus</strong></span> <span class='ocrx_word' id='word_1_448' title='bbox 2771 3217 3041 3287; x_wconf 87' lang='lat' dir='ltr'><strong>gentibus,</strong></span> <span class='ocrx_word' id='word_1_449' title='bbox 3071 3226 3127 3272; x_wconf 90' lang='lat' dir='ltr'><strong>et</strong></span> <span class='ocrx_word' id='word_1_450' title='bbox 3158 3220 3351 3274; x_wconf 88' lang='lat' dir='ltr'><strong>deinde</strong></span> <span class='ocrx_word' id='word_1_451' title='bbox 3381 3219 3504 3276; x_wconf 89' lang='lat' dir='ltr'><strong>sub-</strong></span> 
     </span>
    </p>
   </div>
   <div class='ocr_carea' id='block_1_58' title="bbox 212 3305 3503 3385">
    <p class='ocr_par' dir='ltr' id='par_1_58' title="bbox 212 3305 3503 3385">
     <span class='ocr_line' id='line_1_58' title="bbox 212 3305 3503 3385; baseline 0.001 -18"><span class='ocrx_word' id='word_1_452' title='bbox 212 3308 347 3377; x_wconf 72' lang='lat' dir='ltr'><strong>‘bus,</strong></span> <span class='ocrx_word' id='word_1_453' title='bbox 372 3312 466 3367; x_wconf 88' lang='lat' dir='ltr'><strong>sed</strong></span> <span class='ocrx_word' id='word_1_454' title='bbox 491 3311 667 3367; x_wconf 81' lang='lat' dir='ltr'><strong>virtus</strong></span> <span class='ocrx_word' id='word_1_455' title='bbox 689 3313 744 3367; x_wconf 92' lang='lat' dir='ltr'><strong>in</strong></span> <span class='ocrx_word' id='word_1_456' title='bbox 770 3312 1085 3367; x_wconf 88' lang='lat' dir='ltr'><strong>inﬁrmitate</strong></span> <span class='ocrx_word' id='word_1_457' title='bbox 1112 3314 1406 3383; x_wconf 89' lang='lat' dir='ltr'><strong>perﬁcitur.</strong></span> <span class='ocrx_word' id='word_1_458' title='bbox 1432 3312 1506 3369; x_wconf 86' lang='lat' dir='ltr'><strong>De</strong></span> <span class='ocrx_word' id='word_1_459' title='bbox 1521 3313 1717 3368; x_wconf 83' lang='lat' dir='ltr'><strong>talibus</strong></span> <span class='ocrx_word' id='word_1_460' title='bbox 1736 3313 1818 3368; x_wconf 90' lang='lat' dir='ltr'><strong>di-</strong></span> <span class='ocrx_word' id='word_1_461' title='bbox 1842 3305 1892 3372; x_wconf 87' lang='lat' dir='ltr'><strong><em>C</em></strong></span> <span class='ocrx_word' id='word_1_462' title='bbox 1921 3309 2174 3373; x_wconf 82' lang='lat' dir='ltr'><strong>infertur,</strong></span> <span class='ocrx_word' id='word_1_463' title='bbox 2202 3308 2268 3363; x_wconf 89' lang='lat' dir='ltr'><strong>Et</strong></span> <span class='ocrx_word' id='word_1_464' title='bbox 2292 3310 2557 3373; x_wconf 86' lang='lat' dir='ltr'><strong>tribubus,</strong></span> <span class='ocrx_word' id='word_1_465' title='bbox 2588 3312 2825 3365; x_wconf 88' lang='lat' dir='ltr'><strong>ostendit</strong></span> <span class='ocrx_word' id='word_1_466' title='bbox 2864 3312 2989 3380; x_wconf 90' lang='lat' dir='ltr'><strong>quia</strong></span> <span class='ocrx_word' id='word_1_467' title='bbox 3019 3312 3074 3366; x_wconf 90' lang='lat' dir='ltr'><strong>in</strong></span> <span class='ocrx_word' id='word_1_468' title='bbox 3101 3313 3345 3367; x_wconf 89' lang='lat' dir='ltr'><strong>omnium</strong></span> <span class='ocrx_word' id='word_1_469' title='bbox 3376 3328 3503 3385; x_wconf 83' lang='lat' dir='ltr'><strong>gen-</strong></span> 
     </span>
    </p>
   </div>
   <div class='ocr_carea' id='block_1_59' title="bbox 208 3401 1812 3476">
    <p class='ocr_par' dir='ltr' id='par_1_59' title="bbox 208 3401 1812 3476">
     <span class='ocr_line' id='line_1_59' title="bbox 208 3401 1812 3476; baseline 0 -17"><span class='ocrx_word' id='word_1_470' title='bbox 208 3403 289 3459; x_wconf 71' lang='lat' dir='ltr'><strong>tit</strong></span> <span class='ocrx_word' id='word_1_471' title='bbox 314 3403 604 3476; x_wconf 85' lang='lat' dir='ltr'><strong>Apostolus</strong></span> <span class='ocrx_word' id='word_1_472' title='bbox 627 3402 817 3474; x_wconf 85' lang='lat' dir='ltr'><strong>(Hebr.</strong></span> <span class='ocrx_word' id='word_1_473' title='bbox 842 3404 924 3475; x_wconf 72' lang='grc' dir='ltr'><strong>χι)</strong></span> <span class='ocrx_word' id='word_1_474' title='bbox 953 3422 965 3458; x_wconf 91' lang='lat'><strong>:</strong></span> <span class='ocrx_word' id='word_1_475' title='bbox 995 3401 1385 3459; x_wconf 82' lang='lat' dir='ltr'><strong>Convatuerunt</strong></span> <span class='ocrx_word' id='word_1_476' title='bbox 1398 3405 1463 3458; x_wconf 88' lang='lat' dir='ltr'><strong>de</strong></span> <span class='ocrx_word' id='word_1_477' title='bbox 1488 3404 1812 3473; x_wconf 75' lang='lat' dir='ltr'><strong>inﬁmitate.</strong></span> 
     </span>
    </p>
   </div>
   <div class='ocr_carea' id='block_1_60' title="bbox 214 3490 1817 3566">
    <p class='ocr_par' dir='ltr' id='par_1_60' title="bbox 214 3490 1817 3566">
     <span class='ocr_line' id='line_1_60' title="bbox 214 3490 1817 3566; baseline 0.002 -19"><span class='ocrx_word' id='word_1_478' title='bbox 214 3490 408 3549; x_wconf 83' lang='lat' dir='ltr'><strong>Fortes</strong></span> <span class='ocrx_word' id='word_1_479' title='bbox 436 3494 564 3564; x_wconf 78' lang='lat' dir='ltr'><strong>[acti</strong></span> <span class='ocrx_word' id='word_1_480' title='bbox 599 3504 721 3549; x_wconf 84' lang='lat' dir='ltr'><strong>sunt</strong></span> <span class='ocrx_word' id='word_1_481' title='bbox 747 3494 804 3548; x_wconf 88' lang='lat' dir='ltr'><strong>in</strong></span> <span class='ocrx_word' id='word_1_482' title='bbox 840 3494 993 3561; x_wconf 82' lang='lat' dir='ltr'><strong>bello,</strong></span> <span class='ocrx_word' id='word_1_483' title='bbox 1027 3495 1152 3565; x_wconf 87' lang='lat' dir='ltr'><strong>quia</strong></span> <span class='ocrx_word' id='word_1_484' title='bbox 1189 3509 1388 3565; x_wconf 85' lang='lat' dir='ltr'><strong>corpus</strong></span> <span class='ocrx_word' id='word_1_485' title='bbox 1416 3494 1633 3550; x_wconf 89' lang='lat' dir='ltr'><strong>illorum</strong></span> <span class='ocrx_word' id='word_1_486' title='bbox 1670 3495 1817 3566; x_wconf 90' lang='lat' dir='ltr'><strong>quod</strong></span> 
     </span>
    </p>
   </div>
   <div class='ocr_carea' id='block_1_61' title="bbox 214 3583 1817 3658">
    <p class='ocr_par' dir='ltr' id='par_1_61' title="bbox 214 3583 1817 3658">
     <span class='ocr_line' id='line_1_61' title="bbox 214 3583 1817 3658; baseline 0.002 -19"><span class='ocrx_word' id='word_1_487' title='bbox 214 3583 284 3641; x_wconf 88' lang='lat' dir='ltr'><strong>ab</strong></span> <span class='ocrx_word' id='word_1_488' title='bbox 319 3585 553 3641; x_wconf 88' lang='lat' dir='ltr'><strong>inimicis</strong></span> <span class='ocrx_word' id='word_1_489' title='bbox 579 3594 801 3657; x_wconf 85' lang='lat' dir='ltr'><strong>putatur</strong></span> <span class='ocrx_word' id='word_1_490' title='bbox 829 3584 1126 3652; x_wconf 87' lang='lat' dir='ltr'><strong>inﬁrmum,</strong></span> <span class='ocrx_word' id='word_1_491' title='bbox 1154 3593 1210 3642; x_wconf 90' lang='lat' dir='ltr'><strong>et</strong></span> <span class='ocrx_word' id='word_1_492' title='bbox 1229 3600 1327 3658; x_wconf 87' lang='lat' dir='ltr'><strong>per</strong></span> <span class='ocrx_word' id='word_1_493' title='bbox 1346 3586 1489 3657; x_wconf 85' lang='lat' dir='ltr'><strong>quod</strong></span> <span class='ocrx_word' id='word_1_494' title='bbox 1510 3587 1708 3643; x_wconf 75' lang='lat' dir='ltr'><strong>anima:</strong></span> <span class='ocrx_word' id='word_1_495' title='bbox 1726 3602 1817 3658; x_wconf 83' lang='lat' dir='ltr'><strong>pa-</strong></span> 
     </span>
    </p>
   </div>
   <div class='ocr_carea' id='block_1_62' title="bbox 214 3675 1813 3745">
    <p class='ocr_par' dir='ltr' id='par_1_62' title="bbox 214 3675 1813 3745">
     <span class='ocr_line' id='line_1_62' title="bbox 214 3675 1813 3745; baseline 0 -13"><span class='ocrx_word' id='word_1_496' title='bbox 214 3684 339 3732; x_wconf 84' lang='lat' dir='ltr'><strong>rant</strong></span> <span class='ocrx_word' id='word_1_497' title='bbox 367 3675 671 3743; x_wconf 88' lang='lat' dir='ltr'><strong>interitum,</strong></span> <span class='ocrx_word' id='word_1_498' title='bbox 702 3677 981 3731; x_wconf 86' lang='lat' dir='ltr'><strong>invenitur</strong></span> <span class='ocrx_word' id='word_1_499' title='bbox 1008 3678 1287 3733; x_wconf 88' lang='lat' dir='ltr'><strong>invictum.</strong></span> <span class='ocrx_word' id='word_1_500' title='bbox 1315 3677 1418 3745; x_wconf 86' lang='lat' dir='ltr'><strong>Qui</strong></span> <span class='ocrx_word' id='word_1_501' title='bbox 1444 3677 1607 3732; x_wconf 88' lang='lat' dir='ltr'><strong>etiam</strong></span> <span class='ocrx_word' id='word_1_502' title='bbox 1631 3679 1756 3733; x_wconf 87' lang='lat' dir='ltr'><strong>dum</strong></span> <span class='ocrx_word' id='word_1_503' title='bbox 1780 3692 1813 3732; x_wconf 83' lang='lat' dir='ltr'><strong>a</strong></span> 
     </span>
    </p>
   </div>
   <div class='ocr_carea' id='block_1_63' title="bbox 213 3765 1814 3836">
    <p class='ocr_par' dir='ltr' id='par_1_63' title="bbox 213 3765 1814 3836">
     <span class='ocr_line' id='line_1_63' title="bbox 213 3765 1814 3836; baseline 0.001 -14"><span class='ocrx_word' id='word_1_504' title='bbox 213 3765 375 3822; x_wconf 86' lang='lat' dir='ltr'><strong>malis</strong></span> <span class='ocrx_word' id='word_1_505' title='bbox 408 3777 805 3836; x_wconf 87' lang='lat' dir='ltr'><strong>persequuntur</strong></span> <span class='ocrx_word' id='word_1_506' title='bbox 834 3767 1100 3822; x_wconf 87' lang='lat' dir='ltr'><strong>talentum</strong></span> <span class='ocrx_word' id='word_1_507' title='bbox 1133 3767 1301 3822; x_wconf 83' lang='lat' dir='ltr'><strong>divini</strong></span> <span class='ocrx_word' id='word_1_508' title='bbox 1338 3767 1487 3822; x_wconf 83' lang='lat' dir='ltr'><strong>verbi</strong></span> <span class='ocrx_word' id='word_1_509' title='bbox 1510 3769 1612 3824; x_wconf 91' lang='lat' dir='ltr'><strong>sibi</strong></span> <span class='ocrx_word' id='word_1_510' title='bbox 1640 3770 1814 3824; x_wconf 86' lang='lat' dir='ltr'><strong>credi-</strong></span> 
     </span>
    </p>
   </div>
   <div class='ocr_carea' id='block_1_64' title="bbox 210 3855 1812 3928">
    <p class='ocr_par' dir='ltr' id='par_1_64' title="bbox 210 3855 1812 3928">
     <span class='ocr_line' id='line_1_64' title="bbox 210 3855 1812 3928; baseline 0.001 -17"><span class='ocrx_word' id='word_1_511' title='bbox 210 3858 331 3911; x_wconf 73' lang='lat' dir='ltr'><strong>tum</strong></span> <span class='ocrx_word' id='word_1_512' title='bbox 366 3856 674 3925; x_wconf 80' lang='lat' dir='ltr'><strong>expendere</strong></span> <span class='ocrx_word' id='word_1_513' title='bbox 704 3869 921 3926; x_wconf 89' lang='lat' dir='ltr'><strong>quoque</strong></span> <span class='ocrx_word' id='word_1_514' title='bbox 951 3855 1188 3910; x_wconf 87' lang='lat' dir='ltr'><strong>inimicis</strong></span> <span class='ocrx_word' id='word_1_515' title='bbox 1228 3871 1334 3911; x_wconf 93' lang='lat' dir='ltr'><strong>non</strong></span> <span class='ocrx_word' id='word_1_516' title='bbox 1364 3866 1615 3921; x_wconf 86' lang='lat' dir='ltr'><strong>cessant,</strong></span> <span class='ocrx_word' id='word_1_517' title='bbox 1646 3867 1812 3928; x_wconf 88' lang='lat' dir='ltr'><strong>atque</strong></span> 
     </span>
    </p>
   </div>
   <div class='ocr_carea' id='block_1_65' title="bbox 210 3945 1812 4018">
    <p class='ocr_par' dir='ltr' id='par_1_65' title="bbox 210 3945 1812 4018">
     <span class='ocr_line' id='line_1_65' title="bbox 210 3945 1812 4018; baseline 0 -16"><span class='ocrx_word' id='word_1_518' title='bbox 210 3947 424 4002; x_wconf 80' lang='lat' dir='ltr'><strong>idcirco</strong></span> <span class='ocrx_word' id='word_1_519' title='bbox 465 3954 587 4017; x_wconf 87' lang='lat' dir='ltr'><strong>post</strong></span> <span class='ocrx_word' id='word_1_520' title='bbox 629 3945 872 4002; x_wconf 86' lang='lat' dir='ltr'><strong>Zabulon</strong></span> <span class='ocrx_word' id='word_1_521' title='bbox 915 3946 1054 4001; x_wconf 87' lang='lat' dir='ltr'><strong>bene</strong></span> <span class='ocrx_word' id='word_1_522' title='bbox 1083 3945 1300 4017; x_wconf 69' lang='lat' dir='ltr'><strong>Ioseph,</strong></span> <span class='ocrx_word' id='word_1_523' title='bbox 1340 3946 1435 4016; x_wconf 90' lang='lat' dir='ltr'><strong>qui</strong></span> <span class='ocrx_word' id='word_1_524' title='bbox 1464 3957 1812 4018; x_wconf 87' lang='lat' dir='ltr'><strong>augmentum</strong></span> 
     </span>
    </p>
   </div>
   <div class='ocr_carea' id='block_1_66' title="bbox 210 4037 1811 4110">
    <p class='ocr_par' dir='ltr' id='par_1_66' title="bbox 210 4037 1811 4110">
     <span class='ocr_line' id='line_1_66' title="bbox 210 4037 1811 4110; baseline 0 -17"><span class='ocrx_word' id='word_1_525' title='bbox 210 4044 461 4105; x_wconf 61' lang='lat' dir='ltr'><strong>Vocatur,</strong></span> <span class='ocrx_word' id='word_1_526' title='bbox 504 4037 866 4110; x_wconf 74' lang='lat' dir='ltr'><strong>subiungitur,</strong></span> <span class='ocrx_word' id='word_1_527' title='bbox 906 4038 1033 4109; x_wconf 81' lang='lat' dir='ltr'><strong>quia</strong></span> <span class='ocrx_word' id='word_1_528' title='bbox 1078 4045 1140 4093; x_wconf 88' lang='lat' dir='ltr'><strong>ut</strong></span> <span class='ocrx_word' id='word_1_529' title='bbox 1184 4045 1550 4107; x_wconf 83' lang='lat' dir='ltr'><strong>augmentum</strong></span> <span class='ocrx_word' id='word_1_530' title='bbox 1575 4038 1714 4093; x_wconf 90' lang='lat' dir='ltr'><strong>lucri</strong></span> <span class='ocrx_word' id='word_1_531' title='bbox 1743 4039 1811 4094; x_wconf 89' lang='lat' dir='ltr'><strong>de</strong></span> 
     </span>
    </p>
   </div>
   <div class='ocr_carea' id='block_1_67' title="bbox 206 4127 1808 4201">
    <p class='ocr_par' dir='ltr' id='par_1_67' title="bbox 206 4127 1808 4201">
     <span class='ocr_line' id='line_1_67' title="bbox 206 4127 1808 4201; baseline 0.001 -18"><span class='ocrx_word' id='word_1_532' title='bbox 206 4137 439 4199; x_wconf 73' lang='lat' dir='ltr'><strong>accepta</strong></span> <span class='ocrx_word' id='word_1_533' title='bbox 466 4130 701 4201; x_wconf 88' lang='lat' dir='ltr'><strong>pecunia</strong></span> <span class='ocrx_word' id='word_1_534' title='bbox 726 4127 986 4195; x_wconf 85' lang='lat' dir='ltr'><strong>referant,</strong></span> <span class='ocrx_word' id='word_1_535' title='bbox 1016 4129 1160 4184; x_wconf 87' lang='lat' dir='ltr'><strong>hanc</strong></span> <span class='ocrx_word' id='word_1_536' title='bbox 1188 4129 1427 4187; x_wconf 86' lang='lat' dir='ltr'><strong>inimicis</strong></span> <span class='ocrx_word' id='word_1_537' title='bbox 1445 4142 1675 4201; x_wconf 84' lang='lat' dir='ltr'><strong>erogare</strong></span> <span class='ocrx_word' id='word_1_538' title='bbox 1700 4144 1808 4185; x_wconf 89' lang='lat' dir='ltr'><strong>non</strong></span> 
     </span>
    </p>
   </div>
   <div class='ocr_carea' id='block_1_68' title="bbox 204 4219 1808 4292">
    <p class='ocr_par' dir='ltr' id='par_1_68' title="bbox 204 4219 1808 4292">
     <span class='ocr_line' id='line_1_68' title="bbox 204 4219 1808 4292; baseline -0.001 -17"><span class='ocrx_word' id='word_1_539' title='bbox 204 4219 509 4291; x_wconf 67' lang='lat' dir='ltr'><strong>trepidant.</strong></span> <span class='ocrx_word' id='word_1_540' title='bbox 539 4220 607 4275; x_wconf 85' lang='lat' dir='ltr'><strong>Et</strong></span> <span class='ocrx_word' id='word_1_541' title='bbox 635 4221 761 4292; x_wconf 90' lang='lat' dir='ltr'><strong>quia</strong></span> <span class='ocrx_word' id='word_1_542' title='bbox 788 4235 982 4276; x_wconf 87' lang='lat' dir='ltr'><strong>omnes</strong></span> <span class='ocrx_word' id='word_1_543' title='bbox 1010 4220 1100 4275; x_wconf 89' lang='lat' dir='ltr'><strong>isti</strong></span> <span class='ocrx_word' id='word_1_544' title='bbox 1127 4221 1181 4275; x_wconf 93' lang='lat' dir='ltr'><strong>in</strong></span> <span class='ocrx_word' id='word_1_545' title='bbox 1215 4221 1440 4275; x_wconf 79' lang='lat' dir='ltr'><strong>dextera</strong></span> <span class='ocrx_word' id='word_1_546' title='bbox 1466 4229 1595 4276; x_wconf 89' lang='lat' dir='ltr'><strong>sunt</strong></span> <span class='ocrx_word' id='word_1_547' title='bbox 1617 4221 1808 4277; x_wconf 67' lang='lat' dir='ltr'><strong>aeterni</strong></span> 
     </span>
    </p>
   </div>
   <div class='ocr_carea' id='block_1_69' title="bbox 215 4309 1807 4382">
    <p class='ocr_par' dir='ltr' id='par_1_69' title="bbox 215 4309 1807 4382">
     <span class='ocr_line' id='line_1_69' title="bbox 215 4309 1807 4382; baseline 0.002 -19"><span class='ocrx_word' id='word_1_548' title='bbox 215 4310 362 4382; x_wconf 83' lang='lat' dir='ltr'><strong>regis</strong></span> <span class='ocrx_word' id='word_1_549' title='bbox 389 4311 626 4378; x_wconf 64' lang='lat' dir='ltr'><strong>laecandi,</strong></span> <span class='ocrx_word' id='word_1_550' title='bbox 660 4311 754 4381; x_wconf 90' lang='lat' dir='ltr'><strong>qui</strong></span> <span class='ocrx_word' id='word_1_551' title='bbox 794 4310 851 4365; x_wconf 89' lang='lat' dir='ltr'><strong>in</strong></span> <span class='ocrx_word' id='word_1_552' title='bbox 897 4310 1219 4380; x_wconf 88' lang='lat' dir='ltr'><strong>virginibus,</strong></span> <span class='ocrx_word' id='word_1_553' title='bbox 1267 4309 1692 4377; x_wconf 85' lang='lat' dir='ltr'><strong>continentibus,</strong></span> <span class='ocrx_word' id='word_1_554' title='bbox 1742 4325 1807 4366; x_wconf 88' lang='lat' dir='ltr'><strong>ac</strong></span> 
     </span>
    </p>
   </div>
   <div class='ocr_carea' id='block_1_70' title="bbox 214 4402 1807 4476">
    <p class='ocr_par' dir='ltr' id='par_1_70' title="bbox 214 4402 1807 4476">
     <span class='ocr_line' id='line_1_70' title="bbox 214 4402 1807 4476; baseline 0.001 -16"><span class='ocrx_word' id='word_1_555' title='bbox 214 4403 375 4460; x_wconf 90' lang='lat' dir='ltr'><strong>bonis</strong></span> <span class='ocrx_word' id='word_1_556' title='bbox 402 4402 721 4476; x_wconf 72' lang='lat' dir='ltr'><strong>coniugatis,</strong></span> <span class='ocrx_word' id='word_1_557' title='bbox 752 4406 808 4459; x_wconf 90' lang='lat' dir='ltr'><strong>in</strong></span> <span class='ocrx_word' id='word_1_558' title='bbox 837 4404 1119 4459; x_wconf 87' lang='lat' dir='ltr'><strong>duodecim</strong></span> <span class='ocrx_word' id='word_1_559' title='bbox 1160 4403 1281 4459; x_wconf 89' lang='lat' dir='ltr'><strong>istis</strong></span> <span class='ocrx_word' id='word_1_560' title='bbox 1306 4404 1658 4459; x_wconf 87' lang='lat' dir='ltr'><strong>inveniuntur</strong></span> <span class='ocrx_word' id='word_1_561' title='bbox 1681 4418 1807 4474; x_wconf 83' lang='lat' dir='ltr'><strong>pro-</strong></span> 
     </span>
    </p>
   </div>
   <div class='ocr_carea' id='block_1_71' title="bbox 214 4494 1805 4567">
    <p class='ocr_par' dir='ltr' id='par_1_71' title="bbox 214 4494 1805 4567">
     <span class='ocr_line' id='line_1_71' title="bbox 214 4494 1805 4567; baseline 0.001 -17"><span class='ocrx_word' id='word_1_562' title='bbox 214 4494 447 4551; x_wconf 83' lang='lat' dir='ltr'><strong>fectibus</strong></span> <span class='ocrx_word' id='word_1_563' title='bbox 480 4499 816 4562; x_wconf 79' lang='lat' dir='ltr'><strong>animarum,</strong></span> <span class='ocrx_word' id='word_1_564' title='bbox 854 4498 995 4552; x_wconf 87' lang='lat' dir='ltr'><strong>bene</strong></span> <span class='ocrx_word' id='word_1_565' title='bbox 1026 4506 1147 4567; x_wconf 85' lang='lat' dir='ltr'><strong>post</strong></span> <span class='ocrx_word' id='word_1_566' title='bbox 1175 4496 1274 4552; x_wconf 87' lang='lat' dir='ltr'><strong>hos</strong></span> <span class='ocrx_word' id='word_1_567' title='bbox 1301 4509 1495 4551; x_wconf 89' lang='lat' dir='ltr'><strong>omnes</strong></span> <span class='ocrx_word' id='word_1_568' title='bbox 1521 4495 1805 4567; x_wconf 86' lang='lat' dir='ltr'><strong>Benjamin</strong></span> 
     </span>
    </p>
   </div>
   <div class='ocr_carea' id='block_1_72' title="bbox 1919 3402 3502 3470">
    <p class='ocr_par' dir='ltr' id='par_1_72' title="bbox 1919 3402 3502 3470">
     <span class='ocr_line' id='line_1_72' title="bbox 1919 3402 3502 3470; baseline 0.003 -14"><span class='ocrx_word' id='word_1_569' title='bbox 1919 3402 2052 3456; x_wconf 90' lang='lat' dir='ltr'><strong>tium</strong></span> <span class='ocrx_word' id='word_1_570' title='bbox 2084 3402 2303 3456; x_wconf 64' lang='lat' dir='ltr'><strong>nurnine</strong></span> <span class='ocrx_word' id='word_1_571' title='bbox 2332 3402 2866 3470; x_wconf 87' lang='lat' dir='ltr'><strong>comprehenduntur</strong></span> <span class='ocrx_word' id='word_1_572' title='bbox 2907 3402 3097 3459; x_wconf 89' lang='lat' dir='ltr'><strong>ﬁdeles</strong></span> <span class='ocrx_word' id='word_1_573' title='bbox 3134 3404 3374 3459; x_wconf 87' lang='lat' dir='ltr'><strong>omnium</strong></span> <span class='ocrx_word' id='word_1_574' title='bbox 3406 3404 3502 3461; x_wconf 83' lang='lat' dir='ltr'><strong>tri-</strong></span> 
     </span>
    </p>
   </div>
   <div class='ocr_carea' id='block_1_73' title="bbox 1904 3492 3501 3567">
    <p class='ocr_par' dir='ltr' id='par_1_73' title="bbox 1904 3492 3501 3567">
     <span class='ocr_line' id='line_1_73' title="bbox 1904 3492 3501 3567; baseline 0.004 -20"><span class='ocrx_word' id='word_1_575' title='bbox 1904 3494 2081 3547; x_wconf 76' lang='lat' dir='ltr'><strong>buum</strong></span> <span class='ocrx_word' id='word_1_576' title='bbox 2110 3531 2125 3558; x_wconf 92' lang='lat'><strong>,</strong></span> <span class='ocrx_word' id='word_1_577' title='bbox 2176 3501 2233 3548; x_wconf 89' lang='lat' dir='ltr'><strong>et</strong></span> <span class='ocrx_word' id='word_1_578' title='bbox 2279 3501 2504 3547; x_wconf 83' lang='lat' dir='ltr'><strong>econtra</strong></span> <span class='ocrx_word' id='word_1_579' title='bbox 2564 3493 2617 3547; x_wconf 87' lang='lat' dir='ltr'><strong>in</strong></span> <span class='ocrx_word' id='word_1_580' title='bbox 2674 3492 2908 3546; x_wconf 88' lang='lat' dir='ltr'><strong>tribuum</strong></span> <span class='ocrx_word' id='word_1_581' title='bbox 2973 3495 3192 3550; x_wconf 88' lang='lat' dir='ltr'><strong>nomine</strong></span> <span class='ocrx_word' id='word_1_582' title='bbox 3252 3511 3501 3567; x_wconf 88' lang='lat' dir='ltr'><strong>compre-</strong></span> 
     </span>
    </p>
   </div>
   <div class='ocr_carea' id='block_1_74' title="bbox 1915 3582 3501 3653">
    <p class='ocr_par' dir='ltr' id='par_1_74' title="bbox 1915 3582 3501 3653">
     <span class='ocr_line' id='line_1_74' title="bbox 1915 3582 3501 3653; baseline 0.004 -15"><span class='ocrx_word' id='word_1_583' title='bbox 1915 3582 2223 3638; x_wconf 87' lang='lat' dir='ltr'><strong>henduntur</strong></span> <span class='ocrx_word' id='word_1_584' title='bbox 2276 3582 2464 3637; x_wconf 85' lang='lat' dir='ltr'><strong>ﬁdeles</strong></span> <span class='ocrx_word' id='word_1_585' title='bbox 2506 3583 2749 3637; x_wconf 89' lang='lat' dir='ltr'><strong>omnium</strong></span> <span class='ocrx_word' id='word_1_586' title='bbox 2811 3583 3073 3653; x_wconf 84' lang='lat' dir='ltr'><strong>gentium.</strong></span> <span class='ocrx_word' id='word_1_587' title='bbox 3124 3583 3326 3641; x_wconf 89' lang='lat' dir='ltr'><strong>Sancta</strong></span> <span class='ocrx_word' id='word_1_588' title='bbox 3396 3587 3501 3643; x_wconf 87' lang='lat' dir='ltr'><strong>Ec-</strong></span> 
     </span>
    </p>
   </div>
   <div class='ocr_carea' id='block_1_75' title="bbox 1914 3673 3501 3749">
    <p class='ocr_par' dir='ltr' id='par_1_75' title="bbox 1914 3673 3501 3749">
     <span class='ocr_line' id='line_1_75' title="bbox 1914 3673 3501 3749; baseline 0.004 -22"><span class='ocrx_word' id='word_1_589' title='bbox 1914 3673 2079 3728; x_wconf 85' lang='lat' dir='ltr'><strong>clesia</strong></span> <span class='ocrx_word' id='word_1_590' title='bbox 2117 3673 2173 3728; x_wconf 90' lang='lat' dir='ltr'><strong>in</strong></span> <span class='ocrx_word' id='word_1_591' title='bbox 2216 3682 2328 3745; x_wconf 78' lang='lat' dir='ltr'><strong>tres</strong></span> <span class='ocrx_word' id='word_1_592' title='bbox 2355 3673 2575 3728; x_wconf 85' lang='lat' dir='ltr'><strong>ordines</strong></span> <span class='ocrx_word' id='word_1_593' title='bbox 2613 3673 2889 3740; x_wconf 88' lang='lat' dir='ltr'><strong>dividitur,</strong></span> <span class='ocrx_word' id='word_1_594' title='bbox 2922 3675 2974 3729; x_wconf 90' lang='lat' dir='ltr'><strong>in</strong></span> <span class='ocrx_word' id='word_1_595' title='bbox 3003 3675 3276 3745; x_wconf 56' lang='lat' dir='ltr'><strong>praelatos,</strong></span> <span class='ocrx_word' id='word_1_596' title='bbox 3313 3678 3501 3749; x_wconf 81' lang='lat' dir='ltr'><strong>conju-</strong></span> 
     </span>
    </p>
   </div>
   <div class='ocr_carea' id='block_1_76' title="bbox 1914 3765 3499 3839">
    <p class='ocr_par' dir='ltr' id='par_1_76' title="bbox 1914 3765 3499 3839">
     <span class='ocr_line' id='line_1_76' title="bbox 1914 3765 3499 3839; baseline 0.006 -21"><span class='ocrx_word' id='word_1_597' title='bbox 1914 3774 2087 3836; x_wconf 75' lang='lat' dir='ltr'><strong>gaios,</strong></span> <span class='ocrx_word' id='word_1_598' title='bbox 2118 3774 2174 3820; x_wconf 88' lang='lat' dir='ltr'><strong>et</strong></span> <span class='ocrx_word' id='word_1_599' title='bbox 2197 3767 2559 3821; x_wconf 86' lang='lat' dir='ltr'><strong>continentes.</strong></span> <span class='ocrx_word' id='word_1_600' title='bbox 2588 3765 2858 3822; x_wconf 84' lang='lat' dir='ltr'><strong>Numerus</strong></span> <span class='ocrx_word' id='word_1_601' title='bbox 2885 3781 3015 3839; x_wconf 85' lang='lat' dir='ltr'><strong>ergo</strong></span> <span class='ocrx_word' id='word_1_602' title='bbox 3040 3769 3351 3838; x_wconf 63' lang='lat' dir='ltr'><strong>praemissus</strong></span> <span class='ocrx_word' id='word_1_603' title='bbox 3389 3787 3499 3829; x_wconf 91' lang='lat' dir='ltr'><strong>non</strong></span> 
     </span>
    </p>
   </div>
   <div class='ocr_carea' id='block_1_77' title="bbox 1911 3857 3498 3927">
    <p class='ocr_par' dir='ltr' id='par_1_77' title="bbox 1911 3857 3498 3927">
     <span class='ocr_line' id='line_1_77' title="bbox 1911 3857 3498 3927; baseline 0.007 -18"><span class='ocrx_word' id='word_1_604' title='bbox 1911 3865 1996 3910; x_wconf 89' lang='lat' dir='ltr'><strong>est</strong></span> <span class='ocrx_word' id='word_1_605' title='bbox 2035 3857 2379 3926; x_wconf 84' lang='lat' dir='ltr'><strong>accipiendus</strong></span> <span class='ocrx_word' id='word_1_606' title='bbox 2408 3872 2507 3927; x_wconf 91' lang='lat' dir='ltr'><strong>pro</strong></span> <span class='ocrx_word' id='word_1_607' title='bbox 2554 3857 2729 3922; x_wconf 88' lang='lat' dir='ltr'><strong>ﬁnito,</strong></span> <span class='ocrx_word' id='word_1_608' title='bbox 2762 3859 2854 3913; x_wconf 91' lang='lat' dir='ltr'><strong>scd</strong></span> <span class='ocrx_word' id='word_1_609' title='bbox 2883 3874 2983 3927; x_wconf 86' lang='lat' dir='ltr'><strong>pro</strong></span> <span class='ocrx_word' id='word_1_610' title='bbox 3017 3861 3248 3916; x_wconf 89' lang='lat' dir='ltr'><strong>inﬁnito.</strong></span> <span class='ocrx_word' id='word_1_611' title='bbox 3284 3864 3498 3920; x_wconf 70' lang='lat' dir='ltr'><strong>Stantes</strong></span> 
     </span>
    </p>
   </div>
   <div class='ocr_carea' id='block_1_78' title="bbox 1912 3945 3496 4023">
    <p class='ocr_par' dir='ltr' id='par_1_78' title="bbox 1912 3945 3496 4023">
     <span class='ocr_line' id='line_1_78' title="bbox 1912 3945 3496 4023; baseline 0.006 -24"><span class='ocrx_word' id='word_1_612' title='bbox 1912 3953 2036 4000; x_wconf 87' lang='lat' dir='ltr'><strong>ante</strong></span> <span class='ocrx_word' id='word_1_613' title='bbox 2057 3945 2304 4000; x_wconf 83' lang='lat' dir='ltr'><strong>thronum</strong></span> <span class='ocrx_word' id='word_1_614' title='bbox 2329 3955 2377 3999; x_wconf 88' lang='lat' dir='ltr'><strong>et</strong></span> <span class='ocrx_word' id='word_1_615' title='bbox 2407 3947 2462 3999; x_wconf 89' lang='lat' dir='ltr'><strong>in</strong></span> <span class='ocrx_word' id='word_1_616' title='bbox 2486 3957 2763 4012; x_wconf 83' lang='lat' dir='ltr'><strong>conspectu</strong></span> <span class='ocrx_word' id='word_1_617' title='bbox 2794 3945 2952 4016; x_wconf 83' lang='lat' dir='ltr'><strong>Agni.</strong></span> <span class='ocrx_word' id='word_1_618' title='bbox 2984 3947 3090 4002; x_wconf 88' lang='lat' dir='ltr'><strong>Per</strong></span> <span class='ocrx_word' id='word_1_619' title='bbox 3125 3951 3379 4006; x_wconf 86' lang='lat' dir='ltr'><strong>thronum</strong></span> <span class='ocrx_word' id='word_1_620' title='bbox 3397 3953 3496 4023; x_wconf 88' lang='lat' dir='ltr'><strong>(si-</strong></span> 
     </span>
    </p>
   </div>
   <div class='ocr_carea' id='block_1_79' title="bbox 1912 4037 3497 4116">
    <p class='ocr_par' dir='ltr' id='par_1_79' title="bbox 1912 4037 3497 4116">
     <span class='ocr_line' id='line_1_79' title="bbox 1912 4037 3497 4116; baseline 0.006 -23"><span class='ocrx_word' id='word_1_621' title='bbox 1912 4046 2006 4094; x_wconf 90' lang='lat' dir='ltr'><strong>cut</strong></span> <span class='ocrx_word' id='word_1_622' title='bbox 2033 4037 2349 4109; x_wconf 85' lang='lat' dir='ltr'><strong>frequenter</strong></span> <span class='ocrx_word' id='word_1_623' title='bbox 2377 4038 2582 4095; x_wconf 91' lang='lat' dir='ltr'><strong>dictum</strong></span> <span class='ocrx_word' id='word_1_624' title='bbox 2613 4039 2715 4109; x_wconf 79' lang='lat' dir='ltr'><strong>est)</strong></span> <span class='ocrx_word' id='word_1_625' title='bbox 2740 4039 3055 4110; x_wconf 88' lang='lat' dir='ltr'><strong>intelligitur</strong></span> <span class='ocrx_word' id='word_1_626' title='bbox 3083 4042 3345 4110; x_wconf 85' lang='lat' dir='ltr'><strong>Ecclesia,</strong></span> <span class='ocrx_word' id='word_1_627' title='bbox 3375 4062 3497 4116; x_wconf 71' lang='lat' dir='ltr'><strong>quas</strong></span> 
     </span>
    </p>
   </div>
   <div class='ocr_carea' id='block_1_80' title="bbox 1911 4128 3497 4204">
    <p class='ocr_par' dir='ltr' id='par_1_80' title="bbox 1911 4128 3497 4204">
     <span class='ocr_line' id='line_1_80' title="bbox 1911 4128 3497 4204; baseline 0.004 -18"><span class='ocrx_word' id='word_1_628' title='bbox 1911 4138 1997 4186; x_wconf 90' lang='lat' dir='ltr'><strong>est</strong></span> <span class='ocrx_word' id='word_1_629' title='bbox 2029 4131 2186 4185; x_wconf 87' lang='lat' dir='ltr'><strong>sedes</strong></span> <span class='ocrx_word' id='word_1_630' title='bbox 2203 4128 2632 4196; x_wconf 84' lang='lat' dir='ltr'><strong>Dei,secundum</strong></span> <span class='ocrx_word' id='word_1_631' title='bbox 2660 4129 2810 4184; x_wconf 89' lang='lat' dir='ltr'><strong>illum</strong></span> <span class='ocrx_word' id='word_1_632' title='bbox 2843 4131 3065 4187; x_wconf 79' lang='lat' dir='ltr'><strong>:Am&#39;ma</strong></span> <span class='ocrx_word' id='word_1_633' title='bbox 3081 4134 3217 4204; x_wconf 83' lang='lat' dir='ltr'><strong>justi</strong></span> <span class='ocrx_word' id='word_1_634' title='bbox 3240 4137 3386 4191; x_wconf 84' lang='lat' dir='ltr'><strong>sedes</strong></span> <span class='ocrx_word' id='word_1_635' title='bbox 3409 4155 3497 4194; x_wconf 85' lang='lat' dir='ltr'><strong>sa—</strong></span> 
     </span>
    </p>
   </div>
   <div class='ocr_carea' id='block_1_81' title="bbox 1906 4220 3495 4294">
    <p class='ocr_par' dir='ltr' id='par_1_81' title="bbox 1906 4220 3495 4294">
     <span class='ocr_line' id='line_1_81' title="bbox 1906 4220 3495 4294; baseline 0.005 -18"><span class='ocrx_word' id='word_1_636' title='bbox 1906 4222 2120 4294; x_wconf 82' lang='lat' dir='ltr'><strong>pientia:</strong></span> <span class='ocrx_word' id='word_1_637' title='bbox 2135 4220 2371 4294; x_wconf 87' lang='lat' dir='ltr'><strong>(Sap.v).</strong></span> <span class='ocrx_word' id='word_1_638' title='bbox 2391 4220 2763 4278; x_wconf 84' lang='lat' dir='ltr'><strong>StatEcclesia</strong></span> <span class='ocrx_word' id='word_1_639' title='bbox 2781 4233 2907 4278; x_wconf 87' lang='lat' dir='ltr'><strong>ante</strong></span> <span class='ocrx_word' id='word_1_640' title='bbox 2923 4224 3259 4291; x_wconf 88' lang='lat' dir='ltr'><strong>throuum,id</strong></span> <span class='ocrx_word' id='word_1_641' title='bbox 3273 4236 3495 4285; x_wconf 85' lang='lat' dir='ltr'><strong>estante</strong></span> 
     </span>
    </p>
   </div>
   <div class='ocr_carea' id='block_1_82' title="bbox 1909 4313 3494 4389">
    <p class='ocr_par' dir='ltr' id='par_1_82' title="bbox 1909 4313 3494 4389">
     <span class='ocr_line' id='line_1_82' title="bbox 1909 4313 3494 4389; baseline 0.005 -20"><span class='ocrx_word' id='word_1_642' title='bbox 1909 4315 2170 4383; x_wconf 87' lang='lat' dir='ltr'><strong>seipsam,</strong></span> <span class='ocrx_word' id='word_1_643' title='bbox 2200 4313 2328 4382; x_wconf 89' lang='lat' dir='ltr'><strong>quia</strong></span> <span class='ocrx_word' id='word_1_644' title='bbox 2349 4314 2744 4384; x_wconf 77' lang='lat' dir='ltr'><strong>circmnSpecta</strong></span> <span class='ocrx_word' id='word_1_645' title='bbox 2767 4323 2872 4381; x_wconf 89' lang='lat' dir='ltr'><strong>est,</strong></span> <span class='ocrx_word' id='word_1_646' title='bbox 2906 4324 2960 4372; x_wconf 90' lang='lat' dir='ltr'><strong>et</strong></span> <span class='ocrx_word' id='word_1_647' title='bbox 2986 4318 3090 4372; x_wconf 90' lang='lat' dir='ltr'><strong>sibi</strong></span> <span class='ocrx_word' id='word_1_648' title='bbox 3127 4320 3394 4389; x_wconf 87' lang='lat' dir='ltr'><strong>providet,</strong></span> <span class='ocrx_word' id='word_1_649' title='bbox 3424 4337 3494 4377; x_wconf 88' lang='lat' dir='ltr'><strong>ne</strong></span> 
     </span>
    </p>
   </div>
   <div class='ocr_carea' id='block_1_83' title="bbox 1908 4403 3493 4476">
    <p class='ocr_par' dir='ltr' id='par_1_83' title="bbox 1908 4403 3493 4476">
     <span class='ocr_line' id='line_1_83' title="bbox 1908 4403 3493 4476; baseline 0.008 -17"><span class='ocrx_word' id='word_1_650' title='bbox 1908 4405 2111 4476; x_wconf 89' lang='lat' dir='ltr'><strong>aliquid</strong></span> <span class='ocrx_word' id='word_1_651' title='bbox 2139 4406 2396 4461; x_wconf 86' lang='lat' dir='ltr'><strong>indecens</strong></span> <span class='ocrx_word' id='word_1_652' title='bbox 2421 4403 2607 4460; x_wconf 86' lang='lat' dir='ltr'><strong>faciat.</strong></span> <span class='ocrx_word' id='word_1_653' title='bbox 2641 4406 2781 4473; x_wconf 89' lang='lat' dir='ltr'><strong>Stat,</strong></span> <span class='ocrx_word' id='word_1_654' title='bbox 2805 4408 2933 4462; x_wconf 89' lang='lat' dir='ltr'><strong>dum</strong></span> <span class='ocrx_word' id='word_1_655' title='bbox 2962 4408 3202 4465; x_wconf 89' lang='lat' dir='ltr'><strong>animum</strong></span> <span class='ocrx_word' id='word_1_656' title='bbox 3244 4427 3400 4467; x_wconf 87' lang='lat' dir='ltr'><strong>suum</strong></span> <span class='ocrx_word' id='word_1_657' title='bbox 3438 4415 3493 4472; x_wconf 91' lang='lat' dir='ltr'><strong>in</strong></span> 
     </span>
    </p>
   </div>
   <div class='ocr_carea' id='block_1_84' title="bbox 1908 4498 3491 4563">
    <p class='ocr_par' dir='ltr' id='par_1_84' title="bbox 1908 4498 3491 4563">
     <span class='ocr_line' id='line_1_84' title="bbox 1908 4498 3491 4563; baseline 0.005 -8"><span class='ocrx_word' id='word_1_658' title='bbox 1908 4499 2184 4555; x_wconf 84' lang='lat' dir='ltr'><strong>soliditate</strong></span> <span class='ocrx_word' id='word_1_659' title='bbox 2205 4498 2513 4555; x_wconf 81' lang='lat' dir='ltr'><strong>dilectionis</strong></span> <span class='ocrx_word' id='word_1_660' title='bbox 2526 4507 2582 4553; x_wconf 92' lang='lat' dir='ltr'><strong>et</strong></span> <span class='ocrx_word' id='word_1_661' title='bbox 2597 4498 2722 4554; x_wconf 80' lang='lat' dir='ltr'><strong>ﬁdei</strong></span> <span class='ocrx_word' id='word_1_662' title='bbox 2744 4500 2982 4555; x_wconf 88' lang='lat' dir='ltr'><strong>roborat.</strong></span> <span class='ocrx_word' id='word_1_663' title='bbox 3008 4499 3147 4558; x_wconf 77' lang='lat' dir='ltr'><strong>Hinc</strong></span> <span class='ocrx_word' id='word_1_664' title='bbox 3164 4502 3450 4563; x_wconf 81' lang='lat' dir='ltr'><strong>Psalinista</strong></span> <span class='ocrx_word' id='word_1_665' title='bbox 3476 4524 3491 4563; x_wconf 89' lang='lat'>:</span> 
     </span>
    </p>
   </div>
   <div class='ocr_carea' id='block_1_85' title="bbox 213 4587 3492 4668">
    <p class='ocr_par' dir='ltr' id='par_1_85' title="bbox 213 4587 3492 4668">
     <span class='ocr_line' id='line_1_85' title="bbox 213 4587 3492 4668; baseline 0.004 -26"><span class='ocrx_word' id='word_1_666' title='bbox 213 4589 452 4659; x_wconf 86' lang='lat' dir='ltr'><strong>ponitur,</strong></span> <span class='ocrx_word' id='word_1_667' title='bbox 476 4589 568 4659; x_wconf 93' lang='lat' dir='ltr'><strong>qui</strong></span> <span class='ocrx_word' id='word_1_668' title='bbox 595 4590 739 4644; x_wconf 89' lang='lat' dir='ltr'><strong>ﬁlius</strong></span> <span class='ocrx_word' id='word_1_669' title='bbox 763 4589 1000 4644; x_wconf 73' lang='lat' dir='ltr'><strong>dextera:</strong></span> <span class='ocrx_word' id='word_1_670' title='bbox 1029 4588 1441 4657; x_wconf 87' lang='lat' dir='ltr'><strong>interpretatur.</strong></span> <span class='ocrx_word' id='word_1_671' title='bbox 1468 4588 1632 4653; x_wconf 84' lang='lat' dir='ltr'><strong>Quasi</strong></span> <span class='ocrx_word' id='word_1_672' title='bbox 1659 4587 1802 4642; x_wconf 88' lang='lat' dir='ltr'><strong>enim</strong></span> <span class='ocrx_word' id='word_1_673' title='bbox 1831 4663 1868 4668; x_wconf 37' lang='grc' dir='ltr'><strong>Α</strong></span> <span class='ocrx_word' id='word_1_674' title='bbox 1908 4589 2105 4647; x_wconf 86' lang='lat' dir='ltr'><strong>Statuit</strong></span> <span class='ocrx_word' id='word_1_675' title='bbox 2139 4606 2300 4661; x_wconf 85' lang='lat' dir='ltr'><strong>supra</strong></span> <span class='ocrx_word' id='word_1_676' title='bbox 2341 4599 2544 4660; x_wconf 83' lang='lat' dir='ltr'><strong>petram</strong></span> <span class='ocrx_word' id='word_1_677' title='bbox 2587 4590 2743 4661; x_wconf 82' lang='lat' dir='ltr'><strong>pedes</strong></span> <span class='ocrx_word' id='word_1_678' title='bbox 2784 4609 2924 4648; x_wconf 88' lang='lat' dir='ltr'><strong>meos</strong></span> <span class='ocrx_word' id='word_1_679' title='bbox 2963 4591 3138 4665; x_wconf 85' lang='lat' dir='ltr'><strong>(Psal.</strong></span> <span class='ocrx_word' id='word_1_680' title='bbox 3179 4598 3393 4668; x_wconf 72' lang='lat' dir='ltr'><strong>mus).</strong></span> <span class='ocrx_word' id='word_1_681' title='bbox 3434 4598 3492 4656; x_wconf 88' lang='lat' dir='ltr'><strong>In</strong></span> 
     </span>
    </p>
   </div>
   <div class='ocr_carea' id='block_1_86' title="bbox 213 4663 3491 4757">
    <p class='ocr_par' dir='ltr' id='par_1_86' title="bbox 213 4663 3491 4757">
     <span class='ocr_line' id='line_1_86' title="bbox 213 4663 3491 4757; baseline 0.002 -19"><span class='ocrx_word' id='word_1_682' title='bbox 213 4682 282 4738; x_wconf 87' lang='lat' dir='ltr'><strong>ab</strong></span> <span class='ocrx_word' id='word_1_683' title='bbox 314 4679 430 4751; x_wconf 81' lang='lat' dir='ltr'><strong>ejus</strong></span> <span class='ocrx_word' id='word_1_684' title='bbox 455 4683 679 4739; x_wconf 76' lang='lat' dir='ltr'><strong>dextera</strong></span> <span class='ocrx_word' id='word_1_685' title='bbox 711 4690 1060 4757; x_wconf 82' lang='lat' dir='ltr'><strong>generantur,</strong></span> <span class='ocrx_word' id='word_1_686' title='bbox 1103 4682 1197 4752; x_wconf 88' lang='lat' dir='ltr'><strong>qui</strong></span> <span class='ocrx_word' id='word_1_687' title='bbox 1225 4680 1344 4753; x_wconf 85' lang='lat' dir='ltr'><strong>ejus</strong></span> <span class='ocrx_word' id='word_1_688' title='bbox 1372 4680 1571 4737; x_wconf 80' lang='lat' dir='ltr'><strong>virtute</strong></span> <span class='ocrx_word' id='word_1_689' title='bbox 1606 4682 1662 4737; x_wconf 92' lang='lat' dir='ltr'><strong>in</strong></span> <span class='ocrx_word' id='word_1_690' title='bbox 1698 4682 1802 4738; x_wconf 90' lang='lat' dir='ltr'><strong>hoc</strong></span> <span class='ocrx_word' id='word_1_691' title='bbox 1830 4663 1883 4727; x_wconf 76' lang='grc' dir='ltr'><strong>υ</strong></span> <span class='ocrx_word' id='word_1_692' title='bbox 1904 4689 2200 4752; x_wconf 87' lang='lat' dir='ltr'><strong>conspectu</strong></span> <span class='ocrx_word' id='word_1_693' title='bbox 2227 4680 2392 4737; x_wconf 88' lang='lat' dir='ltr'><strong>etiam</strong></span> <span class='ocrx_word' id='word_1_694' title='bbox 2425 4680 2550 4752; x_wconf 89' lang='lat' dir='ltr'><strong>agni</strong></span> <span class='ocrx_word' id='word_1_695' title='bbox 2589 4683 2870 4753; x_wconf 86' lang='lat' dir='ltr'><strong>stat,quia</strong></span> <span class='ocrx_word' id='word_1_696' title='bbox 2912 4663 2983 4740; x_wconf 85' lang='lat' dir='ltr'><strong>de</strong></span> <span class='ocrx_word' id='word_1_697' title='bbox 3017 4700 3117 4741; x_wconf 88' lang='lat' dir='ltr'><strong>sua</strong></span> <span class='ocrx_word' id='word_1_698' title='bbox 3153 4663 3491 4747; x_wconf 85' lang='lat' dir='ltr'><strong>conscientia</strong></span> 
     </span>
    </p>
   </div>
   <div class='ocr_carea' id='block_1_87' title="bbox 211 4771 1803 4845">
    <p class='ocr_par' dir='ltr' id='par_1_87' title="bbox 211 4771 1803 4845">
     <span class='ocr_line' id='line_1_87' title="bbox 211 4771 1803 4845; baseline -0.001 -14"><span class='ocrx_word' id='word_1_699' title='bbox 211 4774 408 4831; x_wconf 74' lang='lat' dir='ltr'><strong>szeculo</strong></span> <span class='ocrx_word' id='word_1_700' title='bbox 436 4781 811 4845; x_wconf 83' lang='lat' dir='ltr'><strong>proteguntur.</strong></span> <span class='ocrx_word' id='word_1_701' title='bbox 846 4771 959 4829; x_wconf 83' lang='lat' dir='ltr'><strong>Hoc</strong></span> <span class='ocrx_word' id='word_1_702' title='bbox 996 4773 1162 4828; x_wconf 88' lang='lat' dir='ltr'><strong>etiam</strong></span> <span class='ocrx_word' id='word_1_703' title='bbox 1205 4788 1313 4828; x_wconf 89' lang='lat' dir='ltr'><strong>non</strong></span> <span class='ocrx_word' id='word_1_704' title='bbox 1349 4781 1433 4828; x_wconf 83' lang='lat' dir='ltr'><strong>est</strong></span> <span class='ocrx_word' id='word_1_705' title='bbox 1472 4784 1803 4843; x_wconf 73' lang='lat' dir='ltr'><strong>pmtereun-</strong></span> 
     </span>
    </p>
   </div>
   <div class='ocr_carea' id='block_1_88' title="bbox 212 4861 1802 4935">
    <p class='ocr_par' dir='ltr' id='par_1_88' title="bbox 212 4861 1802 4935">
     <span class='ocr_line' id='line_1_88' title="bbox 212 4861 1802 4935; baseline 0 -15"><span class='ocrx_word' id='word_1_706' title='bbox 212 4865 341 4921; x_wconf 88' lang='lat' dir='ltr'><strong>dum</strong></span> <span class='ocrx_word' id='word_1_707' title='bbox 380 4879 479 4919; x_wconf 90' lang='lat' dir='ltr'><strong>cur</strong></span> <span class='ocrx_word' id='word_1_708' title='bbox 525 4862 640 4918; x_wconf 87' lang='lat' dir='ltr'><strong>Dan</strong></span> <span class='ocrx_word' id='word_1_709' title='bbox 666 4862 734 4935; x_wconf 87' lang='lat' dir='ltr'><strong>de</strong></span> <span class='ocrx_word' id='word_1_710' title='bbox 760 4863 864 4918; x_wconf 87' lang='lat' dir='ltr'><strong>hoc</strong></span> <span class='ocrx_word' id='word_1_711' title='bbox 888 4862 1133 4935; x_wconf 86' lang='lat' dir='ltr'><strong>catalogo</strong></span> <span class='ocrx_word' id='word_1_712' title='bbox 1159 4861 1326 4918; x_wconf 90' lang='lat' dir='ltr'><strong>fuerit</strong></span> <span class='ocrx_word' id='word_1_713' title='bbox 1347 4863 1572 4933; x_wconf 86' lang='lat' dir='ltr'><strong>ejectus,</strong></span> <span class='ocrx_word' id='word_1_714' title='bbox 1594 4879 1719 4920; x_wconf 89' lang='lat' dir='ltr'><strong>cum</strong></span> <span class='ocrx_word' id='word_1_715' title='bbox 1746 4866 1802 4921; x_wconf 89' lang='lat' dir='ltr'><strong>in</strong></span> 
     </span>
    </p>
   </div>
   <div class='ocr_carea' id='block_1_89' title="bbox 213 4953 1805 5014">
    <p class='ocr_par' dir='ltr' id='par_1_89' title="bbox 213 4953 1805 5014">
     <span class='ocr_line' id='line_1_89' title="bbox 213 4953 1805 5014; baseline -0.002 0"><span class='ocrx_word' id='word_1_716' title='bbox 213 4958 425 5014; x_wconf 63' lang='lat' dir='ltr'><strong>caeteris</strong></span> <span class='ocrx_word' id='word_1_717' title='bbox 465 4956 618 5012; x_wconf 91' lang='lat' dir='ltr'><strong>libris</strong></span> <span class='ocrx_word' id='word_1_718' title='bbox 644 4956 789 5011; x_wconf 86' lang='lat' dir='ltr'><strong>sicut</strong></span> <span class='ocrx_word' id='word_1_719' title='bbox 814 4965 869 5011; x_wconf 90' lang='lat' dir='ltr'><strong>et</strong></span> <span class='ocrx_word' id='word_1_720' title='bbox 891 4956 1072 5011; x_wconf 66' lang='lat' dir='ltr'><strong>caeteri</strong></span> <span class='ocrx_word' id='word_1_721' title='bbox 1114 4953 1314 5012; x_wconf 86' lang='lat' dir='ltr'><strong>fratres</strong></span> <span class='ocrx_word' id='word_1_722' title='bbox 1338 4956 1666 5012; x_wconf 90' lang='lat' dir='ltr'><strong>inveniatur.</strong></span> <span class='ocrx_word' id='word_1_723' title='bbox 1695 4956 1805 5012; x_wconf 74' lang='lat' dir='ltr'><strong>Ma-</strong></span> 
     </span>
    </p>
   </div>
   <div class='ocr_carea' id='block_1_90' title="bbox 213 5048 1803 5123">
    <p class='ocr_par' dir='ltr' id='par_1_90' title="bbox 213 5048 1803 5123">
     <span class='ocr_line' id='line_1_90' title="bbox 213 5048 1803 5123; baseline 0.001 -16"><span class='ocrx_word' id='word_1_724' title='bbox 213 5066 404 5108; x_wconf 87' lang='lat' dir='ltr'><strong>nasses</strong></span> <span class='ocrx_word' id='word_1_725' title='bbox 431 5051 575 5107; x_wconf 91' lang='lat' dir='ltr'><strong>enim</strong></span> <span class='ocrx_word' id='word_1_726' title='bbox 603 5048 697 5122; x_wconf 85' lang='lat' dir='ltr'><strong>qui</strong></span> <span class='ocrx_word' id='word_1_727' title='bbox 724 5065 831 5106; x_wconf 90' lang='lat' dir='ltr'><strong>non</strong></span> <span class='ocrx_word' id='word_1_728' title='bbox 857 5050 961 5105; x_wconf 86' lang='lat' dir='ltr'><strong>fuit</strong></span> <span class='ocrx_word' id='word_1_729' title='bbox 991 5050 1133 5105; x_wconf 87' lang='lat' dir='ltr'><strong>ﬁlius</strong></span> <span class='ocrx_word' id='word_1_730' title='bbox 1155 5049 1347 5118; x_wconf 67' lang='lat' dir='ltr'><strong>Iacob,</strong></span> <span class='ocrx_word' id='word_1_731' title='bbox 1377 5051 1473 5107; x_wconf 88' lang='lat' dir='ltr'><strong>sed</strong></span> <span class='ocrx_word' id='word_1_732' title='bbox 1495 5051 1592 5123; x_wconf 85' lang='lat' dir='ltr'><strong>qui</strong></span> <span class='ocrx_word' id='word_1_733' title='bbox 1618 5052 1803 5109; x_wconf 88' lang='lat' dir='ltr'><strong>alieni-</strong></span> 
     </span>
    </p>
   </div>
   <div class='ocr_carea' id='block_1_91' title="bbox 212 5143 1800 5216">
    <p class='ocr_par' dir='ltr' id='par_1_91' title="bbox 212 5143 1800 5216">
     <span class='ocr_line' id='line_1_91' title="bbox 212 5143 1800 5216; baseline 0.001 -16"><span class='ocrx_word' id='word_1_734' title='bbox 212 5158 348 5216; x_wconf 88' lang='lat' dir='ltr'><strong>gena</strong></span> <span class='ocrx_word' id='word_1_735' title='bbox 380 5153 555 5200; x_wconf 89' lang='lat' dir='ltr'><strong>matre</strong></span> <span class='ocrx_word' id='word_1_736' title='bbox 584 5153 743 5200; x_wconf 90' lang='lat' dir='ltr'><strong>natus</strong></span> <span class='ocrx_word' id='word_1_737' title='bbox 774 5153 878 5210; x_wconf 89' lang='lat' dir='ltr'><strong>est,</strong></span> <span class='ocrx_word' id='word_1_738' title='bbox 925 5144 981 5200; x_wconf 91' lang='lat' dir='ltr'><strong>id</strong></span> <span class='ocrx_word' id='word_1_739' title='bbox 1009 5151 1110 5208; x_wconf 87' lang='lat' dir='ltr'><strong>est,</strong></span> <span class='ocrx_word' id='word_1_740' title='bbox 1142 5145 1208 5199; x_wconf 90' lang='lat' dir='ltr'><strong>de</strong></span> <span class='ocrx_word' id='word_1_741' title='bbox 1247 5143 1491 5202; x_wconf 83' lang='lat' dir='ltr'><strong>Aseneth</strong></span> <span class='ocrx_word' id='word_1_742' title='bbox 1517 5144 1627 5200; x_wconf 87' lang='lat' dir='ltr'><strong>ﬁlia</strong></span> <span class='ocrx_word' id='word_1_743' title='bbox 1655 5144 1800 5202; x_wconf 87' lang='lat' dir='ltr'><strong>Puti-</strong></span> 
     </span>
    </p>
   </div>
   <div class='ocr_carea' id='block_1_92' title="bbox 212 5220 1797 5308">
    <p class='ocr_par' dir='ltr' id='par_1_92' title="bbox 212 5220 1797 5308">
     <span class='ocr_line' id='line_1_92' title="bbox 212 5220 1797 5308; baseline 0.002 -17"><span class='ocrx_word' id='word_1_744' title='bbox 212 5236 400 5308; x_wconf 89' lang='lat' dir='ltr'><strong>pharis</strong></span> <span class='ocrx_word' id='word_1_745' title='bbox 430 5235 729 5291; x_wconf 88' lang='lat' dir='ltr'><strong>sacerdotis</strong></span> <span class='ocrx_word' id='word_1_746' title='bbox 750 5233 1109 5306; x_wconf 81' lang='lat' dir='ltr'><strong>Heliopoleos,</strong></span> <span class='ocrx_word' id='word_1_747' title='bbox 1137 5234 1313 5291; x_wconf 90' lang='lat' dir='ltr'><strong>locum</strong></span> <span class='ocrx_word' id='word_1_748' title='bbox 1338 5234 1458 5306; x_wconf 71' lang='lat' dir='ltr'><strong>eius</strong></span> <span class='ocrx_word' id='word_1_749' title='bbox 1487 5220 1687 5294; x_wconf 77' lang='lat' dir='ltr'><strong>teneat.</strong></span> <span class='ocrx_word' id='word_1_750' title='bbox 1715 5240 1797 5294; x_wconf 86' lang='lat' dir='ltr'><strong>Ad</strong></span> 
     </span>
    </p>
   </div>
   <div class='ocr_carea' id='block_1_93' title="bbox 212 5329 1799 5402">
    <p class='ocr_par' dir='ltr' id='par_1_93' title="bbox 212 5329 1799 5402">
     <span class='ocr_line' id='line_1_93' title="bbox 212 5329 1799 5402; baseline 0.003 -17"><span class='ocrx_word' id='word_1_751' title='bbox 212 5329 358 5402; x_wconf 88' lang='lat' dir='ltr'><strong>quod</strong></span> <span class='ocrx_word' id='word_1_752' title='bbox 387 5329 693 5395; x_wconf 90' lang='lat' dir='ltr'><strong>dicendum,</strong></span> <span class='ocrx_word' id='word_1_753' title='bbox 737 5333 881 5400; x_wconf 89' lang='lat' dir='ltr'><strong>quod</strong></span> <span class='ocrx_word' id='word_1_754' title='bbox 927 5332 994 5387; x_wconf 89' lang='lat' dir='ltr'><strong>de</strong></span> <span class='ocrx_word' id='word_1_755' title='bbox 1033 5330 1149 5387; x_wconf 89' lang='lat' dir='ltr'><strong>Dan</strong></span> <span class='ocrx_word' id='word_1_756' title='bbox 1187 5333 1496 5389; x_wconf 84' lang='lat' dir='ltr'><strong>nasciturus</strong></span> <span class='ocrx_word' id='word_1_757' title='bbox 1528 5342 1614 5388; x_wconf 89' lang='lat' dir='ltr'><strong>est</strong></span> <span class='ocrx_word' id='word_1_758' title='bbox 1644 5334 1799 5390; x_wconf 84' lang='lat' dir='ltr'><strong>Anti-</strong></span> 
     </span>
    </p>
   </div>
   <div class='ocr_carea' id='block_1_94' title="bbox 212 5418 1794 5493">
    <p class='ocr_par' dir='ltr' id='par_1_94' title="bbox 212 5418 1794 5493">
     <span class='ocr_line' id='line_1_94' title="bbox 212 5418 1794 5493; baseline 0.001 -15"><span class='ocrx_word' id='word_1_759' title='bbox 212 5422 472 5487; x_wconf 79' lang='lat' dir='ltr'><strong>cliristus,</strong></span> <span class='ocrx_word' id='word_1_760' title='bbox 502 5418 656 5491; x_wconf 82' lang='lat' dir='ltr'><strong>juxta</strong></span> <span class='ocrx_word' id='word_1_761' title='bbox 684 5420 812 5477; x_wconf 89' lang='lat' dir='ltr'><strong>illud</strong></span> <span class='ocrx_word' id='word_1_762' title='bbox 834 5419 1022 5489; x_wconf 82' lang='lat' dir='ltr'><strong>Jacob,</strong></span> <span class='ocrx_word' id='word_1_763' title='bbox 1055 5423 1175 5477; x_wconf 76' lang='lat' dir='ltr'><strong>Fiat</strong></span> <span class='ocrx_word' id='word_1_764' title='bbox 1198 5422 1317 5479; x_wconf 86' lang='lat' dir='ltr'><strong>Dan</strong></span> <span class='ocrx_word' id='word_1_765' title='bbox 1343 5423 1556 5480; x_wconf 85' lang='lat' dir='ltr'><strong>coluber</strong></span> <span class='ocrx_word' id='word_1_766' title='bbox 1595 5426 1652 5480; x_wconf 86' lang='lat' dir='ltr'><strong>in</strong></span> <span class='ocrx_word' id='word_1_767' title='bbox 1692 5427 1794 5493; x_wconf 84' lang='lat' dir='ltr'><strong>via,</strong></span> 
     </span>
    </p>
   </div>
   <div class='ocr_carea' id='block_1_95' title="bbox 210 5513 1793 5591">
    <p class='ocr_par' dir='ltr' id='par_1_95' title="bbox 210 5513 1793 5591">
     <span class='ocr_line' id='line_1_95' title="bbox 210 5513 1793 5591; baseline 0.001 -19"><span class='ocrx_word' id='word_1_768' title='bbox 210 5523 345 5583; x_wconf 87' lang='lat' dir='ltr'><strong>etc.,</strong></span> <span class='ocrx_word' id='word_1_769' title='bbox 384 5528 555 5586; x_wconf 88' lang='lat' dir='ltr'><strong>usque</strong></span> <span class='ocrx_word' id='word_1_770' title='bbox 592 5513 747 5568; x_wconf 85' lang='lat' dir='ltr'><strong>cadat</strong></span> <span class='ocrx_word' id='word_1_771' title='bbox 793 5529 1037 5569; x_wconf 86' lang='lat' dir='ltr'><strong>ascensor</strong></span> <span class='ocrx_word' id='word_1_772' title='bbox 1076 5515 1191 5585; x_wconf 86' lang='lat' dir='ltr'><strong>ejus</strong></span> <span class='ocrx_word' id='word_1_773' title='bbox 1238 5525 1376 5571; x_wconf 86' lang='lat' dir='ltr'><strong>retro</strong></span> <span class='ocrx_word' id='word_1_774' title='bbox 1418 5514 1575 5588; x_wconf 79' lang='lat' dir='ltr'><strong>(Gen.</strong></span> <span class='ocrx_word' id='word_1_775' title='bbox 1622 5520 1793 5591; x_wconf 74' lang='lat' dir='ltr'><strong>rus).</strong></span> 
     </span>
    </p>
   </div>
   <div class='ocr_carea' id='block_1_96' title="bbox 209 5604 1796 5679">
    <p class='ocr_par' dir='ltr' id='par_1_96' title="bbox 209 5604 1796 5679">
     <span class='ocr_line' id='line_1_96' title="bbox 209 5604 1796 5679; baseline -0.001 -14"><span class='ocrx_word' id='word_1_776' title='bbox 209 5604 439 5679; x_wconf 84' lang='lat' dir='ltr'><strong>Ejicitur</strong></span> <span class='ocrx_word' id='word_1_777' title='bbox 468 5607 648 5677; x_wconf 89' lang='lat' dir='ltr'><strong>itaque</strong></span> <span class='ocrx_word' id='word_1_778' title='bbox 674 5618 742 5659; x_wconf 81' lang='lat' dir='ltr'><strong>ex</strong></span> <span class='ocrx_word' id='word_1_779' title='bbox 769 5604 872 5660; x_wconf 90' lang='lat' dir='ltr'><strong>hoc</strong></span> <span class='ocrx_word' id='word_1_780' title='bbox 896 5604 1013 5661; x_wconf 91' lang='lat' dir='ltr'><strong>loco</strong></span> <span class='ocrx_word' id='word_1_781' title='bbox 1050 5605 1189 5672; x_wconf 85' lang='lat' dir='ltr'><strong>Dan,</strong></span> <span class='ocrx_word' id='word_1_782' title='bbox 1214 5614 1274 5662; x_wconf 88' lang='lat' dir='ltr'><strong>ut</strong></span> <span class='ocrx_word' id='word_1_783' title='bbox 1297 5608 1615 5664; x_wconf 86' lang='lat' dir='ltr'><strong>ostendatur</strong></span> <span class='ocrx_word' id='word_1_784' title='bbox 1639 5608 1796 5664; x_wconf 81' lang='lat' dir='ltr'><strong>Anti-</strong></span> 
     </span>
    </p>
   </div>
   <div class='ocr_carea' id='block_1_97' title="bbox 211 5699 1792 5771">
    <p class='ocr_par' dir='ltr' id='par_1_97' title="bbox 211 5699 1792 5771">
     <span class='ocr_line' id='line_1_97' title="bbox 211 5699 1792 5771; baseline 0 -15"><span class='ocrx_word' id='word_1_785' title='bbox 211 5700 451 5757; x_wconf 87' lang='lat' dir='ltr'><strong>christus</strong></span> <span class='ocrx_word' id='word_1_786' title='bbox 489 5714 554 5755; x_wconf 80' lang='lat' dir='ltr'><strong>ex</strong></span> <span class='ocrx_word' id='word_1_787' title='bbox 586 5704 811 5753; x_wconf 86' lang='lat' dir='ltr'><strong>numero</strong></span> <span class='ocrx_word' id='word_1_788' title='bbox 849 5704 1161 5754; x_wconf 80' lang='lat' dir='ltr'><strong>sanctorum</strong></span> <span class='ocrx_word' id='word_1_789' title='bbox 1206 5699 1525 5771; x_wconf 82' lang='lat' dir='ltr'><strong>ejiciendus.</strong></span> <span class='ocrx_word' id='word_1_790' title='bbox 1569 5700 1742 5757; x_wconf 86' lang='lat' dir='ltr'><strong>Aliter</strong></span> <span class='ocrx_word' id='word_1_791' title='bbox 1779 5720 1792 5756; x_wconf 93' lang='lat'><strong>:</strong></span> 
     </span>
    </p>
   </div>
   <div class='ocr_carea' id='block_1_98' title="bbox 212 5794 1791 5867">
    <p class='ocr_par' dir='ltr' id='par_1_98' title="bbox 212 5794 1791 5867">
     <span class='ocr_line' id='line_1_98' title="bbox 212 5794 1791 5867; baseline 0.001 -15"><span class='ocrx_word' id='word_1_792' title='bbox 212 5795 329 5852; x_wconf 89' lang='lat' dir='ltr'><strong>Dan</strong></span> <span class='ocrx_word' id='word_1_793' title='bbox 366 5797 750 5867; x_wconf 82' lang='lat' dir='ltr'><strong>interpretatur</strong></span> <span class='ocrx_word' id='word_1_794' title='bbox 785 5794 1042 5866; x_wconf 87' lang='lat' dir='ltr'><strong>judicium</strong></span> <span class='ocrx_word' id='word_1_795' title='bbox 1086 5797 1355 5853; x_wconf 87' lang='lat' dir='ltr'><strong>transiens</strong></span> <span class='ocrx_word' id='word_1_796' title='bbox 1400 5797 1791 5866; x_wconf 78' lang='lat' dir='ltr'><strong>Hebraeorum;</strong></span> 
     </span>
    </p>
   </div>
   <div class='ocr_carea' id='block_1_99' title="bbox 210 5886 1794 5964">
    <p class='ocr_par' dir='ltr' id='par_1_99' title="bbox 210 5886 1794 5964">
     <span class='ocr_line' id='line_1_99' title="bbox 210 5886 1794 5964; baseline 0 -21"><span class='ocrx_word' id='word_1_797' title='bbox 210 5887 337 5963; x_wconf 82' lang='lat' dir='ltr'><strong>quia</strong></span> <span class='ocrx_word' id='word_1_798' title='bbox 367 5886 890 5962; x_wconf 82' lang='lat' dir='ltr'><strong>scilicet,postquam</strong></span> <span class='ocrx_word' id='word_1_799' title='bbox 928 5887 1126 5945; x_wconf 85' lang='lat' dir='ltr'><strong>veritas</strong></span> <span class='ocrx_word' id='word_1_800' title='bbox 1161 5890 1428 5964; x_wconf 86' lang='lat' dir='ltr'><strong>apparuit,</strong></span> <span class='ocrx_word' id='word_1_801' title='bbox 1457 5891 1637 5946; x_wconf 85' lang='lat' dir='ltr'><strong>omnia</strong></span> <span class='ocrx_word' id='word_1_802' title='bbox 1673 5889 1794 5946; x_wconf 80' lang='lat' dir='ltr'><strong>illo-</strong></span> 
     </span>
    </p>
   </div>
   <div class='ocr_carea' id='block_1_100' title="bbox 1905 4771 3492 4849">
    <p class='ocr_par' dir='ltr' id='par_1_100' title="bbox 1905 4771 3492 4849">
     <span class='ocr_line' id='line_1_100' title="bbox 1905 4771 3492 4849; baseline 0.007 -22"><span class='ocrx_word' id='word_1_803' title='bbox 1905 4772 2035 4838; x_wconf 85' lang='lat' dir='ltr'><strong>ﬁda,</strong></span> <span class='ocrx_word' id='word_1_804' title='bbox 2071 4771 2253 4828; x_wconf 90' lang='lat' dir='ltr'><strong>omnia</strong></span> <span class='ocrx_word' id='word_1_805' title='bbox 2275 4785 2438 4841; x_wconf 86' lang='lat' dir='ltr'><strong>opera</strong></span> <span class='ocrx_word' id='word_1_806' title='bbox 2466 4786 2563 4827; x_wconf 89' lang='lat' dir='ltr'><strong>sua</strong></span> <span class='ocrx_word' id='word_1_807' title='bbox 2592 4772 2707 4829; x_wconf 86' lang='lat' dir='ltr'><strong>vult</strong></span> <span class='ocrx_word' id='word_1_808' title='bbox 2740 4774 2910 4830; x_wconf 86' lang='lat' dir='ltr'><strong>videri</strong></span> <span class='ocrx_word' id='word_1_809' title='bbox 2950 4791 2982 4831; x_wconf 86' lang='lat' dir='ltr'><strong>a</strong></span> <span class='ocrx_word' id='word_1_810' title='bbox 3022 4776 3156 4843; x_wconf 91' lang='lat' dir='ltr'><strong>Deo,</strong></span> <span class='ocrx_word' id='word_1_811' title='bbox 3189 4794 3220 4832; x_wconf 88' lang='lat' dir='ltr'><strong>a</strong></span> <span class='ocrx_word' id='word_1_812' title='bbox 3247 4794 3357 4849; x_wconf 88' lang='lat' dir='ltr'><strong>quo</strong></span> <span class='ocrx_word' id='word_1_813' title='bbox 3409 4797 3492 4839; x_wconf 87' lang='lat' dir='ltr'><strong>re-</strong></span> 
     </span>
    </p>
   </div>
   <div class='ocr_carea' id='block_1_101' title="bbox 1906 4864 3490 4929">
    <p class='ocr_par' dir='ltr' id='par_1_101' title="bbox 1906 4864 3490 4929">
     <span class='ocr_line' id='line_1_101' title="bbox 1906 4864 3490 4929; baseline 0.004 -7"><span class='ocrx_word' id='word_1_814' title='bbox 1906 4874 2245 4929; x_wconf 89' lang='lat' dir='ltr'><strong>muneretur,</strong></span> <span class='ocrx_word' id='word_1_815' title='bbox 2276 4864 2420 4919; x_wconf 86' lang='lat' dir='ltr'><strong>unde</strong></span> <span class='ocrx_word' id='word_1_816' title='bbox 2447 4873 2503 4920; x_wconf 90' lang='lat' dir='ltr'><strong>et</strong></span> <span class='ocrx_word' id='word_1_817' title='bbox 2531 4880 2669 4920; x_wconf 89' lang='lat' dir='ltr'><strong>unus</strong></span> <span class='ocrx_word' id='word_1_818' title='bbox 2693 4881 2759 4922; x_wconf 78' lang='lat' dir='ltr'><strong>ex</strong></span> <span class='ocrx_word' id='word_1_819' title='bbox 2788 4866 2877 4921; x_wconf 89' lang='lat' dir='ltr'><strong>bis</strong></span> <span class='ocrx_word' id='word_1_820' title='bbox 2905 4869 3211 4924; x_wconf 87' lang='lat' dir='ltr'><strong>astantibus</strong></span> <span class='ocrx_word' id='word_1_821' title='bbox 3230 4869 3446 4927; x_wconf 89' lang='lat' dir='ltr'><strong>dicebat</strong></span> <span class='ocrx_word' id='word_1_822' title='bbox 3473 4890 3490 4929; x_wconf 91' lang='lat'>:</span> 
     </span>
    </p>
   </div>
   <div class='ocr_carea' id='block_1_102' title="bbox 1920 4956 3489 5033">
    <p class='ocr_par' dir='ltr' id='par_1_102' title="bbox 1920 4956 3489 5033">
     <span class='ocr_line' id='line_1_102' title="bbox 1920 4956 3489 5033; baseline 0.004 -20"><span class='ocrx_word' id='word_1_823' title='bbox 1920 4956 2049 5014; x_wconf 81' lang='lat' dir='ltr'><strong>Vivit</strong></span> <span class='ocrx_word' id='word_1_824' title='bbox 2065 4957 2323 5012; x_wconf 86' lang='lat' dir='ltr'><strong>Dominus</strong></span> <span class='ocrx_word' id='word_1_825' title='bbox 2338 4958 2393 5012; x_wconf 86' lang='lat' dir='ltr'><strong>in</strong></span> <span class='ocrx_word' id='word_1_826' title='bbox 2404 4956 2556 5027; x_wconf 82' lang='lat' dir='ltr'><strong>cujus</strong></span> <span class='ocrx_word' id='word_1_827' title='bbox 2568 4968 2843 5029; x_wconf 82' lang='lat' dir='ltr'><strong>conspectu</strong></span> <span class='ocrx_word' id='word_1_828' title='bbox 2856 4957 2989 5031; x_wconf 66' lang='grc' dir='ltr'><strong>που</strong></span> <span class='ocrx_word' id='word_1_829' title='bbox 3004 4959 3489 5033; x_wconf 80' lang='lat' dir='ltr'><strong>VReg.m).Amicti</strong></span> 
     </span>
    </p>
   </div>
   <div class='ocr_carea' id='block_1_103' title="bbox 1904 5049 3487 5126">
    <p class='ocr_par' dir='ltr' id='par_1_103' title="bbox 1904 5049 3487 5126">
     <span class='ocr_line' id='line_1_103' title="bbox 1904 5049 3487 5126; baseline 0.003 -20"><span class='ocrx_word' id='word_1_830' title='bbox 1904 5052 2055 5107; x_wconf 83' lang='lat' dir='ltr'><strong>stolis</strong></span> <span class='ocrx_word' id='word_1_831' title='bbox 2067 5049 2334 5106; x_wconf 86' lang='lat' dir='ltr'><strong>atbis.Per</strong></span> <span class='ocrx_word' id='word_1_832' title='bbox 2344 5050 2513 5106; x_wconf 88' lang='lat' dir='ltr'><strong>stolas</strong></span> <span class='ocrx_word' id='word_1_833' title='bbox 2530 5051 2682 5107; x_wconf 88' lang='lat' dir='ltr'><strong>albas</strong></span> <span class='ocrx_word' id='word_1_834' title='bbox 2693 5051 2883 5122; x_wconf 87' lang='lat' dir='ltr'><strong>accipe</strong></span> <span class='ocrx_word' id='word_1_835' title='bbox 2892 5052 3087 5108; x_wconf 88' lang='lat' dir='ltr'><strong>sinceri</strong></span> <span class='ocrx_word' id='word_1_836' title='bbox 3095 5059 3146 5108; x_wconf 89' lang='lat' dir='ltr'><strong>ta</strong></span> <span class='ocrx_word' id='word_1_837' title='bbox 3154 5061 3261 5109; x_wconf 88' lang='lat' dir='ltr'><strong>tem</strong></span> <span class='ocrx_word' id='word_1_838' title='bbox 3274 5062 3328 5110; x_wconf 88' lang='lat' dir='ltr'><strong>et</strong></span> <span class='ocrx_word' id='word_1_839' title='bbox 3340 5056 3487 5126; x_wconf 88' lang='lat' dir='ltr'><strong>puri-</strong></span> 
     </span>
    </p>
   </div>
   <div class='ocr_carea' id='block_1_104' title="bbox 1909 5142 3486 5223">
    <p class='ocr_par' dir='ltr' id='par_1_104' title="bbox 1909 5142 3486 5223">
     <span class='ocr_line' id='line_1_104' title="bbox 1909 5142 3486 5223; baseline 0.003 -24"><span class='ocrx_word' id='word_1_840' title='bbox 1909 5142 2377 5223; x_wconf 83' lang='lat' dir='ltr'><strong>tatembaptismi,</strong></span> <span class='ocrx_word' id='word_1_841' title='bbox 2406 5143 2785 5215; x_wconf 86' lang='lat' dir='ltr'><strong>purgationem</strong></span> <span class='ocrx_word' id='word_1_842' title='bbox 2823 5142 3020 5199; x_wconf 89' lang='lat' dir='ltr'><strong>occulti</strong></span> <span class='ocrx_word' id='word_1_843' title='bbox 3049 5153 3104 5200; x_wconf 90' lang='lat' dir='ltr'><strong>et</strong></span> <span class='ocrx_word' id='word_1_844' title='bbox 3127 5147 3301 5217; x_wconf 88' lang='lat' dir='ltr'><strong>aperti</strong></span> <span class='ocrx_word' id='word_1_845' title='bbox 3348 5163 3486 5203; x_wconf 87' lang='lat' dir='ltr'><strong>mar-</strong></span> 
     </span>
    </p>
   </div>
   <div class='ocr_carea' id='block_1_105' title="bbox 1907 5233 3487 5309">
    <p class='ocr_par' dir='ltr' id='par_1_105' title="bbox 1907 5233 3487 5309">
     <span class='ocr_line' id='line_1_105' title="bbox 1907 5233 3487 5309; baseline 0.002 -18"><span class='ocrx_word' id='word_1_846' title='bbox 1907 5236 2058 5309; x_wconf 85' lang='lat' dir='ltr'><strong>tyrii,</strong></span> <span class='ocrx_word' id='word_1_847' title='bbox 2079 5235 2518 5306; x_wconf 87' lang='lat' dir='ltr'><strong>ablutionemque</strong></span> <span class='ocrx_word' id='word_1_848' title='bbox 2537 5233 2704 5290; x_wconf 83' lang='lat' dir='ltr'><strong>fontis</strong></span> <span class='ocrx_word' id='word_1_849' title='bbox 2722 5233 3109 5308; x_wconf 85' lang='lat' dir='ltr'><strong>iacrymarum.</strong></span> <span class='ocrx_word' id='word_1_850' title='bbox 3131 5235 3274 5293; x_wconf 84' lang='lat' dir='ltr'><strong>Ante</strong></span> <span class='ocrx_word' id='word_1_851' title='bbox 3289 5238 3487 5295; x_wconf 82' lang='lat' dir='ltr'><strong>Media-</strong></span> 
     </span>
    </p>
   </div>
   <div class='ocr_carea' id='block_1_106' title="bbox 1905 5328 3485 5402">
    <p class='ocr_par' dir='ltr' id='par_1_106' title="bbox 1905 5328 3485 5402">
     <span class='ocr_line' id='line_1_106' title="bbox 1905 5328 3485 5402; baseline 0 -15"><span class='ocrx_word' id='word_1_852' title='bbox 1905 5331 2041 5387; x_wconf 87' lang='lat' dir='ltr'><strong>toris</strong></span> <span class='ocrx_word' id='word_1_853' title='bbox 2075 5331 2386 5394; x_wconf 81' lang='lat' dir='ltr'><strong>adventum,</strong></span> <span class='ocrx_word' id='word_1_854' title='bbox 2414 5328 2577 5385; x_wconf 88' lang='lat' dir='ltr'><strong>corda</strong></span> <span class='ocrx_word' id='word_1_855' title='bbox 2607 5328 2827 5384; x_wconf 84' lang='lat' dir='ltr'><strong>humani</strong></span> <span class='ocrx_word' id='word_1_856' title='bbox 2857 5328 3074 5400; x_wconf 84' lang='lat' dir='ltr'><strong>generis</strong></span> <span class='ocrx_word' id='word_1_857' title='bbox 3100 5330 3327 5387; x_wconf 88' lang='lat' dir='ltr'><strong>maculis</strong></span> <span class='ocrx_word' id='word_1_858' title='bbox 3355 5346 3485 5402; x_wconf 88' lang='lat' dir='ltr'><strong>pec-</strong></span> 
     </span>
    </p>
   </div>
   <div class='ocr_carea' id='block_1_107' title="bbox 1906 5420 3486 5492">
    <p class='ocr_par' dir='ltr' id='par_1_107' title="bbox 1906 5420 3486 5492">
     <span class='ocr_line' id='line_1_107' title="bbox 1906 5420 3486 5492; baseline 0 -13"><span class='ocrx_word' id='word_1_859' title='bbox 1906 5433 2152 5479; x_wconf 87' lang='lat' dir='ltr'><strong>catorum</strong></span> <span class='ocrx_word' id='word_1_860' title='bbox 2182 5430 2340 5478; x_wconf 87' lang='lat' dir='ltr'><strong>erant</strong></span> <span class='ocrx_word' id='word_1_861' title='bbox 2363 5434 2640 5492; x_wconf 89' lang='lat' dir='ltr'><strong>respersa,</strong></span> <span class='ocrx_word' id='word_1_862' title='bbox 2657 5420 2753 5476; x_wconf 87' lang='lat' dir='ltr'><strong>sed</strong></span> <span class='ocrx_word' id='word_1_863' title='bbox 2767 5420 3013 5477; x_wconf 86' lang='lat' dir='ltr'><strong>dealbata</strong></span> <span class='ocrx_word' id='word_1_864' title='bbox 3027 5431 3215 5492; x_wconf 87' lang='lat' dir='ltr'><strong>postea</strong></span> <span class='ocrx_word' id='word_1_865' title='bbox 3240 5432 3368 5479; x_wconf 89' lang='lat' dir='ltr'><strong>sunt</strong></span> <span class='ocrx_word' id='word_1_866' title='bbox 3390 5422 3486 5479; x_wconf 85' lang='lat' dir='ltr'><strong>tri-</strong></span> 
     </span>
    </p>
   </div>
   <div class='ocr_carea' id='block_1_108' title="bbox 1903 5513 3485 5586">
    <p class='ocr_par' dir='ltr' id='par_1_108' title="bbox 1903 5513 3485 5586">
     <span class='ocr_line' id='line_1_108' title="bbox 1903 5513 3485 5586; baseline 0.001 -14"><span class='ocrx_word' id='word_1_867' title='bbox 1903 5515 2006 5572; x_wconf 88' lang='lat' dir='ltr'><strong>bus</strong></span> <span class='ocrx_word' id='word_1_868' title='bbox 2052 5515 2226 5570; x_wconf 87' lang='lat' dir='ltr'><strong>modis</strong></span> <span class='ocrx_word' id='word_1_869' title='bbox 2247 5514 2498 5584; x_wconf 91' lang='lat' dir='ltr'><strong>superius</strong></span> <span class='ocrx_word' id='word_1_870' title='bbox 2523 5514 2701 5569; x_wconf 87' lang='lat' dir='ltr'><strong>dictis.</strong></span> <span class='ocrx_word' id='word_1_871' title='bbox 2726 5513 2872 5569; x_wconf 88' lang='lat' dir='ltr'><strong>Sunt</strong></span> <span class='ocrx_word' id='word_1_872' title='bbox 2905 5513 3083 5582; x_wconf 89' lang='lat' dir='ltr'><strong>multi,</strong></span> <span class='ocrx_word' id='word_1_873' title='bbox 3111 5516 3204 5586; x_wconf 87' lang='lat' dir='ltr'><strong>qui</strong></span> <span class='ocrx_word' id='word_1_874' title='bbox 3250 5516 3348 5573; x_wconf 85' lang='lat' dir='ltr'><strong>has</strong></span> <span class='ocrx_word' id='word_1_875' title='bbox 3373 5528 3485 5573; x_wconf 90' lang='lat' dir='ltr'><strong>sto-</strong></span> 
     </span>
    </p>
   </div>
   <div class='ocr_carea' id='block_1_109' title="bbox 1901 5603 3525 5680">
    <p class='ocr_par' dir='ltr' id='par_1_109' title="bbox 1901 5603 3525 5680">
     <span class='ocr_line' id='line_1_109' title="bbox 1901 5603 3525 5680; baseline 0.001 -17"><span class='ocrx_word' id='word_1_876' title='bbox 1901 5608 1980 5664; x_wconf 91' lang='lat' dir='ltr'><strong>las</strong></span> <span class='ocrx_word' id='word_1_877' title='bbox 2019 5618 2142 5680; x_wconf 88' lang='lat' dir='ltr'><strong>post</strong></span> <span class='ocrx_word' id='word_1_878' title='bbox 2176 5606 2432 5679; x_wconf 87' lang='lat' dir='ltr'><strong>baptismi</strong></span> <span class='ocrx_word' id='word_1_879' title='bbox 2473 5603 2805 5663; x_wconf 86' lang='lat' dir='ltr'><strong>ablutionem</strong></span> <span class='ocrx_word' id='word_1_880' title='bbox 2848 5609 3078 5663; x_wconf 80' lang='lat' dir='ltr'><strong>mandas</strong></span> <span class='ocrx_word' id='word_1_881' title='bbox 3128 5614 3481 5679; x_wconf 83' lang='lat' dir='ltr'><strong>conservant,</strong></span> <span class='ocrx_word' id='word_1_882' title='bbox 3522 5648 3525 5653; x_wconf 65' lang='grc' dir='ltr'><strong>ι</strong></span> 
     </span>
    </p>
   </div>
   <div class='ocr_carea' id='block_1_110' title="bbox 1900 5697 3478 5775">
    <p class='ocr_par' dir='ltr' id='par_1_110' title="bbox 1900 5697 3478 5775">
     <span class='ocr_line' id='line_1_110' title="bbox 1900 5697 3478 5775; baseline 0.003 -20"><span class='ocrx_word' id='word_1_883' title='bbox 1900 5703 2028 5772; x_wconf 89' lang='lat' dir='ltr'><strong>quia</strong></span> <span class='ocrx_word' id='word_1_884' title='bbox 2059 5700 2260 5756; x_wconf 88' lang='lat' dir='ltr'><strong>nullum</strong></span> <span class='ocrx_word' id='word_1_885' title='bbox 2283 5697 2621 5756; x_wconf 82' lang='lat' dir='ltr'><strong>mortiferum</strong></span> <span class='ocrx_word' id='word_1_886' title='bbox 2648 5700 2853 5775; x_wconf 79' lang='lat' dir='ltr'><strong>crimen</strong></span> <span class='ocrx_word' id='word_1_887' title='bbox 2878 5700 3188 5756; x_wconf 87' lang='lat' dir='ltr'><strong>admittunt.</strong></span> <span class='ocrx_word' id='word_1_888' title='bbox 3202 5700 3307 5757; x_wconf 81' lang='lat' dir='ltr'><strong>Alli</strong></span> <span class='ocrx_word' id='word_1_889' title='bbox 3330 5711 3478 5770; x_wconf 90' lang='lat' dir='ltr'><strong>sunt,</strong></span> 
     </span>
    </p>
   </div>
   <div class='ocr_carea' id='block_1_111' title="bbox 1876 5792 3480 5869">
    <p class='ocr_par' dir='ltr' id='par_1_111' title="bbox 1876 5792 3480 5869">
     <span class='ocr_line' id='line_1_111' title="bbox 1876 5792 3480 5869; baseline 0.003 -22"><span class='ocrx_word' id='word_1_890' title='bbox 1876 5795 1991 5865; x_wconf 88' lang='lat' dir='ltr'><strong>-qui</strong></span> <span class='ocrx_word' id='word_1_891' title='bbox 2020 5794 2438 5866; x_wconf 86' lang='lat' dir='ltr'><strong>coinquinantur</strong></span> <span class='ocrx_word' id='word_1_892' title='bbox 2461 5793 2689 5850; x_wconf 85' lang='lat' dir='ltr'><strong>diversis</strong></span> <span class='ocrx_word' id='word_1_893' title='bbox 2718 5792 3034 5860; x_wconf 84' lang='lat' dir='ltr'><strong>sceleribus,</strong></span> <span class='ocrx_word' id='word_1_894' title='bbox 3061 5794 3156 5849; x_wconf 88' lang='lat' dir='ltr'><strong>sed</strong></span> <span class='ocrx_word' id='word_1_895' title='bbox 3177 5803 3237 5850; x_wconf 87' lang='lat' dir='ltr'><strong>ut</strong></span> <span class='ocrx_word' id='word_1_896' title='bbox 3262 5795 3330 5851; x_wconf 84' lang='lat' dir='ltr'><strong>ad</strong></span> <span class='ocrx_word' id='word_1_897' title='bbox 3366 5796 3480 5869; x_wconf 84' lang='lat' dir='ltr'><strong>pri-</strong></span> 
     </span>
    </p>
   </div>
   <div class='ocr_carea' id='block_1_112' title="bbox 1898 5884 3478 5964">
    <p class='ocr_par' dir='ltr' id='par_1_112' title="bbox 1898 5884 3478 5964">
     <span class='ocr_line' id='line_1_112' title="bbox 1898 5884 3478 5964; baseline 0.001 -19"><span class='ocrx_word' id='word_1_898' title='bbox 1898 5889 2100 5945; x_wconf 86' lang='lat' dir='ltr'><strong>stinum</strong></span> <span class='ocrx_word' id='word_1_899' title='bbox 2126 5887 2378 5943; x_wconf 85' lang='lat' dir='ltr'><strong>decorem</strong></span> <span class='ocrx_word' id='word_1_900' title='bbox 2412 5885 2656 5954; x_wconf 88' lang='lat' dir='ltr'><strong>redeant,</strong></span> <span class='ocrx_word' id='word_1_901' title='bbox 2685 5898 2744 5942; x_wconf 91' lang='lat' dir='ltr'><strong>se</strong></span> <span class='ocrx_word' id='word_1_902' title='bbox 2764 5884 2977 5942; x_wconf 88' lang='lat' dir='ltr'><strong>occulto</strong></span> <span class='ocrx_word' id='word_1_903' title='bbox 2998 5884 3081 5941; x_wconf 87' lang='lat' dir='ltr'><strong>vel</strong></span> <span class='ocrx_word' id='word_1_904' title='bbox 3117 5894 3306 5964; x_wconf 84' lang='lat' dir='ltr'><strong>aperto</strong></span> <span class='ocrx_word' id='word_1_905' title='bbox 3330 5898 3478 5947; x_wconf 52' lang='lat' dir='ltr'><strong>mare</strong></span> 
     </span>
    </p>
   </div>
  </div>
