3972 6460
481 440 625 501 1059

483 560 629 634 tyrio
674 555 962 631 gemitibus
1002 553 1368 624 lacrymarum
1413 550 1762 613 candiﬁcant,
1801 550 1989 619 sicque
2012 554 2073 604 ut

482 666 676 708 omnes
720 649 906 705 ﬁdeles
943 646 1109 702 stolas
1154 646 1390 701 habeant
1433 643 1681 714 superius
1727 642 1949 713 positas.
2000 641 2069 696 Et

482 748 676 817 palmae
693 740 749 796 in
770 740 1011 795 manibus
1039 755 1243 794 eorum.
1284 736 1391 793 Per
1425 737 1635 807 palmas
1657 736 1963 806 triumphus
1989 735 2072 789 vi-

484 833 670 890 ctoriae
697 830 1031 901 designatur,
1074 844 1173 900 per
1200 842 1395 883 manus
1423 842 1556 883 vero
1597 826 1771 881 virtus
1799 825 2071 897 operatio-

485 924 571 978 nis
593 921 937 992 exprimitur.
966 919 1184 975 Palmas
1211 934 1343 991 ergo
1368 920 1423 973 in
1453 918 1705 973 manibus
1737 917 1939 973 habent
1962 916 2070 971 ele-

480 1014 719 1078 cti,dum
740 1012 983 1083 quolibet
1014 1013 1173 1067 modo
1202 1011 1540 1081 triumphant
1568 1012 1634 1065 de
1653 1009 1877 1079 antiquo
1914 1009 2071 1065 hoste

481 1114 537 1160 et
557 1106 714 1175 hujus
736 1104 918 1160 saeculi
940 1104 1328 1173 voluptatibus.
1364 1101 1459 1157 Vel
1490 1118 1588 1173 per
1615 1116 1808 1156 manus
1829 1099 2070 1171 intellige

477 1205 830 1266 potestatem.
863 1195 1019 1263 Quod
1046 1196 1191 1250 enim
1219 1210 1317 1265 per
1344 1209 1536 1250 manus
1560 1200 1800 1262 potestas
1829 1193 2071 1264 designe-

482 1300 596 1355 tur,
629 1290 799 1345 habes
830 1288 883 1343 in
913 1287 1230 1358 Evangelio,
1261 1287 1472 1342 dicente
1496 1287 1724 1341 Domino
1751 1302 1762 1338 :
1788 1284 1957 1340 Nemo
1976 1298 2072 1355 po-

484 1388 593 1436 test
624 1394 816 1449 rapcre
841 1393 971 1433 oves
1009 1393 1158 1433 meas
1184 1377 1250 1433 de
1277 1392 1443 1431 manu
1474 1390 1593 1430 mea
1625 1375 1807 1446 (Joan.
1840 1375 1914 1445 ι),
1969 1375 2074 1430 hoc

432 1533 440 1540 ,
480 1481 566 1531 est
595 1474 662 1529 de
689 1466 976 1541 potestate.
1007 1471 1333 1526 Potestatem
1361 1469 1506 1523 enim
1537 1468 1844 1536 accepimus
1884 1476 1943 1521 ut
1975 1465 2072 1521 ﬁlii

485 1565 581 1623 Dei
613 1580 878 1630 essemus,
936 1564 1149 1620 dicente
1184 1562 1342 1618 beato
1366 1561 1574 1617 Joanne
1602 1578 1615 1613 :
1649 1560 1921 1630 Quotquot
1951 1574 2071 1615 cre-

483 1657 739 1715 didernnt
763 1658 816 1712 in
848 1672 995 1723 eum,
1019 1656 1166 1712 dedit
1186 1656 1266 1710 eis
1291 1662 1617 1725 potestatem
1644 1654 1784 1709 ﬁlios
1808 1654 1901 1709 Dei
1928 1653 2065 1720 ﬁeri,

484 1750 572 1806 his
600 1750 692 1821 qui
714 1749 941 1804 credunt
967 1749 1022 1802 in
1052 1748 1272 1802 nomine
1300 1745 1436 1816 ejus.
1466 1747 1683 1801 Palntas
1723 1746 2073 1801 habemusin

483 1842 758 1903 manibus,
807 1841 907 1895 hoc
949 1846 1033 1893 est
1063 1838 1340 1904 victorias,
1373 1853 1497 1894 cum
1527 1837 1594 1893 de
1629 1837 1886 1908 operibus
1916 1837 2073 1892 bonis

485 1942 674 1990 contra
719 1932 990 1988 diabolum
1019 1940 1077 1988 et
1104 1931 1377 1987 incentiva
1419 1931 1602 1986 carnis
1648 1931 2059 1999 triumphamus.

481 2027 650 2098 Cujus
678 2027 937 2081 nimirum
960 2026 1206 2082 victorize
1232 2040 1465 2091 summa,
1499 2025 1553 2080 in
1580 2024 1757 2094 capite
1799 2025 2071 2079 membro-

484 2135 605 2175 rum
632 2118 901 2175 consistit.

553 2212 623 2268 Et
652 2210 951 2266 clamabant
978 2224 1097 2264 voce
1145 2224 1358 2279 magna,
1412 2207 1659 2261 dicentes.
1718 2206 1915 2261 Vocem
1956 2219 2069 2259 ma-

484 2317 666 2375 gnam,
696 2315 804 2355 non
828 2299 1111 2370 strepitum
1134 2299 1304 2362 vocis,
1323 2298 1418 2352 sed
1441 2294 1770 2352 desiderium
1797 2310 2070 2350 summum

483 2402 800 2451 sanctorum
842 2390 1195 2462 accipiamus.
1240 2388 1394 2445 Unde
1419 2398 1504 2442 est
1534 2404 1548 2443 :
1583 2386 1907 2441 Desiderium
1941 2403 2072 2456 pau-

482 2502 666 2555 perum
693 2484 957 2539 exaudivit
983 2482 1238 2536 Dominus
1277 2478 1448 2552 (Psul.
1478 2476 1555 2549 x).
1590 2477 1726 2532 Hinc
1756 2477 1921 2549 Moysi
1944 2492 2069 2532 cunt

484 2578 623 2635 nihil
647 2576 888 2632 exterius
906 2576 1129 2639 diceret,
1158 2573 1253 2628 sed
1286 2573 1431 2627 intus
1457 2578 1664 2625 tantum
1687 2586 1911 2641 gemens
1947 2585 2070 2624 ora-

484 2672 856 2737 ret,Dominus
870 2669 946 2723 ait
964 2666 1136 2736 :fQuid
1149 2666 1346 2720 clamas
1362 2665 1429 2718 ad
1443 2681 1523 2717 me
1539 2664 1735 2732 (Exod.
1750 2662 1889 2735 XIV)?
1909 2662 2070 2718 Salus

485 2761 596 2815 Deo
611 2758 909 2829 nostra,qui
923 2757 1061 2811 sedet
1078 2740 1508 2826 superthranum,
1524 2765 1571 2807 et
1585 2753 1753 2824 Agna.
1772 2751 1931 2807 Salus
1949 2767 2069 2807 om-

486 2852 646 2908 nibus
659 2863 993 2923 quazcunque
1009 2847 1265 2902 tribuitur
1283 2846 1613 2911 hominibus,
1625 2845 1738 2900 sive
1756 2845 1807 2899 in
1821 2858 2066 2914 corpore,

484 2944 601 3000 sive
630 2944 683 2999 in
716 2942 920 3007 anima,
951 2940 1053 3011 ipsi
1080 2947 1163 2995 est
1188 2938 1524 3009 deputanda;
1557 2938 1700 2994 unde
1735 2937 2019 2992 Psalmista
2050 2954 2063 2989 :

483 3038 696 3094 Domini
710 3047 784 3093 est
809 3035 976 3101 salus,
991 3044 1038 3090 et
1053 3052 1208 3106 super
1226 3034 1476 3107 populum
1496 3045 1644 3089 tuum
1670 3035 1955 3089 benedictio
1977 3045 2068 3088 tua

485 3126 657 3202 (Psal.
689 3130 808 3199 ιιι).
841 3127 997 3183 Salus
1025 3127 1136 3183 Dco
1166 3136 1368 3188 nostro,
1419 3126 1471 3181 id
1500 3136 1585 3181 cst
1628 3126 1740 3180 Deo
1778 3125 1925 3179 Patri
1960 3142 1973 3178 :
2014 3133 2071 3179 et

484 3221 659 3295 Agna,
687 3221 739 3276 id
766 3230 851 3276 est
870 3220 965 3275 Dei
997 3218 1152 3285 Filio,
1181 3220 1272 3288 qui
1299 3219 1453 3274 sedet
1483 3231 1645 3288 super
1670 3216 1944 3281 thronum,
1974 3215 2068 3286 qui

486 3317 675 3388 Agnus
707 3313 1008 3385 appellatur
1037 3320 1256 3382 propter
1283 3312 1644 3366 innocentiam
1658 3317 1715 3364 et
1742 3308 2068 3365 victimatio-

485 3420 630 3460 nem.
665 3401 835 3457 Sicuti
865 3408 1044 3455 autem
1076 3399 1165 3454 hic
1190 3399 1485 3455 introducit
1509 3398 1727 3453 Patrem
1768 3406 1824 3454 et
1870 3397 2069 3453 Filium

489 3494 790 3556 sedentem,
820 3500 875 3545 et
905 3487 1227 3558 intelligitur
1250 3486 1486 3558 Spiritus
1516 3498 1757 3554 sanctus,
1795 3489 1870 3542 ita
1905 3502 2069 3558 supe-

485 3588 599 3642 rius
626 3587 719 3641 ubi
751 3586 926 3641 solum
957 3583 1152 3641 Filium
1181 3583 1648 3649 commemoravit,
1668 3583 1835 3638 Pater
1859 3591 1913 3637 et
1948 3582 2070 3653 Spi-

482 3679 620 3732 ritus
652 3685 872 3732 sanctus
916 3678 1124 3748 pariter
1167 3674 1561 3745 intelliguntur.
1596 3673 1724 3727 Tale
1773 3674 1902 3744 quid
1938 3673 2071 3744 legi-

483 3786 605 3825 mus
645 3771 700 3825 in
731 3770 1046 3842 Evangelia,
1085 3769 1314 3825 Domino
1353 3767 1565 3837 dicente
1615 3784 1629 3820 :
1684 3764 1817 3821 Haec
1844 3776 1921 3821 est
1964 3768 2068 3821 vita

482 3873 703 3929 (eterna,
737 3872 791 3917 ut
818 3873 1131 3935 cognoscant
1157 3872 1206 3918 te
1233 3862 1403 3917 Deum
1429 3876 1627 3926 verum,
1658 3869 1705 3914 et
1732 3860 2067 3932 quemmisi-

482 3957 550 4010 sti
569 3956 751 4011 Iesum
774 3953 1040 4010 Christum
1056 3954 1238 4027 (.Iaan.
1259 3953 1413 4025 xvn).
1439 3954 1546 4008 Ista
1573 3962 1656 4009 est
1675 3954 1821 4008 enim
1848 3967 2070 4008 consue-

482 4046 611 4102 tudo
633 4047 826 4103 divina:
853 4045 1168 4117 Scriptum,
1201 4047 1343 4101 sicut
1368 4046 1739 4115 supradictum
1767 4054 1869 4109 cst,
1888 4055 1949 4099 ut
1975 4046 2068 4100 ubi

482 4138 862 4210 ponitPatrem
875 4135 1328 4203 etFilium,simul
1350 4137 1682 4209 intelligatur
1699 4137 1937 4208 Spiritus
1949 4151 2070 4191 san-

482 4242 622 4287 ctus.
657 4232 831 4302 Super
856 4234 1108 4287 thronum
1140 4233 1312 4298 sedet,
1343 4233 1396 4287 id
1432 4240 1517 4288 est
1553 4247 1717 4302 super
1744 4231 2066 4299 Ecclesiam,

484 4338 604 4393 quae
634 4331 718 4378 est
746 4322 902 4379 sedes
930 4323 1050 4391 Dei,
1091 4333 1390 4395 regnatque
1424 4325 1477 4379 in
1521 4323 1777 4379 cordibus
1828 4323 2068 4379 ﬁdelium

485 4414 795 4470 habitando.

559 4507 623 4560 Et
648 4524 823 4562 omnes
859 4507 1031 4578 angeli
1062 4508 1272 4562 stabant
1293 4508 1349 4561 in
1372 4508 1601 4562 circuitu
1629 4510 1800 4563 throni
1824 4519 1874 4564 et
1897 4512 2069 4565 senio-

948 419 1306 497 HAYMONIS
1342 435 1826 494 HALBERSTAT.
1867 434 2085 492 EPlSC.

2125 431 2278 492 OPP.
2317 431 2499 489 PARS
2536 430 2578 487 1.
2614 461 2685 472 -
2716 431 3074 489 COMMENT.
3114 415 3303 490 BIBL:
3646 416 3797 494 ἰωο

2099 549 2151 611 Α
2176 545 2492 603 merabilem
2520 546 2668 617 ipsos
2695 561 2817 602 esse
2844 547 3064 619 angelos
3074 548 3405 619 ostenderet,
3421 546 3795 607 solummodo

2175 654 2364 694 eorum
2406 654 2592 695 casum
2650 649 3062 697 commemorat.
3117 640 3305 713 Neque
3330 643 3479 697 enim
3511 644 3793 701 convenit

2173 739 2235 785 ut
2247 731 2454 803 angelis
2467 731 2818 788 adorantibus
2832 732 3081 788 homines
3097 733 3267 803 rigida
3283 734 3499 790 cervice
3534 743 3787 790 starent.

2169 819 2404 893 Angelos
2427 823 2609 893 itaque
2643 823 2734 878 hic
2758 823 3055 894 accipimus
3082 825 3229 896 ipsos
3258 824 3463 882 electos
3493 827 3605 897 qui
3640 827 3787 883 desi-

2172 922 2407 983 gnantur
2442 928 2541 984 per
2559 914 2748 987 viginti
2785 923 3023 986 quatuor
3061 916 3328 984 seniores,
3357 917 3451 987 qui
3482 926 3656 972 recte
3694 932 3787 972 an-

2171 1006 2275 1077 geli
2297 1016 2579 1074 vocantur,
2605 1008 2733 1078 quia
2759 1008 2927 1063 vitam
2953 1017 3216 1067 attemam
3247 1011 3616 1066 annuuliant;
3658 1010 3783 1064 Ele—

2172 1101 2268 1167 cti,
2298 1111 2357 1155 ut
2380 1101 2640 1169 diximus,
2669 1103 2847 1174 angeli
2889 1111 3035 1169 sunt,
3066 1104 3161 1173 qui
3206 1104 3502 1175 aliquando
3537 1112 3779 1169 stantes,

2173 1192 2461 1264 aliquando
2487 1195 2737 1251 sedentes
2758 1196 3195 1251 introducuntur.
3221 1195 3465 1263 Stantes,
3482 1197 3650 1253 sicut
3666 1198 3778 1253 hic:

2174 1289 2445 1355 sedentes,
2464 1288 2607 1344 sicut
2626 1288 2700 1344 ibi
2719 1307 2732 1343 :
2756 1288 2880 1343 Illic
2893 1289 3139 1345 sederunt
3166 1290 3314 1345 sedes
3340 1292 3397 1344 iu
3418 1290 3652 1360 judicia
3665 1290 3776 1363 (Ps.

2173 1380 2343 1452 cui).
2374 1381 2442 1435 Et
2473 1399 2486 1434 :
2523 1379 2777 1435 Sedebitis
2803 1397 2960 1450 super
2986 1381 3133 1436 sedes
3156 1381 3436 1436 duodecim
3462 1382 3778 1448 iudicantes

2173 1470 2448 1525 duodecim
2460 1472 2625 1526 tribus
2639 1470 2811 1526 Israel
2823 1470 3186 1543 (Matth-xu).
3202 1472 3305 1542 Ipsi
3321 1481 3452 1527 sunt
3467 1488 3524 1527 tn
3544 1474 3775 1528 circuitu

2174 1564 2375 1629 throni,
2391 1566 2517 1634 quia
2540 1564 3127 1629 Ecclesiam'dactrina,
3143 1580 3328 1636 prece,
3343 1565 3615 1635 exemplo
3628 1567 3772 1620 undi-

2173 1672 2280 1727 que
2293 1657 2557 1713 ambiunt.
2576 1656 2644 1711 Et
2657 1657 2953 1713 ceciderunt
2974 1658 3031 1711 in
3043 1667 3319 1727 conspectu
3337 1658 3520 1712 throni
3546 1661 3605 1710 in
3620 1659 3768 1727 facies

2174 1765 2320 1803 suas.
2351 1747 2524 1804 Casus
2560 1748 2660 1804 iste
2708 1748 3033 1804 humilitatis
3088 1748 3347 1803 indicium
3373 1756 3485 1814 est,
3517 1750 3653 1819 quia
3679 1751 3768 1803 ele-

2176 1841 2247 1896 cti
2270 1840 2530 1911 quidquid
2547 1840 2674 1896 boni
2701 1835 2923 1906 habent,
2951 1854 3056 1895 non
3078 1842 3192 1896 suis
3207 1841 3448 1907 meritis,
3466 1842 3570 1897 sed
3595 1845 3765 1914 gratia

2099 1917 2144 1978 Β
2172 1931 2268 1987 Dei
2303 1932 2587 2001 deputant,
2636 1946 2667 1986 a
2697 1948 2808 2002 quo
2835 1932 3018 1988 omnia
3052 1933 3193 1987 bona
3220 1942 3545 2002 sumuntur,
3584 1951 3761 1991 secu-

2168 2022 2299 2078 dum
2326 2024 2489 2079 illud:
2517 2022 2685 2078 Omne
2699 2024 2883 2079 datum
2904 2025 3159 2094 optimum
3181 2035 3227 2079 et
3252 2042 3409 2081 omne
3435 2027 3641 2081 donum
3660 2047 3760 2095 per-

2170 2116 2363 2186 fectum
2411 2117 2685 2172 desursum
2724 2126 2820 2181 est,
2868 2104 3185 2173 descendens
3220 2136 3252 2172 a
3304 2116 3479 2175 Patre
3516 2120 3757 2174 lautitia

2171 2207 2380 2280 (Jacob.
2414 2208 2551 2277 t).Et
2583 2217 2712 2263 nota
2735 2207 2880 2279 quod
2905 2209 3064 2265 electi
3083 2208 3136 2263 in
3158 2207 3379 2275 faciem,
3409 2212 3629 2281 reprobi
3647 2225 3758 2267 vero

2170 2310 2317 2356 retro
2338 2302 2555 2365 cadunt,
2586 2302 2713 2371 quia
2737 2302 2900 2357 electi
2929 2302 3183 2358 videlicet
3208 2303 3265 2357 in
3298 2302 3493 2359 futuro
3516 2305 3614 2360 sibi
3632 2320 3753 2374 pra-

2169 2392 2421 2461 spiciunt,
2461 2391 2675 2461 reprobi
2702 2406 2834 2447 vero
2860 2406 2981 2460 qua:
3002 2405 3097 2447 eos
3147 2392 3202 2446 in
3234 2391 3424 2447 futuro
3446 2402 3734 2464 sequantur,

2167 2486 2452 2557 providere
2473 2485 2767 2556 negligunt.
2788 2484 2867 2551 Et
2895 2484 3245 2539 adaraverunt
3273 2485 3469 2551 Desunt,
3486 2487 3692 2540 dicentes
3711 2505 3733 2544 :

2170 2578 2355 2643 Amen,
2373 2577 2682 2642 benedictio,
2698 2586 2747 2630 et
2770 2576 3008 2641 claritas,
3024 2585 3071 2630 et
3094 2576 3384 2647 sapientia,
3398 2587 3449 2631 et
3477 2580 3747 2648 gratiarum

2168 2669 2325 2734 actio,
2352 2668 2540 2732 honor,
2574 2677 2622 2721 et
2653 2668 2841 2731 uirtus,
2860 2675 2908 2720 et
2933 2665 3187 2736 fortitudo
3221 2666 3338 2722 Dea
3370 2678 3554 2722 nostra
3580 2670 3631 2722 in
3657 2686 3747 2722 sc-

2169 2759 2288 2814 cula
2308 2759 2643 2813 saeculorum.
2677 2760 2860 2812 Amen.
2894 2757 3021 2813 Hasc
3057 2758 3244 2813 omnia
3292 2773 3427 2813 cum
3466 2761 3752 2829 pertineant

2169 2853 2236 2907 ad
2266 2860 2508 2907 sanctam
2542 2850 2886 2915 Trinitatem,
2907 2865 3028 2919 quae
3058 2865 3197 2904 unus
3226 2857 3281 2905 et
3298 2864 3475 2904 verus
3500 2860 3585 2905 est
3606 2851 3748 2914 Dens,

2169 2944 2478 3017 specialiter
2513 2950 2694 2998 tamen
2724 2943 2791 2997 ad
2823 2942 3092 2997 incantati
3110 2940 3272 2996 Verbi
3294 2955 3601 3010 personam
3626 2940 3749 2995 rele-

2171 3047 2386 3103 runtur,
2416 3045 2471 3092 et
2498 3034 2792 3091 inﬁdelium
2820 3049 2917 3089 ora
2937 3032 3250 3089 Iudaeorum
3286 3033 3399 3088 hac
3438 3033 3749 3088 auctoritate

2169 3129 2511 3185 clauduntur.
2534 3126 2638 3196 lpsi
2669 3126 2814 3180 enim
2857 3126 3044 3181 dicunt
3069 3125 3318 3180 Christus
3363 3134 3560 3180 vester
3606 3136 3752 3195 purus

2172 3224 2334 3278 homo
2393 3220 2513 3275 l‘uit.
2568 3218 2678 3275 Nec
2710 3218 2967 3283 mendax,
3013 3216 3110 3272 sed
3145 3216 3288 3271 Deus
3324 3226 3387 3270 et
3428 3215 3602 3272 homo
3655 3230 3741 3270 una

2174 3315 2397 3377 veritas,
2427 3313 2567 3382 quod
2590 3321 2751 3367 sonat
2775 3324 2955 3373 amen,
2997 3307 3125 3377 quia
3148 3322 3307 3362 amen
3340 3306 3555 3361 dicitur
3589 3320 3753 3361 veru

2174 3406 2261 3461 vel
2291 3405 2540 3461 ﬁdeliter.
2571 3404 2674 3474 Ipsi
2706 3402 2875 3457 etiam
2917 3401 3140 3455 dicunt:
3172 3397 3493 3454 Maledictio
3529 3397 3755 3470 congruit

2171 3497 2451 3562 cruciﬁxo,
2477 3495 2603 3566 quia
2632 3492 2939 3548 maledictus
2978 3492 3133 3545 hama
3179 3489 3271 3561 qui
3312 3490 3516 3561 pendet
3548 3492 3605 3544 in
3631 3490 3751 3560 ligno

2173 3590 2351 3662 (Deut.
2391 3586 2529 3660 χχι).
2555 3585 2663 3641 Nos
2689 3599 2722 3640 e
2746 3582 3021 3639 contrario
3037 3580 3293 3644 dicimus,
3315 3581 3472 3651 quod
3502 3580 3637 3635 nulli
3661 3592 3754 3632 tite-

2170 3681 2275 3736 lius
2293 3678 2545 3735 convenit
2563 3676 2888 3737 benedictio,
2903 3688 3067 3745 quain
3089 3672 3168 3727 illi
3191 3672 3285 3743 qui
3309 3671 3670 3727 maledictum
3691 3670 3752 3724 le-

2170 3777 2254 3849 gis
2317 3772 2541 3829 abstulit
2584 3787 2618 3827 a
2673 3770 2873 3837 nobis,
2940 3776 2996 3823 et
3041 3765 3488 3823 benedictionem
3543 3764 3751 3820 Ahrah:

2171 3868 2239 3923 ad
2280 3874 2468 3939 gentes
2508 3863 2793 3935 pervenire
2819 3860 2967 3918 fecit.
3009 3859 3115 3931 Ipsi
3147 3872 3369 3929 quoque
3391 3858 3590 3914 dicunt
3616 3876 3629 3910 :
3654 3856 3753 3910 Non

2170 3960 2424 4019 convenit
2455 3958 2663 4017 homini
2690 3965 2906 4013 mortuo
2953 3953 3192 4017 claritas,
3219 3951 3317 4008 sed
3350 3951 3454 4007 soli
3488 3952 3606 4007 Deo
3630 3951 3752 4004 vivo.

2171 4052 2338 4108 Nose
2371 4049 2649 4106 contrario
2703 4047 2934 4104 dicimus
2991 4044 3196 4102 nemini
3243 4044 3427 4113 magis
3466 4058 3641 4113 quam
3690 4039 3755 4095 ilﬁ

2172 4143 2546 4199 ascribendant
2572 4140 2898 4205 claritatem,
2939 4138 3067 4209 quia
3118 4137 3174 4191 in
3218 4135 3517 4191 divinitate
3549 4146 3755 4191 maneas

2151 4217 2286 4307 .ipse
2305 4244 2389 4291 est
2412 4234 2753 4290 auctorlncis
2777 4239 3013 4297 aeterna,
3040 4238 3096 4287 et
3121 4227 3466 4284 humanitate
3490 4229 3566 4283 ad
3585 4230 3755 4283 horam

2176 4336 2446 4391 mortuus,
2490 4327 2647 4381 tertia
2688 4325 2776 4380 dic
2804 4324 3040 4380 surrexit
3066 4337 3165 4392 per
3188 4320 3421 4392 gloriam
3470 4320 3677 4383 Patris.
3712 4327 3759 4374 et

2177 4427 2258 4474 est
2313 4417 2389 4472 illi
2419 4416 2639 4473 claritas
2668 4414 3091 4484 compartireps,
3137 4420 3193 4467 et
3237 4412 3377 4466 vivit
3424 4411 3755 4467 tte-sedetis

2170 4510 2393 4567 dextera
2422 4510 2513 4565 Dei
2540 4508 2741 4564 Patris.
2766 4507 2869 4577 Ipsi
2902 4505 3252 4561 nihilominus
3274 4505 3468 4559 dicunt
3504 4522 3521 4558 :
3552 4504 3668 4559 Non
3692 4510 3757 4556 est
3836 4565 3843 4576 ο

486 4613 601 4649 rum
630 4607 678 4651 et
705 4608 929 4669 quatuor
968 4599 1301 4654 animalium.
1347 4598 1500 4666 Quod
1544 4609 1669 4655 sunt
1712 4601 1915 4668 throni,
1966 4604 2067 4658 hoc
2098 4633 2147 4694 υ
2173 4613 2352 4659 vester
2388 4601 2637 4658 Christus
2683 4599 2772 4653 illa
2819 4597 3109 4668 sapientia,
3150 4610 3272 4665 qnze
3320 4595 3557 4665 attingit
3594 4613 3625 4647 a
3671 4594 3758 4646 line

484 4695 611 4739 sunt
637 4686 897 4752 seniores,
929 4689 1032 4742 hoc
1060 4695 1113 4742 et
1152 4697 1387 4758 quatuor
1449 4690 1725 4746 animalia.
1779 4691 1963 4748 Genus
2013 4694 2068 4750 in

484 4790 681 4846 genere
705 4787 791 4833 est
816 4777 869 4832 in
899 4778 1001 4834 hoc
1032 4778 1169 4845 loco,
1218 4780 1359 4836 sicut
1387 4780 1614 4853 legimus
1639 4798 1801 4852 supra
1833 4786 1900 4839 de
1943 4799 2070 4840 arca

484 4877 540 4923 et
565 4867 637 4922 de
665 4876 788 4923 octo
815 4868 1118 4924 animabus.
1150 4868 1392 4925 Ecclesia
1423 4872 1566 4926 enim
1597 4881 1820 4942 propter
1850 4873 2067 4929 diversa

482 4958 662 5014 ofﬁcia
715 4961 947 5016 diversis
989 4961 1163 5016 modis
1220 4963 1558 5031 exprimitur.
1620 4964 1757 5030 Quia
1791 4964 1935 5019 enim
1963 4965 2069 5020 Do-

485 5051 666 5105 minus
712 5049 764 5104 in
833 5050 1072 5105 Ecclesia
1130 5067 1398 5124 regnans,
1468 5054 1817 5125 singulariter
1869 5069 2066 5113 cuncta

484 5142 781 5207 examinat,
814 5151 960 5197 recte
1009 5159 1108 5214 per
1155 5160 1322 5199 unum
1388 5146 1640 5201 thronum
1690 5147 2007 5220 designatur
2051 5166 2064 5202 :

475 5236 609 5303 quia
674 5250 803 5289 vero
861 5235 975 5305 ipsa
1028 5236 1267 5292 Ecclesia
1316 5238 1368 5291 in
1414 5238 1593 5307 capite
1666 5253 1763 5293 suo
1828 5239 2064 5295 aliorum

486 5322 629 5379 facta
667 5324 891 5394 iudicat,
935 5339 1080 5382 recte
1122 5342 1219 5397 per
1256 5329 1497 5383 seniores
1531 5329 1696 5398 :quia
1728 5345 1943 5400 quoque
1972 5347 2069 5400 pa-

485 5417 632 5471 scuis
664 5418 966 5474 virentibus
994 5434 1092 5488 per
1121 5419 1304 5485 ﬁdem,
1318 5419 1431 5488 jam
1460 5421 1513 5474 in
1544 5420 1865 5489 quibusdam
1896 5438 2070 5477 ment-

488 5505 602 5560 bris
622 5507 870 5575 inhaeret,
908 5510 961 5564 in
989 5509 1311 5579 quibusdam
1355 5526 1487 5566 vero
1517 5526 1614 5579 per
1651 5527 1799 5581 spem
1850 5512 2066 5583 fruitur,

488 5593 627 5651 bene
665 5612 762 5668 per
801 5598 1094 5655 animalia:
1125 5601 1252 5671 quia
1300 5602 1414 5656 haec
1457 5610 1683 5657 ventura
1727 5605 2070 5675 praedicando

488 5688 796 5755 annuntiat,
828 5699 1012 5760 aperte
1037 5708 1136 5762 per
1162 5693 1382 5765 angelos
1412 5708 1428 5748 :
1452 5695 1579 5765 quia
1606 5696 1769 5752 etiam
1796 5710 1863 5749 ex
1889 5695 2071 5753 diver-

489 5779 566 5834 sis
587 5780 836 5849 gentibus
862 5792 1204 5856 aggregatur,
1243 5786 1365 5854 jure
1390 5802 1488 5856 per
1524 5790 1736 5844 turbam
1782 5787 2065 5859 ﬁguratur.

494 5867 535 5929 ι
545 5870 649 5925 nde
662 5880 906 5930 etauctor
921 5875 1075 5945 hujus
1094 5877 1436 5935 revelationis
1452 5887 1507 5933 ut
1523 5880 1660 5935 hanc
1677 5879 1887 5953 turbant
1912 5880 1963 5947 in
1971 5896 2068 5942 nu-

2183 4711 2353 4768 usque
2388 4696 2454 4750 ad
2485 4694 2648 4748 tinent
2679 4690 2910 4755 fortiter,
2958 4690 3214 4760 quoniam
3262 4688 3534 4757 parvulus
3576 4703 3644 4743 ex
3678 4703 3760 4739 uo-

2179 4796 2290 4843 stra
2319 4799 2504 4841 sorore
2529 4791 2691 4838 natus
2714 4789 2817 4847 est,
2863 4791 2918 4835 et
2957 4796 3052 4850 per
3094 4779 3432 4834 incrementa
3464 4786 3757 4848 temporum

2177 4876 2445 4947 sapientia
2492 4883 2551 4929 ut
2582 4875 2743 4929 homo
2782 4870 3031 4942 profecit.
3074 4868 3183 4923 Nos
3219 4876 3449 4923 econtra
3487 4867 3752 4922 dicimus:

2177 4968 2291 5023 Non
2317 4976 2400 5022 est
2444 4965 2535 5020 illa
2565 4963 2827 5035 sapientia
2858 4976 3016 5032 passa
3045 4959 3436 5015 detrimentum
3472 4958 3531 5012 in
3566 4972 3758 5012 assum-

2173 5070 2265 5130 pto
2294 5059 2537 5123 homine,
2578 5070 2698 5109 cum
2747 5054 2887 5109 idem
2913 5052 3211 5109 secundum
3237 5049 3383 5120 quod
3427 5051 3601 5106 homo
3633 5058 3759 5108 erat,

2175 5149 2402 5222 profecit
2443 5147 2727 5219 sapientia,
2778 5147 2873 5202 sed
2930 5146 3101 5216 magis
3151 5144 3263 5199 haec
3306 5145 3375 5199 ab
3420 5144 3514 5198 illa
3556 5152 3759 5213 sumpta

2175 5242 2373 5297 mansit
2397 5255 2501 5294 una
2534 5239 2823 5309 sapientia,
2862 5252 2967 5306 qua
2994 5237 3258 5307 sapientia
3288 5236 3533 5292 mundus
3561 5247 3649 5291 est
3690 5233 3761 5287 fa-

2174 5343 2314 5397 ctus,
2344 5341 2399 5388 et
2425 5339 2761 5387 restauratus
2789 5330 2951 5384 homo
2980 5331 3049 5384 de
3077 5338 3223 5383 terra
3251 5335 3498 5389 creatus,
3525 5329 3597 5383 de
3628 5338 3762 5381 terra

2176 5426 2244 5480 ad
2284 5424 2481 5479 ccelunt
2522 5421 2851 5477 sublevatus.
2879 5420 2984 5492 Ipsi
3021 5420 3210 5475 dicunt
3243 5437 3255 5471 :
3284 5417 3442 5473 Nulla
3464 5420 3515 5475 ei
3538 5420 3764 5475 debetur

2177 5517 2473 5588 gratiarum
2518 5514 2661 5570 actio
2704 5529 2802 5585 pro
2843 5514 3017 5570 salute
3068 5513 3396 5577 animarum,
3430 5513 3565 5583 quia
3614 5527 3764 5568 suam

2181 5607 2296 5676 ipse
2324 5607 2554 5661 liberare
2588 5623 2694 5661 non
2723 5606 2940 5677 potuit:
2972 5620 3070 5660 nos
3093 5614 3320 5659 econtra
3347 5622 3361 5658 :
3393 5603 3537 5659 Nulli
3567 5618 3765 5659 conve-

2178 5700 2414 5754 nientius
2434 5713 2597 5769 quam
2618 5698 2697 5753 illi
2718 5698 2947 5753 debetur
2967 5696 3264 5769 gratiarum
3289 5696 3459 5761 actio,
3484 5697 3580 5765 qui
3606 5706 3670 5751 ut
3688 5692 3766 5748 al-

2176 5789 2344 5845 l‘erret
2374 5790 2601 5845 salutem
2649 5789 2954 5844 animarum
2985 5796 3311 5852 nostrarum,
3350 5789 3573 5858 propria
3612 5797 3765 5858 pote-

2176 5889 2313 5936 state
2370 5880 2534 5936 voluit
2580 5879 2818 5936 animant
2870 5894 3070 5951 ponere
3099 5896 3113 5934 :
3139 5879 3285 5952 quod
3314 5880 3360 5937 si
3395 5878 3589 5941 nollet.
3621 5893 3765 5937 mut-
