3972 6432
228 430 363 489 1041

223 638 395 695 mittit
423 637 682 692 honorem
728 636 941 692 deitatis
967 634 1041 690 illi
1075 634 1296 700 ascribi,
1329 634 1422 702 qui
1449 632 1807 703 exprobratur

225 729 440 795 irrisus,
471 736 782 800 contemptu
813 728 1005 799 dignus
1039 726 1255 781 habitus
1280 732 1381 780 est.
1421 724 1489 780 Et
1515 739 1616 779 nos
1642 737 1803 777 econo

224 828 341 877 tra:
375 819 480 875 Per
513 820 618 875 hoc
646 835 678 874 a
708 819 863 875 nobis
908 818 1125 890 dignius
1170 815 1517 871 honorandus
1541 823 1645 879 est,
1677 812 1804 884 quia

161 972 171 979 ,
222 927 323 983 pro
346 913 504 968 nobis
532 911 751 981 indigna
794 909 1067 965 sustinuit.
1113 908 1218 978 Ipsi
1259 907 1420 963 etiam
1453 905 1806 960 nihilominus

156 988 172 1051 ἕ
222 1003 411 1060 dicunt
440 1003 585 1059 :Non
611 1002 713 1057 fuit
733 1001 981 1058 Christus
1008 1008 1212 1056 aeterna
1237 998 1408 1051 virtus
1436 1007 1491 1051 et
1520 996 1801 1063 fortitudo,

221 1095 350 1166 quia
384 1094 576 1150 lassari
597 1094 774 1165 potuit
795 1109 864 1149 ex
889 1092 1104 1148 itinere.
1130 1088 1239 1145 Nos
1266 1096 1489 1144 econtra
1514 1088 1805 1157 responde-

220 1200 366 1250 mus,
385 1184 519 1253 Quia
534 1186 673 1256 quod
696 1185 962 1254 inﬁrmum
976 1190 1050 1236 est
1071 1180 1190 1246 Det,
1210 1180 1396 1248 fortius
1412 1190 1485 1234 est
1508 1180 1802 1234 hominibus

221 1274 277 1348 (1
305 1274 428 1331 Cor.
469 1275 531 1347 ι).
565 1276 710 1331 lllius
736 1276 878 1330 enim
907 1271 1195 1328 inﬁrmitas
1232 1281 1402 1327 totam
1432 1272 1617 1326 mundi
1650 1271 1803 1326 furti-

156 1346 160 1361 1
219 1346 473 1436 tudinem,
491 1346 566 1424 ac
589 1369 842 1423 virtutem
867 1365 1181 1437 prostravit.

291 1459 361 1514 Et
388 1459 705 1530 respondens
736 1474 869 1512 unus
911 1456 975 1510 de
1019 1454 1313 1511 senioribus
1346 1454 1479 1509 dixit
1520 1453 1691 1506 mihi:
1729 1450 1801 1507 Ili

215 1553 311 1625 qui
336 1552 514 1606 amicti
535 1560 655 1607 sunt
681 1549 829 1605 stolis
855 1548 1009 1613 albis,
1034 1548 1124 1618 qui
1144 1557 1265 1601 sunt
1296 1556 1345 1602 et
1371 1546 1510 1602 unde
1527 1545 1804 1602 uenerunt?

1149 426 1511 486 EXPOSITIO
1550 425 1616 482 1N
1644 422 2152 481 ’APOCALYPSIN.
2193 458 2264 467 —
2300 425 2427 481 LIB.
2470 422 2532 480 ll.

224 561 392 617 quam
425 554 666 614 poneret.
717 544 819 615 lpsi
867 544 1028 600 etiam
1083 542 1270 597 dicunt
1300 560 1313 596 :
1346 540 1499 595 Nulla
1521 540 1658 595 ratio
1684 554 1805 608 ραι*-
1832 537 1885 599 Λ
1912 537 2257 594 tribulatione
2304 556 2527 611 magna,
2573 540 2677 595 hoc
2713 547 2826 606 est,
2870 539 3298 597 adversitatibus
3334 541 3498 612 hujus
3584 588 3589 591 Α

3353 419 3496 481 1042

1912 631 2118 697 saeculi,
2151 633 2305 702 juxta
2352 634 2495 702 quod
2543 633 2833 704 Apostolus
2875 634 2953 689 ait
2983 651 2998 687 :
3030 632 3244 703 Oportet
3285 650 3380 689 nos
3404 628 3497 705 per

1909 723 2102 778 multas
2122 722 2485 778 tribulationes
2504 725 2722 779 introire
2746 725 2803 779 in
2824 741 3038 795 regnum
3062 722 3163 778 Dei
3183 723 3321 795 (Act.
3343 724 3491 794 xxv);

1909 823 1966 871 et
2006 815 2292 871 Psalmista
2323 835 2336 868 :
2373 815 2556 870 Multa:
2598 816 2963 873 tribulationes
2996 818 3268 888 justorum
3309 816 3484 887 (Psal.

1910 906 2130 979 xxxnt).
2176 905 2399 976 Magnas
2443 907 2640 977 quippe
2683 907 2856 963 sancti
2891 907 3267 963 tribulationes
3318 906 3493 978 perte-

1907 1004 2039 1052 runt
2059 1035 2077 1062 ,
2129 996 2254 1052 dum
2280 996 2415 1051 alios
2441 996 2630 1067 jugulo
2659 998 2853 1052 stravit
2877 998 3088 1066 gladius
3105 1038 3119 1062 ,
3148 998 3285 1053 alios
3310 999 3494 1054 crucis

1905 1086 2148 1159 patibulo
2177 1086 2363 1154 aﬂixit,
2398 1087 2534 1143 alios
2560 1087 2613 1141 in
2642 1082 2701 1142 se
2719 1088 2992 1158 subjectos
3015 1104 3155 1159 aqua
3184 1088 3486 1149 absorbuit.

1905 1179 2039 1234 alios
2064 1180 2201 1234 edax
2224 1178 2440 1234 ﬂamma
2485 1180 2837 1250 consumpsit.
2864 1179 2975 1235 Nec
3009 1181 3181 1236 solum
3218 1183 3492 1251 pertinent

1903 1273 1974 1328 ad
2000 1273 2142 1327 hanc
2169 1271 2413 1343 gloriam,
2463 1272 2554 1341 qui
2600 1270 2929 1340 ejnscemodi
2976 1275 3333 1343 corporaliter
3380 1283 3490 1329 tor-

1901 1370 2085 1419 menta
2113 1361 2414 1432 perferunt,
2445 1363 2538 1417 sed
2553 1372 2606 1417 et
2635 1363 2729 1426 illi,
2759 1363 2850 1433 qui
2879 1362 2932 1417 in
2959 1362 3109 1433 pacis
3137 1374 3376 1434 tempore
3400 1365 3490 1435 pie

1900 1452 2084 1508 vivere
2111 1453 2165 1507 in
2203 1451 2421 1508 Christo
2459 1454 2704 1523 cupiunt,
2744 1461 2799 1509 et
2829 1454 3267 1524 persecutionum
3295 1470 3490 1526 oppro-

1899 1546 2042 1611 bria,
2071 1546 2458 1616 irrisionesque
2481 1545 2712 1601 aliorum
2735 1562 2833 1617 pro
2852 1546 3068 1603 Christo
3088 1549 3374 1615 sustinent,
3401 1549 3488 1605 vel

217 1652 269 1699 et
305 1643 417 1698 dixi
450 1642 529 1697 illi
570 1661 581 1698 :
616 1641 838 1696 Domine
884 1640 978 1705 mi,
1026 1649 1083 1692 tu
1127 1640 1250 1693 scis.
1296 1637 1476 1705 Quare
1519 1638 1673 1702 dicit,
1709 1652 1796 1692 re-
1893 1636 2100 1709 jejunia
2128 1638 2426 1702 adhibent,
2462 1637 2655 1709 vigiliis
2683 1638 2967 1704 insistunt,
3010 1639 3286 1694 orationes
3307 1640 3488 1694 multi-

215 1734 489 1804 spondens
518 1746 533 1784 :
569 1731 713 1785 nulla
745 1718 1165 1800 interrogatione
1193 1728 1799 1800 praemissa?Consueto

214 1838 371 1879 more
398 1820 691 1893 Scripturae
710 1821 967 1891 loquitur,
996 1836 1117 1891 qua:
1146 1820 1284 1876 solet
1308 1820 1627 1890 plerumque
1651 1819 1798 1875 nullo

1898 1730 2103 1802 plicant
2123 1772 2138 1797 ,
2175 1731 2479 1786 voluntates
2514 1728 2764 1799 proprias
2789 1728 2968 1799 gladio
2994 1731 3247 1800 praecepti
3278 1731 3487 1785 interﬁ-

1900 1821 2080 1886 ciunt,
2125 1821 2312 1890 sicque
2355 1835 2482 1876 suas
2517 1818 2712 1883 stolas,
2750 1819 2852 1873 hoc
2887 1827 3002 1883 est,
3047 1836 3144 1874 sua
3174 1836 3397 1891 corpora
3430 1820 3483 1876 in

213 1913 615 1984 interrogante,
648 1912 721 1966 ita
753 1911 1126 1982 respondentis
1148 1925 1282 1966 voce
1308 1909 1551 1980 proferre
1580 1918 1802 1966 senten-
1830 1898 1878 1958 Β
1905 1912 2167 1984 sanguine
2182 1911 2303 1982 agni
2328 1909 2671 1971 candificant.
2705 1911 2832 1964 dum
2859 1909 3083 1976 Christi,
3112 1912 3306 1981 capitis
3329 1913 3482 1967 vide-

114 2016 117 2019 ‘
211 2004 370 2061 tiam.
412 2003 567 2060 Unde
607 2004 660 2060 in
699 2003 992 2074 Evangelia
1028 2003 1255 2075 legimus
1296 2005 1422 2074 quia
1470 2004 1802 2075 respondens

210 2094 376 2152 Iesus
404 2097 587 2153 dixit:
625 2095 921 2166 Conﬁtebor
948 2097 1072 2161 tibi,
1123 2097 1360 2163 Domine,
1406 2095 1570 2151 Pater
1616 2097 1731 2152 coeli
1751 2108 1801 2152 et

212 2193 372 2241 terra:
397 2185 609 2267 (Matth.
639 2190 739 2256 xi).
773 2186 842 2241 Et
869 2186 996 2241 alibi
1026 2185 1279 2258 legimus,
1309 2187 1434 2258 quia
1466 2187 1801 2257 respondens

212 2277 440 2350 angelus
491 2278 629 2333 dixit
679 2278 996 2333 mulieribus
1045 2296 1058 2331 :
1112 2277 1292 2333 Nolite
1349 2280 1530 2333 timere
1579 2278 1794 2349 (Matth.

211 2369 410 2442 xxvnt)
429 2410 446 2436 ,
469 2369 615 2425 nulla
645 2371 1065 2442 interrogatione
1089 2370 1328 2441 ipsarum
1352 2371 1639 2427 mulierum
1662 2386 1799 2441 prte—

209 2462 401 2517 missa.
432 2460 547 2517 Hoc
574 2471 752 2517 autem
788 2461 844 2517 in
873 2460 976 2517 hac
1017 2460 1346 2517 revelatione
1376 2461 1536 2517 unius
1570 2462 1800 2518 senioris

210 2553 496 2623 responsio
512 2552 976 2635 dissimilitudinis
1025 2551 1188 2608 habet
1231 2567 1298 2608 ex
1343 2552 1473 2620 illis,
1530 2554 1655 2623 quia
1696 2554 1797 2610 ista

209 2644 600 2714 interrogativa
626 2651 730 2708 est,
762 2642 854 2697 illa
881 2642 1190 2698 indicativa.
1217 2643 1357 2711 Quid
1388 2643 1569 2716 itaque
1598 2645 1650 2699 in
1680 2660 1790 2700 uno

207 2740 427 2796 seniore
472 2740 793 2810 accipimus,
837 2738 939 2794 nisi
981 2738 1221 2795 ordinem
1259 2739 1645 2810 prophetarum
1672 2742 1794 2797 uni—

207 2838 384 2887 tatem
422 2831 665 2887 omnium
692 2829 1145 2901 praedicandum?
1171 2828 1372 2900 Viginti
1390 2839 1625 2901 quatuor
1652 2832 1796 2887 enim

204 2923 455 2979 seniores
480 2933 703 2995 propter
742 2936 1029 2978 numerum
1065 2922 1294 2977 duorum
1329 2931 1794 2990 testamentorum,

203 3013 305 3085 qui
335 3014 664 3070 duodenario
693 3011 964 3084 duplicato
987 3026 1213 3067 numero
1237 3012 1292 3067 in
1318 3011 1599 3067 duodecim
1622 3014 1795 3067 tribu-

203 3106 315 3162 bus
346 3113 401 3159 et
429 3104 711 3162 duodecim
744 3096 1004 3174 apostolis
1039 3104 1448 3173 exprimuntur,
1485 3102 1681 3174 saepius
1706 3103 1797 3157 hic

202 3196 640 3268 frequentantur.
661 3196 720 3251 In
745 3210 851 3252 uno
876 3209 1007 3251 vero
1034 3194 1248 3250 seniore
1274 3194 1454 3249 unitas
1483 3194 1796 3249 earumdem

205 3257 678 3346 testamentorum.
713 3285 804 3343 Vel
830 3293 978 3342 certe
1002 3285 1183 3342 senior
1205 3285 1320 3356 ipse
1343 3284 1614 3341 seniorum
1633 3325 1648 3350 ,
1689 3283 1795 3339 Do-
1822 3257 1869 3321 (ἶ

204 3382 393 3439 minus
418 3380 673 3435 videlicet
714 3378 1130 3450 praedicatorum
1157 3377 1484 3449 designatur.
1530 3374 1652 3432 Ideo
1699 3392 1794 3431 au-

208 3482 322 3530 tem
348 3474 646 3544 interrogat
669 3470 883 3535 senior,
914 3477 976 3525 ut
1008 3478 1218 3540 quaerat
1241 3467 1480 3524 Joannes
1502 3510 1516 3535 ,
1545 3482 1795 3540 quaerens

208 3550 426 3630 audiat,
478 3561 701 3619 audiens
731 3560 1031 3631 intelligat,
1077 3560 1383 3631 intelligens
1418 3561 1489 3616 ad
1532 3559 1793 3616 imitanda

213 3669 334 3724 quae
363 3654 593 3725 quaerit,
632 3653 979 3723 semetipsum
1021 3651 1300 3709 accendat.
1326 3651 1569 3723 Denique
1604 3662 1791 3713 osten-

212 3745 416 3800 duntur
441 3744 489 3800 ei
525 3744 707 3800 amicti
738 3745 890 3799 stolis
919 3744 1077 3810 albis,
1108 3754 1169 3800 ut
1189 3744 1351 3799 talem
1379 3746 1645 3811 habitum,
1681 3747 1787 3802 tale

213 3835 562 3905 concupiscat
594 3833 987 3889 indumentum.
1025 3832 1132 3889 Sed
1165 3834 1348 3889 statim
1384 3837 1679 3904 requiritur
1702 3838 1796 3906 qui

218 3926 358 3988 sint,
389 3933 483 3978 aut
517 3923 658 3978 unde
680 3923 963 3989 venerint,
993 3932 1260 3994 quatenus
1302 3922 1508 3979 scilicet
1535 3924 1580 3978 si
1606 3925 1721 3981 vult
1741 3926 1797 3981 in

218 4012 406 4069 talium
438 4014 673 4071 transire
718 4028 1027 4081 numerum,
1080 4014 1207 4069 dum
1257 4014 1407 4068 audit
1445 4014 1538 4084 qui
1580 4014 1691 4069 sint
1743 4024 1799 4072 et

215 4108 360 4162 unde
382 4107 652 4174 venerint,
680 4106 894 4163 studeat
926 4106 1047 4163 talis
1072 4121 1213 4173 esse,
1242 4106 1430 4177 quales
1459 4106 1577 4161 illos
1602 4090 1794 4175 cernit,

213 4206 430 4268 satagat
473 4197 597 4252 inde
641 4198 856 4263 venire,
903 4197 1045 4252 unde
1086 4195 1218 4251 alios
1261 4195 1448 4251 venire
1495 4197 1792 4267 cognoscit.

215 4285 356 4357 Quid
382 4303 510 4344 vero
530 4288 637 4343 sint
660 4287 811 4344 stola:
832 4287 987 4352 albaa,
1010 4286 1172 4357 paulo
1195 4285 1444 4356 superius
1468 4286 1669 4341 dictum
1690 4296 1791 4342 est.

214 4382 441 4439 Dicatur
469 4381 632 4453 igitur
662 4394 677 4434 :
707 4379 769 4435 lli
814 4381 903 4451 qui
950 4380 1137 4435 amicti
1171 4388 1298 4435 sunt
1331 4378 1483 4434 stolis
1511 4378 1674 4446 albis,
1704 4380 1797 4451 qui

215 4482 345 4531 sunt
362 4484 417 4531 et
444 4475 583 4529 unde
604 4473 902 4529 venerunt?
924 4489 989 4528 ac
1013 4473 1059 4528 si
1084 4472 1469 4543 praedicatores
1491 4475 1688 4537 sancti,
1712 4472 1798 4528 vel

215 4567 474 4624 Dominus
529 4566 943 4636 praedicatorum
985 4564 1090 4635 piis
1145 4564 1482 4620 auditoribus
1531 4564 1733 4620 diceret
1776 4582 1789 4619 :

215 4657 492 4729 Quotquot
536 4666 662 4713 ante
707 4659 893 4713 mundi
941 4656 1380 4714 constitutionem
1428 4656 1586 4712 electi
1643 4666 1789 4723 sunt,

214 4750 460 4824 nunquid
497 4757 767 4805 amatores
790 4750 975 4805 mundi
1000 4749 1162 4806 sunt?
1189 4750 1431 4819 nunquid
1458 4749 1792 4820 voluptatum

213 4858 436 4899 suarum
476 4842 808 4899 sectatores?
834 4843 1077 4913 nunquid
1104 4858 1203 4914 per
1231 4843 1335 4899 iter
1362 4842 1652 4914 voluptatis
1681 4859 1795 4898 am-

211 4932 572 4989 bulaverunt?
599 4933 681 4988 Ad
716 4933 835 4989 haec
855 4948 978 4989 cum
1006 4931 1243 4989 Joannes
1278 4948 1345 4988 ex
1368 4948 1602 5005 persona
1630 4932 1809 4989 bono»

213 5042 335 5080 rmn
362 5026 664 5081 auditorum
686 5025 777 5079 uni
807 5024 1081 5080 seniorum
1099 5023 1375 5094 respondit
1405 5042 1417 5078 :
1447 5024 1671 5079 Domine
1697 5024 1793 5090 mi,

212 5125 273 5171 tu
319 5118 490 5183 nosti,
520 5130 735 5172 rursum
763 5116 853 5171 ille
878 5131 946 5172 ex
971 5130 1201 5190 persona
1227 5115 1442 5171 Domini
1474 5115 1559 5169 vel
1596 5115 1791 5185 praedi-

213 5217 461 5266 catorum
488 5207 603 5277 ejus
630 5210 913 5265 subinfert.

290 5300 363 5356 Hi
391 5311 509 5356 sunt
535 5301 624 5371 qui
646 5311 888 5356 venerunt
911 5301 974 5357 de
998 5298 1332 5356 tribulatione
1350 5314 1566 5370 magna,
1593 5307 1642 5352 et
1664 5297 1800 5353 laue-

211 5402 337 5450 runt
364 5392 525 5449 stolas
547 5409 692 5458 suas,
708 5402 753 5445 et
782 5392 1150 5448 dealbaverunt
1171 5408 1259 5446 eas
1287 5391 1341 5445 in
1361 5390 1613 5461 sanguine
1637 5390 1792 5462 Agni.

213 5488 380 5560 Cujus
403 5487 655 5544 videlicet
674 5501 779 5541 vox
809 5493 920 5541 toto
950 5486 1053 5540 isto
1081 5495 1325 5556 tempore
1347 5499 1444 5555 per
1480 5499 1577 5538 ora
1603 5483 1797 5551 docen-

214 5582 351 5639 tium
370 5581 496 5637 talia
510 5580 729 5645 clamat,
756 5577 883 5633 talia
911 5578 1188 5648 praedicat.
1223 5576 1377 5633 Unde
1404 5574 1530 5630 etin
1550 5590 1616 5631 eo
1643 5574 1788 5645 quod

214 5674 347 5732 dicit
384 5689 398 5728 :
431 5671 704 5728 Venerunt
742 5671 904 5725 trium
941 5679 1238 5740 temporum
1280 5683 1547 5724 summam
1577 5668 1793 5724 conclu-

213 5766 327 5832 dit,
362 5766 621 5836 praeteriti
662 5763 902 5828 scilicet,
930 5764 1210 5833 praesentis
1231 5803 1247 5828 ,
1275 5770 1329 5817 et
1372 5760 1571 5826 futuri,
1598 5776 1696 5832 pro
1726 5776 1792 5817 eo

214 5862 358 5928 quod
380 5867 483 5924 est,
513 5866 800 5924 venerunt,
833 5857 1072 5923 veniunt,
1102 5865 1264 5921 atque
1302 5853 1511 5910 venturi
1540 5863 1685 5908 sunt.
1715 5854 1791 5909 De

1819 4616 1872 4677 D

1900 2002 2025 2060 licet
2050 2005 2153 2071 sui,
2182 2004 2461 2059 imitantur
2481 2002 2748 2072 exempla,
2764 2003 2848 2056 vel
2873 2019 2969 2072 pro
2994 2003 3082 2059 illo
3102 2006 3373 2075 patiendo,
3397 2007 3483 2061 vel

1900 2096 2126 2151 aliorum
2155 2097 2336 2152 illatas
2370 2096 2727 2152 contumelias
2754 2096 3029 2165 patientur
3059 2096 3361 2163 tolerando,
3392 2097 3479 2153 vel

1900 2190 2217 2260 semctipsos
2251 2189 2399 2245 vitiis
2424 2197 2479 2244 et
2500 2187 2954 2258 concupiscentiis
2980 2188 3376 2244 mortiﬁcando.

1972 2280 2101 2335 Ideo
2140 2292 2259 2335 sunt
2304 2289 2426 2334 ante
2448 2280 2693 2333 thronum
2733 2277 2859 2344 Dei,
2889 2289 2936 2332 et
2980 2281 3206 2334 serviunt
3235 2280 3282 2334 ei
3309 2280 3392 2334 die
3422 2297 3484 2335 ac

1900 2382 2049 2427 nocte
2086 2373 2141 2426 in
2174 2371 2365 2442 templo
2396 2372 2529 2442 ejus.
2568 2367 2630 2424 Et
2659 2372 2750 2441 qui
2783 2365 2925 2424 sedet
2951 2372 3003 2424 in
3033 2370 3251 2435 throno,
3282 2370 3483 2424 habitat

1897 2482 2056 2535 super
2084 2464 2222 2520 illos.
2247 2464 2325 2519 Ac
2350 2465 2393 2518 si
2426 2464 2736 2520 diceretur:
2776 2460 3066 2532 Propterea
3095 2461 3161 2515 ad
3201 2476 3485 2517 numerum

1896 2557 2171 2627 pertinent
2189 2556 2504 2620 electorum,
2522 2562 2807 2625 propterea
2825 2554 3052 2610 thronus
3062 2553 3178 2618 Dei,
3200 2562 3485 2625 propterea

1896 2647 2155 2716 templum
2183 2647 2278 2702 Dei
2308 2654 2451 2709 sunt,
2477 2653 2763 2716 propterea
2784 2644 2837 2697 in
2873 2643 3070 2713 templo
3096 2644 3213 2714 ejus
3237 2652 3484 2698 sanctam
3582 2640 3587 2645 ’

1896 2739 1975 2795 illi
2017 2737 2276 2794 exhibent
2315 2735 2665 2800 servitutem,
2719 2734 2844 2804 quia
2904 2732 3103 2789 talibus
3149 2732 3485 2789 vestimentis

1898 2830 2092 2894 induti,
2126 2828 2253 2898 quia
2276 2827 2536 2897 sanguine
2563 2826 2684 2897 agni
2715 2824 2964 2879 videntur
2991 2823 3178 2879 abluti.
3212 2823 3318 2895 Ipsi
3340 2823 3485 2878 enim

1898 2936 1929 2975 a
1956 2920 2238 2976 conditore
2273 2927 2528 2988 tanquam
2569 2917 2799 2972 thronus
2826 2902 3206 2987 praesidentur,
3230 2917 3331 2987 ipsi
3361 2925 3483 2971 tan-

1898 3027 2059 3083 quam
2086 3008 2343 3080 templum
2366 3007 2758 3071 inhabitantur,
2794 3007 2892 3076 ipsi
2920 3014 2974 3062 ct
2997 3016 3123 3063 ante
3152 3008 3405 3061 thronum
3427 3006 3484 3061 in

1899 3102 2102 3173 templo
2135 3100 2247 3155 Deo
2283 3098 2490 3155 servire
2518 3098 2851 3169 probantur,
2883 3097 3011 3168 quia
3048 3105 3103 3152 et
3134 3096 3235 3167 ipsi
3260 3104 3387 3151 sunt
3410 3095 3481 3152 si-
3574 3172 3581 3179 _

1897 3193 2009 3251 mul
2030 3191 2287 3262 templum
2310 3199 2367 3247 et
2393 3190 2621 3245 thronus
2645 3187 2759 3244 Dei.
2792 3187 2926 3243 Nam
2947 3188 3092 3257 quod
3116 3187 3253 3242 dixit
3277 3202 3292 3241 :
3320 3184 3484 3242 Sedet

1897 3287 1952 3342 in
1975 3286 2192 3349 throno,
2214 3283 2319 3338 hoc
2345 3280 2616 3352 repetivit,
2645 3278 2832 3334 dicens
2861 3296 2875 3333 :
2908 3278 3129 3333 Habitat
3154 3292 3317 3349 super
3339 3277 3480 3344 illos,

1895 3377 1988 3433 ubi
2019 3385 2074 3431 et
2119 3375 2370 3429 thronum
2407 3381 2463 3427 et
2490 3370 2751 3441 templum
2789 3385 2884 3427 eos
2917 3384 3038 3426 esse
3068 3369 3480 3425 demonstravit.

1896 3464 2151 3521 Serviunt
2188 3472 2368 3518 autem
2406 3463 2495 3518 die
2524 3477 2589 3516 ac
2620 3468 2812 3527 nocte,
2845 3461 2898 3516 id
2928 3468 3013 3516 est
3050 3461 3103 3516 in
3125 3461 3405 3532 prosperis
3429 3469 3485 3516 et

1894 3561 2138 3618 adversis
2159 3557 2281 3615 ﬁdei
2302 3567 2465 3629 atque
2480 3556 2811 3627 operationis
2828 3554 3207 3611 rectitudinem
3235 3561 3480 3610 servant.

1894 3654 2021 3710 Dies
2057 3652 2201 3706 enim
2232 3649 2679 3721 prosperitatem,
2717 3662 2824 3702 nox
2855 3661 2986 3701 vero
3019 3644 3289 3715 signiﬁcat
3325 3643 3488 3713 hujus

1894 3743 2076 3800 saeculi
2132 3741 2537 3804 adversitatem,
2571 3739 2667 3794 sed
2711 3738 2767 3792 in
2820 3737 3104 3807 utriusque
3156 3738 3329 3793 sancti
3373 3737 3487 3793 Deo

1895 3834 2174 3895 serviunt,
2196 3832 2324 3900 quia
2352 3845 2445 3885 eos
2475 3845 2575 3884 nec
2600 3829 2961 3899 prosperitas,
2990 3843 3089 3884 nec
3121 3828 3421 3885 adversitas
3447 3844 3479 3884 a

1895 3924 2054 3979 beata
2087 3922 2428 3977 institutione
2458 3929 2514 3975 et
2556 3921 2728 3975 libera
2773 3920 3071 3975 conditoris
3104 3935 3187 3974 sui
3220 3921 3482 3976 servitute

1896 4014 2040 4069 valet
2063 4012 2347 4077 inclinare,
2376 4020 2432 4067 et
2456 4012 2573 4067 haec
2598 4012 2651 4065 in
2674 4009 2936 4076 Ecclesia,
2970 4011 3072 4065 hoc
3101 4020 3185 4066 est
3206 4013 3262 4065 in
3281 4021 3481 4068 semet-

1896 4107 2046 4178 ipsis.

1969 4200 2093 4255 Non
2121 4201 2349 4255 esurient
2396 4214 2560 4269 neque
2587 4197 2761 4252 sitient
2791 4196 3047 4268 amplius,
3095 4207 3143 4252 et
3185 4213 3289 4252 non
3333 4197 3485 4252 cadet

1895 4309 2051 4363 super
2070 4291 2188 4346 illos
2213 4290 2312 4355 sol,
2346 4306 2506 4360 neque
2526 4288 2667 4343 ullus
2689 4298 2884 4354 cestus;
2909 4288 3161 4359 quoniam
3189 4292 3369 4359 Agnus
3388 4290 3479 4354 qui

1895 4387 1952 4440 in
1972 4385 2142 4439 medio
2165 4383 2340 4436 throni
2368 4391 2466 4447 est,
2495 4392 2631 4453 reget
2656 4380 2799 4446 illos,
2824 4390 2873 4436 et
2909 4381 3128 4436 deducet
3157 4398 3243 4435 eos
3269 4380 3338 4434 ad
3364 4382 3483 4436 vitae

1895 4477 2065 4547 fontes
2104 4489 2382 4544 aquarum.
2429 4471 2602 4528 Causa
2632 4471 2904 4536 redditur,
2931 4487 3029 4527 cur
3059 4487 3165 4526 non
3215 4470 3481 4536 esurient,

1896 4582 2072 4638 neque
2108 4566 2326 4631 sitient,
2367 4579 2541 4632 neque
2572 4563 2740 4619 so‘em
2770 4562 2847 4632 (id
2874 4571 2989 4627 est,
3021 4561 3235 4634 azstum)
3272 4562 3483 4632 patien-

1902 4669 2009 4725 tur,
2044 4659 2170 4730 quia
2200 4655 2539 4712 vestimentis
2567 4654 2703 4710 albis
2727 4669 3014 4710 coruscare
3038 4654 3291 4710 videntur
3310 4694 3326 4721 ,
3356 4670 3481 4711 cum
3550 4650 3553 4655 ’

1900 4749 2100 4804 dicitur
2131 4766 2144 4802 :
2174 4745 2441 4814 Quoniam
2462 4744 2646 4814 Agnus
2672 4741 2765 4813 qui
2787 4743 2840 4796 in
2862 4743 3040 4798 medio
3068 4743 3245 4798 throni
3271 4752 3373 4809 est,
3397 4759 3484 4799 re-

1901 4849 1991 4914 get
2023 4854 2140 4904 eos,
2169 4846 2224 4892 et
2257 4844 2472 4891 caetera.
2497 4832 2614 4888 Non
2645 4832 2908 4898 esurient,
2944 4847 3121 4903 neque
3148 4833 3363 4899 sitient,
3398 4832 3479 4886 in-

1902 4935 2039 5006 quit.
2073 4932 2294 4988 Famem
2329 4928 2526 4999 quippe
2549 4927 2719 4982 sancti
2742 4924 2857 4995 jam
2889 4940 2996 4980 non
3024 4924 3330 4996 patientur,
3356 4925 3479 4993 quia

1899 5024 2189 5099 praesentia
2222 5021 2364 5077 illius
2398 5018 2773 5082 satiabuntur,
2804 5016 2897 5087 qui
2926 5025 3008 5071 est
3047 5016 3201 5085 panis
3234 5014 3388 5069 vivus
3414 5015 3482 5068 de

1899 5115 2041 5172 coelo
2080 5111 2435 5169 descendens.
2482 5107 2622 5163 Hinc
2666 5106 2999 5161 Psalmista:
3048 5103 3296 5160 Satiabor
3352 5104 3476 5157 dum

1901 5205 2325 5277 manifestabitur
2361 5201 2530 5273 gloria
2554 5211 2647 5254 tua
2688 5197 2861 5272 (Psal.
2904 5197 3038 5269 xvr).
3072 5196 3232 5252 Sitim
3264 5210 3481 5269 quoque

1899 5317 2005 5358 non
2060 5298 2423 5360 sustinebunt,
2480 5295 2606 5364 quia
2650 5293 2765 5362 ipse
2801 5298 2885 5346 est
2921 5298 3083 5360 potus
3123 5288 3269 5344 vitae.
3325 5286 3480 5344 Unde

1897 5391 2184 5450 Psalmista
2205 5386 2377 5459 (Psal.
2405 5383 2539 5455 χιιι)
2565 5401 2578 5436 :
2608 5382 2864 5437 Dominus
2887 5382 3015 5452 regit
3034 5397 3136 5446 me,
3158 5388 3287 5446 etc.,
3309 5392 3481 5448 usque

1899 5466 2069 5554 Super
2095 5495 2285 5551 aquam
2325 5475 2617 5547 refectibnis
2659 5474 2897 5529 educavit
2924 5490 3024 5528 me.
3069 5471 3137 5527 Et
3176 5485 3283 5527 non
3323 5469 3482 5526 cadet

1898 5592 2064 5649 super
2094 5575 2215 5631 illos
2254 5572 2333 5628 sol
2364 5584 2538 5642 neque
2570 5568 2713 5625 ullus
2745 5577 2941 5632 mstus,
2976 5569 3079 5623 hoc
3121 5574 3206 5621 est
3231 5564 3481 5620 adversio

1899 5667 2099 5738 aliqua,
2131 5661 2566 5720 tribulationisve
2589 5659 2858 5732 angustia,
2889 5658 2975 5714 vel
3008 5655 3400 5728 persecutionis
3425 5664 3480 5710 et

1897 5756 2211 5815 tentationis
2254 5753 2494 5809 molestia
2539 5767 2646 5806 non
2688 5766 2783 5806 eos
2812 5748 3090 5821 gravabit,
3136 5747 3263 5817 quia
3308 5746 3479 5817 ipsius

1896 5850 2310 5909 obumbratione
2327 5853 2599 5909 tegentur.
2632 5842 2731 5899 Cui
2760 5840 3047 5898 Psalmista
3082 5839 3247 5896 dicit:
3281 5838 3477 5896 Obum-
