3972 6442
500 354 638 437 ms

959 376 1313 431 HAYMUNIS
1355 371 1831 426 HALBLBS’IA’I.
1876 369 2089 418 arise.
2133 368 2283 414 Ul’P.
2326 366 2507 415 PARS
2543 367 2583 414 Ι.
2617 390 2688 400 —-
2722 362 3079 416 CUMMENI.
3120 362 3293 414 BIBL.

3644 361 3795 414 ιυιι

465 490 589 544 -bra
629 500 782 562 caput
822 504 993 544 meum
1032 488 1087 541 in
1126 486 1209 539 die
1250 482 1368 537 belli
1408 481 1580 552 (Psal.
1631 478 1876 550 cxxxu).
1927 474 2070 530 Solis
2096 475 2142 545 Α
2171 475 2282 530 vita
2319 489 2658 546 nequaquam
2687 475 3069 544 contemplatio
3115 474 3353 544 perfecte
3388 473 3604 562 agitur,
3660 474 3788 528 ani-

497 586 696 656 quippe
720 592 773 638 et
798 577 959 637 aestus
999 579 1215 633 nomine
1245 589 1384 645 saepe
1415 573 1551 630 solet
1579 571 1855 627 tribulatio
1882 582 2070 640 perse-

498 670 732 733 cutionis
774 673 965 743 accipi.
1004 670 1160 727 Unde
1204 669 1270 724 dc
1296 667 1592 723 seminibus
1623 664 1786 734 jactis
1818 662 1874 717 in
1897 661 2072 716 Evan-

496 769 634 839 gelia
678 767 790 835 ipse
834 763 1094 817 Dominus
1132 760 1282 824 dicit,
1318 759 1441 829 quia
1476 758 1619 829 quod
1653 771 1815 826 supra
1859 761 2072 824 petram

493 855 709 920 cecidit,
734 854 847 909 sole
876 861 996 909 orto
1026 851 1291 906 aestuavit.
1321 850 1503 921 Agnus
1533 862 1662 902 vero
1698 846 1787 915 qui
1815 847 1868 899 in
1893 843 2072 899 medio

495 951 673 1004 throni
718 957 823 1014 est,
870 957 1021 1018 reget
1067 962 1179 1009 eos,
1221 946 1325 1000 hoc
1370 952 1474 1006 est,
1517 942 1765 998 Christus
1806 941 1859 994 in
1892 939 2070 1007 medio

496 1041 747 1096 Ecclesia:
769 1056 878 1094 sua:
908 1039 1240 1102 consistens,
1265 1052 1357 1090 eos
1384 1032 1703 1104 gubernabit
1721 1073 1736 1098 ,
1766 1038 1822 1086 et
1857 1031 1925 1085 ad
1945 1030 2071 1084 vitae

494 1131 669 1184 fontes
710 1145 968 1199 aquarum
996 1130 1221 1183 deducet
1254 1112 1494 1188 eos,boc
1518 1132 1618 1186 cst,
1643 1123 1709 1176 ad
1742 1120 2072 1191 contempla-

491 1222 690 1275 tionem
718 1230 919 1275 sancta:
941 1220 1239 1273 Trinitatis.
1264 1218 1399 1272 Hinc
1423 1215 1703 1269 Psalmista
1723 1234 1733 1267 :
1754 1214 1904 1283 Apud
1921 1223 1969 1266 te
1994 1202 2071 1266 est

490 1311 606 1380 fons
646 1312 787 1376 uiue,
828 1321 873 1364 et
913 1311 967 1366 in
1004 1310 1198 1364 lumine
1227 1319 1317 1362 tuo
1352 1306 1634 1361 videbimus
1680 1303 1855 1358 lumen
1891 1300 2067 1369 (Psal.

490 1408 679 1477 xxxv).
724 1406 876 1474 Quod
918 1405 1024 1460 tale
1071 1413 1184 1467 est,
1228 1403 1380 1471 quasi
1419 1401 1663 1455 diceret:
1696 1398 1754 1453 ln
1788 1398 1933 1452 fonte
1977 1404 2070 1451 tuo

491 1498 790 1554 videbimus
836 1496 1057 1552 fontem.
1119 1494 1352 1563 Spiritus
1408 1507 1623 1563 quoque
1677 1498 1896 1545 sanctus
1948 1489 2070 1543 fons

493 1589 824 1658 appellatur,
868 1587 1007 1641 utin
1052 1584 1339 1653 Evangelio
1374 1585 1489 1654 ipse
1524 1582 1780 1636 Dominus
1810 1581 1941 1635 dicit
1969 1598 1981 1635 :
2010 1578 2069 1636 Si

492 1682 614 1751 quis
655 1680 802 1744 sitit,
832 1679 1012 1733 veniat
1046 1686 1099 1732 ct
1126 1677 1302 1742 bibat,
1337 1687 1392 1730 et
1423 1677 1487 1730 de
1520 1683 1708 1729 ventre
1745 1672 1862 1742 ejus
1901 1674 2070 1727 ﬂuent

492 1788 644 1843 aqua:
671 1773 831 1835 vivae;
862 1779 919 1825 ut
946 1769 1069 1837 quid
1093 1783 1355 1839 aquarum
1384 1767 1524 1829 fons,
1550 1775 1604 1821 et
1629 1784 1732 1821 non
1749 1765 2067 1836 simpliciter

493 1862 611 1917 fons
634 1861 1004 1922 introducitur,
1043 1860 1145 1913 nisi
1179 1860 1304 1928 quia
1333 1858 1651 1927 simplicitas
1679 1859 1940 1912 donorum
1971 1871 2069 1925 per

493 1955 626 2009 hanc
657 1938 974 2007 sententiam
1004 1950 1365 2021 exprimitur?
1394 1950 1542 2004 Unus
1581 1950 1723 2003 enim
1773 1947 1895 2003 fons
1938 1963 2066 2018 pro-

491 2053 613 2114 pter
633 2045 891 2098 unitatczn
923 2053 1125 2097 naturae
1149 2042 1354 2104 Patris,
1387 2041 1508 2095 Filii
1538 2050 1592 2095 et
1616 2040 1849 2110 Spiritus
1870 2040 2062 2095 sancti.

490 2136 763 2207 Aquarum
793 2151 919 2191 vero
949 2136 1068 2190 fons
1093 2145 1312 2205 propter
1336 2136 1795 2198 numerositatem,
1834 2143 1893 2188 ut
1928 2132 2067 2187 dixi-

490 2239 629 2290 mus,
662 2227 953 2295 gr.diarum
983 2225 1353 2280 iritrolucitnr.
1388 2225 1468 2279 Ad
1504 2226 1626 2279 vita:
1664 2226 1845 2295 itaque
1870 2223 2067 2279 'fontcs

491 2331 748 2385 aquarum
768 2317 995 2371 deducet
1016 2332 1126 2381 eos,
1156 2317 1256 2371 hoc
1281 2325 1383 2381 est,
1405 2316 1469 2371 ad
1485 2318 1845 2371 contuendam
1867 2325 2067 2371 sanctae

495 2405 767 2460 l‘rinitatis
794 2405 1160 2474 majestatcm,
1196 2422 1303 2475 quo
1332 2406 1475 2461 fame
1497 2422 1561 2461 ac
1582 2406 1670 2461 siti
1695 2406 1938 2475 depulsa,
1968 2420 2069 2460 nec

446 2534 463 2555 ρ
490 2496 652 2552 solem
689 2513 790 2553 nec
812 2511 1000 2553 testum
1032 2498 1308 2568 patientur
1338 2498 1591 2551 vitiorum
1612 2537 1625 2561 ,
1664 2496 1747 2551 vel
1780 2496 2067 2565 perturba-

489 2588 690 2643 tionutn
722 2589 868 2644 nullo
895 2587 1075 2643 calore
1112 2569 1355 2642 urentur.
1386 2585 1455 2639 Et
1487 2588 1741 2657 absterget
1772 2585 1915 2640 Deus
1954 2603 2068 2640 omo

489 2696 602 2733 nem
644 2678 929 2750 lacrymam
970 2679 1035 2733 ab
1072 2679 1238 2733 oculis
1279 2694 1476 2732 eorum.
1526 2677 1666 2732 Deus
1722 2677 2064 2746 omnipotens

488 2771 625 2826 miro
660 2772 877 2842 pietatis
917 2770 1111 2826 aﬂcctu
1155 2769 1446 2841 aliquando
1486 2778 1726 2839 patrem,
1772 2769 2062 2839 aliquando
2117 2826 2121 2829 λ

488 2873 717 2920 matrem
769 2878 827 2920 se
864 2865 1118 2931 ostendit,
1156 2866 1289 2943 quia
1328 2862 1691 2936 plangentium
1725 2861 1956 2918 ﬁliorum
1981 2862 2062 2917 la-

487 2971 699 3028 crymas
716 2958 992 3030 abstergit.
1019 2957 1153 3013 llinc
1170 2966 1229 3013 ut.
1242 2966 1396 3029 pater
1418 2972 1638 3013 aversos
1660 2956 1796 3013 ﬁlios
1821 2966 2063 3026 revocat,

488 3054 668 3112 dicens
701 3056 1122 3123 :Convertimini,
1149 3057 1248 3126 ﬁlii
1272 3068 1598 3122 revertentes,
1624 3066 1672 3113 et
1693 3059 1889 3113 sanabo
1917 3075 2064 3114 aver-

406 3162 417 3175 '
487 3150 655 3203 siones
678 3159 870 3204 vestras
897 3147 1030 3220 (Jer.
1060 3148 1168 3221 ιιι).
1201 3148 1435 3202 Materna
1465 3165 1681 3219 quoque
1704 3150 1912 3205 viscera
1942 3150 2057 3221 pie-

487 3243 613 3298 tatis
644 3243 1049 3309 transcendens,
1073 3244 1182 3297 ait:
1216 3241 1469 3313 Nunquid
1491 3242 1720 3297 oblivisci
1755 3251 1920 3312 potest
1952 3259 2067 3296 mu-

487 3334 586 3389 lier
620 3334 873 3405 infantem
896 3351 1070 3401 suum,
1116 3344 1170 3388 ut
1211 3350 1313 3388 non
1344 3335 1652 3387 misereatur
1678 3333 1791 3403 ﬁlio
1818 3336 1949 3389 uteri
1982 3334 2066 3389 sui

488 3423 622 3493 (Isa.
656 3423 840 3495 ms)?
866 3424 1066 3481 Tamen
1099 3424 1143 3479 si
1166 3423 1254 3477 illa
1282 3423 1445 3479 oblita
1471 3422 1652 3490 fuerit,
1669 3440 1769 3496 ego
1800 3439 1906 3479 non
1931 3424 2066 3479 obli-

489 3518 667 3573 viscor
688 3518 780 3572 tni.
806 3517 942 3572 Ecce
973 3525 1116 3571 amat
1141 3527 1201 3570 ut
1228 3523 1400 3585 pater,
1433 3530 1560 3571 ecce
1590 3516 1877 3572 miseretur
1897 3516 2063 3572 etiam

489 3606 630 3661 ultra
654 3615 912 3667 matrem,
949 3606 1325 3676 lacrymasque
1365 3606 1433 3659 ab
1472 3604 1643 3660 oculis
1675 3605 1838 3676 tergit
1863 3606 2065 3662 electo-

492 3714 633 3753 rum.
692 3696 1000 3751 Notandum
1048 3705 1230 3752 autem
1294 3696 1437 3766 quod
1489 3710 1704 3751 omnem
1770 3696 2065 3769 lacrymam

488 3789 797 3859 abstergere
829 3788 971 3844 Deus
994 3788 1292 3858 promittat.
1325 3787 1500 3843 Varia:
1524 3788 1666 3843 enim
1714 3796 1840 3843 sunt
1864 3787 2065 3843 electo-

487 3896 607 3934 rum
639 3879 902 3952 lacrymae,
929 3880 1181 3952 quoniam
1211 3878 1346 3933 alius
1372 3888 1658 3951 propterea
1683 3880 1911 3953 plangit,
1939 3880 2066 3951 quia

487 3970 686 4026 malum
711 3971 838 4043 egit,
870 3971 997 4042 quia
1028 3970 1225 4027 bonum
1264 3986 1370 4026 non
1399 3971 1554 4037 fecit;
1581 3972 1741 4040 alius,
1773 3973 1900 4044 quia
1928 3972 2063 4029 dura

489 4064 849 4133 correptionis
871 4062 1076 4135 ﬂagella
1099 4062 1361 4127 sustinet;
1389 4062 1545 4129 alius,
1570 4064 1694 4134 quia
1722 4065 1866 4120 vitiis
1889 4066 2062 4135 impu-

486 4163 716 4228 gnatur;
748 4152 901 4218 alius,
931 4154 1054 4223 quia
1084 4152 1175 4207 diu
1209 4169 1240 4208 a
1273 4168 1439 4222 regno
1475 4154 1868 4224 peregrinatur.
1910 4153 2059 4209 Tali-

485 4262 589 4317 que
610 4248 769 4301 modo
794 4246 930 4301 varii
953 4246 1151 4301 suntin
1174 4246 1276 4301 hac
1305 4247 1413 4301 vita
1438 4245 1594 4303 fletus
1614 4256 1945 4314 sanctorum,
1968 4249 2060 4319 qui

483 4345 615 4393 tunc
637 4338 819 4408 utique
841 4337 1212 4410 abstergentur
1230 4339 1299 4394 ad
1323 4339 1563 4409 plenum,
1587 4340 1803 4410 quando
1826 4340 2061 4396 instante

482 4437 728 4501 tempore
769 4430 948 4501 gaudii
994 4440 1199 4486 aeterna
1236 4430 1548 4501 iucunditas
1589 4433 1870 4497 succedet,
1907 4432 2099 4501 juxta-

483 4520 613 4576 illud
643 4539 656 4574 :
686 4519 833 4575 Beati
869 4522 957 4591 qui
999 4520 1201 4592 lugent,
1241 4522 1486 4592 quoniam
1523 4522 1621 4593 ipsi
1654 4522 2062 4577 consolabuntur

485 4608 703 4680 (Matth.
740 4609 842 4681 ιιι).
883 4610 949 4663 Ει
984 4610 1113 4664 alibi
1145 4628 1160 4663 :
1191 4609 1392 4664 Iterum
1427 4620 1601 4665 autem
1637 4610 1815 4666 videbo
1852 4628 1977 4677 vos,
2009 4621 2060 4666 et

481 4698 724 4773 gaudebit
747 4715 837 4754 eor
856 4710 1074 4754 vestrum
1103 4698 1285 4770 (Joan.
1313 4699 1448 4772 xvi).
1472 4699 1624 4758 Tunc
1648 4703 1831 4773 utique
1852 4704 2062 4760 abster-

483 4796 574 4859 get
612 4803 826 4844 omnem
866 4786 1181 4858 lacrymam,
1231 4790 1486 4859 quoniam
1536 4790 1673 4846 nihil
1719 4792 1799 4847 eis
1844 4793 2059 4850 adversi

487 4878 736 4936 accidere
762 4879 969 4952 potuit,
996 4879 1139 4935 unde
1168 4878 1251 4935 vel
1277 4880 1547 4937 modicum
1576 4883 1984 4939 contristentur.

1062 5030 1289 5089 CAPUT
1327 5029 1458 5088 Vill.

551 5164 622 5220 Et
669 5182 786 5220 cum
830 5168 1115 5237 aperuisset
1152 5165 1383 5238 sigillum
1422 5167 1940 5238 septinmm,factum
1979 5178 2055 5223 est

478 5255 743 5310 silentium
766 5255 821 5309 in
853 5255 999 5320 cwlo,
1032 5257 1182 5327 quasi
1218 5255 1391 5309 media
1426 5255 1577 5309 hora.
1603 5257 1810 5312 Cwlum
1841 5258 1923 5331 (ut
1951 5257 2058 5314 fre-

480 5355 711 5419 quenter
742 5345 854 5415 jam
898 5346 1156 5422 diximus)
1199 5346 1468 5416 iustorum
1518 5348 1762 5405 Ecclesia
1809 5360 2054 5420 vocatur,

480 5456 599 5513 qum
636 5439 843 5497 scilicet
875 5440 999 5495 dum
1028 5455 1058 5494 a
1102 5438 1407 5510 frequentia
1450 5456 1631 5496 rerum
1664 5442 2051 5513 corporalium,

481 5531 932 5601 contemplatione
974 5531 1161 5586 intima
1207 5532 1487 5603 cujusdam
1531 5535 1729 5590 secreti
1782 5550 2051 5592 secessum

480 5624 633 5694 petit,
681 5632 737 5678 et
781 5623 1167 5694 cogitationum
1218 5625 1478 5682 tumultus
1524 5627 1843 5696 reprimens,
1879 5629 1932 5683 in
1969 5629 2053 5684 in-

484 5724 648 5767 terna:
680 5714 877 5781 quietis
907 5724 1171 5770 secretum
1199 5724 1465 5787 penetrat,
1491 5717 1645 5787 quasi
1674 5719 1938 5787 quoddam
1973 5719 2049 5775 si-

481 5801 708 5859 lentium
746 5803 856 5859 Deo
901 5805 954 5859 in
990 5816 1169 5862 mente
1211 5816 1499 5871 praeparat.
1544 5808 1650 5865 Sed
1698 5813 1819 5870 quia
1855 5812 1903 5866 in
1952 5816 2050 5870 hac

2178 577 2374 634 meque
2405 565 2658 618 renitenti
2686 564 3069 634 cogitationum
3100 562 3361 617 tumultus
3393 576 3454 616 se
3489 560 3789 631 ingerunt,

2179 664 2325 710 recte
2347 670 2444 727 per
2470 655 2743 712 silentium
2769 656 2922 726 quasi
2944 655 3121 710 media
3154 656 3286 710 hora
3318 653 3527 709 factum
3550 653 3784 709 dicitur.

2177 744 2328 814 Quod
2355 747 2400 802 si
2431 748 2484 802 in
2522 749 2625 802 bac
2659 747 2769 801 vita
2818 745 3011 801 fuisset
3045 745 3370 816 perfectum,
3421 760 3788 815 nequaquam

2177 841 2331 910 quasi
2353 840 2526 894 media
2551 840 2684 893 hora
2713 854 2832 908 quae
2862 837 3327 909 imperfectionem
3348 835 3662 907 significat,
3694 836 3791 890 sed

2178 931 2386 998 integra
2412 930 2790 1005 perhiberetur
2814 928 3041 993 factum,
3074 944 3193 998 qua:
3230 926 3646 1000 perfectionem
3693 927 3784 982 de-

2177 1030 2463 1077 monstrat.
2517 1020 2681 1087 Quasi
2705 1034 2835 1090 ergo
2880 1020 3055 1073 media
3104 1020 3236 1074 hora
3281 1017 3342 1072 ﬁt
3385 1017 3691 1073 silentium
3734 1018 3784 1071 in

2176 1118 2337 1183 caelo,
2367 1134 2490 1174 cum
2520 1117 2814 1172 electorum
2843 1118 3057 1171 animus
3081 1115 3135 1170 in
3164 1116 3268 1171 hac
3295 1113 3521 1169 mortali
3558 1114 3703 1178 vita,
3731 1123 3787 1168 et

2178 1211 2377 1281 aliquid
2410 1211 2477 1265 de
2503 1225 2731 1280 superna
2760 1209 2941 1277 quiete
2983 1208 3233 1278 percipit,
3280 1217 3335 1263 et
3365 1215 3565 1261 tamen
3620 1204 3679 1259 in
3723 1220 3783 1261 eo

2175 1304 2318 1374 quod
2352 1310 2685 1373 perceperat,
2714 1303 2802 1357 diu
2834 1310 2978 1357 stare
3006 1316 3111 1355 non
3137 1300 3301 1355 valet.

2246 1448 2316 1503 Et
2344 1449 2449 1504 vidi
2493 1456 2684 1519 septem
2725 1448 2941 1519 angelos
2984 1457 3180 1504 stantes
3231 1448 3285 1501 in
3321 1456 3624 1516 conspectu
3667 1444 3770 1509 Dei,

2175 1551 2225 1596 et
2270 1541 2411 1595 data:
2452 1548 2572 1594 sunt
2611 1538 2718 1594 illis
2770 1549 2962 1610 septem
2997 1538 3156 1592 tubm.
3203 1536 3351 1593 Ordo
3400 1545 3777 1606 prmpostenli

2174 1640 2256 1688 est
2299 1632 2353 1686 in
2402 1633 2505 1688 hoc
2530 1631 2668 1697 loco,
2697 1632 2824 1701 quia
2854 1631 3005 1701 prius
3034 1631 3181 1684 venit
3228 1644 3371 1685 unus
3394 1628 3640 1698 angelus
3660 1638 3777 1689 ante

2175 1725 2365 1789 altare,
2414 1726 2621 1780 habens
2672 1722 3001 1780 thuribulum
3052 1736 3272 1778 aureum
3308 1723 3364 1776 in
3418 1738 3599 1777 manu
3661 1737 3767 1785 sua,

2095 1821 2144 1882 B
2171 1825 2226 1873 et
2258 1819 2338 1874 sic
2377 1828 2583 1888 septem
2619 1816 2793 1887 angeli
2828 1823 3153 1886 acceperunt
3190 1824 3401 1885 septem
3449 1815 3640 1868 tubas.
3678 1812 3769 1868 Per

2172 1919 2377 1981 septem
2417 1908 2656 1980 angelos,
2703 1906 3084 1978 praedicatores
3131 1905 3463 1959 universalis
3520 1903 3765 1959 Ecclesia

2120 2026 2127 2034 ·
2171 2000 2565 2072 intelliguntur,
2586 2002 2679 2070 qui
2703 2002 2839 2055 bene
2873 1998 3045 2070 angeli
3060 2004 3344 2058 vocantur,
3362 1996 3497 2063 quia
3516 2004 3761 2051 eternal

2170 2095 2335 2148 vitam
2361 2094 2518 2149 nobis
2538 2094 2865 2149 annuntiant
2893 2093 2961 2147 de
2996 2092 3192 2162 quibus
3222 2090 3493 2159 scriptqu
3521 2098 3606 2144 est
3628 2108 3643 2143 :
3664 2092 3758 2145 AI-

2170 2186 2270 2257 geli
2296 2187 2631 2255 pacisamnre
2653 2186 2853 2256 ﬂebunt
2881 2183 3014 2255 (ιω.
3049 2180 3272 2241 xxxml.
3296 2179 3477 2236 Recte
3500 2181 3658 2236 etiam
3678 2196 3754 2235 se-

2169 2287 2328 2347 ptena
2338 2277 2416 2332 rio
2438 2291 2660 2331 numero
2673 2275 3076 2345 exprimuntur,
3098 2273 3223 2342 quia
3240 2272 3503 2326 videlicet
3526 2272 3749 2343 septifor-

2170 2370 2242 2424 mi
2260 2370 2451 2439 spiritu
2475 2369 2771 2438 replentur.
2790 2366 2961 2423 Recte
2980 2366 3289 2436 septenario
3325 2381 3544 2421 numen)
3566 2365 3737 2419 ια’-πιέν

2169 2474 2387 2529 nantur,
2423 2465 2545 2534 quia
2590 2462 2929 2518 universitati
2973 2461 3316 2516 credentium
3360 2466 3721 2529 pnepoauntur,

2170 2556 2476 2628 septenario
2513 2556 2657 2612 enim
2706 2570 2934 2610 numero
2958 2564 3013 2609 et
3049 2553 3387 2608 universitas
3422 2549 3730 2629 etperiectio

2170 2647 2515 2719 designatur;
2546 2647 2689 2702 unde
2716 2655 2802 2702 est
2827 2665 2839 2700 :
2866 2645 3067 2716 Septies
3093 2645 3150 2699 in
3172 2643 3258 2698 die
3280 2644 3503 2698 laudem
3531 2643 3635 2696 dixi
3660 2641 3739 2694 tibi

2172 2738 2343 2811 (Psal.
2375 2737 2582 2807 cxvm).
2612 2736 2670 2793 In
2702 2747 2993 2807 conspectu
3030 2751 3247 2806 quoque
3274 2736 3378 2791 Dei
3409 2744 3559 2789 stare
3583 2732 3741 2803 perhi-

2168 2831 2387 2896 bentur,
2416 2831 2543 2900 quia
2578 2830 2801 2886 calcatis
2828 2830 3077 2885 omnibus
3104 2830 3345 2886 terrenis
3370 2828 3738 2899 voluptatibus.

2169 2922 2608 2993 contemplationi
2649 2937 2867 2991 quoque
2913 2921 3006 2975 Dei
3044 2922 3354 2985 adluat-ent,
3402 2921 3631 2991 ejusque
3665 2933 3744 2971 vo-

2169 3013 2452 3079 luntatem,
2481 3013 2573 3083 qui
2602 3028 2866 3084 nusquam
2900 3013 3072 3076 deest,
3095 3012 3456 3073 considerant
3482 3031 3498 3068 :
3541 3022 3597 3068 et
3621 3009 3743 3082 quod

2170 3109 2218 3162 ei
2245 3107 2459 3178 placere
2488 3108 2684 3171 sciunt,
2716 3123 2880 3178 opere
2908 3108 3214 3178 perﬁciunt.
3239 3092 3385 3162 liinc
3408 3106 3617 3162 Paulus
3648 3106 3739 3159 ait:

2091 3200 2139 3269 C
2172 3199 2321 3255 Sicut
2348 3216 2411 3254 ea:
2443 3200 2550 3253 Deo
2591 3217 2769 3254 coram
2818 3199 2928 3254 Deo
2972 3201 3026 3254 in
3076 3198 3286 3255 Christo
3346 3199 3625 3270 loquimur
3670 3194 3739 3264 (ll

2171 3291 2293 3347 Cor.
2327 3292 2447 3362 xu).
2480 3291 2547 3346 Et
2576 3291 2761 3346 Elias:
2802 3289 2940 3346 Vivit
2970 3291 3227 3346 Dominus
3264 3291 3319 3344 in
3347 3291 3513 3361 cujus
3551 3305 3741 3359 conspo-

2168 3395 2255 3439 etu
2302 3394 2380 3439 sto
2419 3383 2538 3457 (Ill
2568 3382 2693 3454 Reg.
2723 3383 2876 3453 xv").
2909 3382 3014 3438 Per
3040 3392 3251 3454 septem
3297 3399 3529 3453 quoque
3584 3383 3737 3444 tubas.

2170 3473 2449 3546 Scriptura
2504 3474 2712 3530 Veteris
2762 3488 2825 3529 ac
2868 3473 3000 3529 Novi
3045 3474 3383 3531 Testamenti
3415 3473 3738 3544 intelligitur,

2167 3574 2386 3639 propter
2410 3564 2773 3637 septiformem
2787 3564 3069 3636 Spiritum,
3094 3581 3189 3636 per
3211 3580 3376 3634 quem
3406 3566 3598 3620 omnis
3617 3561 3739 3619 Sai-

2167 3669 2326 3731 ptura
2355 3660 2554 3716 dictata
2599 3670 2705 3725 est,
2733 3668 2790 3713 et
2831 3658 3263 3729 intelligentibus
3311 3666 3588 3714 reserata.
3631 3656 3739 3723 0n

2169 3754 2448 3825 Scriptura
2478 3755 2621 3809 tubae
2656 3760 3019 3822 comparatur,
3042 3752 3167 3820 quia
3190 3766 3389 3822 magna
3430 3749 3737 3811 annuntiat;

2167 3849 2310 3904 unde
2334 3848 2465 3918 ipsis
2480 3846 2928 3916 praedicatoribus
2950 3844 3148 3900 dicitur
3178 3860 3193 3897 :
3218 3843 3384 3909 Quasi
3426 3841 3559 3897 tuba
3584 3839 3739 3898 θιὼ

2166 3954 2357 3995 vocem
2400 3946 2569 3993 tuam.
2618 3937 2768 3992 Datae
2809 3944 2935 3989 sunt
2987 3934 3096 3990 illis
3140 3935 3208 3991 ab
3248 3932 3461 4003 angelo.
3514 3934 3738 3994 idesLs

2168 4030 2387 4089 Christo
2416 4029 2509 4101 qui
2531 4030 2782 4086 omnibus
2824 4027 3134 4083 doctoribus
3164 4025 3588 4097 intelligentiam
3624 4022 3740 4079 din-

2166 4112 2359 4181 norim
2383 4121 2715 4178 voluminum
2740 4120 2795 4175 in
2807 4128 3039 4190 utroque
3063 4128 3394 4176 testamento
3412 4118 3571 4176 dedit
3586 4136 3603 4187 ;
3616 4115 3741 4174 unde

2167 4214 2412 4286 sequitur
2434 4228 2450 4268 :

2240 4354 2307 4409 Et
2333 4353 2471 4409 alius
2499 4350 2716 4423 angelus
2754 4351 2908 4417 venit,
2937 4361 2983 4406 et
3023 4352 3301 4407 stetitante
3329 4348 3531 4417 altare,
3567 4349 3741 4405 habent

2167 4443 2489 4501 thuribulum
2535 4458 2774 4498 aureum.
2825 4440 2930 4497 Iste
2983 4441 3208 4512 angelus
3262 4440 3428 4507 alius,
3481 4442 3583 4512 qui
3613 4439 3741 4495 stetit

2085 4561 2140 4622 ι)
2168 4550 2292 4597 ante
2314 4539 2504 4603 altare,
2535 4537 2851 4607 intelligitur
2872 4536 3034 4591 homo
3058 4535 3308 4591 Christus
3345 4534 3519 4600 Deus,
3555 4536 3623 4590 de
3648 4549 3739 4605 quo

2159 4633 2420 4708 propheta
2442 4629 2609 4684 dicit:
2664 4627 2944 4682 Vocabitur
2973 4643 3157 4681 nomen
3184 4627 3299 4696 ejus
3342 4627 3529 4697 magni
3553 4625 3740 4681 consilii

2163 4722 2397 4796 angelus.
2425 4719 2559 4793 (Isa.
2586 4719 2684 4788 ix).
2717 4717 2833 4793 Ipse
2860 4726 2945 4775 est
2970 4718 3113 4775 enim
3136 4716 3359 4777 nuntius
3384 4725 3639 4797 paterna:
3661 4731 3739 4771 vo—

2122 4813 2383 4870 .luntatis
2431 4811 2521 4881 qui
2563 4810 2711 4866 venit
2738 4819 2794 4865 et
2835 4810 2988 4870 stetit
3037 4816 3162 4862 ante
3209 4806 3383 4863 altare
3426 4824 3557 4863 cum
3590 4823 3739 4864 aureo

2161 4903 2458 4969 thuribulo,
2497 4910 2559 4957 ut
2595 4901 2910 4958 ostenderet
2945 4900 3071 4975 quia
3114 4900 3229 4970 ipse
3255 4909 3340 4967 est
3372 4917 3545 4958 verus
3572 4901 3733 4973 ponti-

2161 4993 2252 5051 fex
2290 4992 2593 5049 futurorum
2622 4991 2905 5047 bonorum.
2938 4989 3248 5046 Sacerdotis
3277 4991 3481 5061 quippe
3506 4993 3741 5046 ministe-

2158 5084 2299 5139 rium
2321 5092 2404 5139 est
2435 5080 2593 5138 altari
2621 5082 2874 5136 assistere
2891 5120 2907 5146 ,
2933 5088 2988 5135 et
3008 5086 3248 5151 aptatum
3271 5079 3617 5136 aromatibus
3637 5081 3740 5150 thy-

2159 5175 2325 5230 miam
2347 5189 2377 5228 a
2401 5172 2629 5229 sollicite
2663 5188 2926 5229 cremare.
2959 5171 3075 5241 Ipse
3095 5181 3182 5228 est
3205 5172 3351 5227 enim
3392 5173 3628 5242 angelus
3653 5189 3739 5228 an-

2160 5265 2421 5337 gelorum,
2456 5272 2511 5318 et
2534 5260 2778 5333 pontifex
2804 5260 3140 5332 pontificum.
3186 5264 3358 5317 Porro
3395 5274 3524 5318 ante
3553 5264 3735 5323 altam,

2160 5359 2216 5413 id
2248 5365 2349 5422 est,
2382 5364 2504 5411 ante
2524 5369 2736 5410 omnem
2767 5352 3074 5419 ecclesiam,
3098 5370 3219 5424 quae
3241 5353 3366 5425 igne
3388 5354 3560 5410 divini
3592 5371 3736 5409 amo-

2155 5451 2233 5509 ris
2262 5449 2596 5514 accenditur,
2624 5455 2679 5504 et
2698 5462 2884 5503 verum
2917 5445 3240 5502 sacriﬁcium
3267 5446 3342 5518 (id
3363 5455 3469 5513 est,
3494 5464 3596 5503 cor
3623 5463 3737 5502 coa-

2154 5539 2363 5611 tritum)
2394 5538 2623 5593 Domino
2652 5534 2826 5602 olfert,
2864 5536 3209 5608 semetipsum
3256 5548 3526 5603 mactans,
3551 5548 3615 5593 ut
3643 5537 3737 5592 bo-

2152 5633 2256 5689 stia
2285 5631 2406 5686 viva
2436 5638 2491 5685 et
2519 5628 2874 5683 rationalibus
2904 5626 3018 5695 ﬁat,
3044 5637 3172 5683 ante
3220 5628 3325 5684 hoc
3373 5629 3547 5684 altare
3593 5628 3737 5683 enim

2152 5730 2260 5776 stat
2299 5719 2544 5791 angelus,
2584 5718 2636 5773 id
2664 5729 2769 5783 est,
2796 5717 3039 5788 pontifex
3078 5733 3261 5783 verus,
3287 5734 3385 5787 per
3416 5734 3582 5789 quem
3625 5733 3737 5774 on-

2153 5813 2240 5869 nia
2265 5825 2486 5867 munera
2516 5819 2701 5866 nostra
2727 5808 2840 5865 Deo
2869 5808 3018 5864 Patri
3052 5809 3352 5865 mittimus:
3382 5810 3530 5866 unde
3562 5817 3627 5867 et
3654 5822 3738 5866 sa-
