3972 6436
207 353 344 407 1045
1135 352 1500 408 LM’OSITIO
1538 350 1603 406 ΙΝ
1644 350 1775 406 APO

1911 348 2141 406 .YPSIN.
2181 381 2251 390 —
2290 349 2416 405 LIB.
2456 349 2515 406 li.
3334 347 3479 407 1040

206 456 460 512 cerdotes
509 456 732 529 singulis
769 456 882 511 suis
927 458 1266 514 orationibus
1313 457 1429 528 ejus
1469 459 1782 514 memoriam
1813 460 1863 520 Α
1890 457 2179 528 dupliciter
2207 470 2385 530 potest
2412 460 2660 532 intelligi.
2691 459 2934 514 Primum
2967 459 3113 516 enim
3134 459 3285 516 misit
3305 459 3480 531 Spiri-

211 549 438 612 l’sciunt,
480 557 540 604 ut
577 565 674 620 per
723 550 870 604 illum
916 551 1298 618 exaudiantur,
1353 552 1636 608 dicentes:
1691 551 1796 606 Per
1896 559 2008 604 tum
2059 560 2304 607 sanctum
2347 553 2400 607 in
2453 560 2678 616 terram,
2708 553 2811 607 hoc
2854 560 2957 617 est,
3008 552 3062 606 in
3113 551 3480 622 apostolorum

208 642 496 698 Dominum
530 650 775 697 nostrum
815 640 1002 706 Jesum
1037 642 1333 700 Christum.
1381 644 1536 700 [inde
1579 644 1796 698 intuen-
1893 642 2079 707 corda,
2109 643 2326 712 quando
2355 644 2772 701 resurrectionis
2796 660 2906 700 sua:
2931 653 3173 714 tempore
3195 662 3420 717 surgens
3448 662 3481 704 ιι

205 733 359 801 dum,
389 734 532 804 quod
559 731 799 790 Joannes
837 735 913 789 ita
937 735 1052 792 hac
1079 735 1390 807 descripsit,
1429 735 1656 790 dicens:
1689 733 1798 790 Ve-
1892 737 2141 801 mortu‘s,
2191 734 2482 791 insuiﬂavlt
2513 745 2568 791 et
2615 737 2749 792 dixit
2779 736 2860 792 eis
2900 754 2913 791 ε
2961 736 3192 807 Accipite
3219 735 3480 808 Spiritum

205 826 367 882 nitet
403 827 574 886 stetit.
621 827 822 881 Venire
849 827 1048 897 quippe
1095 829 1164 882 ad
1205 828 1598 883 humanitatem
1627 827 1796 898 pertis-
1891 836 2129 882 sanctum
2156 825 2338 899 (Joan.
2381 827 2471 897 x);
2516 827 2713 883 deinde
2755 828 2904 884 misit
2931 829 3180 883 eumdem
3213 828 3479 900 Spiritum

205 928 319 984 net,
361 934 462 988 per
488 933 653 989 quant
683 919 870 974 habuit
902 919 1137 976 transire
1185 919 1254 974 de
1287 918 1407 974 loco
1449 919 1516 974 ad
1566 919 1743 974 locum
1774 935 1791 975 ε
1893 929 2136 976 sanctum
2161 920 2213 975 in
2242 929 2464 985 terram,
2501 918 2607 976 hoc
2636 930 2739 988 est,
2766 922 2820 976 in
2845 921 3008 976 corda
3040 920 3348 993 gentilium,
3389 921 3483 992 qui

204 1022 356 1068 stare
383 1021 562 1074 autem
593 1012 666 1078 ad
691 1012 1054 1076 divinitatem,
1100 1026 1200 1082 per
1229 1026 1392 1081 quam
1423 1012 1624 1082 ubique
1650 1027 1794 1082 prai-
1891 1013 2237 1068 crediderunt
2265 1013 2316 1068 in
2341 1026 2463 1068 eum
2489 1026 2588 1082 per
2605 1013 3046 1084 praedicationem
3070 1013 3479 1083 apostolorum;

203 1121 332 1161 sens
358 1114 461 1167 est,
504 1102 662 1172 juxta
708 1104 837 1159 illud
867 1120 882 1159 :
915 1103 1114 1160 Casium
1159 1114 1206 1158 et
1229 1113 1423 1158 terram
1465 1120 1558 1175 ego
1604 1103 1796 1173 impleo
1891 1106 2123 1174 primum
2153 1105 2280 1161 fecit
2305 1105 2357 1160 in
2385 1103 2603 1169 Iudaeis,
2642 1108 2745 1162 hoc
2769 1123 2867 1177 per
2901 1122 2958 1163 se
3000 1123 3138 1178 quos
3160 1109 3377 1176 collegit
3406 1107 3476 1164 ad

204 1194 341 1266 (Jer.
365 1194 582 1266 nam).
623 1193 786 1249 Venit
825 1209 956 1263 ergo
997 1193 1064 1248 ad
1093 1207 1194 1248 nos
1236 1209 1333 1264 per
1371 1194 1789 1259 humanitatem,
1893 1194 2053 1251 iidem
2077 1211 2252 1261 suam,
2280 1195 2475 1253 deinde
2501 1197 2554 1251 in
2591 1198 2862 1268 gentibus,
2887 1200 2955 1252 ad
2983 1213 3212 1268 quorum
3249 1199 3482 1255 salutem

201 1287 329 1355 quia
367 1287 751 1343 Verhumcaro
781 1283 983 1339 factum
1017 1292 1122 1349 est,
1153 1292 1208 1338 et
1232 1283 1497 1339 habitavit
1525 1283 1580 1338 in
1609 1285 1791 1350 nobis,
1894 1287 2041 1340 misit
2069 1287 2359 1358 apostolos,
2407 1289 2498 1359 qui
2541 1291 2824 1346 credentes
2869 1292 2922 1345 in
2969 1306 3114 1355 eum,
3162 1297 3482 1346 meruerunt

200 1379 299 1447 qui
346 1377 545 1446 ubique
592 1375 754 1430 habet
781 1391 903 1430 esse
941 1391 1042 1445 per
1077 1375 1415 1430 divinitatem
1445 1415 1460 1439 ,
1496 1377 1796 1430 secundum
1895 1378 2141 1446 accipere
2169 1377 2432 1450 Spiritum
2463 1388 2732 1435 sanctum.
2780 1379 2847 1435 Et
2887 1381 3031 1451 facta
3068 1392 3188 1436 sunt
3219 1384 3478 1450 tonitrua,

197 1485 366 1538 quam
387 1469 563 1524 omnia
587 1467 729 1522 facta
761 1476 904 1524 sunt.
927 1467 1145 1522 Habetis
1175 1466 1510 1523 thuribulum
1539 1482 1790 1524 aureum.
1894 1478 1944 1522 et
1985 1486 2156 1534 voces,
2195 1481 2242 1524 et
2283 1469 2520 1541 fulgura,
2577 1481 2625 1524 et
2664 1481 3013 1526 terrwmolus.
3053 1471 3483 1528 Prtedicantibus

198 1559 341 1627 Quid
368 1575 464 1630 per
490 1559 822 1615 thuribulum
858 1574 1084 1614 aureum
1115 1560 1168 1614 in
1212 1576 1320 1630 quo
1350 1561 1498 1630 ignis
1542 1561 1792 1631 ponitur,
1895 1561 2154 1630 apostolis
2179 1560 2318 1616 facta
2356 1570 2482 1616 sunt
2519 1562 2621 1616 ista
2655 1564 2916 1628 tonitrua,
2949 1564 3001 1618 id
3029 1572 3133 1628 est,
3175 1564 3478 1619 commina-

197 1652 306 1706 nisi
333 1667 530 1721 corpus
567 1651 777 1707 Domini
802 1651 1106 1722 intelligere
1135 1652 1434 1708 debemus?
1462 1653 1616 1709 Tunc
1645 1655 1793 1709 enim
1897 1652 2071 1707 tiones
2109 1661 2164 1708 et
2190 1662 2426 1709 terrores
2466 1661 2561 1709 ut:
2611 1652 2795 1708 Omnis
2839 1655 2997 1708 arbor
3037 1672 3154 1726 quae
3203 1672 3305 1710 non
3352 1655 3484 1726 facit

194 1748 412 1816 accepit
444 1745 796 1811 thuribulum,
831 1747 1047 1816 quando
1093 1763 1204 1802 suto
1242 1747 1506 1802 divinitati
1549 1754 1792 1804 nostram
1897 1742 2128 1810 fructum
2177 1743 2387 1807 bonum,
2458 1744 2756 1808 excidetur,
2813 1753 2861 1796 et
2911 1744 2964 1800 in
3030 1744 3202 1813 ignem
3247 1745 3486 1798 mittetur

195 1837 480 1906 conjunxit
511 1837 916 1904 mortalitatem,
953 1838 1098 1908 quod
1142 1839 1476 1894 thuribulum
1507 1840 1643 1893 bene
1686 1854 1786 1893 au-
1816 1825 1864 1887 B
1897 1833 2111 1906 (Matth.
2153 1836 2274 1896 vn).
2309 1831 2412 1888 Et:
2449 1835 2601 1890 Tunc
2631 1835 2774 1890 dicet
2817 1849 2912 1888 rex
2960 1835 3045 1890 his
3068 1835 3213 1904 quia
3243 1835 3487 1899 sinistris

197 1943 352 1981 reum
384 1927 600 1991 dicitur,
629 1927 754 1996 quia
777 1927 1027 1983 videlicet
1067 1929 1118 1988 in
1155 1929 1271 1999 ipso
1295 1937 1421 1984 sunt
1452 1945 1644 1985 omnes
1673 1930 1792 1985 the.
1893 1933 2052 1978 erunt
2081 1943 2093 1978 :
2127 1925 2390 1979 Discedite
2418 1943 2449 1978 a
2493 1942 2592 1991 me,
2625 1925 2911 1990 maledicti,
2947 1928 3001 1981 in
3039 1928 3208 1997 ignem
3229 1939 3484 1982 internum

196 2023 346 2077 sauri
366 2023 646 2092 sapientiae
672 2031 726 2078 et
746 2023 988 2079 scientia}
1011 2023 1334 2080 absoonditi.
1361 2023 1597 2078 Verbum
1619 2025 1787 2088 enim,
1893 2015 2109 2084 (Matth.
2139 2017 2292 2088 xxv).
2311 2017 2377 2072 Et
2396 2033 2558 2073 voces
2578 2018 3032 2081 exhortationum,
3057 2027 3116 2074 ut
3133 2037 3146 2073 :
3164 2019 3313 2074 Beati
3331 2037 3483 2074 mun-

195 2122 253 2168 ct
275 2113 436 2168 homo
467 2130 570 2168 una
597 2124 681 2170 est
706 2115 995 2185 sapientia,
1021 2115 1088 2170 de
1115 2131 1219 2184 qua
1249 2115 1510 2184 scriptum
1535 2122 1619 2169 est
1644 2131 1656 2168 :
1686 2115 1792 2170 Ac.
1891 2110 1958 2162 do
1979 2110 2156 2175 corde,
2183 2113 2434 2188 quoniam
2459 2111 2555 2180 ipsi
2579 2110 2746 2165 Deum
2770 2111 3243 2180 videbunt(Matm.
3276 2111 3351 2183 v).
3372 2111 3437 2166 Et
3463 2129 3477 2167 :

197 2206 361 2276 cipite
407 2208 729 2277 sapientiam
778 2209 918 2262 sicut
975 2222 1188 2262 aurum.
1242 2207 1538 2261 Possumus
1583 2215 1640 2260 et
1691 2220 1797 2276 per
1891 2201 2045 2256 Beati
2067 2205 2157 2274 qui
2197 2204 2435 2257 habitant
2472 2205 2526 2258 in
2551 2205 2844 2269 domotua,
2888 2203 3154 2258 Domine:
3182 2205 3238 2259 in
3278 2205 3478 2260 alecula

197 2297 534 2352 thuribulum
562 2315 809 2362 aureum,
842 2299 895 2352 in
929 2313 1037 2368 quo
1063 2306 1378 2353 cremantur
1408 2306 1676 2360 aromata,
1707 2297 1790 2351 in-
1891 2293 2207 2347 sa'cuiorum
2231 2293 2524 2371 laudabunt
2569 2304 2617 2350 te
2661 2292 2836 2364 (Psal.
2860 2295 3113 2366 Lxxxm).
3158 2295 3225 2351 Et
3259 2295 3474 2367 fulgura

198 2388 438 2460 telligere
463 2390 780 2456 Ecclesiam,
815 2406 938 2460 quae
965 2391 1092 2462 igne
1113 2391 1279 2445 divini
1307 2391 1510 2445 amoris
1536 2405 1784 2456 accensa,
1890 2392 1944 2438 cl
2005 2394 2242 2439 terrores
2308 2385 2732 2452 miraculorum,
2789 2385 2987 2456 quibus
3058 2385 3246 2443 ﬁdeles
3302 2397 3358 2443 et
3411 2387 3481 2443 ad

197 2481 427 2536 mundas
448 2482 513 2534 ad
541 2481 708 2536 Deum
732 2482 917 2551 dirigit
941 2482 1237 2546 orationes,
1265 2482 1450 2536 dicens
1480 2497 1602 2534 cum
1635 2480 1786 2534 Psal-
1890 2473 2056 2527 vitam
2079 2475 2428 2543 praeordinati
2457 2475 2916 2531 illuminabantur.
2959 2475 3066 2532 Alii
3109 2478 3254 2533 enim
3297 2494 3480 2534 excar-

197 2573 359 2629 mista
381 2592 393 2627 :
413 2573 866 2645 Dirigaturoratio
881 2591 994 2628 mea
1015 2573 1430 2629 sicutincensum
1445 2574 1498 2627 in
1513 2583 1792 2644 conspectu
1889 2564 2174 2630 Cubaullll‘.
2203 2567 2545 2638 aSSignanies
2570 2583 2632 2623 ea
2682 2567 2896 2624 diabolo
2934 2569 3114 2639 potius
3151 2586 3313 2641 quam
3341 2570 3473 2626 Deo.

198 2670 291 2716 tuo
334 2661 507 2733 (Ρεαι,
551 2663 696 2733 (ιιι),
727 2663 860 2719 Nam
907 2673 962 2719 et
987 2665 1103 2733 ipsa
1141 2665 1406 2734 sapientia
1447 2665 1650 2734 repleta
1679 2673 1784 2728 est,
1891 2654 2074 2710 Terra:
2103 2667 2303 2723 motus,
2346 2657 2398 2713 id
2438 2667 2538 2718 est,
2574 2661 2981 2729 persecutiones
3023 2670 3214 2718 contra
3247 2663 3476 2719 creden-

199 2767 364 2822 quam
395 2755 463 2810 ab
495 2755 610 2824 ipso
635 2769 734 2814 suo
773 2755 1014 2824 percepit
1041 2755 1236 2825 capite.
1274 2753 1340 2808 Et
1372 2755 1498 2808 data
1537 2765 1658 2809 sunt
1707 2755 1792 2809 illi
1891 2757 1992 2814 tes,
2028 2750 2224 2819 quibus
2252 2749 2328 2804 illi
2359 2759 2703 2806 exercentur.

198 2847 411 2901 incensa
433 2845 620 2902 mut’ta.
664 2846 803 2914 Quid
841 2848 1057 2902 incensa
1085 2845 1410 2917 signiﬁcent,
1452 2855 1508 2902 et
1537 2847 1788 2916 supradi-
1962 2839 2030 2894 Et
2057 2851 2247 2911 septem
2265 2841 2436 2912 angeli
2460 2844 2550 2913 qui
2573 2843 3031 2915 habebantseptem
3055 2846 3230 2911 tubas,
3268 2862 3475 2918 propa-

199 2947 348 2994 ctnm
371 2947 476 3004 est,
507 2948 563 2995 et
591 2940 680 2995 hic
709 2947 894 3010 aperte
938 2938 1426 3003 manifestestatur,
1451 2954 1575 2993 cum
1597 2937 1786 3008 subdi-
1890 2942 2204 2988 raverantse
2225 2942 2281 2986 ut
2307 2933 2431 2987 tuba
2455 2945 2722 3000 canerent,
2745 2935 2918 3001 idest,
2942 2953 3132 2994 omnes
3153 2939 3477 3008 prtedicato-

198 3039 322 3086 tur:
357 3029 424 3086 Ut
446 3033 592 3087 daret
616 3031 682 3088 de
705 3031 1032 3098 orationibus
1052 3041 1355 3086 sanctorum
1379 3030 1610 3086 omnium
1633 3045 1790 3100 super
1891 3040 1980 3080 res
2029 3023 2348 3080 universalis
2401 3023 2679 3090 Ecclesiw,
2729 3027 2819 3095 qui
2870 3027 3146 3084 habebant
3191 3029 3477 3085 scientiam

199 3122 369 3178 altare
405 3139 648 3190 aureum,
671 3125 811 3195 quod
833 3135 907 3179 est
940 3134 1060 3179 ante
1081 3125 1345 3179 thronum.
1379 3123 1484 3195 ipsi
1513 3123 1658 3180 enim
1685 3139 1767 3179 ant

1907 3115 2120 3169 luorum
2153 3121 2630 3181 testamentorum,
2673 3124 3112 3185 pmparaverunt
3150 3131 3210 3172 se
3255 3125 3317 3172 ut
3351 3118 3475 3173 tuba

199 3214 318 3287 gelo
368 3215 566 3271 damur
593 3179 835 3282 inc'ensa,
881 3226 939 3272 ut
986 3232 1046 3272 ea
1101 3232 1265 3286 super
1308 3179 1500 3280 ana-re,
1549 3216 1652 3273 hoc
1678 3225 1783 3284 est,
1815 3179 1862 3258 (ξ
1896 3213 2174 3272 canerent,
2209 3205 2263 3260 id
2292 3213 2394 3272 est,
2424 3213 2483 3260 ut
2531 3205 2804 3276 Evangelii
2845 3206 3091 3265 doctrina
3137 3208 3473 3266 insonarent.

199 3321 362 3376 super
389 3308 740 3378 semetipsum
781 3306 973 3364 oii’erat
1002 3309 1112 3364 Deo
1135 3307 1305 3370 Patri,
1349 3323 1447 3379 per
1471 3322 1632 3379 quem
1659 3323 1787 3364 ora-
1889 3302 2108 3360 Duobus
2136 3301 2312 3358 modis
2335 3316 2396 3357 se
2415 3309 2720 3372 praeparant
2740 3301 2898 3357 electi
2927 3302 2993 3357 ad
3022 3302 3426 3373 praedicandum
3455 3321 3470 3358 :

199 3397 374 3454 tiones
403 3407 458 3455 et
482 3400 662 3455 omnia
686 3415 848 3471 opera
879 3416 973 3456 sua
997 3399 1172 3455 sancti
1197 3400 1268 3455 ad
1285 3398 1499 3455 Patrem
1521 3399 1784 3471 dirigunt,
1886 3395 2094 3465 primo,
2128 3393 2256 3463 quia
2292 3400 2581 3464 antequam
2605 3390 2829 3448 verbum
2857 3392 3255 3464 praedicationis
3281 3393 3347 3448 ad
3376 3407 3477 3462 pu-

197 3490 347 3546 iuxta
377 3493 519 3562 quod
549 3492 808 3563 scriptum
838 3501 922 3548 est
963 3510 976 3546 :
1028 3491 1090 3548 Si
1124 3492 1241 3563 quis
1288 3492 1594 3562 peccaverit,
1627 3491 1788 3546 αάυο-
1886 3483 2086 3539 blicum
2114 3481 2415 3552 proferant,
2461 3481 2704 3552 cogitant
2746 3481 3199 3552 quemadmodum
3246 3481 3473 3554 singulis

199 3593 374 3638 catum
411 3585 660 3642 habemus
707 3585 849 3657 apud
891 3583 1105 3640 Patrem
1153 3581 1334 3639 Iesum
1382 3580 1652 3639 Christum
1689 3583 1785 3655 ju-
1885 3575 2136 3649 personis
2163 3576 2388 3632 verbum
2417 3583 2603 3647 aptent
2635 3575 2928 3631 secundum
2967 3573 3255 3646 qualitates
3295 3576 3480 3648 singu-

197 3686 358 3742 stum,
393 3687 438 3732 et
469 3679 578 3749 ipse
623 3688 699 3733 est
749 3678 1049 3748 propitiatio
1093 3693 1188 3748 pro
1225 3677 1452 3748 peccatis
1496 3675 1685 3733 nostris
1729 3673 1786 3749 (Ι
1886 3670 2085 3737 lorum,
2119 3669 2392 3742 quomodo
2434 3669 2644 3726 scilicet
2672 3669 2866 3736 servis,
2907 3669 3178 3742 quomodo
3217 3669 3471 3734 dominis,

196 3765 360 3822 Joan.
414 3767 498 3837 ιι).
725 3833 730 3839 ,
1886 3761 2159 3832 quomodo
2208 3760 2470 3832 praelatis,
2523 3761 2796 3832 quomodo
2862 3761 3144 3833 subjectis,
3208 3761 3480 3832 quomodo

275 3859 340 3912 Et
372 3859 604 3913 ascendit
631 3858 807 3926 fumus
833 3875 1163 3914 incensos-um
1209 3860 1274 3913 ds
1311 3859 1635 3914 orationibus
1656 3875 1786 3913 san-
1888 3851 2332 3922 simplicioribus,
2385 3853 2657 3921 quomodo
2691 3851 3129 3920 perfectioribus,
3162 3851 3302 3906 sicut
3334 3851 3478 3905 Pau-

202 3958 403 4003 ctorum
447 3950 512 4003 de
548 3967 709 4004 manu
759 3950 949 4021 angeli.
1003 3948 1159 4005 Sicut
1199 3949 1380 4005 fumus
1415 3965 1483 4004 ex
1525 3949 1786 4006 crematis
1887 3941 1994 4007 1118,
2020 3942 2112 4013 qui
2140 3942 2408 4013 benignos
2433 3941 2758 3997 Ιιοΐιθῦδιιιν
2795 3941 3061 4007 dominos.
3085 3950 3144 3996 ιιι
3166 3941 3482 3998 misericors

203 4043 534 4097 aromatibus
576 4027 914 4112 procreatur,
955 4043 1036 4099 slc
1058 4043 1230 4098 virtus
1256 4043 1691 4114 compunctionis
1717 4057 1787 4099 ex
1889 4034 2035 4090 diam
2058 4032 2434 4103 impenderent
2467 4032 2660 4097 servis.
2689 4031 2926 4088 scientes
2953 4030 3212 4102 quoniam
3239 4047 3482 4088 commu-

201 4137 379 4192 studio
399 4136 661 4191 orationis
688 4136 942 4212 gignitur.
976 4135 1083 4192 Sed
1108 4135 1176 4192 de
1203 4152 1364 4191 manu
1396 4135 1574 4208 angeli
1598 4149 1769 4191 coran

1914 4126 1976 4181 iis
1999 4125 2240 4180 omnium
2287 4123 2550 4180 Dominus
2591 4123 2648 4178 in
2693 4123 2834 4179 cmlo
2879 4131 2981 4180 est.
3037 4121 3238 4180 Servos
3265 4138 3482 4194 quoque

200 4228 312 4283 Deo
329 4229 644 4294 ascendunt,
661 4229 784 4299 quia
813 4244 912 4299 per
934 4227 1354 4299 Redemptorem
1373 4236 1642 4294 nostrum,
1666 4242 1788 4299 qua
1889 4218 2144 4274 monebat
2184 4225 2246 4272 ut
2289 4215 2528 4272 debitum
2574 4216 2950 4286 impenderent
2975 4214 3228 4282 dominis,
3258 4230 3366 4271 non
3411 4216 3480 4271 ad

200 4333 232 4374 a
268 4317 518 4375 ﬁdelibus
544 4319 976 4384 committuntur,
1009 4319 1077 4374 ad
1122 4318 1290 4375 Deum
1337 4319 1556 4375 Patrem
1590 4333 1786 4392 perve—
1889 4308 2107 4365 Gellium
2155 4307 2476 4364 δεννίεηῑθε-
2539 4304 2632 4361 νει
2672 4314 2824 4364 θθηο
2862 4313 3173 4377 Ρτκρθτθηι
3221 4319 3301 4370 δθν
3351 4306 3478 4376 qm“

199 4409 376 4465 niunt.
407 4409 542 4476 Quia
573 4424 704 4465 vero
730 4409 876 4481 ignis
906 4409 1140 4465 mittitur
1168 4408 1223 4463 in
1247 4407 1543 4475 thuribuio,
1574 4416 1634 4463 ut
1662 4407 1788 4464 inde
1891 4417 2012 4474 quae
2038 4399 2386 4472 pnedicatur-i
2417 4408 2564 4465 sunt,
2597 4398 2751 4474 prius
2789 4397 2893 4470 ipsi
2938 4397 3168 4464 faciunt,
3214 4397 3480 4469 primum-

199 4498 380 4554 fumus
413 4507 719 4570 generetur,
758 4507 910 4570 patet
939 4500 1102 4570 (sicut
1125 4499 1332 4572 dictum
1361 4497 1465 4570 est)
1504 4497 1648 4568 quod
1689 4512 1790 4568 per
1810 4545 1866 4608 D
1891 4509 1997 4566 que
2021 4509 2085 4550 ea
2114 4494 2169 4548 in
2199 4507 2258 4548 se
2283 4492 2577 4608 ostendunt
2612 4489 2787 4608 laetis,
2834 4490 3031 4550 deinde
3066 4490 3239 4596 etiam
3269 4489 3472 4608 ierb'is,

201 4589 536 4644 thuribulum
564 4597 618 4644 et
643 4590 758 4660 ipse
798 4589 1079 4655 Dominus,
1132 4595 1189 4643 et
1239 4597 1411 4643 totum
1441 4601 1640 4657 corpus
1669 4587 1788 4658 ejus
1810 4578 1866 4628 Ψ
1890 4597 1952 4645 ut
1980 4586 2253 4658 simplices
2288 4583 2538 4656 exemplo
2565 4584 2885 4639 erudiantur
2929 4582 3148 4655 operis:
3183 4578 3477 4652 perfectio-

199 4678 538 4750 intelligitur,
569 4679 624 4733 in
649 4695 758 4750 quo
788 4679 1020 4735 mittitur
1056 4678 1197 4752 ignis
1228 4678 1463 4750 Spiritus
1489 4677 1686 4744 sancti,
1719 4677 1786 4733 de
1891 4696 1982 4737 res
2007 4694 2160 4746 vero,
2191 4678 2360 4732 verbo
2386 4673 2800 4732 exhortationis.
2837 4671 2932 4730 Sic
2961 4674 3106 4730 enim
3134 4670 3264 4728 fecit
3292 4680 3348 4727 et
3374 4669 3478 4726 Do-

197 4786 307 4842 quo
335 4770 592 4826 Dominus
629 4771 759 4826 dicit
787 4789 800 4824 :
853 4770 1034 4842 Ignem
1077 4771 1196 4825 veni
1223 4770 1426 4824 mittere
1461 4769 1518 4823 in
1567 4778 1785 4824 terram.
1890 4776 2092 4839 minus,
2118 4772 2270 4843 juxta
2298 4771 2442 4842 quod
2467 4770 2644 4827 Lucas
2668 4769 2836 4826 dicit:
2871 4768 3012 4838 Quia
3031 4770 3181 4841 erepit
3204 4768 3362 4826 Iesus
3386 4767 3474 4826 fa-

197 4863 354 4937 (Luc.
392 4866 516 4931 xu.)
542 4863 650 4920 Isto
687 4864 810 4935 igne
834 4864 992 4920 electi
1038 4865 1274 4930 accensi,
1314 4873 1369 4921 et
1394 4863 1602 4919 fumum
1633 4878 1786 4919 eom-
1890 4882 2008 4923 cere
2032 4874 2082 4920 et
2105 4865 2292 4919 docere
2315 4862 2452 4935 (Act.
2478 4863 2540 4934 ι).

197 4954 510 5025 punctionis
533 4954 604 5011 ad
648 4954 816 5010 Deum
864 4969 963 5026 per
1001 4953 1279 5010 Christum
1323 4954 1584 5026 dirigunt,
1630 4962 1686 5012 et
1717 4955 1793 5012 ad
1968 4955 2033 5010 Et
2061 4956 2262 5026 primus
2297 4951 2511 5024 angelus
2538 4951 2663 5006 tuba
2700 4951 2904 5006 cecinit.
2953 4947 3109 5017 Quod
3136 4955 3221 5004 est
3262 4947 3472 5017 primus

199 5043 296 5100 Dei
326 5060 566 5102 amorem
591 5055 647 5102 et
674 5046 903 5117 proximi
933 5045 1323 5102 accenduntur.
1889 5046 2133 5117 angelus,
2175 5046 2279 5100 hoc
2305 5050 2595 5115 sequentes
2621 5061 2634 5095 :
2665 5043 2794 5112 quia
2824 5041 2967 5112 quod
3005 5055 3166 5106 unus,
3209 5040 3314 5095 hoc
3342 5048 3482 5096 sunt-

273 5137 342 5190 Et
381 5139 575 5208 accepit
618 5137 832 5209 angelus
873 5137 1218 5205 thuribulum,
1243 5147 1292 5194 et
1313 5138 1540 5209 impleuit
1562 5139 1697 5194 illud
1719 5139 1786 5195 de
1887 5149 1945 5197 et
1976 5146 2204 5210 septem,
2238 5136 2291 5190 id
2339 5144 2446 5202 est,
2486 5133 2670 5190 omnis
2727 5131 2969 5188 Ecclesia
3013 5139 3346 5188 sanctorum.
3402 5128 3474 5184 Et

197 5231 317 5302 igne
333 5229 538 5285 altaris.
563 5229 714 5285 Tunc
738 5233 881 5287 enim
923 5231 1145 5304 angelus
1188 5232 1521 5288 thuribulum
1550 5233 1782 5306 accepit,
1889 5233 2032 5304 facta
2061 5239 2137 5286 est
2166 5228 2370 5301 grando
2391 5237 2440 5282 et
2459 5227 2594 5298 ignis
2612 5226 2770 5282 mista
2802 5226 2854 5281 in
2875 5225 3147 5296 sanguine.
3187 5224 3292 5280 Per
3313 5237 3474 5294 gran-

194 5339 322 5382 cum
355 5326 613 5380 Dominus
655 5326 755 5380 sibi
802 5327 943 5383 intra
994 5336 1208 5384 uterum
1261 5328 1486 5399 virginis
1531 5337 1782 5382 naturam
1888 5325 2070 5381 dinem
2110 5322 2190 5377 ira
2239 5318 2625 5389 omnipotentis
2659 5316 2754 5374 Dei
2790 5317 3120 5391 designatur,
3152 5316 3296 5372 unde
3340 5315 3474 5372 scri-

197 5419 492 5476 bumanam
519 5416 819 5488 conjunxit,
854 5420 938 5474 vel
975 5437 1096 5476 cum
1126 5423 1359 5493 primum
1407 5421 1460 5476 in
1492 5419 1673 5477 Judaea
1703 5421 1788 5476 di-
1888 5426 2041 5492 ptum
2071 5424 2156 5472 est
2181 5431 2196 5470 :
2224 5413 2309 5468 ira
2333 5412 2544 5468 Domini
2583 5411 2724 5468 sicut
2749 5411 2957 5482 grando
2977 5409 3335 5466 descendens.
3369 5406 3476 5462 Pet!

196 5510 434 5582 scipulos
459 5511 642 5584 elegit,
671 5511 798 5580 quia
819 5526 927 5567 non
960 5512 1025 5568 de
1067 5514 1173 5570 alio
1204 5515 1420 5585 spiritu,
1469 5513 1563 5570 sed
1590 5528 1656 5568 ex
1703 5527 1790 5569 se-
1888 5499 2070 5582 ignem
2095 5515 2295 5570 autem,
2325 5505 2506 5561 odium
2541 5512 2598 5560 et
2628 5495 2829 5559 invidia
2871 5501 3188 5572 intelligitur
3216 5499 3474 5571 reprobo-

196 5606 317 5676 ipso
347 5604 412 5659 de
441 5619 547 5676 quo
570 5603 787 5674 impleta
828 5615 912 5658 est
942 5603 1206 5672 Ecclesia,
1245 5608 1362 5678 ipse
1407 5605 1634 5678 replevit
1665 5621 1787 5662 cor—
1887 5617 2009 5657 rum
2045 5600 2305 5656 adversus
2325 5605 2563 5652 sanctos.
2604 5594 2799 5651 Statim
2839 5595 2982 5651 enim
3008 5602 3068 5650 ut
3100 5590 3328 5664 apostoli
3362 5604 3472 5644 cm-

195 5711 301 5768 pus
320 5711 505 5761 suum;
524 5710 709 5749 verum
727 5704 953 5750 cazteros
968 5695 1034 5750 ad
1051 5712 1384 5766 mensuram,
1403 5700 1578 5770 ipsum
1599 5706 1782 5754 autem
1886 5701 2085 5766 perunt
2111 5692 2406 5765 praedicare
2444 5688 2785 5760 grandinem,
2815 5687 2870 5744 id
2891 5696 2994 5754 est,
3023 5684 3319 5741 vindictam
3353 5681 3468 5747 Dei,

195 5789 474 5862 plenitudo
503 5788 724 5860 spiritus
751 5787 1016 5859 implevit.
1043 5788 1112 5844 Et
1148 5791 1287 5846 misit
1312 5793 1367 5846 in
1401 5801 1617 5848 terram.
1667 5790 1763 5846 H04

1903 5785 2106 5857 reprobi
2137 5782 2350 5840 accensi
2379 5789 2506 5839 sunt
2543 5780 2662 5838 zelo
2699 5788 2754 5836 et
2799 5779 2946 5845 odio,
2989 5776 3132 5850 quod
3171 5788 3269 5847 per
3289 5772 3471 5843 ignem
