3972 6448
519 426 665 505 ton

987 406 1342 483 HAYMONIS
1380 420 1858 478 HALBERSTAT.
1901 420 2117 477 EPISC.
2160 411 2312 479 ore.
2353 424 2537 483 rans
2573 420 2617 483 ι.
2654 457 2727 469 -
2762 426 3120 488 COMMENT.
3158 432 3333 492 BIBL.

3685 437 3823 501 ωιιὲ

518 539 852 612 designatur.
889 538 1041 606 Quod
1067 545 1249 592 autem
1296 542 1419 605 post
1445 534 1622 605 ignem
1666 532 1887 604 sanguis
1915 530 2096 600 sequi-
2126 530 2183 591 A
2204 530 2347 589 Deus
2367 544 2460 590 aut
2479 537 2620 608 quod
2646 538 2838 594 colitur
2854 539 2943 613 (II
2975 539 3155 598 Thess.
3183 545 3267 617 ιι).
3302 544 3430 618 Igne
3483 549 3697 617 ardet,
3724 547 3827 607 hoe

519 640 632 698 tur,
666 632 733 688 ad
759 630 1162 686 damnationem
1191 628 1547 698 reproborum
1580 625 1841 694 pertinet,
1872 623 1999 695 quia
2026 622 2106 676 vi-

517 723 717 782 delicet
762 722 908 777 velut
954 720 1239 777 homicidae
1287 719 1585 774 humanum
1628 715 1944 790 sanguinem
1985 713 2106 768 l'un-

518 815 729 879 dentes,
756 813 832 867 ita
880 813 1014 868 tales
1049 811 1141 882 qui
1172 810 1401 867 insecuti
1438 818 1568 864 sunt
1601 823 1761 864 veros
1789 806 2104 878 praedicato-

515 923 628 973 res,
678 906 952 978 peribunt,
1002 906 1217 960 dicente
1266 903 1537 959 Domino:
1585 899 1691 968 Qui
1737 900 1846 955 odit
1887 899 2104 970 fratrem

513 1015 692 1061 suum,
731 1014 850 1053 reus
872 997 969 1051 erit
988 997 1199 1068 judicio
1228 994 1446 1066 (Matth.
1488 993 1564 1063 v).
1594 991 1660 1046 Et
1690 990 1967 1047 Joannes:
1998 988 2104 1055 Qui

516 1090 626 1145 odit
651 1089 869 1161 fratrem
914 1104 1089 1152 suum,
1128 1085 1390 1139 homicida
1438 1095 1512 1138 est
1559 1081 1610 1155 (1
1636 1082 1796 1137 Joan.
1839 1081 1945 1153 nt).
1983 1079 2102 1135 Non

513 1194 696 1240 autem
740 1185 959 1249 mirum,
992 1183 1037 1238 si
1082 1182 1206 1237 inde
1232 1181 1388 1236 electi
1428 1179 1771 1235 clementiam
1800 1176 2100 1241 inveniunt,

512 1275 659 1331 unde
712 1273 929 1344 reprobi
996 1271 1136 1326 iram
1183 1271 1487 1332 incurrunt,
1538 1270 1754 1325 dicente
1795 1265 2098 1336 Apostolo:

516 1366 657 1432 Quia
684 1365 805 1420 aliis
834 1380 1016 1419 sumus
1047 1362 1179 1416 odor
1220 1362 1401 1416 mortis
1441 1361 1496 1413 in
1540 1369 1778 1423 mortem,
1821 1357 1943 1412 aliis
1971 1356 2103 1410 odor

514 1460 634 1513 vitae
673 1460 729 1513 in
758 1459 915 1513 vitam
953 1455 1041 1528 (II
1069 1455 1191 1511 Cor.
1230 1453 1312 1523 ιι).
1350 1453 1418 1507 Ει
1448 1451 1666 1529 Sitneon
1717 1450 1784 1506 de
1824 1450 1942 1520 ipso
1993 1448 2098 1501 Do-

513 1551 705 1606 mino:
741 1550 877 1605 Ecce
901 1550 1102 1620 positus
1135 1556 1207 1601 est
1234 1545 1318 1600 hic
1341 1545 1396 1599 in
1420 1545 1629 1599 ruinam
1670 1553 1717 1598 et
1755 1541 2099 1598 resurrectio-

513 1661 631 1698 nem
661 1643 945 1699 multorum
973 1642 1026 1695 in
1049 1637 1219 1694 Israel
1242 1636 1394 1711 (Luc.
1438 1637 1522 1703 ιι).
1566 1635 1634 1690 Ει
1671 1635 1890 1689 missum
1926 1641 2000 1688 est
2047 1631 2102 1686 in

512 1745 729 1798 terram,
769 1743 817 1788 et
839 1734 994 1788 tertia
1037 1747 1159 1801 pars
1208 1742 1361 1783 terra:
1406 1726 1675 1781 combusta
1718 1735 1812 1789 est,
1856 1732 1904 1779 et
1948 1723 2100 1777 tertia

446 1840 453 1851 ‘
509 1843 637 1898 pars
683 1825 930 1879 arborum
974 1822 1241 1877 combusta
1293 1828 1389 1884 est,
1435 1828 1483 1872 et
1527 1833 1677 1871 omne
1714 1815 1892 1886 fenum
1938 1813 2102 1868 uiride

2204 636 2307 692 est,
2336 628 2543 685 malitia
2579 640 2637 686 et
2666 631 2870 690 invidia
2910 643 3219 707 torquetur.
3277 638 3431 697 Unde
3470 651 3533 697 et
3571 642 3820 714 primum

2205 718 2479 777 hominem
2498 721 2702 781 idcirco
2721 726 2951 797 decepit,
2974 729 3104 799 quia
3134 729 3329 787 invidit
3349 733 3399 788 ei
3423 734 3630 790 ιοειιω
3659 752 3820 807 quem

2203 813 2322 885 ipse
2341 816 2672 886 perdiderat.
2704 817 2900 877 Missus
2926 830 3011 877 est
3036 823 3092 878 in
3118 839 3289 889 mare,
3316 826 3555 893 hocest,
3586 829 3816 887 inmun-

2204 904 2352 974 dum,
2397 915 2455 963 et
2498 909 2557 964 in
2593 911 2848 968 cordibus
2902 916 3258 985 reproborum
3306 918 3579 977 habitare
3629 926 3813 994 cepit.

2202 998 2445 1058 Canente
2466 1001 2655 1074 itaque
2682 1005 2811 1061 tuba
2841 1007 3053 1078 angelo,
3083 1025 3241 1067 mons
3281 1027 3526 1086 magnus
3570 1015 3712 1088 igne
3740 1030 3817 1071 ar-

2203 1092 2337 1149 dens
2370 1092 2569 1150 missus
2608 1103 2696 1151 est
2738 1097 2796 1152 in
2822 1113 2994 1165 mare,
3019 1101 3146 1171 quia
3190 1104 3536 1172 pradicante
3565 1106 3807 1164 Ecclesia

2203 1180 2258 1235 in
2284 1182 2398 1237 suis
2437 1182 2769 1251 doctoribus,
2799 1187 3054 1246 excluws
3075 1199 3161 1246 est
3193 1192 3263 1248 ab
3290 1193 3380 1249 his
3401 1194 3683 1252 diabolus
3722 1198 3805 1268 qui

2204 1270 2272 1326 ad
2301 1272 2465 1327 vitam
2506 1282 2766 1331 aeternam
2790 1287 2947 1332 erant
2982 1279 3352 1348 praeordinati,
3391 1292 3453 1339 et
3492 1284 3807 1355 compulsis

2202 1368 2289 1416 est
2318 1361 2496 1418 redire
2536 1364 2605 1418 ad
2632 1379 2780 1432 suos,
2808 1382 2917 1421 non
2942 1369 3085 1437 quod
3113 1370 3168 1425 in
3199 1371 3283 1427 eis
3310 1382 3441 1429 ante
3473 1389 3602 1430 non
3630 1374 3802 1441 fuerit,

2204 1453 2299 1510 sed
2321 1455 2468 1524 quod
2494 1455 2739 1526 abiectus
2761 1459 2831 1515 ab
2858 1460 2999 1528 istis,
3026 1475 3093 1518 eo
3121 1464 3353 1535 amplius
3378 1470 3653 1540 repmbis
3672 1472 3802 1527 dam-

2202 1545 2322 1635 nari
2362 1547 2548 1618 erepit.
2595 1547 2664 1603 Et
2691 1550 2834 1619 facta
2878 1562 2954 1608 est
2995 1555 3148 1610 tertia
3190 1573 3317 1624 pars
3351 1562 3534 1616 maris
3576 1567 3795 1635 sanguis.

2204 1633 2297 1691 Sic
2326 1637 2501 1694 visum
2529 1648 2614 1694 est
2640 1639 2718 1696 illi
2754 1640 2957 1699 factum
2988 1645 3044 1701 in
3088 1648 3250 1715 mari,
3279 1649 3427 1707 sicut
3450 1651 3603 1709 olim
3635 1633 3792 1712 ne...

2204 1724 2409 1782 factum
2455 1729 2508 1783 in
2558 1729 2812 1803 Egypto,
2865 1734 2934 1790 ad
2981 1749 3261 1808 egressum
3311 1739 3570 1798 ﬁliorum
3624 1745 3788 1803 Israel.

2204 1819 2375 1877 Porro
2400 1837 2498 1892 per
2523 1838 2719 1893 aquam
2769 1826 2824 1881 in
2872 1829 3189 1900 sanguinem
3233 1847 3478 1903 versam,
3539 1839 3787 1908 sapientia

510 1886 834 1971 combustum
876 1923 972 1968 est.
1023 1913 1126 1968 Per
1177 1919 1377 1967 terram
1420 1907 1621 1963 terreni
1657 1906 1904 1998 homines
1953 1903 2098 1998 desit
2128 1886 2439 1971 Bcamalis
2496 1916 2836 1990 intelligitur,
2894 1886 3016 1990 qua:
3072 1922 3128 1978 in
3176 1886 3507 1998 sanguinein
3539 1886 3780 1995 :errtitur.

508 2014 765 2076 gnantur,
797 2017 959 2073 super
987 2016 1125 2073 quos
1147 2001 1229 2056 ira
1259 1998 1646 2068 omnipotentis
1675 1994 1772 2051 Dei
1797 1993 1962 2050 cadit.
1989 1992 2095 2047 Sed

509 2112 634 2152 cum
654 2096 856 2151 dictum
873 2101 979 2159 est,
1008 2092 1152 2163 quod
1177 2090 1338 2147 tertia
1359 2105 1486 2160 pars
1504 2097 1661 2143 terra:
1685 2086 1966 2142 combusta
1989 2092 2094 2147 est,

507 2187 591 2241 sic
637 2185 912 2249 videntur,
957 2182 1077 2238 haec
1126 2179 1292 2237 verba
1341 2194 1556 2240 sonare,
1589 2177 1743 2247 quasi
1790 2175 1844 2230 in
1891 2175 2098 2231 duabus

507 2273 755 2345 partibus
802 2272 1099 2328 electorum
1151 2270 1334 2341 plures
1380 2268 1783 2332 remanserint,
1827 2280 1989 2337 quam
2041 2263 2095 2319 in

507 2364 667 2419 tertia
693 2363 972 2435 perierint,
1000 2363 1093 2419 sed
1122 2378 1229 2418 non
1266 2372 1352 2417 est
1384 2361 1483 2426 ita,
1516 2360 1643 2430 quia
1683 2358 1942 2429 scriptum
1970 2364 2055 2413 est
2080 2374 2093 2410 :

509 2455 660 2511 Multi
689 2463 815 2510 sunt
844 2454 1040 2520 vocati,
1072 2453 1228 2525 pauci
1258 2468 1387 2508 vero
1412 2452 1588 2507 electi.
1635 2450 1694 2505 In
1740 2449 1949 2505 duabus
1995 2449 2123 2503 ita-'

506 2564 613 2619 que
639 2549 885 2619 partibus
928 2546 1461 2618 comprehenduntur
1491 2558 1681 2599 omnes
1708 2542 1855 2607 boni,
1883 2540 1976 2612 qui
2015 2539 2099 2596 di-

504 2641 609 2696 visi
642 2649 768 2696 sunt
788 2641 843 2695 in
871 2639 1015 2695 duali
1048 2654 1293 2703 numero,
1328 2638 1380 2691 id
1409 2645 1516 2700 est,
1549 2637 1601 2691 in
1628 2634 1867 2705 praelatis
1890 2643 1944 2690 et
1972 2633 2102 2689 sub-

501 2733 684 2804 jectis,
718 2733 771 2787 iu
813 2731 1256 2803 praedicatoribus
1296 2738 1352 2784 et
1391 2728 1749 2795 auditoribus,
1788 2728 1855 2791 de
1898 2725 2100 2798 quibus

508 2824 882 2894 supradictum
913 2832 1032 2879 est:
1082 2823 1281 2878 Beatus
1327 2823 1419 2893 qui
1468 2821 1598 2893 legit
1644 2829 1700 2878 et
1742 2820 1895 2877 audit
1933 2821 2096 2876 verba

505 2914 804 2985 prophetiae
838 2913 1017 2984 hujus.
1063 2912 1120 2968 lu
1173 2913 1330 2968 tertia
1374 2922 1555 2967 autem
1595 2921 1747 2983 parte
1785 2926 1974 2969 omnes
2011 2927 2100 2968 re-

505 3007 686 3079 probi,
716 3007 769 3062 id
799 3014 884 3061 est
909 3005 1171 3073 haeretici,
1199 3005 1416 3077 pagani,
1459 3004 1651 3069 Judaei,
1683 3012 1737 3058 et
1775 3003 1898 3059 falsi
1940 3004 2087 3058 chri-

504 3098 688 3153 stiani.
722 3096 898 3167 Super
921 3096 1020 3152 hos
1059 3112 1249 3152 omnes
1272 3097 1499 3167 grando,
1544 3095 1594 3151 id
1631 3104 1714 3151 est
1742 3096 1822 3150 ira
1853 3094 1970 3161 Dei,
1999 3109 2098 3149 ve-

502 3189 587 3245 nit
621 3199 677 3245 et
704 3187 844 3259 ignis
883 3195 1097 3244 aeternae
1143 3187 1526 3252 damnationis,
1554 3204 1678 3243 cum
1725 3187 2004 3258 sanguine,
2039 3186 2093 3240 id

502 3290 608 3348 est,
648 3279 884 3335 vindicta
926 3278 1204 3335 homicidii
1251 3288 1307 3335 et
1354 3288 1676 3336 caeterorum
1719 3287 2091 3349 peccatorum,

507 3388 628 3443 quze
653 3386 750 3441 per
789 3370 1105 3441 sanguinem
1152 3369 1546 3440 intelliguntur,
1586 3369 1742 3441 juxta
1783 3368 1959 3424 illud:
2005 3366 2096 3422 Li-

508 3464 632 3517 bera
674 3477 757 3516 me
805 3460 870 3514 de
910 3459 1254 3529 sanguinibus
1284 3446 1476 3531 '(Psitl.
1520 3460 1597 3530 ι).
1642 3458 1841 3515 Verum
1876 3460 1981 3516 hoc
2009 3468 2097 3516 est

506 3564 674 3619 terra,
707 3552 851 3622 quod
899 3552 1145 3617 arbores,
1189 3552 1243 3606 id
1278 3561 1361 3608 est
1410 3553 1676 3608 malorum
1724 3568 1956 3609 summa.
1989 3553 2095 3626 Ipsi

506 3645 652 3699 enim
684 3652 810 3697 sunt
837 3651 980 3697 terra
1010 3650 1316 3712 quaerentes
1347 3651 1585 3709 terrena,
1615 3643 1718 3714 ipsi
1755 3639 1971 3715 quoque
1999 3659 2094 3700 ar-

504 3734 666 3789 bores
693 3730 1049 3788 iustabilitate
1074 3741 1350 3803 nutantes,
1391 3734 1458 3790 de
1490 3733 1687 3805 quibus
1729 3749 1828 3807 per
1859 3735 2095 3808 Aposto-

504 3824 623 3880 lum
676 3824 912 3881 dicitur:
948 3824 1014 3880 Hi
1059 3834 1185 3883 sunt
1227 3826 1448 3883 arbores
1500 3828 1876 3897 autunmales,
1922 3829 2095 3884 infru-

504 3930 730 3988 ctuosae,
771 3920 1082 3987 eradicaue,
1114 3919 1197 3978 bis
1238 3931 1483 3980 mortuae.
1527 3921 1683 3991 Quod
1723 3931 1901 3978 autem
1930 3938 2094 3980 omne

502 4015 689 4074 fenum
721 4014 892 4070 viride
927 4014 1268 4070 combustum
1299 4030 1420 4071 esse
1464 4015 1688 4082 dicitur,
1716 4015 1945 4085 repetita
1970 4030 2085 4070 sen-

505 4110 676 4167 tentia
704 4120 808 4176 est,
838 4113 895 4168 in
926 4113 1088 4169 tertia
1109 4122 1265 4184 parte
1291 4112 1520 4178 scilicet,
1547 4112 1690 4168 sicut
1723 4121 1779 4167 et
1805 4127 1999 4182 supra,
2038 4110 2095 4165 id

506 4208 593 4255 est
618 4210 917 4257 memorata
970 4217 1098 4273 pars
1146 4201 1407 4258 malorum
1445 4201 1536 4272 qui
1567 4200 1748 4258 fenum
1795 4210 1940 4266 sunt,
1989 4201 2093 4257 hoc

506 4299 612 4358 est,
640 4291 945 4348 illccebrosi
965 4303 1019 4349 et
1043 4293 1365 4365 voluptuosi,
1388 4294 1659 4350 luxuriam
1682 4309 1836 4351 suam
1862 4308 2094 4364 sequen-

504 4392 616 4442 tes.
640 4382 720 4439 De
745 4383 940 4441 talibus
967 4387 1229 4456 propheta
1259 4386 1392 4441 dicit
1421 4406 1435 4440 :
1478 4385 1665 4441 Omnis
1715 4402 1839 4440 caro
1886 4385 2088 4456 fenum,

505 4485 554 4533 et
578 4477 748 4533 omnis
774 4477 944 4550 gloria
986 4478 1100 4550 ejus
1131 4488 1189 4532 ut
1211 4479 1312 4550 ﬂos
1340 4478 1449 4549 feni
1478 4476 1615 4549 (Isa.
1649 4476 1762 4551 xc).
1804 4477 1923 4546 Quo
1964 4492 2093 4534 con-

507 4577 632 4625 tna:
671 4569 773 4637 Qui
802 4572 869 4625 de
905 4571 1136 4641 panibus
1175 4570 1273 4625 Dei
1319 4568 1660 4636 reﬁciuntur,
1698 4583 1863 4641 super
1905 4567 2088 4624 fenum

509 4658 874 4726 discumbunt,
913 4660 1041 4731 quia
1071 4673 1261 4716 omnes
1305 4659 1361 4715 in
1406 4674 1467 4716 se
1512 4658 1758 4716 carnales
1786 4659 2090 4730 voluptates

504 4754 885 4825 comprimunt.

574 4845 643 4900 Et
667 4830 927 4901 secundus
956 4845 1173 4918 angelus
1194 4846 1321 4903 tuba
1348 4847 1557 4914 cecinit,
1597 4856 1644 4905 et
1667 4856 1919 4919 tanquam
1942 4862 2093 4902 mons

501 4951 723 5007 magnus
748 4936 866 5007 igne
915 4936 1106 4993 ardens
1138 4937 1332 4994 missus
1364 4946 1441 4993 est
1484 4938 1540 4992 in
1582 4953 1747 4995 mare.
1794 4936 1947 4993 Mons
1975 4952 2092 4992 ma-
2125 5011 2128 5014 ξ

502 5042 641 5099 guns
666 5034 752 5083 est
777 5027 1041 5094 diabolus,
1081 5029 1173 5098 qui
1211 5044 1269 5086 se
1295 5027 1509 5084 extollit
1552 5027 1607 5084 in
1638 5027 1976 5083 altitudinem
2001 5042 2092 5085 su-

502 5120 726 5190 perbiae,
771 5120 911 5176 unde
952 5133 1007 5176 et
1041 5121 1094 5176 in
1134 5120 1401 5192 principio
1444 5134 1557 5177 sua:
1596 5119 1892 5177 creationis
1918 5118 2089 5175 voluit

504 5210 624 5269 ﬁeri
646 5211 839 5268 similis
864 5211 939 5267 illi
968 5211 1035 5267 de
1064 5226 1170 5281 quo
1199 5211 1462 5281 scriptum
1501 5211 1624 5265 est:
1660 5209 1781 5264 Erit
1821 5210 1876 5263 in
1914 5210 2089 5264 novis-

500 5304 647 5359 simis
675 5303 856 5358 diebus
881 5312 1209 5375 praeparatus
1240 5317 1391 5357 mons
1413 5300 1598 5353 domus
1628 5299 1840 5352 Domini
1882 5300 1949 5353 in’
1974 5316 2088 5353 ver-

502 5397 604 5451 tice
641 5397 918 5461 montium,
971 5393 1191 5449 dicens:
1219 5391 1514 5447 Ascendam
1555 5407 1713 5461 super
1760 5390 2090 5444 altitudinem

505 5485 740 5548 nubium,
777 5496 825 5541 et
855 5502 943 5541 ero
970 5484 1158 5540 similis
1184 5482 1454 5539 Altissimo
1485 5480 1620 5555 (Isa.
1656 5497 1695 5536 ιι
1723 5489 1780 5536 ct
1802 5486 1937 5552 xlv).
1990 5478 2090 5536 Vel

505 5579 670 5633 etiam
699 5587 989 5649 propterea
1020 5593 1176 5634 mons
1204 5577 1526 5647 appellatur,
1556 5575 1684 5646 quia
1713 5575 1769 5629 in
1794 5574 2088 5630 novissimo

507 5678 747 5737 tempore
775 5668 1107 5740 ingredietur
1130 5667 1400 5739 perditum
1430 5667 1724 5731 hominem,
1750 5674 1806 5721 et
1833 5666 1950 5734 ipse
1977 5665 2087 5722 Deo

504 5759 738 5816 similem
766 5776 824 5815 se
864 5773 985 5816 esse
1016 5760 1285 5827 ostendet,
1301 5759 1458 5829 juxta
1484 5760 1627 5830 quod
1654 5757 1944 5830 Apostolus
1970 5758 2045 5813 ait
2069 5777 2085 5815 :
2105 5797 2127 5817 .

503 5850 881 5908 Adversabitur
916 5862 968 5908 et
1017 5852 1297 5908 extolletur
1349 5869 1506 5920 super
1545 5870 1696 5909 omne
1724 5855 1863 5922 quod
1891 5855 2086 5909 dicitur

2197 2008 2414 2075 quando
2447 2014 2635 2077 aperte
2658 2008 2798 2063 mala
2825 2026 2986 2082 agere
3014 2008 3328 2083 persuadet,
3346 2033 3463 2075 non
3494 2021 3675 2076 solum
3702 2038 3783 2078 eos

2197 2097 2289 2165 qui
2333 2106 2490 2151 extra
2527 2096 2845 2165 Ecclesiam,
2890 2101 2985 2157 sed
3026 2103 3191 2159 etiam
3233 2105 3535 2167 haereticos
3560 2113 3780 2168 etfalscs

2198 2189 2526 2244 christianos
2567 2190 2657 2260 qui
2701 2204 2829 2247 suas
2854 2193 3159 2251 voluntates
3208 2199 3368 2268 sequi
3403 2201 3777 2269 desidet-antes,

2200 2277 2489 2335 defendere
2517 2294 2579 2336 se
2607 2291 2892 2348 conantur,
2933 2300 3027 2354 per
3051 2301 3205 2342 suam
3238 2290 3565 2359 sapientiam
3592 2304 3644 2349 et
3664 2296 3773 2350 ina-

2200 2386 2324 2426 nem
2354 2370 2769 2444 philosophiam.
2800 2373 2953 2431 Unde
2981 2378 3244 2450 scriptum
3270 2393 3399 2437 est:
3434 2383 3616 2438 Lirim
3639 2389 3765 2439 ecci-

2200 2465 2300 2531 dit,
2345 2467 2561 2539 spiritus
2609 2478 2784 2522 autem
2828 2470 3054 2539 viuiﬁcat
3089 2470 3177 2539 (ΙΙ
3200 2470 3333 2529 Cor.
3384 2478 3480 2543 ut).
3505 2476 3569 2531 Et
3591 2478 3663 2533 sic
3690 2480 3755 2532 ad

2198 2557 2613 2627 perversitatem
2645 2560 2850 2615 erroris
2874 2562 3104 2617 vertitur
3126 2565 3401 2635 sapientia
3430 2568 3619 2623 carnis.
3637 2568 3754 2624 Ter—

2202 2649 2277 2704 tia
2316 2659 2498 2705 autem
2527 2665 2660 2720 pars
2697 2661 2961 2709 creaturae
2997 2669 3119 2724 qua:
3165 2664 3389 2713 mortua
3441 2668 3527 2714 est
3551 2660 3605 2715 in
3630 2661 3769 2724 mari,

2202 2744 2496 2798 secundum
2520 2744 2837 2813 praedictum
2860 2761 3100 2813 sensum,
3120 2747 3514 2821 intelliguntur
3535 2752 3768 2814 heretici,

2202 2829 2325 2887 falsi
2368 2833 2672 2899 christiani,
2694 2838 2912 2908 pagani,
2949 2847 3005 2894 et
3044 2837 3238 2906 Judaei,
3286 2840 3413 2910 qui,
3468 2842 3594 2898 licet
3616 2845 3772 2896 vivant

2202 2939 2451 2996 corpore,
2494 2927 2694 2985 mortui
2728 2937 2858 2984 sunt
2899 2928 2955 2985 in
3005 2930 3208 2997 anima,
3258 2940 3318 2987 et
3357 2932 3425 2989 in
3464 2935 3575 2991 hoc
3601 2935 3769 2990 nanda

2200 3015 2345 3072 versi
2373 3024 2499 3073 sunt
2528 3018 2583 3072 in
2628 3019 2972 3090 sanguinem,
3016 3020 3074 3077 id
3104 3031 3213 3089 est,
3239 3022 3295 3078 in
3330 3027 3767 3096 perpeti-atinas:

2187 3105 2468 3187 malorum
2510 3122 2757 3180 Operum,
2799 3125 2920 3181 quae
2946 3120 3009 3168 ut
3032 3112 3287 3181 diximus,
3314 3114 3675 3187 designantur
3694 3131 3767 3186 per

2200 3200 2542 3268 sanguinem.

2271 3289 2338 3344 Et
2364 3291 2519 3347 tertia
2557 3308 2682 3362 pars
2713 3308 2925 3351 nactum
2960 3295 3178 3350 interiit.
3217 3294 3400 3354 Naves
3425 3307 3490 3354 et
3523 3300 3581 3355 in
3606 3300 3769 3355 bona

2196 3390 2408 3453 partem
2446 3392 2741 3453 ponuntur,
2777 3392 2835 3443 et
2872 3385 2926 3441 in
2953 3386 3171 3443 malam.
3216 3386 3276 3443 In
3319 3387 3559 3456 bonam,
3583 3391 3768 3461 utIt-gi-

2199 3487 2319 3527 mus
2379 3472 2434 3528 in
2479 3473 2772 3544 Evangelia
2797 3514 2812 3540 ,
2866 3478 3009 3546 quod
3059 3476 3322 3535 Dominus
3380 3484 3675 3537 ascendens
3724 3482 3767 3535 is

2196 3569 2392 3633 navim,
2443 3567 2572 3622 abiit
2611 3577 2758 3624 trans
2796 3569 2988 3640 fretum
3017 3569 3215 3641 (Marc.
3243 3572 3349 3645 vt).
3389 3572 3459 3629 In
3494 3575 3771 3641 malam,»

2197 3656 2304 3714 hic.
2336 3657 2518 3714 Tertia
2548 3667 2728 3716 autem
2760 3675 2891 3730 pars
2926 3661 3144 3717 navium
3171 3662 3226 3717 in
3256 3665 3552 3733 praedictis
3588 3664 3768 3720 haeti-

2194 3749 2276 3807 cis
2298 3758 2356 3805 et
2385 3751 2599 3806 caeteris
2641 3750 2982 3822 intelligitur,
3024 3753 3119 3823 qui
3166 3735 3376 3825 absque
3426 3757 3765 3827 gubernatore

2194 3842 2468 3912 feruntur,
2521 3844 2751 3915 ideoque
2796 3846 2852 3901 in
2896 3847 3037 3903 mari
3085 3847 3245 3905 istius
3296 3850 3497 3906 seculi
3546 3850 3766 3908 tinctin

2198 3936 2496 3991 tunduntur
2517 3944 2575 3991 et
2598 3937 3042 4008 submerguntur.

2268 4023 2335 4080 Et
2379 4026 2563 4083 tertius
2591 4026 2810 4098 angelus
2837 4028 2964 4083 tuba
2993 4028 3204 4097 cecinit,
3251 4038 3298 4086 et
3333 4032 3537 4087 cecidit
3574 4033 3639 4087 de
3664 4034 3767 4088 adt

2193 4114 2347 4172 stella
2375 4133 2568 4187 magna
2599 4117 2790 4173 ardens
2819 4128 3072 4191 tanquam
3093 4119 3294 4191 facula.
3318 4121 3485 4189 Quod
3509 4128 3656 4180 enim
3680 4122 3771 4193 νῆ-

2194 4221 2316 4262 mus
2356 4207 2600 4278 angelus,
2633 4208 2737 4263 hoc
2781 4210 3055 4267 secundus
3078 4219 3138 4268 et
3182 4212 3381 4268 tertius
3415 4222 3479 4269 et
3510 4214 3771 4277 cauri.“

2192 4307 2297 4364 est,
2324 4298 2647 4355 universalis
2673 4299 2932 4356 Ecclesiae
2960 4302 3357 4372 pradicatores.
3391 4303 3512 4360 Sed
3541 4307 3665 4376 quia
3686 4303 3769 4359 sibi

2194 4388 2427 4445 invicem
2452 4391 2945 4459 succedunt,sicuti
2970 4402 3241 4467 martyres
3263 4396 3561 4466 apostolis,
3590 4399 3771 4469 ipsich

2194 4480 2528 4551 martyribus
2557 4479 2898 4541 confessores
2924 4491 2982 4540 et
3004 4484 3263 4557 virgines,
3295 4485 3422 4543 ideo
3463 4488 3655 4543 taliter
3688 4487 3771 4542 dis-

2194 4572 2553 4643 tinguuntur,
2593 4580 2655 4628 ut
2691 4573 2902 4629 dicatur
2948 4574 3191 4645 primus,
3235 4578 3550 4645 secundus,
3581 4578 3769 4639 tertius.

2198 4672 2255 4719 et
2282 4662 2484 4719 caeteri.
2520 4663 2638 4733 Ipse
2662 4673 2844 4720 autem
2865 4665 3181 4738 designatur
3206 4682 3304 4739 per
3342 4668 3595 4735 stellam,
3620 4670 3773 4740 quiet

2196 4768 2296 4824 per
2342 4762 2601 4820 montem,
2652 4754 2910 4825 antiquus
2960 4754 3213 4812 videlicet
3253 4758 3455 4824 hostis,
3508 4759 3612 4831 qui
3654 4759 3770 4813 inte:

2194 4853 2392 4902 caetera
2440 4844 2564 4905 cmli
2607 4845 2754 4901 clara
2789 4845 2993 4903 Iumina
3037 4858 3277 4915 creatus,
3322 4849 3577 4919 primum
3620 4849 3770 4905 adhuc

2190 4946 2403 4995 tantum
2450 4954 2646 4995 nomen
2686 4940 2905 5007 retinet,
2948 4955 3060 4996 non
3100 4941 3243 5012 quod
3274 4940 3478 5009 luceat,
3520 4943 3623 4999 sed
3667 4940 3775 5011 quia

2190 5029 2246 5085 in
2275 5028 2528 5100 angelum
2576 5029 2713 5086 lucis
2746 5045 2808 5087 se
2851 5032 3222 5101 transﬁgurat.
3266 5030 3406 5087 Nam
3446 5042 3512 5088 et
3558 5035 3615 5093 in
3654 5030 3775 5088 celo

2191 5120 2345 5177 stella
2371 5136 2566 5193 magna
2609 5120 2830 5179 Lucifer
2872 5123 3191 5196 appellatur,
3236 5139 3359 5194 qua:
3412 5141 3536 5195 pra:
3581 5123 3776 5182 caelis

2189 5211 2350 5268 lucet.
2379 5211 2446 5267 Et
2473 5213 2542 5267 ad
2566 5212 2742 5283 ipsum
2781 5229 2880 5286 per
2900 5214 3092 5271 Isaiam
3118 5214 3316 5293 dicitur
3343 5231 3358 5269 :
3391 5213 3682 5281 Quomodo
3702 5231 3773 5267 ιε’

2190 5303 2385 5371 cidisti,
2406 5303 2642 5375 Lucifer,
2670 5306 2758 5376 qui
2783 5322 2935 5361 mane
2952 5307 3203 5362 oriebaris
3222 5305 3359 5380 (Isa.
3390 5308 3543 5378 xlv)?
3565 5308 3635 5363 Et
3663 5306 3777 5377 quia

2191 5395 2356 5449 etiam
2383 5409 2495 5464 prae
2526 5396 2736 5450 caeteris
2762 5396 3051 5461 sideribus,
3090 5397 3141 5452 id
3169 5409 3263 5453 est
3282 5398 3549 5468 angelicis
3580 5398 3779 5470 spiriti-

2192 5485 2297 5541 bus
2323 5485 2481 5552 quit,
2506 5496 2655 5542 recte
2677 5503 2785 5543 non
2812 5486 3129 5558 simpliciter
3154 5488 3330 5553 stella,
3357 5490 3452 5545 sed
3473 5506 3607 5545 cum
3634 5490 3778 5544 addi-

2194 5584 2439 5633 tamento
2477 5577 2627 5633 stella
2662 5593 2861 5651 magna
2890 5589 3138 5636 vocatur.
3163 5579 3371 5637 Cecidit
3392 5580 3461 5637 de
3485 5582 3659 5648 creto,
3686 5582 3781 5637 hoc

2191 5676 2309 5733 est,
2339 5669 2405 5725 de
2429 5670 2687 5727 societate
2734 5672 3048 5743 angelorum
3069 5713 3086 5741 ,
3122 5672 3276 5743 juxta
3317 5673 3450 5729 illud
3474 5691 3493 5728 :
3532 5673 3781 5729 Videbam

2194 5759 2454 5818 Satanam
2478 5766 2628 5834 quasi
2651 5764 2830 5837 fulgur
2857 5767 2922 5821 de
2945 5766 3070 5823 coelo
3086 5766 3354 5821 cadentem
3380 5762 3534 5839 (Luc.
3557 5768 3619 5831 x)
3650 5763 3782 5833 Qui:

2193 5869 2324 5909 vero
2350 5865 2630 5931 postquam
2671 5859 2868 5913 recidit
2908 5860 3144 5914 humano
3188 5858 3372 5920 generi
3406 5858 3636 5918 invidit.
3668 5870 3778 5912 me-
