3972 6434
156 461 298 519 1049

1095 453 1461 512 EXPOSITIO
1501 452 1567 508 IN
1608 449 2109 506 APOCALYPSIN.
2149 482 2219 494 ——
2257 450 2384 506 LlB.
2427 452 2487 506 ll.

3296 455 3436 510 1050

155 581 268 636 rito
299 589 549 648 tanquam
603 575 778 632 facula
827 577 1024 630 ardens
1074 573 1334 645 appellari
1380 572 1586 637 debuit,
1621 569 1747 638 quia
1776 571 1828 628 Α
1854 567 2122 634 testatur,
2182 570 2436 638 quoniam
2484 568 2658 638 ipsum
2723 565 2994 634 modicum
3057 568 3237 623 lumen
3290 571 3434 640 quod

152 671 407 727 videlicet
427 668 582 724 ardet
603 669 823 732 invidia,
847 677 900 722 et
922 675 1092 722 totum
1114 667 1373 720 mundum
1387 661 1740 732 consumpsit.

155 762 316 819 Unde
342 770 429 816 est
460 779 472 814 :
499 759 708 814 Invidia
728 757 925 814 diaboli
955 775 1094 812 mors
1117 757 1330 811 intravit
1361 756 1415 810 in
1439 755 1613 810 orbem
1638 764 1744 806 ter-

155 869 339 907 rarum
378 849 551 920 (Rom.
577 850 654 920 v).

236 941 301 996 Et
325 940 510 996 cecidit
533 941 587 994 in
615 940 821 993 tertiam
847 947 1047 1008 partem
1078 927 1379 1008 ﬂuminum,
1419 943 1467 988 et
1495 934 1551 986 in
1578 931 1747 1001 fontes

155 1049 440 1103 aquarum.
489 1028 642 1097 Quod
686 1036 813 1084 sunt
860 1027 1102 1091 ﬂumina,
1135 1027 1240 1080 hoc
1282 1032 1409 1080 sunt
1447 1031 1503 1078 et
1543 1020 1743 1076 fontes.

152 1126 408 1183 Flumina
447 1123 591 1179 enim
619 1139 649 1177 a
680 1121 918 1178 fontibus
954 1119 1224 1182 oriuntur,
1267 1124 1323 1171 et
1369 1114 1447 1170 sic
1492 1113 1558 1169 ad
1596 1127 1749 1166 mare

155 1224 404 1272 currunt.
457 1214 626 1283 Aqua:
671 1221 851 1268 autem
893 1211 1109 1275 multae,
1158 1207 1341 1280 populi
1393 1204 1547 1260 multi
1600 1212 1744 1259 sunt.

146 1307 389 1376 Ideoque
421 1305 510 1361 hic
534 1303 755 1359 ﬂumina
786 1302 870 1357 vel
899 1301 1076 1357 fontes
1106 1300 1256 1370 ipsos
1279 1297 1564 1353 haereticos
1585 1294 1750 1366 signi-

147 1398 344 1461 ﬁcant,
371 1405 427 1452 et
449 1403 677 1452 caeteros
699 1395 792 1465 qui
813 1393 914 1448 sub
933 1392 1092 1448 tertia
1116 1399 1272 1462 parte
1288 1387 1749 1460 comprehendun-

146 1497 268 1553 tur,
300 1490 354 1543 in
383 1503 519 1558 quos
543 1486 793 1543 diabolus
813 1485 1028 1550 cecidit,
1055 1498 1178 1537 cum
1199 1483 1434 1536 humano
1461 1479 1644 1549 generi
1670 1478 1748 1532 in-

143 1582 320 1646 vidit,
352 1589 406 1636 et
447 1596 543 1650 per
565 1595 660 1636 eos
685 1579 987 1635 doctrinam
1015 1575 1220 1631 erroris
1253 1572 1565 1628 seminavit.
1595 1570 1748 1638 Quod

146 1676 265 1728 tale
291 1683 391 1738 εει,
420 1674 575 1744 quasi
604 1673 829 1739 diceret,
858 1671 914 1726 in
939 1669 1154 1725 tertiam
1185 1675 1396 1738 partem
1424 1665 1704 1720 hominum
1730 1682 1745 1730 ;

144 1767 299 1820 unde
325 1765 602 1821 subditur:

228 1858 300 1912 Et
323 1875 510 1912 nomen
531 1857 696 1912 stellte
717 1855 1066 1925 absynthium.
1098 1852 1205 1908 Per
1231 1849 1597 1923 absynthium,
1627 1861 1746 1919 quae

143 1950 502 2004 amarissima
537 1958 622 2004 est
650 1947 841 2014 herba,
871 1946 1112 2002 doctrina
1135 1919 1512 2000 haereticorum
1543 1940 1742 1996 intelli-
1771 1919 1822 1981 Β

141 2041 303 2112 gitur
333 2055 586 2109 perversa
608 2080 622 2105 ,
652 2039 744 2108 qui
777 2054 874 2110 per
908 2052 1059 2093 suam
1089 2035 1375 2091 falsitatem
1403 2032 1744 2089 dulcedinem

140 2131 282 2186 ﬁdei
309 2139 693 2186 converterunt
717 2130 771 2184 in
806 2127 1220 2183 amaritudinem
1244 2123 1484 2197 perﬁdia
1511 2133 1566 2180 et
1591 2138 1745 2178 erro-

141 2219 234 2274 ris
274 2227 330 2273 et
374 2219 726 2290 operationis,
769 2217 895 2288 quia
941 2217 1118 2271 omnis
1154 2215 1397 2286 operatio
1439 2213 1652 2268 illorum
1691 2219 1748 2267 et

143 2311 400 2367 doctrina
428 2311 480 2364 in
503 2310 917 2364 amaritudinem
947 2323 1103 2362 versa
1132 2315 1235 2361 est.
1267 2305 1484 2376 Ejectus
1505 2304 1646 2360 enim
1677 2303 1744 2358 ab

144 2402 346 2459 electis
376 2402 630 2471 antiquus
657 2402 862 2465 hostis,
895 2400 1022 2453 dum
1059 2398 1321 2468 reprobos
1348 2398 1554 2452 invadit
1588 2411 1743 2451 men-

145 2497 333 2562 dacio,
383 2495 504 2551 illos
550 2509 759 2550 veneno
804 2493 995 2548 inlicit.
1041 2492 1378 2548 Mendacium
1421 2498 1602 2544 autem
1635 2504 1744 2543 non

147 2588 334 2644 solum
385 2602 656 2658 perversa:
705 2584 1079 2648 credulitatis,
1132 2597 1322 2637 verum
1367 2581 1532 2636 etiam
1590 2579 1745 2633 malae

145 2677 494 2749 operationis
533 2692 738 2733 noxam
770 2675 1073 2746 intelligere
1108 2675 1386 2729 debemus.
1415 2671 1568 2738 Quod
1593 2671 1744 2725 enim

148 2778 349 2826 sancta
395 2769 635 2825 Ecclesia
676 2769 729 2822 in
772 2767 942 2823 sacris
982 2766 1194 2837 paginis
1246 2773 1409 2819 rectm
1445 2763 1570 2817 ﬁdei
1611 2778 1744 2817 con-

147 2874 358 2931 gruere
387 2861 575 2922 docet,
607 2860 711 2914 hoc
733 2855 974 2913 lueretici
994 2897 1008 2923 ,
1031 2855 1222 2919 Judaei,
1250 2864 1413 2924 atque
1441 2852 1746 2921 philosophi

150 2952 211 3006 in
267 2965 492 3020 pravum
525 2951 716 3019 dogma
750 2955 1104 3014 convertunt;
1136 2955 1190 3002 et
1218 2961 1324 3015 quo
1351 2944 1429 2999 illi
1475 2943 1541 2999 ad
1573 2945 1749 2999 incre-

150 3053 347 3100 menta
388 3043 667 3107 virtutum,
722 3043 825 3098 hoc
874 3057 1041 3112 prave
1086 3040 1333 3094 viventes
1369 3035 1622 3091 catholici
1680 3035 1746 3089 ad

151 3135 511 3191 incitamenta
542 3135 796 3189 vitiorum
826 3141 1068 3188 utuntur.
1106 3129 1363 3199 Quamvis
1391 3138 1570 3183 autem
1591 3135 1643 3182 et
1671 3125 1746 3181 illi

154 3229 231 3284 de
260 3227 489 3283 Domino
514 3227 683 3282 multa
709 3226 1041 3297 intelligant,
1069 3233 1125 3280 et
1152 3223 1237 3280 isti
1266 3221 1512 3293 quaedam
1549 3220 1750 3276 saluta-

152 3321 246 3374 ria
269 3326 565 3391 peragant,
597 3327 765 3372 totum
798 3326 975 3372 tamen
1019 3314 1421 3370 amarissimum
1451 3321 1564 3377 est,
1603 3310 1749 3380 quod

157 3419 218 3466 et
247 3409 458 3464 illorum
500 3409 663 3464 verba
701 3415 926 3473 sonant,
958 3416 1013 3462 et
1041 3407 1269 3461 istorum
1303 3418 1468 3474 opera
1497 3402 1751 3457 clamant.

241 3499 306 3556 Et
364 3500 518 3555 multi
563 3501 832 3555 hominum
888 3499 1084 3554 mortui
1135 3507 1258 3552 sunt
1304 3512 1368 3550 ea:
1413 3497 1595 3566 aquis,
1637 3511 1754 3566 quae

161 3611 365 3650 amarit.
385 3592 542 3663 facla:
582 3601 722 3647 sunt.
759 3591 815 3647 ld
856 3599 938 3647 est
979 3606 1046 3646 ex
1083 3589 1332 3644 doctrina
1371 3587 1753 3642 hazreticorum

160 3684 370 3756 perﬁda
410 3693 466 3737 et
502 3698 685 3737 amara
719 3682 872 3737 multi
924 3682 1223 3751 perierunt.
1259 3678 1454 3734 Multos
1483 3678 1752 3748 siquidem

163 3773 473 3828 habuerunt
510 3770 832 3838 discipulos,
866 3771 958 3838 qui
987 3785 1174 3823 eorum
1203 3767 1448 3836 exempla
1478 3777 1533 3821 et
1555 3767 1756 3821 doctri-

166 3878 295 3918 nam
325 3871 453 3915 sunt
481 3860 673 3924 secuti,
696 3860 786 3929 qui
812 3874 1002 3914 omnes
1022 3858 1216 3912 mortui
1244 3866 1391 3921 sunt,
1414 3871 1522 3910 non
1545 3864 1755 3909 tantum

170 3964 348 4009 morte
373 3952 637 4022 corporis,
665 3961 929 4021 quantum
971 3956 1144 4004 morte
1173 3948 1389 4003 animae.

247 4043 313 4098 Et
338 4053 566 4113 quartus
584 4041 800 4113 angelus
829 4041 954 4094 tuba
981 4039 1187 4104 cecinit,
1210 4048 1256 4092 et
1289 4053 1538 4109 percussa
1559 4048 1632 4092 est
1660 4047 1761 4090 ter-

169 4136 245 4190 tia
279 4151 400 4205 pars
419 4133 564 4197 solis,
603 4142 650 4187 et
679 4132 830 4186 tertia
850 4148 974 4202 pars
995 4129 1158 4195 lume,
1185 4139 1231 4183 et
1255 4130 1408 4184 tertia
1430 4144 1554 4199 pars
1576 4127 1758 4182 stella-

171 4244 315 4291 rum,
329 4228 403 4280 ita
417 4236 471 4280 ut
487 4225 854 4279 obscuraretur
872 4223 1024 4276 tertia
1038 4237 1162 4292 pars
1173 4236 1370 4284 eorum,
1387 4229 1434 4273 et
1449 4218 1759 4290 nonluceret

171 4320 279 4374 diei
309 4335 431 4388 pars
458 4317 612 4372 tertia
634 4324 682 4370 et
705 4316 869 4368 noctis
899 4312 1159 4368 similiter.
1184 4311 1288 4366 Per
1306 4309 1473 4365 solem
1501 4318 1555 4365 et
1577 4309 1758 4363 lunam

172 4421 229 4468 et
254 4412 435 4467 stellas
462 4411 515 4465 in
547 4411 649 4465 hoc
675 4409 794 4464 loco
818 4407 1115 4462 Ecclesiam
1148 4405 1448 4476 intelligere
1475 4405 1758 4467 debemus,

172 4519 296 4573 qua:
324 4503 612 4558 obscurata
641 4499 694 4554 in
731 4498 889 4552 tertia
924 4496 1007 4552 sui
1048 4503 1234 4566 parte,
1268 4495 1477 4549 duabus
1514 4493 1762 4564 partibus

175 4591 615 4670 permanentihus
642 4590 696 4644 in
721 4589 990 4651 claritate,
1025 4585 1076 4640 in
1105 4583 1262 4640 bonis
1290 4582 1526 4654 praelatis
1556 4590 1610 4638 et
1638 4584 1762 4638 sub-

173 4689 324 4753 ditis,
363 4687 416 4740 in
443 4686 754 4741 doctoribus
779 4691 834 4737 et
861 4679 1216 4736 auditoribus.
1251 4678 1372 4747 Ipsa
1397 4677 1540 4732 enim
1564 4675 1755 4731 Eccle-

171 4783 255 4839 s‘ia
279 4779 408 4836 solis
441 4777 658 4833 nomine
693 4781 1054 4844 nuncupatur,
1084 4771 1224 4827 sicut
1267 4771 1320 4826 in
1358 4769 1598 4826 Canticis
1627 4783 1759 4823 can-

173 4877 407 4931 ticorum
449 4871 648 4926 dicitur
683 4885 695 4922 :
730 4865 860 4934 Quae
907 4874 983 4919 est
1032 4865 1134 4919 ista
1176 4880 1296 4935 qua:
1347 4861 1582 4917 ascendit
1625 4861 1761 4914 sicut

172 4983 372 5022 aurora
412 4977 759 5032 consurgens,
809 4956 1027 5029 pulchra
1072 4964 1131 5009 ut
1175 4954 1334 5022 luna,
1375 4954 1538 5008 electa
1578 4961 1635 5006 ut
1683 4950 1762 5006 sol

173 5059 354 5135 (Cant.
379 5057 489 5127 in)?
511 5054 802 5110 Stellarum
821 5062 1036 5121 quoque
1065 5047 1284 5102 nomine
1305 5047 1494 5102 eadem
1521 5044 1761 5100 Ecclesia

173 5157 549 5220 nuncupatur,
594 5146 746 5216 juxta
797 5141 940 5212 quod
967 5137 1254 5210 Apostolus
1292 5138 1422 5192 dicit
1453 5155 1465 5189 :
1502 5135 1568 5190 In
1593 5135 1762 5190 medio

174 5242 406 5300 nationis
433 5255 608 5310 prava:
635 5247 682 5290 et
712 5249 984 5305 perversae,
1016 5234 1152 5286 inter
1171 5247 1299 5302 quos
1323 5229 1506 5283 lucetis
1531 5229 1662 5282 sicut
1680 5227 1763 5281 lu-

175 5349 408 5390 minaria
431 5333 486 5385 in
512 5328 708 5383 mundo
746 5323 968 5397 (Philip.
1007 5325 1091 5396 ll).
1133 5323 1383 5390 Quandiu
1421 5321 1605 5391 itaque
1649 5321 1762 5376 hae-

180 5426 336 5482 retici
377 5425 431 5479 in
465 5420 706 5477 Ecclesia
732 5426 886 5473 erant
907 5459 922 5481 ,
949 5416 1104 5487 quasi
1149 5416 1238 5470 lux
1264 5430 1384 5470 esse
1406 5413 1759 5486 putabantur,

178 5518 274 5574 sed
297 5515 478 5570 statim
503 5522 565 5568 ut
599 5525 754 5567 error
784 5508 994 5562 illorum
1033 5509 1278 5562 detectus
1303 5517 1408 5572 est,
1441 5517 1495 5561 et
1518 5521 1546 5558 a
1573 5505 1764 5560 catho-

180 5611 300 5673 licis
332 5609 465 5663 ﬁdes
498 5606 710 5661 illorum
739 5601 1012 5671 explorata
1033 5641 1046 5664 ,
1075 5601 1256 5670 agnita
1292 5609 1373 5654 est
1395 5615 1580 5653 eorum
1612 5599 1764 5653 caeci-

181 5713 288 5766 tas,
319 5709 374 5755 et
401 5696 678 5754 obscurati
709 5701 857 5758 sunt,
889 5692 1014 5761 quia
1041 5692 1108 5745 ab
1138 5692 1375 5746 Ecclesia
1401 5691 1592 5761 abjecti
1616 5700 1760 5756 sunt,

183 5793 329 5848 verbi
380 5791 589 5862 gratia:
617 5787 802 5842 Caecus
833 5785 877 5841 si
911 5791 1140 5855 ponatur
1175 5785 1240 5854 in
1261 5785 1410 5839 radio
1455 5784 1602 5848 solis,
1636 5786 1760 5855 quia

182 5886 467 5951 tinnientes
494 5882 678 5941 oculos
722 5879 917 5947 habet,
957 5876 1138 5933 statim
1174 5877 1386 5934 Caecitas
1414 5877 1556 5934 illius
1571 5879 1757 5962 pani-

1848 662 2133 718 videbatur
2180 662 2404 727 habere,
2453 662 2708 733 perdidit,
2756 663 2829 716 ita
2899 662 2975 717 illi
3025 663 3208 718 statim
3263 673 3321 719 ut
3378 665 3434 722 in

1848 762 2141 824 conspectu
2191 754 2616 809 examinantium
2657 755 2817 824 positi
2864 765 3012 822 sunt,
3061 757 3465 854 cognitusest.

1849 861 2038 902 eorum
2081 860 2266 910 error,
2313 853 2368 898 et
2414 846 2504 914 qui
2561 848 2712 917 prius
2746 848 3083 910 videbantur
3129 849 3309 906 lucere
3341 869 3439 924 per

1849 939 2034 1005 ﬁdem,
2073 948 2361 1008 coeperunt
2404 939 2707 1002 obscurari,
2754 948 2809 996 et
2853 942 2921 996 ab
2959 940 3202 997 Ecclesia
3230 944 3438 1016 expulsi

1849 1042 1972 1090 sunt
2011 1042 2412 1104 propter‘snam
2446 1032 2840 1091 inﬁdelitatem.
2866 1035 3020 1103 Quod
3048 1037 3180 1092 dicit
3214 1037 3438 1094 :Tertia

1848 1145 1978 1201 pars
2002 1129 2131 1184 solis
2151 1143 2404 1197 percussa
2432 1138 2533 1192 est,
2564 1138 2694 1191 etc.,
2720 1128 2848 1183 solis
2869 1130 3147 1198 percussio
3175 1130 3241 1185 ad
3269 1131 3436 1196 diem,

1850 1218 1990 1273 lunae
2022 1227 2200 1272 autem
2224 1217 2310 1272 vel
2341 1217 2643 1278 stellarum.
2673 1216 2954 1274 referenda
2990 1228 3075 1274 est
3105 1219 3170 1274 ad
3195 1229 3435 1276 noctem.

1852 1309 2204 1381 Signiﬁcatur
2245 1317 2422 1363 autem
2469 1308 2522 1362 in
2551 1308 2664 1363 sole
2709 1317 2929 1378 apertus
2963 1325 3118 1364 error
3149 1312 3437 1368 haeretico-

1851 1415 2006 1464 rum,
2047 1400 2101 1453 in
2135 1398 2261 1452 luna
2289 1397 2373 1454 vel
2403 1397 2572 1453 stellis
2596 1398 2872 1464 occultus,
2907 1399 3034 1469 quia
3070 1400 3290 1470 quidam
3319 1401 3440 1455 illo-

1851 1506 1973 1545 rum
2004 1489 2239 1560 apertis,
2265 1488 2486 1558 quidam
2531 1497 2710 1544 autem
2738 1489 2965 1545 occultis
2998 1491 3442 1560 persuasionibus

1852 1580 1906 1634 in
1933 1578 2150 1644 abditis,
2186 1592 2320 1648 quos
2344 1588 2572 1648 possunt
2603 1578 2896 1648 decipiunt.
2922 1578 3229 1635 Notandum
3259 1588 3441 1635 autem

1851 1673 1995 1744 quod
2031 1689 2137 1731 non
2179 1672 2309 1727 dicit
2343 1691 2354 1725 :
2385 1672 2647 1728 Percussa
2686 1681 2771 1727 est
2808 1672 2969 1727 tertia
3001 1689 3128 1744 pars
3154 1687 3341 1728 eorum
3386 1679 3444 1727 et

1851 1765 2163 1830 obscurata,
2190 1765 2281 1820 sed
2305 1782 2318 1818 :
2345 1763 2609 1819 Percussa
2627 1771 2713 1818 est
2739 1770 2798 1817 ut
2817 1763 3222 1829 obscuraretur,
3246 1764 3312 1817 ad
3339 1763 3445 1818 hoc

1853 1858 2062 1913 scilicet
2091 1872 2344 1928 percussa
2371 1864 2454 1911 est
2485 1865 2544 1910 ut
2569 1864 2757 1925 postea
2782 1855 3187 1919 obscuraretur,
3215 1855 3340 1924 quia
3363 1853 3442 1909 illi

1848 1951 2100 2006 videlicet
2122 1943 2548 2005 vulnerabantur
2569 1949 2780 2004 occulte
2803 1950 2856 2003 in
2883 1957 3082 2014 mente,
3108 1957 3295 2019 postea
3311 1963 3441 2004 vero

1848 2045 2314 2107 obscurabantur,
2339 2044 2557 2112 quando
2587 2041 2655 2097 ab
2687 2041 2926 2097 Ecclesia
2950 2041 3357 2111 expellebantur
3380 2047 3438 2094 et

1849 2135 2451 2192 anathematizabantur
2493 2143 2698 2203 aperte.
2746 2132 2854 2188 Sed
2886 2147 2953 2188 ne
2982 2132 3168 2186 talium
3210 2129 3442 2202 perditio

1849 2232 1918 2285 ad
1947 2231 2116 2286 Deum
2147 2229 2419 2284 referatur
2439 2269 2454 2294 ,
2486 2228 2590 2283 hoc
2614 2225 2756 2296 quod
2800 2226 2868 2281 de
2895 2224 3138 2296 praefatis
3164 2222 3445 2278 luminari-

1847 2325 1950 2380 bus
1980 2323 2212 2388 dicitur,
2239 2322 2505 2376 Percussa
2551 2328 2635 2374 est
2684 2319 2844 2374 tertia
2870 2334 2999 2389 pars
3024 2332 3215 2373 eorum
3242 2324 3302 2369 ut
3346 2314 3446 2371 ob-

1849 2430 2196 2486 scuraretur,
2229 2419 2307 2473 sic
2335 2417 2696 2488 intelligatur,
2732 2416 2872 2470 sicut
2898 2430 2995 2471 cor
3037 2413 3344 2470 Pharaonis
3374 2412 3444 2467 ab

1849 2514 1968 2583 ipso
1998 2510 2238 2567 indurari
2269 2509 2489 2573 dicitur,
2515 2507 2670 2576 cujus
2691 2507 2888 2562 duritia
2911 2521 3010 2576 per
3034 2507 3207 2577 ipsum
3233 2502 3450 2559 miseri-

1847 2603 2085 2660 corditer
2127 2616 2233 2655 non
2263 2598 2552 2654 emollitur.
2581 2596 2767 2667 Neque
2804 2597 2949 2652 enim
2989 2597 3143 2666 culpa
3171 2603 3253 2651 est
3279 2593 3445 2662 solis,

1849 2693 1993 2765 quod
2023 2691 2137 2746 suis
2163 2689 2329 2744 radiis
2351 2688 2703 2758 lippientibus
2734 2686 2905 2741 oculis
2931 2686 3232 2741 caecitatem
3262 2681 3449 2737 infun-

1849 2784 1948 2850 dit,
1965 2782 2058 2836 sed
2092 2779 2262 2849 magis
2288 2779 2353 2832 ad
2377 2778 2506 2831 vitia
2536 2776 2815 2831 oculorum
2838 2775 3190 2847 redigendum
3215 2782 3320 2839 est,
3352 2770 3446 2842 qui

1851 2890 1918 2930 ex
1939 2872 2144 2926 lumine
2169 2870 2570 2924 tenebrescunt.
2589 2868 2943 2938 Omnipotens
2958 2875 3142 2921 autem
3155 2865 3298 2920 Deus
3311 2864 3451 2918 bene

1851 2975 2012 3022 utens
2041 2964 2196 3019 malis
2235 2963 2461 3028 nostris,
2495 2963 2664 3017 multa
2694 2978 2760 3018 ex
2786 2963 2871 3018 his
2900 2962 3115 3032 operari
3142 2959 3446 3015 consuevit.

1850 3057 2122 3114 Excitavit
2165 3056 2311 3110 enim
2357 3055 2610 3109 doctores
2649 3069 2806 3110 error
2853 3053 3329 3109 schismaticorum
3381 3049 3451 3104 ad

1852 3148 2246 3205 defendendam
2276 3147 2564 3201 veritatem
2591 3144 2851 3207 ﬁdelium,
2895 3142 3020 3213 quia
3062 3139 3248 3211 procul
3289 3139 3452 3194 dubio

1855 3255 2196 3312 nequaquam
2236 3239 2304 3294 ad
2345 3239 2692 3294 disserendas
2726 3235 3040 3307 Scripturas
3081 3241 3234 3290 tanto
3272 3232 3450 3288 studio

1857 3340 2165 3395 vacassent,
2211 3331 2259 3386 si
2305 3331 2510 3386 erroris
2559 3329 2900 3384 mendacium
2939 3327 3154 3382 veritati
3187 3325 3451 3380 resistens

1855 3443 1966 3485 non
2016 3423 2355 3480 increvisset.
2400 3421 2536 3476 Hinc
2585 3421 2847 3491 scriptum
2899 3428 3014 3486 est,
3061 3418 3188 3489 quia
3239 3423 3440 3487 oportet

1857 3517 2080 3572 luci-eses
2109 3531 2222 3569 esse
2260 3513 2311 3585 (I
2342 3512 2464 3568 Cor.
2500 3513 2597 3578 χι).

1928 3604 1997 3660 Et
2026 3605 2165 3671 vidi,
2193 3614 2239 3660 et
2269 3603 2447 3659 audivi
2479 3620 2652 3658 vocem
2686 3601 2840 3656 unius
2872 3600 3064 3672 aquila:
3108 3598 3330 3654 volantis
3363 3611 3458 3668 per

1856 3701 2086 3755 medium
2116 3698 2253 3763 caeli,
2281 3697 2501 3751 dicentis
2530 3713 2651 3751 voce
2675 3711 2867 3766 magna
2893 3708 2910 3747 :
2944 3691 3066 3759 γω,
3098 3708 3196 3757 vir,
3226 3707 3322 3756 υω,
3359 3689 3458 3743 ha-

1859 3791 2142 3846 bitantibus
2168 3791 2221 3842 in
2244 3800 2409 3853 terra,
2433 3789 2498 3841 de
2521 3789 2724 3842 ueteris
2749 3788 2955 3842 vocibus
2976 3787 3134 3840 trium
3149 3783 3458 3855 angelorum

1859 3883 2119 3953 quierant
2150 3879 2379 3933 canituri
2416 3879 2562 3931 tuba.
2597 3877 2750 3942 Quod
2779 3877 3086 3946 signiﬁcant
3124 3873 3321 3944 angeli,
3354 3873 3458 3927 hoc

1859 3971 2025 4027 etiam
2076 3967 2278 4038 aquila,
2325 3966 2377 4020 id
2421 3976 2505 4020 est
2549 3964 2910 4019 universalem
2968 3963 3285 4026 Ecclesiam,
3339 3961 3456 4016 sive

1862 4061 2113 4116 doctores
2137 4056 2468 4128 specialiter,
2509 4057 2600 4126 qui
2641 4054 2826 4110 volant
2852 4071 2950 4125 per
2974 4054 3208 4109 medium
3232 4053 3454 4118 emtum,

1863 4149 1966 4204 hoc
1994 4155 2098 4211 est,
2128 4161 2228 4216 per
2261 4146 2492 4200 mediam
2518 4144 2816 4200 Ecclesiam
2841 4153 3088 4211 currunt,
3118 4160 3237 4214 qua:
3257 4142 3455 4199 caelum

1862 4237 2185 4310 appellatur,
2243 4236 2369 4306 quia
2420 4236 2576 4291 sedes
2622 4235 2716 4290 Dei
2761 4243 2867 4291 est.
2911 4235 3064 4303 Quod
3110 4246 3289 4290 autem
3326 4233 3458 4290 dicit

1860 4329 2096 4386 Joannes
2116 4369 2131 4393 ,
2167 4327 2290 4383 Vidi
2316 4336 2371 4382 et
2398 4327 2577 4381 audivi
2606 4341 2794 4382 vocem
2831 4326 2991 4381 unius
3019 4326 3243 4396 aquilze,
3273 4334 3457 4381 osten-

1863 4420 1940 4476 dit
1970 4417 2158 4490 procul
2189 4417 2354 4472 dubio
2381 4417 2504 4487 quia
2531 4417 2584 4470 in
2608 4415 2876 4487 spirituali
2902 4415 3112 4471 visione
3139 4416 3244 4470 hoc
3263 4423 3347 4470 est
3371 4414 3456 4470 vi—

1865 4513 2015 4578 dere,
2057 4511 2203 4581 quod
2238 4511 2448 4576 audire,
2498 4509 2602 4564 hoc
2633 4509 2842 4574 audire,
2888 4508 3032 4578 quod
3078 4508 3280 4562 videre.
3331 4505 3460 4562 Tria

1785 4643 1839 4704 D
1865 4620 1946 4660 vae
1974 4613 2234 4659 aeternam
2273 4600 2583 4673 signiﬁcant
2614 4600 3046 4665 damnationem,
3069 4613 3190 4668 quae
3213 4598 3268 4652 in
3297 4596 3457 4652 trium

1865 4697 2178 4769 angelorum
2205 4695 2450 4759 vocibus,
2478 4695 2569 4764 qui
2596 4701 2917 4764 sequuntur,
2945 4691 3273 4748 continetur.
3303 4686 3458 4756 Quod

1863 4801 1996 4843 vero
2017 4801 2125 4840 non
2151 4785 2217 4840 de
2251 4782 2674 4854 praecedentium
2703 4790 2940 4852 quatuor
2973 4778 3288 4851 angelorum
3312 4776 3459 4832 voci-

1865 4879 1999 4944 bus,
2036 4877 2130 4933 sed
2158 4877 2326 4931 trium
2356 4873 2798 4946 subsequentium
2821 4913 2838 4939 ,
2873 4872 2967 4942 qui
3006 4877 3161 4927 erant
3199 4866 3456 4933 canituri,

1864 4984 2052 5025 vocem
2074 4969 2234 5023 unius
2263 4967 2458 5039 aquila:
2500 4966 2734 5022 volantis
2757 4965 2962 5020 vidisse
3009 4977 3068 5018 se
3099 4961 3231 5017 dicit
3269 4969 3326 5016 et
3364 4975 3460 5014 au-

1867 5059 2031 5124 disse,
2073 5068 2234 5128 atque
2280 5057 2536 5128 lugentis,
2575 5055 2830 5112 nimirum
2871 5061 3056 5124 aperte
3098 5051 3294 5118 innuit,
3331 5049 3460 5122 quia

1865 5149 2164 5206 electorum
2192 5148 2430 5204 Ecclesia
2455 5157 2714 5203 venturas
2737 5147 2968 5202 diversae
3000 5142 3324 5200 calamitatis
3344 5142 3466 5214 pla-

1864 5257 1960 5313 gas
1984 5239 2170 5311 lugere
2195 5239 2356 5294 simul
2383 5254 2448 5294 ac
2468 5237 2765 5309 praedicare
2799 5251 2909 5292 non
2936 5243 3138 5301 cessat,
3169 5249 3234 5290 ac
3259 5232 3306 5289 si
3337 5232 3458 5303 ipsa

1865 5331 2107 5387 Ecclesia
2151 5331 2357 5386 diceret
2397 5348 2411 5385 :
2448 5329 2821 5400 Reproborum
2865 5327 3228 5399 perditionem
3251 5341 3352 5396 per
3373 5335 3460 5382 to-

1864 5433 1980 5478 tum
2010 5432 2220 5493 tempus
2244 5422 2526 5493 praesentis
2562 5421 2685 5477 vitae
2726 5421 2913 5491 lugere
2953 5419 3114 5476 simul
3159 5434 3226 5474 ac
3258 5417 3458 5489 praedi-

1835 5533 1993 5574 'care
2019 5531 2106 5571 me
2145 5533 2324 5572 cerno.
2373 5516 2519 5570 Bene
2555 5525 2735 5570 autem
2779 5530 2884 5569 una
2930 5512 3109 5584 aquila
3148 5511 3334 5568 volans
3363 5526 3462 5582 per

1867 5606 2106 5662 medium
2137 5607 2330 5664 cmlnm
2363 5607 2662 5662 Ecclesiam
2693 5607 2982 5679 signiﬁcat,
3018 5621 3138 5676 qum
3162 5605 3368 5660 unitate
3393 5602 3459 5656 ti-

1867 5700 1951 5754 dei
1977 5700 2258 5764 consistit,
2288 5709 2343 5755 et
2367 5699 2588 5754 calcatis
2623 5709 2960 5753 terrenarum
2991 5696 3326 5766 voluptatum
3369 5695 3461 5749 de-

1864 5791 2096 5856 sideriis,
2130 5792 2315 5846 intima
2357 5791 2814 5862 contemplatione
2845 5791 2914 5845 ad
2939 5788 3182 5846 cmlestia
3211 5787 3461 5842 subleva-

1868 5893 1992 5948 tur,
2022 5883 2179 5948 cuius
2221 5884 2471 5939 videlicet
2517 5881 2760 5938 membra
2791 5897 2914 5939 cum
2945 5878 3203 5946 Apostolo
3227 5877 3414 5936 dicunt
3441 5880 3458 5926 τ
