3972 6450
532 372 666 427 1051

993 366 1348 424 ΗΑΥΜΟΝΙδ
1386 365 1869 422 HALBERSTAT.
1912 363 2106 421 EPISC

2216 361 2322 418 pp.
2359 362 2540 420 PARS
2577 361 2618 417 ι.
2657 378 2739 406 --
2765 326 3121 421 comitem.
3162 363 3335 420 BlBL.

3706 365 3846 422 ωδε

532 486 731 543 Nostra
757 486 1076 542 conversatio
1100 486 1154 538 in
1192 483 1332 538 cazlis
1355 493 1428 539 est
1459 481 1681 554 (Philip.
1709 482 1813 553 ut).
1841 481 1988 536 Bene
2014 497 2109 535 au-
2136 486 2190 546 Α
2217 480 2345 535 dicit
2377 494 2392 535 :
2423 480 2540 536 Erit
2567 480 2844 536 tribulatio
2868 482 3045 552 qualis
3075 499 3186 537 non
3215 482 3316 537 fuit
3342 496 3537 554 neque
3568 483 3700 538 ﬁet.
3725 484 3842 553 Quo

531 585 641 634 tem
673 592 771 647 per
793 575 1027 631 medium
1057 575 1251 629 coelum
1279 575 1444 641 volat,
1477 575 1602 645 quia
1632 576 1760 629 hinc
1781 574 1906 629 inde
1925 573 2113 628 orbem

532 678 799 727 terrarum
833 669 887 723 in
915 668 1103 724 electis
1130 669 1404 739 possidet,
1452 668 1607 739 cujus
1645 670 1960 739 praedicatio
2007 683 2114 723 non

531 759 849 830 simpliciter
891 773 1016 823 vos,
1067 759 1161 813 sed
1203 775 1326 814 cum
1372 759 1741 814 additamento
1775 774 1877 813 vox
1919 773 2114 830 magna

528 858 754 907 vocatur
776 892 791 916 ,
823 851 950 920 quia
984 851 1040 905 in
1067 858 1180 906 toto
1219 851 1418 906 mundo
1448 851 1650 914 sonuit,
1675 851 1815 905 sicut
1838 851 1905 904 de
1924 849 2117 921 primis

527 942 973 1016 praedicatoribus
1014 942 1132 1015 ejus
1169 944 1534 1017 dictum'est:
1564 942 1631 996 In
1675 958 1879 996 omnem
1921 952 2115 996 terram

528 1032 687 1087 exivit
717 1048 878 1085 sonus
912 1047 1093 1087 eorum
1141 1031 1314 1103 (Rom.
1354 1031 1431 1101 κ).
1469 1031 1565 1086 Vel
1594 1039 1741 1085 certe
1783 1045 1976 1101 magna
2009 1047 2115 1087 vox

527 1138 628 1193 pro
655 1138 864 1195 magum
891 1123 1161 1179 libertatis
1200 1124 1423 1179 audacia
1454 1123 1689 1192 ponitur.
1726 1122 1793 1178 Et
1816 1122 2115 1183 notandum

526 1214 654 1284 quia
680 1230 788 1269 non
812 1216 1028 1279 cmlum,
1057 1217 1152 1271 sed
1174 1224 1373 1269 terram
1401 1215 1829 1269 inhabitantibus
1858 1229 1937 1269 vae
1970 1214 2115 1269 futu-

527 1319 649 1359 rum
680 1305 1027 1361 lamentando
1054 1308 1331 1361 denuntiat
1357 1348 1370 1369 ,
1404 1307 1636 1363 terrenis
1667 1308 1878 1363 scilicet
1910 1308 2117 1364 deside-

526 1395 626 1453 riis
657 1407 822 1469 atque
843 1398 1292 1454 oblectationibus
1320 1398 1533 1454 deditis.

1135 1551 1361 1609 CAPUT
1398 1552 1491 1611 IX.

604 1692 672 1748 Et
697 1694 909 1765 quintus
938 1695 1153 1765 angelus
1193 1696 1316 1749 tuba
1357 1697 1540 1751 cecinit
1563 1709 1580 1747 :
1603 1706 1650 1751 et
1676 1696 1781 1751 ridi
1808 1696 2013 1751 stellam
2050 1697 2114 1751 de

530 1785 655 1857 calo
682 1788 925 1842 cecidisse
946 1788 998 1841 in
1033 1796 1247 1841 terram.
1280 1787 1405 1843 Ilzcc
1435 1787 1609 1851 stella,
1635 1796 1695 1841 ut
1719 1803 1879 1857 supra
1910 1789 2113 1842 dictum

2214 571 2268 625 in
2321 571 2441 627 loco
2491 573 2721 643 quaestio
2748 573 2946 638 oritur,
2980 588 3153 643 quare
3179 574 3394 629 dicatur
3447 573 3667 629 fumus
3694 580 3839 645 putei

2216 662 2408 717 similis
2451 661 2601 718 fumo
2648 662 2889 719 fornacis
2926 678 3137 736 magna:
3167 682 3182 718 :
3218 665 3264 719 si
3295 666 3445 720 enim
3482 675 3641 720 tunc
3673 666 3838 721 triba-

2213 754 2347 811 latio
2369 757 2498 823 erit,
2528 756 2703 827 qualis
2734 772 2839 811 non
2869 757 2990 825 fuit,
3016 760 3293 830 quomodo
3324 776 3472 815 nunc
3507 758 3733 815 similis
3762 772 3836 817 est

2216 847 2459 903 doctrina
2514 849 2895 905 haereticorum
2963 852 3225 908 doctrinae
3285 854 3674 908 antichristi?
3737 853 3832 909 Sed

2215 939 2493 995 sciendum
2519 940 2647 1011 quia
2683 940 2773 995 illa
2801 943 3109 1011 persecutio
3136 952 3194 997 et
3222 943 3355 998 falsa
3384 945 3672 1000 doctrina
3697 947 3829 999 anti~

2214 1031 2404 1086 christi
2434 1039 2488 1087 et
2516 1043 2837 1089 cmteroruut
2867 1051 2932 1089 ex
2976 1044 3131 1105 parte
3157 1036 3350 1091 similis
3387 1037 3532 1103 erit,
3568 1053 3646 1092 ex
3688 1051 3829 1106 parte

2215 1125 2510 1181 dissimilis.
2547 1125 2757 1183 Similis
2786 1129 2890 1183 erit
2942 1129 2995 1184 in
3039 1132 3425 1199 persecutione
3472 1143 3825 1191 sanctorum.

2214 1218 2269 1273 in
2313 1233 2501 1274 errore
2549 1221 2818 1276 mendacii
2871 1240 2884 1276 :
2930 1223 3211 1281 dissimilis
3254 1241 3387 1281 vero
3440 1226 3497 1280 in
3552 1227 3669 1281 hoc
3697 1230 3825 1299 quod

2214 1320 2343 1368 tunc
2382 1313 2455 1367 illi
2507 1315 2766 1369 miracula
2813 1315 3005 1371 facturi
3056 1325 3205 1384 sunt,
3255 1334 3379 1385 cum
3414 1320 3545 1374 sint
3592 1318 3823 1374 falsido-

2215 1417 2410 1470 ctores,
2444 1407 2585 1478 quod
2615 1408 2700 1463 isti
2732 1406 2910 1464 facere
2942 1426 3046 1463 non
3071 1420 3321 1481 possunt,
3356 1412 3619 1481 ideoque
3651 1414 3817 1467 imula

2214 1499 2339 1554 nior
2364 1499 2471 1554 erit
2514 1499 2622 1563 illa,
2656 1502 2781 1571 quia
2824 1517 2924 1571 per
2955 1511 3186 1573 utraque
3212 1502 3486 1573 decipiet.
3541 1502 3618 1556 Et
3650 1504 3815 1557 obses-

2216 1604 2364 1647 ratus
2389 1603 2461 1649 est
2491 1595 2571 1649 sol
2612 1607 2659 1649 et
2705 1613 2813 1650 aer.
2869 1597 2923 1651 Id
2961 1608 3044 1651 est
3076 1596 3341 1663 Ecclesia,
3382 1597 3530 1669 quia
3565 1600 3713 1667 quod
3736 1613 3815 1669 per

2217 1686 2405 1753 solem,
2452 1689 2554 1743 hoc
2595 1688 2933 1759 significatur
2979 1706 3078 1760 per
3127 1705 3277 1754 aera,
3313 1699 3367 1744 et
3411 1690 3529 1745 hoc
3572 1707 3631 1744 tn
3674 1694 3808 1745 tertia

2214 1796 2369 1851 parte
2405 1783 2509 1847 sui,
2560 1783 2610 1837 id
2660 1792 2759 1847 est,
2808 1784 2864 1839 in
2894 1784 3146 1840 omnibus
3196 1784 3463 1854 reprobis
3498 1794 3593 1839 est
3628 1785 3807 1841 inteﬁio

529 1887 632 1941 est.
669 1876 940 1934 diabolum
966 1877 1258 1950 signiﬁcat,
1296 1879 1386 1950 qni
1414 1895 1472 1934 sc
1498 1882 1842 1949 transligurat
1870 1880 1922 1933 in
1954 1895 2112 1951 ange-
2140 1891 2191 1967 ῃ
2218 1875 2448 1945 gendum
2480 1882 2537 1928 ut
2565 1890 2752 1943 supra.

534 1967 643 2021 lum
678 1968 835 2033 lucis,
878 1970 1019 2024 unde
1062 1968 1384 2039 quibusdam
1429 1986 1697 2040 apparens
1743 1971 1874 2025 dicit
1911 1986 1968 2026 se
1997 1988 2117 2027 esse

529 2058 805 2116 Christum
828 2102 841 2126 ,
866 2061 1007 2116 sicut
1031 2063 1189 2115 beato
1211 2059 1461 2117 Martino.
1496 2062 1571 2117 De
1598 2064 1700 2118 hoc
1726 2063 1864 2119 coelo
1895 2063 2114 2131 cecidit,

529 2148 632 2206 hoc
668 2161 788 2217 est,
840 2153 906 2207 de
948 2166 1173 2208 numero
1213 2153 1548 2225 angelorum,
1583 2155 1664 2211 vel
1704 2157 1768 2211 de
1812 2156 1972 2221 cmlo,
2013 2158 2117 2213 hoc

531 2249 636 2305 est,
673 2242 738 2295 de
792 2241 1029 2299 Ecclesia
1088 2245 1233 2299 cadit
1289 2246 1549 2313 quotidie,
1608 2248 1826 2316 quando
1878 2263 1941 2301 ex
1989 2264 2117 2319 gen-

530 2331 726 2388 tilitate
762 2335 978 2405 quidam
1012 2345 1401 2392 convertuntur
1439 2339 1505 2393 ad
1549 2338 1708 2394 ﬁdem
1731 2380 1745 2404 ,
1777 2341 1894 2396 sive
1920 2357 1986 2395 ex
2022 2356 2117 2411 pa-

545 2425 774 2481 uentibus
810 2427 1123 2482 eltristianis
1167 2429 1307 2492 nati,
1339 2428 1486 2484 fonte
1521 2431 1864 2503 baptismatis
1893 2447 2117 2504 regene-

530 2523 744 2581 rantur,
776 2524 831 2570 et
860 2517 1076 2572 diabolo
1115 2520 1451 2585 renuntiant,
1481 2529 1535 2575 et
1560 2522 1817 2577 omnibus
1858 2521 2116 2591 operibus

532 2616 588 2660 et
619 2608 833 2678 pompis
860 2608 1000 2679 ejus.
1026 2609 1084 2663 ln
1118 2619 1316 2665 terram
1341 2613 1517 2679 cadit,
1542 2613 1645 2668 hoc
1676 2622 1791 2680 est,
1822 2614 1875 2668 in
1899 2631 1995 2670 eos
2022 2614 2115 2685 qui

533 2699 731 2752 terreni
776 2709 916 2753 sunt.
954 2698 1068 2754 Non
1106 2700 1250 2756 enim
1281 2702 1333 2757 in
1367 2703 1541 2770 caelo,
1585 2704 1639 2759 id
1683 2713 1767 2761 est
1809 2706 1864 2760 in
1911 2708 2115 2762 sanctis

529 2799 852 2862 pOtestatem
879 2794 1064 2850 habet.

602 2879 671 2934 Et
707 2882 832 2936 data
860 2893 935 2937 est
971 2885 1020 2938 ei
1055 2884 1215 2941 clavis
1245 2888 1388 2959 putei
1424 2889 1620 2961 abyssi.
1651 2890 1790 2959 Quid
1833 2907 1934 2964 per
1960 2895 2115 2967 abys-

528 2987 675 3038 sum,
704 2974 806 3029 nisi
834 2991 996 3046 prava
1026 2978 1379 3050 designantur
1405 2984 1571 3038 corda
1605 2985 1957 3055 reproborum
1985 3004 2115 3060 pec-

530 3067 665 3121 catis
699 3068 1021 3125 tenebrosa?
1048 3072 1125 3126 De
1166 3073 1266 3128 hac
1303 3074 1499 3146 abysso
1544 3076 1741 3131 dicitur
1782 3078 1835 3133 in
1863 3078 2062 3134 Genesi
2093 3094 2111 3134 :

533 3158 779 3216 Tenelme
822 3173 970 3218 erant
1007 3181 1161 3236 super
1186 3165 1374 3236 faciem
1404 3168 1580 3239 abyssi
1606 3168 1759 3243 (Gen.
1789 3168 1851 3242 ι).
1876 3169 1982 3226 Per
2009 3188 2109 3242 pu-

2291 1966 2366 2021 De
2395 1966 2539 2036 fumo
2583 1970 2748 2038 putei,
2784 1968 2837 2022 id
2868 1977 2971 2031 est,
3008 1968 3075 2024 de
3116 1970 3517 2026 haereticorum
3552 1970 3800 2025 doctrina.

2218 2055 2477 2111 Exierunt
2505 2056 2718 2112 locuer
2745 2058 2798 2112 in
2829 2068 3043 2113 terram.
3081 2060 3340 2130 Discipuli
3372 2062 3597 2116 scilicet
3621 2062 3800 2115 erroris

2216 2148 2329 2201 nati
2381 2155 2523 2213 sunt,
2569 2149 2659 2219 qui
2692 2157 2906 2204 terrena
2958 2152 3122 2206 corda
3152 2150 3446 2206 hominum
3484 2153 3797 2222 deciperent.

2217 2236 2350 2293 Nam
2396 2239 2619 2295 locustae
2652 2257 2826 2312 neque
2873 2252 3050 2298 rectos
3077 2259 3298 2314 gressus
3324 2243 3552 2310 habent,
3584 2258 3639 2298 ut
3662 2260 3794 2314 qna-

2217 2327 2338 2383 dam
2389 2330 2663 2397 animalia,
2715 2347 2891 2401 neque
2920 2334 3155 2388 volatum
3191 2344 3251 2388 ut
3291 2349 3449 2399 aves,
3488 2335 3602 2404 quia
3637 2333 3793 2387 disci-

2215 2421 2326 2491 puli
2360 2421 2739 2479 hzcreticorum
2787 2425 2872 2479 vel
2919 2426 3037 2496 ipsi
3070 2426 3321 2481 haeretici
3372 2442 3529 2495 neque
3580 2436 3772 2480 tectam

2216 2515 2421 2571 habent
2467 2515 2647 2582 ﬁdem,
2708 2526 2767 2571 ut
2802 2517 3002 2582 volent,
3047 2527 3103 2573 et
3148 2517 3401 2573 cwlestia
3440 2534 3554 2573 cum
3592 2517 3783 2571 sanctis

2215 2615 2421 2677 petant,
2440 2607 2505 2662 de
2531 2608 2726 2679 quibus
2755 2608 2921 2665 lsaias
2948 2609 3161 2679 dicit(c.
3190 2609 3281 2681 ιχ)
3317 2609 3466 2675 :Qui
3478 2622 3592 2664 sunt
3610 2611 3690 2664 isti
3709 2607 3790 2680 qui

2217 2710 2273 2755 ut
2300 2701 2459 2756 nubes
2489 2701 2704 2756 t'olant?
2735 2718 2908 2772 neque
2939 2714 3116 2759 rectos
3132 2705 3720 2775 gressusoperationis,
3741 2710 3791 2756 at

2216 2812 2340 2851 cum
2366 2794 2653 2851 Psaltuista
2684 2793 2867 2851 dicere
2895 2797 3105 2868 possint
3140 2816 3152 2850 :
3190 2796 3399 2852 Statuit
3425 2814 3589 2866 supra
3617 2806 3787 2865 petra-

2214 2885 2371 2955 pedes
2420 2902 2584 2953 meos,
2633 2896 2680 2940 et
2728 2886 2918 2941 direxit
2968 2904 3173 2959 gressus
3214 2886 3574 2960 meos(Psal.
3603 2886 3786 2956 nm).

2218 2973 2400 3033 Saltus
2428 2976 2561 3031 dant
2594 2975 2832 3040 locustae,
2860 2986 2917 3033 et
2949 2979 3178 3034 virentia
3211 2993 3454 3050 qumque
3497 2978 3786 3037 corrodunl.

2215 3068 2341 3137 quia
2386 3066 2459 3122 illi
2490 3067 2944 3140 perv-jactantiam
2989 3070 3296 3136 elevantur,
3340 3083 3401 3125 et
3430 3070 3650 3125 animas
3679 3083 3789 3139 quas

2215 3167 2574 3231 possuntqna:
2592 3161 2825 3217 virorem
2841 3162 2963 3217 ﬁdei
2991 3163 3211 3230 habent,
3231 3171 3459 3218 necant.
3498 3163 3569 3217 Et
3590 3164 3708 3217 dats
3730 3167 3788 3216 est

532 3259 676 3306 tcum
716 3262 894 3310 autem
932 3254 1168 3311 hmretici
1201 3257 1605 3330 intelliguntur,
1638 3262 1763 3332 quia
1805 3278 1901 3318 sua
1941 3278 2108 3334 prava
2137 3257 2185 3329 ς
2214 3249 2319 3305 illis
2336 3260 2584 3320 potestas,
2608 3253 2741 3307 sicut
2759 3253 2949 3308 habent
2971 3255 3272 3325 scorpiones
3291 3265 3620 3324 potestatem
3639 3266 3779 3307 terra.

531 3344 776 3400 doctrina
815 3355 871 3401 et
905 3346 1171 3417 profunda
1215 3350 1465 3407 homines
1491 3351 1543 3407 in
1572 3351 1678 3407 ima
1716 3361 1877 3409 terra;
1899 3354 2112 3411 demer-

530 3440 679 3504 gunt.
705 3433 886 3492 Clavis
911 3453 1038 3493 vero
1064 3440 1212 3508 putei
1248 3441 1470 3513 abyssi,
1504 3453 1746 3512 potestas
1790 3444 2114 3518 intelligitur

529 3525 751 3592 diaboli,
780 3530 872 3598 qui
904 3529 1216 3586 dominatur
1254 3533 1542 3600 hazreticis,
1569 3537 1794 3607 paganis
1818 3545 1872 3591 et
1898 3539 2111 3594 caeteris

532 3615 858 3672 inﬁdelibus.
910 3618 1163 3690 Legimus
1209 3624 1351 3677 enim
1403 3626 1547 3695 quod
1592 3626 1756 3681 Petro
1804 3628 1945 3683 datae
1986 3637 2114 3685 sunt

529 3704 728 3772 claves,
762 3708 812 3763 id
840 3719 922 3764 est
938 3720 1179 3781 potestas
1202 3714 1401 3786 ligandi
1429 3725 1482 3771 et
1506 3717 1765 3773 solvendi.
1797 3716 1876 3773 ita
1899 3735 2030 3791 ergo
2055 3720 2112 3776 in

530 3797 634 3854 hoc
657 3798 775 3856 loco
797 3801 985 3871 clavis,
1016 3820 1136 3875 quae
1152 3806 1275 3862 data
1309 3818 1390 3863 est
1419 3808 1654 3875 diabolo,
1688 3812 1928 3882 potentia
1954 3811 2114 3867 intel-

527 3889 734 3964 ligitur,
762 3910 923 3965 quam
950 3906 1167 3954 exercet
1193 3899 1247 3954 in
1284 3902 1557 3971 reprohos.
1587 3897 1716 3968 Quae
1747 3901 1819 3956 illi
1843 3902 1965 3957 data
1989 3918 2110 3958 esse

533 3982 730 4040 dicitur
755 3996 975 4058 propter
1009 3988 1147 4054 hoc,
1191 3991 1332 4061 quod
1364 4006 1470 4047 non
1500 4004 1578 4047 est
1610 3990 1808 4059 ablata,
1861 3992 2002 4048 sicut
2029 3994 2111 4048 in-

530 4072 779 4132 duratum
807 4088 891 4134 est
915 4095 1007 4135 cor
1032 4080 1351 4150 Pharaonis,
1378 4083 1430 4139 id
1451 4093 1534 4138 est
1554 4099 1658 4138 non
1682 4083 1999 4139 emollitum.

600 4163 670 4220 Et
696 4170 897 4239 aperuit
916 4182 1130 4240 puteum
1154 4173 1342 4243 abyssi.
1370 4173 1506 4241 Quia
1536 4173 1649 4244 ipse
1681 4173 1911 4244 inspirat
1938 4175 2112 4229 haere-

532 4255 672 4323 ticis,
721 4269 782 4313 ut
825 4262 1078 4318 tenebras
1110 4278 1220 4318 suae
1247 4264 1508 4320 doctrinae
1548 4264 1830 4335 proferant
1860 4266 1929 4321 ad
1958 4266 2107 4321 deci-

530 4349 786 4419 Piendum
815 4368 951 4423 quos
975 4364 1220 4426 possunt.
1262 4356 1381 4426 Ipse
1413 4356 1515 4412 hoc
1543 4355 1690 4423 facit,
1717 4360 1842 4428 quia
1870 4374 1936 4413 eo
1962 4358 2111 4415 insti-

532 4451 691 4512 gante
742 4442 819 4498 ﬁt.
882 4443 1009 4502 Sive
1056 4465 1154 4519 per
1209 4448 1412 4513 clavem
1463 4464 1753 4521 possumus
1804 4452 2109 4523 intelligere

530 4532 825 4601 potentiam
860 4538 1152 4605 carnalem,
1190 4539 1244 4593 id
1283 4547 1386 4604 est,
1430 4555 1583 4609 reges
1617 4550 1674 4595 et
1708 4543 1980 4614 principes
2006 4544 2108 4598 hu-

2213 3341 2464 3399 Potestas
2496 3345 2726 3401 nocendi
2760 3345 3063 3417 scorpionis
3099 3345 3151 3401 in
3195 3346 3371 3401 cauda
3406 3357 3518 3402 est.
3554 3346 3655 3402 Per
3674 3345 3785 3400 hanc

2214 3435 2359 3490 enim
2401 3438 2637 3506 percutit
2685 3444 2740 3491 et
2767 3452 2973 3492 venena
3012 3435 3283 3493 diﬁ‘undit.
3329 3437 3579 3509 Scorpio
3606 3450 3786 3511 quoat:

2214 3524 2269 3579 in
2318 3524 2457 3583 facie
2501 3536 2585 3583 est
2634 3526 2881 3594 blandus,
2925 3529 3019 3585 sed
3065 3529 3279 3586 occulte
3327 3534 3517 3586 cauda
3564 3530 3783 3603 pem-tit.

2214 3614 2373 3673 Tales
2412 3627 2537 3673 sunt
2585 3619 2847 3685 hteretici,
2878 3621 2970 3691 qui
3012 3619 3164 3678 falsis
3193 3637 3322 3677 vera
3364 3624 3719 3695 permisceat.
3742 3628 3787 3674 st

2213 3705 2428 3765 facilius
2475 3711 2752 3766 auditores
2802 3712 3114 3784 decipiant,
3165 3713 3354 3784 sicque
3403 3728 3628 3771 veneno
3664 3711 3789 3768 mal:

2214 3798 2473 3855 doctrinae
2518 3802 2791 3872 decipiunt
2842 3802 3140 3875 simplices,
3177 3804 3243 3861 de
3268 3805 3477 3875 quibus
3527 3805 3785 3861 Psalmisu

2214 3892 2290 3946 ait
2318 3907 2332 3947 :
2364 3891 2676 3965 Sepulcrum
2712 3905 2893 3967 patens
2940 3906 3017 3952 est
3047 3907 3229 3971 guttur
3268 3914 3456 3952 eorum
3495 3897 3679 3971 (Rom.
3700 3896 3786 3966 tu}.

2211 3985 2280 4040 Et
2306 4002 2461 4041 sacra
2502 3984 2785 4058 Scriptura
2833 3997 3064 4044 testatur
3109 3991 3235 4063 quia
3289 3990 3575 4063 propheta
3616 3990 3791 4046 docens

2213 4075 2576 4143 mendacium,
2604 4077 2717 4149 ipse
2744 4085 2827 4134 est
2853 4079 3046 4136 cauda.

2284 4166 2352 4220 Et
2380 4178 2693 4238 pra'ceptum
2735 4179 2809 4223 est
2850 4169 2957 4225 illis
3006 4187 3068 4225 ne
3114 4170 3362 4225 (cederent
3398 4172 3592 4242 fenum
3635 4181 3789 4233 terra,

2213 4279 2374 4332 neque
2389 4279 2539 4319 omne
2553 4263 2736 4328 viride,
2764 4282 2926 4337 neque
2952 4265 3447 4332 omnem'arborcm,
3473 4268 3589 4322 nisi
3613 4278 3789 4320 tants:

2212 4356 2445 4411 homines
2472 4356 2562 4430 qui
2590 4374 2694 4411 non
2719 4357 2906 4411 habent
2940 4357 3143 4429 signum
3176 4356 3273 4411 Dei
3297 4361 3348 4411 in
3375 4358 3655 4428 frontibus
3679 4360 3788 4412 suis.

2215 4446 2476 4521 Superius
2521 4450 2723 4506 dictum
2755 4459 2840 4505 est
2865 4451 3007 4523 quod
3037 4462 3199 4506 omne
3247 4449 3435 4506 fenum
3461 4454 3648 4507 viride
3668 4467 3789 4506 com-

2213 4540 2431 4595 bustum
2472 4550 2574 4606 est,
2625 4541 2769 4612 quod
2819 4542 2873 4597 in
2922 4540 3005 4596 sui
3055 4541 3213 4597 tertia
3258 4550 3419 4612 parte
3462 4543 3787 4614 intelligitur.

525 4622 617 4693 jus
663 4625 864 4691 sceculi,
903 4645 1039 4699 quos
1086 4630 1187 4685 sibi
1227 4608 1628 4703 conjungcbant
1677 4608 1941 4700 haeretici,
1978 4636 2103 4705 quia
2132 4608 2187 4685 Ι)
2212 4631 2353 4704 Ergo
2382 4633 2471 4689 hic
2514 4608 2697 4688 fenum
2739 4633 2794 4689 in
2839 4632 3036 4691 bonam
3091 4608 3300 4706 partem
3344 4635 3603 4705 ponitur.
3636 4608 3791 4703 Signi-

535 4731 642 4779 non
670 4718 933 4774 auderent
964 4729 1110 4775 tanta
1133 4729 1188 4776 et
1218 4722 1343 4777 talia
1372 4724 1537 4795 loqui,
1570 4725 1670 4779 nisi
1704 4725 1986 4795 temporali
2012 4743 2102 4783 es-

532 4817 650 4864 sent
681 4810 918 4878 polentia
957 4810 1095 4866 fulti.
1127 4811 1196 4867 Et
1228 4816 1458 4870 ascendit
1494 4816 1669 4886 fumus
1704 4820 1867 4888 putei.
1910 4817 1967 4872 Id
2000 4827 2101 4884 est,

528 4914 819 4969 pravorum
875 4902 1252 4961 haereticorum
1306 4906 1549 4961 doctrina
1600 4906 1946 4964 manifestata
2001 4917 2102 4965 est.

530 4991 660 5060 Quae
704 4994 841 5067 bene
889 4993 1035 5052 fumo
1063 5007 1425 5068 comparatur,
1470 5000 1595 5075 quia
1625 4999 1830 5057 lumine
1853 5001 2104 5058 veritatis

527 5092 699 5149 caret,
754 5093 809 5141 et
855 5090 997 5158 quod
1047 5090 1249 5149 sanctis
1296 5091 1349 5145 in
1404 5089 1682 5163 Scriptura
1728 5108 1880 5149 sacra
1922 5093 2102 5150 lumen

528 5177 751 5247 prmbet,
778 5176 882 5234 hoc
916 5178 1185 5236 hazreticis
1215 5182 1509 5237 caecitatem
1541 5182 1793 5249 infundit,
1820 5186 1911 5259 qui
1938 5186 2103 5251 etiam

529 5268 652 5320 aliis
696 5266 820 5321 ﬁdei
862 5266 1044 5325 lumen
1092 5273 1384 5326 obscurare
1420 5289 1525 5327 non
1557 5282 1790 5328 cessant.
1826 5271 1977 5329 Sicut
2018 5275 2107 5344 fu-

529 5374 644 5411 mus
689 5358 921 5429 fornacis
963 5378 1187 5433 magnw.
1219 5362 1432 5418 Fornax
1477 5374 1655 5419 autem
1687 5382 1879 5436 magna
1921 5367 2103 5421 novis-

532 5447 667 5501 sima
691 5458 773 5502 est
797 5452 1041 5517 vexatio,
1062 5442 1313 5524 tempore
1341 5456 1643 5511 antichristi
1673 5456 1885 5533 futura,
1912 5458 1977 5513 de
1998 5475 2106 5530 qua

529 5541 783 5595 videlicet
808 5541 986 5599 fumus
1019 5547 1344 5616 egredietur,
1378 5548 1430 5602 id
1460 5556 1544 5603 est
1577 5549 1802 5605 adversa
1836 5551 2106 5618 doctrina,

534 5650 651 5701 qum
684 5644 889 5690 mentes
916 5638 1255 5706 pereuntium
1281 5640 1333 5694 in
1364 5641 1649 5713 caliginem
1685 5651 1883 5708 vertat,
1912 5643 1998 5697 cui
2027 5642 2110 5697 fu-

537 5741 656 5780 mus
690 5727 835 5798 putei
863 5739 1231 5799 comparatur,
1265 5733 1391 5801 quia
1445 5734 1584 5789 sicut
1622 5749 1765 5789 nunc
1806 5743 1857 5788 et
1892 5750 1956 5789 eo
1996 5750 2112 5789 am-

531 5816 678 5897 plius
725 5832 897 5887 error,
944 5820 1018 5876 ita
1057 5832 1184 5879 tunc
1214 5824 1569 5881 seminabitur
1606 5827 1676 5882 ab
1721 5826 1921 5892 impiis,
1969 5829 2110 5885 unde

2208 4723 2336 4780 ﬁcat
2372 4724 2519 4781 enim
2572 4724 2855 4791 lactentes,
2886 4726 2979 4795 qui
3011 4740 3118 4780 non
3166 4734 3399 4796 possunt
3447 4741 3657 4796 capere
3682 4723 3791 4779 soli-

2210 4817 2337 4875 dum
2379 4817 2580 4883 cibum,
2612 4819 2705 4873 sed
2756 4817 2921 4873 veluti
2967 4817 3243 4885 animalia,
3288 4816 3489 4873 litterae
3516 4816 3791 4888 superﬁcie

2210 4909 2568 4967 delectantur.
2610 4909 2817 4977 Quibus
2843 4908 3130 4980 Apostolus
3162 4910 3239 4964 ait
3268 4923 3284 4963 :
3321 4908 3451 4963 Non
3481 4911 3644 4978 potui
3669 4907 3790 4961 vobis

2211 5001 2352 5074 loqui
2380 5000 2531 5073 quasi
2575 4998 2960 5073 spiritualibus,
2990 5001 3084 5055 sed
3125 4997 3279 5072 quasi
3310 4998 3654 5063 carnalibus,
3687 5008 3792 5051 tan-

2208 5111 2366 5166 quam
2389 5089 2702 5163 parvulisin
2734 5090 2942 5146 Christo
2981 5088 3063 5145 lac
3104 5099 3283 5163 potum
3324 5089 3472 5143 vobis
3518 5089 3678 5153 dedi,
3706 5102 3793 5140 nos

2209 5201 2380 5239 escam
2412 5182 2462 5255 (1
2495 5181 2615 5238 Cor.
2644 5181 2748 5253 ιιι).
2782 5180 2953 5237 Omne
2983 5189 3163 5235 autem
3192 5178 3387 5243 viride,
3413 5178 3799 5249 intelliguntur

2209 5274 2578 5353 proﬁcientes,
2619 5273 2710 5343 qui
2744 5271 2857 5343 jam
2899 5278 3126 5342 possunt
3169 5269 3483 5339 intelligere
3511 5282 3574 5325 et
3609 5281 3798 5339 capere

2211 5368 2356 5439 quod
2393 5364 2630 5421 Joannes
2665 5364 2818 5419 dicit.
2853 5362 2918 5417 In
2944 5363 3201 5434 principio
3225 5373 3336 5416 erat
3365 5363 3582 5416 verbum
3617 5362 3791 5432 (Jon-

2212 5460 2275 5530 t).
2306 5457 2477 5513 Porro
2499 5457 2723 5513 arbores
2758 5456 2983 5527 perfecti
3016 5456 3215 5525 quique
3243 5462 3295 5508 et
3325 5451 3501 5508 fortes
3541 5462 3721 5524 atque
3750 5452 3797 5503 is

2212 5548 2318 5603 ﬁde
2345 5548 2548 5603 robusti
2616 5555 2759 5609 sunt,
2817 5547 3073 5617 quoniam
3116 5545 3171 5599 hi
3236 5541 3369 5599 tales
3422 5545 3800 5598 tentationum

2212 5647 2405 5693 ventos
2433 5637 2675 5710 perferre
2698 5646 2949 5708 possunt,
2996 5646 3050 5692 et
3081 5637 3234 5690 ﬁrma
3260 5635 3562 5690 stabilitate
3596 5635 3795 5706 perde-

2214 5741 2357 5788 rant.
2392 5732 2467 5786 De
2494 5731 2690 5801 quibus
2723 5730 3008 5786 Psalmista
3050 5746 3063 5782 :
3109 5724 3349 5780 Pleurati
3392 5727 3446 5779 in
3490 5726 3662 5779 domo
3697 5724 3801 5777 Do-

2214 5824 2364 5888 mini,
2395 5823 2448 5876 in
2476 5822 2625 5877 atriis
2647 5821 2831 5877 domus
2862 5821 2959 5877 Dei
2988 5820 3152 5875 nostri
3175 5818 3427 5876 ﬂorebunt
3454 5814 3645 5875 lPsal.
3670 5814 3805 5883 ια).

2375 5932 2407 5963 ο
