3972 6492
68 387 268 450 1053

1049 392 1413 451 EXPOSITIO
1450 391 1519 448 IN
1555 387 2053 453 APOCALYPSIN.
2090 420 2161 431 ——
2196 389 2324 446 LIB.
2363 389 2428 446 Il.

3246 394 3270 448 1
3281 393 3386 449 054

68 508 229 565 Sed
268 517 332 565 et
370 507 460 565 hic
497 521 528 564 a
558 515 673 565 toto
714 524 844 581 pars
887 508 1232 581 intelligenda
1275 517 1380 573 est,
1423 516 1483 563 ut
1519 521 1701 576 supra,
1734 507 1783 575 Α
1809 519 1949 556 mors
1983 503 2049 555 ab
2085 505 2178 556 eis.
2221 504 2357 570 Quia
2399 505 2571 560 sancti
2600 506 2721 570 viri,
2765 514 2824 560 ut
2848 506 3047 562 dictum
3097 516 3201 571 est.
3244 508 3386 564 inter

72 615 225 670 qua
260 600 478 655 duabus
507 600 715 656 scilicet
753 600 998 672 partibus
1036 599 1477 673 permanentibus
1517 598 1570 651 in
1604 596 1704 649 Ec-

76 691 315 756 clesia,
348 707 377 746 a
403 707 634 762 quarum
664 692 882 747 laesione
925 692 1283 763 prohibentur
1317 691 1559 753 locustce,
1591 697 1703 741 ter-

78 782 193 837 tia
222 793 434 854 pereat.
462 783 616 855 Unde
635 793 689 839 et.
717 784 897 840 statim
930 782 1272 855 subjungitur
1304 801 1317 837 :
1351 781 1462 838 Nisi
1496 790 1704 835 tantum

83 873 394 937 homines,
416 875 506 945 qui
530 890 634 929 non
654 876 856 931 habent
879 876 1088 948 signum
1107 877 1201 931 Dei
1216 877 1268 930 in
1288 875 1552 929 frontibus
1570 873 1702 937 suis,

82 964 356 1019 Subaudi
396 966 576 1036 digne,
610 967 738 1036 quia
776 982 883 1022 non
918 967 1089 1023 solum
1120 966 1482 1025 excluduntur
1508 964 1582 1018 illi
1612 962 1703 1034 qui

84 1065 280 1109 extra
311 1055 610 1112 Eeclesiam
651 1068 796 1124 sunt,
839 1058 891 1114 id
931 1067 1013 1115 est
1048 1058 1243 1130 pagani
1277 1066 1334 1115 et
1375 1055 1564 1118 Judaei,
1609 1055 1704 1110 sed

80 1147 292 1201 etiam
346 1146 464 1202 falsi
498 1147 811 1214 Christiani,
858 1151 946 1220 qui
977 1150 1189 1219 signum
1236 1156 1456 1227 portant
1495 1148 1547 1201 in
1584 1162 1706 1201 cor-

86 1251 277 1306 pore,
303 1240 396 1308 qui
426 1239 684 1310 baptizati
722 1249 864 1306 sunt,
908 1250 962 1295 et
1014 1241 1080 1307 in.
1100 1239 1342 1295 Ecclesia
1372 1238 1702 1303 consistunt,

84 1329 213 1383 sed
264 1338 448 1386 tamen
479 1330 637 1387 fidem
682 1348 845 1403 quam
884 1333 1085 1387 habere
1131 1333 1403 1395 videntur,
1445 1331 1705 1401 operibus

86 1419 420 1486 maculant,
472 1421 698 1493 ideoque
736 1421 1021 1477 laeduntur.
1074 1422 1204 1476 Tale
1256 1431 1338 1476 est
1378 1420 1508 1475 illud
1543 1435 1556 1473 :
1600 1418 1705 1484 Qui

86 1511 408 1565 manducat
444 1528 653 1566 carnem
682 1529 871 1578 meam,
924 1522 972 1566 et
1016 1512 1139 1566 bibit
1171 1511 1476 1582 sanguinem
1506 1526 1700 1576 meum,

86 1600 159 1654 in
213 1618 302 1655 me
332 1613 526 1669 manet,
565 1613 613 1657 et
652 1621 744 1673 ego
786 1606 841 1657 in
890 1602 980 1656 illo
1013 1602 1195 1674 (Joau.
1239 1601 1338 1673 γι).
1382 1601 1516 1656 Cum
1547 1599 1703 1656 multi

84 1692 314 1748 eadem
345 1705 681 1751 sacramenta
712 1695 1033 1766 percipiant,
1056 1694 1110 1748 in
1135 1696 1331 1764 quibus
1358 1708 1462 1747 non
1495 1692 1704 1747 habitat

85 1783 395 1853 Christus,
447 1788 572 1856 quia
624 1804 729 1843 non
781 1788 846 1842 ad
886 1788 1140 1854 salutem,
1180 1787 1272 1842 scd
1328 1785 1393 1840 ad
1432 1783 1699 1853 judicium

1809 591 2060 648 scandala
2091 593 2249 661 hujus
2276 595 2457 649 saeculi
2490 607 2702 652 secreta
2726 599 3138 655 conversatione
3155 600 3266 655 Deo
3287 616 3385 672 per

1807 685 2312 756 contemplationem
2366 688 2630 744 inhrerere
2691 691 2936 762 cupiunt,
3004 692 3098 749 sed
3158 704 3383 765 propter

1809 775 2037 831 aliorum
2090 776 2239 831 lucra
2279 778 2601 846 quibusdam
2632 782 3077 852 occupationibus
3112 782 3163 837 in
3206 791 3383 838 certa-

1808 867 1953 921 mine
1980 867 2265 922 desudant.
2299 866 2554 925 Nolentes
2585 872 2766 939 itaque
2797 872 3001 936 vivunt,
3037 871 3127 926 sed
3159 872 3379 927 dilatam

1808 965 2038 1010 mortem
2086 967 2308 1026 propter
2353 958 2580 1014 aliorum
2632 961 2858 1015 salutem
2905 962 3279 1033 arquanitniter
3307 963 3387 1018 fe-

1810 1054 1956 1108 runt,
1986 1047 2328 1101 attendentes
2358 1047 2485 1102 illud
2509 1048 2751 1119 Apostoli
2792 1068 2805 1103 :
2843 1051 2965 1105 Non
2997 1069 3115 1120 qum
3140 1069 3236 1105 sua
3262 1061 3384 1107 sunt

1806 1136 2002 1207 singuli
2028 1148 2316 1209 qutcrentes
2342 1140 2434 1193 sed
2461 1157 2579 1208 qum
2605 1140 2829 1194 aliorum
2855 1141 2907 1211 (Ι
2939 1143 3059 1197 Cor.
3093 1145 3234 1214 χιιι).

1826 1278 1849 1290 ,
1879 1227 1948 1281 Et
1984 1228 2350 1284 similitudines
2386 1230 2728 1297 locustarum,
2776 1233 2969 1289 similes
3006 1238 3148 1307 equis
3182 1240 3383 1307 paratis

1806 1320 1860 1373 in
1886 1320 2148 1390 praelium.
2177 1318 2346 1391 Equis
2379 1324 2750 1378 assimilantur
2778 1340 2967 1381 omnes
2994 1327 3231 1383 hatretici
3258 1344 3385 1397 pro-

1804 1421 1926 1481 pter
1949 1412 2187 1468 velocem
2224 1415 2422 1484 ubique
2463 1416 2784 1481 discursum,
2837 1418 2961 1487 quia
3001 1425 3169 1473 totum
3205 1421 3385 1475 subito

1808 1502 2089 1572 replebant
2117 1506 2405 1570 mundum;
2451 1505 2672 1561 locustis
2712 1522 2867 1571 vero,
2894 1520 3115 1579 propter
3138 1513 3384 1566 vacuita-

1807 1605 1935 1652 tem.
1986 1597 2038 1651 ln
2076 1598 2318 1667 przclium
2348 1599 2571 1664 vadunt,
2615 1600 2741 1668 quia
2768 1611 2954 1655 contra
2988 1591 3146 1657 fidem
3175 1614 3381 1658 rectam

1804 1690 2098 1747 electorum
2144 1702 2406 1774 pugnant.
2457 1692 2524 1746 Et
2567 1694 2706 1748 sicut
2751 1691 2970 1748 Jamnes
3016 1704 3072 1750 et
3116 1695 3384 1753 Mambres

1806 1782 2123 1837 restiterunt
2171 1782 2378 1855 Moysi,
2431 1783 2505 1838 ita
2569 1792 2623 1838 et
2667 1783 2754 1838 isti
2804 1784 3057 1838 resistent
3100 1788 3314 1841 veritati
3366 1805 3378 1841 :

86 1890 279 1931 suum
328 1880 655 1933 manducant
695 1888 751 1933 et
795 1878 1008 1943 bibunt,
1047 1878 1275 1947 ideoque
1305 1876 1382 1931 rei
1427 1885 1551 1931 sunt
1581 1889 1700 1929 cor-
1727 1887 1776 1949 Β
1805 1883 1860 1930 et
1894 1877 2142 1945 quamvis
2158 1875 2313 1946 juxta
2342 1876 2606 1932 rationem
2633 1877 2929 1932 subsistere
2966 1878 3226 1933 adversus
3247 1895 3382 1949 prae-

81 1967 271 2039 poris
290 1976 345 2022 et
365 1969 642 2040 sanguinis
663 1969 885 2027 Christi.
913 1968 981 2024 Et
1008 1968 1133 2025 alibi
1156 1968 1354 2023 dicitur
1382 1967 1481 2021 sub
1509 1966 1700 2021 eodem
1744 1950 1751 1961 '

87 2074 324 2121 sensu:
354 2059 524 2116 Nemo
555 2063 687 2119 dicit
726 2063 1008 2119 Dominum
1044 2060 1251 2127 Jesum,
1278 2060 1381 2115 nisi
1408 2060 1460 2115 in
1494 2058 1699 2128 Spiritu

80 2161 331 2209 sancto.
356 2154 491 2209 Cum
516 2155 703 2224 utique
732 2154 881 2209 multi
904 2169 1027 2209 eum
1050 2161 1256 2208 tantum
1283 2150 1466 2208 verbis
1494 2151 1698 2207 fatean-

85 2252 223 2310 tur,
278 2243 375 2301 sed
428 2244 697 2300 habentes
738 2245 967 2301 formam
1012 2243 1253 2315 pietatis,
1295 2243 1551 2298 virtutem
1581 2238 1698 2311 ejus

87 2333 409 2404 abnegant,
453 2334 549 2403 qui
595 2333 922 2391 conﬁtentur
966 2349 1026 2390 se
1074 2348 1237 2391 nosse
1283 2333 1477 2399 Deum,
1534 2332 1696 2388 factis

89 2433 300 2479 autem
324 2432 541 2496 negant.

174 2514 259 2570 Et
289 2514 471 2570 datum
496 2525 571 2571 est
598 2515 703 2571 illis
731 2534 794 2574 ne
833 2519 1125 2574 occiderent
1155 2535 1261 2575 eos.
1293 2517 1376 2574 Ad
1414 2518 1694 2588 superiora

92 2606 417 2679 respiciunt
449 2608 574 2674 ista,
628 2609 681 2663 id
718 2618 802 2665 est
829 2611 897 2666 ad
940 2608 1146 2678 fcitum,
1186 2610 1254 2665 ad
1295 2626 1455 2666 omne
1492 2608 1692 2676 viride,

91 2696 173 2751 ad
211 2696 464 2765 arbores,
501 2713 622 2769 qua:
652 2699 706 2754 in
756 2700 955 2756 bonum
998 2700 1381 2766 intelleximus,
1413 2710 1467 2757 et
1502 2717 1533 2756 a
1559 2717 1695 2771 quo-

93 2807 237 2847 rum
267 2801 439 2849 morte
480 2802 535 2849 et
575 2793 792 2850 laesione
827 2796 1111 2866 prohibita;
1156 2806 1280 2852 sunt
1318 2797 1557 2852 locustae.
1586 2796 1693 2853 Sed

91 2892 155 2936 ut
198 2884 501 2939 cruciarent
541 2886 801 2940 mensibus
854 2887 1100 2958 quinque.
1131 2887 1234 2942 Per
1276 2888 1515 2959 quinque
1544 2903 1694 2942 men-

95 2989 196 3029 ses
253 2973 570 3046 intelligitur
616 2992 778 3033 omne
823 2993 1064 3050 praesens
1115 2987 1350 3050 tempus,
1396 2996 1425 3035 a
1477 2979 1689 3035 Domini

98 3065 325 3121 scilicet
359 3069 676 3127 ascensione
718 3086 888 3141 usque
926 3070 992 3127 ad
1048 3071 1209 3128 finem
1239 3060 1537 3140 saeculi,in
1583 3089 1693 3145 quo

96 3158 354 3214 haeretici
381 3167 433 3217 et
467 3162 646 3217 caeteri
678 3161 921 3218 infideles
949 3170 1006 3219 et
1037 3163 1188 3233 impii
1224 3164 1485 3220 adversus
1511 3163 1694 3221 Eccle-

1804 1967 2074 2022 dieatores
2090 1976 2375 2037 nequeant,
2400 1982 2613 2037 semper
2635 1976 2812 2022 tamen
2831 1969 3271 2023 irrationabiliter
3295 1985 3383 2024 ve-

1802 2058 1949 2112 ritati
1966 2058 2242 2112 resistunt.
2264 2055 2332 2110 Et
2349 2075 2506 2127 super
2521 2059 2692 2129 capita
2707 2075 2887 2112 earum
2904 2069 3153 2131 tanquam
3167 2077 3373 2114 corona:

1800 2148 1995 2204 similes
2043 2166 2195 2203 aura.
2242 2147 2504 2219 Superius
2562 2150 2762 2204 dictum
2811 2158 2893 2205 est
2936 2149 3004 2204 de
3051 2151 3375 2215 senioribus,

1800 2225 1941 2315 quod
1972 2243 2243 2297 habebant
2276 2258 2506 2297 coronas
2529 2257 2721 2297 aureas
2747 2244 2799 2297 in
2833 2243 3101 2313 capitibus
3125 2243 3254 2304 suis,
3285 2258 3382 2313 per

1799 2349 1933 2402 quas
1976 2333 2283 2401 triumphus
2322 2331 2565 2386 victoria:
2611 2331 2826 2386 illorum
2876 2330 3230 2400 significatur.
3286 2330 3380 2385 isti

1799 2435 1980 2480 autem
2024 2441 2130 2478 non
2182 2425 2383 2480 habent
2433 2438 2684 2489 coronas,
2735 2424 2827 2478 sed
2874 2425 3132 2493 quasdam
3177 2423 3379 2493 figuras

1797 2525 2053 2587 tanquam
2081 2531 2329 2581 coronas,
2371 2530 2469 2571 nec
2494 2524 2621 2571 sunt
2651 2531 2849 2581 aureae,
2872 2516 2964 2571 sed
2991 2516 3194 2571 similes
3222 2531 3375 2581 auro,

1798 2608 1951 2676 quasi
1994 2608 2201 2662 scilicet
2249 2609 2520 2678 quoddam
2568 2607 2821 2662 falsitatis
2866 2609 3203 2677 figmentum,
3251 2607 3379 2677 quia

1796 2700 2045 2755 videlicet
2076 2700 2176 2771 ipsi
2220 2716 2278 2756 se
2316 2700 2551 2755 victores
2584 2699 2861 2764 simulant,
2894 2709 2948 2753 et
2986 2699 3175 2767 dignos
3199 2714 3380 2755 remu-

1796 2791 2098 2855 neratione,
2147 2791 2240 2845 sed
2284 2805 2383 2846 nec
2434 2804 2687 2855 coronas,
2728 2806 2828 2845 nec
2874 2805 2938 2844 ex
2981 2805 3116 2844 auro
3150 2788 3375 2855 habent,

1796 2884 2018 2953 quia,ut
2043 2882 2333 2953 Apostolus
2360 2883 2454 2948 ait,
2483 2882 2743 2937 habentes
2757 2882 2983 2938 formam
3007 2882 3239 2953 pietatis,
3266 2882 3377 2935 vir-

1796 2982 1965 3029 tutem
1998 2974 2115 3043 ejus
2146 2976 2431 3045 abnegant.
2470 2974 2535 3028 Et
2560 2975 2720 3045 facies
2749 2992 2930 3029 earum
2964 2975 3191 3029 subaudi
3228 2974 3376 3029 locu-

1795 3074 2021 3122 starum.
2052 3064 2198 3121 Sicut
2244 3067 2404 3137 facies
2427 3066 2694 3141 hominum
2723 3074 2896 3120 erant.
2940 3066 3075 3133 Quia
3102 3065 3264 3120 homo
3295 3072 3376 3121 est

1795 3158 1995 3212 animal
2024 3157 2307 3223 rationale,
2336 3173 2434 3228 per
2453 3156 2645 3212 faciem
2669 3158 2947 3213 hominum
2977 3157 3377 3214 rationabilitas

97 3249 251 3304 siam
278 3260 612 3321 grassantur.
662 3252 799 3308 Nam
846 3254 971 3323 quia
1012 3255 1295 3325 quinarius
1336 3272 1592 3312 numerus
1621 3256 1689 3311 ad
1716 3268 1763 3332 ρ
1792 3264 1982 3305 eorum
2022 3250 2361 3321 intelligitur,
2387 3250 2511 3320 quia
2544 3250 2667 3305 licet
2695 3250 2803 3305 sint
2826 3249 3140 3305 seductores
3160 3264 3371 3315 eorum,

98 3341 354 3414 quinque
380 3357 570 3397 sensus
597 3344 841 3415 corporis
864 3346 1121 3415 pertinet,
1152 3357 1300 3402 recte
1328 3364 1424 3419 per
1449 3348 1689 3419 quinque

101 3447 329 3487 menses
352 3448 513 3489 omne
538 3449 776 3504 pmsens
806 3443 1018 3508 tempus
1046 3436 1386 3509 intelligitur,
1417 3437 1542 3508 quia
1568 3446 1688 3491 tan-

101 3524 201 3578 diu
258 3524 405 3595 impii
436 3525 640 3581 sanctis
680 3541 874 3583 nocere
904 3537 1151 3597 possunt,
1181 3527 1420 3599 quandiu
1450 3528 1689 3600 quinque

103 3614 359 3669 sensibus
396 3616 639 3686 corporis
668 3617 985 3674 subsistunt.
1030 3616 1095 3672 Et
1125 3620 1388 3674 cruciatus
1424 3636 1603 3674 eorum
1630 3630 1687 3672 ut

100 3706 376 3761 cruciatus
412 3708 603 3777 scorpii
637 3725 753 3762 cum
789 3712 1006 3779 percutit
1035 3711 1315 3765 hominem.
1360 3711 1514 3766 Sicut
1538 3711 1685 3766 enim

105 3802 327 3873 scorpio
384 3817 414 3855 a
465 3804 869 3872 posterioribus
908 3819 1117 3857 venena
1164 3803 1435 3867 diffundit,
1486 3806 1559 3859 ita
1608 3804 1688 3859 illi

103 3891 327 3960 reprobi
358 3891 423 3946 iis
449 3907 568 3960 quae
594 3893 702 3947 cito
741 3901 1044 3957 transeunt,
1072 3900 1127 3947 et
1157 3893 1210 3947 in
1238 3894 1490 3962 praesenti
1526 3892 1689 3948 relin-

106 3988 375 4050 quuntur,
393 3989 555 4051 atque
580 3982 701 4037 ideo
718 3982 1015 4052 posteriora
1048 3992 1443 4053 nuncupantur,
1468 3990 1685 4049 nocent,

109 4079 170 4126 et
221 4070 322 4126 hoc
354 4071 408 4125 in
438 4071 629 4136 cauda,
674 4073 729 4127 id
758 4082 842 4128 est
884 4072 937 4127 iu
968 4081 1238 4142 potestate
1287 4071 1447 4141 hujus
1481 4072 1687 4139 saeculi,

107 4159 199 4216 vel
252 4161 413 4217 minis
453 4162 721 4234 quoslibet
771 4161 1207 4234 confringentes,
1261 4162 1346 4219 vel
1391 4164 1689 4221 commodis

105 4253 466 4310 blandientes.

189 4344 253 4401 Et
282 4346 335 4400 in
367 4345 548 4401 diebus
576 4346 680 4402 illis
707 4357 943 4419 quwrent
970 4350 1203 4404 homines
1234 4359 1471 4417 mortem,
1506 4360 1554 4405 et
1584 4367 1688 4405 non

110 4436 373 4491 invenient
401 4454 535 4490 eam.
591 4437 716 4494 Dies
744 4438 835 4493 isti
871 4440 1064 4507 quibus
1089 4439 1242 4495 electi
1273 4450 1516 4510 quaerent
1544 4456 1688 4496 mor-

112 4535 225 4582 tem
271 4527 641 4599 intelliguntur
693 4530 761 4584 ab
795 4531 1114 4585 ascensione
1161 4532 1372 4588 Domini
1403 4550 1576 4603 usque
1618 4536 1686 4591 ad

1796 3350 1973 3397 tamen
2007 3344 2168 3397 etiam
2202 3343 2369 3398 multa
2416 3359 2544 3398 vera
2575 3343 2783 3408 dicunt,
2822 3351 2877 3399 et
2919 3341 3190 3399 dialectici
3218 3348 3366 3408 sunt,

1792 3442 2121 3504 creterasque
2159 3443 2302 3489 artes
2330 3434 2584 3489 liberales
2610 3435 2807 3493 sciunt.

1864 3538 1930 3592 Et
1974 3538 2232 3593 habebant
2277 3539 2495 3608 capillos
2525 3540 2657 3593 sicut
2695 3538 2911 3604 capillos
2956 3539 3211 3594 mulieris.
3245 3539 3374 3594 Flu-

1788 3645 1891 3686 xus
1922 3629 2162 3684 mulieris
2191 3630 2244 3684 in
2281 3630 2490 3700 capillis
2529 3645 2648 3685 esse
2674 3629 3025 3700 dignoscitur.
3056 3628 3205 3685 Unde
3228 3630 3374 3702 Apo-

1790 3721 1961 3776 stolus
2001 3740 2013 3776 :
2048 3719 2241 3775 Mulier
2280 3722 2324 3775 si
2365 3738 2566 3776 comam
2614 3722 2842 3787 nutriat,
2873 3720 3041 3792 gloria
3082 3730 3155 3776 est
3200 3720 3280 3774 illi
3323 3720 3373 3793 (I

1791 3810 1914 3866 Cor.
1956 3810 2055 3882 χι).
2104 3811 2209 3865 Per
2252 3812 2474 3882 capillos
2509 3828 2638 3883 ergo
2687 3811 3003 3878 mulierum,
3041 3810 3375 3869 effeminatos

1790 3903 2003 3956 illorum
2033 3903 2242 3956 animos
2270 3903 2570 3972 intelligere
2596 3902 2853 3957 debemus
2882 3911 2937 3955 et
2966 3903 3219 3969 lascivos,
3248 3904 3374 3972 quia

1791 4001 1916 4048 sunt
1960 3992 2208 4046 homines
2240 3991 2340 4045 sibi
2383 3992 2658 4061 placentes
2686 4000 2742 4045 et
2789 4007 2915 4045 suas
2957 3992 3259 4061 voluptates
3286 4008 3373 4046 se-

1790 4091 2038 4153 quentes.
2070 4081 2196 4137 Sive
2222 4097 2316 4151 per
2341 4081 2533 4136 faciem
2558 4063 2835 4135 hominum
2860 4090 2912 4135 et
2937 4082 3161 4151 capillos
3188 4082 3350 4137 mulie

1790 4190 1934 4238 rum,
1964 4182 2191 4243 uterque
2232 4188 2395 4228 sexus
2433 4158 2767 4241 intelligitur,
2799 4172 2925 4242 quia
2955 4173 3028 4226 illi
3068 4190 3172 4227 non
3204 4173 3373 4228 solum

1790 4266 2122 4332 decepcrunt
2167 4262 2350 4329 viros,
2400 4263 2493 4341 sed
2527 4262 2691 4318 etiam
2739 4262 3011 4318 mulieres.
3065 4262 3201 4331 Quia
3231 4264 3374 4318 enim

1790 4354 2030 4411 haeretici
2059 4356 2125 4410 ad
2154 4356 2258 4410 hoc
2290 4364 2348 4409 ut
2375 4355 2594 4409 locusta:
2637 4353 2873 4420 saliunt,
2905 4361 2962 4408 ut
3008 4356 3131 4425 equi
3163 4355 3373 4411 discur-

1790 4457 1934 4515 runt,
1966 4456 2021 4505 et
2061 4458 2239 4504 tamen
2288 4449 2339 4503 in
2372 4448 2628 4529 omnibus
2660 4449 2873 4505 veritati
2906 4452 3195 4519 resistunt,
3228 4459 3371 4508 recte

1790 4541 2002 4596 illorum
2043 4542 2224 4612 Opinio
2266 4541 2406 4598 fetor
2437 4556 2554 4597 esse
2593 4541 2933 4598 describitur.
2966 4543 3117 4599 Unde
3159 4552 3213 4599 et
3244 4546 3370 4615 ipsa:

114 4616 277 4673 finem
305 4618 504 4674 seculi.
534 4619 867 4699 ‘Spegialiter
893 4630 1072 4677 autem
1103 4623 1196 4679 tiet
1223 4625 1325 4679 hoc
1357 4627 1687 4697 temporibus
1716 4614 1766 4683 Β
1792 4636 2045 4690 mulieres
2072 4635 2432 4690 defendebant
2474 4649 2589 4700 eos,
2638 4633 2777 4689 sicut
2824 4650 2979 4689 soror
3006 4634 3368 4706 Constantini,

104 4713 438 4770 antichristi.
473 4713 727 4771 Homines
766 4717 820 4771 in
860 4716 964 4772 hoc
1012 4717 1131 4772 loco
1172 4718 1468 4788 accipimus
1500 4735 1684 4775 sacer-

114 4805 268 4860 dotes
297 4813 353 4861 et
376 4805 737 4881 ecclesiarum
776 4809 1115 4878 prmpositos,
1167 4810 1258 4880 qui
1288 4825 1412 4865 cum
1448 4810 1688 4867 viderint

114 4904 351 4967 tempore
389 4895 483 4953 illo
511 4906 719 4953 tantum
770 4900 1055 4969 pravitatis
1093 4899 1286 4970 dogma
1333 4917 1681 4974 consurgere,

115 4986 256 5042 sicut
287 5001 354 5043 ex
388 4997 542 5059 parte
583 4988 697 5059 jam
748 4986 950 5045 factum
987 5000 1070 5046 est
1102 4994 1437 5063 temporibus
1468 4995 1686 5051 haereti-

117 5091 320 5145 corum,
348 5091 592 5149 quaerent
627 5090 877 5145 mortem,
917 5082 1046 5151 quia
1091 5081 1301 5138 scilicet
1327 5087 1592 5154 Optabunt
1627 5088 1682 5142 in

117 5168 213 5225 Dei
240 5173 687 5244 contemplatione
716 5175 1031 5241 consistere,
1064 5183 1123 5228 ut
1157 5176 1266 5231 sint
1302 5176 1504 5233 m'undo
1537 5194 1685 5233 mor-

124 5266 196 5321 tui
217 5275 270 5322 et
303 5268 554 5324 omnibus
580 5268 758 5325 saeculi
780 5270 1103 5335 actionibus,
1126 5278 1181 5323 et
1208 5270 1391 5324 vivant
1420 5272 1547 5326 Deo.
1576 5271 1683 5328 Sed

122 5361 224 5415 ista
252 5362 613 5431 quaerentibus
642 5361 807 5433 fugiet
838 5380 982 5419 mors
1010 5364 1077 5418 ab
1108 5363 1209 5430 eis,
1242 5364 1367 5435 quia
1398 5364 1685 5419 insolubile

126 5453 386 5507 vinculum
414 5453 692 5526 regiminis
713 5455 976 5525 astringet
998 5456 1135 5521 illos,
1164 5471 1262 5526 nec
1281 5465 1536 5526 poterunt
1569 5475 1687 5529 gre-

127 5556 242 5611 gem
266 5544 364 5600 sibi
388 5546 734 5600 commissum
766 5544 1072 5614 relinquere
1104 5548 1156 5601 in
1180 5562 1275 5601 ora
1312 5546 1582 5616 luporum,
1616 5563 1684 5604 ne

130 5631 262 5688 forte
294 5634 485 5690 damna
528 5650 748 5707 gregum
785 5651 949 5704 super
977 5652 1070 5691 eos
1098 5630 1458 5702 revertantur,
1485 5649 1537 5693 et
1576 5640 1685 5697 illis

131 5723 181 5777 in
210 5735 485 5795 peccatum
517 5734 811 5795 reputetur,
844 5727 885 5780 si
927 5741 1021 5781 eos
1048 5742 1235 5783 errare
1263 5739 1353 5785 aut
1383 5733 1561 5800 perire
1590 5748 1688 5803 pro

133 5818 212 5877 sui
264 5819 428 5891 [uiete
476 5817 843 5892 permiserint.
890 5816 960 5874 Et
990 5821 1195 5890 cupient
1236 5824 1394 5890 mori,
1432 5833 1481 5879 et
1523 5824 1688 5896 fugiet

1789 4745 1909 4801 qum
1938 4728 2124 4787 Arium
2151 4730 2423 4784 revocavit
2442 4728 2509 4783 ab
2538 4729 2762 4783 exsilio:
2791 4738 2846 4784 et
2866 4731 3004 4785 sicut
3022 4728 3227 4787 Justina
3253 4750 3371 4804 qua:

1790 4822 2035 4877 eamdem
2050 4821 2305 4875 Arianam
2336 4820 2634 4875 doctrinam
2664 4819 2898 4876 defendit
2923 4830 3109 4878 contra
3137 4824 3369 4879 Ambroa

1790 4913 1953 4977 sium,
1989 4922 2043 4967 et
2074 4912 2193 4967 alia:
2222 4912 2418 4967 multae.
2453 4911 2697 4966 Locustae
2725 4927 2853 4981 ergo
2882 4911 3047 4968 facies
3082 4916 3364 4983 humanas,

1789 5011 1842 5058 et
1872 5002 2092 5072 capillos
2130 5002 2415 5057 mulierum
2447 5002 2663 5066 habent,
2689 5010 2748 5056 ut
2777 5002 2830 5056 in
2860 5004 3113 5058 haeretica
3142 5005 3367 5075 perfidia

1787 5101 2015 5161 uterque
2040 5107 2202 5146 sexus
2231 5091 2332 5147 sibi
2367 5092 2448 5163 (ut
2478 5092 2549 5145 ita
2582 5091 2832 5160 dixerim)
2874 5094 3101 5162 nequius
3142 5095 3367 5165 applau-

1788 5183 1899 5249 dat,
1932 5191 2145 5237 tueatur
2185 5191 2347 5252 atque
2375 5181 2644 5236 defendat.
2686 5183 2915 5237 Possunt
2955 5186 3116 5239 etiam
3145 5201 3245 5259 per
3272 5202 3367 5241 ca-

1786 5277 1943 5348 pillos
1968 5277 2257 5331 mulierum
2284 5278 2383 5347 ipsi
2412 5277 2659 5348 intelligi,
2704 5294 2841 5348 quos
2870 5281 3110 5354 haeretici
3144 5285 3368 5354 decepe-

1787 5379 1932 5434 runt,
1967 5370 2174 5424 animos
2200 5371 2405 5426 scilicet
2434 5372 2690 5426 habentes
2711 5371 3049 5442 seducibiles,
3073 5352 3127 5431 et
3148 5352 3369 5434 mollitie

1788 5459 2108 5514 feminarum
2138 5461 2420 5515 ﬂexibiles.
2465 5460 2531 5514 Et
2561 5462 2739 5517 dentes
2772 5479 2978 5532 eorum,
3004 5468 3258 5522 subaudis
3288 5470 3367 5523 lo-

1789 5560 2084 5615 custarum,
2117 5562 2168 5603 ut
2211 5550 2419 5604 leonum
2460 5562 2626 5605 erant.
2676 5553 2871 5609 Dentes
2913 5555 3124 5611 leonum
3168 5558 3367 5613 habent

1788 5640 2047 5695 laniatdm
2084 5651 2138 5695 et
2176 5644 2401 5697 fetorem
2448 5645 2764 5700 naturalem.
2799 5645 2957 5702 Tales
3004 5657 3155 5703 erant
3193 5650 3366 5703 haere-

1790 5733 1903 5797 tici,
1937 5733 2026 5802 qui
2058 5735 2266 5788 animas
2312 5734 2586 5789 hominum
2633 5736 3044 5799 interficiebant,
3089 5748 3142 5793 et
3173 5740 3366 5796 malam

1793 5824 1988 5879 famam
2017 5825 2081 5879 de
2110 5842 2167 5881 se
2198 5827 2537 5883 emittebant.
2571 5826 2635 5882 Et
2664 5829 2802 5884 sicut
2833 5829 2987 5907 bonis
3007 5829 3208 5887 Christi
3234 5845 3344 5893 ora:
