3972 6454
577 402 723 467 1055

1042 397 1395 457 HAYMONIS
1435 389 1916 451 HALBERSTAT.
1957 386 2177 446 EPISC.
2220 382 2372 447 OPP.
2413 382 2596 445 PARS
2630 384 2673 442 i.
2705 415 2776 428 -—
2807 382 3165 442 COMMENT.
3204 386 3379 443 BIBL.

577 511 1585 581 dicatoribuseonvenit,Christibonus
1604 501 2161 578 odorsumus(lICor.
2193 514 2242 574 Α
2270 504 2386 576 ipse
2411 504 2683 558 hominem
2713 501 2978 557 creaverit
3001 511 3096 556 aut
3122 510 3291 573 regat,
3319 501 3419 556 sed
3447 516 3573 572 quo
3610 515 3783 570 super
3802 517 3867 557 ex

581 614 663 687 ιι),
702 612 782 669 sic
805 605 1112 666 econtrario
1149 605 1271 660 istis
1300 605 1405 658 erit
1428 617 1526 672 pro
1557 600 1708 656 suavi
1734 599 1899 655 odore
1926 597 2089 653 fetor.

654 704 724 759 Et
769 700 1024 755 habebant
1065 696 1257 751 loricas
1296 696 1433 749 sicut
1474 692 1668 747 loricas
1707 691 1923 761 ferreas.
1958 688 2065 744 Per
2092 687 2169 745 lo-

583 798 726 851 ricas
755 790 1046 847 obﬁrmata
1070 796 1126 843 et
1145 786 1277 841 dura
1300 797 1677 857 perversurum
1701 780 1980 836 hominum
2002 775 2169 834 corda

582 892 975 949 monstrantur,
1022 881 1148 953 quia
1193 879 1335 935 sicut
1380 877 1544 932 homo
1578 874 1743 929 lorica
1782 872 2044 936 munitur,
2102 883 2171 924 nc

585 978 783 1034 ictibus
821 976 1057 1032 telorum
1083 971 1413 1034 vulneretur,
1445 969 1520 1024 ita
1560 966 1635 1022 illi
1669 981 1766 1021 sua
1809 963 2173 1020 obstinatione

588 1072 926 1133 muniuntur,
952 1080 1022 1122 ne
1045 1064 1241 1136 sagitta
1273 1060 1517 1117 veritatis
1543 1059 1613 1113 ad
1638 1057 1802 1113 corda
1836 1055 2050 1110 illorum
2083 1068 2174 1108 ve-

589 1166 735 1230 niat,
766 1172 821 1219 et
866 1162 941 1217 ita
970 1159 1267 1215 defendunt
1292 1152 1603 1226 perﬁdiam,
1633 1152 1773 1206 sicut
1803 1146 1990 1204 ﬁdeles
2033 1145 2175 1201 veri-

590 1265 776 1320 tatem,
810 1254 996 1321 sicque
1038 1247 1322 1303 meudacio
1344 1244 1531 1310 dediti,
1566 1248 1920 1298 contemnunt
1956 1237 2177 1293 obedire

589 1343 825 1401 veritati.
851 1341 918 1395 Et
952 1340 1247 1393 notandum
1276 1351 1436 1407 quant
1464 1344 1588 1404 apta
1618 1333 1689 1387 sit
1713 1331 2092 1386 haereticorum
2119 1329 2174 1383 in

590 1431 820 1504 singulis
843 1429 1132 1503 speciebus
1150 1425 1506 1494 comparatio,
1531 1424 1622 1495 qui
1646 1431 1703 1478 et
1725 1423 1782 1478 in
1802 1421 2030 1477 locustis
2048 1419 2175 1475 elati

595 1531 654 1580 et
689 1522 843 1588 vani,
889 1532 943 1576 et
986 1521 1040 1574 in
1065 1519 1255 1574 caudis
1294 1517 1641 1588 scorpionum
1689 1515 1973 1580 venenati,
2019 1522 2075 1568 et
2121 1513 2177 1568 in

595 1618 752 1688 cquis
776 1615 961 1672 lascivi
993 1630 1059 1670 ac
1088 1612 1231 1678 vani,
1255 1611 1386 1666 etin
1415 1611 1648 1665 humana
1675 1606 1812 1662 facie
1838 1605 2179 1662 simulatione

597 1710 800 1776 callidi,
825 1717 881 1764 et
910 1709 963 1763 in
997 1704 1207 1778 capillis
1226 1703 1512 1758 mulierum
1539 1698 1780 1755 moribus
1810 1694 2177 1766 incompositi,

596 1812 653 1859 et
702 1804 757 1858 in
800 1799 1049 1857 dentibus
1089 1798 1304 1852 leonum
1354 1793 1538 1857 fetidi,
1576 1801 1633 1847 et
1678 1793 1733 1847 in
1763 1790 1944 1845 loricis
1986 1788 2179 1844 ferreis

2264 597 2690 655 dominationem
2718 603 2992 660 exerceat,
3021 610 3158 664 quos
3183 593 3283 649 sibt
3306 610 3412 665 per
3437 602 3755 664 peccatum
3783 611 3869 649 scr.

2265 705 2364 747 vos
2411 686 2629 745 addicit.
2680 686 2781 742 Cui
2827 703 3014 741 nomen
3054 684 3312 740 Hebraice
3362 685 3685 748 labbadon,
3718 683 3865 739 Grec:

2268 793 2444 839 autem
2488 780 2756 851 anollyon,
2802 779 2991 833 Latine
3035 789 3211 833 autem
3250 777 3407 832 habet
3463 794 3679 831 nomen
3729 788 3867 831 exta-

2267 874 2499 929 ntinans.
2549 872 2704 941 Quod
2753 871 2808 925 in
2865 870 3187 939 quibusdam
3247 868 3547 924 codicibus
3618 868 3865 921 invenite

2270 967 2531 1037 scriptum
2562 964 2796 1030 abadon,
2822 962 2913 1017 ubi
2935 961 3144 1018 scilicet
3167 962 3405 1032 primum
3429 968 3522 1015 est
3548 976 3611 1025 a,
3648 960 3747 1014 sed
3770 960 3792 1012 t
3816 961 3866 1013 be

2270 1058 2536 1128 scriptum
2563 1065 2669 1123 est,
2701 1065 2757 1111 et
2788 1055 2920 1110 vitio
2947 1054 3229 1126 scriptoris
3249 1053 3497 1117 factum;
3525 1057 3639 1107 sed
3665 1052 3863 1121 prima:

2273 1149 2346 1205 ibi
2377 1149 2685 1219 ponendum
2712 1146 2768 1214 ι,
2797 1155 2852 1202 et
2876 1145 3148 1201 labbadon
3170 1144 3497 1208 dicendum,
3526 1143 3689 1198 sicut
3712 1143 3861 1197 ira]:

2273 1240 2635 1311 Hieronymus
2684 1238 2817 1294 dicit
2867 1237 2922 1292 in
2972 1236 3258 1292 Hebraicis
3306 1233 3859 1305 interpretationibus

2275 1331 2415 1398 Quid
2457 1331 2527 1386 sit
2565 1339 2744 1386 autem
2774 1329 3038 1385 Hebraice
3067 1328 3362 1393 labbadon,
3393 1326 3609 1383 Grznce
3651 1326 3861 1396 apollyra

2275 1422 2597 1493 exprimitur
2635 1436 2756 1476 cum
2805 1420 3068 1486 subditur,
3101 1418 3297 1475 Latine
3336 1418 3517 1473 habet
3560 1434 3768 1473 nomen
3794 1434 3861 1471 es-

2279 1514 2595 1570 terminans.
2630 1511 2688 1566 In
2727 1511 2811 1566 his
2845 1511 3043 1581 quippe
3065 1509 3380 1566 nominibus
3407 1508 3686 1564 diabolus

2279 1610 2447 1682 gitur,
2469 1608 2561 1677 qui
2593 1606 2841 1663 homines
2861 1604 3213 1669 exterminat,
3249 1603 3304 1658 id
3333 1610 3423 1657 est
3464 1612 3637 1658 extra
3673 1612 3856 1673 patrna

2279 1698 2553 1755 caelestem
2582 1696 2800 1761 emittit,
2823 1694 2915 1766 qui
2938 1694 3174 1749 audituri
3206 1701 3337 1749 sunt
3362 1711 3377 1747 :
3409 1692 3701 1747 Discedite
3725 1712 3755 1745 ε
3778 1711 3851 1751 nu.

2280 1788 2569 1856 maledicti,
2597 1789 2651 1841 in
2689 1788 2859 1858 ignem
2897 1795 3151 1841 azternum
3180 1784 3404 1857 (Matth.
3436 1784 3606 1856 xxv).
3636 1784 3857 1839 Externi-

596 1896 759 1952 corde
803 1901 1057 1949 notantur
1083 1890 1294 1961 perﬁdi.
1324 1886 1393 1941 Et
1436 1904 1534 1942 vos:
1575 1885 1783 1940 alarum
1823 1899 2007 1939 earum
2045 1883 2179 1936 sicut
2206 1877 2254 1937 B
2282 1880 2554 1960 nabantur
2597 1879 2741 1934 enim
2787 1876 2992 1945 iniusti,
3034 1877 3230 1947 quibus
3272 1878 3380 1931 hoc
3428 1876 3683 1941 dicetur,
3719 1878 3766 1931 id
3802 1888 3856 1932 est

596 2002 696 2041 vos:
733 2000 984 2041 curruum
1022 1998 1274 2055 equorum
1302 1979 1587 2034 multorum
1627 1976 1946 2031 currentium
1974 1974 2044 2028 ad
2075 1971 2181 2027 bel-

596 2080 725 2134 lum.
757 2079 911 2147 Quod
945 2077 1197 2149 superius
1238 2089 1336 2146 per
1376 2074 1598 2139 caudas,
1627 2073 1731 2128 hoc
1755 2072 2071 2142 designatur
2093 2069 2182 2125 hic

597 2187 696 2245 per
731 2173 849 2228 alas
878 2172 1240 2235 locustarum,
1284 2169 1337 2225 id
1380 2178 1466 2223 est
1489 2167 1727 2239 potentia
1764 2166 2178 2230 haereticorum,

597 2263 685 2319 vel
711 2263 959 2320 doctrina
996 2262 1190 2328 electa,
1214 2276 1378 2331 quam
1409 2259 1511 2330 ipsi
1537 2258 1763 2330 eligunt.
1797 2257 2041 2325 Quarum
2078 2271 2180 2312 vox

598 2360 765 2418 etiam
810 2361 948 2415 bene
987 2358 1180 2414 similis
1210 2358 1446 2413 dicitur:
1477 2356 1727 2411 curribus
1761 2369 2023 2425 equorum
2060 2369 2185 2409 cur-

599 2453 837 2509 rentium
874 2452 926 2507 in
968 2450 1188 2507 bellum.
1219 2448 1355 2504 Nam
1391 2463 1586 2504 currus
1634 2448 1851 2519 quando
1896 2462 1929 2502 a
1959 2446 2186 2502 stabulis

597 2547 901 2618 prodeunt,
945 2544 1103 2599 divisi
1156 2544 1224 2597 ab
1272 2542 1502 2596 invicem
1545 2549 1602 2595 et
1654 2538 1885 2608 sejuncti
1937 2539 2187 2595 incedere

601 2635 775 2692 solent
798 2647 1078 2705 usquequo
1105 2633 1174 2687 ad
1209 2632 1387 2687 locum
1412 2631 1725 2686 certaminis
1750 2630 2030 2686 venientes
2050 2645 2184 2685 con-

599 2723 913 2796 jungantur,
955 2732 1013 2777 et
1055 2722 1176 2793 pari
1218 2730 1344 2777 voto
1393 2729 1632 2793 pugnent
1680 2720 1804 2776 :lta
1849 2729 1904 2774 et
1947 2720 2188 2777 haeretici

604 2817 927 2887 semetipsos
948 2816 1214 2880 dividunt,
1245 2825 1300 2871 et
1334 2817 1639 2871 contrarios
1681 2815 1784 2871 sibi
1822 2828 2039 2870 errores
2060 2828 2189 2885 pro-

544 2974 561 2994 .
602 2909 817 2977 ferunt,
845 2910 993 2966 verbi
1018 2910 1193 2981 gratia
1228 2926 1240 2962 :
1278 2908 1541 2965 Photinus
1568 2917 1731 2980 negat
1759 2906 2035 2963 Christum
2062 2913 2189 2961 ante

603 3000 830 3057 Mariam
859 2999 1061 3067 fuisse,
1091 3000 1186 3056 sed
1213 3015 1282 3055 ex
1311 3000 1426 3070 ipsa
1473 2999 1686 3055 initium
1724 2999 1856 3055 dicit
1886 3012 2010 3053 eum
2042 3011 2191 3053 sum-

601 3095 807 3165 psisse.
832 3102 890 3150 et
916 3109 1105 3149 verum
1149 3108 1347 3165 corpus
1387 3092 1661 3149 habuisse.
1711 3091 1978 3157 Econtra,
2023 3089 2189 3146 Arius

602 3188 734 3243 dicit
769 3201 892 3243 eum
937 3194 1062 3242 ante
1106 3185 1300 3242 saecula
1353 3192 1541 3241 natum
1597 3192 1650 3240 et
1693 3194 1999 3240 creaturam
2042 3198 2182 3240 esse.

604 3278 866 3337 Similiter
888 3288 944 3337 et
963 3279 1145 3335 caeteri
1172 3278 1352 3335 varios
1383 3277 1648 3333 mendacii
1673 3277 1952 3333 inveniunt
1969 3291 2186 3333 errores

602 3373 757 3428 valde
794 3371 898 3428 sibi
945 3371 1251 3427 contrarios
1281 3387 1295 3424 :
1325 3370 1421 3426 sed
1460 3368 1707 3439 quamvis
1747 3368 1889 3423 inter
1930 3382 1989 3423 se
2029 3367 2185 3423 dissi-

602 3463 797 3528 deant,
826 3469 1005 3517 tamen
1046 3461 1376 3517 unanimiter
1402 3468 1593 3516 contra
1628 3459 1890 3515 unitatem
1932 3458 2186 3516 Ecclesiae

642 3568 861 3606 uanam.

642 3569 672 3606 u
847 3593 861 3606 .

602 3567 639 3624 Ρ
676 3560 1052 3696 ἓῖῧῖώοὸαηι
1078 3641 1277 3695 caudas
1314 3639 1510 3707 similes
1537 3640 1869 3710 scorpionum
1888 3680 1903 3704 ,
1937 3649 1986 3693 et
2016 3638 2186 3693 aculei

603 3744 753 3790 erant
787 3735 844 3789 in
873 3734 1058 3789 caudis
1087 3750 1268 3789 earum
1286 3775 1300 3800 ,
1330 3745 1377 3788 et
1412 3741 1635 3805 potestas
1671 3749 1854 3787 earum
1884 3747 2064 3787 nocere
2087 3732 2184 3786 ho-

606 3826 831 3881 minibus
859 3824 1121 3881 mensibus
1147 3826 1393 3896 quinque.
1424 3823 1528 3879 Per
1547 3824 1768 3890 caudas,
1798 3831 1858 3878 ut
1882 3838 2042 3894 supra
2071 3824 2188 3880 dic-

608 3929 720 3978 tum
760 3928 878 3989 est,
917 3927 1161 3993 potentia
1195 3918 1508 3996 temporalis
1539 3918 1875 3996 'nttelbgttor,
1904 3934 1998 3994 per
2023 3935 2187 3995 quam

604 4024 802 4072 nocent
840 4014 1229 4088 coniungentes
1258 4031 1356 4072 suo
1403 4016 1577 4071 errori
1605 4016 1877 4086 principes
1904 4015 2059 4085 hujus
2089 4033 2188 4073 sa:-

604 4108 731 4163 culi.
761 4106 963 4164 Verum
989 4108 1132 4178 quod
1166 4108 1414 4179 superius
1460 4107 1637 4163 fuerat
1663 4110 2088 4178 praetermissum
2122 4110 2190 4164 de

604 4198 793 4255 caudis
818 4199 1184 4269 scdrpionum,
1229 4198 1320 4254 hic
1349 4198 1657 4269 adiungitur
1682 4213 1806 4253 cum
1853 4198 2053 4253 dicitur
2080 4215 2092 4251 :
2124 4198 2191 4254 Et

606 4289 779 4345 aculei
824 4290 885 4345 in
921 4289 1108 4345 caudis
1132 4304 1342 4345 eorum.
1386 4288 1526 4357 Quid
1555 4290 1629 4342 sit
1666 4287 1883 4343 aculeus
1916 4289 1969 4342 in
2002 4286 2189 4345 caudis

606 4383 954 4450 locustarum,
985 4382 1186 4439 Paulus
1214 4381 1437 4453 exponit
1466 4395 1589 4436 cum
1610 4378 1741 4435 dicit
1764 4396 1778 4455 _:
1809 4378 1908 4433 Ubi
1937 4391 2011 4436 est
2046 4396 2187 4435 mors

605 4474 824 4532 victoria
870 4484 986 4541 tua,
1016 4474 1106 4528 ubi
1148 4482 1224 4528 cst
1262 4471 1477 4527 aculeus
1518 4472 1676 4525 tuus?
1711 4468 1967 4526 Stimulus
2014 4481 2189 4526 autem

607 4570 791 4624 mortis
822 4577 1092 4639 peccatum
1115 4576 1190 4621 est
1222 4564 1275 4638 (I
1305 4562 1430 4620 Cor.
1483 4563 1594 4636 xv).
1636 4562 1861 4620 Constat
1901 4580 2029 4635 ergo
2059 4564 2186 4636 quia

608 4660 786 4715 omnis
832 4658 1046 4713 illorum
1075 4657 1314 4728 potentia
1357 4666 1413 4712 et
1452 4671 1609 4713 error
1651 4666 1706 4713 et
1754 4664 2036 4728 peccatum
2080 4665 2184 4713 est.

607 4750 763 4819 Quod
812 4750 1091 4820 sequitur,
1126 4756 1364 4819 potestas
1395 4762 1585 4803 earum
1631 4763 1830 4805 nocere
1878 4747 2188 4803 hominibus

608 4843 885 4900 mensibus
908 4842 1169 4913 quinque,
1200 4840 1431 4911 repetita
1459 4838 1725 4896 sententia
1750 4846 1865 4904 est,
1894 4853 1990 4908 per
2025 4851 2186 4907 quam

606 4952 847 5013 praesens
884 4937 992 4993 vita
1034 4937 1233 4993 iterato
1272 4935 1614 5006 exprimitur.
1657 4932 1727 4989 Et
1764 4947 1927 5003 supra
1971 4930 2190 5002 quidem

607 5038 934 5102 potestatem
961 5027 1182 5083 locusta).
1220 5025 1494 5096 accepisse
1534 5024 1865 5089 referuntur,
1896 5031 1956 5079 ut
1982 5023 2191 5079 mensi-

608 5121 711 5175 bus
746 5119 986 5188 quinque
1032 5116 1283 5172 homines
1321 5115 1648 5181 cruciarent,
1694 5129 1794 5171 nec
1837 5129 1935 5171 eos
1974 5114 2189 5171 occide-

608 5220 749 5267 rent.
785 5209 883 5265 llic
913 5224 1044 5267 vero
1081 5209 1396 5265 eorumdem
1437 5208 1702 5264 mensium
1726 5223 1952 5264 numero
1993 5222 2192 5264 nocere

608 5304 921 5361 hominibus
972 5300 1282 5357 facultatem
1332 5299 1531 5355 habere
1594 5298 1962 5369 perhibentur.
2036 5296 2189 5364 Quod

609 5398 797 5467 utique
827 5395 901 5451 ibi
929 5397 997 5451 de
1021 5396 1195 5461 bonis,
1229 5396 1318 5450 hic
1349 5408 1477 5448 vero
1506 5394 1573 5447 de
1601 5392 1757 5448 malis
1784 5392 2189 5463 intelligendum

606 5493 716 5552 est,
742 5486 868 5556 quia
896 5493 951 5542 et
980 5485 1101 5542 illos
1137 5486 1406 5551 cruciant,
1451 5486 1543 5541 sed
1577 5497 1685 5538 non
1723 5482 1975 5539 occidunt
2005 5500 2018 5539 :
2048 5482 2184 5539 istos

607 5593 740 5636 vero
763 5593 872 5633 non
899 5578 1161 5642 cruciant,
1192 5577 1289 5633 sed
1316 5576 1560 5632 nocendo
1580 5574 1872 5647 perimunt.

682 5670 752 5726 Et
780 5669 1037 5726 habebant
1060 5686 1215 5740 super
1241 5687 1295 5725 se
1321 5685 1490 5740 regem
1517 5667 1757 5739 angelum
1797 5667 1988 5739 abyssi.
2024 5668 2081 5723 ld
2108 5675 2192 5724 est

610 5762 917 5828 diabolum,
959 5763 1052 5833 qui
1095 5771 1181 5819 est
1218 5762 1468 5833 princeps
1509 5762 1750 5817 omnium
1801 5762 2189 5831 reproborum,

606 5854 729 5935 ipse
760 5863 846 5911 est
872 5870 968 5911 rex
998 5863 1170 5926 ‘super
1209 5868 1397 5909 omnes
1429 5854 1566 5908 ﬁlios
1609 5852 1892 5925 superbiae,
1942 5867 2050 5908 non
2080 5867 2190 5923 quo

2285 1967 2573 2040 ejicieutur
2617 1968 2684 2022 ab
2722 1967 2872 2022 omni
2916 1967 3180 2022 societate
3232 1975 3594 2022 sanctorum.
3650 1967 3855 2037 Legimus

2282 2064 2429 2119 enim
2456 2064 2511 2119 in
2540 2061 2860 2133 Evangelio,
2889 2062 3032 2132 quod
3058 2076 3225 2132 super
3247 2075 3476 2117 crucem
3512 2061 3729 2116 Domini
3759 2060 3856 2114 scri-

2283 2167 2436 2228 ptum
2484 2155 2663 2212 fuerat
2707 2156 2920 2217 Graece.
2956 2156 3219 2212 Hebraice
3257 2165 3311 2212 et
3344 2155 3586 2223 Latine,
3621 2156 3745 2226 quia
3772 2157 3859 2209 ista

2285 2255 2398 2301 tres
2426 2246 2622 2317 lingua:
2649 2255 2776 2302 tunc
2803 2245 3056 2318 vigebant
3081 2260 3097 2299 :
3124 2244 3229 2299 Hic
3260 2256 3335 2300 est
3363 2244 3529 2300 Iesus
3558 2244 3861 2299 missita-

2287 2353 2402 2392 rum
2436 2336 2651 2409 (Matth.
2695 2337 2890 2409 xxvii).
2933 2338 3010 2392 lta
3040 2346 3096 2393 et
3144 2338 3237 2393 hic
3282 2353 3478 2393 nomen
3519 2337 3751 2399 diaboli,
3782 2339 3863 2405 qui

2286 2430 2584 2485 novissimo
2618 2438 2863 2501 tempore
2898 2432 3169 2503 perditum
3199 2431 3467 2486 hominem
3507 2429 3858 2499 ingredietur,

2287 2522 2487 2591 quique
2526 2536 2587 2578 se
2614 2521 2892 2578 Christum
2938 2536 3059 2579 esse
3102 2523 3437 2585 mentietur,
3468 2522 3643 2576 tribus
3673 2519 3861 2590 linguis

2288 2615 2631 2683 exprimitur.
2661 2614 2764 2683 Qui
2789 2623 2935 2671 recte
2954 2616 3330 2671 exterminans
3356 2613 3584 2679 dicitur,
3606 2615 3727 2684 quia
3745 2615 3860 2667 sicut

2288 2702 2508 2761 Christo
2548 2706 2941 2778 congregandi,
2991 2707 3069 2761 sic
3107 2706 3324 2761 diabolo
3384 2706 3648 2777 congruit
3691 2720 3851 2760 nomen

2289 2797 2707 2852 exterminandi.
2747 2798 2901 2855 Unde
2940 2806 3065 2855 est:
3103 2796 3209 2865 Qui
3260 2815 3368 2854 non
3422 2798 3633 2869 colligit
3676 2814 3854 2862 mem,

2289 2891 2490 2959 spargit
2517 2889 2733 2962 (Matth.
2764 2891 2886 2962 xu).

2372 2980 2467 3036 Va:
2496 2998 2660 3037 unum
2691 2984 2838 3048 abiit,
2870 2993 2920 3039 et
2944 3000 3058 3039 ecce
3080 2986 3295 3038 ueniunt
3322 2985 3513 3039 adhuc
3543 2985 3654 3039 duo
3686 2992 3849 3053 repit

2290 3075 2422 3130 haec.
2453 3073 2709 3145 Legimus
2733 3090 2893 3145 supra
2919 3074 3062 3146 quod
3090 3074 3270 3145 aquila
3305 3074 3509 3132 volans
3541 3092 3646 3147 per
3668 3076 3849 3131 Μὴ

2291 3165 2508 3229 omium,
2535 3166 2638 3220 tria
2659 3180 2739 3220 va:
2762 3167 3010 3236 praedixit
3030 3166 3205 3221 futura
3231 3181 3484 3236 quorum
3507 3184 3683 3224 unum
3702 3168 3849 3223 abisse

2212 3243 2258 3307 C
2290 3255 2619 3314 describitur
2646 3256 2700 3311 in
2732 3259 3044 3312 narratione
3065 3258 3441 3327 praecedenti,
3476 3260 3569 3314 vel
3600 3261 3655 3314 in
3683 3260 3847 3313 trib-b—

2291 3350 2440 3406 tione
2468 3364 2587 3420 quae
2606 3347 2749 3404 facta
2768 3358 2851 3404 est
2872 3349 3201 3419 temporibus
3221 3359 3561 3407 sanctorum
3585 3362 3846 3423 martyr“.

2290 3444 2467 3500 adhuc
2486 3459 2618 3499 vero
2638 3442 2744 3499 duo
2765 3451 2972 3498 restare
2995 3441 3248 3496 dicuntur
3270 3444 3591 3510 narranda,
3616 3445 3700 3500 vel
3718 3453 3848 3516 posu-

2290 3534 2437 3592 riore
2464 3543 2705 3606 tempore
2738 3535 2837 3589 sub
2863 3533 3183 3589 antichristo
3208 3532 3603 3606 adimplenda.

2364 3650 2435 3704 Et
2480 3658 2656 3704 sextus
2703 3645 2917 3717 angelus
2967 3647 3091 3701 tuba
3136 3647 3356 3714 cecinit,
3403 3658 3461 3702 et
3510 3649 3697 3701 audiui
3728 3662 3848 3700 rem

2292 3756 2455 3797 unam
2481 3755 2545 3794 ex
2572 3739 2816 3793 cornibus
2840 3737 3027 3792 altaris
3056 3738 3227 3802 aurci,
3258 3736 3410 3808 quod
3453 3747 3538 3793 est
3580 3749 3700 3795 ante
3722 3736 3848 3790 acula

2296 3829 2391 3885 Dei
2431 3830 2648 3884 dicentis
2693 3839 2837 3883 sexto
2884 3827 3070 3900 angelo
3125 3830 3215 3898 qui
3269 3829 3436 3882 habet
3492 3826 3852 3882 ιιὺωιξδδὲιι

2289 3930 2518 3999 qualiter
2540 3919 2787 3997 Angelus,
2831 3919 2921 3997 qui
2968 3919 3169 3996 alliga-ti
3196 3929 3322 3979 sunt
3356 3918 3417 3979 in
3457 3921 3687 3995 ﬂumine
3712 3939 3853 3993 na;-

2294 4016 2582 4088 Euphrate.
2615 4016 2799 4070 Altare
2825 4015 3097 4087 signiﬁcat
3126 4015 3461 4081 Ecclesiam,
3496 4017 3571 4072 de
3592 4033 3701 4087 qua
3721 4016 3856 4070 tum

2293 4109 2724 4179 compunctionis
2761 4096 2828 4163 ad
2871 4108 3037 4163 Deum
3087 4108 3364 4181 dirigitur.
3402 4110 3565 4166 Bene
3599 4112 3761 4166 altare
3789 4124 3855 4163 al-

2292 4214 2444 4255 reum
2472 4199 2688 4264 dicitur,
2720 4198 2846 4269 quia
2887 4197 3131 4270 profecto
3166 4198 3412 4255 Ecclesia
3446 4202 3731 4271 iustorum
3756 4215 3859 4256 sen-

2290 4291 2503 4362 piterna
2536 4290 2801 4361 sapientia
2828 4290 3150 4356 illustratur,
3182 4291 3248 4346 de
3271 4306 3382 4361 qua
3409 4291 3693 4350 Salomon
3730 4293 3854 4347 dicit:

2290 4382 2534 4452 Accipite
2562 4383 2882 4452 sapientiam
2916 4383 3058 4438 sicut
3082 4398 3291 4438 aurum.
3322 4383 3504 4440 Recte
3529 4402 3748 4457 quoque
3768 4396 3857 4438 sust

2291 4474 2478 4531 oculos
2503 4475 2599 4530 Dei
2628 4490 2749 4531 esse
2780 4476 3000 4542 dicitur,
3031 4477 3157 4547 quia
3189 4492 3428 4547 superno
3461 4490 3724 4549 respectu
3754 4494 3857 4532 seu-

2213 4611 2268 4671 D
2291 4584 2392 4641 per
2416 4569 2736 4633 illustratur,
2759 4569 2903 4624 unde
2951 4568 3005 4623 in
3043 4569 3266 4639 psnlmis
3293 4569 3525 4671 .dicitur
3559 4588 3574 4624 '.
3607 4571 3758 4627 Oculi
3782 4568 3858 4622 Ds-

2292 4663 2422 4716 mini
2452 4661 2797 4733 superjustos
2828 4659 3000 4731 (Psal.
3026 4663 3241 4729 xxxm).
3270 4643 3445 4729 Hujus
3473 4662 3681 4717 altaris
3703 4672 3858 4716 est!!!

2293 4763 2420 4809 sunt
2451 4767 2642 4809 omnes
2681 4752 3081 4823 praedicatores.
3117 4750 3268 4807 Unde
3297 4761 3355 4806 et
3392 4752 3451 4807 in
3486 4753 3685 4809 Veteri
3711 4752 3862 4808 Testa-

2295 4853 2477 4901 mento
2506 4859 2648 4914 saepe
2676 4844 2903 4915 legimus
2929 4844 3247 4915 sanguinem
3270 4858 3437 4914 super
3468 4860 3691 4901 cornua
3722 4842 3865 4898 altatis

2294 4937 2561 5006 positum:
2585 4936 3029 5007 signiﬁcabantur
3045 4936 3188 4991 enim
3212 4936 3267 4991 in
3291 4935 3396 4992 hoc
3416 4941 3615 4994 sancti
3638 4946 3867 5009 martyres

2294 5028 2517 5100 proprio
2542 5027 2804 5097 sanguine
2834 5026 3208 5098 perfundendi.
3244 5025 3427 5083 Unum
3467 5028 3587 5086 hoc
3628 5045 3791 5086 cornu
3813 5028 3871 5081 al-

2294 5122 2428 5177 taris
2475 5121 2564 5177 hic
2607 5120 2918 5191 specialiter
2967 5121 3230 5190 positum,
3273 5120 3551 5177 debemus
3602 5122 3873 5192 intelligat

2293 5213 2582 5270 Dominum
2606 5211 2793 5268 Iesum
2819 5211 3095 5269 Christum
3120 5210 3479 5267 mediatorem
3514 5212 3623 5269 Dei
3648 5224 3707 5269 et
3731 5211 3877 5267 boni-

2293 5320 2446 5371 num,
2473 5304 2565 5376 qui
2587 5305 2845 5374 praecepit
2867 5313 3023 5360 sexto
3063 5302 3286 5373 angelo,
3313 5304 3367 5358 id
3399 5312 3491 5358 est
3517 5306 3684 5360 omni
3726 5301 3877 5359 Eisele

2292 5396 2406 5461 sine,
2440 5403 2501 5451 ut
2546 5396 2721 5451 solvat
2765 5404 2998 5465 quatuor
3040 5393 3293 5464 angelos,
3342 5409 3446 5465 per
3489 5411 3647 5463 quos
3674 5405 3879 5465 quatas:

2298 5503 2463 5558 regna
2515 5488 2876 5558 principalia,
2926 5495 2981 5542 et
3034 5495 3264 5557 quatuor
3315 5494 3637 5556 potestates
3694 5486 3880 5541 illum

2297 5587 2459 5649 atque
2486 5593 2647 5635 omne
2680 5594 2879 5651 corpus
2908 5578 3103 5633 diaboli
3150 5577 3487 5649 intelligitur.
3543 5578 3741 5634 Solvit
3779 5590 3883 5631 vero

2294 5668 2537 5726 Ecclesia
2569 5680 2802 5740 quatuor
2830 5670 3072 5741 angelos,
3100 5670 3152 5724 id
3189 5679 3273 5724 est
3299 5683 3493 5723 omnes
3524 5670 3819 5726 damoeta
3842 5670 3881 5719 ia

2293 5758 2471 5829 capite
2492 5775 2613 5824 suo,
2642 5776 2672 5813 a
2697 5777 2802 5829 quo
2828 5761 3033 5815 audivit
3054 5761 3106 5813 in
3132 5758 3331 5814 Petro:
3357 5758 3749 5831 Quodn-qu
3774 5764 3881 5830 Ερ-

2293 5852 2425 5961 veri:
2450 5867 2607 5923 super
2618 5862 2833 5920 terram,
2855 5854 2953 5906 erit
2966 5851 3182 5923 ligatum
3202 5851 3327 5907 etin
3340 5850 3466 5906 calo
3492 5850 3739 5920 (Matth.
3768 5852 3884 5915 xxii.
