4000 6344
45 369 60 380 ⁸
159 372 304 428 1057

1091 366 1456 426 EXPOSITIO
1494 367 1563 423 IN
1601 363 2104 423 APOCALYPSIN.
2139 395 2210 404 —
2244 363 2376 420 LIB.
2414 361 2482 420 Π.

3305 368 3446 428 1058

143 487 559 558 Quaternarius
584 501 844 544 numerus
870 501 1010 560 saepe
1049 503 1152 558 pro
1199 487 1553 543 universitate
1595 484 1748 556 poni-
1775 487 1827 545 Α
1851 481 2203 551 reproborum
2251 481 2541 552 opponitur
2585 491 2774 538 contra
2815 481 3114 556 simplicem
3153 499 3442 544 numerum

158 593 269 646 tur,
307 583 450 640 unde
496 589 552 636 et
597 581 651 636 in
688 580 794 636 ﬁne
836 581 1017 637 saeculi
1067 597 1097 635 a
1149 589 1382 651 quatuor
1404 581 1580 635 ventis
1630 577 1755 633 cmli

154 676 322 730 electi
377 691 474 745 per
521 674 741 744 angelos
775 676 976 729 assumi
1017 674 1390 745 perhibentur.
1434 671 1526 727 Vel
1558 671 1756 726 dicitur

156 769 208 821 ei
235 767 408 832 solve,
442 766 496 820 id
515 774 601 820 est
625 765 912 821 solvendos
933 765 1134 836 praedic
1157 773 1397 836 tempore
1421 761 1750 818 antichristi.

157 861 323 916 Modo
369 859 514 914 enim
564 857 714 930 ligati
756 866 912 924 sunt,
966 860 1092 928 quia
1139 873 1245 912 non
1283 866 1512 926 possunt
1555 869 1755 912 nocere

153 960 424 1022 quantum
453 949 662 1011 volunt,
687 965 756 1005 ex
799 967 906 1020 quo
946 951 1206 1006 Dominus
1232 950 1454 1005 veniens
1493 950 1574 1005 eis
1603 956 1754 1020 pote-

155 1053 360 1099 statem
407 1042 648 1098 abstulit.
696 1041 813 1110 Quo
867 1043 919 1097 in
970 1043 1090 1096 loco
1145 1041 1592 1096 considerandum
1635 1045 1750 1106 est,

153 1143 427 1204 quantum
461 1134 718 1188 saevirent
754 1135 800 1190 si
829 1134 986 1188 soluti
1017 1142 1218 1197 essent,
1265 1134 1354 1202 qui
1398 1132 1558 1188 modo
1587 1131 1753 1187 etiam

157 1229 314 1298 ligati
344 1237 554 1283 tantum
590 1229 834 1283 saeviunt.
861 1227 988 1284 Tale
1015 1237 1100 1285 est
1125 1228 1254 1283 illud
1285 1229 1448 1282 etiam
1485 1227 1538 1281 in
1578 1227 1752 1280 Evan-

157 1321 304 1392 gelio
333 1321 398 1376 de
440 1320 690 1386 ﬁculnea,
722 1321 865 1392 quod
907 1320 1165 1376 Dominus
1212 1319 1402 1374 cultori
1442 1319 1614 1374 dicit:
1643 1319 1753 1373 Ab-

153 1415 349 1470 scinde
380 1413 558 1479 illam,
607 1414 659 1469 id
701 1421 785 1470 est
826 1415 1026 1484 praedic
1079 1414 1518 1470 abscindendam.
1567 1413 1752 1485 Neque

153 1505 307 1559 enim
334 1505 562 1574 apostoli
585 1504 932 1559 absciderunt
961 1504 1174 1560 Iudaeos
1193 1546 1206 1569 ,
1232 1505 1326 1560 sed
1358 1505 1752 1562 abscindendos

153 1613 188 1650 a
221 1596 484 1652 Romanis
509 1598 898 1666 praedixerunt.
941 1598 1044 1652 Per
1067 1597 1267 1653 ﬁumen
1297 1597 1628 1668 Euphratem
1647 1639 1660 1664 ,
1694 1599 1751 1654 in

152 1703 266 1756 quo
297 1687 473 1758 angeli
501 1687 703 1758 alligati
750 1696 896 1751 sunt,
940 1689 1183 1758 potentia
1226 1689 1501 1745 saecularis
1548 1690 1750 1746 intelli-

151 1779 322 1848 gitur,
360 1779 484 1847 quia
515 1779 569 1832 in
597 1779 930 1849 principibus
959 1778 1118 1848 hujus
1145 1781 1327 1836 saeculi
1369 1783 1605 1839 maxime
1634 1784 1750 1838 dia-

1848 573 2142 642 justorum.
2175 573 2252 628 De
2291 574 2423 642 ipsis
2451 575 2595 630 enim
2632 575 2820 631 electis
2850 577 3050 632 dicitur
3081 595 3094 631 :
3119 578 3323 634 Curras
3353 581 3448 636 Dei

1855 665 2041 720 decem
2073 664 2262 719 millia.
2303 665 2505 734 Duplex
2530 681 2746 736 quoque
2775 675 2861 722 est
2888 683 3144 723 numerus
3187 671 3448 740 reprobo-

1857 771 2001 820 rum,
2033 755 2159 824 quia
2188 770 2255 810 ex
2285 755 2534 824 malignis
2570 755 2850 826 spiritibus
2876 765 2932 812 et
2960 758 3206 829 reprobis
3234 769 3450 816 constat

1856 845 2183 900 hominibus.
2219 845 2282 898 Et
2307 853 2495 900 contra
2539 846 2836 916 simplicem
2869 849 3448 919 numerumjustorum

1855 950 1920 989 ac
1949 934 2335 1004 parvissimum
2377 936 2666 1006 opponitur
2705 937 3115 995 innumerabilis
3158 939 3452 998 multitudo

1855 1027 2184 1096 perﬁdorum
2209 1026 2488 1082 hominum
2511 1035 2566 1082 et
2585 1027 2908 1083 daemonum.

1925 1116 1996 1172 Et
2025 1119 2100 1172 ita
2127 1117 2231 1174 vidi
2258 1135 2416 1188 equos
2443 1117 2500 1173 in
2538 1119 2766 1186 uisione,
2798 1120 3081 1188 subaudis,
3117 1122 3260 1178 sicut
3285 1124 3449 1180 dixe-

1853 1225 1993 1276 ram,
2017 1219 2070 1265 et
2091 1211 2409 1281 conscripsi.
2428 1209 2493 1264 Et
2513 1212 2601 1284 qui
2621 1211 2867 1266 sedebant
2885 1230 3041 1284 super
3058 1231 3166 1282 eos,
3183 1216 3442 1274 habebant

1854 1302 2046 1357 loricas
2072 1304 2250 1374 igneas
2279 1313 2326 1358 et
2355 1305 2724 1374 hyacinthinus
2752 1315 2799 1359 et
2825 1305 3154 1376 sulphureas.
3192 1309 3299 1365 Per
3323 1325 3443 1368 ses-

1854 1410 2006 1450 sores
2033 1411 2318 1466 equorum,
2348 1396 2724 1468 intelliguntur
2753 1399 3056 1466 daemones,
3084 1403 3170 1458 vel
3195 1404 3445 1476 magistri

1853 1500 2135 1552 errorum,
2161 1487 2400 1542 haeretici
2448 1487 2654 1543 scilicet
2689 1496 2743 1543 et
2771 1497 3018 1558 potentes
3067 1490 3228 1561 hujus
3260 1494 3444 1551 saeculi

1853 1580 2049 1651 quibus
2072 1579 2326 1651 praesidet
2356 1579 2632 1646 diabolus,
2665 1581 2806 1637 sicut
2843 1581 3090 1640 Christus
3127 1585 3331 1643 electis.
3366 1587 3444 1644 De

1853 1673 2050 1743 quibus
2077 1673 2340 1743 scriptum
2375 1681 2458 1730 est
2483 1692 2498 1728 :
2532 1674 2802 1730 Ascendes
2828 1692 2992 1748 super
3024 1693 3192 1749 equos
3220 1689 3362 1747 tuos,
3388 1690 3446 1736 et

1854 1767 2126 1836 equitatus
2150 1774 2273 1822 tuus
2300 1765 2506 1822 sanitas
2533 1774 2636 1821 est.
2661 1766 2717 1821 ln
2748 1766 2879 1838 ipsis
2903 1776 3087 1824 autem
3107 1761 3444 1828 daemonibus

149 1869 314 1924 holus
354 1869 563 1925 habitat
583 1912 597 1936 ,
629 1880 686 1925 ει
732 1867 784 1925 in
831 1872 911 1926 eis
959 1881 1168 1943 regnat,
1201 1873 1508 1944 Euphrates
1547 1877 1747 1947 quippe
1775 1859 1822 1919 Β
1850 1863 1935 1918 vel
1960 1879 2207 1918 errorum
2239 1862 2546 1934 magistris,
2587 1853 2959 1933 intelliguntur
2981 1877 3171 1918 omnes
3198 1864 3440 1934 reprobi,

149 1960 350 2018 ﬂuvius
377 1974 462 2018 est
487 1962 816 2036 Babylonia),
844 1965 936 2035 qui
975 1965 1029 2020 in
1060 1966 1228 2022 multa
1263 1967 1485 2024 ﬁumina
1515 1969 1741 2036 divisus,

147 2054 455 2125 ingreditur
503 2055 872 2127 Babyloniam.
925 2056 1064 2113 Medi
1119 2068 1176 2113 et
1229 2059 1380 2115 Persi
1443 2061 1744 2118 diviserunt

147 2153 298 2203 hunc
344 2145 567 2202 ﬂuvium
612 2149 668 2202 in
708 2149 906 2204 multos
948 2150 1126 2216 rivos,
1152 2159 1210 2207 ct
1252 2168 1350 2222 per
1377 2152 1495 2222 ejus
1526 2155 1740 2211 alveum

147 2239 378 2310 Ingressi
397 2239 906 2312 suntBabyloniam.
923 2241 1075 2308 Quod
1094 2241 1293 2298 ﬁumen
1308 2260 1450 2314 saepe
1468 2246 1521 2300 in
1539 2247 1741 2304 malam

145 2340 358 2402 partem
390 2333 630 2402 ponitur.
662 2333 720 2386 In
751 2333 852 2389 hoc
883 2333 1005 2390 loco
1026 2349 1176 2401 vero,
1206 2344 1264 2390 ut
1293 2337 1549 2404 diximus,
1575 2339 1743 2412 signi-

144 2423 274 2478 ﬁcat
295 2424 594 2494 potentiam
625 2425 959 2492 saecularem,
984 2427 1039 2480 in
1077 2442 1183 2498 qua
1221 2429 1465 2486 diabolus
1489 2431 1740 2503 alligatus

144 2515 459 2586 praedicitur
503 2516 796 2572 novissima
844 2520 1238 2588 persecutione,
1283 2522 1409 2590 quia
1459 2531 1514 2578 et
1559 2523 1740 2594 impiis

141 2616 405 2678 quantum
439 2609 555 2663 vult
599 2625 796 2665 nocere
843 2612 1195 2681 permittitur,
1234 2628 1517 2684 usquequo
1553 2616 1737 2672 novis-

137 2699 284 2754 sima
316 2701 626 2770 persecutio
656 2702 925 2758 adveniat.

211 2790 285 2844 Et
315 2791 475 2846 soluti
499 2804 644 2858 sunt,
681 2810 779 2864 pro
809 2811 874 2850 eo
905 2797 1048 2865 quod
1078 2804 1162 2852 est
1191 2796 1492 2863 solventur,
1531 2799 1734 2870 angeli,

135 2883 196 2939 id
220 2891 308 2939 est
331 2884 634 2950 daemones,
667 2895 722 2941 et
749 2902 910 2942 omne
948 2904 1144 2959 corpus
1179 2888 1396 2944 diaboli.
1427 2889 1531 2954 Qui
1558 2893 1736 2960 pnrati

133 2986 292 3029 erant
319 2976 372 3029 in
402 2977 586 3031 horam
614 2987 664 3032 et
693 2978 829 3032 diem
857 2988 906 3032 et
931 2995 1156 3032 mensem
1181 2989 1227 3033 et
1259 2974 1476 3044 annum,
1511 2991 1566 3034 ut
1593 2982 1733 3035 occi-

135 3069 322 3122 derent
371 3070 576 3123 tertiam
610 3081 812 3140 partem
861 3072 1153 3125 hominum.
1203 3071 1308 3126 Per
1348 3072 1539 3127 horam
1575 3073 1735 3128 dimi-

133 3161 291 3216 dium
347 3176 548 3217 annum
595 3163 856 3233 intellige,
907 3178 1005 3233 per
1051 3164 1194 3218 diem
1244 3179 1486 3221 mensem
1533 3173 1589 3220 et
1630 3181 1732 3221 an-

135 3265 294 3314 num,
318 3267 486 3308 annos
512 3261 643 3319 tres,
666 3254 863 3322 quibus
889 3255 1242 3312 antichristus
1264 3256 1450 3312 saeviet
1471 3260 1732 3315 adversus

131 3348 330 3402 bonos.
363 3347 487 3403 Ideo
518 3347 661 3401 enim
700 3361 800 3416 per
825 3348 1036 3413 horam,
1067 3348 1242 3415 diem,
1274 3363 1516 3404 mensem
1548 3358 1604 3405 et
1632 3365 1730 3405 an-

132 3455 270 3496 num
305 3440 430 3495 illud
459 3449 672 3511 tempus
703 3439 926 3511 intelligi
952 3449 1163 3511 potest,
1192 3441 1318 3512 quia
1343 3449 1400 3497 et
1425 3443 1572 3498 horis
1607 3458 1732 3514 gra-

130 3533 308 3587 datim
343 3533 506 3594 diem.
545 3541 600 3588 et
625 3533 816 3588 diebus
849 3547 1082 3600 menses,
1129 3541 1185 3589 et
1210 3535 1488 3590 mensibus
1521 3543 1731 3591 certum

129 3632 226 3679 est
245 3639 446 3678 annum
471 3624 693 3693 expleri.
718 3623 900 3679 Parati
932 3633 1056 3679 sunt
1081 3625 1358 3682 daemones
1389 3635 1450 3681 ut
1473 3628 1730 3684 occidant

129 3715 361 3769 tertiam
407 3721 616 3783 partem
665 3715 973 3780 hominum,
1022 3717 1148 3787 quia
1199 3718 1454 3772 nimirum
1499 3721 1730 3775 nocendi

122 3804 598 3876 opportunitatem
629 3819 838 3875 semper
875 3807 1270 3878 przestolantur.
1308 3808 1459 3864 Unde
1493 3825 1593 3864 nec
1623 3811 1727 3865 im-

125 3895 338 3952 merito
365 3892 432 3949 de
475 3893 697 3950 locustis
722 3899 1056 3966 praemissum
1107 3907 1222 3963 est,
1261 3899 1407 3968 quod
1435 3909 1619 3955 essent
1649 3901 1726 3955 si-

125 3986 296 4043 miles
335 3987 492 4056 equis
522 3987 726 4056 paratis
756 3987 823 4042 ad
865 3990 1128 4058 praelium.
1159 3989 1344 4045 Tertia
1378 4001 1560 4047 autem
1601 4007 1728 4064 pars

129 4082 211 4134 ita
247 4086 305 4131 ut
333 4091 495 4148 supra
524 4078 859 4150 intelligitur.

211 4170 278 4224 Et
310 4185 556 4224 numerus
603 4171 853 4241 equestris
883 4173 1141 4227 exercitus
1175 4190 1330 4228 metes
1376 4173 1564 4229 millies
1591 4177 1727 4231 dena
1765 4200 1774 4210 -

127 4262 328 4316 millia.
357 4261 443 4315 'Et
490 4262 666 4316 audiri
715 4279 988 4316 numerum
1017 4281 1216 4318 eorum.
1257 4265 1316 4320 In
1355 4265 1459 4321 hoc
1500 4283 1726 4324 numero

128 4350 314 4408 omnis
345 4350 632 4405 multitudo
659 4350 974 4420 intelligitur
1001 4353 1306 4410 daemonum
1337 4366 1391 4410 et
1422 4357 1721 4413 hominum.

129 4444 360 4514 Equites
391 4443 571 4513 itaque
607 4443 660 4496 in
706 4444 810 4498 hoc
848 4445 964 4498 loco
992 4445 1249 4501 debemus
1281 4448 1582 4520 intelligere
1613 4452 1722 4506 daa-

127 4551 345 4601 tnones,
382 4536 475 4605 qui
516 4533 672 4590 malis
715 4535 1005 4604 praesident
1057 4544 1111 4592 et
1155 4539 1206 4592 in
1238 4554 1426 4595 eorum
1468 4542 1723 4599 cordibus

125 4629 402 4684 habitant.
434 4625 612 4682 Vicies
659 4615 841 4680 autem
883 4628 1080 4684 millies
1102 4630 1237 4685 nihil
1266 4632 1409 4686 aliud
1451 4645 1533 4689 est
1560 4652 1723 4706 quam

123 4720 324 4792 viginti
366 4718 552 4774 millia.
598 4717 726 4772 Tale
759 4725 843 4773 est
870 4718 1040 4775 illud:
1077 4721 1202 4776 Non
1237 4722 1354 4778 dico
1388 4725 1511 4791 tibi,
1540 4725 1718 4794 Petre,

119 4829 296 4885 usque
333 4812 550 4882 septies,
595 4809 685 4864 sed
729 4826 892 4880 usque
937 4815 1226 4883 septuagies
1268 4817 1454 4887 septies
1502 4817 1718 4889 (Matth.

117 4903 313 4976 xvur).
345 4902 496 4970 Quod
534 4902 664 4956 nihil
692 4902 835 4958 aliud
861 4913 964 4971 est,
997 4905 1096 4960 nisi
1125 4911 1459 4980 septuaginta
1487 4921 1716 4982 septem.

117 4997 358 5066 Quando
404 4996 548 5050 enim
600 5011 858 5053 numerus
905 5013 1004 5070 per
1048 5016 1242 5055 nomen
1300 5006 1526 5072 transit,
1577 5008 1720 5064 sicut

115 5089 279 5144 verbi
306 5089 500 5157 gratia,
530 5104 650 5144 cum
682 5088 879 5144 dicitur
897 5091 1098 5160 septies
1120 5093 1480 5164 septuaginta,
1505 5111 1718 5153 summa

115 5182 340 5238 numeri
395 5179 812 5251 multiplicatur,
870 5191 926 5239 et
976 5182 1284 5238 eﬁiciuntur
1334 5187 1717 5259 quadringenti

117 5273 444 5343 nonaginta.
475 5272 701 5339 Quando
735 5283 918 5329 autem
960 5275 1341 5330 adverbialiter
1367 5277 1716 5346 proferuntur

114 5365 262 5418 nihil
291 5363 433 5418 aliud
465 5364 801 5435 intelligitur,
823 5365 926 5420 nisi
949 5367 1226 5436 quodipse
1253 5384 1510 5425 numerus
1533 5381 1711 5427 sonat.

114 5455 281 5511 Unde
307 5463 361 5510 et
391 5455 443 5510 in
488 5455 684 5512 Genesi
722 5455 920 5528 legitur
949 5473 964 5511 :
995 5456 1070 5510 De
1098 5457 1320 5513 anech
1363 5477 1479 5514 vero
1505 5473 1714 5533 septua-
1739 5472 1754 5476 "

109 5551 229 5621 gies
258 5548 444 5617 septies
478 5549 606 5603 ultio
629 5550 842 5603 dabitur
864 5547 1016 5620 (Gen.
1050 5551 1143 5620 Iv).
1175 5551 1353 5608 Vicies
1379 5555 1563 5623 itaque
1591 5556 1711 5610 mil-

111 5645 220 5697 lies
264 5656 452 5694 omnes
491 5641 758 5711 signiﬁcat
799 5643 1056 5713 reprobos
1085 5662 1098 5696 :
1129 5645 1268 5701 dena
1314 5657 1492 5704 autem
1541 5649 1709 5706 millia

107 5745 310 5786 υιιιηεε
355 5739 602 5797 sanctos,
651 5735 742 5804 qui
788 5735 974 5789 decem
1005 5737 1168 5790 verba
1211 5737 1344 5809 legis
1375 5743 1706 5797 custodiunt.

105 5823 186 5878 Et
215 5823 347 5894 quia
373 5822 557 5893 plures
585 5825 797 5895 reprobi
826 5841 987 5896 quam
1024 5825 1190 5896 justi,
1231 5829 1426 5898 duplex
1453 5847 1711 5888 numerus

1749 4583 1802 4642 D

1847 1964 1903 2011 et
1929 1970 2026 2025 per
2062 1954 2261 2010 loricas
2284 1969 2460 2024 paenae
2495 1962 2551 2009 et
2581 1962 2846 2009 tormenta
2875 1962 3077 2009 aeterna
3101 1954 3438 2024 ﬁgurantur,

1847 2064 1967 2120 qua:
2007 2065 2036 2102 a
2070 2035 2284 2103 miseris
2322 2047 2463 2102 nulla
2512 2061 2672 2118 prece
2717 2055 2843 2102 sunt
2887 2047 3215 2102 evacuanda.
3248 2045 3442 2101 Dicent

1845 2145 1990 2197 enim
2038 2143 2090 2196 in
2139 2142 2353 2196 inferno
2393 2149 2698 2212 gementes,
2735 2141 2982 2206 Domine,
3013 2139 3259 2204 Domine,
3289 2139 3441 2210 aperi

1845 2233 2020 2289 nobis.
2053 2231 2162 2288 Sed
2208 2248 2314 2288 non
2347 2233 2470 2288 ideo
2515 2232 2942 2288 misericordiam
2983 2231 3279 2296 invenient,
3309 2229 3438 2300 quin

1842 2324 2023 2395 potius
2046 2323 2308 2379 audient:
2340 2321 2534 2377 Nescio
2563 2337 2677 2376 vos.
2709 2321 2854 2390 Quas
2873 2335 3065 2392 ptenas
3097 2319 3439 2376 inevitabiles

1843 2431 1948 2471 non
1979 2415 2153 2471 solum
2197 2414 2543 2470 sustinebunt
2569 2413 2876 2479 daemones,
2919 2413 3013 2468 sed
3043 2413 3208 2466 etiam
3247 2425 3438 2467 omnes

1843 2507 2079 2578 reprobi.
2120 2505 2512 2578 Hyacinthinas
2539 2514 2722 2561 autem
2748 2505 2929 2576 posuit
2953 2519 3052 2575 pro
3077 2519 3164 2568 eo,
3185 2504 3326 2574 quod
3352 2512 3438 2560 est

1842 2599 2071 2654 fumeas.
2103 2597 2182 2654 Ex
2213 2599 2338 2670 igne
2373 2597 2518 2652 enim
2562 2597 2743 2652 fumus
2783 2595 3077 2668 egreditur.
3121 2595 3236 2650 Hoc
3270 2595 3436 2650 etiam

1841 2692 1958 2762 ipse
1989 2691 2138 2747 color
2184 2691 2569 2762 hyacinthinus
2618 2689 2852 2754 indicat,
2885 2687 2975 2758 qui
3019 2688 3254 2759 speciem
3292 2687 3438 2743 aeris

1843 2792 2010 2850 tenet,
2041 2783 2166 2852 quia
2195 2783 2248 2836 in
2277 2783 2491 2837 inferno
2515 2778 2621 2836 erit
2643 2780 2781 2852 ignis
2809 2778 3283 2851 inexstinguibilis.
3319 2777 3440 2833 Erit

1839 2881 1895 2927 et
1939 2869 2118 2926 fumus
2164 2869 2255 2940 qui
2304 2870 2532 2924 miseros
2579 2869 2908 2935 excmcabit,
2951 2883 3018 2924 ne
3042 2883 3228 2924 veram
3259 2867 3434 2922 lucem

1833 2961 1947 3032 jam
1979 2959 2164 3014 videre
2189 2959 2417 3028 possint.
2451 2958 2522 3013 Et
2561 2958 2901 3029 sulphureas,
2940 2958 2994 3012 id
3035 2967 3120 3013 est
3164 2957 3430 3028 putridas.

1838 3051 1957 3107 Erit
1983 3049 2128 3105 enim
2153 3048 2350 3120 duplex
2378 3050 2449 3105 ibi
2493 3063 2675 3122 pinna,
2709 3048 2905 3104 caloris
2933 3056 2988 3104 et
3015 3047 3254 3120 frigoris.
3277 3047 3435 3105 Unde

1837 3141 1939 3197 Job
1969 3159 1984 3197 :
2013 3140 2094 3194 Ad
2123 3140 2351 3195 calorem
2377 3141 2596 3195 nimium
2631 3149 2932 3206 transeunt,
2968 3140 3034 3195 ab
3063 3141 3213 3212 aquis
3235 3141 3434 3196 nivium

1760 3221 1808 3285 C
1841 3233 1981 3305 (Job.
2012 3231 2186 3303 xxiv).
2223 3232 2341 3287 Erit
2379 3240 2435 3288 et
2483 3230 2624 3288 fetor
2662 3230 3048 3298 intolerabilis,
3079 3247 3190 3305 quo
3217 3232 3430 3288 crucia-

1840 3325 2042 3381 buutur
2067 3326 2192 3396 igne
2233 3334 2288 3382 et
2329 3325 2588 3396 sulphure
2628 3325 2839 3390 exusti,
2890 3333 3053 3395 atque
3081 3340 3112 3380 a
3154 3325 3433 3382 vermibus

1837 3419 2084 3474 comesti.
2119 3417 2188 3472 Et
2217 3407 2406 3489 capita.
2433 3433 2684 3488 equorum
2715 3427 2964 3488 tanquam
2995 3417 3168 3488 capita
3196 3417 3429 3472 leonum.

1839 3509 1976 3576 Quia
2003 3518 2061 3564 et
2088 3509 2299 3564 animas
2325 3509 2407 3579 (ut
2433 3523 2598 3578 supra
2629 3507 2832 3563 dictum
2863 3507 2967 3576 est)
2997 3505 3346 3572 interﬁciunt,
3375 3512 3434 3562 et

1834 3599 2066 3655 fetorem
2097 3598 2254 3654 malae
2284 3597 2444 3653 fama;
2489 3599 2556 3654 de
2586 3612 2646 3653 se
2683 3597 2956 3652 emittunt.
2987 3595 3298 3666 Per‘capita
3331 3610 3431 3650 au-

1835 3699 1942 3746 tem
1972 3706 2237 3760 equorum
2259 3699 2511 3746 auctores
2549 3689 2920 3761 intelliguntur
2944 3704 3216 3756 errorum,
3244 3689 3336 3759 qui
3373 3695 3432 3744 et

1831 3781 2002 3838 fortes
2032 3791 2161 3837 sunt
2187 3782 2255 3837 ad
2302 3781 2667 3838 conterendos
2695 3780 2960 3848 inﬁrmos,
2988 3794 3045 3838 et
3092 3797 3216 3837 cum
3256 3796 3316 3837 se
3354 3781 3430 3838 si-

1832 3875 2042 3931 mulant
2083 3890 2205 3931 esse
2247 3875 2450 3930 bonum
2495 3875 2752 3941 odorem,
2787 3874 3051 3931 fetoribus
3079 3875 3430 3931 inveniuntur

1829 3967 2040 4039 repleti.
2071 3967 2143 4026 Ut
2192 3967 2340 4023 enim
2385 3981 2548 4037 supra
2599 3965 2968 4031 meminimus,
3015 3980 3077 4021 os
3104 3965 3320 4021 leonum
3365 3971 3425 4020 et

1830 4074 2059 4130 corpora
2090 4057 2338 4121 dilaniat,
2363 4065 2419 4114 et
2440 4056 2742 4111 naturalem
2775 4056 3002 4112 fetorem
3029 4055 3220 4127 egerit.

1904 4169 1972 4224 Et
2003 4171 2066 4224 de
2096 4186 2185 4224 ore
2217 4171 2451 4240 ipsorum
2487 4169 2718 4240 procedit
2746 4169 2881 4239 ignis
2911 4177 2958 4224 et
3008 4169 3186 4239 fumus
3219 4177 3268 4226 et
3313 4169 3424 4226 sul-

1827 4264 1984 4335 phur.
2018 4263 2095 4316 Ab
2123 4263 2204 4317 his
2235 4264 2402 4318 tribus
2435 4263 2606 4334 plagis
2655 4263 2826 4317 occisa
2862 4271 2938 4317 est
2968 4263 3122 4317 tertia
3163 4279 3287 4334 pars
3328 4263 3424 4317 ho-

1828 4358 2028 4410 minum
2058 4357 2122 4410 de
2149 4357 2266 4426 igne
2291 4366 2338 4411 et
2382 4357 2528 4426 fumo
2550 4366 2598 4409 et
2625 4355 2903 4425 sulphure,
2925 4371 3047 4426 qua:
3075 4354 3421 4424 procedebant

1831 4467 1894 4504 ea:
1923 4466 2011 4503 ore
2041 4451 2294 4520 ipsorum.
2327 4450 2403 4504 De
2433 4463 2529 4505 ore
2566 4457 2748 4504 autem
2775 4463 2962 4503 eorum
2994 4447 3134 4519 ignis
3159 4456 3208 4503 et
3238 4445 3420 4504 fumus

1827 4550 1884 4595 et
1911 4539 2136 4608 sulphur
2162 4538 2476 4610 egrediens,
2505 4537 2720 4594 tertiam
2749 4545 2960 4608 partem
2992 4536 3276 4592 hominum
3325 4551 3421 4592 oc-

1828 4630 1980 4696 cidit,
2007 4630 2136 4700 quia
2163 4629 2412 4684 videlicet
2439 4628 2704 4683 malorum
2734 4627 3048 4697 praedicatio
3091 4627 3419 4698 sequacibus

1828 4727 1939 4780 suis
1967 4735 2170 4780 aeterna
2211 4723 2468 4794 supplicia
2498 4730 2792 4792 praeparat,
2823 4737 2945 4792 qua:
2993 4730 3141 4777 recte
3179 4729 3419 4776 tormen-

1827 4825 1941 4872 tum
1976 4817 2264 4886 impiorum
2292 4825 2537 4881 vocatur,
2567 4829 2664 4886 per
2691 4829 2855 4885 quam
2881 4815 2949 4870 ad
2975 4813 3107 4869 illud
3130 4812 3419 4868 multitudo

1825 4910 2114 4979 impiorum
2151 4906 2416 4977 pervenit.
2448 4904 2631 4962 Genus
2675 4906 2820 4960 enim
2863 4905 3083 4975 tropica:
3129 4902 3415 4960 locutionis

1823 5003 1891 5057 ab
1916 5016 1981 5056 eo
2008 4999 2152 5070 quod
2179 5005 2455 5069 procurat,
2501 4997 2632 5053 illud
2671 4998 2812 5067 quod
2854 5002 3198 5067 procuratur,
3224 5002 3413 5050 osten-

1825 5093 1976 5148 dens.
2007 5091 2082 5145 De
2111 5105 2206 5146 ore
2230 5089 2442 5145 illorum
2473 5089 2714 5159 procedit
2736 5088 2894 5160 ignis,
2918 5087 3044 5158 quia
3073 5101 3172 5158 pro
3195 5087 3410 5142 illorum

1825 5185 2070 5240 doctrina
2100 5183 2218 5238 haec
2241 5183 2424 5238 omnia
2450 5191 2675 5237 ventura
2698 5189 2823 5236 sunt
2842 5181 2942 5247 eis,
2974 5180 3067 5250 qui
3093 5195 3218 5235 eam
3238 5179 3412 5235 susci-

1823 5279 1994 5348 piunt.
2029 5276 2162 5333 Cum
2202 5286 2381 5333 autem
2411 5277 2464 5332 in
2501 5277 2646 5331 illam
2694 5276 3054 5342 incurrerint,
3089 5285 3218 5331 tunc
3246 5289 3410 5346 expe-

1822 5369 2030 5422 rientur
2057 5383 2218 5438 quam
2242 5382 2429 5422 amara
2459 5382 2607 5423 mors
2630 5366 2725 5434 sit,
2758 5381 2972 5437 semper
2999 5369 3126 5438 igne
3149 5369 3406 5436 cremari,

1821 5477 1924 5516 nec
1948 5462 2188 5516 funditus
2218 5461 2374 5528 mori,
2408 5475 2621 5530 semper
2640 5459 2848 5516 fumum
2884 5461 3024 5530 pati,
3057 5460 3235 5516 lucem
3263 5476 3405 5516 nun-

1819 5569 1982 5624 quam
2038 5553 2240 5618 videre,
2280 5569 2493 5624 semper
2535 5553 2798 5609 fetoribus
2844 5555 3080 5624 repleri,
3122 5555 3407 5612 suavitatis

1820 5647 1953 5702 nihil
1978 5647 2203 5702 adoleri.
2232 5645 2462 5718 Ideoque
2486 5648 2753 5703 horrenda
2773 5663 2996 5718 prorsus
3022 5666 3404 5722 perversorum

1819 5748 1945 5796 sunt
1970 5740 2242 5812 dogmata,
2271 5741 2465 5811 quibus
2487 5741 2803 5811 pervenitur
2827 5744 2896 5801 ad
2933 5742 3080 5800 talia.

1890 5831 2132 5891 Potestas
2195 5835 2333 5890 enim
2373 5849 2629 5906 equorum
2677 5835 2734 5892 in
2777 5851 2867 5892 ore
2903 5833 3140 5908 ipsorum
3171 5848 3249 5900 est
3271 5879 3290 5914 ρ
3351 5849 3406 5901 et
