3972 6438
766 423 911 493 1059’

1247 429 1601 488 HAYMONIS
1636 424 2111 485 HALBERSTAT.
2153 425 2365 480 EPISC.
2398 425 2546 481 Ol’P.
2589 426 2767 483 PARS
2805 427 2844 483 Ῑ.
2878 459 2947 470 -
2986 432 3323 492 COMMENT.
3355 437 3500 495 BIBL.
3730 454 3785 513 tu;

767 567 823 606 in
842 549 1022 604 caudis
1036 544 1374 639 eorum.Quia
1388 560 1487 615 per
1501 560 1651 600 suam
1674 543 2110 639 praedicationem
2128 556 2344 639 perver-
2373 545 2422 605 Α
2449 542 2586 603 tieis,
2614 551 2672 639 ut
2698 543 2751 596 in
2776 542 2955 639 anima
2984 544 3296 614 moriantur,
3323 566 3465 621 neque
3480 558 3783 639 punitorum;

768 659 880 699 sam
903 640 1174 697 suadendo
1198 638 1488 709 decipiunt,
1513 646 1564 692 et
1590 635 1972 706 temporalibus
1994 634 2344 702 potestatibus

769 733 904 796 fulti,
932 747 1029 801 per
1048 746 1109 785 ea
1135 744 1255 799 quae
1284 736 1429 782 retro
1452 736 1598 792 sunt,
1623 725 1943 781 exaltantur.
1977 723 2080 777 Per
2117 723 2345 777 caudam

767 823 978 894 quippe,
1012 829 1071 875 ut
1104 836 1263 891 supra
1294 820 1495 874 dictum
1523 825 1628 884 est,
1658 823 1898 887 potestas
1924 822 2133 868 terrena
2156 812 2346 883 expri-

767 916 951 981 mitur,
981 931 1101 984 qua:
1127 914 1179 968 in
1209 909 1593 982 temporalibus
1617 907 1776 963 rebus
1806 907 2039 970 luatatur,
2061 920 2180 975 quae
2196 911 2345 974 post-

765 1009 1023 1080 ponendte
1052 1016 1177 1061 sunt
1203 1004 1453 1060 onmibus
1481 1001 1572 1072 qui
1609 998 1676 1054 ad
1718 1013 1779 1053 ea
1811 1012 1932 1067 qua:
1980 997 2033 1050 in
2064 1004 2189 1049 ante
2212 1002 2346 1049 'sunt

765 1119 825 1158 se
851 1102 1142 1158 extendere
1171 1100 1433 1153 nituntur.
1460 1095 1519 1149 ιιι
1552 1108 1647 1149 ore
1690 1106 1818 1147 vero
1840 1088 1968 1145 illud
1994 1088 2139 1159 quod
2166 1103 2262 1159 per
2282 1102 2343 1142 os

766 1195 828 1252 lit
867 1195 1201 1265 intelligitur.
1241 1191 1487 1246 Potestas
1530 1202 1658 1258 ergo
1699 1200 1887 1240 eorum
1937 1183 1991 1237 in
2033 1198 2128 1237 ore
2156 1196 2345 1237 eorum

766 1299 869 1353 est,
900 1297 954 1343 et
979 1289 1034 1341 in
1055 1286 1241 1342 caudis
1270 1285 1523 1353 ipsorum,
1556 1280 1680 1350 quia
1710 1295 1845 1348 quos
1874 1292 1979 1332 non
2007 1284 2230 1347 possunt
2253 1275 2345 1332 de-

766 1382 947 1451 cipere
976 1392 1071 1448 per
1116 1377 1434 1447 pravitatem
1476 1372 1707 1436 erroris,
1741 1369 2015 1441 decipiunt
2051 1384 2145 1440 per
2191 1368 2344 1438 prin»

768 1474 913 1543 cipes
960 1470 1119 1540 hujus
1171 1468 1371 1525 surculi.
1436 1465 1586 1522 Unde
1636 1463 1930 1519 subditur:
1970 1458 2113 1515 Nam
2161 1460 2344 1514 cauda:

764 1578 945 1616 eorum
971 1558 1164 1614 similes
1191 1558 1509 1628 serpentibus
1532 1597 1546 1619 ,
1574 1555 1818 1608 habentes
1860 1552 2032 1623 capita
2052 1592 2067 1617 ,
2093 1561 2139 1605 et
2182 1551 2235 1605 in
2263 1551 2343 1605 Itis

770 1663 970 1708 nocent.
1011 1652 1261 1722 Legimus
1291 1651 1344 1704 in
1373 1648 1589 1711 Genesi,
1611 1645 1751 1717 quod
1773 1644 2017 1699 diabolus
2038 1650 2343 1712 serpentem

768 1744 988 1800 indutus
1034 1742 1310 1796 mulierem
1358 1739 1567 1808 decepit
1610 1736 1797 1791 fraude
1847 1733 2002 1790 make
2051 1722 2340 1810 suasionis.

769 1832 924 1889 Tales
961 1842 1085 1887 sunt
1124 1841 1180 1886 et
1224 1831 1311 1886 isti
1361 1844 1607 1885 errorum
1653 1825 1927 1898 magistri,
1961 1824 2052 1896 qui
2083 1839 2178 1879 sua
2222 1839 2344 1896 per—

2448 641 2567 686 ruut
2594 633 2659 686 de
2688 633 2925 703 cperibus
2949 652 3198 715 manqum
3238 655 3451 707 suarum,
3479 654 3524 698 ut
3546 665 3619 703 non
3645 633 3783 715 adnuis

2445 722 2705 776 darmonia
2727 733 2775 776 et
2798 722 3083 780 simulacra
3121 730 3275 782 aurea
3300 738 3344 783 et
3367 730 3538 800 lapidea
3557 746 3592 789 et
3607 737 3782 815 lignum.

2445 831 2610 887 neque
2635 817 2807 871 videre
2832 829 3068 887 possunt,
3098 837 3255 893 neque
3282 824 3462 891 audire,
3497 845 3621 900 neque
3638 838 3779 903 solum

2444 916 2492 961 et
2523 924 2627 1000 non
2653 919 2865 979 egerunt
2887 911 3238 981 pwnitentioln
3277 915 3335 967 ab
3368 915 3605 976 homicidiis
3619 928 3779 1000 suis,“

2447 1014 2479 1051 a
2507 998 2854 1067 fornicatione
2878 1016 2999 1066 sua,
3038 1018 3198 1073 neque
3225 1020 3255 1057 a
3290 1004 3431 1073 furtis
3460 1010 3561 1064 suis.
3583 998 3781 1077 Sabaitis-

2447 1087 2647 1143 militer
2672 1090 2926 1158 peribunt
2946 1091 3091 1162 igne,
3107 1092 3365 1162 sulphure,
3390 1095 3531 1153 fumo.
3547 1102 3603 1156 Ac
3616 1104 3648 1157 si
3665 1107 3763 1162 diceet

2446 1175 2515 1232 Et
2536 1179 2589 1232 hi
2622 1179 2756 1234 tales
2801 1181 2868 1234 ad
2909 1182 3279 1251 supradictum
3306 1188 3539 1256 pertinere
3568 1206 3776 1253 numerumn

2445 1267 2659 1321 dentur.
2708 1268 2961 1325 Haeretici
3014 1271 3210 1342 quippe
3257 1280 3573 1334 tantummodo
3605 1280 3776 1341 Christian

2445 1358 2787 1429 decipiebant
2810 1371 2865 1415 et
2882 1360 3119 1430 Iudaeos,
3144 1376 3247 1419 non
3279 1375 3438 1422 tamen
3463 1377 3773 1445 paganos;qu

2446 1451 2548 1520 ipsi
2579 1468 2684 1507 non
2712 1465 3086 1523 cognoverunt
3110 1458 3286 1523 Deum,
3310 1474 3418 1515 cum
3438 1462 3519 1517 hoc
3538 1466 3665 1534 utique

2448 1547 2627 1602 facere
2657 1564 2752 1619 per
2779 1551 3082 1605 naturalem
3115 1550 3304 1622 legem,
3323 1553 3534 1609 similiter
3548 1556 3772 1613 dammam.

2448 1637 2601 1693 Unde
2627 1640 3082 1696 considerandum
3108 1650 3211 1706 est,
3248 1657 3344 1713 qua
3368 1658 3502 1714 pinna
3525 1647 3770 1716 pudendm

2444 1730 2537 1800 qui
2568 1731 2828 1787 habentes
2851 1731 2949 1786 Dei
2978 1723 3247 1800 notitiam,
3270 1734 3412 1790 fidem
3433 1744 3479 1790 et
3493 1737 3771 1793 scientianam

2442 1823 2627 1877 omnia
2649 1831 3027 1890 contemnunt,
3071 1824 3118 1879 si
3155 1824 3227 1879 illi
3262 1825 3412 1880 etiam
3445 1825 3769 1897 damnandum

764 1940 920 1979 versa
942 1923 1186 1978 doctrina
1218 1921 1492 1991 decipiunt
1532 1933 1668 1990 quos
1713 1925 1959 1988 possunt,
2005 1925 2062 1970 et
2095 1914 2222 1985 quia
2250 1928 2345 1971 eos
2375 1916 2421 1977 Β
2448 1915 2641 1969 horum
2690 1914 2930 1970 omnium
2988 1916 3126 1971 nihil
3181 1917 3474 1983 habuerant,
3513 1927 3557 1973 et
3589 1918 3767 1979 unum
3820 1916 3821 1989 ᾖ

764 2029 898 2085 quos
943 2012 1256 2066 subvertere
1301 2016 1574 2078 nequeunt
1616 2021 1715 2078 per
1758 2006 2079 2078 pravitatem
2116 2004 2342 2071 erroris,

763 2104 1073 2175 opprimunt
1096 2118 1192 2172 per
1218 2101 1515 2172 potentiam
1537 2099 1738 2163 szeculi,
1762 2100 1898 2154 bene
1925 2100 2108 2152 cauda:
2128 2097 2343 2151 illorum

762 2194 968 2251 similes
998 2193 1336 2263 serpentibus
1385 2193 1653 2246 dicuntur.
1700 2189 1972 2245 Habentes
2012 2188 2188 2258 capita
2206 2198 2346 2256 ,‘per

762 2302 882 2358 qua:
907 2284 1176 2356 principes
1204 2284 1362 2354 hujus
1389 2281 1565 2338 saeculi
1591 2283 1910 2351 figurantur,
1937 2294 2071 2349 quos
2107 2276 2208 2332 sibi
2236 2276 2343 2332 hce-

763 2378 915 2433 retiei
960 2376 1308 2447 conjungunt,
1343 2383 1401 2429 ut
1442 2374 1740 2429 catholicos
1785 2387 1815 2425 a
1859 2370 1962 2425 fide
2003 2369 2339 2424 subvertant.

766 2468 917 2527 Unde
941 2476 997 2523 et
1019 2468 1120 2523 alia
1146 2465 1425 2521 translatio
1449 2465 1617 2519 habet
1647 2482 1658 2517 :
1694 2463 1888 2518 Caudte
1916 2475 2104 2516 eorum
2140 2459 2344 2514 similes

760 2571 886 2617 sunt
929 2559 1270 2615 draconibus.
1321 2555 1424 2611 Per
1454 2556 1716 2610 dracones
1738 2555 1934 2625 quippe
1958 2554 2047 2622 qui
2076 2566 2214 2623 pene
2244 2551 2346 2605 im-

763 2653 1039 2709 maniores
1061 2659 1186 2706 sunt
1206 2650 1675 2712 omnibusbestiis,
1696 2656 1878 2717 aperte
1898 2646 2079 2701 saeculi
2095 2646 2342 2715 designa-

764 2754 855 2799 tur
881 2751 1140 2814 potestas,
1158 2752 1318 2811 quam
1342 2739 1591 2795 Ezechiel
1616 2742 1683 2809 (τ.
1712 2737 1865 2808 xxrx)
1901 2752 1965 2793 ex
1983 2752 2211 2808 persona
2242 2735 2345 2791 Do~

762 2834 892 2890 mini
909 2833 1134 2904 loquens
1152 2831 1218 2885 ad
1232 2831 1566 2885 Pharaonem
1585 2840 1760 2902 regem
1777 2829 1994 2901 Egypti
2012 2830 2343 2883 demonstrat

762 2928 949 2983 dicens
978 2922 1133 2980 :Ecce
1173 2940 1264 2995 ego
1290 2923 1358 2978 ad
1388 2933 1456 2990 te,
1482 2921 1717 2987 Pharao,
1749 2922 1906 2975 draco
1930 2912 2134 2991 magne.
2164 2916 2231 2972 Et
2255 2914 2344 2992 ,Ιβ-

761 3020 1039 3091 remias(c.
1056 3018 1128 3090 ιι)
1153 3032 1219 3072 ex
1246 3032 1478 3088 persona
1505 3012 1805 3070 Jerusalem
1820 3013 1886 3068 de
1911 3010 2343 3068 Nabuchodono-

757 3125 847 3165 sor
863 3127 876 3162 :
892 3109 1125 3164 Comedit
1142 3125 1239 3174 me,
1256 3107 1516 3162 devoravit
1542 3104 1913 3171 me,absorbuit
1939 3118 2018 3156 me
2044 3102 2195 3175 quasi
2216 3096 2343 3154 dra-

759 3220 836 3257 co.
868 3201 1175 3273 Principum
1196 3215 1323 3270 ergo
1342 3198 1656 3271 patrociniis
1680 3195 1795 3251 fulti
1824 3194 2067 3266 magistri
2093 3209 2339 3248 errorum

758 3292 987 3364 amplius
1013 3300 1228 3358 nocent,
1256 3308 1418 3363 quam
1449 3292 1494 3346 si
1521 3289 1634 3345 solo
1656 3303 1905 3345 sermone
1934 3289 2243 3343 suaderent.

834 3385 896 3437 Et
951 3393 1123 3438 crctert
1170 3382 1424 3448 homines,
1475 3382 1528 3436 id
1564 3389 1668 3448 est,
1709 3382 1926 3452 pagani,
1958 3383 2048 3452 qui
2080 3396 2182 3434 non
2216 3389 2336 3434 sunt

759 3476 915 3530 occisi
943 3478 997 3531 in
1016 3477 1096 3530 Itis
1113 3474 1433 3547 plagis.H0c
1446 3482 1549 3541 est,
1576 3491 1680 3530 non
1713 3475 2056 3545 suntdeeepti
2086 3473 2153 3528 ab
2166 3474 2338 3530 luere-

2442 2009 2569 2077 quia
2597 2020 2698 2076 per
2740 2007 3056 2063 naturalem
3085 2008 3255 2080 legem
3285 2009 3434 2064 Deum
3476 2024 3557 2064 non
3584 2017 3769 2079 manu
3820 2002 3821 2025 ‘

2443 2101 2717 2172 peribunt.
2746 2099 2878 2157 Cum
2909 2101 3057 2156 enim
3085 2101 3377 2156 debuissent
3398 2101 3767 2155 considerandum

2444 2193 2596 2258 dere,
2629 2201 2690 2247 ut
2712 2191 3033 2248 Creatorem
3063 2192 3187 2248 ereti
3217 2201 3271 2249 et
3301 2203 3441 2247 terra:
3462 2192 3767 2248 etonsiuurerl

2444 2283 2692 2340 colerent
2722 2291 2777 2339 et
2807 2284 3126 2350 adorarent,
3164 2281 3768 2354 relinquentesCmm,»

2442 2384 2640 2447 perunt
2665 2376 2894 2430 adorare
2920 2388 3094 2447 opera
3135 2388 3381 2430 manuum
3408 2376 3769 2430 sumamus-
3820 2398 3821 2447 ι

2441 2467 2599 2539 pidea
2642 2476 2698 2522 et
2740 2450 2940 2536 lignea,
2996 2481 3121 2538 quae
3146 2481 3317 2536 neque
3358 2465 3769 2533 videupumsequ
3820 2454 3821 2485 ‘

2443 2557 2651 2621 audire,
2701 2556 2826 2628 quia
2857 2557 3088 2627 spiritus
3143 2570 3247 2612 non
3284 2565 3365 2613 est
3406 2558 3451 2611 in
3477 2552 3767 2617 eisﬁtmen

2444 2655 2573 2701 runt
2601 2646 2978 2717 paenitentiam
3010 2663 3042 2701 a
3073 2647 3188 2703 suis
3216 2646 3500 2709 homicidiis,
3527 2642 3646 2713 quitus
3665 2638 3766 2691 interi

2444 2741 2660 2797 ciebant
2706 2741 2926 2806 multos,
2972 2749 3032 2796 et
3076 2741 3380 2812 sanguinem
3417 2738 3585 2793 ﬁliorum
3614 2737 3764 2787 manu

2443 2832 2673 2886 filiarum
2690 2847 2927 2888 .snarum
2965 2832 3268 2889 fundebant
3295 2840 3346 2887 et
3378 2820 3762 2887 ederetisch

2442 2936 2619 2993 neque
2645 2939 2676 2978 a
2714 2923 3081 2979 fornicatione
3114 2941 3212 2981 sua
3243 2924 3441 2996 duplici,
3463 2928 3508 2976 ut
3527 2920 3575 2973 ab
3595 2912 3761 2970 inmiti

2443 3018 2625 3073 carnis
2657 3027 2955 3085 cessarent,
3001 3027 3099 3074 aut
3140 3021 3208 3075 ab
3243 3018 3522 3078 idololatria,
3547 3002 3761 3080 neqth

2442 3114 2575 3178 Suis,
2616 3115 2743 3183 quia
2774 3113 2879 3167 sibi
2916 3113 3156 3169 invicem
3208 3113 3527 3183 unusquisque
3559 3119 3635 3176 qua
3657 3106 3758 3171 P‘item

2442 3204 2742 3260 furabatnr.
2774 3206 2849 3260 De
2873 3220 3110 3277 quorum
3134 3206 3362 3278 profecto
3383 3194 3759 3260 conterminum

2364 3282 2411 3345 C
2441 3296 2654 3361 nitenti,
2683 3310 2825 3351 nunc
2851 3297 3037 3366 operis
3062 3277 3407 3352 intentionon
3423 3292 3526 3349 sinit
3543 3277 3757 3357 ιωρϋωῌ

2439 3393 2743 3464 praesertim
2775 3400 2898 3447 cum
2933 3402 2991 3447 et
3040 3394 3130 3449 hic
3173 3393 3306 3448 liber
3340 3392 3389 3446 in
3429 3390 3590 3458 longum
3615 3382 3758 3452 pro!!!“

2440 3486 2607 3542 debiti
2632 3487 2754 3541 ﬁnis
2772 3487 3068 3542 terminum
3095 3493 3379 3557 exspectet.

756 3613 3747 3659 _________________________________________...—

1965 3776 2258 3856 LIBER
2333 3768 2813 3857 TERTIUS.
2868 3842 2877 3845 _

2112 3921 2654 3949 ῌ--ι--ι-

1372 4003 1599 4062 CAPUT
1635 4004 1703 4060 Χ.

827 4103 897 4159 Et
944 4102 1048 4158 uidi
1100 4098 1265 4155 alium
1310 4097 1552 4171 angelum
1600 4098 1787 4169 fortem
1840 4097 2231 4152 descendentem
2265 4097 2330 4151 de

755 4196 904 4261 caelo,
952 4194 1200 4248 amictum
1232 4192 1385 4259 nube,
1432 4200 1483 4246 et
1514 4190 1611 4244 iris
1639 4191 1695 4244 in
1720 4190 1889 4260 capite
1923 4189 2057 4259 ejus.
2093 4188 2329 4258 Angelus
2357 4227 2369 4239 .

758 4289 1007 4345 Christus
1054 4294 1160 4352 est,
1202 4284 1423 4339 nuntius
1465 4289 1704 4352 paternae
1740 4280 2055 4335 voluntatis.
2102 4279 2170 4334 Et
2201 4279 2331 4348 quia

756 4392 971 4439 aeterna:
992 4379 1117 4433 vita:
1142 4390 1316 4432 novus
1337 4374 1556 4429 nuntius
1585 4371 1828 4436 advenit,
1868 4386 2005 4425 nova
2036 4369 2329 4438 nuntiavit,

756 4490 895 4531 nova
921 4470 1192 4543 promisit,
1221 4483 1360 4523 nova
1389 4464 1634 4539 fidelibus
1674 4463 1788 4519 suis
1818 4461 2063 4517 contulit.
2098 4460 2251 4517 Unde
2275 4468 2331 4516 et

2439 4006 2719 4063 descendit
2743 4004 2811 4061 de
2837 4003 3015 4061 ραιιοῖ
3040 4004 3123 4061 Ad
3151 4002 3291 4075 quod
3310 3996 3474 4074 procul
3494 3982 3763 4052 dubiodub-

2437 4099 2561 4170 quia
2594 4097 2871 4153 descensio
2894 4097 3043 4154 illius
3076 4099 3210 4155 nihil
3240 4098 3374 4154 aliud
3401 4096 3503 4161 fuit,
3523 4080 3765 4149 nisihumilihlll

2436 4193 2555 4264 ejus
2601 4194 2922 4248 incarnatio.
2966 4193 3122 4251 Nube
3169 4202 3342 4250 autem
3384 4191 3565 4247 amictus
3583 4177 3765 4253 nstruit"

2435 4289 2611 4361 gelus,
2648 4288 2773 4357 quia
2823 4288 3084 4343 nimirum
3125 4303 3287 4345 carne
3312 4287 3517 4349 indutus,
3545 4268 3766 4362 interluni!“s

2438 4383 2687 4454 apparuit
2734 4382 3012 4437 Dominus.
3051 4382 3129 4439 De
3166 4398 3270 4454 qua
3312 4360 3767 4454 prophetazls'mllti
3820 4360 3821 4415 ξ

2438 4449 2535 4527 nus
2595 4475 2839 4529 ascendet
2900 4490 3059 4544 super
3122 4449 3329 4528 nubem-
3360 4449 3510 4529 leuem,
3544 4472 3578 4518 ά
3611 4449 3767 4544 ψ’

755 4578 853 4637 per
878 4539 1196 4634 prophetam
1223 4559 1400 4629 magni
1426 4555 1641 4614 consilii
1667 4554 1886 4626 angelus
1911 4553 2129 4610 dicitur.
2160 4554 2323 4625 Hujus

2199 4554 2332 4625 lujus
2355 4556 2411 4617 D
2434 4563 2725 4634 ngyptttm
2772 4563 2908 4635 (ha.
2958 4539 3098 4635 arx).
3154 4564 3326 4634 Super
3348 4559 3518 4616 nubem

759 4654 1057 4711 sacerdotis
1112 4652 1356 4707 membra
1414 4660 1541 4704 sunt
1600 4647 1678 4703 illi
1742 4647 1939 4712 etiam,
2002 4647 2070 4702 de
2132 4647 2332 4717 quibus

755 4745 1017 4816 scriptum
1050 4750 1136 4798 est
1166 4759 1179 4795 :
1211 4739 1377 4794 Labia
1417 4738 1701 4793 sacerdotis
1739 4737 2037 4792 custodiunt
2058 4737 2333 4792 scientiam

758 4837 1012 4914 (Mulach.
1058 4833 1149 4905 ir).
1203 4832 1263 4887 In
1313 4847 1379 4888 eo
1422 4841 1606 4887 autem
1661 4830 1807 4901 quod
1860 4830 2027 4884 alium
2082 4829 2333 4901 angelum

756 4930 994 4986 Joannes
1022 4922 1226 4981 vidisse
1263 4939 1322 4980 se
1344 4923 1499 4989 dicit,
1532 4937 1641 4978 non
1673 4930 1761 4977 est
1784 4921 1865 4977 rei
1891 4921 2202 4988 diversitas,
2234 4923 2331 4977 sed

755 5023 889 5079 ordo
915 5020 1160 5086 visionis,
1203 5028 1259 5074 et
1283 5016 1616 5073 consuetudo
1642 5012 2120 5087 recapitulationis.
2150 5012 2331 5069 Alium

758 5116 903 5171 enim
952 5112 1200 5185 angelum
1242 5109 1395 5175 vidit,
1431 5108 1559 5179 quia
1604 5107 1764 5163 aliam
1804 5106 2065 5162 visionem
2094 5105 2195 5163 sub
2224 5105 2332 5161 alio

758 5206 1034 5262 intellectu
1062 5203 1422 5260 enarrandam
1470 5201 1741 5274 repetivit.
1783 5200 1963 5256 Fortis
1986 5210 2168 5255 autem
2193 5202 2330 5258 dici-

758 5310 864 5366 tur,
893 5300 1019 5371 quia
1059 5299 1127 5354 ad
1173 5297 1451 5365 bellandas
1494 5295 1644 5350 venit
1680 5309 1870 5350 aereas
1907 5303 2223 5364 potestates.
2253 5295 2332 5352 De

756 5405 862 5461 quo
925 5389 1211 5444 Psalmista
1255 5403 1323 5443 ex
1382 5400 1613 5457 persona
1664 5383 1981 5455 angelorum
2017 5384 2157 5457 (Lib.
2201 5387 2327 5457 nt):

759 5484 888 5550 Quis
908 5491 985 5537 est
1012 5483 1109 5560 iite
1137 5496 1229 5537 rex
1267 5479 1490 5551 glorias?
1525 5478 1593 5535 Et
1632 5477 1968 5547 respondens
1997 5495 2012 5532 :
2048 5477 2328 5546 Dominus,

755 5560 953 5644 inquit,
1006 5572 1156 5645 {ortis
1210 5580 1257 5626 et
1295 5580 1498 5642 potens,
1547 5568 1800 5624 Dominus
1840 5579 2020 5639 potem
2049 5570 2107 5625 in
2146 5569 2332 5641 prwlio

688 5722 695 5729 .
756 5668 930 5741 (Psal.
971 5667 1151 5739 xxnt).
1195 5665 1304 5724 Sed
1353 5681 1480 5723 cum
1523 5664 1782 5721 Dominus
1820 5664 2023 5733 ubique
2055 5664 2146 5727 sit,
2171 5664 2331 5735 juxta

759 5761 908 5825 illud,
964 5760 1162 5816 Catum
1202 5764 1252 5813 et
1302 5767 1494 5813 terram
1531 5773 1624 5829 ego
1663 5755 1853 5826 impleo
1883 5755 2016 5827 (Jer.
2056 5758 2238 5828 χχιιι),
2275 5763 2332 5815 et

748 5860 911 5907 extra
955 5851 1149 5908 omium
1204 5859 1261 5907 et
1308 5859 1509 5907 terram
1553 5864 1661 5906 non
1713 5848 1782 5906 sit
1831 5847 2000 5916 locus,
2055 5850 2328 5918 quomodo

2434 4630 2699 4721 ascendit,
2744 4630 2960 4724 quando
3009 4630 3250 4712 carnem
3277 4655 3389 4710 sine
3430 4641 3647 4722 gramm

2432 4746 2742 4818 assumpsit.
2762 4720 2969 4815 ’ϐψω
3002 4759 3139 4801 vero
3184 4744 3353 4818 angeli
3384 4720 3588 4797 divinitas

2432 4836 2554 4891 Filii
2587 4812 2705 4903 tier,
2726 4812 2890 4906 juxta
2914 4836 3044 4892 illud
3075 4854 3091 4893 :
3121 4812 3293 4909 Capu't
3312 4831 3491 4892 Christi
3519 4825 3631 4881 Deus.
3654 4812 3707 4871 ιτίε
3730 4818 3771 4909 ξ

2434 4938 2564 4994 tem,
2594 4894 2811 4984 sicutet
2836 4943 2997 4999 supra
3025 4894 3259 4984 diximus
3283 4926 3470 4988 Graece.
3492 4894 3771 4991 Μίκωᾷ

2432 5020 2594 5084 citur,
2630 5020 2757 5091 quia
2798 5018 3031 5076 diversis
3064 5019 3332 5076 coloribus
3359 5017 3407 5071 in
3444 5011 3557 5068 nube
3576 4999 3774 5091 ιιινακτξνῖ
3820 5058 3821 5083 ι

2430 5080 2609 5177 detur,
2638 5080 2693 5166 et
2718 5122 2803 5166 est
2832 5111 3046 5184 signum
3069 5108 3445 5183 propitiationis
3467 5121 3494 5158 a
3514 5103 3680 5184 ιεωιονξ

2430 5202 2665 5273 positum
2693 5202 2836 5258 inter
2865 5176 3035 5257 ﬁcum
3069 5176 3141 5259 et
3168 5176 3415 5258 homines.
3444 5194 3636 5258 Τιιιιαιυθ
3653 5179 3689 5232 ⁵⁸

2431 5261 2486 5347 in
2534 5290 2695 5358 coelo,
2742 5307 2868 5347 cum
2914 5293 3083 5350 radiis
3126 5293 3254 5349 solis
3299 5286 3535 5348 imbrifera
3566 5276 3678 5333 nubes

2432 5383 2721 5451 illustrata,
2764 5384 2893 5455 quia
2943 5385 3073 5440 dum
3120 5385 3336 5440 claritas
3378 5378 3497 5435 lucis
3516 5361 3731 5455 Wo“

2424 5478 2652 5549 iustitiae
2687 5446 2907 5535 carnem
2959 5480 3268 5551 assumpsit,
3322 5446 3778 5552 recontiliau°_b°,“f

2432 5533 2651 5629 mundo.
2672 5533 2882 5630 1...;5.
2906 5533 3576 5647 agitas}...th

2430 5626 3292 5736 enigmata:"signa;
3312 5626 3315 5627 ί
3339 5673 3426 5733 per
3457 5664 3567 5726 quos
3597 5626 3779 5736 ἀποβήίξίίξ

2431 5720 2824 5828 signiﬁcantur.
2849 5720 2906 5811 ι..
2923 5720 3041 5814 an;
3065 5720 3265 5814 scilicet
3278 5720 3519 5809 Idi-luvium
3542 5720 3780 5829 9W:

2432 5810 2603 5908 aliew
2646 5865 2776 5906 vero
2813 5852 2951 5918 ignis
2992 5853 3333 5914 subsequens.
3377 5841 3567 5900 Possum
3598 5833 3640 5882 ⁸⁸
3668 5818 3701 5873 in
3724 5810 3779 5860 “ﬂ
