3972 6432
137 433 283 496 1061

1065 419 1434 482 EXPOSITIO
1471 418 1537 474 iN
1575 402 2076 471 APOCALYPSIN.
2099 441 2138 453 -
2196 409 2324 466 LIB.
2363 407 2452 466 ill.

3279 407 3422 466 i002

137 541 407 622 mysteria
439 541 659 617 ﬁgurari
686 539 1048 613 baptismatis,
1075 553 1184 608 quo
1211 537 1550 608 baptizamur
1572 529 1726 600 aquis
1755 531 1807 592 Α
1832 521 2141 622 ξξξῖιιυιηξνν
2183 532 2330 580 reme
2350 523 2576 622 __Ped833
2609 522 2902 622 quia_"¢“0
2925 520 3012 622 ,δά
3046 537 3286 622 “Dotem
3324 525 3418 622 ῧξεί

141 642 205 698 in
239 635 502 694 memoria
554 632 827 706 passionis
858 630 983 687 Filii
1025 629 1141 696 Dei,
1189 629 1376 697 sicque
1405 624 1734 696 percipimus

143 730 378 804 gratiam
403 726 638 799 Spiritus
651 724 848 790 sancti,
873 725 939 780 de
957 739 1066 794 quo
1085 723 1347 778 Dominus
1367 721 1499 776 dicit
1517 715 1580 785 :.I
1583 731 1732 788 gnem

141 825 266 880 veni
279 823 480 877 mittere
493 821 547 875 in
561 831 753 875 terram
770 816 922 889 (Luc.
939 817 1060 890 xu).
1091 816 1150 871 iii
1166 816 1340 886 capite
1364 815 1545 882 itaque
1559 809 1733 881 angeli

145 915 250 972 iris
277 923 412 979 erat,
446 913 572 985 quia
600 910 653 967 in
685 905 954 984 potestate
979 907 1128 964 verbi
1153 906 1466 978 propitiatio
1493 903 1616 959 Filii
1641 902 1734 957 Dei

143 1009 456 1066 constabat.
501 1003 571 1060 Et
617 1004 778 1075 facies
827 1002 940 1073 ejus
989 1003 1125 1056 sicut
1178 998 1277 1054 sol.
1310 998 1447 1066 Quia
1502 998 1556 1052 in
1595 995 1736 1053 facie

145 1101 392 1174 cognitio
433 1106 520 1155 est
562 1097 817 1161 hominis,
853 1111 949 1168 per
987 1093 1182 1149 faciem
1213 1091 1390 1163 angeli
1433 1089 1737 1146 incarnatio

147 1183 274 1250 Filii
305 1193 400 1249 Dei
433 1189 767 1261 intelligitur,
791 1189 918 1257 quia
954 1187 1057 1242 nisi
1093 1183 1183 1240 ille
1221 1199 1442 1243 carnem
1485 1194 1735 1237 assume-

147 1300 256 1354 ret,
293 1302 452 1344 nemo
485 1271 765 1342 hominum
799 1281 949 1338 illum
979 1287 1355 1353 cognosceret.
1381 1277 1535 1333 Hanc
1563 1277 1739 1332 mani-

141 1377 350 1438 festam
383 1379 434 1433 in
480 1377 616 1433 facie
654 1375 1017 1448 cognitionem
1053 1366 1336 1428 Psalmista
1373 1369 1596 1442 optabat
1622 1368 1737 1422 tieri

143 1488 278 1528 cum
309 1471 522 1527 dicebat
553 1487 566 1524 :
599 1467 826 1524 Ostende
869 1467 1057 1538 [aciem
1105 1475 1250 1519 tuam
1287 1472 1333 1518 et
1379 1461 1508 1517 salui
1545 1462 1738 1516 erimus

145 1559 331 1634 (Psal.
367 1557 576 1631 LXXIX).
613 1557 727 1613 Non
767 1565 948 1611 autem
975 1564 1034 1610 ut
1069 1555 1147 1610 sol
1183 1553 1282 1610 iste
1315 1551 1545 1608 visibilis
1574 1551 1740 1608 facies

143 1653 360 1710 Christi
393 1651 580 1723 fulget,
608 1651 702 1706 sed
742 1641 912 1704 multo
942 1647 1196 1718 amplius,
1227 1643 1350 1717 quia
1382 1656 1436 1701 et
1461 1647 1527 1702 de
1553 1643 1740 1702 electis

143 1743 359 1798 dictum
384 1749 471 1796 est
499 1758 511 1792 :
545 1735 594 1791 F
597 1735 841 1804 algebunt
857 1735 994 1808 justi
1023 1735 1156 1790 sicut
1183 1733 1263 1788 sol
1293 1736 1528 1805 in'regno
1560 1731 1738 1789 Patris

142 1831 239 1888 sui
268 1823 486 1902 (Matth.
520 1827 660 1899 xm).
697 1825 763 1882 Et
793 1828 1008 1896 quidem
1035 1833 1196 1881 erunt
1230 1825 1384 1882 electi
1417 1827 1620 1882 similes
1645 1843 1740 1880 an-

141 1923 310 1998 gelis,
357 1937 465 1976 non
523 1930 702 1974 tamen
745 1917 818 1972 ita
867 1911 1092 1981 similes,
1143 1915 1287 1998 quod
1333 1915 1568 1986 mquales
1602 1912 1740 1971 Filio

141 1996 273 2069 Dei.
310 2010 444 2066 Nam
475 2019 530 2066 et
557 2011 611 2064 in
639 2017 822 2062 monte
852 2013 1033 2063 coram
1065 1996 1238 2062 tribus
1263 2004 1542 2076 discipulis
1565 2011 1740 2062 trans-

141 2105 442 2174 ﬁguratus,
487 2102 668 2156 futura
717 2101 955 2154 membra
1003 2115 1098 2154 sua
1121 2097 1234 2168 jam
1261 2097 1314 2153 in
1355 2100 1532 2168 seipso
1559 2108 1742 2154 osten-

141 2196 254 2252 dit.
286 2188 390 2250 Sed
443 2209 548 2248 non
591 2191 710 2247 sine
739 2206 900 2246 causa
931 2187 1179 2245 Christus
1221 2189 1322 2243 soli
1374 2197 1740 2258 comparatur.

143 2283 250 2342 Sni
273 2284 471 2356 quippe
496 2271 664 2338 habet
686 2290 866 2337 ortum
893 2290 948 2337 et
970 2297 1244 2336 occasum.
1276 2279 1428 2336 Unde
1451 2277 1737 2335 Salomon:

145 2375 344 2431 Oritur
369 2373 450 2430 sol
491 2383 538 2428 et
589 2371 795 2432 occidit.
841 2385 888 2426 et
933 2373 1002 2426 ad
1033 2371 1204 2426 locum
1251 2390 1404 2426 suum
1447 2374 1740 2439 revertitur,

141 2466 330 2538 ibique
376 2451 650 2519 renascéns
698 2471 850 2533 gymt
895 2477 986 2532 per
1017 2462 1312 2528 meridiem,
1344 2471 1392 2516 et
1417 2462 1648 2532 ﬂedifur
1674 2461 1744 2516 ad

144 2556 454 2628 aquilonem
502 2551 704 2625 (Eccle.
756 2553 820 2625 ι).
867 2552 960 2606 Sol
1007 2553 1152 2608 enim
1181 2560 1334 2606 oztus
1382 2555 1483 2614 est,
1528 2553 1742 2621 quando

143 2643 408 2702 Christus
437 2654 596 2699 natus
631 2651 736 2698 est.
765 2639 927 2696 Venit
971 2643 1040 2696 ad
1081 2657 1357 2707 occasum,
1399 2637 1616 2711 quando
1646 2655 1743 2712 pro

143 2733 316 2792 nobis
343 2744 586 2790 mortuus
611 2741 714 2797 est,
746 2734 930 2802 sicque
968 2730 1126 2787 rediit
1153 2728 1217 2786 ad
1244 2739 1445 2798 ortum,
1470 2735 1593 2803 quia
1626 2733 1744 2802 ejus

145 2825 469 2882 humanitas
497 2839 564 2878 ex
591 2823 841 2892 passione
870 2823 1081 2887 mortis,
1109 2823 1177 2877 ad
1219 2821 1445 2891 gloriam
1494 2837 1742 2878 resurre-

151 2915 360 2973 ctionis
391 2917 596 2970 redisse
617 2915 898 2986 probatur,
927 2915 1113 2984 ibique
1143 2925 1440 2970 renascens
1469 2923 1624 2987 gyrat
1648 2929 1745 2986 per

146 3007 464 3073 meridiem,
493 3007 620 3078 quia
664 3018 955 3076 resurgens
978 3019 1014 3078 a4
1038 3006 1289 3072 mortuis,
1325 3007 1508 3062 calore
1539 3007 1660 3062 lidei
1689 3007 1745 3062 et

147 3099 398 3171 Spiritus
449 3099 619 3154 sancti
651 3097 815 3152 corda
851 3095 1235 3166 discipuloruin
1280 3097 1586 3152 illustravit.
1615 3096 1744 3153 lure

147 3191 304 3246 enim
350 3187 424 3244 illi
469 3187 726 3242 meridies
756 3193 1044 3252 vocantur,
1077 3185 1129 3240 in
1159 3187 1355 3256 quibus
1396 3188 1477 3242 sol
1517 3187 1742 3258 justitiaa

1835 612 1956 670 illos
1979 614 2178 684 quibus
2219 615 2514 684 praedicant
2560 614 2887 680 accendunt,
2925 614 3062 670 bene
3094 615 3263 686 ignis;
3291 618 3418 688 quia

1835 712 1999 777 super
2043 705 2330 760 aedilicium
2393 705 2652 762 Ecclesia:
2698 714 3110 773 construuntur,
3153 716 3277 778 apte
3329 725 3422 764 co-

1834 797 2035 854 lumna:
2071 804 2356 858 vocantur.
2379 796 2514 865 Quia
2547 798 2693 852 enim
2715 797 2980 852 columnae
3015 806 3162 865 sunt,
3191 809 3424 854 testatur

1837 890 2040 947 Paulus
2061 905 2184 948 cum
2235 891 2367 946 dicit
2409 909 2421 943 :
2472 887 2664 945 Petrus
2707 899 2756 946 et
2791 890 3024 946 Iacobus
3075 902 3122 946 et
3165 890 3422 960 Joannes,

1835 987 1928 1059 qui
1958 985 2266 1042 ridebantur
2299 983 2557 1040 columna:
2589 1001 2716 1049 esse,
2748 987 2960 1041 dextras
2998 983 3126 1042 mihi
3169 989 3429 1043 dederunt

1839 1087 1886 1134 et
1913 1077 2176 1134 Barnaba:
2193 1075 2334 1149 (Gal.
2359 1077 2444 1146 ιι).
2470 1076 2610 1133 Hine
2629 1085 2684 1132 et
2701 1095 2799 1150 per
2821 1080 3161 1136 Psalmistam
3185 1081 3385 1137 dicitur
3409 1099 3422 1137 :

1840 1169 1954 1242 Ego
1986 1170 2295 1240 conﬁrmavi
2325 1169 2598 1225 columnas
2627 1169 2742 1240 ejus
2770 1168 2944 1241 (Psal.
2973 1173 3180 1245 Lxxtv).

1913 1259 1982 1316 Et
2007 1259 2228 1316 habebat
2257 1261 2312 1315 in
2333 1275 2494 1314 manu
2519 1277 2616 1316 sua
2644 1261 2836 1316 librum
2863 1269 3120 1334 tipertum.
3169 1264 3429 1337 Superius

1839 1350 2068 1423 legimus
2093 1349 2236 1421 quod
2260 1351 2455 1406 viderit
2474 1351 2669 1406 librum
2692 1352 2964 1424 signatum
2985 1355 3176 1426 sigillis
3197 1367 3426 1429 septem,

1840 1457 1938 1513 per
1989 1455 2150 1512 quem
2191 1439 2357 1498 Vetus
2386 1441 2789 1498 Testamentum
2835 1445 3166 1514 designatur,
3209 1449 3426 1520 plenum

1840 1529 2158 1585 multimoda
2187 1531 2538 1586 obscuritate.
2567 1531 2668 1586 Hic
2698 1541 2877 1589 autem
2897 1551 2994 1606 per
3019 1536 3254 1594 libellum
3279 1553 3431 1611 aper-

1843 1629 1957 1677 tum
1997 1623 2112 1694 jam
2161 1621 2370 1678 Novum
2419 1622 2820 1680 Testamentum
2875 1628 3238 1698 signiﬁcatur,
3287 1635 3433 1703 quod

1842 1721 2092 1784 apertum
2135 1724 2219 1770 est
2247 1715 2300 1769 in
2333 1729 2495 1770 manu
2533 1714 2661 1782 Dei,
2687 1717 2740 1772 id
2779 1722 2863 1773 est
2907 1723 3222 1791 operatione
3266 1725 3432 1795 ipsius

1843 1813 2165 1860 reseratum.
2211 1805 2403 1862 Manus
2431 1807 2574 1862 enim
2607 1807 2696 1862 illa
2725 1811 2968 1879 operatio
2991 1822 3074 1868 est
3107 1823 3308 1871 nostrae
3341 1833 3432 1873 sa-

1842 1895 1988 1951 lutis.
2031 1895 2100 1952 Et
2147 1899 2272 1968 quia
2305 1899 2356 1952 in
2399 1900 2644 1970 superoii
2690 1899 2830 1955 libro
2878 1911 3174 1960 noscuntur
3213 1907 3434 1966 latuisse

1842 2000 2072 2058 secreta,
2105 1999 2228 2062 apte
2254 2003 2403 2046 nunc
2427 1991 2480 2046 in
2510 1991 2688 2048 libello
2723 2003 2910 2062 aperto
2937 1993 3068 2050 Novi
3097 1995 3432 2056 Testamenti

1841 2081 2077 2136 revelata
2109 2081 2366 2136 claruisse
2413 2083 2747 2154 significatur
2778 2087 2986 2156 gratia,
3013 2087 3128 2158 ipse
3154 2091 3300 2145 enim
3343 2101 3436 2164 ap-

1841 2187 2041 2244 parens
2061 2173 2116 2228 in
2147 2189 2313 2230 carne
2331 2214 2346 2239 ,
2374 2189 2494 2244 qua:
2542 2175 2860 2247 intelligitur
2888 2192 2987 2248 per
3017 2179 3206 2236 faciem
3234 2183 3432 2254 angeli,

1842 2278 1905 2318 ea
1933 2277 2052 2334 quae
2090 2262 2330 2318 latebant
2360 2267 2650 2331 nascendo,
2683 2267 2979 2331 moriendo,
3013 2283 3044 2323 a
3073 2272 3302 2328 mortuis
3345 2289 3430 2328 re-

1842 2355 2133 2424 surgendo,
2167 2365 2222 2410 et
2240 2356 2307 2408 ad
2331 2355 2498 2411 caelos
2535 2359 2876 2414 ascendendo
2900 2363 3132 2430 aperuit.
3173 2361 3243 2418 Et
3262 2367 3436 2435 posuit

1841 2447 2024 2518 pedem
2071 2464 2225 2502 suum
2265 2449 2505 2503 dextrum
2547 2465 2705 2520 super
2741 2465 2920 2519 mare,
2957 2455 3227 2510 sinistrum
3259 2467 3434 2512 autem

1842 2553 2000 2608 super
2027 2550 2240 2594 terram.
2290 2540 2393 2595 Per
2437 2542 2684 2597 dextrum
2721 2546 2913 2614 pedem
2943 2546 3032 2600 illa
3063 2547 3437 2620 signiﬁcantur

1843 2631 2110 2696 membra,
2146 2647 2266 2702 qua:
2294 2633 2454 2688 nullis
2493 2635 2912 2694 adversitatibus
2957 2639 3297 2712 franguntur,
3332 2659 3434 2701 nec

1843 2721 1968 2776 ullis
2003 2725 2346 2780 successibus
2370 2725 2724 2793 extolluntur,
2751 2728 2804 2784 id
2833 2737 2916 2786 est
2941 2733 3191 2802 apostoli,
3224 2743 3432 2809 marty-

1845 2830 1934 2870 res
1975 2824 2030 2870 et
2058 2818 2260 2882 caeteri,
2291 2818 2379 2887 qui
2417 2827 2740 2888 potestatem
2771 2810 2973 2878 habent
2995 2824 3239 2880 calcandi
3269 2843 3435 2898 super

1843 2907 2344 2961 omneurvirtutem
2373 2909 2599 2964 inimici.
2632 2910 2790 2966 Tales
2811 2927 2974 2982 super
3002 2926 3178 2981 mare,
3202 2918 3306 2973 hoc
3327 2927 3433 2985 est,

1845 3011 2009 3071 super
2033 3001 2177 3056 hunc
2210 3002 2465 3057 mundum
2494 3005 2916 3071 constituuntur,
2939 3007 3065 3076 quia
3092 3023 3280 3065 omnes
3313 3027 3432 3067 ma-

1847 3090 2022 3146 iorum
2049 3093 2455 3162 persecutiones
2477 3093 2782 3165 perferunt,
2809 3101 2868 3152 et
2911 3110 3019 3153 non
3049 3100 3431 3158 succumbunt.

1845 3181 1950 3238 Per
1974 3183 2252 3238 sinistrum
2293 3193 2474 3240 autem
2502 3186 2694 3256 pedem
2723 3189 2814 3258 qui
2837 3203 2999 3260 supra
3046 3199 3251 3247 terram
3280 3195 3434 3264 poni-

147 3279 476 3352 ampliorem
517 3279 753 3352 Spiritus
789 3277 1025 3333 infundit
1046 3276 1304 3334 calorem.
1330 3277 1435 3334 Per
1457 3281 1741 3336 meridiem
1769 3268 1816 3342 (ζ
1848 3282 1956 3340 tur,
1988 3273 2358 3346 intelliguntur
2402 3277 2762 3347 confessores,
2793 3283 2938 3338 sicut
2965 3283 3258 3356 Remigius,
3289 3285 3426 3343 Ger-
3494 3337 3502 3340 .

149 3390 370 3446 quoque
400 3376 599 3446 gyrans
626 3373 692 3427 ad
729 3371 1037 3442 aquildnem
1069 3369 1324 3437 ﬂectitur,
1348 3371 1472 3444 quia
1505 3373 1570 3426 ad
1599 3373 1746 3428 colli-

151 3467 386 3540 gendam
458 3463 816 3536 gentilitatem
853 3504 868 3529 ,
927 3462 1293 3533 apostolorum
1359 3463 1744 3534 praedicatione

149 3551 491 3626 perducitur,
526 3553 579 3608 in
609 3568 716 3622 qua
743 3549 974 3624 frigidus
1003 3561 1196 3607 ventus
1219 3545 1309 3608 ille
1339 3553 1742 3621 dominabatur,

152 3641 250 3719 qui
291 3646 346 3702 in
397 3644 705 3715 superbiam
737 3644 930 3710 elatus,
959 3643 1166 3714 primus
1204 3643 1408 3700 dixisse
1434 3647 1696 3716 probatur
1724 3663 1740 3702 :

150 3730 360 3797 Ponant
389 3739 574 3792 sedem
609 3746 784 3790 meam
815 3735 882 3790 ad
914 3737 1242 3806 aquilonem.
1269 3735 1530 3808 thdque
1553 3738 1742 3794 subdi-

155 3830 270 3891 tur,
297 3825 559 3881 Lustrans
579 3825 760 3880 omnia
789 3824 964 3894 pergit
985 3825 1244 3894 Spiritus,
1261 3827 1328 3880 ad
1350 3827 1455 3882 hoc
1485 3829 1742 3896 pertinet,

156 3919 306 3989 quod
332 3925 476 3972 totus
491 3911 722 3970 mundus
740 3911 1126 3986 praedicatione
1147 3915 1338 3986 plenus
1357 3933 1478 3974 esse
1506 3918 1748 3974 ostendi-

161 4018 284 4074 tur;
311 4005 450 4062 unde
473 4014 559 4062 est
579 4003 724 4061 :Voa:
742 4005 958 4060 tonitrui
973 4005 1052 4060 tui
1071 4007 1124 4061 in
1142 4017 1272 4071 rota,
1289 4007 1575 4065 illuxerunt
1589 4027 1745 4066 coru-

158 4097 417 4153 scationes
446 4105 551 4150 tute
577 4095 689 4149 orlii
714 4104 868 4150 terrae
897 4091 1068 4168 (Paul.
1095 4097 1303 4170 LXXVI).
1327 4093 1394 4154 Et
1419 4100 1489 4154 ad
1511 4086 1748 4157 circulos

160 4200 290 4242 suos
320 4185 631 4250 revertitur,
684 4183 812 4254 quia
849 4192 972 4254 post
1001 4187 1456 4263 \aggregatiouem
1505 4191 1746 4262 gentium

153 4275 556 4334 illuminabitur
601 4275 764 4330 etiam
814 4274 1103 4332 multitudo
1149 4273 1479 4344 .ludamrum,
1520 4287 1576 4335 et
1621 4295 1745 4337 cum

155 4366 438 4442 plenitudo
487 4367 726 4440 gentium
783 4367 1099 4435 intraverit,
1159 4378 1288 4426 tunc
1347 4373 1524 4430 Omnis
1578 4371 1746 4432 Israel

157 4461 344 4516 Salvus
387 4459 511 4515 erit.
560 4458 792 4515 Possunt
839 4466 894 4515 et
923 4475 1022 4532 per
1065 4460 1259 4518 faciem
1297 4463 1472 4536 angeii
1502 4465 1746 4522 membra

157 4547 544 4622 Redemptoris
578 4549 830 4624 intelligi,
867 4567 974 4608 non
1001 4553 1180 4625 qualia
1215 4555 1364 4610 nunc
1399 4559 1604 4614 suntin
1632 4567 1744 4614 ter-

155 4645 266 4708 ris,
290 4643 384 4698 sed
411 4643 589 4714 qualia
616 4639 798 4700 futura
825 4656 952 4702 sunt
979 4647 1031 4701 iu
1060 4643 1230 4704 caelis.
1267 4639 1420 4705 Unde
1440 4661 1524 4706 est
1557 4671 1568 4706 :
1595 4649 1747 4708 Tunc
1770 4641 1827 4704 D

151 4732 295 4810 justi
325 4735 606 4806 fulgebunt
633 4735 770 4790 sicut
793 4736 894 4792 sol.
935 4737 1071 4804 Quia
1102 4737 1246 4794 enim
1276 4735 1538 4796 Dominus
1563 4750 1620 4797 et
1639 4743 1744 4800 Ec-

157 4829 332 4888 clesia
359 4841 464 4882 una
495 4839 728 4897 persona
776 4835 877 4894 est,
917 4842 1024 4884 non
1073 4830 1522 4889 inconvenienter
1545 4833 1662 4905 ipSa
1693 4834 1746 4890 in

157 4922 307 4981 facie
345 4919 520 4992 angeli
551 4927 609 4975 ut
635 4919 714 4976 soi
759 4919 943 4977 lucere
986 4923 1321 4992 perhibetur.
1349 4923 1418 4980 Et
1449 4927 1604 4997 pedes
1631 4927 1748 4998 ejus

155 5023 415 5086 tanquam
441 5013 700 5070 columnte
744 5013 900 5084 ignis.
953 5011 1060 5070 Per
1083 5017 1250 5085 pedes
1279 5019 1453 5090 angeli
1486 5021 1750 5090 praedica-

161 5119 316 5162 tores
348 5105 740 5177 intelliguntur,
785 5105 841 5160 in
882 5107 1080 5176 quibus
1120 5123 1218 5178 per
1266 5118 1439 5166 totum
1488 5113 1748 5170 mundum

159 5199 454 5256 incantata
495 5199 590 5256 Del
622 5199 882 5272 sapientia
913 5201 1230 5258 ambulavit.
1269 5203 1344 5259 De
1377 5205 1573 5274 quibus
1614 5207 1752 5265 dici-

161 5300 304 5350 tur:
336 5291 413 5347 illi
461 5299 642 5346 autem
689 5291 916 5362 profecti
953 5293 1386 5364 praedicaverunt
1420 5295 1638 5367 ubique.
1675 5301 1752 5356 De

163 5382 368 5454 quibus
393 5391 449 5438 ct
473 5383 670 5438 dicitur
703 5401 717 5436 :
745 5383 918 5450 Quam
943 5388 1161 5457 speciosi
1203 5389 1357 5459 pedes
1390 5391 1756 5462 euangelizan-

165 5475 304 5529 tium
345 5487 526 5544 pacem
556 5472 729 5545 (llam.
771 5473 848 5546 x).
889 5473 990 5542 Qui
1026 5479 1164 5535 bene
1198 5481 1362 5536 etiam
1402 5481 1666 5540 columna:
1697 5491 1754 5541 et

169 5565 286 5637 igni
311 5573 718 5635 comparantur,
752 5563 878 5634 quia
903 5575 958 5620 et
983 5581 1135 5625 more
1163 5571 1536 5629 columnarum
1567 5590 1756 5647 snper-

172 5655 488 5726 impositum
523 5653 778 5710 Ecclesia:
823 5653 1112 5715 aedilicium
1159 5675 1398 5733 portant,
1450 5675 1504 5721 et
1548 5667 1754 5739 Spiritu

173 5754 365 5802 sancto
412 5743 647 5810 accensi,
699 5742 864 5800 corda
907 5745 1214 5805 auditorum
1260 5755 1328 5809 ad
1369 5771 1610 5812 amorem
1659 5757 1755 5812 Dei

169 5835 518 5894 praedicando
541 5834 892 5892 inﬂammant.
915 5836 1052 5900 Ouia
1075 5855 1204 5903 ergo
1231 5845 1298 5900 ad
1319 5847 1755 5906 praedicationem

1845 3379 2062 3436 manus,
2109 3365 2372 3426 Martinus
2416 3379 2472 3426 et
2499 3374 2702 3440 caeteri,
2759 3375 2850 3446 qui
2898 3377 3049 3448 pacis
3077 3387 3323 3450 tempore
3353 3384 3434 3438 vi-

1845 3469 2062 3528 xerunt,
2094 3475 2195 3517 nec
2237 3459 2511 3534 publicum
2550 3465 2890 3535 pertulerunt
2930 3478 3273 3542 martyrium,
3306 3473 3432 3544 quia

1847 3565 2010 3625 super
2027 3563 2255 3623 terram,
2283 3557 2388 3613 hoc
2413 3565 2518 3623 est,
2549 3559 2876 3617 soliditatem
2920 3563 3046 3620 fidei
3073 3574 3200 3622 sunt
3250 3565 3433 3625 locati.

1846 3647 1991 3703 Deus
2017 3647 2162 3704 enim
2194 3649 2594 3707 vicissitudines
2625 3659 2926 3724 temporum
2955 3655 3220 3728 disposuit
3246 3657 3300 3715 in
3328 3659 3435 3715 Ec—

1848 3738 2036 3804 clesia,
2065 3741 2306 3796 membra
2356 3739 2576 3797 fortiora
2604 3745 2813 3800 scilicet
2863 3760 3026 3818 super
3077 3745 3274 3806 ductus
3319 3765 3439 3806 ma-

1848 3827 1944 3883 ris.
1993 3825 2294 3885 lnﬂrmiora
2339 3847 2470 3888 vero
2514 3841 2676 3904 super
2723 3835 3050 3894 soliditatem
3107 3847 3266 3897 terra;
3309 3855 3440 3898 con-

1849 3919 2098 3975 stituens.
2145 3919 2239 3976 Sic
2285 3931 2340 3976 et
2389 3921 2550 3992 hujus
2599 3925 2782 3980 saeculi
2829 3927 3124 3999 principes,
3175 3931 3264 3986 ubi
3319 3931 3433 3988 for-

1851 4011 1960 4066 tior
2012 4019 2096 4068 est
2142 4011 2386 4084 impetus
2431 4007 2596 4082 belli,
2625 4008 2956 4076 fortissimos
2989 4014 3190 4076 milites
3231 4037 3440 4096 praepa-

1852 4111 1994 4158 rant.

1920 4201 1990 4258 Et
2029 4202 2273 4260 clamauit
2315 4223 2436 4261 uoce
2465 4221 2657 4278 magna
2709 4209 3150 4280 Quemadmodum
3188 4229 3310 4270 cum
3352 4214 3434 4272 leo

1849 4299 2008 4370 rugit.
2036 4295 2146 4354 Leo
2175 4315 2296 4354 cum
2325 4301 2494 4373 rugit,
2524 4315 2713 4359 omnes
2740 4305 2926 4363 bestia:
2957 4307 3166 4365 timent.
3211 4309 3282 4367 Et
3323 4311 3443 4384 ipse

1850 4389 1904 4444 in
1957 4407 2054 4447 sua
2105 4390 2420 4450 fortitudine
2471 4395 2797 4453 ostenditur.
2855 4395 3123 4456 Clamavit
3167 4401 3439 4476 Christus,

1848 4483 1936 4542 lco
1957 4486 2254 4558 appellatus
2277 4493 2498 4559 propter
2521 4487 2918 4560 fortitudinem,
2947 4493 3062 4550 sive
3081 4510 3180 4566 per
3203 4513 3262 4552 se
3279 4539 3294 4565 ,
3329 4500 3444 4556 sive

1851 4595 1948 4651 per
1982 4595 2110 4636 suos
2132 4581 2534 4652 praedicatores,
2567 4599 2692 4640 cum
2721 4585 2857 4641 dixit
2888 4605 2901 4641 :
2935 4582 3120 4646 Omnis
3142 4592 3302 4648 arbor
3319 4611 3437 4664 qua

1851 4684 1954 4722 non
1981 4667 2108 4739 facit
2133 4669 2364 4738 fructum
2411 4672 2600 4727 bonum
2650 4673 2919 4730 excidetur
2946 4689 2993 4732 et
3021 4681 3075 4733 in
3113 4683 3286 4752 ignem
3331 4685 3442 4740 mit-

1851 4769 1989 4814 tetur
2036 4755 2248 4834 (Matth.
2301 4763 2406 4833 ιιι).
2458 4761 2524 4819 Et
2564 4766 2758 4821 iterum
2805 4785 2819 4821 :
2871 4763 3240 4829 Pwnitentiam
3285 4779 3442 4848 agite,

1859 4851 2288 4921 appropinquavit
2315 4853 2451 4907 enim
2483 4869 2698 4925 regnum
2730 4857 2975 4913 caelorum
3006 4859 3221 4933 (Matth.
3250 4867 3349 4937 ιν).
3378 4867 3448 4925 Et

1853 4939 1959 4996 hac
1987 4956 2082 4996 sua
2113 4957 2245 4998 voce
2271 4941 2641 5003 fortitudinem
2669 4964 2822 5004 suam
2861 4951 3284 5026 demonstravit,
3313 4960 3441 5017 dum

1853 5030 2053 5088 multos
2075 5031 2178 5088 sibi
2205 5033 2454 5106 subjecit,
2471 5036 2673 5098 bestias
2692 5055 2927 5112 quoque,
2943 5039 2995 5098 id
3017 5057 3102 5100 est
3120 5045 3373 5107 bcstiaies
3392 5060 3449 5110 et

1855 5121 2068 5178 feroces
2092 5123 2342 5182 homines
2371 5126 2564 5186 timore
2588 5134 2880 5188 concussit.
2927 5133 3080 5203 Quod
3116 5148 3295 5196 autem
3318 5142 3450 5200 fecit

1856 5214 2126 5282 Christus,
2149 5215 2394 5274 fecerunt
2419 5229 2475 5276 et
2503 5221 2620 5291 ejus
2646 5226 2898 5296 apostoli,
2923 5239 3123 5286 aeterna
3177 5242 3444 5292 tormenta

1857 5305 2202 5375 praedicando
2226 5311 2626 5380 peccatoribus,
2659 5327 2714 5369 et
2749 5313 2957 5373 feroces
2987 5319 3233 5380 homines
3262 5327 3331 5381 ad
3377 5325 3443 5382 ﬁ-

1858 5391 1979 5450 dem
2009 5397 2154 5454 illius
2179 5415 2276 5455 sua
2303 5399 2547 5458 doctrina
2575 5409 2960 5465 convertendo.
2991 5409 3197 5470 Etcum
3223 5415 3452 5475 clamas-

1859 5497 1958 5553 set,
1991 5488 2166 5544 locuta
2195 5501 2315 5546 sunt
2342 5502 2533 5562 septem
2560 5495 2795 5550 tonitrua
2833 5515 2980 5556 voces
3006 5519 3152 5558 suas.
3187 5505 3327 5574 Quid
3350 5523 3452 5579 per

1861 5586 2071 5648 septem
2123 5581 2378 5648 tonitrua,
2433 5581 2536 5639 nisi
2587 5585 2909 5644 universalis
2934 5591 3174 5650 Ecclesia
3223 5596 3278 5650 in
3338 5599 3452 5656 suis

1859 5669 2304 5760 praedicatoribus
2330 5673 2646 5746 intelligitur
2657 5681 2954 5750 septiformi
2984 5684 3187 5755 Spiritu
3209 5688 3454 5760 repleta?

1865 5759 2016 5854 Unde
2063 5772 2117 5818 et
2157 5764 2296 5822 bene
2332 5767 2586 5823 clamavit
2615 5769 2697 5825 leo
2727 5773 2906 5842 prius,
2937 5792 3002 5832 ac
3030 5787 3216 5848 postea
3243 5759 3451 5854 septem

1865 5852 2098 5909 tonitrua
2131 5865 2258 5914 sunt
2279 5857 2482 5923 locuta,
2505 5860 2632 5922 quia
2671 5863 2919 5923 videlicet
2948 5869 3097 5924 prius
3141 5852 3454 5933 unedicavit
