3990 6332
1438 261 1693 287 *ιι-νη

539 358 680 419 1063

1036 358 1391 416 ΠΑΥΜΟΝΙΞ
1431 353 1906 412 llALBERSTAT.
1941 353 2157 410 EPISC.
2194 353 2346 412 OPP.
2389 354 2570 411 PARS
2605 355 3099 413 I.—COMMENT.
3133 355 3307 414 BIBL.

3687 355 3840 452 ωε*ιο

534 472 806 543 Christus,
831 475 1023 534 deinde
1049 474 1289 545 Apostoli
1309 481 1365 529 et
1392 471 1574 528 czeteri
1616 472 1866 526 doctores
1892 470 1958 525 ad
1998 471 2115 540 ejus
2141 471 2194 533 Α
2217 485 2310 538 per
2337 470 2521 525 caelum
2550 488 2712 542 neque
2731 489 2823 542 per
2857 481 3073 537 terram,
3105 473 3196 526 sed
3234 473 3303 527 sit
3331 489 3504 530 sermo
3530 483 3731 543 vester,
3755 469 3836 534 es?

533 582 724 625 vocem
744 565 992 638 profecti,
1039 565 1466 636 praedicaverunt
1495 564 1713 632 ubique.
1763 561 1906 616 Bene
1935 571 2118 617 autem

533 668 739 730 septem
769 659 1002 714 tonitrua
1028 671 1189 711 voces
1221 671 1348 710 suas
1395 655 1538 725 loqui
1575 654 1961 725 perhibentur,
1991 652 2116 724 quia

532 758 721 807 sancta
752 747 1066 820 praedicatio
1093 763 1199 802 non
1247 744 1554 802 Iudaeorum
1598 746 1827 808 fabulas,
1861 761 1966 799 non
1993 744 2114 814 phi-

531 843 882 913 losophorum
930 841 1168 906 naenias,
1195 854 1301 895 non
1340 839 1721 894 haereticorum
1763 837 2031 893 versutias
2060 837 2114 890 in

531 937 645 993 suis
663 934 1002 1004 dogmatibus
1025 933 1254 1002 recepit,
1278 933 1370 988 sed
1398 931 1631 1001 propriis
1653 929 1901 985 sensibus
1922 919 1987 982 'ut
2029 934 2116 982 est

529 1026 695 1091 edita,
725 1025 1222 1096 semetipsam'jam
1266 1023 1318 1078 in
1372 1021 1680 1076 auditorum
1729 1019 1981 1074 cordibus
2017 1033 2115 1089 per

529 1125 748 1174 sanctos
788 1116 1169 1187 praedicatores
1195 1112 1424 1168 dill'udit.
1480 1111 1718 1167 Possunt
1755 1119 1937 1165 autem
1971 1119 2026 1164 et
2053 1110 2109 1164 in

527 1218 732 1281 septem
765 1207 1017 1264 tonitruis
1047 1205 1352 1277 specialiter
1387 1203 1615 1275 apostoli
1654 1203 1827 1257 sancti
1858 1201 2108 1273 intelligi,

527 1300 619 1372 qui
655 1300 710 1354 in
743 1307 861 1354 rota
901 1296 1062 1367 hujus
1100 1296 1283 1352 saeculi
1312 1303 1531 1361 tonant,
1564 1294 1690 1364 quia
1742 1292 1851 1347 alta
1895 1300 1949 1346 et
1978 1308 2106 1362 pro-

526 1391 691 1446 funda
728 1398 783 1445 et
809 1390 1041 1446 obscura
1091 1396 1148 1443 et
1191 1386 1452 1441 terribilia
1498 1386 1810 1456 loquuntur.
1854 1383 2005 1438 Unde
2052 1389 2108 1437 et

525 1497 714 1538 eorum
749 1495 1007 1536 numerus
1054 1494 1122 1535 ex
1167 1478 1410 1548 partibus
1459 1476 1747 1547 septenarii
1799 1475 2104 1540 conﬁcitur,

528 1573 582 1630 id
604 1582 708 1640 est,
744 1589 810 1629 ex
843 1573 960 1644 pari
983 1571 1330 1643 quaternario
1358 1578 1415 1625 et
1445 1571 1633 1641 impari
1669 1568 1928 1624 ternario.
1980 1568 2107 1623 Sive

525 1664 669 1721 enim
703 1665 804 1719 tria
830 1678 925 1736 per
950 1671 1183 1734 quatuor
1204 1702 1218 1727 ,
1251 1661 1366 1716 sive
1403 1670 1632 1730 quatuor
1659 1675 1754 1730 per
1779 1659 1882 1714 tria
1905 1659 2108 1713 ducan-

525 1764 634 1824 tur,
680 1757 748 1812 ad
797 1754 1185 1812 duodenarium
1233 1767 1518 1807 numerum
1563 1751 1874 1820 pervenitur
1907 1789 1922 1815 ,
1976 1749 2104 1819 quia

2220 569 2318 625 est,
2359 575 2642 615 nonnon:
2684 563 2823 633 quod
2865 563 3005 617 enim
3046 564 3272 635 amplius
3320 577 3434 632 est,
3476 586 3508 622 a
3557 569 3713 624 malo
3755 579 3828 626 es.‘

2221 652 2438 724 (Matth.
2479 662 2554 725 v).
2599 654 2741 720 Quid
2776 664 2862 709 est
2886 656 3028 724 quod
3081 656 3197 726 ipse
3245 672 3466 713 manum
3512 660 3589 714 ad
3629 662 3823 717 ecelun-

2218 742 2402 799 levans
2427 786 2442 809 ,
2476 744 2625 813 jurat
2665 761 2764 816 per
2811 746 3084 802 viventem
3117 747 3170 801 in
3217 749 3413 805 sarcula
3455 752 3826 811 saeculorum?

2218 834 2324 890 Sed
2351 837 2629 892 sciendum
2678 838 2806 908 quia
2847 838 3098 894 homines
3128 847 3275 896 recte
3292 841 3482 912 jurare
3521 845 3826 914 prohiben-

2219 936 2330 993 tur,
2358 929 2483 998 quia
2504 941 2646 1000 stepe
2667 930 2718 983 in
2740 929 3054 998 juramento
3087 930 3504 989 falluntur-mon
3540 936 3702 991 enim
3726 938 3818 992 lio-

2214 1020 2386 1074 mines
2413 1035 2443 1074 a
2463 1019 2774 1088 juramento
2797 1021 2939 1078 Deus
2965 1022 3322 1089 cohibuisset,
3350 1026 3395 1081 si
3423 1026 3478 1081 in
3523 1043 3602 1083 eo
3631 1043 3819 1098 pecca-

2215 1120 2330 1166 tum
2358 1111 2548 1168 deesse
2577 1113 2941 1183 cognovisset.
2989 1114 3133 1171 Deus
3176 1115 3362 1187 itaque
3393 1117 3602 1188 jurare
3627 1131 3818 1192 potest,

2212 1204 2303 1273 qui
2347 1218 2453 1257 non
2515 1204 2777 1259 mentitur
2820 1204 3133 1274 aliquando.
3190 1205 3584 1265 Juramentum
3645 1221 3816 1267 autem

2211 1296 2329 1367 ejus
2353 1306 2437 1350 est
2461 1297 2638 1351 omnis
2667 1311 2849 1351 sermo
2877 1296 3020 1352 illius
3045 1337 3060 1361 ,
3089 1297 3218 1368 quia
3243 1299 3506 1371 quidquid
3555 1301 3814 1374 loquitur,

2212 1387 2418 1458 absque
2471 1387 2576 1442 ulia
2632 1387 2988 1458 ambiguitate
3047 1389 3366 1459 completur.
3441 1392 3560 1448 Per
3607 1411 3811 1451 manum

2210 1487 2390 1532 autem
2418 1477 2614 1548 angeli,
2651 1486 2710 1532 ut
2735 1493 2896 1548 supra
2919 1479 3187 1546 diximus,
3218 1481 3546 1555 intelligitur
3572 1489 3808 1558 operatio

2208 1569 2330 1625 Filii
2345 1567 2464 1634 Dei,
2490 1578 2545 1624 et
2567 1569 2899 1640 dispensatio
2921 1571 3171 1626 humana:
3201 1573 3625 1646 redemptionis.
3657 1578 3803 1636 Leva-

2207 1662 2287 1716 vit
2311 1661 2494 1732 itaque
2538 1661 2761 1733 angelus
2789 1677 3008 1717 manum
3039 1663 3095 1717 in
3130 1665 3350 1729 caelum,
3382 1671 3615 1738 quando
3645 1670 3800 1726 Filius

2211 1754 2308 1810 Dei
2339 1769 2560 1810 carnem
2589 1769 2754 1825 quam
2779 1770 2879 1826 pro
2899 1756 3054 1811 nobis
3084 1759 3402 1829 assumpsit,
3433 1761 3505 1815 ad
3529 1763 3802 1819 dexteram

524 1848 773 1905 videlicet
808 1862 906 1919 per
925 1847 1072 1918 ipsos
1112 1844 1398 1900 duodecim
1445 1843 1717 1913 apostolos
1749 1841 1881 1897 ludes
1907 1849 2100 1896 sancta

2215 1845 2392 1901 Patris
2415 1845 2664 1902 elevavit.
2691 1845 2828 1901 Hinc
2853 1847 3114 1917 scriptum
3139 1858 3225 1905 est
3251 1826 3510 1907 :‘Levabo
3541 1854 3601 1908 in
3623 1856 3801 1910 caelum

523 1941 806 2002 Trinitatis
841 1940 1075 1997 intonuit
1120 1953 1218 2010 per
1262 1936 1716 2008 quadripartitum
1756 1934 1942 1988 orbem
1965 1973 1980 1998 ,
2020 1931 2115 2004 qui
2216 1953 2435 1994 manum
2463 1953 2662 2003 meam,
2693 1945 2748 1992 et
2768 1937 2966 2006 jurabo
3001 1952 3100 2007 per
3129 1938 3414 1997 dexteram
3443 1958 3654 2010 meam,
3684 1945 3802 2001 acsi

522 2036 673 2093 missi
701 2042 827 2091 sunt
875 2032 1176 2105 przedicare
1221 2029 1322 2085 tria
1373 2043 1582 2085 summa
1618 2043 1716 2098 per
1753 2033 1988 2096 quatuor
2031 2025 2115 2080 in-
2215 2030 2454 2085 diceret:
2490 2028 2838 2098 Assumptam
2867 2041 2897 2082 a
2927 2031 3094 2084 verbo
3119 2043 3342 2085 carnem
3386 2032 3458 2086 ad
3497 2033 3671 2091 caelos
3698 2035 3801 2091 ele-

524 2129 668 2184 ﬁma.

605 2220 677 2276 Et
709 2236 827 2276 cum
864 2218 1041 2274 locuta
1060 2218 1277 2289 fuissent
1296 2226 1488 2287 septem
1518 2214 1751 2270 tonitrua
1783 2229 1931 2268 uoces
1960 2229 2108 2278 suas,

522 2313 810 2382 scripturus
837 2328 1000 2367 eram.
1045 2309 1115 2364 Et
1152 2309 1330 2364 audivi
1367 2324 1539 2364 vocem
1575 2307 1640 2362 de
1680 2305 1807 2361 calo
1852 2306 2111 2360 dicentem

523 2403 652 2458 mihi
678 2422 696 2460 :
724 2402 889 2474 Signa
912 2418 1028 2473 qua
1052 2401 1225 2455 locuta
1263 2410 1383 2455 sunt
1410 2409 1601 2470 septem
1625 2399 1855 2452 tonitrua
1878 2437 1894 2464 ,
1930 2406 1978 2451 et
1999 2395 2109 2450 noli

521 2510 580 2547 ea
623 2494 866 2548 scribere.
922 2493 1058 2559 Quia
1104 2491 1349 2546 audierat
1377 2489 1617 2544 Joannes
1645 2487 1924 2558 superius:
1953 2485 2109 2554 Quod

521 2585 665 2640 vides
689 2585 866 2640 scribe
901 2585 955 2639 in
981 2583 1140 2648 libro,
1163 2582 1334 2636 voluit
1361 2583 1525 2636 etiam
1554 2597 1618 2636 ea
1660 2595 1780 2649 quae
1823 2579 2030 2634 audivit
2074 2592 2107 2633 a

521 2685 723 2745 septem
767 2675 1018 2731 tonitruis
1041 2676 1312 2739 scribere,
1351 2674 1444 2729 sed
1479 2673 1683 2728 dictum
1721 2681 1804 2728 est
1829 2673 1902 2738 ei,
1926 2673 2100 2745 signa,

427 2755 430 2758 ’
521 2773 682 2823 idest
727 2766 901 2838 sigilla
946 2781 1066 2837 quas
1106 2765 1283 2820 locuta
1337 2774 1464 2819 sunt
1491 2774 1695 2835 septem
1746 2765 2007 2830 tonitrua,
2049 2772 2106 2819 et

411 2863 422 2868 ”
521 2859 624 2915 noli
651 2874 714 2913 ea
735 2857 995 2914 scribere.
1033 2856 1132 2913 Ubi
1166 2855 1360 2911 merito
1384 2857 1663 2926 quaeritur,
1696 2871 1866 2926 quare
1887 2855 1972 2910 -illi
1999 2856 2105 2912 hoc

520 2950 747 3014 dicatur,
777 2963 900 3005 cunt
949 2947 1002 3002 in
1028 2946 1235 3004 Joanne
1256 2962 1446 3003 omnes
1490 2947 1742 3003 doctores
1778 2946 2100 3017 ﬁgurentur,

519 3041 606 3112 qui
637 3041 821 3110 utique
843 3055 948 3094 non
974 3039 1172 3095 debent
1190 3038 1371 3093 divina
1400 3037 1612 3107 eloquia
1633 3036 1888 3106 sigillare,
1915 3044 1974 3090 ut
1993 3051 2102 3090 non

519 3132 583 3186 ad
624 3131 854 3186 aliorum
883 3129 1300 3184 manifestentur
1325 3128 1636 3183 utilitatem.
1681 3126 1880 3183 Verum
1912 3128 2098 3183 dicen-

518 3226 641 3280 dum
687 3234 789 3285 est,
819 3223 945 3294 quia
988 3223 1133 3293 quod
1163 3237 1262 3277 nos
1311 3222 1412 3277 sub
1467 3221 1642 3293 sigillo
1668 3220 1963 3292 signemus,
1990 3236 2099 3276 non

517 3313 764 3370 omnibus
789 3323 977 3368 notum
1000 3326 1123 3368 esse
1151 3311 1418 3376 volumus,
1449 3310 1542 3366 sed
1567 3308 1902 3365 solummodo
1941 3308 2100 3364 fami-

517 3405 756 3469 liaribus,
785 3413 843 3459 et
874 3404 1069 3475 quibus
1107 3404 1332 3458 credere
1363 3417 1464 3459 nos
1485 3417 1584 3473 pro
1614 3411 1766 3458 certo
1804 3418 1965 3473 posse
1996 3402 2098 3458 scio

2213 2120 2374 2184 vabo,
2405 2127 2459 2174 et
2485 2134 2578 2188 per
2597 2127 2884 2189 utramque
2913 2125 3165 2172 naturam
3199 2120 3414 2177 scilicet
3440 2123 3603 2178 Verbi
3630 2135 3685 2180 et
3719 2125 3804 2180 bo-

2212 2210 2411 2277 minis,
2457 2224 2686 2281 qumque
2733 2209 2912 2264 futura
2962 2219 3089 2265 sunt
3133 2211 3418 2269 roborabo.
3463 2213 3675 2271 Iuravit
3709 2231 3806 2288 per

2210 2304 2480 2359 viventem
2506 2303 2559 2358 in
2592 2303 2788 2360 sarcula
2815 2303 3160 2368 saeculorum,
3190 2305 3244 2360 id
3263 2313 3345 2360 est
3365 2320 3460 2375 per
3488 2307 3658 2360 Deum
3685 2306 3798 2360 Pa-

2213 2404 2348 2450 trem
2369 2436 2384 2462 ,
2415 2395 2630 2466 quando
2678 2410 2737 2451 se
2761 2404 2818 2451 et
2853 2395 3070 2451 Patrem
3100 2411 3267 2450 unum
3310 2396 3535 2450 ostendit
3559 2437 3576 2461 ,
3602 2397 3794 2452 dicens

2210 2484 2396 2557 (Joan.
2431 2485 2545 2559 le)
2590 2505 2602 2540 :
2647 2485 2759 2556 Ego
2789 2486 2843 2540 in
2891 2484 3053 2540 Patre
3102 2497 3149 2540 et
3181 2483 3341 2541 Pater
3376 2487 3430 2539 in
3471 2503 3554 2541 me
3597 2498 3693 2540 est.
3725 2487 3793 2544 Et

2207 2580 2424 2649 quando
2458 2581 2624 2634 etiam
2670 2580 2852 2634 omnia
2879 2595 2974 2634 sua
3023 2594 3190 2650 opera
3244 2580 3310 2634 ad
3367 2579 3535 2634 Deum
3585 2580 3796 2646 retulit,

2206 2671 2392 2727 dicens
2421 2690 2435 2726 :
2471 2669 2657 2736 Pater,
2704 2673 2761 2725 in
2793 2688 2874 2725 me
2907 2687 3124 2726 manens
3146 2712 3162 2736 ,
3202 2673 3311 2742 ipse
3343 2671 3473 2741 facit
3521 2689 3701 2743 opera.
3731 2671 3805 2729 De

2205 2780 2312 2835 quo
2340 2765 2503 2820 etiam
2531 2765 2781 2820 subditur
2809 2782 2821 2817 :
2863 2761 2966 2830 Qui
3006 2764 3194 2818 creavit
3222 2763 3410 2818 calum
3438 2775 3487 2818 et
3525 2781 3587 2818 ea
3611 2781 3725 2836 qua
3749 2765 3802 2818 in

2203 2873 2264 2912 eo
2286 2867 2430 2921 sunt,
2457 2857 2509 2912 id
2539 2865 2642 2922 est,
2669 2854 2840 2911 solem
2869 2864 2924 2911 et
2947 2855 3131 2910 lunam
3167 2863 3223 2910 et
3253 2865 3454 2910 caetera
3498 2856 3703 2910 sidera.
3732 2853 3800 2909 Et

2203 2960 2398 3006 terram
2417 2960 2466 3005 et
2493 2968 2553 3006 ea
2576 2965 2692 3021 quia
2719 2950 2773 3002 in
2795 2965 2857 3003 ea
2885 2958 3027 3014 sunt,
3057 2949 3110 3002 id
3147 2957 3249 3012 est,
3273 2948 3553 3013 homines,
3585 2949 3800 3014 bestias,

2202 3057 2330 3097 aves
2354 3050 2408 3097 et
2435 3051 2630 3096 caetera
2661 3055 2832 3109 usque
2859 3040 2925 3094 ad
2972 3038 3345 3094 vermiculum.
3378 3037 3454 3092 Et
3481 3057 3634 3094 mare
3675 3051 3720 3094 et
3745 3058 3803 3096 ea

2200 3149 2317 3204 qum
2344 3133 2398 3186 in
2427 3149 2486 3187 eo
2512 3141 2653 3186 sunt.
2683 3129 2812 3185 Cete
2839 3128 3046 3186 scilicet
3067 3138 3122 3184 et
3143 3129 3320 3199 pisces
3342 3128 3554 3184 diversi
3575 3132 3797 3202 generis.

2211 3224 2330 3292 Quo
2357 3224 2412 3279 in
2433 3223 2553 3278 loco
2581 3222 2957 3278 haereticorum
2981 3220 3205 3292 perﬁdia
3232 3221 3557 3286 damnatur,
3587 3223 3680 3292 qui
3707 3238 3799 3277 non

2210 3324 2469 3372 verentur
2521 3329 2789 3380 asserere,
2841 3314 3087 3383 quazdani
3133 3328 3162 3366 a
3193 3313 3337 3368 bono
3377 3313 3532 3380 Deo,
3564 3317 3798 3385 quaedam

2197 3425 2328 3466 vero
2351 3408 2648 3479 api-incipe
2687 3407 2832 3462 facta
2859 3406 3233 3462 tenebrarum.
3257 3405 3365 3461 Sed
3414 3417 3472 3462 et
3513 3424 3644 3464 eum
3687 3409 3798 3463 sub-

515 3511 654 3551 mus.
684 3494 836 3564 Quod
866 3503 1043 3550 autem
1076 3494 1250 3566 palam
1277 3494 1540 3560 dicimus,
1565 3502 1749 3549 etnon
1775 3495 2095 3566 sigillamus,
2188 3497 2392 3572 jungit,
2430 3499 2569 3565 Quia
2616 3508 2816 3569 tempus
2855 3513 2958 3552 non
2995 3497 3094 3551 erit
3138 3496 3400 3566 amplius,
3448 3500 3797 3568 quastionem

517 3589 579 3642 ad
630 3587 919 3642 multorum
949 3587 1194 3641 notitiam
1223 3587 1492 3642 ducimus.
1547 3587 1756 3642 Dicitur
1799 3587 2016 3654 Joanni,
2043 3597 2098 3644 et

517 3677 569 3731 in
603 3676 692 3731 illo
717 3675 865 3731 omni
891 3675 1069 3732 ordini
1097 3675 1376 3731 doctorum
1397 3715 1414 3742 ,
1437 3693 1506 3732 ne
1530 3677 1734 3732 scribat
1763 3692 1884 3748 qua:
1919 3678 2096 3736 locuta

517 3775 640 3823 sunt
674 3776 879 3837 septem
908 3766 1168 3833 tonitrua,
1196 3767 1322 3838 quia
1345 3783 1451 3824 non
1479 3767 1730 3824 omnibus
1753 3778 1880 3824 sunt
1920 3770 2096 3825 niani-

515 3859 758 3916 festanda
807 3859 990 3914 divina
1038 3858 1269 3928 eloquia.
1303 3857 1408 3914 Pro
1439 3859 1774 3931 temporibus
1795 3861 1944 3915 enim
1972 3862 2096 3916 abs-

514 3952 789 4012 condenda
838 3961 990 4017 sunt,
1021 3967 1088 4006 ne
1123 3953 1431 4008 ﬁatcontra
1485 3961 1812 4023 praeceptum
1859 3952 2093 4019 Domini,

513 4061 620 4116 quo
646 4045 724 4099 ait
749 4061 762 4097 :
798 4041 976 4097 Nolite
1005 4052 1242 4097 sanctum
1265 4043 1394 4096 dare
1422 4043 1641 4097 canibus
1667 4059 1828 4115 neque
1873 4045 2095 4099 mittatis

512 4135 824 4206 margaritas
851 4143 1045 4188 vestras
1070 4144 1190 4188 ante
1210 4150 1395 4204 porcos
1423 4133 1639 4206 (Matth.
1670 4135 1789 4207 vn).
1823 4134 2096 4207 Simplici-

515 4230 616 4284 bus
645 4237 859 4298 quoque
871 4227 1068 4284 debent
1094 4227 1346 4294 discrete,
1361 4236 1415 4282 et
1430 4229 1723 4283 secundum
1736 4229 2096 4299 capacitatem

511 4319 845 4391 singulorum
893 4317 1164 4384 distribui,
1209 4318 1334 4388 quia
1373 4317 1464 4373 alii
1502 4318 1658 4374 lactis
1686 4327 1872 4389 potum
1917 4320 2093 4376 susci-

510 4412 700 4484 piunt,
729 4409 819 4464 alii
850 4423 981 4465 vero
1026 4399 1254 4464 solidum
1296 4410 1475 4464 cibum
1519 4411 1799 4482 percipere
1844 4422 2090 4482 possunt.

2197 3591 2356 3646 nobis
2391 3589 2538 3653 facit,
2567 3591 2801 3644 maxime
2843 3605 2966 3644 cum
3014 3588 3304 3644 Psalmista
3347 3590 3417 3645 de
3447 3592 3704 3662 repmbis
3730 3592 3799 3645 di-

2198 3691 2288 3738 cat
2311 3701 2324 3736 :
2355 3681 2564 3736 Inimici
2597 3681 2807 3737 Domini
2833 3682 3034 3736 mentiti
3059 3691 3177 3736 sunt
3200 3683 3270 3747 ei,
3293 3691 3343 3738 et
3367 3685 3468 3737 erit
3490 3693 3700 3752 tempus
3723 3699 3797 3736 ea-

2197 3791 2314 3830 rum
2363 3776 2418 3829 in
2469 3774 2665 3830 saecula
2713 3775 2888 3846 (Psal.
2939 3773 3127 3846 Lxxx).
3177 3773 3236 3829 Si
3285 3776 3433 3830 enim
3501 3777 3791 3847 impiorum

2198 3876 2410 3938 tempus
2465 3867 2572 3923 erit
2613 3867 2667 3920 in
2716 3867 2943 3932 smeula,
2971 3867 3244 3937 quomodo
3293 3877 3508 3938 tempus
3533 3867 3650 3937 jam
3695 3882 3798 3924 non

2197 3959 2338 4013 erit?
2383 3958 2464 4012 Ad
2508 3959 2652 4030 quod
2682 3958 2995 4025 dicendum,
3025 3960 3151 4030 quia
3178 3958 3346 4028 justis
3373 3977 3479 4016 non
3523 3961 3632 4016 erit
3661 3971 3796 4017 tem-

2196 4069 2320 4124 pus,
2352 4053 2404 4108 id
2455 4061 2577 4120 est,
2608 4053 2944 4110 mutabilitas
2997 4055 3196 4126 aliqua,
3240 4057 3370 4128 quia
3426 4058 3798 4116 immutabiles

2198 4155 2360 4200 erunt
2390 4145 2446 4199 in
2471 4153 2673 4211 mente,
2699 4154 2754 4201 et
2787 4146 3225 4218 incorruptibiles
3262 4148 3316 4202 in
3345 4164 3597 4220 corpore.
3643 4150 3799 4204 Tem-

2195 4250 2298 4306 pus
2326 4235 2525 4306 quippe
2553 4245 2639 4291 est
2657 4236 2980 4292 vicissitudo
3023 4237 3233 4292 dierum
3257 4254 3322 4294 ac
3353 4239 3617 4294 noctium.
3645 4240 3799 4296 Ideo-

2195 4342 2303 4397 que
2331 4327 2404 4382 ibi
2424 4325 2539 4397 jam
2567 4336 2780 4399 tempus
2804 4344 2910 4384 non
2945 4329 3086 4396 erit,
3111 4331 3203 4385 ubi
3233 4331 3378 4385 nulla
3413 4333 3660 4390 varietas
3707 4352 3798 4390 cu-

2190 4414 2416 4486 juslibet
2441 4416 2540 4472 rei.
2571 4415 2713 4472 Justi
2740 4433 2870 4474 vero
2895 4418 3258 4476 immutabiles
3280 4422 3539 4489 existent,
3565 4425 3701 4493 quia
3746 4426 3799 4481 in

515 4500 666 4604 tlnde
711 4500 828 4604 ipse
868 4499 1129 4604 Dominus
1169 4498 1444 4604 discipulis
1498 4500 1629 4602 dicit
1657 4520 1670 4556 :
1701 4503 1888 4558 Adhuc
1926 4504 2092 4604 multa
2117 4543 2170 4604 Β
2196 4516 2397 4564 aeterna
2426 4508 2678 4564 claritate
2703 4517 2760 4563 et
2783 4509 2838 4564 in
2857 4509 3190 4567 indeﬁcienti
3220 4513 3338 4568 luce
3355 4517 3795 4584 permanebunt;

512 4589 673 4643 habeo
715 4589 856 4642 vobis
904 4589 1220 4654 dicere,sed
1271 4605 1374 4643 non
1417 4593 1628 4660 potestis
1671 4603 1882 4662 portare
1935 4595 2090 4649 modo

514 4679 694 4752 (Joan.
721 4678 853 4749 xvr).
882 4679 950 4733 Et
969 4679 1165 4734 iterum
1193 4697 1206 4733 :
1235 4677 1438 4736 Fidelis
1461 4699 1637 4738 servus
1666 4694 1712 4739 et
1737 4685 2092 4756 prudens,qui

511 4773 602 4826 dat
623 4770 882 4826 conservis
923 4771 1033 4825 suis
1059 4771 1115 4826 in
1148 4780 1374 4842 tempore
1395 4774 1554 4844 tritici
1594 4791 1892 4829 mensuram
1937 4775 2088 4847 (Luc.

521 4865 646 4934 xu).
680 4865 900 4920 Dicatur
927 4879 1056 4933 ergo
1082 4860 1276 4918 Joanni
1307 4865 1456 4936 signa
1493 4881 1614 4936 quae
1636 4867 1812 4923 locuta
1847 4878 1974 4924 sunt
1999 4885 2090 4924 se-

441 5013 446 5016 _
510 4965 656 5027 ptem
706 4956 962 5022 tonitrua,
990 4964 1047 5011 et
1075 4955 1182 5010 noli
1224 4971 1288 5011 ea
1340 4957 1597 5022 scribere,
1625 4968 1680 5014 et
1714 4961 1767 5014 in
1815 4960 1905 5015 illo
1941 4962 2090 5017 omni

514 5048 680 5102 choro
715 5047 993 5102 doctorum
1022 5063 1086 5102 ac
1113 5047 1158 5102 si
1203 5047 1449 5103 diceret:
1486 5049 1836 5120 Eloquiorum
1881 5052 1974 5108 Dei
2003 5071 2088 5110 sa-

513 5143 790 5191 cramenta
819 5136 898 5191 sic
925 5137 1067 5191 intra
1100 5137 1295 5191 mentis
1340 5147 1609 5193 secretum
1653 5149 1791 5212 tege,
1822 5152 2089 5212 quatenus

515 5242 584 5283 ne
617 5235 709 5282 aut
736 5227 790 5281 hi
819 5228 908 5296 qui
938 5243 1044 5282 non
1071 5228 1264 5282 debent
1286 5228 1354 5282 ad
1379 5243 1564 5284 eorum
1584 5233 1946 5301 cognitionem
1966 5250 2090 5304 per-

515 5319 750 5380 veniant,
780 5326 873 5371 aut
911 5318 966 5372 hi
1007 5318 1101 5387 qui
1129 5319 1328 5373 debent
1365 5334 1488 5373 cum
1513 5320 1836 5377 discretione
1873 5331 1931 5377 et
1973 5341 2087 5380 mo-

513 5410 791 5467 deratione
817 5425 1004 5465 eorum
1031 5410 1274 5464 notitiam
1307 5411 1541 5480 capiant.

585 5501 651 5556 Et
671 5500 886 5572 angelus
918 5517 1068 5572 quem
1106 5502 1210 5555 vidi
1249 5512 1469 5557 stantem
1504 5521 1660 5573 super
1686 5523 1828 5562 mare
1853 5517 1902 5562 et
1933 5525 2091 5579 super

512 5603 727 5657 terram,
755 5591 935 5646 levavit
960 5609 1172 5646 manum
1195 5610 1345 5646 suam
1367 5595 1436 5648 ad
1461 5596 1661 5658 caelum,
1695 5607 1744 5650 et
1764 5599 1964 5666 juravit
2000 5617 2092 5670 per

512 5685 760 5739 viventem
782 5685 834 5740 in
854 5687 1048 5740 saecula
1070 5685 1398 5741 steculorum.
1418 5688 1548 5742 Cum
1565 5690 1823 5745 Dominus
1844 5691 1895 5746 in
1918 5694 2093 5748 Evan-

515 5771 654 5846 gelio
671 5773 856 5843 jurare
882 5775 1181 5847 prohibeat,
1214 5778 1396 5833 dicens
1437 5794 1450 5832 :
1505 5778 1679 5832 Nolite
1710 5781 1895 5850 jurare
1934 5802 2095 5856 neque

2195 4600 2337 4654 unde
2357 4598 2640 4654 Psalmista
2661 4616 2678 4654 :
2701 4598 3046 4657 Ordinatione
3070 4612 3162 4656 tua
3179 4617 3469 4674 perseverat
3484 4606 3598 4660 dies
3617 4605 3796 4678 (Psal.

2190 4688 2404 4758 cxvm).
2458 4688 2610 4759 [mpii
2639 4697 2836 4754 ,autem
2871 4698 3081 4761 tempus
3104 4692 3397 4759 habebunt,
3421 4696 3546 4764 quia
3575 4712 3801 4769 semper

2193 4796 2293 4851 per
2307 4780 2456 4833 varia
2481 4789 2747 4834 tormenta
2764 4781 3136 4850 mutabuntur,
3153 4793 3208 4839 et
3222 4785 3290 4839 ad
3311 4786 3547 4841 calorem
3562 4788 3796 4844 nimium

2197 4873 2504 4928 transibunt
2548 4874 2616 4927 ab
2659 4875 2816 4944 aquis
2859 4877 3085 4932 nivium.
3143 4877 3296 4946 Quod
3341 4897 3472 4952 ergo
3525 4883 3797 4942 Dominus

2195 4966 2262 5020 de
2320 4966 2483 5035 justis
2540 4974 2742 5037 negat,
2793 4968 2898 5024 hoc
2951 4971 3018 5025 de
3089 4971 3306 5040 injustis
3357 4973 3650 5032 Psalmista
3717 4980 3799 5034 af-

2194 5056 2391 5112 ﬁrmat.

2266 5148 2370 5204 Sed
2399 5151 2453 5204 in
2477 5151 2658 5206 diebus
2679 5154 3050 5224 vocis-septimi
3069 5158 3244 5228 angeli
3271 5176 3390 5214 eum
3419 5165 3634 5233 creperit
3664 5166 3800 5222 tuba

2194 5258 2397 5296 canere.
2427 5242 2486 5298 ld
2511 5253 2595 5299 est
2624 5261 2745 5300 cum
2775 5249 3001 5317 cteperit
3038 5262 3227 5306 sancta
3264 5253 3505 5309 Ecclesia
3537 5257 3798 5319 ultimam

2194 5349 2345 5388 suam
2375 5335 2812 5405 praedicationem
2839 5337 3156 5396 diffundere.
3187 5341 3664 5404 Consummabitur
3683 5369 3798 5424 mg-

2191 5425 2408 5478 sterium
2449 5425 2565 5480 Dei.
2602 5427 2655 5480 ld
2685 5436 2768 5482 est
2799 5429 3111 5498 perﬁcietur
3133 5435 3396 5505 quidquid
3435 5440 3598 5495 modo
3631 5442 3798 5512 latet,

2193 5514 2319 5582 quia
2339 5519 2732 5572 consummatio
2754 5520 2842 5575 hic
2866 5537 2971 5576 non
2991 5511 3339 5580 abolitionem
3371 5528 3678 5598 signiﬁcat.
3699 5533 3798 5590 sed

2200 5606 2604 5676 perfectionem.
2635 5609 2946 5680 Mysterium
2963 5624 3142 5671 autem
3157 5617 3460 5688 appellatur
3473 5620 3635 5686 illud,
3651 5627 3796 5696 quod

2199 5700 2380 5754 oculus
2406 5718 2510 5756 non
2532 5703 2675 5769 vidit,
2703 5721 2795 5758 nec
2823 5708 2970 5760 auris
2999 5710 3215 5775 audivit,
3246 5727 3336 5765 nec
3363 5714 3419 5766 in
3442 5730 3538 5768 cor
3553 5715 3790 5769 homin:

2200 5793 2430 5846 ascendit
2456 5793 2508 5864 (Ι
2539 5793 2658 5848 Cor.
2686 5800 3075 5870 ii),quodtunc
3095 5804 3580 5868 eonsummabitur,
3619 5807 3684 5864 id
3716 5807 3788 5863 esi
