3972 6472
175 487 304 545 I065

1078 484 1450 543 EXPOSITIO
1484 483 1554 541 IN
1591 477 2087 542 APOCALYPSIN.
2129 511 2199 524 --
2235 481 2364 539 LIB.
2406 483 2494 539 Ill.

3285 488 3309 541 I
3319 486 3424 544 066

168 595 490 673 perﬁcietur,
503 609 626 651 cum
645 593 880 664 etjustis
896 597 1060 664 bona,
1081 605 1138 652 et
1159 597 1374 670 injustis
1391 596 1516 653 data
1536 595 1738 652 fuerint
1762 601 1814 662 Α
1839 594 2109 665 intellige,
2143 595 2198 650 id
2226 603 2310 652 est
2339 598 2491 668 prius
2527 598 2759 663 mande,
2791 605 2848 653 et
2891 598 2970 654 sic
3017 598 3241 670 degluti.
3272 600 3428 668 Quod

172 694 430 745 tormenta
465 695 590 742 ante
616 696 938 759 praeparata,
967 689 1104 744 sicut
1129 689 1497 760 evangelisavit
1519 705 1611 760 per
1633 704 1745 742 ser-

169 797 250 836 vos
273 797 395 835 suos
417 781 715 851 prophetas.
734 779 924 838 Omnis
943 782 1088 838 enim
1111 782 1340 838 intentio
1359 781 1746 852 prophetarum

168 873 529 944 principaliter
558 874 625 929 de
650 873 867 929 Domini
901 875 1136 930 adventu
1170 872 1294 940 fuit,
1324 882 1378 928 et
1405 872 1588 929 saeculi
1611 886 1746 929 con~

168 966 540 1031 summatione.
590 965 826 1037 Ideoque
871 975 1002 1023 tunc
1045 966 1388 1038 perﬁcietur,
1437 965 1582 1035 quod
1622 971 1748 1020 ante

163 1062 473 1134 praedictum
499 1070 584 1118 est
617 1077 715 1132 per
742 1063 882 1120 illos.
923 1062 994 1117 Et
1034 1063 1214 1117 audivi
1258 1078 1432 1116 vocem
1460 1061 1649 1116 iterum
1684 1061 1748 1115 de

164 1155 284 1210 creto
328 1154 619 1225 loquentem
639 1171 871 1223 mecum,
913 1165 963 1210 et
989 1155 1284 1209 dicentem:
1323 1151 1470 1207 Vade
1495 1162 1544 1208 et
1573 1154 1749 1224 accipe

164 1247 348 1302 librum
383 1249 448 1303 de
481 1265 643 1303 manu
680 1247 852 1319 angeli
896 1247 1084 1301 stantis
1114 1261 1277 1317 supra
1317 1262 1464 1301 mare
1504 1255 1553 1300 et
1588 1262 1750 1316 supra

164 1350 374 1395 terram.
393 1340 461 1395 Et
481 1341 705 1412 angelus
727 1338 820 1412 qui
845 1346 992 1394 tenet
1012 1339 1213 1394 librum
1237 1347 1486 1408 apertum
1499 1337 1748 1394 Christus

162 1439 266 1496 est,
286 1439 342 1486 et
371 1431 485 1500 ipse
509 1431 602 1501 qui
634 1430 827 1486 invitat
849 1428 1112 1486 Joannem
1135 1437 1194 1483 ut
1216 1429 1378 1484 vadat
1407 1429 1476 1484 ad
1501 1427 1749 1500 angelum

161 1521 407 1578 Christus
432 1530 552 1590 est;
593 1523 710 1595 ipse
735 1523 882 1581 enim
911 1531 1059 1579 tenet
1092 1521 1290 1579 librum
1321 1531 1565 1594 apertum
1583 1563 1598 1589 ,
1622 1523 1748 1594 quia

159 1613 275 1684 ipse
303 1614 560 1669 revelavit
603 1615 786 1670 omnia
821 1630 943 1686 qua:
979 1615 1223 1671 latebant
1263 1617 1318 1671 in
1347 1614 1530 1672 Veteri
1557 1615 1749 1675 Testa-

159 1716 363 1773 mento,
393 1707 460 1764 de
491 1705 610 1778 ejus
635 1708 940 1775 nativitate,
966 1708 1220 1779 passione
1236 1749 1252 1775 ,
1279 1715 1455 1764 morte
1478 1717 1749 1766 etresur-

157 1799 416 1855 rectione.
463 1798 584 1855 Vox
617 1815 748 1872 ergo
787 1800 880 1857 illa
918 1817 1040 1872 quas
1076 1801 1221 1858 facta
1259 1810 1346 1857 est
1385 1802 1452 1858 ad
1487 1801 1749 1861 Joannem

155 1887 294 1942 nihil
326 1888 475 1943 aliud
532 1889 1032 1963 intelligitur,'nisi
1074 1892 1286 1949 interna
1314 1893 1599 1964 inspiratio
1641 1912 1748 1967 qua

156 1976 304 2034 Deus
332 1978 561 2048 inspirat
586 1980 842 2037 cordibus
869 1981 1108 2039 ﬁdelium
1138 1991 1199 2038 ut
1221 1985 1482 2040 accedant
1510 1985 1578 2041 ad
1597 2002 1741 2054 eum,

147 2067 310 2139 juxta
373 2070 506 2127 illud
560 2090 572 2126 :
635 2073 876 2129 Accedite
937 2075 1007 2130 ad
1081 2092 1200 2131 eum
1262 2086 1312 2132 et
1371 2077 1746 2136 illuminamini

153 2159 334 2231 (Psal.
364 2163 584 2235 χχχιιι).
616 2163 751 2220 Nam
774 2174 831 2222 et
854 2165 1000 2237 quod
1028 2165 1223 2223 Joanni
1250 2169 1467 2237 dicitur,
1493 2173 1746 2229 omnibus

150 2254 344 2324 utique
393 2255 613 2322 dicitur,
658 2258 751 2327 qui
793 2257 1029 2314 revelata
1077 2258 1218 2316 facie
1261 2260 1488 2332 gloriam
1530 2262 1745 2329 Domini

150 2345 612 2416 contemplantur.
637 2346 734 2402 Isti
757 2348 900 2404 enim
932 2349 1070 2406 tales
1093 2359 1338 2421 apertum
1366 2352 1567 2408 habent
1594 2353 1746 2410 libel-

153 2436 293 2504 lum,
324 2436 552 2507 ideoque
578 2437 682 2493 illis
706 2439 935 2504 dicitur,
981 2451 1044 2497 ut
1081 2442 1342 2498 accedant
1383 2444 1452 2499 ad
1497 2446 1747 2518 angelum

155 2543 268 2584 non
301 2531 574 2599 gressibus
599 2531 861 2602 corporis,
890 2534 984 2590 sed
1011 2534 1262 2605 passibus
1286 2534 1411 2591 ﬁdei
1436 2543 1492 2592 et
1526 2540 1741 2595 mentis.

151 2616 272 2673 Nec
310 2620 508 2674 mirum
537 2619 582 2676 si
617 2620 731 2688 ipse
761 2621 1009 2678 Christus
1037 2624 1105 2679 de
1143 2638 1202 2680 se
1248 2632 1505 2696 tanquam
1544 2627 1611 2682 de
1639 2627 1746 2684 alio

150 2709 418 2780 loquitur,
445 2726 568 2768 cum
589 2720 645 2768 et
670 2715 844 2770 sancti
875 2714 929 2770 in
955 2715 1251 2788 Scripturis
1277 2717 1572 2788 saepissime
1601 2722 1667 2776 de
1688 2735 1748 2776 se

149 2802 372 2871 quoties
401 2819 597 2874 magna
626 2805 850 2874 dicunt,
887 2807 966 2863 sic
993 2807 1289 2878 loquuntur
1333 2811 1487 2880 quasi
1513 2811 1579 2867 de
1616 2811 1742 2868 alio.

151 2891 324 2957 Unde,
339 2904 442 2960 est,
466 2895 602 2950 Erat
622 2896 829 2969 Moyses
853 2899 931 2955 vir
948 2901 1256 2956 mitissimus
1279 2919 1435 2974 super
1460 2921 1637 2960 omnes
1658 2906 1748 2976 qui

148 2986 502 3041 morabantur
524 2988 578 3042 in
606 2998 746 3044 terra
767 2989 957 3061 (Num.
992 2991 1111 3064 xu).
1139 2991 1208 3047 Et
1239 2991 1378 3050 Job:
1427 2993 1524 3050 Vir
1549 3004 1663 3051 erat
1693 2997 1749 3051 in

147 3085 303 3131 terra
332 3075 449 3133 Hus
478 3081 686 3134 nomine
715 3079 838 3146 Job,
872 3081 1111 3155 simplex,
1155 3092 1325 3139 rectus
1355 3101 1418 3139 ac
1453 3085 1696 3142 recedens
1717 3103 1751 3140 a

150 3166 300 3222 malo
324 3166 448 3238 (Job
499 3168 563 3240 ι).
586 3169 652 3223 Et
674 3169 788 3241 ipse
809 3170 1046 3228 Joannes
1071 3189 1084 3226 :
1113 3171 1218 3227 Hic
1243 3182 1319 3228 est
1346 3173 1634 3245 discipulus
1661 3175 1750 3231 ille

147 3275 313 3332 quem
340 3258 590 3331 diligebat
616 3260 773 3317 Jesus
809 3262 992 3334 (Joan.
1012 3261 1168 3335 χιιι).
1198 3263 1345 3321 Bene
1375 3280 1591 3337 quoque
1630 3266 1748 3339 ipsa

151 3362 265 3404 vox
291 3363 399 3405 non
436 3350 503 3404 de
533 3357 707 3416 terra,
746 3353 843 3407 sed
883 3352 950 3408 de
985 3353 1122 3410 caelo
1157 3355 1368 3421 sonuit,
1398 3357 1524 3426 quia
1551 3357 1644 3428 qui
1683 3359 1749 3414 de

149 3448 311 3497 terra
352 3449 473 3507 est,
511 3441 579 3497 de
620 3450 764 3498 terra
802 3444 1060 3515 loquitur.
1108 3443 1265 3513 Quod
1305 3461 1436 3503 vero
1483 3448 1748 3519 sequitur,

154 3534 359 3590 stantis
383 3550 544 3606 supra
579 3550 731 3593 mare
761 3547 821 3595 et
844 3553 1006 3610 supra
1034 3546 1270 3608 terram,
1303 3539 1552 3612 superius
1580 3555 1750 3611 expo-

153 3626 326 3682 situm
351 3636 452 3682 est.

234 3715 305 3770 Et
349 3717 456 3771 abii
503 3718 575 3772 ad
620 3719 897 3790 angelum,
941 3719 1120 3775 dicens
1154 3720 1202 3774 ei
1238 3729 1299 3774 ut
1335 3721 1484 3776 daret
1519 3721 1648 3776 mihi
1682 3721 1752 3775 li-

151 3813 333 3867 brum.
361 3809 610 3866 Jubentis
635 3813 832 3882 quippe
863 3812 960 3867 Dei
993 3827 1181 3868 vocem
1211 3813 1590 3882 paratissimus
1628 3829 1754 3868 san-

151 3913 374 3959 ctorum
405 3903 653 3972 sequitur
677 3902 932 3969 eﬁ'ectus,
964 3904 1092 3974 quia
1118 3913 1350 3974 pergunt
1375 3905 1442 3959 ad
1479 3905 1755 3977 angelum,

151 3991 216 4048 id
247 3999 352 4056 est,
382 3993 654 4048 accedunt
689 3991 796 4046 ﬁde
825 4001 879 4047 et
912 3991 1202 4049 devotione
1229 3993 1297 4048 ad
1319 3993 1595 4050 Christum
1614 4035 1630 4060 ,
1662 4008 1757 4064 po-

152 4091 376 4140 scentes
425 4083 528 4139 sibi
574 4082 692 4137 dari
735 4081 935 4138 librum
966 4085 1035 4139 ab
1059 4098 1147 4151 eo,
1173 4085 1268 4155 qui
1308 4083 1485 4154 aperit
1513 4099 1609 4142 ora
1640 4100 1759 4139 mu-

152 4185 379 4242 torum,
406 4183 461 4232 et
501 4174 714 4247 linguas
752 4176 1040 4233 infantium
1071 4177 1202 4234 facit
1258 4177 1509 4235 disertas.
1545 4178 1627 4234 Ex
1655 4179 1760 4234 hoc

146 4269 434 4328 Iacobus:
467 4268 526 4327 Si
551 4272 669 4342 quis
698 4271 894 4342 indiget
917 4272 1192 4342 sapientia,
1221 4271 1446 4342 postulet
1474 4289 1509 4326 a
1533 4271 1644 4328 Deo
1668 4273 1760 4343 qui

149 4366 255 4420 dat
276 4364 537 4430 omnibus,
550 4372 599 4419 et
621 4380 725 4418 non
745 4364 1086 4434 improperat,
1100 4373 1148 4418 et
1167 4363 1444 4418 dabiturei
1459 4362 1666 4435 (Iacob.
1690 4361 1752 4435 ι).

151 4453 233 4510 Ει
270 4454 405 4508 dixit
445 4452 599 4520 mihi,
643 4454 821 4523 accipe
848 4451 1040 4507 librum
1061 4462 1118 4509 et
1159 4453 1350 4509 devora
1388 4453 1561 4507 illum.
1589 4453 1760 4510 Acce-

146 4554 313 4618 ptum
344 4545 542 4601 librum
565 4543 826 4602 devorare
848 4554 955 4612 est,
981 4560 1106 4601 cum
1136 4545 1392 4602 aviditate
1417 4543 1758 4617 Scripturam

1846 687 2021 743 sancti
2059 695 2242 757 patres
2269 687 2514 744 fecerunt
2536 729 2552 755 ,
2581 690 2913 762 Augustinus
2947 689 3183 757 scilicet,
3219 688 3428 764 Grego—

1848 780 1982 844 rius,
2006 787 2061 834 et
2091 779 2298 846 caeteri,
2320 795 2552 850 quorum
2584 798 2728 838 nunc
2749 782 3178 853 expositionibus
3204 785 3428 840 utimur.

1847 867 1918 923 Et
1947 869 2103 939 faciet
2132 869 2426 925 amaricare
2453 882 2881 943 ventrem_tuum,
2906 874 2996 929 sed
3027 875 3083 928 in
3106 891 3195 928 ore
3219 885 3310 930 tuo
3335 879 3433 930 erit

1849 963 1999 1018 dulce
2020 972 2272 1035 tanquam
2293 962 2412 1018 mel.
2438 963 2804 1034 Praeposterus
2827 967 2962 1023 ordo
2984 967 3143 1024 estin
3166 967 3270 1023 hoc
3288 971 3428 1024 loco:

1847 1051 2008 1111 Prius
2036 1055 2182 1109 enim
2209 1053 2263 1109 in
2290 1069 2386 1110 ore
2413 1053 2566 1110 cibus
2595 1058 2910 1124 assumitur,
2935 1067 2991 1114 et
3017 1058 3096 1114 sic
3126 1058 3342 1114 demum
3365 1059 3433 1112 ad

1848 1143 2108 1199 inferiora
2136 1146 2345 1201 ventris
2374 1145 2662 1216 trajicitur.
2697 1146 2823 1204 Haec
2851 1150 3033 1204 omnia
3062 1150 3117 1205 in
3153 1151 3433 1221 sequenti-

1846 1237 1950 1292 bus
1973 1248 2331 1307 exponentur.

1919 1324 1990 1379 Et
2027 1329 2201 1396 accepi
2243 1327 2434 1382 librum
2464 1330 2528 1384 de
2551 1345 2713 1384 manu
2735 1330 2930 1402 angeli,
2954 1341 3004 1385 et
3029 1333 3270 1388 devoravi
3290 1351 3431 1401 eum,

1849 1427 1899 1472 et
1913 1427 2025 1473 erat
2051 1421 2108 1473 in
2131 1436 2221 1474 ore
2242 1436 2356 1475 meo
2383 1430 2634 1492 tanquam
2647 1422 2748 1477 mel
2765 1422 2938 1477 dulce.
2955 1422 3023 1478 Et
3046 1441 3166 1479 cum
3186 1426 3435 1482 devoras-

1849 1527 1959 1565 sem
1983 1513 2476 1578 eum,'amaricatus
2503 1524 2579 1570 est
2604 1526 2779 1570 venter
2801 1533 2966 1572 meus.
3000 1517 3103 1589 Qui
3129 1523 3221 1578 alii
3246 1540 3345 1596 per
3372 1541 3438 1583 os

1849 1602 2106 1659 Ecclesia:
2145 1603 2479 1674 figurantur,
2521 1607 2624 1663 nisi
2663 1610 2839 1664 sancti
2881 1612 3300 1682 praedicatores,
3344 1618 3438 1688 qui

1850 1698 1939 1754 die
1960 1712 2026 1754 ac
2054 1707 2213 1755 nocte
2233 1699 2406 1772 legem
2419 1700 2634 1757 Domini
2663 1693 3009 1769 meditantur,
3027 1715 3085 1762 et
3107 1719 3334 1780 possunt
3358 1712 3440 1767 di-

1849 1805 2014 1847 cere:
2050 1791 2224 1860 Quam
2252 1793 2429 1848 dulcia
2460 1795 2703 1866 faucibus
2744 1798 2871 1852 meis
2915 1797 3122 1870 eloquia
3165 1811 3257 1857 tua
3285 1819 3443 1875 super

1851 1883 1953 1939 mel
1979 1894 2028 1940 et
2057 1885 2268 1955 favum!
2282 1884 2456 1958 (Psal.
2487 1887 2703 1960 cxvm.)
2723 1886 2830 1944 Per
2856 1899 3102 1946 ventrem
3123 1908 3254 1949 vero
3273 1909 3441 1950 saecu-

1773 1946 1824 2009 B
1850 1973 1992 2033 lares
2031 1946 2719 2050 homines‘intelligunturl,
2756 1983 2930 2037 ventri
2978 1992 3034 2039 et
3076 1986 3443 2058 voluptatibus

1847 2069 1963 2154 suis
1996 2070 2315 2137 servientes,
2343 2071 2413 2128 de
2443 2073 2641 2144 quibus
2666 2073 2957 2146 Apostolus
2990 2095 3004 2132 τ
3037 2077 3277 2144 Quorum
3295 2081 3443 2138 Deus

1845 2170 2022 2216 venter
2061 2172 2137 2217 est
2180 2159 2404 2233 (Philip.
2454 2163 2561 2236 tu).
2601 2164 2760 2222 Tales
2788 2167 2934 2222 enim
2967 2168 3258 2239 aliquando
3286 2174 3445 2230 avide

1845 2264 1946 2323 per
1983 2267 2045 2310 os
2092 2253 2513 2324 praedicatorum
2557 2255 2740 2311 divina
2771 2259 2933 2314 verba
2964 2260 3267 2331 suscipiunt
3302 2278 3318 2317 :
3345 2265 3442 2320 sed

1847 2347 1976 2416 quia
2005 2347 2240 2404 terrenis
2264 2347 2633 2418 voluptatibus
2658 2351 2992 2420 deserviunt,
3021 2369 3203 2410 sermo
3227 2355 3322 2412 Dei
3349 2358 3444 2428 qui

1847 2435 1906 2491 in
1934 2451 2032 2494 ore
2065 2437 2350 2496 doctorum
2380 2438 2564 2495 fuerat
2590 2440 2696 2496 illis
2725 2449 2985 2513 tanquam
3014 2445 3122 2500 mel
3158 2446 3335 2512 dulce,
3386 2449 3444 2503 in

1847 2539 2038 2588 ventre
2075 2533 2388 2599 amarescit,
2418 2533 2559 2590 sicut
2597 2533 2770 2606 (verbi
2799 2536 2996 2608 gratia)
3029 2553 3153 2593 cum
3177 2540 3442 2596 audiunt:

1846 2619 1968 2676 Non
1997 2621 2351 2692 concupisces
2377 2634 2606 2679 uxorem
2645 2624 2881 2694 proximi
2912 2627 3020 2692 tui,
3054 2643 3161 2682 non
3202 2629 3446 2695 domum,

1848 2728 1958 2770 non
1985 2729 2216 2785 agrum;
2243 2723 2299 2771 et
2325 2733 2338 2770 :
2371 2715 2434 2772 Si
2467 2717 2584 2788 quis
2614 2734 2720 2772 non
2756 2717 2925 2773 oderit
2949 2707 3175 2789 patrem,
3199 2729 3290 2775 aut
3330 2737 3448 2775 ma-

1850 2813 2005 2872 trem,
2030 2815 2121 2860 aut
2147 2823 2388 2874 umorem,
2411 2807 2552 2878 ﬁlios
2581 2818 2630 2864 et
2652 2809 2819 2879 ﬁlias,
2845 2827 2950 2866 non
2969 2820 3138 2882 potest
3163 2828 3308 2868 meus
3334 2830 3450 2874 esse

1850 2896 2142 2967 discipulus
2190 2897 2346 2969 (Luc.
2374 2898 2507 2970 xtv).
2551 2900 2619 2955 Et
2654 2901 2854 2957 iterum
2889 2920 2902 2956 :
2949 2899 3008 2957 Si
3037 2905 3154 2974 quis
3183 2905 3291 2959 vult
3330 2917 3450 2975 post

1851 3002 1934 3041 me
1956 2988 2152 3055 venire,
2175 2988 2390 3060 abneget
2414 2993 2744 3061 semetipsum
2767 2991 2920 3064 (Luc.
2945 2986 3043 3065 rx).
3085 2995 3450 3052 Amarescunt

1852 3079 1960 3136 illis
1995 3079 2177 3136 divina
2205 3081 2440 3152 eloquia,
2467 3083 2596 3153 quia
2627 3083 2917 3153 desperant
2953 3099 3014 3139 se
3043 3085 3148 3140 hoc
3175 3101 3336 3156 posse
3361 3087 3444 3142 fa-

1853 3185 1999 3238 cere,
2044 3171 2411 3241 voluptatibus
2449 3173 2564 3229 suis
2607 3173 2850 3230 volentes
2892 3174 3185 3230 deservire.
3227 3176 3443 3232 Aliter:

1854 3259 1990 3332 Ipsis
2019 3261 2699 3332 sanctispraedicatoribus
2735 3263 2908 3320 dulcis
2935 3274 3018 3320 est
3060 3265 3363 3321 sermo’Dei
3390 3267 3448 3322 in

1853 3367 1950 3409 ore
1976 3353 2045 3408 ad
2084 3353 2490 3423 praedicandum
2509 3395 2524 3421 ,
2558 3355 2627 3410 ad
2656 3355 3046 3421 meditandum,
3076 3355 3145 3410 ad
3171 3370 3448 3427 exponen-

1856 3445 2027 3514 dumf;
2057 3447 2154 3502 sed
2183 3446 2311 3502 dum
2338 3455 2605 3519 coguntur
2632 3463 2696 3504 ea
2731 3448 3003 3519 complere
3025 3449 3300 3519 operibus,
3326 3465 3447 3521 quae

1855 3536 2054 3593 docent
2076 3535 2275 3603 verbis,
2307 3538 2538 3593 vertitur
2566 3537 2672 3594 illis
2713 3538 2768 3593 in
2799 3538 3232 3595 amaritudinem.
3265 3540 3323 3595 In
3349 3555 3449 3598 ore

1856 3639 2071 3697 quoque
2099 3627 2521 3697 praedicatorum
2563 3628 2735 3684 dulcis
2765 3637 2852 3686 est
2889 3643 3070 3686 sermo
3109 3630 3273 3701 (sicut
3307 3632 3448 3688 dixi-

1856 3721 2001 3790 mus)
2038 3719 2106 3775 ad
2134 3720 2419 3793 legendum
2440 3723 2476 3789 ,’
2500 3724 2566 3778 ad
2607 3723 3018 3795 exponendum;
3063 3724 3157 3780 sed
3185 3724 3313 3780 dum
3345 3741 3447 3796 pro

1857 3809 1973 3879 ipsa
1999 3825 2097 3864 sua
2118 3812 2504 3880 praedicatione
2528 3822 2967 3878 contemnuntur,
2989 3822 3047 3868 et
3074 3814 3295 3884 insuper
3314 3815 3450 3870 allii-

1858 3908 2078 3972 guntur,
2093 3908 2150 3956 et
2168 3903 2400 3959 diversis
2421 3905 2596 3960 modis
2617 3907 2948 3971 cruciantur,
2972 3906 3026 3960 in
3045 3916 3235 3962 ventre
3257 3923 3446 3964 eorum

1858 3991 2195 4046 convertitur
2229 3992 2287 4048 in
2325 3993 2766 4061 amaritudinem,
2805 3995 2931 4065 quia
2965 3995 3355 4051 contristantur
3391 3998 3448 4052 in

1859 4089 2040 4138 mente
2087 4081 2272 4148 simul,
2295 4091 2352 4138 et
2378 4083 2446 4138 de
2473 4084 2761 4139 vexatione
2803 4091 2861 4139 et
2902 4081 2972 4137 de
3014 4090 3448 4155 contemptorum

1859 4176 2229 4242 damnatione,
2258 4176 2402 4232 unde
2429 4173 2762 4247 Apostolus:
2797 4171 3032 4228 Tristitia
3067 4183 3141 4228 est
3170 4174 3299 4229 mihi
3338 4192 3452 4229 ma-

1857 4285 1962 4340 gna
1991 4278 2040 4322 et
2074 4269 2266 4340 ingens
2287 4267 2440 4322 dolor
2469 4267 2617 4322 cordi
2645 4281 2758 4321 meo
2787 4264 2968 4338 (Rom.
2992 4264 3092 4337 ιχ).
3123 4265 3276 4332 Quod
3304 4267 3452 4322 enim

1857 4365 2050 4414 venter
2077 4367 2350 4414 secretum
2376 4358 2561 4415 cordis
2587 4356 2876 4428 signiﬁcet,
2904 4352 3168 4412 Jeremias
3195 4357 3450 4421 ostendit,

1857 4452 1949 4522 qui
1994 4467 2118 4509 cum
2170 4451 2416 4520 dixisset,
2464 4449 2703 4507 Ventrem
2747 4466 2920 4505 meum
2963 4449 3146 4515 doleo,
3193 4452 3452 4508 continuo

1858 4542 2125 4617 subiecit,
2155 4560 2336 4600 sensus
2388 4543 2561 4598 cordis
2608 4543 2708 4597 mei
2757 4541 3056 4596 conturbati
3103 4552 3224 4596 sunt
3273 4545 3327 4596 in
3372 4561 3452 4597 me

146 4637 392 4692 secretis
430 4637 729 4693 recondere
772 4637 1092 4694 visceribus.
1141 4636 1244 4693 Ubi
1288 4637 1587 4693 notandum
1630 4638 1754 4708 quia
1781 4665 1838 4726 Β
1863 4645 1997 4715 (Jer.
2031 4642 2128 4716 ιν).
2159 4643 2345 4715 Neque
2375 4644 2520 4700 enim
2557 4643 2626 4698 ad
2656 4643 2884 4698 salutem
2909 4642 3093 4714 populi
3131 4645 3450 4713 pertineret,

144 4745 272 4787 non
298 4729 460 4795 dicit,
494 4730 680 4800 accipe
719 4739 775 4785 et
812 4730 936 4786 bibe
979 4730 1164 4796 illum,
1195 4729 1292 4785 sed
1331 4731 1558 4797 devora,
1591 4731 1646 4785 id
1674 4739 1760 4786 est

142 4822 430 4878 manduca
463 4821 638 4876 avide.
675 4819 957 4892 Scriptura
984 4822 1129 4876 enim
1157 4835 1313 4877 sacra
1355 4821 1409 4875 in
1439 4821 1758 4891 quibusdam

143 4915 299 4972 locis
339 4922 500 4984 potus
538 4921 652 4980 est,
684 4913 740 4968 in
771 4913 1090 4983 quibusdam
1121 4929 1252 4970 vero
1297 4913 1469 4970 cibus.
1506 4913 1567 4967 ln
1596 4913 1760 4969 rebus

144 5006 605 5074 obscurioribus,
651 5019 771 5076 quae
819 5005 1045 5076 intelligi
1097 5005 1217 5060 sine
1265 5005 1604 5076 expositione
1652 5021 1759 5062 non

145 5107 424 5172 possunt,
453 5099 605 5155 cibus
637 5106 752 5163 est,
786 5097 912 5168 quia
938 5097 1103 5152 veluti
1140 5098 1470 5162 mandendo,
1507 5097 1755 5167 legendo,

145 5199 217 5249 et
277 5190 598 5246 ruminando
627 5187 899 5256 sumitur;
952 5188 1006 5243 in
1053 5186 1414 5258 apertioribus
1458 5201 1591 5241 vero
1635 5201 1761 5256 quae

146 5284 396 5354 intelligi
433 5284 550 5339 sine
577 5284 916 5354 expositione
943 5290 1198 5354 possunt,
1232 5281 1306 5337 ibi
1338 5290 1500 5352 potus
1527 5290 1614 5336 est
1635 5295 1761 5351 :po-

147 5385 287 5432 tum
322 5374 466 5431 enim
509 5389 616 5429 non
646 5375 950 5430 mandendo
989 5375 1268 5447 glutimus.
1313 5373 1597 5443 Apertiora
1627 5387 1760 5443 ergo

146 5475 222 5524 et
253 5465 626 5522 manifestiora
670 5465 937 5532 bibimus,
978 5482 1097 5537 qua:
1137 5467 1304 5522 etiam
1353 5480 1461 5521 non
1513 5463 1760 5534 exposita

148 5559 475 5631 intelligere
499 5558 760 5614 valemus.
790 5557 858 5612 Et
886 5573 1195 5630 quanquam
1220 5557 1394 5615 sancti
1421 5556 1673 5629 apostoli,
1703 5563 1759 5612 et

149 5653 288 5724 ipse
313 5649 551 5707 Joannes
591 5657 779 5720 aperte
821 5659 1210 5720 cognoscerent
1249 5649 1346 5705 Dei
1393 5657 1754 5715 sacramenta,

151 5756 357 5802 tamen
397 5745 524 5816 quia
564 5744 742 5800 adhuc
779 5744 1117 5814 expositione
1159 5744 1498 5815 indigebant,
1528 5744 1761 5815 qualiter

150 5837 238 5892 ad
264 5849 388 5891 eum
417 5834 770 5904 pertinerent,
799 5848 1142 5904 nequaquam
1168 5833 1366 5889 dicitur
1390 5833 1582 5889 Joanni
1613 5834 1756 5900 bibe,

147 5928 268 5986 sed
297 5929 524 5993 devora,
565 5943 629 5984 ac
659 5928 705 5982 si
754 5927 995 5998 apertius
1030 5925 1330 5994 diceretur,
1385 5936 1656 5999 pertracta
1704 5935 1758 5982 ct

608 6010 884 6083 FATROL.
929 6018 1184 6084 CXVII.

1863 4734 1910 4788 si
1936 4743 2178 4788 ventrem
2201 4748 2260 4788 se
2289 4747 2610 4804 corporeum
2633 4731 2815 4788 dolere
2840 4734 3178 4803 praedicaret,
3204 4735 3298 4790 sed
3325 4751 3454 4790 ven-

1864 4832 2002 4879 trem
2028 4822 2220 4887 doluit,
2239 4823 2366 4892 quia
2389 4822 2587 4877 mentis
2607 4818 2949 4878 aﬁlictionem
2975 4825 3161 4879 sensit.
3187 4823 3282 4878 Vel
3306 4833 3455 4879 certe

1864 4922 2120 4986 acceptus
2143 4915 2280 4970 liber
2298 4923 2354 4970 et
2381 4921 2655 4969 comestus
2678 4913 2731 4967 in
2757 4913 3172 4968 amaritudinem
3196 4914 3452 4981 vertitur,

1863 5019 1989 5059 cum
2013 5003 2244 5074 quilibet
2272 5003 2462 5060 doctor
2487 5017 2558 5058 ex
2585 5017 2681 5058 sua
2709 5003 3094 5073 praedicatione
3123 5003 3452 5073 poenitentes

1864 5109 2156 5150 conversos
2177 5094 2466 5164 aspiciens,
2499 5095 2696 5149 mentis
2723 5092 2919 5150 affectu
2950 5094 3057 5150 illis
3083 5094 3450 5167 coniungitur,

1866 5194 1922 5242 et
1954 5201 2077 5240 cum
2103 5184 2360 5255 Apostolo
2387 5184 2530 5240 dolet
2553 5201 2678 5241 cum
2702 5183 3028 5251 dolentibus,
3057 5183 3150 5241 ﬁet
3171 5200 3295 5240 cum
3318 5183 3452 5240 ﬁen-

1867 5277 2027 5332 tibus.
2053 5275 2150 5331 Vel
2174 5286 2323 5332 certe
2356 5275 2528 5332 dulcis
2553 5285 2638 5333 est
2665 5276 2821 5331 nobis
2840 5315 2856 5342 ,
2881 5289 3004 5331 cum
3031 5275 3226 5346 gaudia
3265 5276 3455 5345 patria:

1865 5368 2102 5425 cmlestis
2150 5368 2448 5438 promittit;
2492 5381 2714 5422 amarus
2742 5381 2873 5422 vero
2905 5381 3028 5421 cum
3067 5374 3283 5420 austera
3315 5381 3458 5435 prae-

1865 5470 2045 5534 cepta,
2067 5476 2163 5532 per
2192 5476 2312 5532 quae
2337 5461 2403 5516 ad
2427 5461 2672 5516 eamdem
2703 5459 2932 5530 patriam
2953 5459 3334 5529 perveniamus
3365 5459 3450 5512 iu-

1859 5557 2011 5614 dicit.
2043 5557 2208 5612 Dulce
2233 5555 2431 5627 quippe
2458 5565 2544 5611 est
2567 5556 2756 5612 audire
2785 5569 2800 5608 :
2835 5552 3130 5625 Fulgebunt
3152 5552 3292 5623 justi
3313 5553 3450 5606 sicut

1857 5650 1938 5706 sol
1959 5650 2014 5704 in
2035 5665 2192 5720 regno
2220 5647 2399 5704 Patris
2419 5649 2502 5703 sui
2528 5647 2742 5720 (Matth.
2772 5647 2914 5719 xm).
2939 5647 3198 5700 Amarum
3227 5652 3406 5698 autem
3434 5661 3447 5697 :

1863 5740 1985 5797 Nisi
2009 5741 2314 5811 efﬁciamini
2337 5742 2472 5795 sicut
2493 5739 2720 5810 parvuli,
2741 5756 2844 5794 non
2867 5736 3130 5792 intrabitis
3152 5735 3209 5788 in
3237 5750 3451 5805 regnum

1859 5829 2106 5886 cwlorum
2127 5827 2343 5900 (Matth.
2369 5828 2547 5900 xvm).
2564 5829 2698 5884 Item
2721 5828 2880 5884 dulce
2900 5833 2986 5881 est
3007 5823 3197 5878 audire
3214 5839 3228 5876 :
3244 5821 3450 5878 Scimus

1859 5922 2104 5995 quoniam
2135 5938 2254 5977 cum
2284 5923 2607 5994 apparuerit,
2637 5922 2831 5978 similes
2860 5922 2906 5977 ei
2947 5918 3173 5984 erimus,
3203 5917 3450 5988 quoniam

2975 6012 3052 6072 3ft
