3972 6452
565 484 706 545 1067

1042 478 1394 537 ΗΑἿΜΟΝΙΞ
1432 471 1910 534 HALBERSTAT.
1953 475 2168 532 EPISC.
2206 433 2357 530 opp.
2398 471 2578 529 PARS
2614 471 2656 528 ι.
2684 498 2754 513 -
2780 469 3140 530 amem.
3180 439 3350 530 BlBL.

3725 475 3859 533 im

565 603 851 660 uidebimus
869 615 989 655 eum
1016 598 1171 653 sicuti
1189 607 1264 652 est
1287 596 1334 670 (Ι
1353 595 1514 651 Joan.
1535 595 1902 668 m).Amarum
1923 600 2138 648 autem:
2168 593 2221 654 Α
2245 599 2432 645 corum
2449 629 2464 653 ,
2493 601 2724 658 quorum
2752 575 3004 642 doctrina
3028 586 3188 657 plena
3213 593 3300 642 est
3326 586 3658 642 mendacio.
3693 585 3856 646 Sacra

567 695 672 760 Qui
700 693 825 746 dicit
849 707 905 745 se
929 690 985 744 in
1009 687 1229 744 Christo
1260 703 1488 753 manere,
1513 687 1658 740 debet
1686 686 1822 740 sicut
1851 683 1940 738 ille
1963 683 2146 737 ambu-

563 786 692 839 lavit
723 785 772 838 et
804 783 912 853 ipse
946 781 1217 837 ambulare
1250 781 1313 852 (Ι
1341 779 1502 834 lacn.
1545 781 1640 850 ll).
1681 778 1844 833 Dulce
1871 777 1973 832 fuit
2017 791 2145 846 apo-

561 873 748 930 stolis:
783 871 851 927 In
875 871 1264 943 regeneratione
1289 885 1408 924 cum
1440 869 1628 924 sederit
1643 867 1818 922 Filius
1842 868 2068 921 hominis
2089 869 2143 920 in

557 964 679 1019 sede
705 963 996 1033 majestatis
1020 978 1151 1027 suae,
1180 962 1424 1017 sedebitis
1454 970 1502 1015 et
1543 978 1630 1015 vos
1656 975 1813 1031 super
1833 960 1980 1014 sedes
2007 959 2141 1013 duo-

555 1054 725 1110 decim
755 1053 906 1125 (Luc.
936 1055 1093 1124 nu).
1130 1054 1387 1109 Amarum
1421 1054 1521 1108 fuit
1549 1053 1656 1108 illis
1687 1070 1700 1106 :
1731 1051 1836 1118 Qui
1861 1052 1967 1107 vult
2005 1053 2141 1106 inter

557 1159 646 1200 vos
673 1157 785 1199 esse
805 1145 997 1215 major,
1023 1145 1090 1198 sit
1119 1145 1350 1198 omnium
1374 1158 1552 1197 servus
1577 1141 1790 1212 (Matth.
1823 1141 2002 1211 χχιιι).

630 1235 696 1289 Et
723 1235 848 1289 dicit
877 1235 1006 1288 mihi
1031 1247 1048 1285 :
1078 1233 1292 1303 Oportet
1321 1242 1370 1287 te
1389 1234 1576 1286 iterant
1597 1233 1905 1302 prophetare
1934 1231 2140 1302 populis

552 1336 602 1382 et
630 1325 868 1396 gentibus
897 1335 946 1378 et
971 1324 1166 1393 linguis
1193 1331 1242 1378 et
1271 1323 1473 1392 regibus
1504 1321 1702 1376 multis.
1740 1318 1977 1376 Joannes
2004 1335 2141 1391 pene

553 1416 756 1479 omnia,
789 1415 900 1469 imo
947 1413 1129 1468 omnia
1165 1426 1286 1482 quae
1331 1412 1384 1465 in
1413 1413 1514 1466 boe
1541 1411 1681 1466 libro
1708 1413 1988 1482 prmmissa
2015 1419 2142 1468 sunt

553 1521 660 1562 non
692 1505 999 1576 specialiter
1026 1514 1092 1558 ex
1123 1515 1246 1567 sua,
1277 1503 1372 1558 sed
1401 1502 1728 1572 generaliter
1750 1515 1819 1558 ex
1845 1502 2139 1558 electorum

551 1600 779 1671 pectunt
805 1611 1068 1671 persona;
1103 1613 1245 1654 nunc
1266 1606 1448 1654 autem
1475 1613 1596 1670 qum
1623 1599 1678 1654 in
1709 1600 1815 1654 hoc
1837 1613 1998 1655 versu
2015 1613 2141 1654 nar-

551 1703 759 1760 rantur,
788 1702 845 1750 et
871 1705 984 1750 sua:
1006 1701 1060 1749 et
1083 1693 1314 1748 aliorum
1343 1693 1593 1762 personis
1628 1705 1926 1759 congruere
1955 1693 2134 1748 docet.

506 1790 511 1794 ’
549 1785 784 1852 Quando
807 1785 953 1840 enim
982 1785 1087 1840 ista
1111 1785 1266 1850 vidit,
1296 1785 1350 1838 in
1376 1783 1636 1840 Patbmos
1663 1785 1838 1840 insula
1868 1784 2135 1853 relegatus

548 1883 698 1941 erat,
727 1883 782 1932 et
821 1876 944 1931 ideo
976 1875 1028 1930 ei
1064 1877 1301 1932 dicitur:
1337 1873 1549 1945 Oportet
1594 1885 1654 1929 te:
1681 1876 1870 1930 iterum
1908 1878 2132 1946 prophe-

2244 690 2425 737 autem
2452 679 2734 750 Scriptum
2760 693 2829 734 ex
2854 680 3001 735 omni
3031 687 3185 750 parte
3218 687 3300 735 est
3323 689 3496 744 recta,
3533 688 3722 749 atque
3747 681 3855 738 ideo

2243 766 2382 828 bene
2406 771 2576 841 virga.-
2598 779 2966 842 comparatur,
2990 769 3149 841 juxta
3173 771 3314 842 quod
3342 770 3656 827 Psalmista
3689 773 3850 828 dicit:

2256 864 2417 936 Virga
2456 872 2604 920 recta
2634 873 2718 919 est
2748 864 2892 934 virga
2934 864 3077 934 regni
3108 863 3188 918 tui
3215 861 3389 936 (Paul.
3415 865 3605 936 xsrv).
3641 864 3848 923 Aliter:

2246 955 2420 1028 Reges
2446 956 2500 1012 in
2532 958 2748 1028 signum
2793 957 3051 1027 potentia:
3095 969 3208 1011 sua:
3240 957 3446 1028 virgam
3490 957 3554 1012 in
3607 959 3850 1014 manibus

2246 1058 2487 1120 portant,
2511 1063 2612 1120 per
2630 1065 2794 1120 quam
2819 1049 2970 1120 regia
2995 1048 3209 1104 illorum
3232 1057 3482 1119 potestas
3501 1048 3842 1117 exprimitur.

2242 1141 2411 1198 Recte
2447 1157 2580 1214 ergo
2605 1141 2848 1198 calamus
2869 1181 2886 1208 ,
2923 1141 2976 1196 id
3007 1149 3092 1197 est
3128 1141 3316 1197 divina
3358 1139 3670 1211 Scriptura
3699 1143 3844 1213 virga

2243 1240 2611 1302 comparatur,
2644 1247 2768 1302 quae
2801 1231 2916 1288 suis
2951 1231 3398 1288 observatos-ibus
3442 1245 3693 1302 regnum
3735 1248 3840 1302 pn-

2240 1325 2428 1390 tnittit,
2450 1323 2640 1379 dicens
2664 1341 2679 1377 :
2711 1322 2864 1378 Beati
2891 1340 3143 1394 pauperes
3185 1323 3399 1394 spiritu,
3419 1325 3695 1394 quoniam
3723 1326 3837 1395 ipso-

2241 1431 2359 1470 rum
2385 1427 2460 1469 est
2489 1430 2705 1486 regnum
2733 1418 2982 1470 caelorum
3006 1413 3220 1487 (Matth.
3243 1415 3322 1487 v),
3344 1423 3400 1471 et
3424 1415 3616 1470 multa
3639 1417 3828 1472 similia.

2241 1505 2310 1561 Et
2333 1506 2477 1562 istud
2506 1521 2730 1573 regnum
2760 1506 2906 1575 quod
2941 1505 3177 1561 caelestis
3201 1505 3536 1575 praedicatio
3564 1509 3826 1577 promittit,

2242 1598 2299 1652 in
2344 1596 2622 1654 inﬂexibili
2671 1595 2882 1666 iustitia
2925 1608 3258 1669 perseverat.
3307 1597 3634 1669 Postquam
3676 1611 3825 1654 aula

2241 1690 2402 1745 datus
2433 1697 2520 1745 est
2555 1690 2610 1744 ei
2653 1689 2918 1756 calamus,
2945 1691 3126 1745 divina
3163 1704 3269 1745 vox
3315 1690 3456 1746 dicit
3496 1690 3582 1745 illi
3615 1709 3630 1744 :
3665 1690 3818 1761 Satyr,

2241 1783 2492 1838 videlicet
2516 1783 2584 1837 ad
2614 1783 3015 1852 pmdicationis
3044 1781 3302 1849 cilicium,
3332 1791 3390 1837 et
3417 1783 3544 1837 noli
3572 1781 3750 1850 jacere
3777 1785 3814 1836 is

2245 1875 2372 1930 imis
2395 1873 2675 1938 vitiorum,
2701 1874 2848 1943 quia,
2868 1882 3098 1943 utsu'pra
3121 1874 3326 1928 dictum
3349 1882 3460 1939 est,
3487 1874 3637 1944 quod
3658 1873 3812 1929 Joami

546 1977 659 2022 ture
685 1937 910 2037 populis
946 1973 998 2021 et
1044 1966 1280 2037 gentibus
1323 1937 1394 2021 et.
1424 1966 1620 2037 tinguis
1658 1978 1706 2022 et
1738 1937 1962 2038 regibus.
1987 1937 2065 2022 hc
2091 1967 2137 2022 si
2165 1937 2222 2009 Ε
2243 1965 2464 2031 dicitur,
2491 1937 2744 2022 omnibus
2785 1937 3033 2021 veritatis
3071 1937 3535 2036 praedicatoribus
3574 1969 3810 2028 convenit,

543 2057 596 2114 ei
615 2057 798 2113 divina
819 2072 926 2112 vox
953 2057 1194 2114 diceret:
1224 2055 1342 2112 Non
1369 2058 1620 2114 morieris
1647 2058 1700 2112 in
1732 2058 1836 2112 hac
1860 2058 2056 2125 insula,
2078 2048 2136 2114 ut

545 2158 604 2204 tu
649 2158 830 2219 putas,
874 2150 970 2205 sed
1011 2151 1206 2204 iterum
1256 2147 1638 2219 prophetabis,
1673 2158 1728 2204 et
1762 2149 1903 2204 hanc
1926 2149 2135 2219 Apoca-

543 2237 721 2309 lypsin
763 2253 928 2309 quam
952 2238 1156 2303 vidisti,
1183 2253 1343 2293 manu
1372 2249 1462 2294 tua
1488 2240 1715 2305 scribes,
1739 2246 1795 2294 et
1817 2239 1952 2294 alios
1976 2240 2136 2295 doce-

542 2331 651 2396 bis,
688 2343 792 2385 nec
827 2329 1001 2386 solum
1050 2330 1190 2384 hanc
1229 2330 1574 2400 prophetiam
1615 2329 1992 2394 annnntiabis,
2037 2329 2140 2384 sed-

541 2425 706 2479 altius
732 2423 948 2480 ceteris
974 2425 1041 2478 ad
1060 2423 1410 2479 erudiendam
1436 2424 1602 2478 ﬁdem
1627 2433 1938 2480 sanctorum
1957 2423 2133 2477 Evan-

541 2515 739 2587 gelium
759 2515 985 2572 scribes.
1002 2514 1206 2570 lterum
1226 2517 1410 2570 autem
1437 2515 1588 2580 dicit,
1605 2514 1995 2585 quiavidelicet
2015 2513 2131 2582 jam

539 2606 644 2661 hoc
678 2604 884 2660 fecerat
925 2619 1110 2660 coram
1157 2605 1374 2676 regibus
1416 2613 1471 2659 et
1513 2603 1787 2675 gentibus,
1823 2604 1964 2658 unde
2002 2613 2058 2658 et
2099 2618 2132 2657 a

538 2697 850 2752 Domitiano
892 2696 1217 2765 impiissimo
1260 2695 1503 2759 Caesare,
1535 2701 1592 2750 et
1638 2695 1691 2749 in
1738 2694 1999 2750 ferventis
2026 2693 2131 2749 olei

541 2791 744 2847 dolium
767 2790 966 2846 missus
989 2799 1095 2855 est,
1119 2799 1174 2846 et
1202 2789 1256 2844 in
1281 2789 1529 2844 eamdem
1555 2788 1786 2844 insulam
1813 2788 2006 2844 exsilio
2034 2789 2131 2843 de-

537 2891 816 2954 portatus,
859 2882 952 2936 ubi
995 2881 1163 2936 etiam
1213 2882 1354 2936 hanc
1393 2879 1750 2952 Apocalypsin
1799 2881 1950 2935 vidit.
1994 2879 2135 2934 Nam-

537 2988 662 3028 cum
692 2972 805 3042 iam
836 2982 1104 3043 provectae
1140 2982 1285 3029 esset
1309 2973 1516 3038 aetatis,
1546 2982 1601 3026 et
1639 2980 1854 3042 putaret
1891 2985 1952 3027 se
1987 2971 2131 3027 cele-

538 3063 654 3119 rius
697 3064 766 3118 ad
807 3063 1084 3119 Christum
1114 3079 1146 3118 e
1173 3064 1372 3118 mundo
1416 3063 1684 3134 migrare,
1712 3061 2000 3117 interfecto
2025 3060 2129 3116 Do-

535 3155 789 3220 mitiano,
816 3162 873 3210 et
899 3163 1092 3210 cuncta
1115 3155 1232 3226 ejus
1251 3153 1496 3224 iussione
1527 3162 1740 3209 cassata
1767 3167 2018 3208 reversus
2045 3161 2130 3207 est

536 3247 847 3319 Ephesum,
895 3246 986 3301 ubi
1031 3255 1088 3302 et
1134 3246 1417 3317 prwfatam
1467 3245 1829 3317 Apocalypsin
1872 3243 2130 3299 Ecclesiis

535 3307 763 3394 tradidit
793 3307 1097 3408 legendam.
1132 3307 1342 3394 Chione
1361 3307 1565 3404 autem,
1599 3307 1883 3395 Valentino
1939 3345 1996 3392 et
2021 3335 2131 3392 'Cc—
2157 3307 2204 3374 θ

541 3431 730 3487 rintho
763 3440 954 3486 contra
983 3429 1260 3486 Christum
1296 3430 1690 3486 oblatrantibus
1710 3471 1725 3497 ,
1754 3431 2131 3500 episcoporum

534 3521 790 3592 precibth
831 3519 1033 3586 ﬂexus,
1075 3521 1278 3577 indicto
1319 3522 1571 3576 triduano
1609 3521 1844 3592 jejunio,
1883 3522 2128 3592 Evange-

535 3611 672 3666 lium
708 3611 874 3666 etiam
911 3612 1162 3681 scripsit,
1192 3620 1248 3664 et
1276 3611 1399 3666 ideo
1429 3620 1508 3665 tot
1535 3612 1752 3681 populis
1787 3621 1846 3666 et
1880 3613 2130 3683 gentibus

533 3703 883 3776 praedicavit,
913 3703 1042 3773 quia
1069 3701 1186 3771 ejus
1213 3703 1528 3774 praedicatio
1556 3704 1624 3758 ad
1669 3703 1965 3758 mutorum
1992 3705 2132 3758 noti-

535 3797 670 3850 tiam
709 3795 974 3866 pervenit.
1014 3793 1121 3850 Sed
1157 3810 1278 3864 qute
1318 3794 1392 3850 illi
1425 3794 1730 3865 specialiter
1755 3795 2127 3863 aseribuntur,

535 3888 862 3961 generaliter
901 3888 1348 3959 praedicatoribus
1383 3888 1742 3956 deputantur,
1789 3887 1856 3942 ad
1898 3902 2129 3958 quorum

532 3993 823 4056 personam
866 3983 998 4039 dicit
1035 4001 1050 4038 :
1082 3981 1309 4054 Oportet
1338 3991 1392 4038 te
1417 3983 1612 4036 iterum
1639 3981 1932 4052 praedicare
1960 3996 2130 4052 popu-

531 4075 631 4141 lis,
677 4076 804 4146 quia
851 4075 1108 4129 nimirum
1139 4073 1262 4129 aliis
1311 4073 1378 4127 ad
1419 4072 1696 4127 Christum
1743 4072 2124 4142 migrantibus,

533 4167 832 4223 electorum
857 4165 1096 4222 Ecclesia
1125 4165 1180 4219 in
1205 4164 1656 4234 subsequentibus
1682 4163 2128 4233 prmdicatoribus

531 4259 733 4315 iterum
783 4271 890 4312 non
948 4257 1147 4312 desinit
1196 4257 1509 4327 przedicare.
1564 4255 1898 4325 Prophetare
1945 4263 2127 4309 autem

535 4349 839 4420 intelligere
861 4348 1118 4404 debemus
1140 4347 1460 4418 praedicare,
1485 4347 1626 4401 sicut
1651 4355 1706 4402 et
1728 4347 1926 4400 Paulus
1953 4347 2086 4401 dicit
2109 4364 2122 4400 :

533 4439 816 4513 Propheta
864 4441 972 4496 duo
1021 4441 1198 4494 dicunt
1235 4439 1312 4494 vel
1359 4451 1484 4505 tres,
1511 4449 1561 4493 et
1608 4439 1784 4493 creteri
1834 4439 2126 4508 dijudicent

537 4534 588 4606 (1
636 4533 760 4589 Cor.
809 4533 944 4608 nv).
985 4532 1082 4588 Vel
1126 4543 1276 4588 certe
1323 4535 1606 4603 propterea
1648 4531 1844 4585 iterum
1889 4529 2127 4586 Joannes

533 4626 859 4700 prophetare
882 4625 1123 4694 jubetur,
1153 4633 1212 4677 ut
1238 4623 1383 4693 quod
1410 4621 1659 4677 doctores
1692 4622 1947 4676 Ecclesiae
1985 4637 2125 4692 prae-

535 4721 722 4774 dicant
747 4731 864 4782 ore,
891 4714 1036 4771 facto
1060 4716 1256 4771 iterato
1282 4715 1534 4769 clament.
1561 4714 1787 4783 Oportet
1811 4713 1955 4767 enim
1985 4722 2044 4768 ut
2068 4712 2123 4768 hi

2153 4673 2205 4735 D

533 4810 627 4879 qui
655 4808 821 4864 verba
846 4806 971 4863 vita
1002 4807 1349 4862 credentibus
1377 4806 1645 4868 nuntiant,
1678 4805 1932 4875 operibus
1959 4805 2123 4860 etiam

533 4904 660 4958 vitae
689 4901 928 4960 clamare
961 4912 1070 4958 non
1100 4899 1382 4957 desistant.

1152 5058 1382 5116 CAPUT
1422 5058 1513 5113 XI.

608 5169 678 5227 Et
697 5173 856 5228 datus
881 5181 954 5226 est
984 5170 1112 5225 mihi
1136 5169 1376 5224 calamus
1393 5167 1581 5223 similis
1605 5169 1782 5238 virgis.
1815 5167 1942 5222 Haec
1961 5167 2125 5223 verba

534 5268 677 5321 sicut
708 5263 1038 5320 conveniunt
1073 5261 1298 5327 Joanni,
1331 5259 1582 5315 similiter
1608 5259 1936 5314 conveniunt
1976 5258 2125 5313 omni

533 5356 716 5412 ordini
742 5354 1176 5425 praedicatorum.
1211 5351 1314 5406 Per
1338 5352 1606 5405 calamum
1634 5359 1846 5416 autem,
1885 5349 1938 5404 id
1980 5349 2128 5419 quod

533 5447 746 5502 calamo
769 5442 996 5500 edicitur
1029 5441 1327 5513 intelligere
1364 5442 1646 5504 debemus,
1675 5439 1729 5494 id
1767 5449 1850 5494 est
1885 5439 2126 5496 divinam

535 5542 896 5612 Scripturam,
930 5540 1056 5610 quia
1089 5539 1294 5608 antiqui
1335 5537 1548 5593 calamo
1593 5537 1924 5592 scribebant.
1974 5536 2127 5592 Unde

536 5635 676 5690 bene
703 5634 817 5703 ipse
841 5632 1084 5688 calamus
1109 5645 1216 5685 non
1243 5615 1439 5695 inanis,
1465 5629 1561 5685 sed
1583 5628 1776 5685 similis
1803 5631 1966 5702 virgae
1994 5629 2126 5685 dici-

538 5736 646 5781 tur.
679 5726 735 5780 ln
758 5725 908 5798 virga
932 5723 1076 5780 enim
1102 5722 1368 5779 rectitude
1398 5737 1570 5778 sacrae
1603 5720 1902 5793 Scriptura
1927 5721 2128 5777 intelli-

539 5818 704 5888 gitur,
747 5818 801 5873 in
828 5831 935 5887 qua
972 5815 1178 5872 nullum
1217 5824 1300 5871 est
1331 5814 1706 5880 mendacium,
1746 5813 1923 5868 nullus
1948 5828 2124 5880 error,

539 5916 678 5974 sicut
713 5913 766 5967 in
801 5912 1244 5983 philosophorum
1271 5911 1445 5974 libris.
1473 5912 1780 5970 Judaeorum
1816 5922 1870 5968 et
1913 5911 2127 5968 haereti-

2237 2060 2329 2129 q‘ui
2358 2059 2501 2128 quod
2526 2061 2706 2116 verbis
2733 2061 3051 2131 praedicant,
3067 2060 3225 2117 factis
3245 2061 3452 2118 iterato
3476 2062 3711 2118 clamare
3734 2063 3807 2117 de-

2236 2149 2386 2205 bent.
2419 2149 2487 2203 Et
2522 2150 2702 2204 metire
2725 2149 2974 2221 templum
2996 2149 3094 2205 Dei
3117 2168 3180 2206 ac
3205 2150 3398 2206 altare.
3428 2149 3708 2222 Templum
3731 2151 3805 2204 Dei

2235 2238 2350 2308 ipsa
2376 2248 2460 2295 est
2487 2239 2730 2295 Ecclesia
2747 2280 2763 2307 ,
2791 2240 2878 2296 cui
2901 2239 3193 2310 Apostolus
3219 2242 3396 2297 dicit:
3433 2240 3696 2313 Templum
3725 2241 3805 2295 Dei

2233 2339 2476 2386 sanctum
2503 2328 2602 2397 es't,
2625 2332 2764 2402 quod
2793 2331 2917 2386 estis
2944 2347 3028 2388 vos
3052 2331 3105 2402 (1
3150 2331 3274 2387 Cor.
3301 2335 3412 2405 ιιι).
3443 2334 3624 2389 Altam
3641 2345 3800 2387 autem

2233 2423 2290 2478 in
2313 2425 2531 2494 templo,
2559 2425 2947 2480 eminentiores
2974 2424 3247 2497 signiﬁcat
3278 2426 3338 2480 in
3365 2425 3582 2481 Ecclesia
3603 2424 3788 2489 ﬁdeles,

2235 2515 2290 2570 id
2327 2525 2411 2570 est
2437 2515 2700 2588 virgines,
2731 2515 3088 2580 continentes,
3117 2524 3175 2571 et
3199 2517 3408 2573 sarculo
3431 2517 3787 2571 renuntiantes.

2235 2603 2390 2662 Sicut
2415 2605 2560 2661 enim
2588 2605 2759 2661 altare
2786 2607 2841 2662 in
2865 2606 3065 2676 templo
3082 2615 3187 2673 est,
3216 2606 3293 2662 ita
3312 2609 3430 2662 vita
3459 2608 3793 2678 religiosorum

2233 2698 2290 2752 in
2319 2696 2474 2767 plebe
2501 2696 2737 2753 ﬁdelium
2777 2698 3099 2763 consistens,
3143 2698 3430 2768 inquibus
3468 2697 3794 2769 principaliter

2225 2786 2372 2858 jugis
2397 2799 2560 2858 atque
2583 2787 2898 2844 indel‘tciens
2923 2799 3126 2844 sancta:
3150 2790 3596 2859 compunctionis
3622 2803 3791 2858 pema-

2232 2887 2328 2935 net
2364 2880 2522 2951 ignis.
2556 2879 2710 2948 Quod
2755 2888 2936 2934 autem
2975 2880 3240 2949 sequitur,
3273 2890 3322 2934 et
3356 2880 3639 2934 adorantes
3664 2879 3706 2930 is
3728 2894 3789 2940 ιο,

2233 2970 2344 3026 tal'e
2394 2979 2504 3037 est,
2544 2979 2800 3041 tanquam
2853 2970 3238 3025 subaudiretur
3262 2980 3318 3026 et
3358 2971 3414 3025 in
3445 2971 3661 3039 templo,
3683 2979 3725 3022 et
3751 2969 3789 3020 in

2232 3064 2398 3120 altari
2450 3064 2743 3120 adorantes
2800 3063 3012 3119 metire.
3067 3063 3186 3130 Quo
3242 3063 3514 3118 nimirum
3567 3064 3693 3117 dicto
3736 3060 3788 3113 illi

2232 3157 2654 3227 exprimuntur,
2694 3155 2787 3226 qui
2821 3155 2878 3210 in
2916 3155 3108 3224 spiritu
3135 3165 3190 3210 et
3217 3156 3457 3210 veritate
3490 3151 3788 3210 adorant?»

2236 3257 2408 3315 trem,
2439 3248 2580 3304 sicut
2609 3246 2871 3302 Dominus
2895 3247 3049 3321 dicit.
3093 3245 3305 3301 Dicitur
3349 3246 3544 3317 itaque
3569 3246 3698 3302 omni
3727 3259 3788 3297 tr-

2236 3343 2348 3398 dini
2376 3342 2690 3398 doctorum:
2716 3339 2888 3411 Surge
2917 3341 2988 3394 ad
3021 3341 3231 3411 potiora
3258 3355 3459 3411 opera,
3488 3341 3785 3396 metiretu-

2231 3432 2383 3505 plum'
2407 3444 2463 3487 et
2489 3432 2662 3488 altare
2682 3441 2737 3487 et
2765 3432 3058 3488 adorantes
3082 3432 3138 3487 in
3167 3446 3256 3498 eo,
3286 3433 3396 3487 hoc
3416 3443 3531 3496 est,
3556 3431 3787 3498 unicuiqu

2231 3520 2556 3593 professioni
2593 3531 2648 3578 et
2685 3520 2888 3586 ordini,
2928 3521 3225 3576 secundum
3257 3537 3420 3576 suam
3441 3523 3785 3594 dignitatum

2232 3610 2411 3666 locum
2439 3611 2699 3665 annuntia
2727 3610 2950 3665 verbum
2983 3610 3102 3676 Dei,
3135 3620 3195 3664 ut
3225 3611 3402 3682 (verbi
3440 3612 3642 3684 gratia)
3670 3608 3786 3677 virgi-

2231 3703 2394 3759 nibus
2408 3703 2573 3758 dicito
2596 3720 2609 3755 :
2629 3701 2807 3757 Beata:
2831 3702 2968 3757 estis
2985 3716 3106 3772 qua:
3132 3703 3422 3774 respuistis
3446 3703 3676 3774 nuptiale
3697 3715 3783 3754 can-

2231 3796 2496 3861 sortium,
2523 3795 2664 3851 unde
2693 3803 2749 3851 et
2798 3795 3070 3852 habebitis
3107 3797 3428 3852 societatem
3477 3797 3781 3868 angelorum;

2231 3897 2288 3944 et
2329 3903 2450 3958 qua:
2487 3903 2597 3943 non
2639 3888 2851 3944 habetis
2889 3888 2943 3942 in
2983 3897 3127 3944 terra
3154 3903 3439 3960 sponsum,
3486 3889 3784 3945 babebitis'u

2230 3981 2370 4036 caelo
2398 3993 2656 4050 sponsum
2679 3979 2962 4035 Christum
2980 3981 3151 4036 Deum
3179 3990 3236 4036 et
3257 3982 3545 4039 hominem
3567 3983 3784 4038 victam

2230 4073 2286 4128 in
2332 4082 2620 4128 aeternum.
2675 4072 2854 4128 Dicito
2899 4074 3063 4129 etiam
3110 4074 3308 4130 saeculo
3340 4076 3781 4131 renuntiantibtts:

2229 4163 2379 4220 Beati
2409 4165 2541 4220 estis
2561 4165 2680 4234 qui,
2706 4165 3010 4234 Evangelici
3039 4169 3294 4236 prtecepti
3322 4184 3432 4223 non
3465 4169 3784 4226 iniciemus

2230 4263 2428 4309 cuncta
2481 4264 2695 4310 terrena
2742 4271 2844 4327 pro
2888 4255 3104 4312 Christo
3155 4257 3500 4329 reliquistis,
3550 4268 3785 4330 sequam

2229 4357 2379 4410 eum,
2406 4364 2436 4401 a
2466 4361 2574 4418 quo
2605 4350 2919 4404 thesaurum
2946 4351 3002 4405 in
3029 4351 3171 4406 cutio
3226 4351 3636 4409 indeﬁeientettt
3658 4349 3782 4422 perd-

2228 4435 2408 4506 pietis.
2459 4435 2870 4496 Continentibus
2916 4455 3092 4497 vero:
3123 4442 3272 4498 Beati
3313 4445 3410 4512 qui
3455 4456 3588 4514 post
3625 4444 3782 4496 licitum

2229 4527 2540 4597 nuptiarum
2565 4570 2579 4595 ,
2639 4538 2912 4588 sectantes
2956 4532 3370 4599 continentiam,
3406 4528 3812 4592 internatus-tsi.

2231 4618 2560 4674 contenditis
2594 4619 2713 4687 his,
2751 4621 2818 4676 de
2857 4623 3055 4692 quibus
3085 4624 3281 4679 merito
3305 4624 3555 4680 dicitur:
3598 4624 3818 4696 i'iryillﬂ‘~

2230 4710 2367 4763 enim
2420 4720 2584 4775 sunt,
2636 4721 2684 4766 et
2737 4724 3025 4783 sequuntur
3083 4731 3276 4785 agnum
3331 4732 3646 4788 quocunque
3698 4713 3778 4766 ient

2232 4799 2417 4869 (Apoc.
2437 4801 2573 4873 xlv).
2593 4801 2688 4858 Vel
2715 4801 2886 4860 altare
2907 4803 3235 4874 generaliter
3253 4817 3508 4862 sanctam
3532 4807 3780 4862 Ecclest

2229 4892 2595 4961 accipiamus,
2627 4893 2683 4948 in
2708 4910 2815 4965 quo
2849 4894 2960 4950 Deo
2987 4897 3226 4966 quotidie
3265 4898 3605 4955 sacriﬁcium
3633 4896 3780 4955 laudis,
3895 4945 3897 4966 ,

2227 4992 2285 5039 et
2315 4985 2594 5041 incensum
2631 4988 2896 5045 orationis
2933 4987 3172 5044 odertur.
3220 4989 3413 5047 Metire
3469 4993 3714 5062 tentpluzu
3746 4994 3783 5040 ει

2230 5076 2401 5134 altare
2420 5118 2436 5145 ,
2476 5080 2531 5135 id
2563 5089 2649 5136 est
2674 5083 2967 5137 secundum
2998 5083 3357 5154 capacitatem
3399 5085 3784 5152 uniuscuqu

2229 5183 2537 5224 sermonem
2563 5170 2778 5241 profer,
2805 5173 3139 5245 simplicibus
3169 5175 3505 5246 simpliciora
3525 5217 3545 5242 ,
3577 5173 3788 5248 perlectis

2231 5260 2340 5316 alta
2369 5269 2424 5318 et
2452 5261 2719 5332 profunda
2746 5266 3106 5322 committens.

2299 5356 2508 5410 Atrium
2531 5367 2705 5411 autem
2730 5358 2870 5428 quod
2897 5369 2973 5412 est
2998 5360 3128 5430 [oris
3154 5359 3407 5430 templum
3428 5361 3563 5430 ejice
3586 5361 3787 5430 [οισινά

2227 5461 2292 5500 ne
2321 5447 2553 5500 metiaris
2578 5446 2732 5501 illud.
2761 5447 3001 5504 Miranda
3030 5465 3254 5520 prorsus
3283 5449 3484 5505 locutio
3513 5451 3658 5515 talis,
3678 5447 3788 5518 quod

2228 5538 2358 5594 illud
2388 5539 2534 5596 foras
2559 5539 2684 5610 ejici
2709 5543 2982 5614 praecipit,
3013 5544 3155 5614 quod
3183 5543 3320 5600 foris
3346 5558 3469 5599 esse
3496 5543 3785 5600 ostenditur.

2227 5633 2508 5702 Quomodo
2539 5635 2686 5690 enim
2731 5633 2880 5693 foras
2920 5635 3040 5706 ejici
3084 5648 3286 5709 potest,
3316 5638 3362 5692 si
3395 5638 3546 5692 intus
3571 5652 3675 5692 non
3700 5631 3788 5687 eat?

2229 5727 2336 5785 Sed
2366 5728 2472 5784 tale
2507 5738 2592 5786 est
2620 5730 2758 5796 hoc,
2784 5731 2946 5801 quale
2979 5741 3032 5787 et
3053 5732 3182 5787 illud
3209 5749 3221 5784 :
3255 5731 3555 5787 Deleantur
3580 5733 3648 5787 de
3684 5727 3789 5782 libro

2228 5821 2524 5876 viventium
2543 5861 2557 5886 ,
2588 5822 2642 5877 id
2667 5831 2784 5889 est,
2827 5838 2933 5880 non
2961 5824 3272 5880 scribantur
3302 5825 3352 5877 in
3379 5837 3462 5878 eo.
3504 5823 3586 5877 Ita
3614 5835 3728 5892 ergo
3748 5825 3788 5870 ει

2228 5912 2317 5967 hic
2341 5913 2558 5978 dicitur,
2583 5913 2794 5970 Atrium
2823 5927 2951 5972 vero
2980 5915 3114 5986 eiice
3141 5914 3308 5984 foras,
3338 5915 3390 5970 id
3413 5925 3516 5981 cst,
3553 5915 3662 5971 noli
3689 5904 3790 5967 tu
