  <div class='ocr_page' id='page_1' title='image "/cluster/home/n/w/nwhite01/storage/ocr_20150623/117/hvd.32044015466899/540.png"; bbox 0 0 3972 6426; ppageno 0'>
   <div class='ocr_carea' id='block_1_1' title="bbox 215 481 363 542">
    <p class='ocr_par' dir='ltr' id='par_1_1' title="bbox 215 481 363 542">
     <span class='ocr_line' id='line_1_1' title="bbox 215 481 363 542; baseline 0.014 -2"><span class='ocrx_word' id='word_1_1' title='bbox 215 481 363 542; x_wconf 74' lang='grc'><strong>1069</strong></span> 
     </span>
    </p>
   </div>
   <div class='ocr_carea' id='block_1_2' title="bbox 1112 482 2545 568">
    <p class='ocr_par' dir='ltr' id='par_1_2' title="bbox 1112 482 2545 568">
     <span class='ocr_line' id='line_1_2' title="bbox 1112 482 2545 568; baseline 0.004 -26"><span class='ocrx_word' id='word_1_2' title='bbox 1112 482 1504 568; x_wconf 72' lang='grc' dir='ltr'><strong>⁹ΕΧΡΟὸΙἹἹΟ</strong></span> <span class='ocrx_word' id='word_1_3' title='bbox 1543 488 1612 545; x_wconf 78' lang='lat' dir='ltr'><strong>IN</strong></span> <span class='ocrx_word' id='word_1_4' title='bbox 1646 488 2148 549; x_wconf 75' lang='lat' dir='ltr'><strong>APOCALYPSIN.</strong></span> <span class='ocrx_word' id='word_1_5' title='bbox 2185 522 2258 536; x_wconf 93' lang='lat'><strong>—</strong></span> <span class='ocrx_word' id='word_1_6' title='bbox 2290 492 2419 551; x_wconf 76' lang='lat' dir='ltr'><strong>LIB.</strong></span> <span class='ocrx_word' id='word_1_7' title='bbox 2456 491 2545 551; x_wconf 79' lang='lat' dir='ltr'><strong>In.</strong></span> 
     </span>
    </p>
   </div>
   <div class='ocr_carea' id='block_1_3' title="bbox 3337 496 3480 557">
    <p class='ocr_par' dir='ltr' id='par_1_3' title="bbox 3337 496 3480 557">
     <span class='ocr_line' id='line_1_3' title="bbox 3337 496 3480 557; baseline 0.014 -2"><span class='ocrx_word' id='word_1_8' title='bbox 3337 496 3480 557; x_wconf 72' lang='grc' dir='ltr'><strong>10Ἰο</strong></span> 
     </span>
    </p>
   </div>
   <div class='ocr_carea' id='block_1_4' title="bbox 210 596 3481 682">
    <p class='ocr_par' dir='ltr' id='par_1_4' title="bbox 210 596 3481 682">
     <span class='ocr_line' id='line_1_4' title="bbox 210 596 3481 682; baseline 0.006 -26"><span class='ocrx_word' id='word_1_9' title='bbox 210 605 526 670; x_wconf 74' lang='lat' dir='ltr'><strong>computum</strong></span> <span class='ocrx_word' id='word_1_10' title='bbox 563 597 728 653; x_wconf 88' lang='lat' dir='ltr'><strong>intus.</strong></span> <span class='ocrx_word' id='word_1_11' title='bbox 759 596 865 653; x_wconf 86' lang='lat' dir='ltr'><strong>Per</strong></span> <span class='ocrx_word' id='word_1_12' title='bbox 899 599 1097 654; x_wconf 98' lang='lat' dir='ltr'><strong>atrium</strong></span> <span class='ocrx_word' id='word_1_13' title='bbox 1126 606 1305 658; x_wconf 83' lang='lat' dir='ltr'><strong>autem</strong></span> <span class='ocrx_word' id='word_1_14' title='bbox 1333 605 1479 674; x_wconf 87' lang='lat' dir='ltr'><strong>quod</strong></span> <span class='ocrx_word' id='word_1_15' title='bbox 1519 602 1652 661; x_wconf 81' lang='lat' dir='ltr'><strong>foris</strong></span> <span class='ocrx_word' id='word_1_16' title='bbox 1683 611 1787 671; x_wconf 89' lang='lat' dir='ltr'><strong>est,</strong></span> <span class='ocrx_word' id='word_1_17' title='bbox 1816 609 1872 671; x_wconf 70' lang='grc' dir='ltr'><strong>Α</strong></span> <span class='ocrx_word' id='word_1_18' title='bbox 1893 618 2003 676; x_wconf 91' lang='lat' dir='ltr'><strong>quo</strong></span> <span class='ocrx_word' id='word_1_19' title='bbox 2032 607 2347 667; x_wconf 84' lang='lat' dir='ltr'><strong>submersus</strong></span> <span class='ocrx_word' id='word_1_20' title='bbox 2370 618 2457 667; x_wconf 84' lang='lat' dir='ltr'><strong>est</strong></span> <span class='ocrx_word' id='word_1_21' title='bbox 2491 610 2704 668; x_wconf 78' lang='lat' dir='ltr'><strong>Pharao</strong></span> <span class='ocrx_word' id='word_1_22' title='bbox 2736 625 2861 669; x_wconf 90' lang='lat' dir='ltr'><strong>cum</strong></span> <span class='ocrx_word' id='word_1_23' title='bbox 2889 613 3006 670; x_wconf 84' lang='lat' dir='ltr'><strong>suis</strong></span> <span class='ocrx_word' id='word_1_24' title='bbox 3029 615 3386 682; x_wconf 80' lang='lat' dir='ltr'><strong>exercitibus,</strong></span> <span class='ocrx_word' id='word_1_25' title='bbox 3421 616 3481 675; x_wconf 87' lang='lat' dir='ltr'><strong>id</strong></span> 
     </span>
    </p>
   </div>
   <div class='ocr_carea' id='block_1_5' title="bbox 208 691 1797 767">
    <p class='ocr_par' dir='ltr' id='par_1_5' title="bbox 208 691 1797 767">
     <span class='ocr_line' id='line_1_5' title="bbox 208 691 1797 767; baseline 0.001 -18"><span class='ocrx_word' id='word_1_26' title='bbox 208 692 582 762; x_wconf 82' lang='lat' dir='ltr'><strong>intelliguntur</strong></span> <span class='ocrx_word' id='word_1_27' title='bbox 609 691 874 758; x_wconf 78' lang='lat' dir='ltr'><strong>haeretici,</strong></span> <span class='ocrx_word' id='word_1_28' title='bbox 908 693 1136 763; x_wconf 84' lang='lat' dir='ltr'><strong>pagani,</strong></span> <span class='ocrx_word' id='word_1_29' title='bbox 1165 703 1223 750; x_wconf 90' lang='lat' dir='ltr'><strong>et</strong></span> <span class='ocrx_word' id='word_1_30' title='bbox 1249 693 1453 763; x_wconf 64' lang='lat' dir='ltr'><strong>Judaei,</strong></span> <span class='ocrx_word' id='word_1_31' title='bbox 1494 697 1689 767; x_wconf 80' lang='lat' dir='ltr'><strong>quibus</strong></span> <span class='ocrx_word' id='word_1_32' title='bbox 1727 696 1797 751; x_wconf 86' lang='lat' dir='ltr'><strong>ad</strong></span> 
     </span>
    </p>
   </div>
   <div class='ocr_carea' id='block_1_6' title="bbox 211 785 1795 859">
    <p class='ocr_par' dir='ltr' id='par_1_6' title="bbox 211 785 1795 859">
     <span class='ocr_line' id='line_1_6' title="bbox 211 785 1795 859; baseline 0.002 -18"><span class='ocrx_word' id='word_1_33' title='bbox 211 795 399 841; x_wconf 88' lang='lat' dir='ltr'><strong>sancta</strong></span> <span class='ocrx_word' id='word_1_34' title='bbox 426 792 738 847; x_wconf 84' lang='lat' dir='ltr'><strong>sanctorum</strong></span> <span class='ocrx_word' id='word_1_35' title='bbox 768 785 946 841; x_wconf 88' lang='lat' dir='ltr'><strong>nullus</strong></span> <span class='ocrx_word' id='word_1_36' title='bbox 984 794 1132 856; x_wconf 83' lang='lat' dir='ltr'><strong>patet</strong></span> <span class='ocrx_word' id='word_1_37' title='bbox 1170 786 1467 856; x_wconf 78' lang='lat' dir='ltr'><strong>ingressus,</strong></span> <span class='ocrx_word' id='word_1_38' title='bbox 1500 789 1795 859; x_wconf 84' lang='lat' dir='ltr'><strong>de&#39;quibus</strong></span> 
     </span>
    </p>
   </div>
   <div class='ocr_carea' id='block_1_7' title="bbox 207 876 1797 954">
    <p class='ocr_par' dir='ltr' id='par_1_7' title="bbox 207 876 1797 954">
     <span class='ocr_line' id='line_1_7' title="bbox 207 876 1797 954; baseline 0.001 -16"><span class='ocrx_word' id='word_1_39' title='bbox 207 881 405 939; x_wconf 76' lang='lat' dir='ltr'><strong>Paulus</strong></span> <span class='ocrx_word' id='word_1_40' title='bbox 448 882 581 937; x_wconf 81' lang='lat' dir='ltr'><strong>dicit</strong></span> <span class='ocrx_word' id='word_1_41' title='bbox 607 896 624 936; x_wconf 90' lang='lat'><strong>:</strong></span> <span class='ocrx_word' id='word_1_42' title='bbox 660 876 802 948; x_wconf 76' lang='lat' dir='ltr'><strong>Quid</strong></span> <span class='ocrx_word' id='word_1_43' title='bbox 830 890 1006 936; x_wconf 80' lang='lat' dir='ltr'><strong>autem</strong></span> <span class='ocrx_word' id='word_1_44' title='bbox 1039 882 1167 937; x_wconf 80' lang='lat' dir='ltr'><strong>mihi</strong></span> <span class='ocrx_word' id='word_1_45' title='bbox 1193 883 1258 938; x_wconf 78' lang='lat' dir='ltr'><strong>de</strong></span> <span class='ocrx_word' id='word_1_46' title='bbox 1284 883 1364 938; x_wconf 79' lang='lat' dir='ltr'><strong>Itis</strong></span> <span class='ocrx_word' id='word_1_47' title='bbox 1394 884 1483 954; x_wconf 81' lang='lat' dir='ltr'><strong>qui</strong></span> <span class='ocrx_word' id='word_1_48' title='bbox 1520 876 1648 954; x_wconf 79' lang='lat' dir='ltr'><strong>foris</strong></span> <span class='ocrx_word' id='word_1_49' title='bbox 1674 890 1797 939; x_wconf 80' lang='lat' dir='ltr'><strong>sunt</strong></span> 
     </span>
    </p>
   </div>
   <div class='ocr_carea' id='block_1_8' title="bbox 197 962 1797 1046">
    <p class='ocr_par' dir='ltr' id='par_1_8' title="bbox 197 962 1797 1046">
     <span class='ocr_line' id='line_1_8' title="bbox 197 962 1797 1046; baseline 0.003 -19"><span class='ocrx_word' id='word_1_50' title='bbox 197 962 445 1046; x_wconf 75' lang='lat' dir='ltr'><strong>judicare</strong></span> <span class='ocrx_word' id='word_1_51' title='bbox 463 972 490 1027; x_wconf 69' lang='lat' dir='ltr'><strong>l</strong></span> <span class='ocrx_word' id='word_1_52' title='bbox 507 972 560 1046; x_wconf 88' lang='grc'><strong>(1</strong></span> <span class='ocrx_word' id='word_1_53' title='bbox 582 970 706 1028; x_wconf 84' lang='lat' dir='ltr'><strong>Cor.</strong></span> <span class='ocrx_word' id='word_1_54' title='bbox 724 971 805 1044; x_wconf 85' lang='lat' dir='ltr'><strong>v.)</strong></span> <span class='ocrx_word' id='word_1_55' title='bbox 829 972 1050 1028; x_wconf 88' lang='lat' dir='ltr'><strong>Dicatur</strong></span> <span class='ocrx_word' id='word_1_56' title='bbox 1068 988 1216 1044; x_wconf 84' lang='lat' dir='ltr'><strong>ergo,</strong></span> <span class='ocrx_word' id='word_1_57' title='bbox 1242 986 1312 1029; x_wconf 95' lang='lat' dir='ltr'><strong>ne</strong></span> <span class='ocrx_word' id='word_1_58' title='bbox 1333 974 1577 1031; x_wconf 80' lang='lat' dir='ltr'><strong>metiaris</strong></span> <span class='ocrx_word' id='word_1_59' title='bbox 1597 977 1797 1032; x_wconf 87' lang='lat' dir='ltr'><strong>atrium</strong></span> 
     </span>
    </p>
   </div>
   <div class='ocr_carea' id='block_1_9' title="bbox 206 1062 1796 1134">
    <p class='ocr_par' dir='ltr' id='par_1_9' title="bbox 206 1062 1796 1134">
     <span class='ocr_line' id='line_1_9' title="bbox 206 1062 1796 1134; baseline 0.003 -16"><span class='ocrx_word' id='word_1_60' title='bbox 206 1063 351 1133; x_wconf 83' lang='lat' dir='ltr'><strong>quod</strong></span> <span class='ocrx_word' id='word_1_61' title='bbox 375 1062 506 1117; x_wconf 81' lang='lat' dir='ltr'><strong>furis</strong></span> <span class='ocrx_word' id='word_1_62' title='bbox 531 1072 636 1129; x_wconf 85' lang='lat' dir='ltr'><strong>est,</strong></span> <span class='ocrx_word' id='word_1_63' title='bbox 664 1063 719 1117; x_wconf 88' lang='lat' dir='ltr'><strong>id</strong></span> <span class='ocrx_word' id='word_1_64' title='bbox 737 1070 840 1127; x_wconf 89' lang='lat' dir='ltr'><strong>est,</strong></span> <span class='ocrx_word' id='word_1_65' title='bbox 856 1063 966 1118; x_wconf 86' lang='lat' dir='ltr'><strong>noli</strong></span> <span class='ocrx_word' id='word_1_66' title='bbox 991 1063 1126 1118; x_wconf 88' lang='lat' dir='ltr'><strong>tales</strong></span> <span class='ocrx_word' id='word_1_67' title='bbox 1146 1072 1461 1134; x_wconf 83' lang='lat' dir='ltr'><strong>computare</strong></span> <span class='ocrx_word' id='word_1_68' title='bbox 1487 1066 1541 1119; x_wconf 90' lang='lat' dir='ltr'><strong>in</strong></span> <span class='ocrx_word' id='word_1_69' title='bbox 1568 1072 1796 1123; x_wconf 79' lang='lat' dir='ltr'><strong>numero</strong></span> 
     </span>
    </p>
   </div>
   <div class='ocr_carea' id='block_1_10' title="bbox 205 1153 1796 1224">
    <p class='ocr_par' dir='ltr' id='par_1_10' title="bbox 205 1153 1796 1224">
     <span class='ocr_line' id='line_1_10' title="bbox 205 1153 1796 1224; baseline 0.003 -16"><span class='ocrx_word' id='word_1_70' title='bbox 205 1159 533 1216; x_wconf 83' lang='lat' dir='ltr'><strong>sanctorum,</strong></span> <span class='ocrx_word' id='word_1_71' title='bbox 564 1154 812 1223; x_wconf 74' lang='lat' dir='ltr'><strong>quoniam</strong></span> <span class='ocrx_word' id='word_1_72' title='bbox 839 1153 1020 1207; x_wconf 79' lang='lat' dir='ltr'><strong>datam</strong></span> <span class='ocrx_word' id='word_1_73' title='bbox 1055 1160 1130 1207; x_wconf 81' lang='lat' dir='ltr'><strong>est</strong></span> <span class='ocrx_word' id='word_1_74' title='bbox 1151 1154 1406 1224; x_wconf 74' lang='lat' dir='ltr'><strong>gentibus.</strong></span> <span class='ocrx_word' id='word_1_75' title='bbox 1437 1154 1493 1211; x_wconf 89' lang='lat' dir='ltr'><strong>ld</strong></span> <span class='ocrx_word' id='word_1_76' title='bbox 1519 1166 1622 1223; x_wconf 86' lang='lat' dir='ltr'><strong>est,</strong></span> <span class='ocrx_word' id='word_1_77' title='bbox 1648 1170 1796 1212; x_wconf 88' lang='lat' dir='ltr'><strong>com-</strong></span> 
     </span>
    </p>
   </div>
   <div class='ocr_carea' id='block_1_11' title="bbox 203 1245 1796 1318">
    <p class='ocr_par' dir='ltr' id='par_1_11' title="bbox 203 1245 1796 1318">
     <span class='ocr_line' id='line_1_11' title="bbox 203 1245 1796 1318; baseline 0.003 -18"><span class='ocrx_word' id='word_1_78' title='bbox 203 1246 354 1300; x_wconf 84' lang='lat' dir='ltr'><strong>muni</strong></span> <span class='ocrx_word' id='word_1_79' title='bbox 382 1254 650 1300; x_wconf 89' lang='lat' dir='ltr'><strong>tormento</strong></span> <span class='ocrx_word' id='word_1_80' title='bbox 676 1245 962 1316; x_wconf 86' lang='lat' dir='ltr'><strong>peribunt,</strong></span> <span class='ocrx_word' id='word_1_81' title='bbox 990 1253 1049 1301; x_wconf 90' lang='lat' dir='ltr'><strong>et</strong></span> <span class='ocrx_word' id='word_1_82' title='bbox 1092 1245 1235 1301; x_wconf 85' lang='lat' dir='ltr'><strong>inter</strong></span> <span class='ocrx_word' id='word_1_83' title='bbox 1259 1250 1355 1302; x_wconf 81' lang='lat' dir='ltr'><strong>eos</strong></span> <span class='ocrx_word' id='word_1_84' title='bbox 1398 1246 1796 1318; x_wconf 80' lang='lat' dir='ltr'><strong>reputabuntlir</strong></span> 
     </span>
    </p>
   </div>
   <div class='ocr_carea' id='block_1_12' title="bbox 201 1335 1799 1407">
    <p class='ocr_par' dir='ltr' id='par_1_12' title="bbox 201 1335 1799 1407">
     <span class='ocr_line' id='line_1_12' title="bbox 201 1335 1799 1407; baseline 0.004 -17"><span class='ocrx_word' id='word_1_85' title='bbox 201 1336 297 1407; x_wconf 85' lang='lat' dir='ltr'><strong>qui</strong></span> <span class='ocrx_word' id='word_1_86' title='bbox 342 1336 484 1391; x_wconf 89' lang='lat' dir='ltr'><strong>idola</strong></span> <span class='ocrx_word' id='word_1_87' title='bbox 528 1335 744 1402; x_wconf 87' lang='lat' dir='ltr'><strong>colunt,</strong></span> <span class='ocrx_word' id='word_1_88' title='bbox 788 1336 1045 1405; x_wconf 82' lang='lat' dir='ltr'><strong>quoniam</strong></span> <span class='ocrx_word' id='word_1_89' title='bbox 1084 1344 1142 1391; x_wconf 91' lang='lat' dir='ltr'><strong>et</strong></span> <span class='ocrx_word' id='word_1_90' title='bbox 1184 1336 1261 1392; x_wconf 87' lang='lat' dir='ltr'><strong>illi</strong></span> <span class='ocrx_word' id='word_1_91' title='bbox 1298 1337 1588 1393; x_wconf 83' lang='lat' dir='ltr'><strong>simulacra</strong></span> <span class='ocrx_word' id='word_1_92' title='bbox 1617 1339 1799 1396; x_wconf 74' lang='lat' dir='ltr'><strong>colere</strong></span> 
     </span>
    </p>
   </div>
   <div class='ocr_carea' id='block_1_13' title="bbox 199 1428 1795 1499">
    <p class='ocr_par' dir='ltr' id='par_1_13' title="bbox 199 1428 1795 1499">
     <span class='ocr_line' id='line_1_13' title="bbox 199 1428 1795 1499; baseline 0.003 -16"><span class='ocrx_word' id='word_1_93' title='bbox 199 1428 483 1496; x_wconf 88' lang='lat' dir='ltr'><strong>videntur,</strong></span> <span class='ocrx_word' id='word_1_94' title='bbox 529 1428 871 1484; x_wconf 82' lang='lat' dir='ltr'><strong>mendacium</strong></span> <span class='ocrx_word' id='word_1_95' title='bbox 920 1430 1020 1499; x_wconf 77' lang='lat' dir='ltr'><strong>pro</strong></span> <span class='ocrx_word' id='word_1_96' title='bbox 1047 1428 1279 1484; x_wconf 76' lang='lat' dir='ltr'><strong>veritate</strong></span> <span class='ocrx_word' id='word_1_97' title='bbox 1319 1434 1585 1485; x_wconf 76' lang='lat' dir='ltr'><strong>tenentes;</strong></span> <span class='ocrx_word' id='word_1_98' title='bbox 1623 1428 1795 1487; x_wconf 75' lang='lat' dir='ltr'><strong>Judaei</strong></span> 
     </span>
    </p>
   </div>
   <div class='ocr_carea' id='block_1_14' title="bbox 200 1518 1790 1588">
    <p class='ocr_par' dir='ltr' id='par_1_14' title="bbox 200 1518 1790 1588">
     <span class='ocr_line' id='line_1_14' title="bbox 200 1518 1790 1588; baseline -0.001 -11"><span class='ocrx_word' id='word_1_99' title='bbox 200 1535 261 1577; x_wconf 87' lang='lat' dir='ltr'><strong>se</strong></span> <span class='ocrx_word' id='word_1_100' title='bbox 295 1520 482 1576; x_wconf 89' lang='lat' dir='ltr'><strong>dicunt</strong></span> <span class='ocrx_word' id='word_1_101' title='bbox 508 1520 731 1575; x_wconf 83' lang='lat' dir='ltr'><strong>credere</strong></span> <span class='ocrx_word' id='word_1_102' title='bbox 758 1519 812 1574; x_wconf 86' lang='lat' dir='ltr'><strong>in</strong></span> <span class='ocrx_word' id='word_1_103' title='bbox 840 1519 1012 1574; x_wconf 89' lang='lat' dir='ltr'><strong>Deum</strong></span> <span class='ocrx_word' id='word_1_104' title='bbox 1045 1518 1285 1585; x_wconf 80' lang='lat' dir='ltr'><strong>Patrem,</strong></span> <span class='ocrx_word' id='word_1_105' title='bbox 1311 1518 1409 1575; x_wconf 84' lang='lat' dir='ltr'><strong>sed</strong></span> <span class='ocrx_word' id='word_1_106' title='bbox 1433 1518 1790 1588; x_wconf 74' lang='lat' dir='ltr'><strong>mentiuntur,</strong></span> 
     </span>
    </p>
   </div>
   <div class='ocr_carea' id='block_1_15' title="bbox 200 1609 1797 1683">
    <p class='ocr_par' dir='ltr' id='par_1_15' title="bbox 200 1609 1797 1683">
     <span class='ocr_line' id='line_1_15' title="bbox 200 1609 1797 1683; baseline 0 -15"><span class='ocrx_word' id='word_1_107' title='bbox 200 1614 325 1683; x_wconf 85' lang='lat' dir='ltr'><strong>quia</strong></span> <span class='ocrx_word' id='word_1_108' title='bbox 348 1611 441 1683; x_wconf 86' lang='lat' dir='ltr'><strong>qui</strong></span> <span class='ocrx_word' id='word_1_109' title='bbox 470 1626 573 1667; x_wconf 91' lang='lat' dir='ltr'><strong>non</strong></span> <span class='ocrx_word' id='word_1_110' title='bbox 604 1612 766 1667; x_wconf 81' lang='lat' dir='ltr'><strong>habet</strong></span> <span class='ocrx_word' id='word_1_111' title='bbox 790 1609 1008 1676; x_wconf 79' lang='lat' dir='ltr'><strong>Filium,-</strong></span> <span class='ocrx_word' id='word_1_112' title='bbox 1034 1622 1136 1666; x_wconf 87' lang='lat' dir='ltr'><strong>nec</strong></span> <span class='ocrx_word' id='word_1_113' title='bbox 1163 1610 1386 1667; x_wconf 80' lang='lat' dir='ltr'><strong>Patrem</strong></span> <span class='ocrx_word' id='word_1_114' title='bbox 1411 1611 1593 1677; x_wconf 76' lang='lat' dir='ltr'><strong>habet;</strong></span> <span class='ocrx_word' id='word_1_115' title='bbox 1621 1620 1676 1668; x_wconf 90' lang='lat' dir='ltr'><strong>et</strong></span> <span class='ocrx_word' id='word_1_116' title='bbox 1701 1612 1797 1682; x_wconf 65' lang='lat' dir='ltr'><strong>Qui</strong></span> 
     </span>
    </p>
   </div>
   <div class='ocr_carea' id='block_1_16' title="bbox 197 1698 1793 1775">
    <p class='ocr_par' dir='ltr' id='par_1_16' title="bbox 197 1698 1793 1775">
     <span class='ocr_line' id='line_1_16' title="bbox 197 1698 1793 1775; baseline -0.002 -14"><span class='ocrx_word' id='word_1_117' title='bbox 197 1703 673 1773; x_wconf 52' lang='lat' dir='ltr'><strong>non,honoriﬂcat</strong></span> <span class='ocrx_word' id='word_1_118' title='bbox 697 1698 927 1768; x_wconf 77' lang='lat' dir='ltr'><strong>Filium;</strong></span> <span class='ocrx_word' id='word_1_119' title='bbox 961 1716 1068 1759; x_wconf 90' lang='lat' dir='ltr'><strong>non</strong></span> <span class='ocrx_word' id='word_1_120' title='bbox 1099 1702 1423 1759; x_wconf 78' lang='lat' dir='ltr'><strong>honurlii&#39;cat</strong></span> <span class='ocrx_word' id='word_1_121' title='bbox 1452 1701 1671 1759; x_wconf 78' lang='lat' dir='ltr'><strong>Patrem</strong></span> <span class='ocrx_word' id='word_1_122' title='bbox 1699 1702 1793 1775; x_wconf 78' lang='lat' dir='ltr'><strong>qui</strong></span> 
     </span>
    </p>
   </div>
   <div class='ocr_carea' id='block_1_17' title="bbox 198 1793 1791 1866">
    <p class='ocr_par' dir='ltr' id='par_1_17' title="bbox 198 1793 1791 1866">
     <span class='ocr_line' id='line_1_17' title="bbox 198 1793 1791 1866; baseline -0.001 -14"><span class='ocrx_word' id='word_1_123' title='bbox 198 1795 349 1852; x_wconf 85' lang='lat' dir='ltr'><strong>misit</strong></span> <span class='ocrx_word' id='word_1_124' title='bbox 378 1794 549 1850; x_wconf 82' lang='lat' dir='ltr'><strong>illum.</strong></span> <span class='ocrx_word' id='word_1_125' title='bbox 582 1793 919 1850; x_wconf 70' lang='lat' dir='ltr'><strong>Mendacium</strong></span> <span class='ocrx_word' id='word_1_126' title='bbox 962 1798 1092 1866; x_wconf 81' lang='lat' dir='ltr'><strong>ergo</strong></span> <span class='ocrx_word' id='word_1_127' title='bbox 1122 1796 1334 1863; x_wconf 83' lang='lat' dir='ltr'><strong>colunt,</strong></span> <span class='ocrx_word' id='word_1_128' title='bbox 1375 1795 1469 1866; x_wconf 80' lang='lat' dir='ltr'><strong>qui</strong></span> <span class='ocrx_word' id='word_1_129' title='bbox 1509 1796 1791 1851; x_wconf 80' lang='lat' dir='ltr'><strong>veritatem</strong></span> 
     </span>
    </p>
   </div>
   <div class='ocr_carea' id='block_1_18' title="bbox 195 1884 1790 1958">
    <p class='ocr_par' dir='ltr' id='par_1_18' title="bbox 195 1884 1790 1958">
     <span class='ocr_line' id='line_1_18' title="bbox 195 1884 1790 1958; baseline 0.001 -14"><span class='ocrx_word' id='word_1_130' title='bbox 195 1904 307 1945; x_wconf 89' lang='lat' dir='ltr'><strong>non</strong></span> <span class='ocrx_word' id='word_1_131' title='bbox 348 1888 595 1943; x_wconf 74' lang='lat' dir='ltr'><strong>adorant;</strong></span> <span class='ocrx_word' id='word_1_132' title='bbox 642 1884 894 1943; x_wconf 68' lang='lat' dir='ltr'><strong>Hazreﬁci</strong></span> <span class='ocrx_word' id='word_1_133' title='bbox 939 1892 1157 1958; x_wconf 84' lang='lat' dir='ltr'><strong>quoque</strong></span> <span class='ocrx_word' id='word_1_134' title='bbox 1199 1888 1441 1944; x_wconf 86' lang='lat' dir='ltr'><strong>diversos</strong></span> <span class='ocrx_word' id='word_1_135' title='bbox 1471 1886 1688 1944; x_wconf 63' lang='lat' dir='ltr'><strong>eti-otes</strong></span> <span class='ocrx_word' id='word_1_136' title='bbox 1723 1886 1790 1945; x_wconf 83' lang='lat' dir='ltr'><strong>de</strong></span> 
     </span>
    </p>
   </div>
   <div class='ocr_carea' id='block_1_19' title="bbox 1895 698 3475 777">
    <p class='ocr_par' dir='ltr' id='par_1_19' title="bbox 1895 698 3475 777">
     <span class='ocr_line' id='line_1_19' title="bbox 1895 698 3475 777; baseline 0.009 -25"><span class='ocrx_word' id='word_1_137' title='bbox 1895 705 1982 752; x_wconf 88' lang='lat' dir='ltr'><strong>est</strong></span> <span class='ocrx_word' id='word_1_138' title='bbox 2039 698 2288 755; x_wconf 77' lang='lat' dir='ltr'><strong>diabolus</strong></span> <span class='ocrx_word' id='word_1_139' title='bbox 2342 706 2469 757; x_wconf 82' lang='lat' dir='ltr'><strong>cum</strong></span> <span class='ocrx_word' id='word_1_140' title='bbox 2519 703 2770 760; x_wconf 83' lang='lat' dir='ltr'><strong>omnibus</strong></span> <span class='ocrx_word' id='word_1_141' title='bbox 2820 704 3060 774; x_wconf 79' lang='lat' dir='ltr'><strong>peccatis</strong></span> <span class='ocrx_word' id='word_1_142' title='bbox 3108 706 3475 777; x_wconf 78' lang='lat' dir='ltr'><strong>urigiualibus.</strong></span> 
     </span>
    </p>
   </div>
   <div class='ocr_carea' id='block_1_20' title="bbox 1894 787 3480 866">
    <p class='ocr_par' dir='ltr' id='par_1_20' title="bbox 1894 787 3480 866">
     <span class='ocr_line' id='line_1_20' title="bbox 1894 787 3480 866; baseline 0.006 -23"><span class='ocrx_word' id='word_1_143' title='bbox 1894 787 2049 857; x_wconf 80' lang='lat' dir='ltr'><strong>Quod</strong></span> <span class='ocrx_word' id='word_1_144' title='bbox 2093 804 2225 862; x_wconf 88' lang='lat' dir='ltr'><strong>ergo</strong></span> <span class='ocrx_word' id='word_1_145' title='bbox 2268 791 2344 846; x_wconf 88' lang='lat' dir='ltr'><strong>ibi</strong></span> <span class='ocrx_word' id='word_1_146' title='bbox 2389 806 2489 862; x_wconf 80' lang='lat' dir='ltr'><strong>per</strong></span> <span class='ocrx_word' id='word_1_147' title='bbox 2526 794 2880 866; x_wconf 72' lang='lat' dir='ltr'><strong>quadraginta</strong></span> <span class='ocrx_word' id='word_1_148' title='bbox 2906 795 3043 852; x_wconf 89' lang='lat' dir='ltr'><strong>duas</strong></span> <span class='ocrx_word' id='word_1_149' title='bbox 3065 796 3377 855; x_wconf 85' lang='lat' dir='ltr'><strong>mansiones</strong></span> <span class='ocrx_word' id='word_1_150' title='bbox 3423 798 3480 853; x_wconf 88' lang='lat' dir='ltr'><strong>in</strong></span> 
     </span>
    </p>
   </div>
   <div class='ocr_carea' id='block_1_21' title="bbox 1894 879 3480 959">
    <p class='ocr_par' dir='ltr' id='par_1_21' title="bbox 1894 879 3480 959">
     <span class='ocr_line' id='line_1_21' title="bbox 1894 879 3480 959; baseline 0.008 -26"><span class='ocrx_word' id='word_1_151' title='bbox 1894 879 2067 951; x_wconf 86' lang='lat' dir='ltr'><strong>iigura</strong></span> <span class='ocrx_word' id='word_1_152' title='bbox 2094 879 2294 937; x_wconf 75' lang='lat' dir='ltr'><strong>factum</strong></span> <span class='ocrx_word' id='word_1_153' title='bbox 2323 885 2618 953; x_wconf 66' lang='lat' dir='ltr'><strong>precessit,</strong></span> <span class='ocrx_word' id='word_1_154' title='bbox 2646 886 2751 941; x_wconf 87' lang='lat' dir='ltr'><strong>hoc</strong></span> <span class='ocrx_word' id='word_1_155' title='bbox 2777 886 2869 942; x_wconf 87' lang='lat' dir='ltr'><strong>hic</strong></span> <span class='ocrx_word' id='word_1_156' title='bbox 2891 901 2993 958; x_wconf 88' lang='lat' dir='ltr'><strong>per</strong></span> <span class='ocrx_word' id='word_1_157' title='bbox 3014 898 3227 944; x_wconf 89' lang='lat' dir='ltr'><strong>menses</strong></span> <span class='ocrx_word' id='word_1_158' title='bbox 3250 887 3480 959; x_wconf 78' lang='lat' dir='ltr'><strong>ﬁgurata</strong></span> 
     </span>
    </p>
   </div>
   <div class='ocr_carea' id='block_1_22' title="bbox 1892 969 3477 1050">
    <p class='ocr_par' dir='ltr' id='par_1_22' title="bbox 1892 969 3477 1050">
     <span class='ocr_line' id='line_1_22' title="bbox 1892 969 3477 1050; baseline 0.008 -25"><span class='ocrx_word' id='word_1_159' title='bbox 1892 969 2094 1027; x_wconf 85' lang='lat' dir='ltr'><strong>locutio</strong></span> <span class='ocrx_word' id='word_1_160' title='bbox 2113 974 2399 1044; x_wconf 75' lang='lat' dir='ltr'><strong>expressit.</strong></span> <span class='ocrx_word' id='word_1_161' title='bbox 2437 973 2711 1032; x_wconf 66' lang='lat' dir='ltr'><strong>lensibus</strong></span> <span class='ocrx_word' id='word_1_162' title='bbox 2729 991 2859 1049; x_wconf 87' lang='lat' dir='ltr'><strong>ergo</strong></span> <span class='ocrx_word' id='word_1_163' title='bbox 2891 979 3245 1050; x_wconf 73' lang='lat' dir='ltr'><strong>quadraginta</strong></span> <span class='ocrx_word' id='word_1_164' title='bbox 3270 979 3477 1037; x_wconf 86' lang='lat' dir='ltr'><strong>duobus</strong></span> 
     </span>
    </p>
   </div>
   <div class='ocr_carea' id='block_1_23' title="bbox 1894 1060 3479 1141">
    <p class='ocr_par' dir='ltr' id='par_1_23' title="bbox 1894 1060 3479 1141">
     <span class='ocr_line' id='line_1_23' title="bbox 1894 1060 3479 1141; baseline 0.008 -25"><span class='ocrx_word' id='word_1_165' title='bbox 1894 1060 2134 1118; x_wconf 82' lang='lat' dir='ltr'><strong>calcatur</strong></span> <span class='ocrx_word' id='word_1_166' title='bbox 2181 1063 2406 1132; x_wconf 76' lang='lat' dir='ltr'><strong>civitas,</strong></span> <span class='ocrx_word' id='word_1_167' title='bbox 2449 1067 2576 1135; x_wconf 85' lang='lat' dir='ltr'><strong>quia</strong></span> <span class='ocrx_word' id='word_1_168' title='bbox 2628 1068 2864 1135; x_wconf 70' lang='lat' dir='ltr'><strong>quamdiu</strong></span> <span class='ocrx_word' id='word_1_169' title='bbox 2916 1069 2971 1124; x_wconf 90' lang='lat' dir='ltr'><strong>in</strong></span> <span class='ocrx_word' id='word_1_170' title='bbox 3009 1071 3294 1141; x_wconf 64' lang='lat' dir='ltr'><strong>praiseutis</strong></span> <span class='ocrx_word' id='word_1_171' title='bbox 3354 1072 3479 1128; x_wconf 67' lang='lat' dir='ltr'><strong>vita</strong></span> 
     </span>
    </p>
   </div>
   <div class='ocr_carea' id='block_1_24' title="bbox 1893 1148 3480 1241">
    <p class='ocr_par' dir='ltr' id='par_1_24' title="bbox 1893 1148 3480 1241">
     <span class='ocr_line' id='line_1_24' title="bbox 1893 1148 3480 1241; baseline 0.011 -38"><span class='ocrx_word' id='word_1_172' title='bbox 1893 1148 2091 1241; x_wconf 81' lang='lat' dir='ltr'><strong>itinere</strong></span> <span class='ocrx_word' id='word_1_173' title='bbox 2114 1153 2327 1220; x_wconf 81' lang='lat' dir='ltr'><strong>transit,</strong></span> <span class='ocrx_word' id='word_1_174' title='bbox 2356 1155 2789 1225; x_wconf 77' lang='lat' dir='ltr'><strong>persecutionem</strong></span> <span class='ocrx_word' id='word_1_175' title='bbox 2813 1158 2882 1213; x_wconf 87' lang='lat' dir='ltr'><strong>ab</strong></span> <span class='ocrx_word' id='word_1_176' title='bbox 3123 1162 3355 1219; x_wconf 83' lang='lat' dir='ltr'><strong>sustinet</strong></span> <span class='ocrx_word' id='word_1_177' title='bbox 3373 1161 3480 1220; x_wconf 78' lang='lat' dir='ltr'><strong>Ec-</strong></span> 
     </span>
    </p>
   </div>
   <div class='ocr_carea' id='block_1_25' title="bbox 1893 1241 2081 1298">
    <p class='ocr_par' dir='ltr' id='par_1_25' title="bbox 1893 1241 2081 1298">
     <span class='ocr_line' id='line_1_25' title="bbox 1893 1241 2081 1298; baseline -0.005 0"><span class='ocrx_word' id='word_1_178' title='bbox 1893 1241 2081 1298; x_wconf 83' lang='lat' dir='ltr'><strong>clesia.</strong></span> 
     </span>
    </p>
   </div>
   <div class='ocr_carea' id='block_1_26' title="bbox 1964 1329 3479 1414">
    <p class='ocr_par' dir='ltr' id='par_1_26' title="bbox 1964 1329 3479 1414">
     <span class='ocr_line' id='line_1_26' title="bbox 1964 1329 3479 1414; baseline 0.013 -30"><span class='ocrx_word' id='word_1_179' title='bbox 1964 1329 2036 1385; x_wconf 80' lang='lat' dir='ltr'><strong>Et</strong></span> <span class='ocrx_word' id='word_1_180' title='bbox 2075 1332 2211 1387; x_wconf 74' lang='lat' dir='ltr'><strong>dabo</strong></span> <span class='ocrx_word' id='word_1_181' title='bbox 2236 1333 2443 1389; x_wconf 69' lang='lat' dir='ltr'><strong>duobus</strong></span> <span class='ocrx_word' id='word_1_182' title='bbox 2480 1335 2694 1392; x_wconf 71' lang='lat' dir='ltr'><strong>testibus</strong></span> <span class='ocrx_word' id='word_1_183' title='bbox 2734 1339 2882 1406; x_wconf 78' lang='lat' dir='ltr'><strong>meis,</strong></span> <span class='ocrx_word' id='word_1_184' title='bbox 2916 1346 2966 1395; x_wconf 77' lang='lat' dir='ltr'><strong>et</strong></span> <span class='ocrx_word' id='word_1_185' title='bbox 2991 1344 3392 1414; x_wconf 67' lang='lat' dir='ltr'><strong>prophetadsnt,</strong></span> <span class='ocrx_word' id='word_1_186' title='bbox 3422 1346 3479 1403; x_wconf 97' lang='lat' dir='ltr'><strong>id</strong></span> 
     </span>
    </p>
   </div>
   <div class='ocr_carea' id='block_1_27' title="bbox 1892 1420 3481 1494">
    <p class='ocr_par' dir='ltr' id='par_1_27' title="bbox 1892 1420 3481 1494">
     <span class='ocr_line' id='line_1_27' title="bbox 1892 1420 3481 1494; baseline 0.009 -18"><span class='ocrx_word' id='word_1_187' title='bbox 1892 1424 1976 1476; x_wconf 83' lang='lat' dir='ltr'><strong>est</strong></span> <span class='ocrx_word' id='word_1_188' title='bbox 2011 1420 2153 1477; x_wconf 91' lang='lat' dir='ltr'><strong>dabo</strong></span> <span class='ocrx_word' id='word_1_189' title='bbox 2181 1430 2242 1477; x_wconf 87' lang='lat' dir='ltr'><strong>ut</strong></span> <span class='ocrx_word' id='word_1_190' title='bbox 2278 1424 2627 1494; x_wconf 81' lang='lat' dir='ltr'><strong>propheteut,</strong></span> <span class='ocrx_word' id='word_1_191' title='bbox 2660 1426 2843 1482; x_wconf 73' lang='lat' dir='ltr'><strong>diebus</strong></span> <span class='ocrx_word' id='word_1_192' title='bbox 2879 1429 3024 1485; x_wconf 72' lang='lat' dir='ltr'><strong>nilus</strong></span> <span class='ocrx_word' id='word_1_193' title='bbox 3054 1432 3293 1488; x_wconf 66' lang='lat' dir='ltr'><strong>ducentis</strong></span> <span class='ocrx_word' id='word_1_194' title='bbox 3330 1448 3481 1491; x_wconf 67' lang='lat' dir='ltr'><strong>scata-</strong></span> 
     </span>
    </p>
   </div>
   <div class='ocr_carea' id='block_1_28' title="bbox 1892 1508 3478 1597">
    <p class='ocr_par' dir='ltr' id='par_1_28' title="bbox 1892 1508 3478 1597">
     <span class='ocr_line' id='line_1_28' title="bbox 1892 1508 3478 1597; baseline 0.011 -29"><span class='ocrx_word' id='word_1_195' title='bbox 1892 1516 2059 1584; x_wconf 82' lang='lat' dir='ltr'><strong>ginta.</strong></span> <span class='ocrx_word' id='word_1_196' title='bbox 2115 1508 2217 1571; x_wconf 81' lang='lat' dir='ltr'><strong>llic</strong></span> <span class='ocrx_word' id='word_1_197' title='bbox 2259 1518 2431 1571; x_wconf 85' lang='lat' dir='ltr'><strong>etiam</strong></span> <span class='ocrx_word' id='word_1_198' title='bbox 2471 1524 2528 1573; x_wconf 87' lang='lat' dir='ltr'><strong>et</strong></span> <span class='ocrx_word' id='word_1_199' title='bbox 2576 1518 2633 1573; x_wconf 83' lang='lat' dir='ltr'><strong>in</strong></span> <span class='ocrx_word' id='word_1_200' title='bbox 2667 1528 2893 1578; x_wconf 84' lang='lat' dir='ltr'><strong>numero</strong></span> <span class='ocrx_word' id='word_1_201' title='bbox 2918 1524 3147 1590; x_wconf 79' lang='lat' dir='ltr'><strong>dierum;</strong></span> <span class='ocrx_word' id='word_1_202' title='bbox 3173 1527 3264 1596; x_wconf 76' lang='lat' dir='ltr'><strong>qui</strong></span> <span class='ocrx_word' id='word_1_203' title='bbox 3291 1526 3478 1597; x_wconf 60' lang='lat' dir='ltr'><strong>iuncti</strong></span> 
     </span>
    </p>
   </div>
   <div class='ocr_carea' id='block_1_29' title="bbox 1893 1602 3476 1679">
    <p class='ocr_par' dir='ltr' id='par_1_29' title="bbox 1893 1602 3476 1679">
     <span class='ocr_line' id='line_1_29' title="bbox 1893 1602 3476 1679; baseline 0.012 -22"><span class='ocrx_word' id='word_1_204' title='bbox 1893 1602 2100 1659; x_wconf 79' lang='lat' dir='ltr'><strong>faciunt</strong></span> <span class='ocrx_word' id='word_1_205' title='bbox 2125 1620 2298 1662; x_wconf 87' lang='lat' dir='ltr'><strong>annos</strong></span> <span class='ocrx_word' id='word_1_206' title='bbox 2331 1616 2444 1663; x_wconf 89' lang='lat' dir='ltr'><strong>tres</strong></span> <span class='ocrx_word' id='word_1_207' title='bbox 2466 1616 2522 1662; x_wconf 88' lang='lat' dir='ltr'><strong>et</strong></span> <span class='ocrx_word' id='word_1_208' title='bbox 2550 1609 2863 1679; x_wconf 87' lang='lat' dir='ltr'><strong>dimidium,</strong></span> <span class='ocrx_word' id='word_1_209' title='bbox 2884 1622 2940 1668; x_wconf 90' lang='lat' dir='ltr'><strong>et</strong></span> <span class='ocrx_word' id='word_1_210' title='bbox 2959 1615 3014 1669; x_wconf 91' lang='lat' dir='ltr'><strong>in</strong></span> <span class='ocrx_word' id='word_1_211' title='bbox 3044 1617 3277 1672; x_wconf 87' lang='lat' dir='ltr'><strong>adventu</strong></span> <span class='ocrx_word' id='word_1_212' title='bbox 3311 1619 3476 1675; x_wconf 83' lang='lat' dir='ltr'><strong>etiam</strong></span> 
     </span>
    </p>
   </div>
   <div class='ocr_carea' id='block_1_30' title="bbox 1892 1686 3478 1767">
    <p class='ocr_par' dir='ltr' id='par_1_30' title="bbox 1892 1686 3478 1767">
     <span class='ocr_line' id='line_1_30' title="bbox 1892 1686 3478 1767; baseline 0.013 -19"><span class='ocrx_word' id='word_1_213' title='bbox 1892 1700 1949 1749; x_wconf 86' lang='lat' dir='ltr'><strong>et</strong></span> <span class='ocrx_word' id='word_1_214' title='bbox 1984 1686 2275 1766; x_wconf 49' lang='lat' dir='ltr'><strong>prophetia</strong></span> <span class='ocrx_word' id='word_1_215' title='bbox 2314 1698 2551 1754; x_wconf 77' lang='lat' dir='ltr'><strong>duorum</strong></span> <span class='ocrx_word' id='word_1_216' title='bbox 2592 1702 2811 1757; x_wconf 79' lang='lat' dir='ltr'><strong>testium</strong></span> <span class='ocrx_word' id='word_1_217' title='bbox 2847 1704 3132 1763; x_wconf 72' lang='lat' dir='ltr'><strong>manifeste</strong></span> <span class='ocrx_word' id='word_1_218' title='bbox 3173 1709 3478 1767; x_wconf 77' lang='lat' dir='ltr'><strong>ostenditur</strong></span> 
     </span>
    </p>
   </div>
   <div class='ocr_carea' id='block_1_31' title="bbox 1890 1787 3480 1873">
    <p class='ocr_par' dir='ltr' id='par_1_31' title="bbox 1890 1787 3480 1873">
     <span class='ocr_line' id='line_1_31' title="bbox 1890 1787 3480 1873; baseline 0.013 -35"><span class='ocrx_word' id='word_1_219' title='bbox 1890 1787 2218 1857; x_wconf 84' lang='lat' dir='ltr'><strong>persecutio,</strong></span> <span class='ocrx_word' id='word_1_220' title='bbox 2266 1794 2323 1843; x_wconf 91' lang='lat' dir='ltr'><strong>et</strong></span> <span class='ocrx_word' id='word_1_221' title='bbox 2374 1800 2598 1861; x_wconf 66' lang='lat' dir='ltr'><strong>regem</strong></span> <span class='ocrx_word' id='word_1_222' title='bbox 2651 1792 2991 1851; x_wconf 60' lang='lat' dir='ltr'><strong>Antichristi.</strong></span> <span class='ocrx_word' id='word_1_223' title='bbox 3044 1796 3127 1852; x_wconf 80' lang='lat' dir='ltr'><strong>De</strong></span> <span class='ocrx_word' id='word_1_224' title='bbox 3166 1798 3253 1856; x_wconf 84' lang='lat' dir='ltr'><strong>his</strong></span> <span class='ocrx_word' id='word_1_225' title='bbox 3278 1802 3480 1873; x_wconf 77' lang='lat' dir='ltr'><strong>quippe</strong></span> 
     </span>
    </p>
   </div>
   <div class='ocr_carea' id='block_1_32' title="bbox 1894 1873 3475 1961">
    <p class='ocr_par' dir='ltr' id='par_1_32' title="bbox 1894 1873 3475 1961">
     <span class='ocr_line' id='line_1_32' title="bbox 1894 1873 3475 1961; baseline 0.013 -33"><span class='ocrx_word' id='word_1_226' title='bbox 1894 1874 2105 1931; x_wconf 86' lang='lat' dir='ltr'><strong>duobus</strong></span> <span class='ocrx_word' id='word_1_227' title='bbox 2134 1874 2362 1933; x_wconf 82' lang='lat' dir='ltr'><strong>testibus</strong></span> <span class='ocrx_word' id='word_1_228' title='bbox 2390 1873 2651 1937; x_wconf 76' lang='lat' dir='ltr'><strong>Dominus</strong></span> <span class='ocrx_word' id='word_1_229' title='bbox 2682 1897 2783 1955; x_wconf 89' lang='lat' dir='ltr'><strong>per</strong></span> <span class='ocrx_word' id='word_1_230' title='bbox 2810 1884 3129 1943; x_wconf 75' lang='lat' dir='ltr'><strong>Malachiam</strong></span> <span class='ocrx_word' id='word_1_231' title='bbox 3154 1893 3475 1961; x_wconf 71' lang='lat' dir='ltr'><strong>prophetam</strong></span> 
     </span>
    </p>
   </div>
   <div class='ocr_carea' id='block_1_33' title="bbox 196 1965 3478 2050">
    <p class='ocr_par' dir='ltr' id='par_1_33' title="bbox 196 1965 3478 2050">
     <span class='ocr_line' id='line_1_33' title="bbox 196 1965 3478 2050; baseline 0.001 -12"><span class='ocrx_word' id='word_1_232' title='bbox 196 1978 428 2039; x_wconf 76' lang='lat' dir='ltr'><strong>Domitio</strong></span> <span class='ocrx_word' id='word_1_233' title='bbox 458 1978 717 2047; x_wconf 73' lang='lat' dir='ltr'><strong>fatentui;</strong></span> <span class='ocrx_word' id='word_1_234' title='bbox 749 1976 893 2035; x_wconf 76' lang='lat' dir='ltr'><strong>unde</strong></span> <span class='ocrx_word' id='word_1_235' title='bbox 926 1980 1053 2050; x_wconf 88' lang='lat' dir='ltr'><strong>quia</strong></span> <span class='ocrx_word' id='word_1_236' title='bbox 1087 1996 1116 2035; x_wconf 91' lang='lat' dir='ltr'><strong>a</strong></span> <span class='ocrx_word' id='word_1_237' title='bbox 1142 1980 1371 2037; x_wconf 81' lang='lat' dir='ltr'><strong>veritate</strong></span> <span class='ocrx_word' id='word_1_238' title='bbox 1408 1982 1683 2049; x_wconf 78' lang='lat' dir='ltr'><strong>recedum;</strong></span> <span class='ocrx_word' id='word_1_239' title='bbox 1717 1981 1789 2038; x_wconf 61' lang='grc' dir='ltr'><strong>εἰ-</strong></span> <span class='ocrx_word' id='word_1_240' title='bbox 1816 1965 1871 2027; x_wconf 79' lang='grc' dir='ltr'><strong>Β</strong></span> <span class='ocrx_word' id='word_1_241' title='bbox 1892 1966 2025 2022; x_wconf 83' lang='lat' dir='ltr'><strong>dicit</strong></span> <span class='ocrx_word' id='word_1_242' title='bbox 2056 1985 2070 2023; x_wconf 88' lang='lat'><strong>:</strong></span> <span class='ocrx_word' id='word_1_243' title='bbox 2100 1967 2238 2025; x_wconf 80' lang='lat' dir='ltr'><strong>Ecce</strong></span> <span class='ocrx_word' id='word_1_244' title='bbox 2257 1986 2351 2043; x_wconf 76' lang='lat' dir='ltr'><strong>ego</strong></span> <span class='ocrx_word' id='word_1_245' title='bbox 2379 1972 2582 2027; x_wconf 79' lang='lat' dir='ltr'><strong>mittant</strong></span> <span class='ocrx_word' id='word_1_246' title='bbox 2601 1975 2745 2030; x_wconf 74' lang='lat' dir='ltr'><strong>vobis</strong></span> <span class='ocrx_word' id='word_1_247' title='bbox 2772 1976 2957 2033; x_wconf 77' lang='lat' dir='ltr'><strong>Enoclt</strong></span> <span class='ocrx_word' id='word_1_248' title='bbox 2973 1988 3024 2035; x_wconf 82' lang='lat' dir='ltr'><strong>et</strong></span> <span class='ocrx_word' id='word_1_249' title='bbox 3045 1980 3246 2049; x_wconf 69' lang='lat' dir='ltr'><strong>Elimia,</strong></span> <span class='ocrx_word' id='word_1_250' title='bbox 3270 1994 3327 2038; x_wconf 85' lang='lat' dir='ltr'><strong>ut</strong></span> <span class='ocrx_word' id='word_1_251' title='bbox 3354 1992 3478 2041; x_wconf 76' lang='lat' dir='ltr'><strong>con-</strong></span> 
     </span>
    </p>
   </div>
   <div class='ocr_carea' id='block_1_34' title="bbox 197 2058 1789 2143">
    <p class='ocr_par' dir='ltr' id='par_1_34' title="bbox 197 2058 1789 2143">
     <span class='ocr_line' id='line_1_34' title="bbox 197 2058 1789 2143; baseline -0.003 -13"><span class='ocrx_word' id='word_1_252' title='bbox 197 2072 356 2130; x_wconf 89' lang='lat' dir='ltr'><strong>miles</strong></span> <span class='ocrx_word' id='word_1_253' title='bbox 382 2070 631 2143; x_wconf 74' lang='lat' dir='ltr'><strong>gentibus</strong></span> <span class='ocrx_word' id='word_1_254' title='bbox 663 2071 952 2138; x_wconf 83' lang='lat' dir='ltr'><strong>habentur,</strong></span> <span class='ocrx_word' id='word_1_255' title='bbox 978 2070 1131 2126; x_wconf 87' lang='lat' dir='ltr'><strong>verbi</strong></span> <span class='ocrx_word' id='word_1_256' title='bbox 1170 2071 1344 2140; x_wconf 86' lang='lat' dir='ltr'><strong>gratia</strong></span> <span class='ocrx_word' id='word_1_257' title='bbox 1372 2084 1390 2125; x_wconf 81' lang='lat'><strong>:</strong></span> <span class='ocrx_word' id='word_1_258' title='bbox 1420 2058 1685 2127; x_wconf 84' lang='lat' dir='ltr'><strong>Sabellius</strong></span> <span class='ocrx_word' id='word_1_259' title='bbox 1708 2071 1789 2126; x_wconf 89' lang='lat' dir='ltr'><strong>di-</strong></span> 
     </span>
    </p>
   </div>
   <div class='ocr_carea' id='block_1_35' title="bbox 197 2160 1787 2235">
    <p class='ocr_par' dir='ltr' id='par_1_35' title="bbox 197 2160 1787 2235">
     <span class='ocr_line' id='line_1_35' title="bbox 197 2160 1787 2235; baseline -0.001 -15"><span class='ocrx_word' id='word_1_260' title='bbox 197 2164 276 2221; x_wconf 89' lang='lat' dir='ltr'><strong>cit</strong></span> <span class='ocrx_word' id='word_1_261' title='bbox 325 2160 467 2235; x_wconf 89' lang='lat' dir='ltr'><strong>quod</strong></span> <span class='ocrx_word' id='word_1_262' title='bbox 491 2160 633 2219; x_wconf 77' lang='lat' dir='ltr'><strong>idetii</strong></span> <span class='ocrx_word' id='word_1_263' title='bbox 664 2164 735 2218; x_wconf 70' lang='lat' dir='ltr'><strong>Sit</strong></span> <span class='ocrx_word' id='word_1_264' title='bbox 759 2161 922 2218; x_wconf 85' lang='lat' dir='ltr'><strong>Pater</strong></span> <span class='ocrx_word' id='word_1_265' title='bbox 944 2164 1034 2234; x_wconf 88' lang='lat' dir='ltr'><strong>qui</strong></span> <span class='ocrx_word' id='word_1_266' title='bbox 1062 2160 1251 2231; x_wconf 83' lang='lat' dir='ltr'><strong>Filius,</strong></span> <span class='ocrx_word' id='word_1_267' title='bbox 1279 2166 1337 2219; x_wconf 84' lang='lat' dir='ltr'><strong>et</strong></span> <span class='ocrx_word' id='word_1_268' title='bbox 1360 2164 1487 2234; x_wconf 86' lang='lat' dir='ltr'><strong>quia</strong></span> <span class='ocrx_word' id='word_1_269' title='bbox 1515 2162 1649 2219; x_wconf 87' lang='lat' dir='ltr'><strong>duas</strong></span> <span class='ocrx_word' id='word_1_270' title='bbox 1677 2166 1787 2219; x_wconf 83' lang='lat' dir='ltr'><strong>non</strong></span> 
     </span>
    </p>
   </div>
   <div class='ocr_carea' id='block_1_36' title="bbox 196 2248 1788 2325">
    <p class='ocr_par' dir='ltr' id='par_1_36' title="bbox 196 2248 1788 2325">
     <span class='ocr_line' id='line_1_36' title="bbox 196 2248 1788 2325; baseline -0.001 -15"><span class='ocrx_word' id='word_1_271' title='bbox 196 2254 318 2310; x_wconf 90' lang='lat' dir='ltr'><strong>vult</strong></span> <span class='ocrx_word' id='word_1_272' title='bbox 338 2252 639 2325; x_wconf 80' lang='lat' dir='ltr'><strong>intelligere</strong></span> <span class='ocrx_word' id='word_1_273' title='bbox 657 2252 918 2323; x_wconf 77' lang='lat' dir='ltr'><strong>personas</strong></span> <span class='ocrx_word' id='word_1_274' title='bbox 943 2253 1001 2307; x_wconf 85' lang='lat' dir='ltr'><strong>in</strong></span> <span class='ocrx_word' id='word_1_275' title='bbox 1025 2248 1185 2309; x_wconf 82' lang='lat' dir='ltr'><strong>Patre</strong></span> <span class='ocrx_word' id='word_1_276' title='bbox 1206 2256 1259 2308; x_wconf 88' lang='lat' dir='ltr'><strong>et</strong></span> <span class='ocrx_word' id='word_1_277' title='bbox 1282 2252 1439 2319; x_wconf 79' lang='lat' dir='ltr'><strong>Filio,</strong></span> <span class='ocrx_word' id='word_1_278' title='bbox 1488 2252 1679 2309; x_wconf 84' lang='lat' dir='ltr'><strong>similis</strong></span> <span class='ocrx_word' id='word_1_279' title='bbox 1704 2254 1788 2309; x_wconf 78' lang='lat' dir='ltr'><strong>est</strong></span> 
     </span>
    </p>
   </div>
   <div class='ocr_carea' id='block_1_37' title="bbox 196 2340 1791 2415">
    <p class='ocr_par' dir='ltr' id='par_1_37' title="bbox 196 2340 1791 2415">
     <span class='ocr_line' id='line_1_37' title="bbox 196 2340 1791 2415; baseline -0.001 -14"><span class='ocrx_word' id='word_1_280' title='bbox 196 2351 254 2402; x_wconf 90' lang='lat' dir='ltr'><strong>et</strong></span> <span class='ocrx_word' id='word_1_281' title='bbox 277 2342 445 2400; x_wconf 80' lang='lat' dir='ltr'><strong>etiam</strong></span> <span class='ocrx_word' id='word_1_282' title='bbox 480 2340 719 2399; x_wconf 78' lang='lat' dir='ltr'><strong>deterior</strong></span> <span class='ocrx_word' id='word_1_283' title='bbox 739 2343 984 2414; x_wconf 75' lang='lat' dir='ltr'><strong>paganis.</strong></span> <span class='ocrx_word' id='word_1_284' title='bbox 1019 2342 1285 2400; x_wconf 81' lang='lat' dir='ltr'><strong>Photinus</strong></span> <span class='ocrx_word' id='word_1_285' title='bbox 1313 2358 1530 2415; x_wconf 87' lang='lat' dir='ltr'><strong>quoque</strong></span> <span class='ocrx_word' id='word_1_286' title='bbox 1554 2342 1791 2399; x_wconf 76' lang='lat' dir='ltr'><strong>aiﬁrniat</strong></span> 
     </span>
    </p>
   </div>
   <div class='ocr_carea' id='block_1_38' title="bbox 198 2422 1791 2509">
    <p class='ocr_par' dir='ltr' id='par_1_38' title="bbox 198 2422 1791 2509">
     <span class='ocr_line' id='line_1_38' title="bbox 198 2422 1791 2509; baseline -0.002 -13"><span class='ocrx_word' id='word_1_287' title='bbox 198 2426 325 2496; x_wconf 84' lang='lat' dir='ltr'><strong>cum</strong></span> <span class='ocrx_word' id='word_1_288' title='bbox 367 2452 563 2509; x_wconf 90' lang='lat' dir='ltr'><strong>purum</strong></span> <span class='ocrx_word' id='word_1_289' title='bbox 596 2422 875 2492; x_wconf 76' lang='lat' dir='ltr'><strong>hominem</strong></span> <span class='ocrx_word' id='word_1_290' title='bbox 895 2478 909 2502; x_wconf 91' lang='lat'><strong>,</strong></span> <span class='ocrx_word' id='word_1_291' title='bbox 949 2434 1253 2493; x_wconf 70' lang='lat' dir='ltr'><strong>accidisse</strong></span> <span class='ocrx_word' id='word_1_292' title='bbox 1280 2438 1408 2492; x_wconf 76' lang='lat' dir='ltr'><strong>ante</strong></span> <span class='ocrx_word' id='word_1_293' title='bbox 1447 2436 1702 2503; x_wconf 85' lang='lat' dir='ltr'><strong>Mariam,</strong></span> <span class='ocrx_word' id='word_1_294' title='bbox 1732 2442 1791 2493; x_wconf 86' lang='lat' dir='ltr'><strong>et</strong></span> 
     </span>
    </p>
   </div>
   <div class='ocr_carea' id='block_1_39' title="bbox 196 2526 1788 2599">
    <p class='ocr_par' dir='ltr' id='par_1_39' title="bbox 196 2526 1788 2599">
     <span class='ocr_line' id='line_1_39' title="bbox 196 2526 1788 2599; baseline -0.003 -10"><span class='ocrx_word' id='word_1_295' title='bbox 196 2530 303 2589; x_wconf 85' lang='lat' dir='ltr'><strong>iste</strong></span> <span class='ocrx_word' id='word_1_296' title='bbox 347 2526 541 2585; x_wconf 84' lang='lat' dir='ltr'><strong>similis</strong></span> <span class='ocrx_word' id='word_1_297' title='bbox 585 2536 670 2584; x_wconf 86' lang='lat' dir='ltr'><strong>est</strong></span> <span class='ocrx_word' id='word_1_298' title='bbox 704 2526 984 2599; x_wconf 81' lang='lat' dir='ltr'><strong>gentibus,</strong></span> <span class='ocrx_word' id='word_1_299' title='bbox 1028 2527 1120 2597; x_wconf 84' lang='lat' dir='ltr'><strong>qui</strong></span> <span class='ocrx_word' id='word_1_300' title='bbox 1162 2527 1512 2583; x_wconf 70' lang='lat' dir='ltr'><strong>simulacrum</strong></span> <span class='ocrx_word' id='word_1_301' title='bbox 1553 2527 1788 2584; x_wconf 79' lang='lat' dir='ltr'><strong>hominis</strong></span> 
     </span>
    </p>
   </div>
   <div class='ocr_carea' id='block_1_40' title="bbox 196 2616 1786 2685">
    <p class='ocr_par' dir='ltr' id='par_1_40' title="bbox 196 2616 1786 2685">
     <span class='ocr_line' id='line_1_40' title="bbox 196 2616 1786 2685; baseline -0.003 -7"><span class='ocrx_word' id='word_1_302' title='bbox 196 2620 402 2679; x_wconf 81' lang='lat' dir='ltr'><strong>mortui</strong></span> <span class='ocrx_word' id='word_1_303' title='bbox 427 2636 487 2677; x_wconf 92' lang='lat' dir='ltr'><strong>se</strong></span> <span class='ocrx_word' id='word_1_304' title='bbox 506 2616 734 2675; x_wconf 71' lang='lat' dir='ltr'><strong>adorare</strong></span> <span class='ocrx_word' id='word_1_305' title='bbox 759 2618 979 2685; x_wconf 75' lang='lat' dir='ltr'><strong>fatetur,</strong></span> <span class='ocrx_word' id='word_1_306' title='bbox 1008 2617 1135 2674; x_wconf 77' lang='lat' dir='ltr'><strong>dum</strong></span> <span class='ocrx_word' id='word_1_307' title='bbox 1156 2616 1492 2675; x_wconf 71' lang='lat' dir='ltr'><strong>solummodo</strong></span> <span class='ocrx_word' id='word_1_308' title='bbox 1511 2617 1786 2675; x_wconf 80' lang='lat' dir='ltr'><strong>Christum</strong></span> 
     </span>
    </p>
   </div>
   <div class='ocr_carea' id='block_1_41' title="bbox 197 2708 1787 2782">
    <p class='ocr_par' dir='ltr' id='par_1_41' title="bbox 197 2708 1787 2782">
     <span class='ocr_line' id='line_1_41' title="bbox 197 2708 1787 2782; baseline -0.004 -12"><span class='ocrx_word' id='word_1_309' title='bbox 197 2712 478 2770; x_wconf 81' lang='lat' dir='ltr'><strong>hominem</strong></span> <span class='ocrx_word' id='word_1_310' title='bbox 509 2709 681 2767; x_wconf 71' lang='lat' dir='ltr'><strong>fuisse</strong></span> <span class='ocrx_word' id='word_1_311' title='bbox 711 2710 843 2767; x_wconf 88' lang='lat' dir='ltr'><strong>dicit</strong></span> <span class='ocrx_word' id='word_1_312' title='bbox 866 2752 881 2777; x_wconf 93' lang='lat'><strong>,</strong></span> <span class='ocrx_word' id='word_1_313' title='bbox 919 2718 973 2766; x_wconf 91' lang='lat' dir='ltr'><strong>et</strong></span> <span class='ocrx_word' id='word_1_314' title='bbox 1012 2709 1180 2766; x_wconf 90' lang='lat' dir='ltr'><strong>Deum</strong></span> <span class='ocrx_word' id='word_1_315' title='bbox 1209 2712 1391 2782; x_wconf 77' lang='lat' dir='ltr'><strong>negat.</strong></span> <span class='ocrx_word' id='word_1_316' title='bbox 1433 2708 1499 2765; x_wconf 86' lang='lat' dir='ltr'><strong>Et</strong></span> <span class='ocrx_word' id='word_1_317' title='bbox 1534 2710 1655 2766; x_wconf 90' lang='lat' dir='ltr'><strong>ideo</strong></span> <span class='ocrx_word' id='word_1_318' title='bbox 1699 2708 1787 2765; x_wconf 87' lang='lat' dir='ltr'><strong>isti</strong></span> 
     </span>
    </p>
   </div>
   <div class='ocr_carea' id='block_1_42' title="bbox 198 2800 1789 2875">
    <p class='ocr_par' dir='ltr' id='par_1_42' title="bbox 198 2800 1789 2875">
     <span class='ocr_line' id='line_1_42' title="bbox 198 2800 1789 2875; baseline -0.001 -14"><span class='ocrx_word' id='word_1_319' title='bbox 198 2806 339 2862; x_wconf 88' lang='lat' dir='ltr'><strong>tales</strong></span> <span class='ocrx_word' id='word_1_320' title='bbox 369 2810 533 2875; x_wconf 87' lang='lat' dir='ltr'><strong>atque</strong></span> <span class='ocrx_word' id='word_1_321' title='bbox 570 2812 760 2861; x_wconf 83' lang='lat' dir='ltr'><strong>eorum</strong></span> <span class='ocrx_word' id='word_1_322' title='bbox 787 2802 1014 2871; x_wconf 79' lang='lat' dir='ltr'><strong>similes,</strong></span> <span class='ocrx_word' id='word_1_323' title='bbox 1044 2802 1213 2859; x_wconf 84' lang='lat' dir='ltr'><strong>velint</strong></span> <span class='ocrx_word' id='word_1_324' title='bbox 1250 2802 1443 2870; x_wconf 86' lang='lat' dir='ltr'><strong>nolint,</strong></span> <span class='ocrx_word' id='word_1_325' title='bbox 1486 2802 1542 2858; x_wconf 89' lang='lat' dir='ltr'><strong>in</strong></span> <span class='ocrx_word' id='word_1_326' title='bbox 1572 2800 1789 2859; x_wconf 79' lang='lat' dir='ltr'><strong>illarum</strong></span> 
     </span>
    </p>
   </div>
   <div class='ocr_carea' id='block_1_43' title="bbox 196 2892 1787 2966">
    <p class='ocr_par' dir='ltr' id='par_1_43' title="bbox 196 2892 1787 2966">
     <span class='ocr_line' id='line_1_43' title="bbox 196 2892 1787 2966; baseline -0.002 -13"><span class='ocrx_word' id='word_1_327' title='bbox 196 2905 484 2954; x_wconf 88' lang='lat' dir='ltr'><strong>transeunt</strong></span> <span class='ocrx_word' id='word_1_328' title='bbox 522 2894 842 2963; x_wconf 78' lang='lat' dir='ltr'><strong>numerum,</strong></span> <span class='ocrx_word' id='word_1_329' title='bbox 873 2895 965 2966; x_wconf 87' lang='lat' dir='ltr'><strong>qui</strong></span> <span class='ocrx_word' id='word_1_330' title='bbox 997 2892 1260 2964; x_wconf 80' lang='lat' dir='ltr'><strong>imagines</strong></span> <span class='ocrx_word' id='word_1_331' title='bbox 1287 2892 1623 2951; x_wconf 82' lang='lat' dir='ltr'><strong>mortuorum</strong></span> <span class='ocrx_word' id='word_1_332' title='bbox 1654 2893 1787 2950; x_wconf 88' lang='lat' dir='ltr'><strong>ado-</strong></span> 
     </span>
    </p>
   </div>
   <div class='ocr_carea' id='block_1_44' title="bbox 197 2982 1789 3056">
    <p class='ocr_par' dir='ltr' id='par_1_44' title="bbox 197 2982 1789 3056">
     <span class='ocr_line' id='line_1_44' title="bbox 197 2982 1789 3056; baseline -0.002 -13"><span class='ocrx_word' id='word_1_333' title='bbox 197 2995 327 3044; x_wconf 83' lang='lat' dir='ltr'><strong>rant</strong></span> <span class='ocrx_word' id='word_1_334' title='bbox 374 2986 694 3052; x_wconf 88' lang='lat' dir='ltr'><strong>hominum,</strong></span> <span class='ocrx_word' id='word_1_335' title='bbox 739 2984 1039 3056; x_wconf 80' lang='lat' dir='ltr'><strong>praesertim</strong></span> <span class='ocrx_word' id='word_1_336' title='bbox 1091 2982 1212 3039; x_wconf 78' lang='lat' dir='ltr'><strong>cum</strong></span> <span class='ocrx_word' id='word_1_337' title='bbox 1269 2982 1493 3055; x_wconf 78' lang='lat' dir='ltr'><strong>singulis</strong></span> <span class='ocrx_word' id='word_1_338' title='bbox 1544 2983 1789 3055; x_wconf 83' lang='lat' dir='ltr'><strong>partibus</strong></span> 
     </span>
    </p>
   </div>
   <div class='ocr_carea' id='block_1_45' title="bbox 195 3066 1789 3147">
    <p class='ocr_par' dir='ltr' id='par_1_45' title="bbox 195 3066 1789 3147">
     <span class='ocr_line' id='line_1_45' title="bbox 195 3066 1789 3147; baseline -0.006 -10"><span class='ocrx_word' id='word_1_339' title='bbox 195 3066 546 3137; x_wconf 87' lang='lat' dir='ltr'><strong>mendacium</strong></span> <span class='ocrx_word' id='word_1_340' title='bbox 594 3072 666 3133; x_wconf 83' lang='lat' dir='ltr'><strong>&#39;sit</strong></span> <span class='ocrx_word' id='word_1_341' title='bbox 717 3075 862 3147; x_wconf 89' lang='lat' dir='ltr'><strong>quod</strong></span> <span class='ocrx_word' id='word_1_342' title='bbox 916 3080 1121 3131; x_wconf 84' lang='lat' dir='ltr'><strong>tenent;</strong></span> <span class='ocrx_word' id='word_1_343' title='bbox 1172 3073 1438 3130; x_wconf 86' lang='lat' dir='ltr'><strong>Similiter</strong></span> <span class='ocrx_word' id='word_1_344' title='bbox 1483 3075 1576 3144; x_wconf 83' lang='lat' dir='ltr'><strong>qui</strong></span> <span class='ocrx_word' id='word_1_345' title='bbox 1626 3070 1789 3129; x_wconf 71' lang='lat' dir='ltr'><strong>ﬁdem</strong></span> 
     </span>
    </p>
   </div>
   <div class='ocr_carea' id='block_1_46' title="bbox 197 3160 1787 3244">
    <p class='ocr_par' dir='ltr' id='par_1_46' title="bbox 197 3160 1787 3244">
     <span class='ocr_line' id='line_1_46' title="bbox 197 3160 1787 3244; baseline -0.004 -17"><span class='ocrx_word' id='word_1_346' title='bbox 197 3187 365 3244; x_wconf 88' lang='lat' dir='ltr'><strong>quam</strong></span> <span class='ocrx_word' id='word_1_347' title='bbox 396 3170 599 3227; x_wconf 86' lang='lat' dir='ltr'><strong>habent</strong></span> <span class='ocrx_word' id='word_1_348' title='bbox 625 3169 883 3241; x_wconf 74' lang='lat' dir='ltr'><strong>operibus</strong></span> <span class='ocrx_word' id='word_1_349' title='bbox 911 3166 1225 3234; x_wconf 88' lang='lat' dir='ltr'><strong>destruunt,</strong></span> <span class='ocrx_word' id='word_1_350' title='bbox 1257 3160 1311 3221; x_wconf 91' lang='lat' dir='ltr'><strong>in</strong></span> <span class='ocrx_word' id='word_1_351' title='bbox 1342 3170 1569 3221; x_wconf 80' lang='lat' dir='ltr'><strong>numero</strong></span> <span class='ocrx_word' id='word_1_352' title='bbox 1596 3164 1787 3221; x_wconf 76' lang='lat' dir='ltr'><strong>inﬁde-</strong></span> 
     </span>
    </p>
   </div>
   <div class='ocr_carea' id='block_1_47' title="bbox 1889 2063 3478 2143">
    <p class='ocr_par' dir='ltr' id='par_1_47' title="bbox 1889 2063 3478 2143">
     <span class='ocr_line' id='line_1_47' title="bbox 1889 2063 3478 2143; baseline 0.012 -30"><span class='ocrx_word' id='word_1_353' title='bbox 1889 2069 2095 2115; x_wconf 75' lang='lat' dir='ltr'><strong>vertant</strong></span> <span class='ocrx_word' id='word_1_354' title='bbox 2134 2063 2297 2116; x_wconf 82' lang='lat' dir='ltr'><strong>corda</strong></span> <span class='ocrx_word' id='word_1_355' title='bbox 2332 2070 2543 2134; x_wconf 65' lang='lat' dir='ltr'><strong>patrum</strong></span> <span class='ocrx_word' id='word_1_356' title='bbox 2592 2066 2663 2120; x_wconf 80' lang='lat' dir='ltr'><strong>ad</strong></span> <span class='ocrx_word' id='word_1_357' title='bbox 2714 2067 2875 2137; x_wconf 81' lang='lat' dir='ltr'><strong>filios,</strong></span> <span class='ocrx_word' id='word_1_358' title='bbox 2903 2079 2954 2125; x_wconf 81' lang='lat' dir='ltr'><strong>et</strong></span> <span class='ocrx_word' id='word_1_359' title='bbox 2978 2086 3069 2126; x_wconf 84' lang='lat' dir='ltr'><strong>cor</strong></span> <span class='ocrx_word' id='word_1_360' title='bbox 3120 2073 3361 2143; x_wconf 74' lang='lat' dir='ltr'><strong>ﬁliarum</strong></span> <span class='ocrx_word' id='word_1_361' title='bbox 3406 2078 3478 2131; x_wconf 69' lang='grc' dir='ltr'><strong>θα</strong></span> 
     </span>
    </p>
   </div>
   <div class='ocr_carea' id='block_1_48' title="bbox 1887 2155 3476 2237">
    <p class='ocr_par' dir='ltr' id='par_1_48' title="bbox 1887 2155 3476 2237">
     <span class='ocr_line' id='line_1_48' title="bbox 1887 2155 3476 2237; baseline 0.014 -33"><span class='ocrx_word' id='word_1_362' title='bbox 1887 2160 2064 2222; x_wconf 80' lang='lat' dir='ltr'><strong>patres</strong></span> <span class='ocrx_word' id='word_1_363' title='bbox 2109 2160 2290 2208; x_wconf 76' lang='lat' dir='ltr'><strong>eorum</strong></span> <span class='ocrx_word' id='word_1_364' title='bbox 2320 2155 2535 2225; x_wconf 67' lang='lat' dir='ltr'><strong>(lattlt.</strong></span> <span class='ocrx_word' id='word_1_365' title='bbox 2562 2158 2660 2229; x_wconf 84' lang='lat' dir='ltr'><strong>tv).</strong></span> <span class='ocrx_word' id='word_1_366' title='bbox 2708 2158 2777 2214; x_wconf 83' lang='lat' dir='ltr'><strong>Et</strong></span> <span class='ocrx_word' id='word_1_367' title='bbox 2802 2161 2861 2217; x_wconf 82' lang='lat' dir='ltr'><strong>in</strong></span> <span class='ocrx_word' id='word_1_368' title='bbox 2903 2164 3185 2235; x_wconf 78' lang='lat' dir='ltr'><strong>evatigelio’</strong></span> <span class='ocrx_word' id='word_1_369' title='bbox 3210 2167 3333 2237; x_wconf 77' lang='lat' dir='ltr'><strong>ipse</strong></span> <span class='ocrx_word' id='word_1_370' title='bbox 3373 2158 3476 2225; x_wconf 58' lang='lat' dir='ltr'><strong>DG:</strong></span> 
     </span>
    </p>
   </div>
   <div class='ocr_carea' id='block_1_49' title="bbox 1889 2240 3475 2329">
    <p class='ocr_par' dir='ltr' id='par_1_49' title="bbox 1889 2240 3475 2329">
     <span class='ocr_line' id='line_1_49' title="bbox 1889 2240 3475 2329; baseline 0.012 -34"><span class='ocrx_word' id='word_1_371' title='bbox 1889 2240 2109 2298; x_wconf 88' lang='lat' dir='ltr'><strong>minus:</strong></span> <span class='ocrx_word' id='word_1_372' title='bbox 2141 2243 2291 2299; x_wconf 65' lang='lat' dir='ltr'><strong>Elius</strong></span> <span class='ocrx_word' id='word_1_373' title='bbox 2325 2247 2534 2302; x_wconf 58' lang='lat' dir='ltr'><strong>scatens</strong></span> <span class='ocrx_word' id='word_1_374' title='bbox 2583 2249 2817 2306; x_wconf 73' lang='lat' dir='ltr'><strong>restituet</strong></span> <span class='ocrx_word' id='word_1_375' title='bbox 2851 2254 2993 2307; x_wconf 64' lang='lat' dir='ltr'><strong>vobis</strong></span> <span class='ocrx_word' id='word_1_376' title='bbox 3036 2256 3219 2311; x_wconf 70' lang='lat' dir='ltr'><strong>omnia</strong></span> <span class='ocrx_word' id='word_1_377' title='bbox 3258 2249 3475 2329; x_wconf 62' lang='lat' dir='ltr'><strong>(ams.</strong></span> 
     </span>
    </p>
   </div>
   <div class='ocr_carea' id='block_1_50' title="bbox 1889 2332 3478 2419">
    <p class='ocr_par' dir='ltr' id='par_1_50' title="bbox 1889 2332 3478 2419">
     <span class='ocr_line' id='line_1_50' title="bbox 1889 2332 3478 2419; baseline 0.011 -32"><span class='ocrx_word' id='word_1_378' title='bbox 1889 2334 2047 2407; x_wconf 80' lang='lat' dir='ltr'><strong>xvn).</strong></span> <span class='ocrx_word' id='word_1_379' title='bbox 2080 2332 2179 2391; x_wconf 81' lang='lat' dir='ltr'><strong>isti</strong></span> <span class='ocrx_word' id='word_1_380' title='bbox 2206 2346 2338 2406; x_wconf 79' lang='lat' dir='ltr'><strong>ergo</strong></span> <span class='ocrx_word' id='word_1_381' title='bbox 2365 2334 2647 2395; x_wconf 71' lang='lat' dir='ltr'><strong>venientes</strong></span> <span class='ocrx_word' id='word_1_382' title='bbox 2671 2342 3096 2411; x_wconf 77' lang='lat' dir='ltr'><strong>prophetabunt,</strong></span> <span class='ocrx_word' id='word_1_383' title='bbox 3126 2338 3181 2401; x_wconf 84' lang='lat' dir='ltr'><strong>id</strong></span> <span class='ocrx_word' id='word_1_384' title='bbox 3220 2338 3311 2403; x_wconf 69' lang='lat' dir='ltr'><strong>est</strong></span> <span class='ocrx_word' id='word_1_385' title='bbox 3338 2352 3478 2419; x_wconf 76' lang='lat' dir='ltr'><strong>prai-</strong></span> 
     </span>
    </p>
   </div>
   <div class='ocr_carea' id='block_1_51' title="bbox 1888 2424 3479 2510">
    <p class='ocr_par' dir='ltr' id='par_1_51' title="bbox 1888 2424 3479 2510">
     <span class='ocr_line' id='line_1_51' title="bbox 1888 2424 3479 2510; baseline 0.011 -29"><span class='ocrx_word' id='word_1_386' title='bbox 1888 2424 2168 2496; x_wconf 84' lang='lat' dir='ltr'><strong>dicabuut,</strong></span> <span class='ocrx_word' id='word_1_387' title='bbox 2201 2431 2350 2501; x_wconf 81' lang='lat' dir='ltr'><strong>quia,</strong></span> <span class='ocrx_word' id='word_1_388' title='bbox 2373 2438 2434 2485; x_wconf 89' lang='lat' dir='ltr'><strong>ut</strong></span> <span class='ocrx_word' id='word_1_389' title='bbox 2462 2436 2626 2503; x_wconf 80' lang='lat' dir='ltr'><strong>supra</strong></span> <span class='ocrx_word' id='word_1_390' title='bbox 2653 2433 2859 2490; x_wconf 84' lang='lat' dir='ltr'><strong>dictum</strong></span> <span class='ocrx_word' id='word_1_391' title='bbox 2882 2441 2991 2503; x_wconf 83' lang='lat' dir='ltr'><strong>est,-</strong></span> <span class='ocrx_word' id='word_1_392' title='bbox 3013 2438 3338 2510; x_wconf 74' lang='lat' dir='ltr'><strong>prophetare</strong></span> <span class='ocrx_word' id='word_1_393' title='bbox 3378 2441 3479 2497; x_wconf 80' lang='lat' dir='ltr'><strong>tili-</strong></span> 
     </span>
    </p>
   </div>
   <div class='ocr_carea' id='block_1_52' title="bbox 1889 2521 3480 2594">
    <p class='ocr_par' dir='ltr' id='par_1_52' title="bbox 1889 2521 3480 2594">
     <span class='ocr_line' id='line_1_52' title="bbox 1889 2521 3480 2594; baseline 0.011 -20"><span class='ocrx_word' id='word_1_394' title='bbox 1889 2521 2111 2589; x_wconf 82' lang='lat' dir='ltr'><strong>quandd</strong></span> <span class='ocrx_word' id='word_1_395' title='bbox 2136 2523 2355 2591; x_wconf 83' lang='lat' dir='ltr'><strong>ponitur</strong></span> <span class='ocrx_word' id='word_1_396' title='bbox 2385 2524 2485 2593; x_wconf 81' lang='lat' dir='ltr'><strong>pro</strong></span> <span class='ocrx_word' id='word_1_397' title='bbox 2509 2525 2831 2594; x_wconf 62' lang='lat' dir='ltr'><strong>praedicare;</strong></span> <span class='ocrx_word' id='word_1_398' title='bbox 2863 2528 3063 2586; x_wconf 84' lang='lat' dir='ltr'><strong>Diebus</strong></span> <span class='ocrx_word' id='word_1_399' title='bbox 3102 2531 3251 2588; x_wconf 82' lang='lat' dir='ltr'><strong>mille</strong></span> <span class='ocrx_word' id='word_1_400' title='bbox 3276 2534 3480 2590; x_wconf 80' lang='lat' dir='ltr'><strong>ducen-</strong></span> 
     </span>
    </p>
   </div>
   <div class='ocr_carea' id='block_1_53' title="bbox 1891 2610 3479 2694">
    <p class='ocr_par' dir='ltr' id='par_1_53' title="bbox 1891 2610 3479 2694">
     <span class='ocr_line' id='line_1_53' title="bbox 1891 2610 3479 2694; baseline 0.01 -30"><span class='ocrx_word' id='word_1_401' title='bbox 1891 2610 1963 2664; x_wconf 87' lang='lat' dir='ltr'><strong>tis</strong></span> <span class='ocrx_word' id='word_1_402' title='bbox 1998 2612 2314 2682; x_wconf 82' lang='lat' dir='ltr'><strong>sexagiitta,</strong></span> <span class='ocrx_word' id='word_1_403' title='bbox 2362 2613 2422 2669; x_wconf 86' lang='lat' dir='ltr'><strong>id</strong></span> <span class='ocrx_word' id='word_1_404' title='bbox 2446 2617 2531 2669; x_wconf 82' lang='lat' dir='ltr'><strong>est</strong></span> <span class='ocrx_word' id='word_1_405' title='bbox 2579 2614 2756 2671; x_wconf 78' lang='lat' dir='ltr'><strong>tribus</strong></span> <span class='ocrx_word' id='word_1_406' title='bbox 2797 2617 2957 2674; x_wconf 73' lang='lat' dir='ltr'><strong>oliuis</strong></span> <span class='ocrx_word' id='word_1_407' title='bbox 2999 2618 3061 2675; x_wconf 70' lang='lat' dir='ltr'><strong>et</strong></span> <span class='ocrx_word' id='word_1_408' title='bbox 3106 2616 3347 2689; x_wconf 70' lang='lat' dir='ltr'><strong>dimidio,</strong></span> <span class='ocrx_word' id='word_1_409' title='bbox 3385 2624 3479 2694; x_wconf 77' lang='lat' dir='ltr'><strong>qui</strong></span> 
     </span>
    </p>
   </div>
   <div class='ocr_carea' id='block_1_54' title="bbox 1889 2702 3474 2782">
    <p class='ocr_par' dir='ltr' id='par_1_54' title="bbox 1889 2702 3474 2782">
     <span class='ocr_line' id='line_1_54' title="bbox 1889 2702 3474 2782; baseline 0.004 -24"><span class='ocrx_word' id='word_1_410' title='bbox 1889 2702 2287 2759; x_wconf 83' lang='lat' dir='ltr'><strong>interﬁcientur</strong></span> <span class='ocrx_word' id='word_1_411' title='bbox 2320 2704 2393 2760; x_wconf 82' lang='lat' dir='ltr'><strong>ab</strong></span> <span class='ocrx_word' id='word_1_412' title='bbox 2409 2702 2748 2761; x_wconf 68' lang='lat' dir='ltr'><strong>antithristo.</strong></span> <span class='ocrx_word' id='word_1_413' title='bbox 2774 2706 2968 2761; x_wconf 71' lang='lat' dir='ltr'><strong>Amicti</strong></span> <span class='ocrx_word' id='word_1_414' title='bbox 2987 2710 3173 2777; x_wconf 69' lang='lat' dir='ltr'><strong>saccis,</strong></span> <span class='ocrx_word' id='word_1_415' title='bbox 3205 2712 3331 2781; x_wconf 73' lang='lat' dir='ltr'><strong>quia</strong></span> <span class='ocrx_word' id='word_1_416' title='bbox 3354 2716 3474 2782; x_wconf 64' lang='grc' dir='ltr'><strong>βαξ-</strong></span> 
     </span>
    </p>
   </div>
   <div class='ocr_carea' id='block_1_55' title="bbox 1888 2794 3477 2868">
    <p class='ocr_par' dir='ltr' id='par_1_55' title="bbox 1888 2794 3477 2868">
     <span class='ocr_line' id='line_1_55' title="bbox 1888 2794 3477 2868; baseline 0.009 -20"><span class='ocrx_word' id='word_1_417' title='bbox 1888 2794 2173 2850; x_wconf 81' lang='lat' dir='ltr'><strong>nitentiam</strong></span> <span class='ocrx_word' id='word_1_418' title='bbox 2195 2806 2361 2867; x_wconf 83' lang='lat' dir='ltr'><strong>quam</strong></span> <span class='ocrx_word' id='word_1_419' title='bbox 2378 2796 2749 2867; x_wconf 79' lang='lat' dir='ltr'><strong>praedicabunt</strong></span> <span class='ocrx_word' id='word_1_420' title='bbox 2772 2813 2889 2868; x_wconf 90' lang='lat' dir='ltr'><strong>ore,</strong></span> <span class='ocrx_word' id='word_1_421' title='bbox 2904 2801 3072 2857; x_wconf 82' lang='lat' dir='ltr'><strong>etiam</strong></span> <span class='ocrx_word' id='word_1_422' title='bbox 3086 2802 3271 2860; x_wconf 82' lang='lat' dir='ltr'><strong>habitu</strong></span> <span class='ocrx_word' id='word_1_423' title='bbox 3288 2816 3477 2863; x_wconf 84' lang='lat' dir='ltr'><strong>osten-</strong></span> 
     </span>
    </p>
   </div>
   <div class='ocr_carea' id='block_1_56' title="bbox 1890 2884 3579 2961">
    <p class='ocr_par' dir='ltr' id='par_1_56' title="bbox 1890 2884 3579 2961">
     <span class='ocr_line' id='line_1_56' title="bbox 1890 2884 3579 2961; baseline 0.009 -22"><span class='ocrx_word' id='word_1_424' title='bbox 1890 2884 2045 2951; x_wconf 89' lang='lat' dir='ltr'><strong>dent,</strong></span> <span class='ocrx_word' id='word_1_425' title='bbox 2073 2886 2214 2941; x_wconf 84' lang='lat' dir='ltr'><strong>sicut</strong></span> <span class='ocrx_word' id='word_1_426' title='bbox 2258 2887 2385 2943; x_wconf 80' lang='lat' dir='ltr'><strong>fecit</strong></span> <span class='ocrx_word' id='word_1_427' title='bbox 2424 2888 2620 2944; x_wconf 88' lang='lat' dir='ltr'><strong>beatus</strong></span> <span class='ocrx_word' id='word_1_428' title='bbox 2661 2887 2916 2955; x_wconf 77' lang='lat' dir='ltr'><strong>Joannes,</strong></span> <span class='ocrx_word' id='word_1_429' title='bbox 2949 2892 3043 2961; x_wconf 86' lang='lat' dir='ltr'><strong>qui</strong></span> <span class='ocrx_word' id='word_1_430' title='bbox 3085 2903 3210 2949; x_wconf 85' lang='lat' dir='ltr'><strong>erat</strong></span> <span class='ocrx_word' id='word_1_431' title='bbox 3253 2892 3477 2954; x_wconf 81' lang='lat' dir='ltr'><strong>indutus</strong></span> <span class='ocrx_word' id='word_1_432' title='bbox 3574 2920 3579 2925; x_wconf 89' lang='grc'><strong>·</strong></span> 
     </span>
    </p>
   </div>
   <div class='ocr_carea' id='block_1_57' title="bbox 1889 2975 3480 3060">
    <p class='ocr_par' dir='ltr' id='par_1_57' title="bbox 1889 2975 3480 3060">
     <span class='ocr_line' id='line_1_57' title="bbox 1889 2975 3480 3060; baseline 0.008 -30"><span class='ocrx_word' id='word_1_433' title='bbox 1889 2975 2017 3047; x_wconf 85' lang='lat' dir='ltr'><strong>pilis</strong></span> <span class='ocrx_word' id='word_1_434' title='bbox 2051 2977 2407 3034; x_wconf 74' lang='lat' dir='ltr'><strong>camelorum;</strong></span> <span class='ocrx_word' id='word_1_435' title='bbox 2457 2976 2564 3035; x_wconf 84' lang='lat' dir='ltr'><strong>Sed</strong></span> <span class='ocrx_word' id='word_1_436' title='bbox 2592 2980 2647 3034; x_wconf 91' lang='lat' dir='ltr'><strong>in</strong></span> <span class='ocrx_word' id='word_1_437' title='bbox 2682 2981 2768 3036; x_wconf 88' lang='lat' dir='ltr'><strong>his</strong></span> <span class='ocrx_word' id='word_1_438' title='bbox 2806 2982 3017 3038; x_wconf 87' lang='lat' dir='ltr'><strong>duobus</strong></span> <span class='ocrx_word' id='word_1_439' title='bbox 3047 2986 3275 3041; x_wconf 81' lang='lat' dir='ltr'><strong>testibus</strong></span> <span class='ocrx_word' id='word_1_440' title='bbox 3301 2989 3480 3060; x_wconf 69' lang='grc' dir='ltr'><strong>οωηῇ</strong></span> 
     </span>
    </p>
   </div>
   <div class='ocr_carea' id='block_1_58' title="bbox 1892 3064 3474 3148">
    <p class='ocr_par' dir='ltr' id='par_1_58' title="bbox 1892 3064 3474 3148">
     <span class='ocr_line' id='line_1_58' title="bbox 1892 3064 3474 3148; baseline 0.009 -26"><span class='ocrx_word' id='word_1_441' title='bbox 1892 3064 2141 3124; x_wconf 69' lang='lat' dir='ltr'><strong>Ecclesia</strong></span> <span class='ocrx_word' id='word_1_442' title='bbox 2194 3069 2674 3141; x_wconf 71' lang='lat' dir='ltr'><strong>compteheuditur</strong></span> <span class='ocrx_word' id='word_1_443' title='bbox 2720 3071 2776 3127; x_wconf 83' lang='lat' dir='ltr'><strong>in</strong></span> <span class='ocrx_word' id='word_1_444' title='bbox 2826 3076 2941 3130; x_wconf 79' lang='lat' dir='ltr'><strong>suis</strong></span> <span class='ocrx_word' id='word_1_445' title='bbox 2994 3070 3474 3148; x_wconf 59' lang='lat' dir='ltr'><strong>Maioribus,</strong></span> 
     </span>
    </p>
   </div>
   <div class='ocr_carea' id='block_1_59' title="bbox 1892 3152 3479 3239">
    <p class='ocr_par' dir='ltr' id='par_1_59' title="bbox 1892 3152 3479 3239">
     <span class='ocr_line' id='line_1_59' title="bbox 1892 3152 3479 3239; baseline 0.009 -28"><span class='ocrx_word' id='word_1_446' title='bbox 1892 3164 2013 3227; x_wconf 78' lang='lat' dir='ltr'><strong>quae</strong></span> <span class='ocrx_word' id='word_1_447' title='bbox 2037 3152 2137 3229; x_wconf 75' lang='lat' dir='ltr'><strong>pe‘i</strong></span> <span class='ocrx_word' id='word_1_448' title='bbox 2162 3160 2324 3216; x_wconf 86' lang='lat' dir='ltr'><strong>oin&#39;ne</strong></span> <span class='ocrx_word' id='word_1_449' title='bbox 2348 3154 2563 3231; x_wconf 73' lang='lat' dir='ltr'><strong>tempus</strong></span> <span class='ocrx_word' id='word_1_450' title='bbox 2588 3160 2748 3218; x_wconf 85' lang='lat' dir='ltr'><strong>istius</strong></span> <span class='ocrx_word' id='word_1_451' title='bbox 2772 3163 2900 3217; x_wconf 61' lang='lat' dir='ltr'><strong>vitae</strong></span> <span class='ocrx_word' id='word_1_452' title='bbox 2923 3166 3213 3235; x_wconf 71' lang='lat' dir='ltr'><strong>prophetat</strong></span> <span class='ocrx_word' id='word_1_453' title='bbox 3244 3164 3301 3223; x_wconf 82' lang='lat' dir='ltr'><strong>e&#39;t</strong></span> <span class='ocrx_word' id='word_1_454' title='bbox 3337 3176 3479 3239; x_wconf 58' lang='lat' dir='ltr'><strong>pra-</strong></span> 
     </span>
    </p>
   </div>
   <div class='ocr_carea' id='block_1_60' title="bbox 195 3247 3478 3332">
    <p class='ocr_par' dir='ltr' id='par_1_60' title="bbox 195 3247 3478 3332">
     <span class='ocr_line' id='line_1_60' title="bbox 195 3247 3478 3332; baseline -0.003 -15"><span class='ocrx_word' id='word_1_455' title='bbox 195 3262 332 3319; x_wconf 85' lang='lat' dir='ltr'><strong>lium</strong></span> <span class='ocrx_word' id='word_1_456' title='bbox 356 3254 695 3332; x_wconf 68' lang='lat' dir='ltr'><strong>ieputanttir.</strong></span> <span class='ocrx_word' id='word_1_457' title='bbox 718 3259 788 3314; x_wconf 85' lang='lat' dir='ltr'><strong>Et</strong></span> <span class='ocrx_word' id='word_1_458' title='bbox 808 3259 1067 3313; x_wconf 79' lang='lat' dir='ltr'><strong>civitatem</strong></span> <span class='ocrx_word' id='word_1_459' title='bbox 1093 3266 1330 3312; x_wconf 83' lang='lat' dir='ltr'><strong>sanctam</strong></span> <span class='ocrx_word' id='word_1_460' title='bbox 1348 3254 1645 3320; x_wconf 74' lang='lat' dir='ltr'><strong>calcabam,-</strong></span> <span class='ocrx_word' id='word_1_461' title='bbox 1671 3254 1785 3325; x_wconf 87' lang='lat' dir='ltr'><strong>ipsa</strong></span> <span class='ocrx_word' id='word_1_462' title='bbox 1821 3322 1855 3332; x_wconf 85' lang='lat'>_</span> <span class='ocrx_word' id='word_1_463' title='bbox 1892 3247 2039 3303; x_wconf 68' lang='lat' dir='ltr'><strong>dicat</strong></span> <span class='ocrx_word' id='word_1_464' title='bbox 2081 3249 2340 3321; x_wconf 75' lang='lat' dir='ltr'><strong>mysteria</strong></span> <span class='ocrx_word' id='word_1_465' title='bbox 2380 3247 2507 3305; x_wconf 74' lang='lat' dir='ltr'><strong>Filii</strong></span> <span class='ocrx_word' id='word_1_466' title='bbox 2534 3249 2654 3318; x_wconf 82' lang='lat' dir='ltr'><strong>Del,</strong></span> <span class='ocrx_word' id='word_1_467' title='bbox 2683 3250 2799 3308; x_wconf 62' lang='lat' dir='ltr'><strong>Sive</strong></span> <span class='ocrx_word' id='word_1_468' title='bbox 2827 3260 2970 3309; x_wconf 77' lang='lat' dir='ltr'><strong>nunc</strong></span> <span class='ocrx_word' id='word_1_469' title='bbox 2999 3255 3226 3322; x_wconf 73' lang='lat' dir='ltr'><strong>scilicet,</strong></span> <span class='ocrx_word' id='word_1_470' title='bbox 3263 3258 3378 3314; x_wconf 73' lang='lat' dir='ltr'><strong>sive</strong></span> <span class='ocrx_word' id='word_1_471' title='bbox 3421 3260 3478 3315; x_wconf 79' lang='lat' dir='ltr'><strong>in</strong></span> 
     </span>
    </p>
   </div>
   <div class='ocr_carea' id='block_1_61' title="bbox 198 3322 3479 3420">
    <p class='ocr_par' dir='ltr' id='par_1_61' title="bbox 198 3322 3479 3420">
     <span class='ocr_line' id='line_1_61' title="bbox 198 3322 3479 3420; baseline -0.001 -9"><span class='ocrx_word' id='word_1_472' title='bbox 198 3322 604 3411; x_wconf 54' lang='lat' dir='ltr'><strong>scilicetalritl.</strong></span> <span class='ocrx_word' id='word_1_473' title='bbox 631 3344 902 3405; x_wconf 59' lang='grc' dir='ltr'><strong>Μανιάθης</strong></span> <span class='ocrx_word' id='word_1_474' title='bbox 929 3347 1282 3420; x_wconf 79' lang='lat' dir='ltr'><strong>quadraginta</strong></span> <span class='ocrx_word' id='word_1_475' title='bbox 1320 3346 1547 3401; x_wconf 75' lang='lat' dir='ltr'><strong>duobus:</strong></span> <span class='ocrx_word' id='word_1_476' title='bbox 1577 3322 1784 3402; x_wconf 75' lang='lat' dir='ltr'><strong>Civitas</strong></span> <span class='ocrx_word' id='word_1_477' title='bbox 1811 3322 1859 3389; x_wconf 79' lang='lat' dir='ltr'><strong><em>C</em></strong></span> <span class='ocrx_word' id='word_1_478' title='bbox 1887 3342 2148 3397; x_wconf 74' lang='lat' dir='ltr'><strong>extremis</strong></span> <span class='ocrx_word' id='word_1_479' title='bbox 2172 3338 2522 3412; x_wconf 77' lang='lat' dir='ltr'><strong>temporibus.</strong></span> <span class='ocrx_word' id='word_1_480' title='bbox 2553 3341 2698 3399; x_wconf 84' lang='lat' dir='ltr'><strong>Bene</strong></span> <span class='ocrx_word' id='word_1_481' title='bbox 2719 3349 2901 3398; x_wconf 88' lang='lat' dir='ltr'><strong>autem</strong></span> <span class='ocrx_word' id='word_1_482' title='bbox 2924 3335 3177 3403; x_wconf 57' lang='lat' dir='ltr'><strong>Ecclesia</strong></span> <span class='ocrx_word' id='word_1_483' title='bbox 3194 3347 3248 3402; x_wconf 90' lang='lat' dir='ltr'><strong>in</strong></span> <span class='ocrx_word' id='word_1_484' title='bbox 3267 3349 3479 3407; x_wconf 76' lang='lat' dir='ltr'><strong>duobus</strong></span> 
     </span>
    </p>
   </div>
   <div class='ocr_carea' id='block_1_62' title="bbox 200 3434 1786 3514">
    <p class='ocr_par' dir='ltr' id='par_1_62' title="bbox 200 3434 1786 3514">
     <span class='ocr_line' id='line_1_62' title="bbox 200 3434 1786 3514; baseline -0.007 -10"><span class='ocrx_word' id='word_1_485' title='bbox 200 3446 389 3504; x_wconf 76' lang='lat' dir='ltr'><strong>sancta</strong></span> <span class='ocrx_word' id='word_1_486' title='bbox 404 3442 530 3501; x_wconf 88' lang='lat' dir='ltr'><strong>olim</strong></span> <span class='ocrx_word' id='word_1_487' title='bbox 553 3443 922 3514; x_wconf 82' lang='lat' dir='ltr'><strong>appellabatur</strong></span> <span class='ocrx_word' id='word_1_488' title='bbox 937 3439 1289 3507; x_wconf 75' lang='lat' dir='ltr'><strong>Hierusalem,</strong></span> <span class='ocrx_word' id='word_1_489' title='bbox 1301 3441 1454 3512; x_wconf 75' lang='lat' dir='ltr'><strong>juxta</strong></span> <span class='ocrx_word' id='word_1_490' title='bbox 1468 3434 1596 3495; x_wconf 87' lang='lat' dir='ltr'><strong>illud</strong></span> <span class='ocrx_word' id='word_1_491' title='bbox 1608 3439 1786 3494; x_wconf 82' lang='lat' dir='ltr'><strong>Evan-</strong></span> 
     </span>
    </p>
   </div>
   <div class='ocr_carea' id='block_1_63' title="bbox 199 3532 1786 3610">
    <p class='ocr_par' dir='ltr' id='par_1_63' title="bbox 199 3532 1786 3610">
     <span class='ocr_line' id='line_1_63' title="bbox 199 3532 1786 3610; baseline -0.006 -16"><span class='ocrx_word' id='word_1_492' title='bbox 199 3537 324 3610; x_wconf 82' lang='lat' dir='ltr'><strong>gelii</strong></span> <span class='ocrx_word' id='word_1_493' title='bbox 358 3555 371 3591; x_wconf 89' lang='lat'><strong>:</strong></span> <span class='ocrx_word' id='word_1_494' title='bbox 406 3534 577 3591; x_wconf 80' lang='lat' dir='ltr'><strong>Multa</strong></span> <span class='ocrx_word' id='word_1_495' title='bbox 600 3550 819 3606; x_wconf 89' lang='lat' dir='ltr'><strong>corpora</strong></span> <span class='ocrx_word' id='word_1_496' title='bbox 846 3543 1147 3589; x_wconf 83' lang='lat' dir='ltr'><strong>sanctorum</strong></span> <span class='ocrx_word' id='word_1_497' title='bbox 1168 3532 1261 3604; x_wconf 79' lang='lat' dir='ltr'><strong>qui</strong></span> <span class='ocrx_word' id='word_1_498' title='bbox 1295 3532 1637 3595; x_wconf 78' lang='lat' dir='ltr'><strong>dormierunt,</strong></span> <span class='ocrx_word' id='word_1_499' title='bbox 1663 3544 1786 3585; x_wconf 83' lang='lat' dir='ltr'><strong>sur-</strong></span> 
     </span>
    </p>
   </div>
   <div class='ocr_carea' id='block_1_64' title="bbox 202 3624 1787 3700">
    <p class='ocr_par' dir='ltr' id='par_1_64' title="bbox 202 3624 1787 3700">
     <span class='ocr_line' id='line_1_64' title="bbox 202 3624 1787 3700; baseline -0.003 -16"><span class='ocrx_word' id='word_1_500' title='bbox 202 3640 449 3686; x_wconf 77' lang='lat' dir='ltr'><strong>rexerunt</strong></span> <span class='ocrx_word' id='word_1_501' title='bbox 499 3638 547 3684; x_wconf 86' lang='lat' dir='ltr'><strong>et</strong></span> <span class='ocrx_word' id='word_1_502' title='bbox 599 3635 952 3700; x_wconf 61' lang='lat' dir='ltr'><strong>apparuerunt</strong></span> <span class='ocrx_word' id='word_1_503' title='bbox 997 3626 1175 3681; x_wconf 75' lang='lat' dir='ltr'><strong>multis</strong></span> <span class='ocrx_word' id='word_1_504' title='bbox 1231 3626 1288 3680; x_wconf 74' lang='lat' dir='ltr'><strong>in</strong></span> <span class='ocrx_word' id='word_1_505' title='bbox 1343 3630 1526 3681; x_wconf 76' lang='lat' dir='ltr'><strong>sancta</strong></span> <span class='ocrx_word' id='word_1_506' title='bbox 1579 3624 1787 3679; x_wconf 77' lang='lat' dir='ltr'><strong>civitate</strong></span> 
     </span>
    </p>
   </div>
   <div class='ocr_carea' id='block_1_65' title="bbox 203 3714 1785 3792">
    <p class='ocr_par' dir='ltr' id='par_1_65' title="bbox 203 3714 1785 3792">
     <span class='ocr_line' id='line_1_65' title="bbox 203 3714 1785 3792; baseline -0.004 -18"><span class='ocrx_word' id='word_1_507' title='bbox 203 3720 424 3792; x_wconf 80' lang='lat' dir='ltr'><strong>(Matth.</strong></span> <span class='ocrx_word' id='word_1_508' title='bbox 451 3718 646 3787; x_wconf 78' lang='lat' dir='ltr'><strong>xxvii).</strong></span> <span class='ocrx_word' id='word_1_509' title='bbox 670 3717 1057 3773; x_wconf 66' lang='lat' dir='ltr'><strong>Verumtamen</strong></span> <span class='ocrx_word' id='word_1_510' title='bbox 1084 3716 1176 3770; x_wconf 89' lang='lat' dir='ltr'><strong>hic</strong></span> <span class='ocrx_word' id='word_1_511' title='bbox 1211 3722 1323 3770; x_wconf 80' lang='lat' dir='ltr'><strong>nou</strong></span> <span class='ocrx_word' id='word_1_512' title='bbox 1349 3716 1415 3771; x_wconf 86' lang='lat' dir='ltr'><strong>de</strong></span> <span class='ocrx_word' id='word_1_513' title='bbox 1451 3714 1543 3769; x_wconf 77' lang='lat' dir='ltr'><strong>tua</strong></span> <span class='ocrx_word' id='word_1_514' title='bbox 1566 3714 1785 3781; x_wconf 79' lang='lat' dir='ltr'><strong>dicitur,</strong></span> 
     </span>
    </p>
   </div>
   <div class='ocr_carea' id='block_1_66' title="bbox 204 3803 1789 3879">
    <p class='ocr_par' dir='ltr' id='par_1_66' title="bbox 204 3803 1789 3879">
     <span class='ocr_line' id='line_1_66' title="bbox 204 3803 1789 3879; baseline -0.006 -12"><span class='ocrx_word' id='word_1_515' title='bbox 204 3810 300 3867; x_wconf 86' lang='lat' dir='ltr'><strong>sed</strong></span> <span class='ocrx_word' id='word_1_516' title='bbox 328 3809 508 3879; x_wconf 87' lang='lat' dir='ltr'><strong>potius</strong></span> <span class='ocrx_word' id='word_1_517' title='bbox 548 3806 613 3862; x_wconf 93' lang='lat' dir='ltr'><strong>de</strong></span> <span class='ocrx_word' id='word_1_518' title='bbox 645 3805 906 3870; x_wconf 86' lang='lat' dir='ltr'><strong>Ecclesia,</strong></span> <span class='ocrx_word' id='word_1_519' title='bbox 937 3806 1004 3860; x_wconf 91' lang='lat' dir='ltr'><strong>de</strong></span> <span class='ocrx_word' id='word_1_520' title='bbox 1038 3812 1147 3874; x_wconf 78' lang='lat' dir='ltr'><strong>qua</strong></span> <span class='ocrx_word' id='word_1_521' title='bbox 1189 3805 1449 3873; x_wconf 85' lang='lat' dir='ltr'><strong>scriptum</strong></span> <span class='ocrx_word' id='word_1_522' title='bbox 1495 3810 1581 3860; x_wconf 81' lang='lat' dir='ltr'><strong>est</strong></span> <span class='ocrx_word' id='word_1_523' title='bbox 1615 3821 1629 3859; x_wconf 91' lang='lat'><strong>:</strong></span> <span class='ocrx_word' id='word_1_524' title='bbox 1658 3803 1789 3858; x_wconf 78' lang='lat' dir='ltr'><strong>Glo-</strong></span> 
     </span>
    </p>
   </div>
   <div class='ocr_carea' id='block_1_67' title="bbox 204 3890 1790 3964">
    <p class='ocr_par' dir='ltr' id='par_1_67' title="bbox 204 3890 1790 3964">
     <span class='ocr_line' id='line_1_67' title="bbox 204 3890 1790 3964; baseline -0.004 -10"><span class='ocrx_word' id='word_1_525' title='bbox 204 3901 347 3954; x_wconf 81' lang='lat' dir='ltr'><strong>riosa</strong></span> <span class='ocrx_word' id='word_1_526' title='bbox 368 3894 510 3951; x_wconf 70' lang='lat' dir='ltr'><strong>dictu</strong></span> <span class='ocrx_word' id='word_1_527' title='bbox 529 3896 649 3951; x_wconf 72' lang='lat' dir='ltr'><strong>stitit</strong></span> <span class='ocrx_word' id='word_1_528' title='bbox 670 3894 736 3950; x_wconf 77' lang='lat' dir='ltr'><strong>de</strong></span> <span class='ocrx_word' id='word_1_529' title='bbox 760 3894 831 3961; x_wconf 71' lang='lat' dir='ltr'><strong>te,</strong></span> <span class='ocrx_word' id='word_1_530' title='bbox 855 3895 1035 3948; x_wconf 73' lang='lat' dir='ltr'><strong>ciuitas</strong></span> <span class='ocrx_word' id='word_1_531' title='bbox 1059 3892 1161 3947; x_wconf 84' lang='lat' dir='ltr'><strong>Dei</strong></span> <span class='ocrx_word' id='word_1_532' title='bbox 1185 3890 1357 3964; x_wconf 81' lang='lat' dir='ltr'><strong>(Psat.</strong></span> <span class='ocrx_word' id='word_1_533' title='bbox 1373 3892 1617 3964; x_wconf 74' lang='lat' dir='ltr'><strong>Lxxxvt).</strong></span> <span class='ocrx_word' id='word_1_534' title='bbox 1639 3891 1790 3948; x_wconf 85' lang='lat' dir='ltr'><strong>Hanc</strong></span> 
     </span>
    </p>
   </div>
   <div class='ocr_carea' id='block_1_68' title="bbox 206 3982 1791 4054">
    <p class='ocr_par' dir='ltr' id='par_1_68' title="bbox 206 3982 1791 4054">
     <span class='ocr_line' id='line_1_68' title="bbox 206 3982 1791 4054; baseline -0.005 -7"><span class='ocrx_word' id='word_1_535' title='bbox 206 3991 480 4047; x_wconf 81' lang='lat' dir='ltr'><strong>civitatem</strong></span> <span class='ocrx_word' id='word_1_536' title='bbox 516 3986 757 4053; x_wconf 86' lang='lat' dir='ltr'><strong>calcant,</strong></span> <span class='ocrx_word' id='word_1_537' title='bbox 790 3984 845 4041; x_wconf 90' lang='lat' dir='ltr'><strong>id</strong></span> <span class='ocrx_word' id='word_1_538' title='bbox 885 3986 969 4040; x_wconf 87' lang='lat' dir='ltr'><strong>est</strong></span> <span class='ocrx_word' id='word_1_539' title='bbox 1007 3985 1372 4054; x_wconf 86' lang='lat' dir='ltr'><strong>comprimunt</strong></span> <span class='ocrx_word' id='word_1_540' title='bbox 1412 3984 1571 4050; x_wconf 83' lang='lat' dir='ltr'><strong>atria,</strong></span> <span class='ocrx_word' id='word_1_541' title='bbox 1608 3982 1662 4039; x_wconf 90' lang='lat' dir='ltr'><strong>id</strong></span> <span class='ocrx_word' id='word_1_542' title='bbox 1707 3989 1791 4039; x_wconf 86' lang='lat' dir='ltr'><strong>est</strong></span> 
     </span>
    </p>
   </div>
   <div class='ocr_carea' id='block_1_69' title="bbox 206 4072 1791 4149">
    <p class='ocr_par' dir='ltr' id='par_1_69' title="bbox 206 4072 1791 4149">
     <span class='ocr_line' id='line_1_69' title="bbox 206 4072 1791 4149; baseline -0.004 -12"><span class='ocrx_word' id='word_1_543' title='bbox 206 4079 471 4144; x_wconf 64' lang='lat' dir='ltr'><strong>haeretici,</strong></span> <span class='ocrx_word' id='word_1_544' title='bbox 507 4077 725 4149; x_wconf 80' lang='lat' dir='ltr'><strong>pagani,</strong></span> <span class='ocrx_word' id='word_1_545' title='bbox 752 4072 943 4141; x_wconf 73' lang='lat' dir='ltr'><strong>Judaei;</strong></span> <span class='ocrx_word' id='word_1_546' title='bbox 974 4082 1028 4131; x_wconf 90' lang='lat' dir='ltr'><strong>et</strong></span> <span class='ocrx_word' id='word_1_547' title='bbox 1056 4074 1175 4130; x_wconf 81' lang='lat' dir='ltr'><strong>falsi</strong></span> <span class='ocrx_word' id='word_1_548' title='bbox 1203 4072 1432 4141; x_wconf 80' lang='lat' dir='ltr'><strong>fratres,</strong></span> <span class='ocrx_word' id='word_1_549' title='bbox 1463 4082 1518 4130; x_wconf 86' lang='lat' dir='ltr'><strong>et</strong></span> <span class='ocrx_word' id='word_1_550' title='bbox 1543 4074 1712 4130; x_wconf 90' lang='lat' dir='ltr'><strong>verbo</strong></span> <span class='ocrx_word' id='word_1_551' title='bbox 1737 4081 1791 4131; x_wconf 90' lang='lat' dir='ltr'><strong>et</strong></span> 
     </span>
    </p>
   </div>
   <div class='ocr_carea' id='block_1_70' title="bbox 207 4166 1788 4239">
    <p class='ocr_par' dir='ltr' id='par_1_70' title="bbox 207 4166 1788 4239">
     <span class='ocr_line' id='line_1_70' title="bbox 207 4166 1788 4239; baseline -0.006 -9"><span class='ocrx_word' id='word_1_552' title='bbox 207 4181 479 4230; x_wconf 86' lang='lat' dir='ltr'><strong>tormento</strong></span> <span class='ocrx_word' id='word_1_553' title='bbox 506 4189 521 4237; x_wconf 93' lang='lat'><strong>;</strong></span> <span class='ocrx_word' id='word_1_554' title='bbox 551 4171 646 4227; x_wconf 87' lang='lat' dir='ltr'><strong>sed</strong></span> <span class='ocrx_word' id='word_1_555' title='bbox 672 4171 813 4226; x_wconf 90' lang='lat' dir='ltr'><strong>sicut</strong></span> <span class='ocrx_word' id='word_1_556' title='bbox 840 4169 973 4225; x_wconf 81' lang='lat' dir='ltr'><strong>silex</strong></span> <span class='ocrx_word' id='word_1_557' title='bbox 998 4169 1204 4225; x_wconf 88' lang='lat' dir='ltr'><strong>calcata</strong></span> <span class='ocrx_word' id='word_1_558' title='bbox 1232 4168 1461 4239; x_wconf 84' lang='lat' dir='ltr'><strong>pedibus</strong></span> <span class='ocrx_word' id='word_1_559' title='bbox 1490 4166 1788 4233; x_wconf 77' lang='lat' dir='ltr'><strong>hominum,</strong></span> 
     </span>
    </p>
   </div>
   <div class='ocr_carea' id='block_1_71' title="bbox 205 4258 1792 4334">
    <p class='ocr_par' dir='ltr' id='par_1_71' title="bbox 205 4258 1792 4334">
     <span class='ocr_line' id='line_1_71' title="bbox 205 4258 1792 4334; baseline -0.004 -15"><span class='ocrx_word' id='word_1_560' title='bbox 205 4262 419 4319; x_wconf 89' lang='lat' dir='ltr'><strong>elimari</strong></span> <span class='ocrx_word' id='word_1_561' title='bbox 445 4264 645 4334; x_wconf 84' lang='lat' dir='ltr'><strong>potest,</strong></span> <span class='ocrx_word' id='word_1_562' title='bbox 676 4259 971 4317; x_wconf 84' lang='lat' dir='ltr'><strong>comminui</strong></span> <span class='ocrx_word' id='word_1_563' title='bbox 999 4272 1104 4315; x_wconf 87' lang='lat' dir='ltr'><strong>non</strong></span> <span class='ocrx_word' id='word_1_564' title='bbox 1133 4266 1334 4331; x_wconf 71' lang='lat' dir='ltr'><strong>potcSt,</strong></span> <span class='ocrx_word' id='word_1_565' title='bbox 1359 4265 1412 4313; x_wconf 83' lang='lat' dir='ltr'><strong>et</strong></span> <span class='ocrx_word' id='word_1_566' title='bbox 1440 4264 1592 4313; x_wconf 85' lang='lat' dir='ltr'><strong>tauto‘</strong></span> <span class='ocrx_word' id='word_1_567' title='bbox 1620 4258 1792 4328; x_wconf 74' lang='lat' dir='ltr'><strong>inagis</strong></span> 
     </span>
    </p>
   </div>
   <div class='ocr_carea' id='block_1_72' title="bbox 206 4349 1795 4423">
    <p class='ocr_par' dir='ltr' id='par_1_72' title="bbox 206 4349 1795 4423">
     <span class='ocr_line' id='line_1_72' title="bbox 206 4349 1795 4423; baseline -0.004 -14"><span class='ocrx_word' id='word_1_568' title='bbox 206 4354 476 4418; x_wconf 89' lang='lat' dir='ltr'><strong>elimatur,</strong></span> <span class='ocrx_word' id='word_1_569' title='bbox 501 4350 704 4423; x_wconf 86' lang='lat' dir='ltr'><strong>quanto</strong></span> <span class='ocrx_word' id='word_1_570' title='bbox 730 4352 901 4423; x_wconf 78' lang='lat' dir='ltr'><strong>magis</strong></span> <span class='ocrx_word' id='word_1_571' title='bbox 930 4350 1173 4411; x_wconf 70' lang='lat' dir='ltr'><strong>calcatur</strong></span> <span class='ocrx_word' id='word_1_572' title='bbox 1198 4370 1210 4406; x_wconf 91' lang='lat'>:</span> <span class='ocrx_word' id='word_1_573' title='bbox 1242 4352 1316 4405; x_wconf 84' lang='lat' dir='ltr'><strong>ita</strong></span> <span class='ocrx_word' id='word_1_574' title='bbox 1340 4357 1526 4405; x_wconf 87' lang='lat' dir='ltr'><strong>sancta</strong></span> <span class='ocrx_word' id='word_1_575' title='bbox 1549 4349 1795 4404; x_wconf 74' lang='lat' dir='ltr'><strong>Ecclesia</strong></span> 
     </span>
    </p>
   </div>
   <div class='ocr_carea' id='block_1_73' title="bbox 206 4438 1799 4517">
    <p class='ocr_par' dir='ltr' id='par_1_73' title="bbox 206 4438 1799 4517">
     <span class='ocr_line' id='line_1_73' title="bbox 206 4438 1799 4517; baseline -0.005 -16"><span class='ocrx_word' id='word_1_576' title='bbox 206 4458 277 4501; x_wconf 78' lang='lat' dir='ltr'><strong>ex</strong></span> <span class='ocrx_word' id='word_1_577' title='bbox 332 4444 708 4517; x_wconf 80' lang='lat' dir='ltr'><strong>persecutione</strong></span> <span class='ocrx_word' id='word_1_578' title='bbox 758 4441 1091 4513; x_wconf 76' lang='lat' dir='ltr'><strong>perfidorum</strong></span> <span class='ocrx_word' id='word_1_579' title='bbox 1138 4440 1411 4496; x_wconf 82' lang='lat' dir='ltr'><strong>robustior</strong></span> <span class='ocrx_word' id='word_1_580' title='bbox 1456 4438 1699 4494; x_wconf 84' lang='lat' dir='ltr'><strong>redditur</strong></span> <span class='ocrx_word' id='word_1_581' title='bbox 1738 4447 1799 4495; x_wconf 79' lang='lat' dir='ltr'><strong>et</strong></span> 
     </span>
    </p>
   </div>
   <div class='ocr_carea' id='block_1_74' title="bbox 206 4529 1794 4603">
    <p class='ocr_par' dir='ltr' id='par_1_74' title="bbox 206 4529 1794 4603">
     <span class='ocr_line' id='line_1_74' title="bbox 206 4529 1794 4603; baseline -0.008 -10"><span class='ocrx_word' id='word_1_582' title='bbox 206 4535 562 4600; x_wconf 82' lang='lat' dir='ltr'><strong>luculentior,</strong></span> <span class='ocrx_word' id='word_1_583' title='bbox 589 4530 731 4590; x_wconf 81' lang='lat' dir='ltr'><strong>unde</strong></span> <span class='ocrx_word' id='word_1_584' title='bbox 764 4532 1093 4603; x_wconf 70' lang='lat' dir='ltr'><strong>Apostolus:</strong></span> <span class='ocrx_word' id='word_1_585' title='bbox 1118 4529 1347 4599; x_wconf 82' lang='lat' dir='ltr'><strong>Qualido</strong></span> <span class='ocrx_word' id='word_1_586' title='bbox 1376 4530 1637 4600; x_wconf 77' lang='lat' dir='ltr'><strong>inﬁrmor,</strong></span> <span class='ocrx_word' id='word_1_587' title='bbox 1669 4536 1794 4583; x_wconf 76' lang='lat' dir='ltr'><strong>tunc</strong></span> 
     </span>
    </p>
   </div>
   <div class='ocr_carea' id='block_1_75' title="bbox 1888 3431 3477 3510">
    <p class='ocr_par' dir='ltr' id='par_1_75' title="bbox 1888 3431 3477 3510">
     <span class='ocr_line' id='line_1_75' title="bbox 1888 3431 3477 3510; baseline 0.007 -23"><span class='ocrx_word' id='word_1_588' title='bbox 1888 3431 2120 3489; x_wconf 81' lang='lat' dir='ltr'><strong>testibus</strong></span> <span class='ocrx_word' id='word_1_589' title='bbox 2149 3431 2432 3507; x_wconf 80' lang='lat' dir='ltr'><strong>ﬁguratur,</strong></span> <span class='ocrx_word' id='word_1_590' title='bbox 2453 3432 2676 3505; x_wconf 67' lang='lat' dir='ltr'><strong>propter</strong></span> <span class='ocrx_word' id='word_1_591' title='bbox 2702 3436 2809 3491; x_wconf 82' lang='lat' dir='ltr'><strong>duo</strong></span> <span class='ocrx_word' id='word_1_592' title='bbox 2835 3432 3180 3494; x_wconf 76' lang='lat' dir='ltr'><strong>Testamenta</strong></span> <span class='ocrx_word' id='word_1_593' title='bbox 3206 3440 3477 3510; x_wconf 77' lang='lat' dir='ltr'><strong>videlicet,-</strong></span> 
     </span>
    </p>
   </div>
   <div class='ocr_carea' id='block_1_76' title="bbox 1885 3524 3478 3602">
    <p class='ocr_par' dir='ltr' id='par_1_76' title="bbox 1885 3524 3478 3602">
     <span class='ocr_line' id='line_1_76' title="bbox 1885 3524 3478 3602; baseline 0.006 -22"><span class='ocrx_word' id='word_1_594' title='bbox 1885 3525 2084 3596; x_wconf 91' lang='lat' dir='ltr'><strong>quibus</strong></span> <span class='ocrx_word' id='word_1_595' title='bbox 2098 3525 2415 3594; x_wconf 78' lang='lat' dir='ltr'><strong>roboratur;</strong></span> <span class='ocrx_word' id='word_1_596' title='bbox 2440 3526 2525 3583; x_wconf 86' lang='lat' dir='ltr'><strong>vel</strong></span> <span class='ocrx_word' id='word_1_597' title='bbox 2544 3524 2669 3597; x_wconf 80' lang='lat' dir='ltr'><strong>quia</strong></span> <span class='ocrx_word' id='word_1_598' title='bbox 2690 3534 2757 3585; x_wconf 78' lang='lat' dir='ltr'><strong>ex</strong></span> <span class='ocrx_word' id='word_1_599' title='bbox 2779 3527 2989 3585; x_wconf 83' lang='lat' dir='ltr'><strong>duobus</strong></span> <span class='ocrx_word' id='word_1_600' title='bbox 3009 3528 3221 3601; x_wconf 80' lang='lat' dir='ltr'><strong>popuiis</strong></span> <span class='ocrx_word' id='word_1_601' title='bbox 3240 3541 3478 3602; x_wconf 81' lang='lat' dir='ltr'><strong>constat,</strong></span> 
     </span>
    </p>
   </div>
   <div class='ocr_carea' id='block_1_77' title="bbox 1885 3615 3480 3688">
    <p class='ocr_par' dir='ltr' id='par_1_77' title="bbox 1885 3615 3480 3688">
     <span class='ocr_line' id='line_1_77' title="bbox 1885 3615 3480 3688; baseline 0.007 -18"><span class='ocrx_word' id='word_1_602' title='bbox 1885 3622 1945 3671; x_wconf 90' lang='lat' dir='ltr'><strong>et</strong></span> <span class='ocrx_word' id='word_1_603' title='bbox 1971 3615 2179 3672; x_wconf 89' lang='lat' dir='ltr'><strong>duobus</strong></span> <span class='ocrx_word' id='word_1_604' title='bbox 2202 3616 2488 3688; x_wconf 61' lang='lat' dir='ltr'><strong>praceptis</strong></span> <span class='ocrx_word' id='word_1_605' title='bbox 2514 3616 2798 3674; x_wconf 76' lang='lat' dir='ltr'><strong>ebaritatis</strong></span> <span class='ocrx_word' id='word_1_606' title='bbox 2820 3618 3155 3687; x_wconf 77' lang='lat' dir='ltr'><strong>vividea’tur;</strong></span> <span class='ocrx_word' id='word_1_607' title='bbox 3181 3622 3299 3678; x_wconf 87' lang='lat' dir='ltr'><strong>sive</strong></span> <span class='ocrx_word' id='word_1_608' title='bbox 3315 3620 3480 3681; x_wconf 82' lang='lat' dir='ltr'><strong>etiam</strong></span> 
     </span>
    </p>
   </div>
   <div class='ocr_carea' id='block_1_78' title="bbox 1886 3708 3482 3780">
    <p class='ocr_par' dir='ltr' id='par_1_78' title="bbox 1886 3708 3482 3780">
     <span class='ocr_line' id='line_1_78' title="bbox 1886 3708 3482 3780; baseline 0.006 -18"><span class='ocrx_word' id='word_1_609' title='bbox 1886 3717 2110 3779; x_wconf 87' lang='lat' dir='ltr'><strong>propter</strong></span> <span class='ocrx_word' id='word_1_610' title='bbox 2138 3710 2245 3764; x_wconf 91' lang='lat' dir='ltr'><strong>duo</strong></span> <span class='ocrx_word' id='word_1_611' title='bbox 2282 3708 2533 3779; x_wconf 76' lang='lat' dir='ltr'><strong>martyrii</strong></span> <span class='ocrx_word' id='word_1_612' title='bbox 2567 3718 2785 3780; x_wconf 81' lang='lat' dir='ltr'><strong>genera.</strong></span> <span class='ocrx_word' id='word_1_613' title='bbox 2812 3710 2875 3766; x_wconf 78' lang='lat' dir='ltr'><strong>In</strong></span> <span class='ocrx_word' id='word_1_614' title='bbox 2903 3713 3081 3768; x_wconf 84' lang='lat' dir='ltr'><strong>saccis</strong></span> <span class='ocrx_word' id='word_1_615' title='bbox 3106 3720 3239 3770; x_wconf 81' lang='lat' dir='ltr'><strong>vero</strong></span> <span class='ocrx_word' id='word_1_616' title='bbox 3260 3713 3482 3772; x_wconf 77' lang='lat' dir='ltr'><strong>humili-</strong></span> 
     </span>
    </p>
   </div>
   <div class='ocr_carea' id='block_1_79' title="bbox 1890 3798 3475 3879">
    <p class='ocr_par' dir='ltr' id='par_1_79' title="bbox 1890 3798 3475 3879">
     <span class='ocr_line' id='line_1_79' title="bbox 1890 3798 3475 3879; baseline 0.008 -27"><span class='ocrx_word' id='word_1_617' title='bbox 1890 3806 1976 3854; x_wconf 89' lang='lat' dir='ltr'><strong>tas</strong></span> <span class='ocrx_word' id='word_1_618' title='bbox 2024 3804 2341 3855; x_wconf 86' lang='lat' dir='ltr'><strong>sanctorum</strong></span> <span class='ocrx_word' id='word_1_619' title='bbox 2370 3798 2710 3869; x_wconf 76' lang='lat' dir='ltr'><strong>exprimitur,</strong></span> <span class='ocrx_word' id='word_1_620' title='bbox 2741 3804 2855 3872; x_wconf 81' lang='lat' dir='ltr'><strong>qui,</strong></span> <span class='ocrx_word' id='word_1_621' title='bbox 2898 3804 3028 3858; x_wconf 81' lang='lat' dir='ltr'><strong>licet</strong></span> <span class='ocrx_word' id='word_1_622' title='bbox 3053 3800 3163 3859; x_wconf 74' lang='lat' dir='ltr'><strong>sttit</strong></span> <span class='ocrx_word' id='word_1_623' title='bbox 3211 3809 3475 3879; x_wconf 70' lang='lat' dir='ltr'><strong>Magistri,</strong></span> 
     </span>
    </p>
   </div>
   <div class='ocr_carea' id='block_1_80' title="bbox 1888 3889 3480 3959">
    <p class='ocr_par' dir='ltr' id='par_1_80' title="bbox 1888 3889 3480 3959">
     <span class='ocr_line' id='line_1_80' title="bbox 1888 3889 3480 3959; baseline 0.009 -18"><span class='ocrx_word' id='word_1_624' title='bbox 1888 3894 2205 3959; x_wconf 88' lang='lat' dir='ltr'><strong>peccatores</strong></span> <span class='ocrx_word' id='word_1_625' title='bbox 2223 3892 2282 3942; x_wconf 82' lang='lat' dir='ltr'><strong>se</strong></span> <span class='ocrx_word' id='word_1_626' title='bbox 2311 3896 2437 3943; x_wconf 84' lang='lat' dir='ltr'><strong>esse</strong></span> <span class='ocrx_word' id='word_1_627' title='bbox 2469 3889 2748 3955; x_wconf 77' lang='lat' dir='ltr'><strong>fatentur;</strong></span> <span class='ocrx_word' id='word_1_628' title='bbox 2777 3904 2903 3945; x_wconf 83' lang='lat' dir='ltr'><strong>nam</strong></span> <span class='ocrx_word' id='word_1_629' title='bbox 2943 3893 3179 3949; x_wconf 80' lang='lat' dir='ltr'><strong>cilicium</strong></span> <span class='ocrx_word' id='word_1_630' title='bbox 3219 3897 3480 3955; x_wconf 86' lang='lat' dir='ltr'><strong>crimino-</strong></span> 
     </span>
    </p>
   </div>
   <div class='ocr_carea' id='block_1_81' title="bbox 1892 3976 3479 4059">
    <p class='ocr_par' dir='ltr' id='par_1_81' title="bbox 1892 3976 3479 4059">
     <span class='ocr_line' id='line_1_81' title="bbox 1892 3976 3479 4059; baseline -0.001 -26"><span class='ocrx_word' id='word_1_631' title='bbox 1892 3977 1971 4033; x_wconf 85' lang='lat' dir='ltr'><strong>sis</strong></span> <span class='ocrx_word' id='word_1_632' title='bbox 2005 3978 2277 4034; x_wconf 87' lang='lat' dir='ltr'><strong>convenit.</strong></span> <span class='ocrx_word' id='word_1_633' title='bbox 2310 3976 2406 4032; x_wconf 67' lang='grc' dir='ltr'><strong>νει</strong></span> <span class='ocrx_word' id='word_1_634' title='bbox 2449 3984 2621 4045; x_wconf 74' lang='lat' dir='ltr'><strong>certe,</strong></span> <span class='ocrx_word' id='word_1_635' title='bbox 2647 3979 2776 4049; x_wconf 86' lang='lat' dir='ltr'><strong>quia</strong></span> <span class='ocrx_word' id='word_1_636' title='bbox 2803 3990 3121 4038; x_wconf 75' lang='lat' dir='ltr'><strong>sanctorum</strong></span> <span class='ocrx_word' id='word_1_637' title='bbox 3142 3985 3257 4040; x_wconf 68' lang='lat' dir='ltr'><strong>vita</strong></span> <span class='ocrx_word' id='word_1_638' title='bbox 3288 4001 3479 4059; x_wconf 67' lang='lat' dir='ltr'><strong>mpm.</strong></span> 
     </span>
    </p>
   </div>
   <div class='ocr_carea' id='block_1_82' title="bbox 1888 4068 3477 4147">
    <p class='ocr_par' dir='ltr' id='par_1_82' title="bbox 1888 4068 3477 4147">
     <span class='ocr_line' id='line_1_82' title="bbox 1888 4068 3477 4147; baseline -0.002 -21"><span class='ocrx_word' id='word_1_639' title='bbox 1888 4068 1976 4126; x_wconf 88' lang='lat' dir='ltr'><strong>bis</strong></span> <span class='ocrx_word' id='word_1_640' title='bbox 1998 4070 2268 4125; x_wconf 83' lang='lat' dir='ltr'><strong>videbitur</strong></span> <span class='ocrx_word' id='word_1_641' title='bbox 2291 4071 2547 4141; x_wconf 77' lang='lat' dir='ltr'><strong>despecta</strong></span> <span class='ocrx_word' id='word_1_642' title='bbox 2564 4112 2579 4137; x_wconf 93' lang='lat'><strong>,</strong></span> <span class='ocrx_word' id='word_1_643' title='bbox 2610 4072 2731 4126; x_wconf 90' lang='lat' dir='ltr'><strong>ideo</strong></span> <span class='ocrx_word' id='word_1_644' title='bbox 2757 4073 2931 4128; x_wconf 86' lang='lat' dir='ltr'><strong>saccis</strong></span> <span class='ocrx_word' id='word_1_645' title='bbox 2974 4075 3147 4131; x_wconf 76' lang='lat' dir='ltr'><strong>induti</strong></span> <span class='ocrx_word' id='word_1_646' title='bbox 3183 4079 3477 4147; x_wconf 76' lang='lat' dir='ltr'><strong>perhiben-</strong></span> 
     </span>
    </p>
   </div>
   <div class='ocr_carea' id='block_1_83' title="bbox 1890 4161 3479 4240">
    <p class='ocr_par' dir='ltr' id='par_1_83' title="bbox 1890 4161 3479 4240">
     <span class='ocr_line' id='line_1_83' title="bbox 1890 4161 3479 4240; baseline 0 -25"><span class='ocrx_word' id='word_1_647' title='bbox 1890 4168 2000 4215; x_wconf 88' lang='lat' dir='ltr'><strong>tur.</strong></span> <span class='ocrx_word' id='word_1_648' title='bbox 2035 4161 2105 4216; x_wconf 82' lang='lat' dir='ltr'><strong>Et</strong></span> <span class='ocrx_word' id='word_1_649' title='bbox 2128 4161 2232 4215; x_wconf 91' lang='lat' dir='ltr'><strong>hoc</strong></span> <span class='ocrx_word' id='word_1_650' title='bbox 2260 4169 2345 4216; x_wconf 85' lang='lat' dir='ltr'><strong>est</strong></span> <span class='ocrx_word' id='word_1_651' title='bbox 2372 4162 2523 4232; x_wconf 86' lang='lat' dir='ltr'><strong>quod</strong></span> <span class='ocrx_word' id='word_1_652' title='bbox 2556 4162 2611 4216; x_wconf 90' lang='lat' dir='ltr'><strong>in</strong></span> <span class='ocrx_word' id='word_1_653' title='bbox 2641 4163 2745 4217; x_wconf 80' lang='lat' dir='ltr'><strong>hac</strong></span> <span class='ocrx_word' id='word_1_654' title='bbox 2774 4163 2963 4220; x_wconf 81' lang='lat' dir='ltr'><strong>eadem</strong></span> <span class='ocrx_word' id='word_1_655' title='bbox 2998 4167 3318 4240; x_wconf 73' lang='lat' dir='ltr'><strong>Apocalypsi</strong></span> <span class='ocrx_word' id='word_1_656' title='bbox 3343 4170 3479 4228; x_wconf 74' lang='lat' dir='ltr'><strong>dici.</strong></span> 
     </span>
    </p>
   </div>
   <div class='ocr_carea' id='block_1_84' title="bbox 1892 4248 3479 4325">
    <p class='ocr_par' dir='ltr' id='par_1_84' title="bbox 1892 4248 3479 4325">
     <span class='ocr_line' id='line_1_84' title="bbox 1892 4248 3479 4325; baseline 0.009 -21"><span class='ocrx_word' id='word_1_657' title='bbox 1892 4256 2002 4317; x_wconf 89' lang='lat' dir='ltr'><strong>tur,</strong></span> <span class='ocrx_word' id='word_1_658' title='bbox 2048 4249 2144 4306; x_wconf 84' lang='lat' dir='ltr'><strong>Sol</strong></span> <span class='ocrx_word' id='word_1_659' title='bbox 2171 4248 2345 4321; x_wconf 77' lang='lat' dir='ltr'><strong>factus</strong></span> <span class='ocrx_word' id='word_1_660' title='bbox 2393 4261 2470 4307; x_wconf 77' lang='lat' dir='ltr'><strong>ut</strong></span> <span class='ocrx_word' id='word_1_661' title='bbox 2514 4252 2662 4323; x_wconf 76' lang='lat' dir='ltr'><strong>niger</strong></span> <span class='ocrx_word' id='word_1_662' title='bbox 2709 4261 2961 4325; x_wconf 73' lang='lat' dir='ltr'><strong>tanquam</strong></span> <span class='ocrx_word' id='word_1_663' title='bbox 3006 4268 3194 4314; x_wconf 77' lang='lat' dir='ltr'><strong>metu</strong></span> <span class='ocrx_word' id='word_1_664' title='bbox 3238 4259 3479 4319; x_wconf 65' lang='grc' dir='ltr'><strong>δειξάτω</strong></span> 
     </span>
    </p>
   </div>
   <div class='ocr_carea' id='block_1_85' title="bbox 1891 4341 2209 4415">
    <p class='ocr_par' dir='ltr' id='par_1_85' title="bbox 1891 4341 2209 4415">
     <span class='ocr_line' id='line_1_85' title="bbox 1891 4341 2209 4415; baseline 0.003 -20"><span class='ocrx_word' id='word_1_665' title='bbox 1891 4342 2077 4415; x_wconf 74' lang='lat' dir='ltr'><strong>(Apoc.</strong></span> <span class='ocrx_word' id='word_1_666' title='bbox 2110 4341 2209 4414; x_wconf 78' lang='lat' dir='ltr'><strong>Vl).</strong></span> 
     </span>
    </p>
   </div>
   <div class='ocr_carea' id='block_1_86' title="bbox 1965 4450 3482 4533">
    <p class='ocr_par' dir='ltr' id='par_1_86' title="bbox 1965 4450 3482 4533">
     <span class='ocr_line' id='line_1_86' title="bbox 1965 4450 3482 4533; baseline 0.009 -27"><span class='ocrx_word' id='word_1_667' title='bbox 1965 4452 2040 4507; x_wconf 80' lang='lat' dir='ltr'><strong>Hi</strong></span> <span class='ocrx_word' id='word_1_668' title='bbox 2066 4462 2187 4508; x_wconf 82' lang='lat' dir='ltr'><strong>sunt</strong></span> <span class='ocrx_word' id='word_1_669' title='bbox 2220 4450 2341 4508; x_wconf 70' lang='lat' dir='ltr'><strong>dum</strong></span> <span class='ocrx_word' id='word_1_670' title='bbox 2362 4451 2512 4508; x_wconf 68' lang='lat' dir='ltr'><strong>oliva:</strong></span> <span class='ocrx_word' id='word_1_671' title='bbox 2552 4454 2604 4508; x_wconf 76' lang='lat' dir='ltr'><strong>et</strong></span> <span class='ocrx_word' id='word_1_672' title='bbox 2630 4454 2736 4509; x_wconf 78' lang='lat' dir='ltr'><strong>duo</strong></span> <span class='ocrx_word' id='word_1_673' title='bbox 2766 4455 3084 4513; x_wconf 71' lang='lat' dir='ltr'><strong>candelabra</strong></span> <span class='ocrx_word' id='word_1_674' title='bbox 3121 4460 3181 4514; x_wconf 76' lang='lat' dir='ltr'><strong>in</strong></span> <span class='ocrx_word' id='word_1_675' title='bbox 3193 4472 3482 4533; x_wconf 76' lang='lat' dir='ltr'><strong>conspectu</strong></span> 
     </span>
    </p>
   </div>
   <div class='ocr_carea' id='block_1_87' title="bbox 1892 4544 3475 4621">
    <p class='ocr_par' dir='ltr' id='par_1_87' title="bbox 1892 4544 3475 4621">
     <span class='ocr_line' id='line_1_87' title="bbox 1892 4544 3475 4621; baseline 0.008 -20"><span class='ocrx_word' id='word_1_676' title='bbox 1892 4545 2107 4601; x_wconf 83' lang='lat' dir='ltr'><strong>Domini</strong></span> <span class='ocrx_word' id='word_1_677' title='bbox 2155 4554 2309 4601; x_wconf 80' lang='lat' dir='ltr'><strong>terra:</strong></span> <span class='ocrx_word' id='word_1_678' title='bbox 2354 4552 2571 4601; x_wconf 74' lang='lat' dir='ltr'><strong>stantes.</strong></span> <span class='ocrx_word' id='word_1_679' title='bbox 2618 4544 2722 4618; x_wconf 90' lang='lat' dir='ltr'><strong>lpsi</strong></span> <span class='ocrx_word' id='word_1_680' title='bbox 2771 4548 3077 4619; x_wconf 81' lang='lat' dir='ltr'><strong>specialiter</strong></span> <span class='ocrx_word' id='word_1_681' title='bbox 3120 4550 3248 4621; x_wconf 83' lang='lat' dir='ltr'><strong>duo‘,‘</strong></span> <span class='ocrx_word' id='word_1_682' title='bbox 3293 4546 3475 4613; x_wconf 81' lang='lat' dir='ltr'><strong>Enoch</strong></span> 
     </span>
    </p>
   </div>
   <div class='ocr_carea' id='block_1_88' title="bbox 204 4620 3483 4734">
    <p class='ocr_par' dir='ltr' id='par_1_88' title="bbox 204 4620 3483 4734">
     <span class='ocr_line' id='line_1_88' title="bbox 204 4620 3483 4734; baseline 0 0"><span class='ocrx_word' id='word_1_683' title='bbox 204 4629 535 4734; x_wconf 62' lang='lat'><strong>‘°““&quot;”“&quot;‘,</strong></span> <span class='ocrx_word' id='word_1_684' title='bbox 565 4620 2101 4734; x_wconf 50' lang='grc' dir='ltr'><strong>⁸⁸Ροτῗη⁸9¹1³3ΐῖδ¹91Ρέῗδῗθὲίῗῗὶἷῗσὶυδαπίφι</strong></span> <span class='ocrx_word' id='word_1_685' title='bbox 2154 4632 2209 4693; x_wconf 66' lang='grc' dir='ltr'><strong>ετ</strong></span> <span class='ocrx_word' id='word_1_686' title='bbox 2259 4632 2445 4734; x_wconf 52' lang='grc' dir='ltr'><strong>Ξενῗπὲέ</strong></span> <span class='ocrx_word' id='word_1_687' title='bbox 2498 4638 2619 4692; x_wconf 56' lang='grc' dir='ltr'><strong>θυοδ</strong></span> <span class='ocrx_word' id='word_1_688' title='bbox 2668 4637 2824 4734; x_wconf 59' lang='lat' dir='ltr'><strong>Olim</strong></span> <span class='ocrx_word' id='word_1_689' title='bbox 2875 4641 3214 4734; x_wconf 51' lang='grc' dir='ltr'><strong>θννθηαηιυτ</strong></span> <span class='ocrx_word' id='word_1_690' title='bbox 3262 4640 3483 4717; x_wconf 60' lang='lat' dir='ltr'><strong>Mter</strong></span> 
     </span>
    </p>
   </div>
   <div class='ocr_carea' id='block_1_89' title="bbox 208 4708 1793 4789">
    <p class='ocr_par' dir='ltr' id='par_1_89' title="bbox 208 4708 1793 4789">
     <span class='ocr_line' id='line_1_89' title="bbox 208 4708 1793 4789; baseline -0.006 -14"><span class='ocrx_word' id='word_1_691' title='bbox 208 4734 427 4775; x_wconf 87' lang='lat' dir='ltr'><strong>menses</strong></span> <span class='ocrx_word' id='word_1_692' title='bbox 482 4724 767 4789; x_wconf 87' lang='lat' dir='ltr'><strong>possumus</strong></span> <span class='ocrx_word' id='word_1_693' title='bbox 818 4716 1125 4787; x_wconf 85' lang='lat' dir='ltr'><strong>specialiter</strong></span> <span class='ocrx_word' id='word_1_694' title='bbox 1183 4712 1391 4770; x_wconf 74' lang='lat' dir='ltr'><strong>referre</strong></span> <span class='ocrx_word' id='word_1_695' title='bbox 1436 4713 1505 4768; x_wconf 90' lang='lat' dir='ltr'><strong>ad</strong></span> <span class='ocrx_word' id='word_1_696' title='bbox 1558 4708 1793 4782; x_wconf 66' lang='lat' dir='ltr'><strong>spatium</strong></span> 
     </span>
    </p>
   </div>
   <div class='ocr_carea' id='block_1_90' title="bbox 207 4803 1795 4879">
    <p class='ocr_par' dir='ltr' id='par_1_90' title="bbox 207 4803 1795 4879">
     <span class='ocr_line' id='line_1_90' title="bbox 207 4803 1795 4879; baseline -0.004 -13"><span class='ocrx_word' id='word_1_697' title='bbox 207 4811 372 4866; x_wconf 86' lang='lat' dir='ltr'><strong>trium</strong></span> <span class='ocrx_word' id='word_1_698' title='bbox 420 4820 685 4865; x_wconf 79' lang='lat' dir='ltr'><strong>annorum</strong></span> <span class='ocrx_word' id='word_1_699' title='bbox 723 4806 779 4864; x_wconf 90' lang='lat' dir='ltr'><strong>et</strong></span> <span class='ocrx_word' id='word_1_700' title='bbox 808 4804 1050 4875; x_wconf 79' lang='lat' dir='ltr'><strong>dimidii,</strong></span> <span class='ocrx_word' id='word_1_701' title='bbox 1088 4809 1301 4879; x_wconf 69' lang='lat' dir='ltr'><strong>quando</strong></span> <span class='ocrx_word' id='word_1_702' title='bbox 1332 4807 1432 4862; x_wconf 84' lang='lat' dir='ltr'><strong>sub</strong></span> <span class='ocrx_word' id='word_1_703' title='bbox 1456 4803 1795 4862; x_wconf 68' lang='lat' dir='ltr'><strong>Antichristi)</strong></span> 
     </span>
    </p>
   </div>
   <div class='ocr_carea' id='block_1_91' title="bbox 210 4892 1792 4970">
    <p class='ocr_par' dir='ltr' id='par_1_91' title="bbox 210 4892 1792 4970">
     <span class='ocr_line' id='line_1_91' title="bbox 210 4892 1792 4970; baseline -0.003 -13"><span class='ocrx_word' id='word_1_704' title='bbox 210 4903 460 4958; x_wconf 80' lang='lat' dir='ltr'><strong>acerbius</strong></span> <span class='ocrx_word' id='word_1_705' title='bbox 486 4900 803 4966; x_wconf 83' lang='lat' dir='ltr'><strong>calcabitur,</strong></span> <span class='ocrx_word' id='word_1_706' title='bbox 832 4911 887 4954; x_wconf 90' lang='lat' dir='ltr'><strong>et</strong></span> <span class='ocrx_word' id='word_1_707' title='bbox 910 4896 1296 4970; x_wconf 84' lang='lat' dir='ltr'><strong>comprimetur</strong></span> <span class='ocrx_word' id='word_1_708' title='bbox 1318 4898 1560 4955; x_wconf 85' lang='lat' dir='ltr'><strong>Ecclesia</strong></span> <span class='ocrx_word' id='word_1_709' title='bbox 1590 4899 1661 4954; x_wconf 79' lang='lat' dir='ltr'><strong>ab</strong></span> <span class='ocrx_word' id='word_1_710' title='bbox 1688 4892 1792 4953; x_wconf 77' lang='lat' dir='ltr'><strong>iiu-</strong></span> 
     </span>
    </p>
   </div>
   <div class='ocr_carea' id='block_1_92' title="bbox 206 4985 1795 5066">
    <p class='ocr_par' dir='ltr' id='par_1_92' title="bbox 206 4985 1795 5066">
     <span class='ocr_line' id='line_1_92' title="bbox 206 4985 1795 5066; baseline -0.003 -17"><span class='ocrx_word' id='word_1_711' title='bbox 206 4995 334 5066; x_wconf 90' lang='lat' dir='ltr'><strong>piis.</strong></span> <span class='ocrx_word' id='word_1_712' title='bbox 358 4994 490 5049; x_wconf 86' lang='lat' dir='ltr'><strong>Nam</strong></span> <span class='ocrx_word' id='word_1_713' title='bbox 522 4994 575 5049; x_wconf 87' lang='lat' dir='ltr'><strong>in</strong></span> <span class='ocrx_word' id='word_1_714' title='bbox 602 4992 779 5049; x_wconf 84' lang='lat' dir='ltr'><strong>tribus</strong></span> <span class='ocrx_word' id='word_1_715' title='bbox 812 4994 968 5048; x_wconf 90' lang='lat' dir='ltr'><strong>annis</strong></span> <span class='ocrx_word' id='word_1_716' title='bbox 990 5002 1045 5047; x_wconf 91' lang='lat' dir='ltr'><strong>et</strong></span> <span class='ocrx_word' id='word_1_717' title='bbox 1070 4992 1289 5048; x_wconf 90' lang='lat' dir='ltr'><strong>dimidio</strong></span> <span class='ocrx_word' id='word_1_718' title='bbox 1315 4986 1671 5063; x_wconf 75' lang='lat' dir='ltr'><strong>quadraginta</strong></span> <span class='ocrx_word' id='word_1_719' title='bbox 1690 4985 1795 5046; x_wconf 76' lang='lat' dir='ltr'><strong>duo</strong></span> 
     </span>
    </p>
   </div>
   <div class='ocr_carea' id='block_1_93' title="bbox 209 5077 1795 5154">
    <p class='ocr_par' dir='ltr' id='par_1_93' title="bbox 209 5077 1795 5154">
     <span class='ocr_line' id='line_1_93' title="bbox 209 5077 1795 5154; baseline -0.004 -12"><span class='ocrx_word' id='word_1_720' title='bbox 209 5092 427 5142; x_wconf 87' lang='lat' dir='ltr'><strong>menses</strong></span> <span class='ocrx_word' id='word_1_721' title='bbox 452 5080 811 5151; x_wconf 84' lang='lat' dir='ltr'><strong>continentur,</strong></span> <span class='ocrx_word' id='word_1_722' title='bbox 851 5090 958 5154; x_wconf 86' lang='lat' dir='ltr'><strong>quo</strong></span> <span class='ocrx_word' id='word_1_723' title='bbox 1001 5094 1227 5138; x_wconf 89' lang='lat' dir='ltr'><strong>numero</strong></span> <span class='ocrx_word' id='word_1_724' title='bbox 1272 5084 1434 5138; x_wconf 87' lang='lat' dir='ltr'><strong>etiam</strong></span> <span class='ocrx_word' id='word_1_725' title='bbox 1468 5077 1629 5137; x_wconf 77' lang='lat' dir='ltr'><strong>omne</strong></span> <span class='ocrx_word' id='word_1_726' title='bbox 1660 5092 1795 5151; x_wconf 69' lang='lat' dir='ltr'><strong>prm-</strong></span> 
     </span>
    </p>
   </div>
   <div class='ocr_carea' id='block_1_94' title="bbox 209 5166 1789 5248">
    <p class='ocr_par' dir='ltr' id='par_1_94' title="bbox 209 5166 1789 5248">
     <span class='ocr_line' id='line_1_94' title="bbox 209 5166 1789 5248; baseline -0.004 -13"><span class='ocrx_word' id='word_1_727' title='bbox 209 5193 338 5235; x_wconf 86' lang='lat' dir='ltr'><strong>sens</strong></span> <span class='ocrx_word' id='word_1_728' title='bbox 362 5176 574 5247; x_wconf 83' lang='lat' dir='ltr'><strong>tempus</strong></span> <span class='ocrx_word' id='word_1_729' title='bbox 610 5172 942 5248; x_wconf 77' lang='lat' dir='ltr'><strong>intelligitur,</strong></span> <span class='ocrx_word' id='word_1_730' title='bbox 984 5170 1204 5246; x_wconf 69' lang='lat' dir='ltr'><strong>piopter</strong></span> <span class='ocrx_word' id='word_1_731' title='bbox 1232 5186 1326 5229; x_wconf 83' lang='lat' dir='ltr'><strong>sex</strong></span> <span class='ocrx_word' id='word_1_732' title='bbox 1358 5172 1541 5228; x_wconf 85' lang='lat' dir='ltr'><strong>mundi</strong></span> <span class='ocrx_word' id='word_1_733' title='bbox 1582 5166 1789 5241; x_wconf 74' lang='lat' dir='ltr'><strong>aetates,</strong></span> 
     </span>
    </p>
   </div>
   <div class='ocr_carea' id='block_1_95' title="bbox 211 5254 1789 5339">
    <p class='ocr_par' dir='ltr' id='par_1_95' title="bbox 211 5254 1789 5339">
     <span class='ocr_line' id='line_1_95' title="bbox 211 5254 1789 5339; baseline -0.005 -14"><span class='ocrx_word' id='word_1_734' title='bbox 211 5277 270 5326; x_wconf 87' lang='lat' dir='ltr'><strong>et</strong></span> <span class='ocrx_word' id='word_1_735' title='bbox 296 5275 502 5339; x_wconf 89' lang='lat' dir='ltr'><strong>septem</strong></span> <span class='ocrx_word' id='word_1_736' title='bbox 528 5267 665 5333; x_wconf 89' lang='lat' dir='ltr'><strong>dies,</strong></span> <span class='ocrx_word' id='word_1_737' title='bbox 693 5269 889 5337; x_wconf 88' lang='lat' dir='ltr'><strong>quibus</strong></span> <span class='ocrx_word' id='word_1_738' title='bbox 917 5262 1076 5322; x_wconf 83' lang='lat' dir='ltr'><strong>omne</strong></span> <span class='ocrx_word' id='word_1_739' title='bbox 1104 5262 1342 5337; x_wconf 72' lang='lat' dir='ltr'><strong>praesens</strong></span> <span class='ocrx_word' id='word_1_740' title='bbox 1382 5254 1592 5334; x_wconf 77' lang='lat' dir='ltr'><strong>tempus</strong></span> <span class='ocrx_word' id='word_1_741' title='bbox 1619 5262 1789 5318; x_wconf 90' lang='lat' dir='ltr'><strong>volvi-</strong></span> 
     </span>
    </p>
   </div>
   <div class='ocr_carea' id='block_1_96' title="bbox 209 5352 1788 5430">
    <p class='ocr_par' dir='ltr' id='par_1_96' title="bbox 209 5352 1788 5430">
     <span class='ocr_line' id='line_1_96' title="bbox 209 5352 1788 5430; baseline -0.006 -12"><span class='ocrx_word' id='word_1_742' title='bbox 209 5373 322 5418; x_wconf 90' lang='lat' dir='ltr'><strong>tur.</strong></span> <span class='ocrx_word' id='word_1_743' title='bbox 363 5356 553 5418; x_wconf 82' lang='lat' dir='ltr'><strong>Sexies</strong></span> <span class='ocrx_word' id='word_1_744' title='bbox 588 5361 733 5416; x_wconf 88' lang='lat' dir='ltr'><strong>enim</strong></span> <span class='ocrx_word' id='word_1_745' title='bbox 769 5369 974 5430; x_wconf 88' lang='lat' dir='ltr'><strong>septem</strong></span> <span class='ocrx_word' id='word_1_746' title='bbox 1024 5352 1379 5429; x_wconf 77' lang='lat' dir='ltr'><strong>quadraginta</strong></span> <span class='ocrx_word' id='word_1_747' title='bbox 1410 5357 1515 5411; x_wconf 92' lang='lat' dir='ltr'><strong>duo</strong></span> <span class='ocrx_word' id='word_1_748' title='bbox 1562 5352 1788 5410; x_wconf 78' lang='lat' dir='ltr'><strong>faciunt.</strong></span> 
     </span>
    </p>
   </div>
   <div class='ocr_carea' id='block_1_97' title="bbox 209 5444 1793 5522">
    <p class='ocr_par' dir='ltr' id='par_1_97' title="bbox 209 5444 1793 5522">
     <span class='ocr_line' id='line_1_97' title="bbox 209 5444 1793 5522; baseline -0.003 -14"><span class='ocrx_word' id='word_1_749' title='bbox 209 5451 388 5508; x_wconf 79' lang='lat' dir='ltr'><strong>Aliter</strong></span> <span class='ocrx_word' id='word_1_750' title='bbox 414 5470 426 5506; x_wconf 88' lang='lat'><strong>:</strong></span> <span class='ocrx_word' id='word_1_751' title='bbox 451 5451 705 5522; x_wconf 83' lang='lat' dir='ltr'><strong>Legimus</strong></span> <span class='ocrx_word' id='word_1_752' title='bbox 732 5450 785 5505; x_wconf 89' lang='lat' dir='ltr'><strong>in</strong></span> <span class='ocrx_word' id='word_1_753' title='bbox 808 5449 986 5506; x_wconf 83' lang='lat' dir='ltr'><strong>Veteri</strong></span> <span class='ocrx_word' id='word_1_754' title='bbox 1008 5448 1373 5514; x_wconf 83' lang='lat' dir='ltr'><strong>Testamento,</strong></span> <span class='ocrx_word' id='word_1_755' title='bbox 1398 5447 1543 5519; x_wconf 89' lang='lat' dir='ltr'><strong>quod</strong></span> <span class='ocrx_word' id='word_1_756' title='bbox 1564 5444 1793 5518; x_wconf 81' lang='lat' dir='ltr'><strong>populus</strong></span> 
     </span>
    </p>
   </div>
   <div class='ocr_carea' id='block_1_98' title="bbox 210 5538 1793 5615">
    <p class='ocr_par' dir='ltr' id='par_1_98' title="bbox 210 5538 1793 5615">
     <span class='ocr_line' id='line_1_98' title="bbox 210 5538 1793 5615; baseline -0.004 -14"><span class='ocrx_word' id='word_1_757' title='bbox 210 5543 377 5601; x_wconf 84' lang='lat' dir='ltr'><strong>Israel</strong></span> <span class='ocrx_word' id='word_1_758' title='bbox 407 5542 816 5615; x_wconf 81' lang='lat' dir='ltr'><strong>quadragesima</strong></span> <span class='ocrx_word' id='word_1_759' title='bbox 860 5548 916 5596; x_wconf 87' lang='lat' dir='ltr'><strong>et</strong></span> <span class='ocrx_word' id='word_1_760' title='bbox 943 5541 1175 5597; x_wconf 72' lang='lat' dir='ltr'><strong>secanda</strong></span> <span class='ocrx_word' id='word_1_761' title='bbox 1212 5538 1491 5598; x_wconf 65' lang='lat' dir='ltr'><strong>ina&#39;n’siune</strong></span> <span class='ocrx_word' id='word_1_762' title='bbox 1520 5540 1793 5613; x_wconf 86' lang='lat' dir='ltr'><strong>ingressus</strong></span> 
     </span>
    </p>
   </div>
   <div class='ocr_carea' id='block_1_99' title="bbox 210 5632 1791 5721">
    <p class='ocr_par' dir='ltr' id='par_1_99' title="bbox 210 5632 1791 5721">
     <span class='ocr_line' id='line_1_99' title="bbox 210 5632 1791 5721; baseline -0.003 -28"><span class='ocrx_word' id='word_1_763' title='bbox 210 5644 300 5694; x_wconf 85' lang='lat' dir='ltr'><strong>est</strong></span> <span class='ocrx_word' id='word_1_764' title='bbox 337 5646 537 5692; x_wconf 86' lang='lat' dir='ltr'><strong>terram</strong></span> <span class='ocrx_word' id='word_1_765' title='bbox 566 5634 1002 5721; x_wconf 79' lang='lat' dir='ltr'><strong>repromissionis</strong></span> <span class='ocrx_word' id='word_1_766' title='bbox 1021 5674 1037 5701; x_wconf 92' lang='lat'><strong>,</strong></span> <span class='ocrx_word' id='word_1_767' title='bbox 1064 5643 1121 5690; x_wconf 89' lang='lat' dir='ltr'><strong>et</strong></span> <span class='ocrx_word' id='word_1_768' title='bbox 1148 5634 1275 5706; x_wconf 81' lang='lat' dir='ltr'><strong>q’u‘ia’</strong></span> <span class='ocrx_word' id='word_1_769' title='bbox 1304 5632 1357 5691; x_wconf 77' lang='lat' dir='ltr'><strong>iii</strong></span> <span class='ocrx_word' id='word_1_770' title='bbox 1401 5635 1571 5706; x_wconf 77' lang='lat' dir='ltr'><strong>iig’ura</strong></span> <span class='ocrx_word' id='word_1_771' title='bbox 1612 5635 1791 5690; x_wconf 88' lang='lat' dir='ltr'><strong>omnia</strong></span> 
     </span>
    </p>
   </div>
   <div class='ocr_carea' id='block_1_100' title="bbox 90 5727 1795 5803">
    <p class='ocr_par' dir='ltr' id='par_1_100' title="bbox 90 5727 1795 5803">
     <span class='ocr_line' id='line_1_100' title="bbox 90 5727 1795 5803; baseline -0.002 -16"><span class='ocrx_word' id='word_1_772' title='bbox 90 5756 97 5762; x_wconf 91' lang='lat'><strong><em>-</em></strong></span> <span class='ocrx_word' id='word_1_773' title='bbox 214 5730 599 5803; x_wconf 85' lang='lat' dir='ltr'><strong>contingebant</strong></span> <span class='ocrx_word' id='word_1_774' title='bbox 626 5728 750 5796; x_wconf 87' lang='lat' dir='ltr'><strong>illis,</strong></span> <span class='ocrx_word' id='word_1_775' title='bbox 773 5727 961 5800; x_wconf 90' lang='lat' dir='ltr'><strong>utique</strong></span> <span class='ocrx_word' id='word_1_776' title='bbox 984 5735 1039 5783; x_wconf 92' lang='lat' dir='ltr'><strong>et</strong></span> <span class='ocrx_word' id='word_1_777' title='bbox 1066 5729 1167 5785; x_wconf 88' lang='lat' dir='ltr'><strong>hoc</strong></span> <span class='ocrx_word' id='word_1_778' title='bbox 1193 5728 1295 5785; x_wconf 87' lang='lat' dir='ltr'><strong>iter</strong></span> <span class='ocrx_word' id='word_1_779' title='bbox 1320 5728 1389 5785; x_wconf 90' lang='lat' dir='ltr'><strong>ad</strong></span> <span class='ocrx_word' id='word_1_780' title='bbox 1413 5734 1512 5785; x_wconf 84' lang='lat' dir='ltr'><strong>nos</strong></span> <span class='ocrx_word' id='word_1_781' title='bbox 1538 5729 1795 5801; x_wconf 90' lang='lat' dir='ltr'><strong>pertinet,</strong></span> 
     </span>
    </p>
   </div>
   <div class='ocr_carea' id='block_1_101' title="bbox 215 5818 1800 5895">
    <p class='ocr_par' dir='ltr' id='par_1_101' title="bbox 215 5818 1800 5895">
     <span class='ocr_line' id='line_1_101' title="bbox 215 5818 1800 5895; baseline -0.001 -18"><span class='ocrx_word' id='word_1_782' title='bbox 215 5820 308 5895; x_wconf 86' lang='lat' dir='ltr'><strong>qui</strong></span> <span class='ocrx_word' id='word_1_783' title='bbox 340 5823 392 5878; x_wconf 90' lang='lat' dir='ltr'><strong>in</strong></span> <span class='ocrx_word' id='word_1_784' title='bbox 421 5821 613 5879; x_wconf 87' lang='lat' dir='ltr'><strong>itinere</strong></span> <span class='ocrx_word' id='word_1_785' title='bbox 637 5818 834 5879; x_wconf 87' lang='lat' dir='ltr'><strong>deserti</strong></span> <span class='ocrx_word' id='word_1_786' title='bbox 860 5836 1156 5889; x_wconf 87' lang='lat' dir='ltr'><strong>moramur,</strong></span> <span class='ocrx_word' id='word_1_787' title='bbox 1187 5829 1241 5877; x_wconf 90' lang='lat' dir='ltr'><strong>et</strong></span> <span class='ocrx_word' id='word_1_788' title='bbox 1263 5823 1329 5878; x_wconf 90' lang='lat' dir='ltr'><strong>ad</strong></span> <span class='ocrx_word' id='word_1_789' title='bbox 1359 5823 1589 5894; x_wconf 90' lang='lat' dir='ltr'><strong>patriam</strong></span> <span class='ocrx_word' id='word_1_790' title='bbox 1617 5838 1800 5893; x_wconf 89' lang='lat' dir='ltr'><strong>repro-</strong></span> 
     </span>
    </p>
   </div>
   <div class='ocr_carea' id='block_1_102' title="bbox 217 5908 1797 5984">
    <p class='ocr_par' dir='ltr' id='par_1_102' title="bbox 217 5908 1797 5984">
     <span class='ocr_line' id='line_1_102' title="bbox 217 5908 1797 5984; baseline -0.001 -14"><span class='ocrx_word' id='word_1_791' title='bbox 217 5908 493 5971; x_wconf 78' lang='lat' dir='ltr'><strong>missionis</strong></span> <span class='ocrx_word' id='word_1_792' title='bbox 522 5910 791 5971; x_wconf 83' lang='lat' dir='ltr'><strong>tendimus</strong></span> <span class='ocrx_word' id='word_1_793' title='bbox 821 5910 944 5984; x_wconf 76' lang='lat' dir='ltr'><strong>post</strong></span> <span class='ocrx_word' id='word_1_794' title='bbox 967 5908 1137 5969; x_wconf 80' lang='lat' dir='ltr'><strong>Rubri</strong></span> <span class='ocrx_word' id='word_1_795' title='bbox 1166 5913 1333 5969; x_wconf 87' lang='lat' dir='ltr'><strong>maris</strong></span> <span class='ocrx_word' id='word_1_796' title='bbox 1360 5914 1708 5984; x_wconf 86' lang='lat' dir='ltr'><strong>baptismum,</strong></span> <span class='ocrx_word' id='word_1_797' title='bbox 1746 5913 1797 5969; x_wconf 89' lang='lat' dir='ltr'><strong>in</strong></span> 
     </span>
    </p>
   </div>
   <div class='ocr_carea' id='block_1_103' title="bbox 1212 6046 1298 6065">
    <p class='ocr_par' dir='ltr' id='par_1_103' title="bbox 1212 6046 1298 6065">
     <span class='ocr_line' id='line_1_103' title="bbox 1212 6046 1298 6065; baseline 0 -6"><span class='ocrx_word' id='word_1_798' title='bbox 1212 6046 1298 6065; x_wconf 64' lang='grc' dir='ltr'><strong>εει-ιφ</strong></span> 
     </span>
    </p>
   </div>
   <div class='ocr_carea' id='block_1_104' title="bbox 1896 4722 3480 4799">
    <p class='ocr_par' dir='ltr' id='par_1_104' title="bbox 1896 4722 3480 4799">
     <span class='ocr_line' id='line_1_104' title="bbox 1896 4722 3480 4799; baseline -0.004 -15"><span class='ocrx_word' id='word_1_799' title='bbox 1896 4728 2206 4784; x_wconf 87' lang='lat' dir='ltr'><strong>unctionem</strong></span> <span class='ocrx_word' id='word_1_800' title='bbox 2256 4722 2489 4796; x_wconf 83' lang='lat' dir='ltr'><strong>Spiritus</strong></span> <span class='ocrx_word' id='word_1_801' title='bbox 2538 4728 2731 4795; x_wconf 88' lang='lat' dir='ltr'><strong>sancti,</strong></span> <span class='ocrx_word' id='word_1_802' title='bbox 2779 4728 2885 4799; x_wconf 77' lang='lat' dir='ltr'><strong>qua</strong></span> <span class='ocrx_word' id='word_1_803' title='bbox 2936 4738 3060 4787; x_wconf 88' lang='lat' dir='ltr'><strong>sunt</strong></span> <span class='ocrx_word' id='word_1_804' title='bbox 3109 4733 3351 4789; x_wconf 87' lang='lat' dir='ltr'><strong>delibuti.</strong></span> <span class='ocrx_word' id='word_1_805' title='bbox 3390 4737 3480 4791; x_wconf 89' lang='lat' dir='ltr'><strong>Di-</strong></span> 
     </span>
    </p>
   </div>
   <div class='ocr_carea' id='block_1_105' title="bbox 1898 4818 3484 4895">
    <p class='ocr_par' dir='ltr' id='par_1_105' title="bbox 1898 4818 3484 4895">
     <span class='ocr_line' id='line_1_105' title="bbox 1898 4818 3484 4895; baseline 0.003 -18"><span class='ocrx_word' id='word_1_806' title='bbox 1898 4831 2095 4877; x_wconf 90' lang='lat' dir='ltr'><strong>cuntur</strong></span> <span class='ocrx_word' id='word_1_807' title='bbox 2123 4820 2285 4875; x_wconf 87' lang='lat' dir='ltr'><strong>etiam</strong></span> <span class='ocrx_word' id='word_1_808' title='bbox 2326 4827 2381 4873; x_wconf 90' lang='lat' dir='ltr'><strong>et</strong></span> <span class='ocrx_word' id='word_1_809' title='bbox 2421 4818 2763 4883; x_wconf 83' lang='lat' dir='ltr'><strong>candelabra,</strong></span> <span class='ocrx_word' id='word_1_810' title='bbox 2794 4822 2919 4889; x_wconf 82' lang='lat' dir='ltr'><strong>quin</strong></span> <span class='ocrx_word' id='word_1_811' title='bbox 2948 4819 3223 4890; x_wconf 77' lang='lat' dir='ltr'><strong>lucebunt,</strong></span> <span class='ocrx_word' id='word_1_812' title='bbox 3254 4824 3484 4895; x_wconf 81' lang='lat' dir='ltr'><strong>aliisque</strong></span> 
     </span>
    </p>
   </div>
   <div class='ocr_carea' id='block_1_106' title="bbox 1895 4908 3479 4986">
    <p class='ocr_par' dir='ltr' id='par_1_106' title="bbox 1895 4908 3479 4986">
     <span class='ocr_line' id='line_1_106' title="bbox 1895 4908 3479 4986; baseline 0.004 -18"><span class='ocrx_word' id='word_1_813' title='bbox 1895 4913 2076 4968; x_wconf 90' lang='lat' dir='ltr'><strong>lumen</strong></span> <span class='ocrx_word' id='word_1_814' title='bbox 2106 4912 2353 4967; x_wconf 87' lang='lat' dir='ltr'><strong>veritatis</strong></span> <span class='ocrx_word' id='word_1_815' title='bbox 2384 4908 2670 4967; x_wconf 84' lang='lat' dir='ltr'><strong>ostendent</strong></span> <span class='ocrx_word' id='word_1_816' title='bbox 2695 4921 2752 4967; x_wconf 92' lang='lat' dir='ltr'><strong>et</strong></span> <span class='ocrx_word' id='word_1_817' title='bbox 2777 4915 2945 4968; x_wconf 90' lang='lat' dir='ltr'><strong>verbo</strong></span> <span class='ocrx_word' id='word_1_818' title='bbox 2972 4924 3028 4970; x_wconf 89' lang='lat' dir='ltr'><strong>et</strong></span> <span class='ocrx_word' id='word_1_819' title='bbox 3071 4924 3253 4986; x_wconf 85' lang='lat' dir='ltr'><strong>opere.</strong></span> <span class='ocrx_word' id='word_1_820' title='bbox 3299 4916 3479 4975; x_wconf 83' lang='lat' dir='ltr'><strong>Gene-</strong></span> 
     </span>
    </p>
   </div>
   <div class='ocr_carea' id='block_1_107' title="bbox 1897 5002 3481 5080">
    <p class='ocr_par' dir='ltr' id='par_1_107' title="bbox 1897 5002 3481 5080">
     <span class='ocr_line' id='line_1_107' title="bbox 1897 5002 3481 5080; baseline 0.005 -21"><span class='ocrx_word' id='word_1_821' title='bbox 1897 5005 2084 5060; x_wconf 86' lang='lat' dir='ltr'><strong>raliter</strong></span> <span class='ocrx_word' id='word_1_822' title='bbox 2108 5012 2299 5060; x_wconf 82' lang='lat' dir='ltr'><strong>omnes’</strong></span> <span class='ocrx_word' id='word_1_823' title='bbox 2325 5004 2499 5059; x_wconf 83' lang='lat' dir='ltr'><strong>sancti</strong></span> <span class='ocrx_word' id='word_1_824' title='bbox 2525 5002 2776 5059; x_wconf 85' lang='lat' dir='ltr'><strong>Ecclesiae</strong></span> <span class='ocrx_word' id='word_1_825' title='bbox 2810 5005 2862 5059; x_wconf 91' lang='lat' dir='ltr'><strong>in</strong></span> <span class='ocrx_word' id='word_1_826' title='bbox 2890 5005 2972 5060; x_wconf 88' lang='lat' dir='ltr'><strong>his</strong></span> <span class='ocrx_word' id='word_1_827' title='bbox 3006 5006 3213 5063; x_wconf 83' lang='lat' dir='ltr'><strong>duobus</strong></span> <span class='ocrx_word' id='word_1_828' title='bbox 3236 5006 3481 5080; x_wconf 81' lang='lat' dir='ltr'><strong>compre-</strong></span> 
     </span>
    </p>
   </div>
   <div class='ocr_carea' id='block_1_108' title="bbox 1897 5097 3479 5167">
    <p class='ocr_par' dir='ltr' id='par_1_108' title="bbox 1897 5097 3479 5167">
     <span class='ocr_line' id='line_1_108' title="bbox 1897 5097 3479 5167; baseline 0.003 -13"><span class='ocrx_word' id='word_1_829' title='bbox 1897 5097 2243 5163; x_wconf 88' lang='lat' dir='ltr'><strong>henduntur,</strong></span> <span class='ocrx_word' id='word_1_830' title='bbox 2295 5099 2387 5167; x_wconf 89' lang='lat' dir='ltr'><strong>qui</strong></span> <span class='ocrx_word' id='word_1_831' title='bbox 2444 5105 2684 5166; x_wconf 86' lang='lat' dir='ltr'><strong>tempore</strong></span> <span class='ocrx_word' id='word_1_832' title='bbox 2732 5098 3071 5166; x_wconf 85' lang='lat' dir='ltr'><strong>baptismatis</strong></span> <span class='ocrx_word' id='word_1_833' title='bbox 3114 5109 3171 5155; x_wconf 91' lang='lat' dir='ltr'><strong>et</strong></span> <span class='ocrx_word' id='word_1_834' title='bbox 3220 5110 3479 5160; x_wconf 85' lang='lat' dir='ltr'><strong>manuum</strong></span> 
     </span>
    </p>
   </div>
   <div class='ocr_carea' id='block_1_109' title="bbox 1891 5182 3479 5260">
    <p class='ocr_par' dir='ltr' id='par_1_109' title="bbox 1891 5182 3479 5260">
     <span class='ocr_line' id='line_1_109' title="bbox 1891 5182 3479 5260; baseline 0.004 -18"><span class='ocrx_word' id='word_1_835' title='bbox 1891 5188 2234 5258; x_wconf 78' lang='lat' dir='ltr'><strong>itnpositionc</strong></span> <span class='ocrx_word' id='word_1_836' title='bbox 2276 5188 2652 5257; x_wconf 83' lang='lat' dir='ltr'><strong>episcopormn</strong></span> <span class='ocrx_word' id='word_1_837' title='bbox 2687 5194 3013 5257; x_wconf 86' lang='lat' dir='ltr'><strong>acceperunt</strong></span> <span class='ocrx_word' id='word_1_838' title='bbox 3042 5182 3303 5260; x_wconf 76' lang='lat' dir='ltr'><strong>Spiritum</strong></span> <span class='ocrx_word' id='word_1_839' title='bbox 3350 5208 3479 5248; x_wconf 88' lang='lat' dir='ltr'><strong>san-</strong></span> 
     </span>
    </p>
   </div>
   <div class='ocr_carea' id='block_1_110' title="bbox 1893 5274 3480 5352">
    <p class='ocr_par' dir='ltr' id='par_1_110' title="bbox 1893 5274 3480 5352">
     <span class='ocr_line' id='line_1_110' title="bbox 1893 5274 3480 5352; baseline 0.004 -20"><span class='ocrx_word' id='word_1_840' title='bbox 1893 5286 2060 5332; x_wconf 88' lang='lat' dir='ltr'><strong>ctum.</strong></span> <span class='ocrx_word' id='word_1_841' title='bbox 2086 5274 2348 5331; x_wconf 69' lang='lat' dir='ltr'><strong>nituntur</strong></span> <span class='ocrx_word' id='word_1_842' title='bbox 2369 5282 2550 5330; x_wconf 86' lang='lat' dir='ltr'><strong>autem</strong></span> <span class='ocrx_word' id='word_1_843' title='bbox 2575 5277 2693 5331; x_wconf 61' lang='lat' dir='ltr'><strong>dum</strong></span> <span class='ocrx_word' id='word_1_844' title='bbox 2715 5276 2894 5343; x_wconf 62' lang='lat' dir='ltr'><strong>olivae,</strong></span> <span class='ocrx_word' id='word_1_845' title='bbox 2928 5282 3050 5332; x_wconf 87' lang='lat' dir='ltr'><strong>cum</strong></span> <span class='ocrx_word' id='word_1_846' title='bbox 3081 5280 3185 5335; x_wconf 80' lang='lat' dir='ltr'><strong>una</strong></span> <span class='ocrx_word' id='word_1_847' title='bbox 3212 5282 3287 5337; x_wconf 88' lang='lat' dir='ltr'><strong>sit</strong></span> <span class='ocrx_word' id='word_1_848' title='bbox 3314 5282 3480 5352; x_wconf 89' lang='lat' dir='ltr'><strong>oliva,</strong></span> 
     </span>
    </p>
   </div>
   <div class='ocr_carea' id='block_1_111' title="bbox 1891 5365 3482 5446">
    <p class='ocr_par' dir='ltr' id='par_1_111' title="bbox 1891 5365 3482 5446">
     <span class='ocr_line' id='line_1_111' title="bbox 1891 5365 3482 5446; baseline 0.008 -26"><span class='ocrx_word' id='word_1_849' title='bbox 1891 5365 1949 5421; x_wconf 89' lang='lat' dir='ltr'><strong>id</strong></span> <span class='ocrx_word' id='word_1_850' title='bbox 1979 5375 2085 5431; x_wconf 89' lang='lat' dir='ltr'><strong>est,</strong></span> <span class='ocrx_word' id='word_1_851' title='bbox 2122 5367 2441 5423; x_wconf 86' lang='lat' dir='ltr'><strong>universalis</strong></span> <span class='ocrx_word' id='word_1_852' title='bbox 2466 5366 2728 5436; x_wconf 84' lang='lat' dir='ltr'><strong>Ecclesia,</strong></span> <span class='ocrx_word' id='word_1_853' title='bbox 2767 5371 2919 5442; x_wconf 83' lang='lat' dir='ltr'><strong>juxta</strong></span> <span class='ocrx_word' id='word_1_854' title='bbox 2956 5366 3085 5428; x_wconf 71' lang='lat' dir='ltr'><strong>illud</strong></span> <span class='ocrx_word' id='word_1_855' title='bbox 3110 5392 3125 5427; x_wconf 87' lang='lat'><strong>:</strong></span> <span class='ocrx_word' id='word_1_856' title='bbox 3152 5372 3268 5446; x_wconf 82' lang='lat' dir='ltr'><strong>Ego</strong></span> <span class='ocrx_word' id='word_1_857' title='bbox 3306 5387 3482 5433; x_wconf 78' lang='lat' dir='ltr'><strong>autem</strong></span> 
     </span>
    </p>
   </div>
   <div class='ocr_carea' id='block_1_112' title="bbox 1892 5457 3483 5537">
    <p class='ocr_par' dir='ltr' id='par_1_112' title="bbox 1892 5457 3483 5537">
     <span class='ocr_line' id='line_1_112' title="bbox 1892 5457 3483 5537; baseline 0.007 -26"><span class='ocrx_word' id='word_1_858' title='bbox 1892 5457 2029 5511; x_wconf 79' lang='lat' dir='ltr'><strong>sicut</strong></span> <span class='ocrx_word' id='word_1_859' title='bbox 2049 5457 2185 5511; x_wconf 82' lang='lat' dir='ltr'><strong>oliva</strong></span> <span class='ocrx_word' id='word_1_860' title='bbox 2207 5457 2483 5529; x_wconf 77' lang='lat' dir='ltr'><strong>fructifera</strong></span> <span class='ocrx_word' id='word_1_861' title='bbox 2501 5460 2555 5513; x_wconf 83' lang='lat' dir='ltr'><strong>in</strong></span> <span class='ocrx_word' id='word_1_862' title='bbox 2576 5459 2731 5514; x_wconf 85' lang='lat' dir='ltr'><strong>domo</strong></span> <span class='ocrx_word' id='word_1_863' title='bbox 2754 5458 2849 5515; x_wconf 75' lang='lat' dir='ltr'><strong>Dei</strong></span> <span class='ocrx_word' id='word_1_864' title='bbox 2872 5458 2987 5532; x_wconf 78' lang='lat' dir='ltr'><strong>(Ps.</strong></span> <span class='ocrx_word' id='word_1_865' title='bbox 3014 5463 3111 5536; x_wconf 79' lang='lat' dir='ltr'><strong>Li),</strong></span> <span class='ocrx_word' id='word_1_866' title='bbox 3133 5472 3357 5537; x_wconf 74' lang='lat' dir='ltr'><strong>propter</strong></span> <span class='ocrx_word' id='word_1_867' title='bbox 3377 5468 3483 5523; x_wconf 76' lang='lat' dir='ltr'><strong>duo</strong></span> 
     </span>
    </p>
   </div>
   <div class='ocr_carea' id='block_1_113' title="bbox 1894 5546 3483 5625">
    <p class='ocr_par' dir='ltr' id='par_1_113' title="bbox 1894 5546 3483 5625">
     <span class='ocr_line' id='line_1_113' title="bbox 1894 5546 3483 5625; baseline 0.007 -21"><span class='ocrx_word' id='word_1_868' title='bbox 1894 5546 2264 5617; x_wconf 83' lang='lat' dir='ltr'><strong>Testamenta,</strong></span> <span class='ocrx_word' id='word_1_869' title='bbox 2293 5548 2376 5605; x_wconf 78' lang='lat' dir='ltr'><strong>vel</strong></span> <span class='ocrx_word' id='word_1_870' title='bbox 2404 5548 2751 5607; x_wconf 81' lang='lat' dir='ltr'><strong>dilectionem</strong></span> <span class='ocrx_word' id='word_1_871' title='bbox 2781 5550 2874 5609; x_wconf 84' lang='lat' dir='ltr'><strong>Dei</strong></span> <span class='ocrx_word' id='word_1_872' title='bbox 2901 5546 2955 5609; x_wconf 81' lang='lat' dir='ltr'><strong>et</strong></span> <span class='ocrx_word' id='word_1_873' title='bbox 2980 5554 3236 5625; x_wconf 75' lang='lat' dir='ltr'><strong>proximi,</strong></span> <span class='ocrx_word' id='word_1_874' title='bbox 3265 5559 3351 5613; x_wconf 76' lang='lat' dir='ltr'><strong>vel</strong></span> <span class='ocrx_word' id='word_1_875' title='bbox 3376 5554 3483 5616; x_wconf 75' lang='lat' dir='ltr'><strong>dmi</strong></span> 
     </span>
    </p>
   </div>
   <div class='ocr_carea' id='block_1_114' title="bbox 1893 5634 3515 5712">
    <p class='ocr_par' dir='ltr' id='par_1_114' title="bbox 1893 5634 3515 5712">
     <span class='ocr_line' id='line_1_114' title="bbox 1893 5634 3515 5712; baseline 0.007 -19"><span class='ocrx_word' id='word_1_876' title='bbox 1893 5652 2092 5710; x_wconf 64' lang='lat' dir='ltr'><strong>genera</strong></span> <span class='ocrx_word' id='word_1_877' title='bbox 2140 5634 2405 5712; x_wconf 87' lang='lat' dir='ltr'><strong>martyrii.</strong></span> <span class='ocrx_word' id='word_1_878' title='bbox 2462 5639 2724 5698; x_wconf 84' lang='lat' dir='ltr'><strong>Similiter</strong></span> <span class='ocrx_word' id='word_1_879' title='bbox 2765 5651 2819 5699; x_wconf 91' lang='lat' dir='ltr'><strong>et</strong></span> <span class='ocrx_word' id='word_1_880' title='bbox 2862 5645 3054 5700; x_wconf 84' lang='lat' dir='ltr'><strong>eadem</strong></span> <span class='ocrx_word' id='word_1_881' title='bbox 3080 5644 3320 5702; x_wconf 82' lang='lat' dir='ltr'><strong>Ecclesia</strong></span> <span class='ocrx_word' id='word_1_882' title='bbox 3358 5648 3515 5705; x_wconf 75' lang='lat' dir='ltr'><strong>cum&#39;</strong></span> 
     </span>
    </p>
   </div>
   <div class='ocr_carea' id='block_1_115' title="bbox 1895 5720 3480 5806">
    <p class='ocr_par' dir='ltr' id='par_1_115' title="bbox 1895 5720 3480 5806">
     <span class='ocr_line' id='line_1_115' title="bbox 1895 5720 3480 5806; baseline 0.007 -19"><span class='ocrx_word' id='word_1_883' title='bbox 1895 5731 1968 5787; x_wconf 90' lang='lat' dir='ltr'><strong>sit</strong></span> <span class='ocrx_word' id='word_1_884' title='bbox 2002 5728 2167 5785; x_wconf 79' lang='lat' dir='ltr'><strong>u‘nhm</strong></span> <span class='ocrx_word' id='word_1_885' title='bbox 2210 5720 2594 5787; x_wconf 77' lang='lat' dir='ltr'><strong>candelabrum</strong></span> <span class='ocrx_word' id='word_1_886' title='bbox 2644 5743 2866 5805; x_wconf 87' lang='lat' dir='ltr'><strong>propter</strong></span> <span class='ocrx_word' id='word_1_887' title='bbox 2904 5722 3166 5793; x_wconf 82' lang='lat' dir='ltr'><strong>unitatem</strong></span> <span class='ocrx_word' id='word_1_888' title='bbox 3203 5738 3361 5806; x_wconf 84' lang='lat' dir='ltr'><strong>ﬁdei,</strong></span> <span class='ocrx_word' id='word_1_889' title='bbox 3403 5738 3480 5798; x_wconf 86' lang='lat' dir='ltr'><strong>di-</strong></span> 
     </span>
    </p>
   </div>
   <div class='ocr_carea' id='block_1_116' title="bbox 1900 5823 3475 5907">
    <p class='ocr_par' dir='ltr' id='par_1_116' title="bbox 1900 5823 3475 5907">
     <span class='ocr_line' id='line_1_116' title="bbox 1900 5823 3475 5907; baseline 0.01 -30"><span class='ocrx_word' id='word_1_890' title='bbox 1900 5833 2098 5878; x_wconf 86' lang='lat' dir='ltr'><strong>cuntur</strong></span> <span class='ocrx_word' id='word_1_891' title='bbox 2126 5825 2232 5879; x_wconf 94' lang='lat' dir='ltr'><strong>duo</strong></span> <span class='ocrx_word' id='word_1_892' title='bbox 2261 5823 2581 5880; x_wconf 87' lang='lat' dir='ltr'><strong>candelabra</strong></span> <span class='ocrx_word' id='word_1_893' title='bbox 2629 5836 2851 5898; x_wconf 89' lang='lat' dir='ltr'><strong>propter</strong></span> <span class='ocrx_word' id='word_1_894' title='bbox 2894 5828 3151 5899; x_wconf 68' lang='lat' dir='ltr'><strong>praedicta</strong></span> <span class='ocrx_word' id='word_1_895' title='bbox 3200 5836 3475 5907; x_wconf 74' lang='lat' dir='ltr'><strong>mysteria.</strong></span> 
     </span>
    </p>
   </div>
   <div class='ocr_carea' id='block_1_117' title="bbox 1901 5914 3458 5998">
    <p class='ocr_par' dir='ltr' id='par_1_117' title="bbox 1901 5914 3458 5998">
     <span class='ocr_line' id='line_1_117' title="bbox 1901 5914 3458 5998; baseline 0.008 -27"><span class='ocrx_word' id='word_1_896' title='bbox 1901 5914 2048 5971; x_wconf 91' lang='lat' dir='ltr'><strong>Bene</strong></span> <span class='ocrx_word' id='word_1_897' title='bbox 2093 5922 2273 5970; x_wconf 87' lang='lat' dir='ltr'><strong>autem</strong></span> <span class='ocrx_word' id='word_1_898' title='bbox 2322 5916 2374 5970; x_wconf 90' lang='lat' dir='ltr'><strong>in</strong></span> <span class='ocrx_word' id='word_1_899' title='bbox 2418 5928 2709 5989; x_wconf 73' lang='lat' dir='ltr'><strong>conSpectu</strong></span> <span class='ocrx_word' id='word_1_900' title='bbox 2751 5916 2965 5977; x_wconf 85' lang='lat' dir='ltr'><strong>Domini</strong></span> <span class='ocrx_word' id='word_1_901' title='bbox 2994 5928 3153 5980; x_wconf 61' lang='lat' dir='ltr'><strong>terra;</strong></span> <span class='ocrx_word' id='word_1_902' title='bbox 3187 5916 3335 5983; x_wconf 75' lang='lat' dir='ltr'><strong>stare</strong></span> <span class='ocrx_word' id='word_1_903' title='bbox 3360 5932 3458 5998; x_wconf 82' lang='lat' dir='ltr'><strong>per</strong></span> 
     </span>
    </p>
   </div>
  </div>
