3972 6446
515 487 653 546 1071

978 484 1332 542 HAYMONIS
1374 484 1854 543 llALBEBSTAT.
1891 487 2105 544 EPISC.
2145 487 2298 544 OPP.
2341 485 2519 543 PARS
2550 486 2591 542 Ι.
2630 517 2699 530 -
2736 487 3091 573 CQMMENT.
3135 488 3306 544 BlBL.

3653 483 3808 540 £072

512 597 798 667 bibentur,
855 599 979 668 quia
1025 599 1196 654 sancti
1248 598 1439 652 intima
1499 599 1952 670 contemplatione
2005 600 2088 656 sui
2114 603 2169 666 Α
2193 600 2389 655 tineret
2413 600 2667 672 pluviam.
2701 601 2912 674 Moyses
2942 618 3158 675 quoque
3177 613 3379 660 terram
3413 601 3652 674 Egypti
3674 616 3810 674 per.

510 688 820 747 Conditoris
867 689 922 744 in
955 691 1068 744 suis
1098 690 1413 760 praecordiis
1460 691 1725 747 inhaerere
1771 694 2090 762 probantur,

512 789 570 838 et
590 780 790 853 jugiter
809 781 1142 836 voluntatem
1176 780 1290 849 ejus
1311 782 1720 838 considerantes
1740 823 1755 850 ,
1795 799 1858 838 ea
1888 783 2094 839 faciunt

511 872 567 926 in
597 871 790 941 quibus
809 869 1121 926 Creatorem
1143 887 1300 925 suum
1322 887 1429 926 non
1450 871 1747 926 oﬁ‘endunt.
1772 872 1924 928 Unde
1948 873 2094 928 Elias

507 965 638 1021 dicit
664 981 677 1017 :
704 962 840 1017 Vivit
867 963 1124 1016 Dominus
1153 963 1209 1016 in
1235 963 1387 1030 cuius
1411 973 1686 1034 conspectu
1705 974 1784 1018 sto
1813 963 1931 1034 (111
1962 963 2088 1036 Reg.

508 1057 662 1125 xvu).
689 1056 757 1110 Et
776 1054 1009 1110 Paulus:
1041 1053 1194 1109 Sicut
1221 1068 1288 1110 ex
1316 1053 1451 1119 Deo,
1484 1071 1661 1108 coram
1695 1054 1804 1108 Deo
1831 1054 2094 1125 loquimur

507 1147 562 1200 in
593 1143 801 1200 Christo
833 1142 921 1214 (II
967 1141 1090 1198 Cor.
1116 1147 1235 1212 xu).
1263 1141 1447 1198 Potest
1474 1142 1636 1197 etiam
1663 1151 1718 1196 et
1752 1143 1817 1198 de
1842 1143 1926 1198 his
1958 1144 2092 1199 duo-

504 1237 605 1292 bus
629 1235 860 1290 testibus
892 1233 1136 1304 intelligi,
1162 1231 1320 1286 aliter
1339 1233 1432 1302 qui
1473 1233 1526 1286 in
1555 1242 1844 1302 conspectu
1875 1233 2090 1288 Domini

505 1336 664 1381 terra:
683 1332 851 1390 stant,
877 1322 1022 1394 quod
1048 1321 1302 1377 videlicet
1322 1323 1376 1376 in
1403 1321 1678 1390 paradiso,
1701 1321 1791 1376 ubi
1815 1323 2088 1392 quondam

502 1416 606 1471 fuit
625 1415 801 1470 Adam
827 1454 843 1480 ,
869 1421 1160 1484 antequam
1191 1419 1475 1482 peccaret,
1507 1411 1756 1466 translati
1785 1420 1912 1467 sunt
1937 1452 1952 1478 ,
1978 1421 2032 1468 et
2056 1427 2089 1467 a

502 1505 707 1562 nostris
725 1504 1104 1576 conspectibus
1123 1502 1308 1569 ablati,
1332 1502 1580 1558 claritate
1599 1503 1824 1559 visionis
1844 1503 1941 1559 Dei
1966 1519 2088 1576 per-

503 1596 778 1651 fruuntur.

573 1686 644 1742 Et
671 1689 719 1742 si
743 1688 860 1759 quis
885 1703 973 1742 eos
999 1685 1216 1741 uoluerit
1244 1702 1450 1752 nocere,
1476 1687 1614 1758 ignis
1634 1687 1770 1742 exist
1796 1688 1860 1740 de
1895 1703 1983 1742 ore
2021 1687 2088 1742 il-

499 1783 696 1849 lorum,
734 1790 782 1855 et
811 1781 1078 1837 devorabit
1122 1781 1367 1835 inimicos
1421 1797 1624 1835 eorum.
1671 1780 1785 1834 Hoc
1821 1793 1888 1834 ex
1931 1787 2086 1850 parte

489 1873 605 1944 jam
629 1872 908 1943 impletum
927 1879 1034 1938 est,
1055 1869 1290 1941 quando,
1309 1871 1451 1926 sicut
1472 1871 1526 1926 in
1552 1870 1691 1926 libro
1703 1871 1934 1942 Regum,
1957 1871 2087 1942 legi-

2197 692 2365 747 cussit
2423 693 2570 748 omni
2629 692 2807 764 plaga,
2859 695 3286 764 quotiescunque
3330 693 3532 760 voluit,
3581 693 3642 749 id
3687 704 3802 761 est,

2195 794 2476 852 quousque
2514 781 2773 837 liberaret
2797 782 2935 838 ﬁlios
2959 783 3127 839 lsrael
3157 786 3223 840 de
3251 783 3644 856 Egyptiorum
3672 798 3800 841 ser-

2193 871 2382 927 vitute.
2422 872 2788 942 Spiritualiter
2813 874 2911 942 ipsi
2958 875 3131 930 sancti
3156 875 3498 945 appellantur
3529 874 3790 944 calum;

2194 962 2530 1032 appellantur
2553 972 2732 1019 autem
2761 973 2816 1020 et
2845 965 3035 1032 nubes,
3061 965 3130 1021 de
3153 966 3347 1035 quibus
3367 968 3636 1038 scriptum
3657 975 3792 1025 est:

2195 1047 2264 1102 Et
2313 1051 2532 1106 nubibus
2585 1052 2844 1106 mandabo
2868 1070 2930 1108 ne
2977 1053 3160 1124 pluant
3200 1071 3358 1125 super
3399 1073 3517 1111 eam
3563 1058 3791 1113 imbre.

2195 1139 2332 1210 (Isa.
2366 1141 2443 1212 v).
2483 1140 2753 1197 Claudunt
2783 1143 2966 1220 itaque
3003 1143 3220 1208 coelum,
3253 1144 3357 1200 hoc
3393 1154 3479 1200 est
3502 1160 3567 1200 se
3615 1147 3785 1217 ipsos,

2193 1244 2300 1284 non
2330 1244 2438 1300 quo
2480 1231 2807 1288 omnimodis
2831 1233 2956 1289 coeli
2995 1233 3198 1289 imbres
3236 1250 3346 1290 non
3378 1237 3662 1303 emittant,
3687 1238 3780 1294 sed

2190 1321 2337 1390 quod
2357 1336 2519 1392 super
2545 1331 2766 1388 terram,
2790 1339 2921 1394 quae.
2933 1325 3116 1394 spinas
3134 1333 3191 1379 et
3216 1325 3447 1382 tribulos
3483 1329 3777 1398 germinat,

2190 1427 2300 1467 non
2341 1411 2549 1482 pluant.
2598 1413 2797 1468 Pluunt
2847 1415 3030 1484 itaque
3084 1415 3374 1484 perfectis,
3434 1419 3779 1474 abscondunt

2188 1515 2320 1557 vero
2345 1517 2500 1558 suam
2525 1503 2760 1573 pluviam
2793 1503 3004 1573 impiis,
3034 1504 3287 1573 quoniam
3315 1506 3477 1560 bonis
3506 1516 3567 1562 et
3613 1510 3777 1563 susci-

2189 1609 2320 1664 pere
2344 1597 2670 1672 _volentibus
2713 1612 2870 1652 suam
2917 1597 3353 1668 praedicationem
3402 1599 3774 1664 manifestam,

2189 1702 2292 1743 con
2301 1689 2654 1764 temptaribus
2673 1688 3205 1744 veroetirrisoribus
3227 1689 3598 1743 abscondunt.
3634 1689 3776 1744 Unde

2187 1785 2272 1832 est
2312 1791 2329 1831 :
2384 1777 2469 1832 Ne
2516 1779 2759 1834 miseritis
2817 1779 3133 1848 margaritas
3187 1789 3382 1834 uestras
3429 1790 3561 1833 ante
3601 1797 3772 1848 partes

2187 1868 2404 1940 (Matth.
2427 1869 2550 1941 vn).
2583 1871 2996 1956 Etpotestatem
3022 1870 3226 1926 habent
3255 1885 3422 1941 super
3452 1887 3634 1942 aquas
3655 1887 3771 1927 con-

495 1984 617 2024 mus
636 1966 744 2039 (IV
769 1965 896 2037 Reg.
921 1965 984 2037 l),
1013 1965 1081 2019 ad
1109 1977 1301 2019 vocem
1342 1962 1472 2017 Elite
1514 1962 1790 2017 descendit
1831 1961 1972 2033 ignis
2018 1960 2086 2016 de
2111 1973 2160 2034 Β
2185 1962 2428 2018 vertendi
2451 1977 2545 2018 eas
2569 1963 2624 2017 in
2665 1963 3006 2034 sanguinem.
3048 1963 3202 2032 Aqua
3229 1963 3579 2035 Scripturam
3619 1965 3773 2037 signi«

493 2061 636 2118 ctelo
667 2100 682 2126 ,
739 2068 797 2115 et
850 2056 1185 2127 consumpsit
1237 2053 1732 2124 quinquagenarios
1796 2068 1917 2108 cum
1972 2051 2085 2107 suis

495 2151 910 2224 quinquaginta.
943 2146 1051 2202 Sed
1089 2145 1398 2216 specialiter
1420 2145 1536 2200 haec
1568 2143 1734 2200 verba
1760 2143 1899 2199 sicut
1924 2142 2086 2214 perti-

494 2249 628 2298 nent
661 2243 732 2297 ad
761 2240 883 2296 illos
908 2239 1062 2303 duos,
1087 2238 1164 2292 ita
1192 2234 1519 2309 generaliter
1545 2242 1600 2288 et
1637 2235 1704 2290 ad
1731 2248 1921 2289 omnes
1959 2247 2084 2288 san-

493 2341 634 2391 ctos.
668 2331 774 2388 Per
805 2331 985 2402 ignem
1021 2337 1202 2384 autem
1238 2325 1549 2400 praedicatio
1579 2334 1767 2382 sancta
1801 2325 2080 2396 ﬁguratur,

493 2425 624 2497 quia
653 2424 818 2480 corda
858 2421 1166 2478 auditorum
1209 2419 1277 2474 ad
1312 2431 1553 2473 amorem
1579 2415 1676 2472 Dei
1706 2416 1972 2472 accendit.
2002 2414 2082 2468 Ex

493 2517 599 2573 isto
621 2516 804 2585 itaque
830 2513 953 2585 igne
972 2507 1101 2568 boni
1127 2508 1448 2582 perﬁciunt,
1477 2505 1605 2561 mali
1632 2521 1762 2561 vero
1801 2506 2078 2572 deﬁciunt,

483 2605 636 2661 unde
654 2603 853 2659 Paulus
876 2619 889 2654 :
920 2598 1116 2655 Christi
1145 2600 1310 2653 bonus
1337 2596 1470 2650 odor
1485 2613 1666 2650 sumus
1679 2595 1790 2650 Deo
1808 2603 1898 2661 ;et
1921 2595 2081 2649 :Aliis

489 2694 623 2748 odor
668 2693 784 2746 vita
809 2691 867 2744 in
909 2690 1087 2754 vitam,
1115 2687 1236 2741 aliis
1270 2686 1402 2739 odor
1428 2685 1611 2738 mortis
1639 2684 1696 2738 in
1733 2693 1950 2738 mortem
1993 2683 2081 2755 (11

495 2785 620 2842 Cor.
647 2784 732 2855 ιι).
765 2783 904 2838 Dum
954 2781 1098 2837 enim
1141 2777 1314 2835 sancti
1347 2777 1488 2833 bona
1518 2790 1704 2832 coram
1733 2775 1864 2846 ipsis
1895 2775 2080 2846 profe-

490 2886 636 2944 runt,
681 2875 848 2932 etiam
897 2873 1142 2929 nolentes
1185 2877 1400 2935 nocent,
1451 2868 1578 2939 quia
1614 2867 1717 2937 ipsi
1767 2868 1909 2923 bona
1959 2882 2078 2938 quae

489 2971 736 3037 audiunt,
761 2969 816 3024 in
845 2966 929 3023 sui
955 2964 1355 3022 damnationem
1393 2969 1612 3017 vertunt
1638 2979 1653 3029 ;
1681 2962 1916 3032 dumque
1945 2975 2072 3016 san-

491 3071 608 3119 ctos
652 3063 1073 3132 persequuntur,
1103 3054 1196 3126 qui
1243 3053 1347 3108 sibi
1373 3052 1542 3107 vitam
1593 3051 1936 3115 annuntiant,
1969 3050 2077 3104 hoc

486 3153 632 3224 igne,
662 3150 716 3205 id
742 3156 827 3205 est
867 3145 1114 3204 doctrina
1161 3158 1283 3215 qua:
1320 3142 1568 3212 procedit
1612 3141 1680 3196 de
1711 3155 1808 3195 ore
1834 3139 2072 3206 illorum,

488 3244 840 3304 devorantur,
867 3237 993 3308 quia
1013 3250 1112 3307 pro
1137 3240 1448 3304 contemptu
1469 3239 1525 3287 et
1549 3231 1926 3301 persecutione
1950 3245 2076 3285 san-

2167 2053 2334 2110 oﬁcat.
2387 2054 2541 2111 Unde
2576 2065 2660 2111 est
2687 2073 2701 2109 :
2729 2057 2877 2124 Aqua
2908 2056 3174 2126 profunda
3216 2073 3388 2111 sermo
3440 2075 3509 2113 ea.
3547 2075 3642 2112 ore
3684 2058 3769 2112 ein"

2186 2142 2370 2215 (Prov.
2400 2143 2575 2216 xvut).
2623 2146 2728 2216 Ipsi
2769 2146 2954 2216 itaque
2986 2161 3177 2216 aquam
3215 2146 3268 2202 in
3311 2147 3638 2218 sanguinem
3668 2163 3772 2203 ver-

2185 2243 2338 2303 tunt,
2368 2251 2492 2292 cum
2532 2237 2874 2294 occasionem
2915 2238 3023 2294 illis
3053 2239 3147 2310 qui
3187 2239 3330 2295 bene
3375 2241 3590 2310 prolata
3636 2241 3769 2295 male

2184 2315 2510 2398 intelligunt,
2539 2328 2950 2397 administrant,
2978 2337 3032 2386 et
3057 2329 3363 2385 doctrinam
3394 2346 3552 2400 quam
3571 2348 3765 2409 pqr-ce-

2181 2425 2409 2487 perunt,
2446 2418 2502 2472 in
2530 2418 2629 2492 sui
2655 2419 2950 2489 perniciem
2994 2428 3342 2476 convertunt.
3374 2421 3512 2488 Quod
3547 2423 3756 2478 idcirco

2180 2509 2362 2566 facere
2391 2513 2561 2567 sancti
2587 2513 2870 2582 dicuntur,
2903 2516 3033 2586 quia
3078 2515 3182 2586 ipsi
3222 2516 3305 2572 eis
3366 2517 3539 2572 divina
3584 2519 3752 2573 verba

2182 2601 2528 2668 annuntiant,
2551 2602 2645 2674 qui
2681 2613 3062 2671 contemnunt,
3097 2607 3382 2678 cupientes
3407 2623 3506 2663 eos
3535 2609 3762 2664 instrue-

2181 2705 2263 2756 re,
2284 2699 2342 2746 et
2370 2693 2440 2747 ad
2466 2692 2562 2748 Dei
2588 2694 2917 2752 voluntatem
2963 2712 3244 2753 revocare.
3298 2697 3525 2754 Habent
3562 2716 3762 2769 quoque

2178 2789 2499 2850 potestatem
2524 2793 2811 2853 percutere
2840 2794 3043 2842 terram
3065 2788 3212 2842 omni
3237 2787 3399 2859 plaga
3419 2791 3758 2859 quotiescun-

2177 2885 2284 2940 que
2331 2871 2634 2941 voluerint,
2677 2875 2804 2944 quia
2855 2875 2910 2931 in
2957 2884 3224 2946 potestate
3272 2877 3506 2933 illorum
3559 2891 3658 2944 est,
3709 2889 3759 2934 ut

2176 2962 2396 3030 quando
2422 2963 2590 3020 velint
2617 2964 2911 3036 loquantur
2936 3007 2951 3032 ,
2995 2976 3050 3022 et
3094 2967 3291 3024 iterum
3320 2969 3557 3039 quando
3607 2971 3756 3025 velint

2176 3060 2427 3123 taceant,
2480 3064 2539 3111 ut
2571 3057 2779 3114 scilicet
2821 3058 3068 3115 ﬁdelibus
3114 3060 3429 3130 loquantur,
3465 3062 3759 3117 inﬁdelibus

2177 3154 2358 3203 autem
2416 3155 2650 3204 taceant.
2705 3149 2774 3205 Et
2820 3150 2940 3206 ideo
2982 3150 3414 3222 quotiescunque
3469 3152 3761 3208 infidelibus

2180 3239 2365 3295 divina
2408 3242 2668 3312 mysteria
2715 3241 3012 3310 claudunt,
3063 3244 3222 3300 toties
3273 3245 3584 3301 insanabili
3623 3247 3754 3317 plaga

487 3347 720 3402 ctorum,
743 3334 891 3405 digni
920 3329 1196 3401 suppliciis
1223 3325 1440 3382 aeternis
1469 3333 1719 3396 aguntur.
1766 3323 1838 3378 Et
1884 3327 1932 3379 si
1967 3323 2074 3394 qui:

2185 3335 2512 3404 percutiunt.
2558 3333 2994 3407 Quotiescunque
3020 3351 3148 3392 vero
3178 3337 3438 3394 ﬁdelibus
3470 3339 3578 3395 Dei
3604 3357 3756 3395 sacra-

490 3443 578 3482 eos
601 3425 826 3482 soluerit
853 3422 1063 3486 laedere,
1087 3419 1164 3472 ita
1205 3425 1404 3488 Oportet
1428 3431 1548 3470 eum
1580 3413 1767 3480 occidi,
1799 3414 2086 3470 seutentia'

487 3521 700 3580 scilicet
750 3516 905 3574 verbi
952 3514 1070 3570 Dei.
1111 3509 1214 3566 Vel
1244 3518 1392 3566 certe
1419 3509 1486 3564 de
1533 3521 1629 3564 ore
1664 3506 1884 3566 testium
1929 3507 2070 3585 ignis

488 3613 772 3685 egrediens
815 3607 1065 3665 inimicos
1097 3617 1287 3659 eorum
1330 3601 1613 3670 interﬁcit,
1653 3604 1782 3673 quia
1811 3604 2090 3662 nimirum,

487 3701 763 3761 contraria
791 3697 1008 3755 Christo
1035 3693 1354 3762 sentientes,
1384 3703 1547 3765 atque
1574 3694 1632 3749 in
1655 3692 1799 3748 malo
1822 3708 2072 3764 pel-sem.

487 3801 698 3860 rantes,
729 3785 1093 3849 anathematis
1120 3781 1346 3843 fulmine
1375 3794 1563 3842 sancta
1588 3783 1836 3840 Ecclesia
1872 3798 2068 3854 percu-

488 3885 574 3942 tit.
613 3880 774 3953 Quod
809 3881 860 3939 si
899 3889 956 3938 et
1001 3880 1106 3936 hoc
1155 3879 1209 3933 in
1258 3876 1460 3932 bonum
1509 3875 1754 3944 accipere
1797 3874 2065 3939 volumus,

486 3986 675 4036 sancta
699 3976 940 4033 Ecclesia
970 3975 1027 4030 in
1055 3973 1170 4030 suis
1196 3971 1508 4028 doctoribus
1537 3971 1664 4042 igne
1690 3969 1805 4026 oris
1853 3969 1937 4026 sui
1967 3969 2069 4024 ini-

486 4072 658 4128 micos
681 4070 932 4134 devorat,
961 4082 1086 4124 cum
1130 4066 1298 4122 verbo
1340 4063 1739 4120 exhortationis
1789 4070 1855 4118 et'
1897 4061 2068 4116 admi-

486 4162 807 4220 nistratione
861 4159 1126 4217 claritatis
1170 4172 1264 4213 eos
1323 4156 1392 4212 ad
1439 4154 1525 4212 sui
1580 4168 1823 4210 amorem
1871 4168 2067 4223 provo-

486 4265 593 4322 cat,
619 4263 682 4310 ut
725 4254 1026 4310 moriantur
1072 4249 1378 4315 inimicitia,
1429 4256 1486 4303 et
1519 4248 1718 4306 -vivant
1760 4246 2066 4304 dilectionis

485 4349 700 4420 gratia,
755 4344 1092 4406 coacervatis
1137 4340 1444 4398 dilectionis
1505 4340 1834 4397 carbonibus
1901 4353 2065 4410 super

484 4447 649 4512 caput
672 4453 882 4504 eorum,
915 4438 1072 4507 juxta
1097 4431 1402 4488 Salomonis
1430 4431 1776 4486 sententiam.

560 4529 638 4584 Hi
661 4529 849 4584 habent
870 4534 1178 4598 potestatem
1219 4522 1499 4577 claudendi
1528 4521 1714 4576 caelum
1757 4521 1977 4576 nubibus
2000 4538 2064 4577 ne

2172 3432 2357 3479 menta
2391 3423 2656 3494 pandunt,
2683 3424 2845 3481 toties
2872 3425 3007 3480 alios
3035 3425 3103 3479 ad
3141 3435 3398 3488 mortem,
3430 3428 3583 3484 alios
3602 3431 3664 3482 ad
3683 3431 3748 3480 vi-

2171 3521 2285 3576 tam
2324 3516 2563 3577 trahunt.
2591 3516 2661 3576 Et
2681 3518 2824 3593 quod
2851 3517 2972 3573 aliis
2998 3516 3212 3586 proﬁcit
3229 3519 3298 3573 ad
3339 3519 3590 3576 salutem
3610 3564 3627 3587 ,
3655 3522 3748 3575 aliis

2170 3614 2417 3684 provenit
2441 3615 2509 3669 ad
2521 3623 2750 3670 mortem
2769 3601 3035 3684 {dumque
3055 3609 3216 3670 verba
3239 3625 3429 3670 coram
3454 3613 3644 3682 impiis
3663 3614 3749 3666 tor-

2171 3711 2350 3770 mant,
2373 3705 2688 3775 sanguinem
2715 3704 2948 3760 carnalis
2991 3704 3360 3776 intelligentia:
3398 3722 3516 3776 quo
3541 3710 3747 3762 morian-

2171 3803 2262 3850 tur
2291 3797 2594 3868 porrigunt.
2624 3797 2692 3852 Et
2720 3797 3016 3854 notandum
3051 3797 3196 3867 quod
3230 3811 3340 3852 non
3388 3798 3565 3863 dicit,
3606 3799 3745 3854 babe-

2170 3886 2308 3941 bunt
2341 3895 2692 3958 potestatem,
2735 3888 2830 3944 sed
2861 3888 3080 3954 habent,
3104 3895 3166 3941 ut
3185 3887 3292 3943 hoc
3315 3902 3429 3943 non
3458 3890 3532 3944 de
3560 3890 3748 3944 ᾱιιοδυε

2171 3983 2400 4040 tantum,
2430 3975 2614 4032 Enoch
2644 3984 2700 4031 et
2728 3975 2870 4043 Elia,
2895 3977 2987 4046 qui
3015 3976 3230 4032 venturi
3264 3986 3418 4042 sunt,
3449 3979 3550 4033 sed
3602 3981 3745 4033 etiam

2167 4069 2235 4124 de
2264 4070 2548 4138 praesentis
2570 4085 2715 4125 nunc
2746 4069 3006 4140 temporis
3030 4068 3284 4125 Ecclesiae
3305 4069 3746 4139 praedicatoribus

2168 4161 2370 4216 dictum
2406 4159 2786 4232 intelligamus.

2237 4249 2455 4306 Etcum
2497 4251 2732 4320 ﬁnierint
2779 4251 3131 4306 testimonium
3179 4266 3371 4315 suum,
3431 4251 3602 4304 bestia
3641 4266 3745 4318 qaut

2165 4342 2397 4398 ascendit
2439 4341 2504 4396 de
2536 4340 2746 4411 abysso,
2786 4341 2942 4410 faciet
2987 4340 3235 4395 adversus
3282 4338 3407 4393 illos
3445 4339 3660 4404 bellum,
3703 4349 3745 4391 et

2163 4434 2327 4490 vincet
2362 4431 2482 4488 illos
2511 4441 2560 4488 et
2582 4433 2778 4486 occidet
2811 4432 2951 4486 illos.
3007 4430 3122 4488 Hoc
3149 4431 3529 4486 testimonium
3559 4447 3662 4486 non
3685 4430 3742 4483 ad

2164 4524 2341 4593 ipsum
2387 4537 2614 4594 regnum
2649 4522 2970 4578 Antichristi
3017 4530 3101 4576 est
3145 4520 3518 4587 referendum,
3566 4522 3658 4576 sed
3684 4520 3741 4572 ad

483 4620 631 4690 pluat
656 4619 836 4672 diebus
865 4617 1148 4688 prophetia:
1173 4615 1435 4684 ipsorum,
1458 4623 1506 4668 et
1528 4623 1830 4685 potestatem
1871 4613 2061 4667 habent
2083 4683 2126 4690 _
2163 4613 2474 4685 praecedens
2500 4622 2712 4682 tempus
2739 4627 2848 4682 quo
2885 4609 3412 4683 ipsi'prtedicabuut,
3461 4622 3743 4680 antequam

482 4683 640 4780 super
659 4725 823 4779 aquas
851 4683 1179 4762 conuertendi
1197 4683 1285 4759 eas
1306 4707 1361 4758 in
1381 4683 1708 4776 sanguinem,
1731 4715 1778 4760 et
1792 4714 2059 4776 percutere
2083 4683 2138 4745 Ῑ)
2163 4683 2251 4757 ille
2304 4701 2526 4771 incipiat
2572 4715 2819 4772 regnare.
2878 4701 2938 4755 ln
2990 4699 3318 4755 revelatione
3366 4700 3519 4754 enim
3571 4702 3742 4754 bestia:

482 4812 680 4856 terram
725 4799 866 4854 omni
907 4797 1065 4870 plaga
1107 4797 1509 4867 quotiescunque
1561 4796 1835 4852 uoluerint.
1859 4795 1929 4850 Et
1954 4795 2058 4850 hoc
2160 4791 2480 4858 ﬁniendum,
2517 4792 2572 4847 id
2618 4800 2704 4847 est
2751 4790 3138 4860 perﬁciendum
3167 4799 3225 4846 et
3259 4791 3647 4860 complendum
3669 4799 3741 4844 εει

479 4895 635 4965 juxta
684 4891 923 4947 litteram
971 4887 1250 4958 impletum
1297 4887 1648 4958 cognovimus
1695 4887 1747 4941 in
1794 4885 1977 4957 Moyse
2002 4894 2057 4940 et

2161 4881 2525 4938 testimonium
2574 4880 2807 4945 illorum,
2859 4881 2951 4952 qui
2997 4882 3194 4936 docent
3229 4882 3409 4950 ipsum
3462 4898 3576 4937 non
3629 4895 3738 4935 esse

484 4983 621 5049 Elia,
651 4984 907 5054 quoniam
931 4995 1072 5036 unus
1095 4995 1264 5051 aquas
1299 4979 1405 5034 Nili
1448 4977 1686 5034 ﬂuminis
1709 4976 1974 5032 convertit
2000 4976 2056 5030 in
2157 4972 2456 5040 Christum,
2483 4971 2580 5027 sed
2607 4971 2900 5036 diabolum,
2929 4973 3337 5042 pronuntiantes
3354 4972 3565 5028 Judmis
3591 4983 3742 5041 atque

482 5073 820 5146 sanguinem,
849 5086 914 5127 eo
940 5070 1085 5142 quod
1114 5070 1422 5125 induratum
1442 5074 1589 5124 esset
1613 5081 1710 5122 cor
1734 5065 2052 5121 Pharaonis.

480 5164 636 5220 Alter
659 5177 789 5219 vero
823 5161 1017 5218 clausit
1044 5161 1245 5216 coelum
1273 5157 1574 5229 ne'plueret
1605 5157 1762 5212 annis
1803 5156 1979 5211 tribus
2007 5165 2063 5210 et

479 5254 722 5310 dimidio.
752 5254 890 5309 Dum
909 5251 1058 5308 enim
1091 5257 1342 5321 regnaret
1378 5247 1566 5304 Achab
1593 5262 1688 5302 rex
1719 5246 1938 5316 impius,
1967 5245 2061 5314 qui

480 5355 699 5405 sanctos
747 5346 841 5400 Dei
881 5341 1174 5408 interfecit,
1200 5351 1258 5397 et
1284 5341 1507 5410 insuper
1535 5339 1676 5393 idola
1709 5337 1914 5403 coluit;
1945 5351 2063 5392 om-

481 5439 673 5508 nisque
703 5436 929 5508 populus
955 5433 1122 5490 Israel
1151 5433 1460 5504 relinquens
1486 5431 1655 5486 Deum
1682 5439 1896 5500 patrum
1936 5445 2061 5485 suo-

479 5544 623 5593 rum,
650 5527 904 5583 adoraret
927 5523 1078 5590 Baal,
1099 5531 1154 5578 et
1189 5537 1282 5578 eos
1308 5521 1455 5575 Elias
1479 5534 1732 5576 revocare
1759 5521 1827 5576 ad
1851 5521 2052 5577 cultum

480 5618 576 5674 Dei
620 5632 725 5673 non
765 5616 1047 5688 potuisset,
1077 5615 1248 5669 iratus
1277 5613 1413 5668 dixit
1448 5630 1461 5666 :
1512 5611 1645 5666 Vivit
1687 5612 1966 5678 Dominus,
2007 5614 2054 5666 si

478 5714 578 5766 erit
619 5711 756 5765 vobis
784 5727 865 5763 ros
890 5719 980 5762 aut
1017 5707 1211 5778 pluvia,
1245 5707 1344 5760 nisi
1359 5705 1517 5775 juxta
1556 5705 1663 5759 oris
1702 5705 1805 5758 mei
1844 5705 2049 5758 verbum

479 5799 600 5874 (ΙΙΙ
625 5800 754 5870 Reg.
787 5800 939 5871 xvu).
976 5800 1129 5866 Quod
1154 5800 1226 5854 ita
1257 5799 1454 5852 factum
1481 5805 1563 5852 est
1584 5837 1598 5861 ,
1625 5797 1796 5850 donec
1829 5796 2052 5866 populus

477 5897 665 5963 ageret
691 5891 1080 5958 pmnitentimu,
1114 5899 1166 5943 et
1190 5891 1382 5944 iterum
1431 5889 1515 5942 ille
1542 5904 1636 5942 sua
1665 5885 1923 5956 petitione
1956 5886 2052 5940 ob-

2157 5063 2410 5135 gentibus
2433 5061 2560 5118 olim
2581 5061 2695 5130 jam
2725 5062 2937 5118 venisse
2961 5062 3254 5126 Christum,
3279 5072 3337 5117 et
3370 5077 3473 5117 sua
3494 5065 3741 5134 passione

2161 5153 2456 5211 redemisse
2503 5169 2671 5226 genus
2695 5153 3010 5219 humanum,
3041 5155 3181 5210 unde
3220 5163 3274 5208 et
3298 5154 3367 5209 ab
3402 5169 3470 5212 eo
3499 5157 3643 5211 lenti
3667 5156 3742 5210 in-

2161 5243 2517 5300 terﬁcientur.
2565 5242 2635 5297 Et
2660 5243 2762 5298 hoc
2807 5251 2891 5298 est
2931 5242 3074 5313 quod
3103 5244 3368 5312 sequitur,
3413 5244 3545 5313 quia
3573 5242 3742 5300 bestia

2161 5349 2283 5405 qua:
2309 5334 2552 5390 ascendit
2589 5334 2657 5389 de
2679 5334 2895 5406 abysso,
2925 5332 3089 5389 faciet
3109 5334 3368 5390 adversus
3395 5350 3493 5390 eos
3519 5334 3739 5391 bellum.

2163 5424 2356 5481 Bestiae
2407 5433 2586 5480 autem
2634 5425 2895 5480 vocabulo
2922 5439 3031 5480 non
3079 5425 3252 5481 solum
3307 5425 3602 5481 damnatus
3659 5424 3740 5480 ille

2163 5517 2344 5581 homo,
2397 5531 2584 5572 verum
2629 5515 2796 5572 etiam
2839 5515 3108 5572 habitator
3152 5515 3294 5572 illius
3328 5516 3614 5581 diabolus,
3651 5515 3741 5586 qui

2160 5621 2255 5677 per
2281 5607 2427 5662 illum
2450 5606 2803 5673 exaltabitur,
2825 5614 2881 5662 et
2907 5606 3190 5662 extolletur
3212 5622 3373 5676 supra
3397 5623 3560 5662 omne
3597 5606 3742 5677 quod

2159 5699 2358 5754 dicitur
2385 5699 2549 5772 deus,
2577 5707 2670 5754 aut
2697 5700 2840 5770 quod
2859 5700 3072 5764 colitur,
3106 5700 3199 5754 sed
3245 5707 3300 5755 et
3338 5715 3499 5756 omne
3538 5715 3738 5772 corpus

2161 5789 2303 5845 illius
2331 5769 2610 5860 ﬁguiatur.
2655 5769 2825 5846 Homo
2854 5791 3033 5861 itaque
3077 5790 3169 5845 ille
3213 5791 3456 5861 perditus
3479 5769 3739 5848 ascendet

2161 5885 2226 5939 dc
2250 5884 2463 5952 abysso,
2513 5884 2613 5937 hoc
2640 5892 2722 5939 est
2771 5885 2833 5940 dc
2863 5882 3199 5939 multitudine
3248 5881 3556 5939 Judaeorum
3599 5899 3734 5953 pero
