3972 6470
262 530 406 587 1075

1197 525 1564 584 EXPOSlTlO
1595 523 1666 582 IN
1705 518 2200 578 APOCALYPSIN.
2241 551 2313 562 —
2346 521 2472 576 LIB.
2512 521 2597 575 Ill.

3380 519 3405 572 1
3414 517 3518 575 074

264 634 512 707 ﬁdorum,
561 643 652 712 qui
699 631 975 713 impietate
1023 641 1276 712 profundi
1300 648 1430 696 sunt
1455 636 1748 700 nascendo,
1779 643 1838 689 et
1862 635 1917 694 Α
1940 632 1995 686 in
2019 647 2122 702 qua
2164 631 2423 700 iacebunt
2473 647 2702 704 corpora
2742 640 3083 698 sanctorum,
3117 638 3261 687 totus
3288 632 3522 688 mundus

260 747 359 802 per
388 739 609 788 mtatum
635 741 911 788 momenta
935 732 1284 806 proﬁciendo,
1323 730 1481 800 juxta
1507 727 1678 784 illud:
1707 723 1835 779 Fiat

259 819 381 876 Dan
410 819 620 876 coluber
647 823 705 876 in
742 823 849 889 via,
900 807 1122 877 cerastes
1149 823 1205 876 in
1249 821 1433 876 semita
1463 817 1615 890 (Gen.
1662 813 1835 887 mx).

261 909 516 966 Diabolus
549 911 693 966 enim
735 913 991 968 ascendet
1029 914 1096 968 de
1124 912 1338 982 abysso,
1390 910 1494 964 hoc
1517 916 1619 974 est,
1660 907 1726 962 de
1755 921 1840 962 re—

259 1001 551 1071 proborum
574 1003 827 1058 cordibus
848 1003 902 1057 in
933 1002 1128 1072 quibus
1148 1000 1392 1064 habitat;
1428 1006 1484 1054 et
1511 997 1840 1068 ingredietur

263 1092 412 1148 illum
443 1093 760 1150 damnatum
789 1095 1084 1161 hominem,
1117 1101 1175 1148 ut
1197 1107 1295 1162 per
1319 1106 1444 1146 eum
1472 1090 1624 1160 signa
1653 1087 1838 1156 faciat,

261 1195 318 1240 et
339 1185 580 1242 elevetur
599 1188 701 1254 ita,
725 1197 785 1243 ut
811 1188 996 1243 sedeat
1027 1186 1082 1240 in
1116 1182 1316 1254 templo
1345 1182 1439 1237 Dei
1468 1191 1726 1251 tanquam
1771 1179 1843 1235 sit

261 1277 425 1333 Deus.
481 1276 654 1334 Omne
703 1279 847 1334 enim
897 1292 1094 1347 corpus
1154 1275 1301 1330 illius
1346 1288 1470 1328 cum
1515 1271 1694 1342 capite
1743 1285 1842 1328 suo

265 1370 523 1424 ascendet
545 1370 610 1424 de
638 1370 854 1440 abysso,
900 1368 1027 1438 quia
1066 1366 1247 1422 divino
1271 1364 1367 1419 Dei
1402 1361 1606 1432 judicio
1627 1361 1844 1418 eﬁ'erari

264 1460 624 1529 permittetur.
659 1459 878 1514 Iudicia
903 1459 1050 1514 enim
1085 1457 1182 1512 Dei
1212 1455 1430 1527 abyssus
1458 1454 1627 1508 multa
1667 1451 1840 1524 (Psal.

263 1549 450 1621 xxxv).
494 1549 622 1605 lnde
666 1563 900 1619 namque
942 1547 1219 1610 ascendet,
1268 1545 1411 1600 unde
1438 1544 1507 1599 ad
1539 1543 1844 1614 superbiam

261 1639 460 1694 elevari
485 1641 849 1710 permittetur.
897 1638 1085 1694 Faciet
1131 1644 1313 1693 autem
1339 1643 1528 1692 contra
1556 1635 1652 1692 Dei
1681 1643 1846 1691 testes

262 1730 484 1797 bellum,
517 1739 574 1786 et
601 1730 882 1802 corporale
910 1737 968 1786 et
996 1726 1307 1800 spirituale,
1353 1724 1627 1782 exhibebit
1651 1733 1846 1781 cuncta

261 1840 381 1894 qua:
408 1825 463 1880 in
484 1823 917 1895 praecedentibus
941 1821 1272 1892 martyribus
1303 1826 1429 1874 sunt
1458 1816 1764 1888 adimpleta,
1793 1816 1849 1873 id

261 1925 345 1971 est
373 1916 576 1986 virgas,
608 1913 799 1979 fustes,
844 1910 1173 1982 plumbatas,
1204 1909 1500 1966 candentes
1531 1907 1663 1963 ferri
1689 1907 1846 1962 lami-

1940 723 2286 795 intelligitur,
2338 725 2463 794 quia
2502 726 2560 780 in
2585 725 2838 781 omnibus
2861 724 3048 779 mundi
3074 723 3319 794 partibus
3345 724 3522 781 sancti

1941 825 2070 872 tunc
2099 819 2356 889 temporis
2375 819 2785 876 interﬁcientur.
2819 819 2972 877 Unde
2996 820 3135 876 bene
3161 820 3386 876 dicitur:
3415 819 3524 877 Ubi

1940 908 2198 965 Dominus
2249 924 2438 966 eorum
2488 912 2700 968 occisus
2733 921 2836 969 est.
2888 911 3041 980 Quod
3069 912 3213 968 enim
3261 911 3523 970 Dominus

1939 1009 2094 1055 extra
2121 1008 2307 1070 portas
2336 1000 2478 1056 illius
2527 1002 2763 1058 civitatis
2787 1011 2870 1058 est
2915 1017 3111 1072 passus
3160 1001 3522 1073 signiﬁcabat,

1942 1091 2067 1160 quia
2091 1090 2341 1148 Christus
2384 1093 2442 1147 in
2493 1093 2608 1149 suis
2637 1094 2898 1150 membris
2931 1094 2988 1149 in
3018 1102 3132 1149 toto
3153 1086 3354 1148 mundo
3400 1102 3524 1148 erat

1941 1200 2220 1255 passurus.
2271 1185 2349 1240 lta
2380 1197 2463 1242 est
2483 1187 2676 1243 civitas
2698 1203 2911 1260 magna,
2938 1202 3059 1258 quae
3088 1187 3327 1259 Babylon
3357 1203 3522 1244 voca-

1943 1282 2053 1339 tur,
2087 1275 2142 1329 in
2189 1290 2294 1345 qua
2325 1275 2569 1333 diabolus
2598 1286 2810 1349 regnat,
2862 1278 3004 1334 sicut
3031 1278 3224 1333 civitas
3252 1287 3337 1334 est
3368 1278 3526 1334 Chri-

1944 1367 2011 1422 sti
2036 1366 2390 1434 Hierusalem,
2410 1370 2464 1424 in
2485 1385 2590 1440 qua
2611 1377 2802 1441 regnat
2821 1370 2936 1440 ipse
2962 1368 3228 1425 Christus.
3247 1369 3339 1425 Illa
3362 1370 3530 1442 cmpit

1946 1459 2154 1526 aCain,
2185 1461 2290 1516 ista
2327 1469 2506 1517 autem
2550 1446 2618 1518 ab
2664 1461 2819 1518 Abel.
2876 1459 3113 1518 Sodoma
3139 1462 3528 1532 interpretatur

1945 1560 2113 1616 muta,
2141 1550 2409 1623 [Egyptus
2435 1554 2677 1608 tenebrae.
2711 1552 2917 1620 Quibus
2946 1552 3252 1610 nominibus
3278 1542 3529 1608 illi‘com-

1945 1641 2376 1712 prehenduntur,
2422 1643 2535 1714 qui,
2576 1651 2725 1699 metu
2771 1643 2943 1698 nimio
2980 1644 3248 1708 concussi,
3286 1652 3529 1714 tempore

1947 1731 2270 1788 Antichristi
2316 1749 2425 1790 non
2481 1733 3050 1790 audebuntconﬁteri
3097 1734 3260 1791 ﬁdem
3301 1733 3527 1801 Christi,

1949 1825 2043 1881 sed
2077 1825 2133 1880 in
2162 1826 2404 1882 tenebris
2453 1809 3032 1893 inﬁdelitatisccaecati,
3097 1832 3152 1882 et
3191 1827 3250 1881 in
3293 1826 3532 1882 tenebris

1953 1917 2086 1972 tenti
2111 1925 2474 1988 peccatorum,
2509 1919 2782 1991 negabunt
2805 1917 2977 1974 illum.
3018 1916 3242 1989 Insuper
3266 1918 3431 1974 etiam
3475 1925 3529 1973 et

262 2021 382 2073 nas,
414 1985 640 2076 ungulas
663 2004 886 2070 ferreas,
918 2003 1147 2068 bestias,
1189 2000 1361 2072 ignes,
1385 2006 1441 2056 et
1489 2012 1756 2064 carceres,
1790 2005 1847 2053 et
1872 1985 1920 2046 Β
1947 1985 2225 2064 εῖνίιεὶεω
2278 2017 2524 2064 sanctam
2568 1985 2872 2076 εειοευυηι,
2917 2009 2972 2064 id
3013 2016 3098 2064 est
3148 1985 3524 2079 ξοωρι-ίωθηι,

264 2099 309 2153 si
356 2113 464 2169 qua
507 2105 635 2153 sunt
679 2096 874 2152 similia
930 2101 1324 2152 tormentorum
1375 2105 1594 2164 genera.
1643 2090 1845 2146 lterum

262 2205 400 2263 quos
447 2190 525 2247 sic
570 2204 679 2245 non
728 2189 933 2260 poterit
980 2187 1218 2252 vincere,
1267 2185 1555 2242 conabitur
1588 2183 1847 2241 doctrinis

262 2297 541 2354 superare,
565 2281 841 2338 exhibebit
866 2282 1030 2346 dona,
1062 2279 1230 2337 verba
1266 2287 1480 2350 promet
1505 2277 1702 2344 dulcia,
1752 2277 1846 2333 ad-

262 2373 468 2428 hibebit
494 2371 630 2427 falsa
671 2370 954 2437 miracula,
982 2378 1037 2424 et
1058 2383 1158 2440 per
1184 2376 1414 2439 utraque
1453 2367 1680 2423 saeviens
1703 2366 1844 2422 mul-

261 2471 347 2519 tos
375 2477 406 2516 a
434 2460 560 2518 ﬁdei
587 2460 915 2516 rectitudine
955 2458 1024 2513 ad
1071 2471 1314 2514 errorem
1362 2456 1668 2522 inclinabit,
1710 2442 1846 2512 alios

261 2553 470 2609 scilicet
496 2551 769 2622 decipiens
791 2547 1110 2615 terroribus,
1161 2547 1300 2602 alios
1329 2554 1510 2601 autem
1537 2545 1845 2616 persuasio-

262 2646 442 2701 nibus.
481 2645 680 2701 Verum
703 2642 846 2714 quod
873 2641 1092 2706 dicitur,
1120 2638 1290 2694 vincet
1330 2653 1438 2702 eos,
1489 2651 1597 2691 non
1624 2635 1692 2691 ad
1717 2649 1844 2691 san-

259 2745 378 2792 ctos
398 2735 653 2807 pertinet,
697 2733 788 2804 qui
810 2746 918 2786 non
943 2734 1198 2800 poterunt
1224 2726 1390 2792 vinci,
1420 2731 1476 2782 et
1495 2727 1586 2796 qui
1608 2735 1733 2781 ante
1749 2740 1847 2794 po-

263 2835 447 2884 terunt
487 2825 661 2882 occidi
688 2866 703 2893 ,
751 2837 916 2894 quam
949 2835 982 2874 a
1010 2818 1116 2874 ﬁde
1161 2817 1435 2888 separari;
1467 2814 1563 2870 sed
1595 2814 1842 2886 quaedam

259 2934 388 2992 pars
413 2916 678 2973 malorum
717 2912 1057 2985 intelligitur,
1114 2923 1236 2980 quae
1271 2909 1476 2965 sociata
1503 2915 1587 2963 est
1628 2906 1844 2976 corpori

259 3010 482 3075 Christi,
521 3021 748 3078 quaeque
771 3006 887 3061 sive
928 3001 1250 3067 terroribus,
1301 2999 1416 3056 sive
1459 2997 1845 3055 blandimentis

261 3103 406 3158 vinci
431 3116 592 3173 posse
612 3107 886 3155 narratur.
917 3096 1073 3165 Quod
1098 3108 1230 3151 vero
1259 3093 1458 3148 occidet
1487 3109 1595 3159 eos,
1625 3091 1694 3147 ad
1720 3107 1845 3148 san-

261 3203 378 3250 ctos
405 3193 660 3265 pertinet,
689 3206 826 3262 quos
856 3187 1146 3244 interliciet
1190 3183 1418 3241 diversis
1445 3183 1639 3250 modis,
1677 3191 1734 3238 et
1754 3197 1857 3258 su-‘

260 3300 451 3357 perare
498 3299 604 3340 non
653 3282 871 3353 poterit.
922 3279 1071 3335 Inter
1117 3291 1252 3348 quos
1308 3275 1473 3332 etiam
1521 3281 1680 3330 erunt
1726 3274 1843 3345 ipse

429 3338 758 3442 etEnoch,
810 3373 903 3445 qui
941 3387 972 3426 a
1022 3338 1197 3425 bestia
1249 3381 1350 3422 nec
1403 3365 1702 3421 terroribus
1742 3338 1846 3420 nec
1871 3338 1917 3403 ο

257 3466 640 3522 blandimentis
660 3463 904 3536 superari
932 3460 1079 3517 nullo
1099 3458 1261 3516 modo
1280 3462 1556 3527 poterunt.
1578 3455 1724 3511 Inter
1750 3470 1845 3512 eos

262 3567 442 3614 autem
471 3559 564 3630 qui
592 3558 914 3620 vincentur,
956 3549 1486 3622 comprehenduntur
1526 3547 1649 3604 falsi
1690 3547 1847 3605 Chri-

261 3650 444 3715 stiani,
491 3647 682 3714 Judaei,
713 3645 954 3704 haeretici
980 3653 1036 3699 et
1054 3641 1267 3714 pagani.
1302 3639 1361 3695 Si
1397 3652 1527 3694 vero
1553 3639 1846 3710 quaerimus

263 3757 384 3814 quae
409 3742 520 3797 sint
551 3755 700 3795 arma
731 3740 1007 3804 Ecclesiae,
1029 3739 1216 3807 utique
1247 3735 1382 3790 ﬁdes
1428 3742 1484 3790 et
1512 3734 1844 3816 innocentia,

266 3835 374 3889 duo
420 3831 726 3886 dilectionis
784 3837 1052 3898 praecepta
1079 3866 1094 3891 ,
1125 3827 1233 3880 duo
1277 3824 1444 3878 etiam
1475 3823 1843 3880 Testamenta.

267 3925 405 3979 llinc
436 3927 697 3992 pugnant,
748 3918 870 3977 him
916 3917 1151 3972 victores
1195 3914 1465 3978 existunt,
1519 3911 1685 3967 etiam
1727 3927 1849 3968 cum

268 4014 591 4070 moriuntur.

343 4105 412 4160 Et
426 4103 677 4175 jacebunt
704 4117 925 4172 corpora
951 4114 1134 4156 eorum
1158 4099 1215 4154 in
1231 4097 1406 4169 platea
1430 4112 1637 4169 magna:
1664 4097 1850 4152 civita-

267 4200 355 4265 tis,
385 4212 503 4269 qua:
522 4203 736 4250 vocatur
761 4190 1105 4263 spiritualiter
1124 4189 1356 4246 Sodoma
1383 4199 1432 4244 et
1448 4188 1732 4261 1Egyptus,
1763 4186 1852 4242 ubi

269 4299 316 4344 et
343 4287 600 4342 Dominus
618 4299 798 4340 eorum
818 4280 1103 4350 cruciﬁxus
1132 4289 1227 4335 est.
1269 4279 1554 4336 Civitatem
1576 4294 1850 4351 magnam,

269 4389 529 4452 quantum
565 4378 632 4433 ad
663 4377 897 4432 litteram
946 4372 1180 4444 agpellat
1210 4370 1529 4436 Jerusalem,
1587 4385 1709 4442 qua:
1758 4371 1855 4427 Dei

1947 2099 2212 2156 Jacebunt
2250 2109 2431 2156 autem
2469 2115 2698 2172 corpora
2733 2100 3058 2167 multorum,
3089 2107 3145 2156 et
3168 2099 3384 2155 illorum
3429 2099 3528 2154 sci-

1947 2191 2075 2247 licet
2125 2192 2216 2262 qui
2247 2190 2448 2248 fuerint
2495 2193 2728 2258 mortui,
2776 2185 2849 2247 et'
2865 2191 3083 2247 illorum
3119 2190 3287 2247 etiam
3321 2190 3414 2260 qui
3445 2189 3526 2245 di-

1947 2284 2119 2341 versis
2160 2282 2465 2355 aﬂligentur
2509 2283 2945 2340 tribulationibus
2968 2325 2984 2352 ,
3031 2283 3089 2339 id
3116 2290 3202 2339 est
3231 2281 3397 2350 fame,
3424 2297 3527 2337 nu-

1949 2380 2134 2446 ditate,
2160 2381 2494 2448 carceribus,
2523 2389 2579 2436 ct
2615 2382 2831 2438 ceteris
2859 2380 3202 2451 inexquisitis
3219 2379 3521 2437 tormentis.

2017 2469 2088 2525 Et
2118 2470 2358 2525 videbunt
2398 2471 2462 2526 de
2482 2470 2686 2542 populis
2724 2479 2772 2525 et
2803 2470 3038 2525 tribubus
3057 2479 3106 2525 et
3126 2469 3316 2540 linguis
3344 2478 3393 2524 et
3409 2484 3532 2540 gen-

1946 2563 2106 2631 tibus,
2135 2580 2358 2634 corpora
2380 2580 2561 2619 eorum
2581 2581 2673 2634 per
2698 2572 2801 2617 tres
2827 2562 2936 2617 dies
2958 2571 3007 2617 et
3028 2562 3324 2617 dimidium.
3356 2558 3528 2615 Mani-

1941 2655 2083 2711 festa
2107 2655 2274 2710 etiam
2310 2655 2618 2712 ostenditur
2647 2653 2957 2725 persecutio
2981 2662 3293 2710 sanctorum
3335 2653 3391 2707 in
3415 2666 3532 2707 om-

1948 2746 2109 2802 nibus
2141 2746 2394 2818 gentibus
2433 2744 2638 2811 futura,
2670 2760 2794 2801 cum
2824 2743 3023 2800 dicitur
3057 2743 3200 2814 quod
3220 2757 3410 2799 omnes
3435 2757 3532 2812 po-

1945 2837 2080 2908 puli,
2101 2845 2157 2892 et
2175 2838 2368 2904 tribus,
2397 2845 2454 2892 et
2465 2837 2679 2907 linguae,
2705 2837 2964 2894 videbunt
2974 2851 3204 2906 corpora
3224 2850 3411 2890 eorum
3434 2834 3532 2889 tri-

1946 2929 2047 2983 bus
2072 2927 2261 2983 diebus
2286 2936 2342 2982 et
2363 2927 2610 2994 dimidio,
2640 2927 2694 2982 id
2719 2937 2803 2983 est
2826 2929 2996 2982 tribus
3024 2927 3181 2982 annis
3209 2935 3263 2980 et
3285 2926 3527 2990 dimidio,

1947 3019 2143 3088 quibus
2162 3019 2408 3090 regnabit
2431 3017 2822 3074 Antichristus.
2871 3017 2949 3072 Ita
2979 3017 3126 3072 enim
3150 3017 3240 3072 hic
3272 3015 3389 3072 dies
3431 3031 3532 3085 pro

1946 3125 2089 3167 anno
2113 3109 2321 3180 positus
2346 3117 2450 3177 est,
2474 3109 2614 3165 sicut
2635 3117 2691 3166 et
2717 3110 2771 3164 in
2801 3107 2983 3164 Veteri
3020 3107 3397 3174 Testamento,
3437 3109 3530 3163 ubi

1945 3199 2174 3271 legimus
2218 3199 2362 3268 quod
2394 3199 2600 3254 reversi
2628 3197 2997 3269 exploratores
3033 3198 3128 3268 qui
3168 3196 3526 3268 quadraginta

1947 3290 2137 3346 diebus
2171 3298 2371 3345 terram
2401 3289 2819 3362 exploraverunt
2841 3331 2858 3356 ,
2904 3288 3148 3345 fecerunt
3191 3303 3530 3342 murmurare

1947 3381 2245 3454 populum:
2298 3381 2451 3438 Unde
2479 3389 2534 3437 et
2575 3389 2766 3451 postea
2813 3379 3174 3451 quadraginta
3209 3394 3379 3434 annos
3403 3394 3528 3449 per-

1947 3479 2266 3528 manserunt
2290 3471 2346 3527 in
2389 3472 2622 3537 deserto,
2670 3471 2898 3528 Domino
2941 3470 3153 3527 dicente
3192 3470 3259 3526 ad
3312 3469 3531 3541 Moysen

1949 3559 2141 3633 (Num.
2172 3562 2285 3634 xiv)
2315 3579 2328 3616 :
2361 3561 2514 3617 Diem
2537 3577 2638 3632 pro
2665 3575 2807 3616 anno
2838 3559 2964 3617 dedi
2987 3559 3160 3616 vobis.
3192 3558 3457 3616 Similiter
3476 3569 3531 3615 et

1949 3652 2018 3708 ad
2055 3652 2393 3708 Ezechielem
2442 3651 2659 3724 (Ezech.
2696 3651 2793 3723 Iv),
2835 3652 2922 3707 cui
2963 3660 3290 3722 praeceptum
3318 3659 3421 3719 est,
3473 3661 3534 3706 ut

1950 3743 2207 3798 trecentis
2258 3743 2551 3813 nonaginta
2589 3743 2778 3798 diebus
2824 3740 3034 3811 iaceret
3070 3757 3235 3813 super
3270 3741 3413 3798 latus
3454 3741 3532 3797 si-
3582 3765 3600 3786 ο

1950 3833 2202 3896 nistrum,
2230 3832 2388 3898 diem,
2427 3833 2622 3902 inquit,
2669 3849 2764 3902 pro
2811 3849 2950 3886 anno
2989 3832 3108 3886 dedi
3156 3833 3269 3886 tibi.
3311 3831 3532 3902 Signiﬁ-

1952 3927 2076 3974 cata
2100 3927 2186 3974 est
2203 3920 2346 3974 enim
2378 3920 2433 3976 in
2460 3920 2548 3974 his
2576 3920 2766 3975 diebus
2780 3919 3064 3990 captivitas
3083 3920 3271 3976 decem
3298 3920 3535 3975 tribuum

1952 4011 2208 4068 trecentis
2244 4011 2602 4082 quadraginta
2630 4011 2786 4066 annis
2824 4010 3020 4066 futura.

2024 4101 2097 4156 Et
2124 4103 2344 4172 corpora
2378 4118 2559 4156 eorum
2598 4119 2702 4157 non
2722 4102 2892 4157 sinent
2923 4102 3047 4173 poni
3087 4104 3145 4158 in
3168 4105 3534 4159 monumentis.

1954 4195 2062 4252 Per
2091 4209 2316 4264 corpora
2345 4202 2524 4249 autem
2555 4202 2695 4250 totos
2719 4194 2962 4252 homines
2986 4194 3233 4265 accipere
3256 4195 3536 4262 debemus,

1955 4284 2049 4354 qui
2078 4299 2186 4340 non
2227 4283 2400 4340 solum
2430 4285 2706 4353 exstincti,
2741 4285 3094 4339 verumetiam
3134 4285 3364 4341 diversis
3389 4301 3540 4357 pres-

1957 4374 2099 4429 suris
2140 4374 2312 4428 attriti
2337 4373 2597 4444 iacebunt
2617 4383 2673 4432 et
2691 4373 3172 4431 conculcabuntur.
3193 4374 3538 4432 Consuetudo

270 4472 460 4528 civitas
493 4483 688 4540 magna
731 4466 1010 4522 dicebatur
1035 4505 1050 4532 ,
1096 4463 1192 4518 sed
1245 4471 1533 4533 postquam
1563 4461 1852 4518 Dominum
1956 4466 2334 4536 quippesacrae
2349 4464 2644 4536 Scripturae
2656 4475 2838 4532 est,ut
2863 4467 3152 4537 aliquando
3167 4483 3266 4538 per
3278 4469 3539 4533 animam,

273 4577 428 4618 suum
459 4557 750 4624 interfecit,
773 4555 886 4626 jam
917 4571 1025 4611 non
1051 4553 1249 4609 dicitur
1269 4553 1461 4609 civitas
1503 4567 1696 4624 magna
1715 4592 1731 4620 ,
1761 4559 1856 4606 aut
1959 4555 2249 4626 aliquando
2275 4572 2374 4627 per
2394 4570 2590 4625 corpus
2618 4563 2789 4610 totum
2818 4556 3090 4612 hominem
3113 4557 3400 4629 signiﬁcet.
3438 4558 3544 4614 Per

271 4653 571 4712 Jerusalem
592 4695 608 4720 ,
652 4653 748 4708 sed
799 4649 1033 4707 Sodoma
1067 4655 1124 4705 et
1173 4645 1461 4719 Egyptus.
1519 4647 1674 4703 Licet
1707 4646 1854 4702 enim
1875 4687 1932 4750 Β
1957 4646 2213 4710 animam,
2240 4653 2299 4699 ut
2317 4645 2392 4700 ibi
2419 4644 2732 4750 :Desfendit
2751 4643 2918 4750 J‘acob
2942 4646 2998 4702 in
3019 4645 3310 4718 zEgyptum
3335 4648 3391 4701 in
3421 4649 3543 4702 ani-

271 4744 574 4818 persecutio
588 4743 786 4812 ubique
806 4748 1102 4812 grassetur,
1126 4747 1308 4794 tamen
1320 4737 1610 4794 immanior
1633 4746 1690 4793 et
1708 4751 1853 4792 acer-

273 4837 392 4894 bior
413 4835 521 4891 erit
538 4832 790 4890 Ecclesia:
802 4832 1036 4897 vexatio,
1051 4829 1141 4886 ubi
1155 4828 1415 4884 Dominus
1439 4828 1730 4885 cruciﬁxus
1747 4837 1854 4883 tra-

273 4931 434 4994 ditur,
470 4937 526 4983 et
555 4925 648 4982 ubi
673 4931 833 4996 caput
866 4921 1130 4978 malorum
1156 4922 1438 4992 apparebit
1463 4921 1850 4976 Antichristus.

277 5025 334 5078 In
371 5021 523 5092 cujus
541 5020 717 5092 platea
764 5015 1073 5089 specialiter
1120 5014 1374 5069 dicuntur
1414 5015 1598 5084 jacere
1626 5027 1854 5084 corpora

277 5121 610 5177 sanctorum,
639 5119 896 5178 tanquam
925 5101 1134 5160 Scilicet
1180 5111 1240 5157 ut
1285 5102 1375 5158 ubi
1404 5101 1702 5174 principale
1737 5117 1857 5157 cer-

277 5216 462 5262 tamen
514 5202 638 5265 erit,
703 5199 775 5254 ibi
832 5203 1167 5252 mortuorum
1215 5197 1444 5264 cerpora
1491 5192 1857 5264 multipliciter

277 5302 539 5370 pereant;
571 5293 662 5347 ubi
711 5290 876 5346 etiam
906 5287 1247 5358 intelligitur,
1276 5286 1402 5356 quia
1430 5285 1654 5342 Judaica
1707 5286 1858 5357 plebs

281 5386 588 5460 specialiter
612 5378 1267 5445 adhaerebitAntichristo,
1293 5393 1574 5450 quousque
1602 5371 1789 5433 Enoch
1803 5385 1859 5434 et

284 5480 399 5537 Elia
424 5472 858 5548 praedicantibus,
893 5471 986 5541 qui
1032 5485 1098 5526 ex
1148 5485 1212 5526 ea
1243 5470 1489 5526 salvandi
1519 5470 1740 5537 fuerint,
1774 5485 1859 5525 re-
1889 5525 1894 5528 .

284 5579 566 5628 vertantur
585 5567 654 5622 ad
677 5565 973 5621 Christum.
1005 5561 1150 5618 Bene
1193 5572 1375 5618 autem
1420 5563 1510 5618 illa
1537 5563 1730 5617 civitas
1762 5561 1862 5618 So-

287 5667 444 5721 doma
474 5668 698 5716 vocatur
726 5664 781 5712 et
809 5653 1094 5727 Egyptus,
1137 5655 1263 5725 quia
1293 5670 1454 5726 opera
1503 5655 1865 5712 Sodomorum

289 5767 451 5827 atque
470 5750 900 5811 abominationes
927 5746 1301 5819 Egyptiorum
1330 5756 1568 5805 sectasse
1592 5745 1868 5819 cognosci-

291 5858 400 5905 tur.
453 5845 601 5904 Unde
623 5843 789 5900 Isaias
816 5840 920 5896 illis
941 5837 1073 5895 dicit
1100 5856 1113 5889 :
1141 5837 1352 5906 Audite,
1399 5841 1656 5911 principes
1701 5837 1872 5895 δοάο-

292 5955 500 6000 morum
529 5935 663 6009 ('Isa.
689 5934 752 6009 ι).
781 5932 957 5991 Altius
1001 5938 1180 5986 autem
1209 5943 1304 6000 per
1329 5929 1600 5986 civitatem
1622 5945 1872 6000 magnam

1956 4743 2140 4791 mabus
2164 4737 2493 4806 septuaginta
2519 4734 2657 4804 (Act.
2698 4734 2819 4807 vn).
2864 4735 2970 4794 Per
2995 4752 3192 4808 corpus
3216 4753 3366 4804 vero,
3405 4740 3546 4793 sicut

1954 4827 2124 4883 Maria
2163 4828 2216 4882 in
2265 4827 2556 4899 Evangelio
2594 4828 2762 4882 dicit:
2797 4828 2936 4894 Quia
2974 4829 3208 4884 tulerunt
3256 4829 3541 4884 Dominum

1955 4935 2146 4984 meum,
2169 4928 2216 4974 et
2267 4919 2440 4973 nescio
2475 4919 2563 4973 ubi
2595 4906 3037 4990 posuerunt'eum
3073 4920 3254 4992 (Joan.
3276 4921 3393 4992 xx),
3419 4937 3545 4976 cum

1959 5010 2131 5066 solum
2175 5023 2372 5080 corpus
2407 5018 2692 5081 quaereret,
2736 5009 2880 5080 quod
2908 5010 3144 5080 positum
3170 5010 3348 5066 fuerat
3378 5012 3433 5066 in
3465 5027 3545 5066 se-

1958 5101 2186 5172 pulcro,
2231 5102 2410 5156 anima
2456 5101 2598 5157 illius
2643 5117 2766 5157 cum
2793 5099 3074 5158 divinitate
3110 5102 3272 5159 Verbi
3324 5105 3547 5160 descen-

1964 5199 2122 5254 dente
2151 5197 2218 5252 ad
2238 5196 2554 5266 infernum.
2593 5197 2794 5253 Verum
2823 5204 2977 5252 tanta
3018 5197 3223 5252 smvitia
3256 5206 3385 5254 tunc
3420 5199 3546 5265 erit,

1963 5297 2018 5345 et
2045 5297 2153 5342 tam
2177 5288 2282 5342 erit
2306 5287 2557 5344 immanis
2587 5287 2676 5341 illa
2701 5288 3024 5358 persecutio,
3056 5296 3117 5343 ut
3141 5304 3249 5344 non
3283 5290 3548 5345 satientur

1964 5379 2195 5449 reprobi,
2237 5387 2523 5450 postquam
2566 5377 2938 5434 interfecerint
2981 5393 3097 5446 eos,
3140 5379 3235 5434 sed
3263 5380 3428 5434 etiam
3481 5381 3548 5435 ad

1965 5468 2265 5539 augendam
2295 5484 2447 5524 suam
2469 5467 2749 5533 malitiam,
2806 5485 2982 5538 neque
3017 5478 3138 5540 post
3165 5479 3400 5525 mortem
3429 5485 3546 5539 per.

1963 5559 2186 5614 mittent
2219 5575 2313 5616 eos
2350 5560 2476 5630 poni
2505 5560 2561 5615 in
2605 5569 2974 5616 monumento.
3032 5559 3123 5616 Sic
3156 5562 3299 5616 enim
3326 5561 3549 5631 legimus

1969 5649 2171 5706 factum
2217 5660 2274 5706 et
2334 5651 2389 5705 in
2451 5650 2826 5720 persecutione
2873 5660 3183 5707 sanctorum
3231 5658 3547 5722 martyrum.

1971 5743 2114 5814 quod
2162 5751 2312 5798 tanto
2363 5752 2487 5798 tunc
2535 5743 2765 5812 amplius
2793 5743 2905 5809 tiet,
2961 5751 3162 5814 quanto
3187 5741 3404 5813 gravior
3451 5744 3548 5798 erit

1973 5835 2301 5909 persecutio.
2334 5835 2544 5890 Aliter:
2600 5835 2658 5890 ln
2692 5835 3057 5891 monumentis
3083 5833 3286 5890 idcirco
3311 5845 3524 5890 mortuo

1978 5942 2096 5982 rum
2122 5940 2348 5997 corpora
2386 5933 2679 5996 ponuntur,
2708 5933 2766 5979 ut
2789 5923 2861 5980 ibi
2881 5924 3182 5994 quiescant,
3214 5931 3270 5980 et
3296 5923 3437 5979 diem
3463 5937 3545 5983 ex-
