3972 6442
505 499 644 558 1075

965 493 1319 552 HAYMONIS
1360 491 1835 549 HALBERSTAT.
1879 489 2097 549 EPISC.
2134 489 2288 547 OPP.
2332 488 2515 547 PARS
2548 487 2593 545 Ι.
2632 514 2704 533 --
2739 485 3095 546 COMMENT.
3135 468 3325 544 3131..

3650 483 3794 541 ιοκ

504 621 752 686 spectent
778 610 1149 669 novissimum.
1172 608 1327 664 Unde
1355 615 1411 663 et
1428 620 1525 676 per
1551 605 1838 675 quemdam
1868 604 2083 676 sapien—
2112 606 2166 666 Α
2190 611 2323 667 tum,
2350 602 2620 659 daemones
2636 616 2738 671 per
2762 601 2908 657 hunc
2926 614 3054 655 aera
3073 600 3462 668 discurrentes,
3496 599 3673 659 Bauli

506 719 617 766 teni
644 704 877 765 dicitur:
931 699 1172 770 Corpora
1200 712 1387 754 comm
1416 698 1470 755 in
1516 711 1649 767 pace
1698 695 1905 766 sepulta
1938 703 2084 751 sunt.

508 797 659 855 Tunc
681 795 864 863 itaque
885 806 993 851 non
1016 790 1195 855 sinent
1217 804 1312 845 eos
1336 788 1464 857 poni
1488 788 1544 843 in
1574 786 1961 850 monumentis,
1986 785 2089 841 hoc

504 898 608 953 est,
636 902 746 949 non
777 884 1090 955 permittunt
1114 898 1209 943 eos
1240 882 1543 952 quiescere,
1589 879 1755 935 veluti
1804 878 2089 947 quiescunt

505 994 731 1050 corpora
755 985 1111 1041 mortuorum,
1142 975 1237 1035 sed
1266 974 1434 1033 variis
1467 982 1523 1028 et
1561 972 1615 1029 in
1663 971 1948 1041 exquisitis
1996 984 2089 1026 eos

504 1070 825 1125 cruciabunt
873 1066 1178 1127 tormentis.
1234 1064 1636 1123 Monumentum
1684 1063 1851 1119 etiam
1893 1061 2091 1117 dicitur

504 1179 570 1221 eo
596 1163 738 1234 quod
768 1169 987 1218 moneat
1026 1167 1293 1231 mentem,
1321 1158 1449 1227 quia
1484 1166 1542 1213 et
1564 1172 1668 1214 nos
1689 1156 1817 1212 dum
1844 1156 2090 1215 conside-

502 1269 689 1315 ramus
709 1261 1020 1311 sancmrum
1061 1259 1433 1315 monumenta,
1477 1249 1567 1318 qui
1592 1264 1688 1304 sua
1714 1263 1945 1317 corpora
1992 1263 2090 1317 pro

503 1344 719 1413 (ξιινίῶο
742 1344 1101 1407 tradiderunt,
1124 1357 1412 1401 monemur
1436 1340 1832 1399 venerationem
1856 1338 1959 1394 illis
1989 1338 2092 1393 im-

502 1437 759 1507 pendere.
791 1433 908 1495 Non
940 1434 1123 1503 itaque
1154 1433 1331 1489 sinent
1353 1447 1447 1489 eos
1484 1432 1610 1501 poni
1636 1432 1688 1487 in
1716 1440 2088 1497 monumento,

502 1536 607 1593 hoc
632 1542 715 1590 est
760 1550 869 1590 non
906 1532 1225 1603 permittunt
1255 1545 1349 1586 eos
1394 1530 1663 1595 venerati,
1697 1530 1794 1589 sed
1836 1528 1982 1585 velut
2017 1529 2092 1584 ir-

504 1626 708 1685 risione
738 1626 947 1697 dignos,
978 1624 1295 1695 permittent
1319 1638 1415 1679 eos
1437 1623 1494 1679 in
1524 1622 1717 1694 plateis
1763 1620 1970 1692 jacere,
1994 1623 2089 1683 ubi

501 1716 858 1773 comedautur
883 1731 914 1771 a
946 1714 1152 1772 bestiis.

576 1804 646 1860 Et
673 1806 1022 1867 inhabitantes
1074 1812 1272 1859 terram
1322 1803 1622 1875 pudebunt
1665 1819 1823 1875 super
1866 1802 2003 1867 illos,
2041 1810 2093 1857 et

380 1892 389 1897 I
492 1897 898 1968 iudicabuntur,
929 1904 979 1953 et
1024 1912 1245 1954 munera
1272 1897 1474 1952 mittent
1508 1896 1745 1950 invicem.
1800 1894 1968 1950 Recte
2006 1895 2089 1948 in-

2189 694 2493 750 venientem
2520 693 2593 749 ad
2634 692 2898 761 judicium
2922 706 3048 750 cum
3090 691 3443 748 Win
3464 692 3802 763 mm

2188 788 2476 844 timebunt.
2533 786 2728 841 sum
2766 766 3221 851 nomine,
3267 785 3498 839 una“
3548 784 3801 841 auom

2186 879 2529 937 movebuntur
2548 876 2768 949 (Haut.
2791 877 2968 949 ων),
2993 885 3196 947 quanto
3216 876 3709 947 magism
3731 876 3801 934 De

2188 972 2387 1041 quibus
2411 970 2592 1029 adhuc
2615 969 2865 1025 subditur
2888 987 2901 1021 :

2262 1061 2333 1115 Et
2359 1060 2640 1115 audierant
2661 1076 2835 1115 vocem
2861 1077 3107 1130 magnam
3134 1061 3392 1117 dicentem
3412 1060 3542 1115 illis
3564 1074 3587 1113 :
3615 1062 3796 1116 Ascen-

2190 1154 2298 1208 dito
2326 1153 2449 1209 huc.
2480 1149 2595 1205 Vox
2624 1150 2728 1205 ista
2756 1166 2878 1219 quae
2899 1159 3168 1206 eosvocat
3192 1161 3253 1205 ut
3270 1152 3448 1206 caelos
3471 1152 3794 1217 ascendant,

2191 1243 2307 1313 ipsa
2333 1251 2417 1301 est
2454 1243 2520 1297 de
2551 1257 2659 1311 qua
2702 1242 2992 1312 Apostolus
3036 1243 3205 1298 dicit:
3250 1241 3374 1313 Ipse
3426 1242 3704 1296 Dominus
3746 1244 3792 1297 is

2183 1334 2339 1404 jussu
2356 1343 2404 1387 et
2432 1334 2489 1387 in
2513 1349 2633 1387 voce
2658 1332 2979 1403 archangeli,
3008 1342 3055 1387 et
3078 1334 3135 1386 in
3152 1333 3281 1387 tuba
3306 1332 3402 1387 Dei
3426 1334 3719 1387 descendet
3737 1334 3790 1387 de

2190 1425 2383 1494 caeloU
2409 1426 2588 1481 Thess.
2605 1425 2702 1497 tv).
2725 1425 3242 1498 Ascendite(inquit)
3254 1427 3465 1491 huc,“
3484 1436 3600 1491 est,
3616 1444 3788 1483 am

2191 1518 2301 1573 dite
2316 1520 2383 1573 ad
2399 1519 2591 1583 Deum,
2611 1528 2670 1574 et
2688 1520 2755 1573 ad
2776 1526 2939 1589 caput
2957 1528 3221 1583 vestrum,
3235 1519 3366 1588 quia
3386 1518 3656 1572 membra
3674 1519 3786 1573 estis

2192 1610 2359 1675 illius,
2392 1611 2484 1679 qui
2524 1610 2686 1663 modo
2716 1608 2949 1679 singulis
2978 1607 3287 1663 redditurus
3311 1617 3402 1663 est
3440 1608 3613 1678 iusta
3642 1622 3782 1678 nim

2190 1715 2307 1757 sua.
2338 1701 2567 1769 Ideoque
2590 1699 2759 1755 nolite
2796 1700 3003 1754 morari
3031 1700 3085 1754 in
3115 1706 3283 1765 terra,
3334 1712 3407 1753 ne
3444 1698 3781 1753 invehemini

2194 1796 2248 1851 in
2277 1796 2453 1867 paruis
2493 1796 2840 1851 miserorum.
2867 1794 2937 1848 Et
2972 1794 3317 1848 ascenderunt
3346 1794 3406 1846 in
3438 1793 3593 1847 nube
3631 1794 3778 1847 inae-

2193 1889 2324 1953 lum,
2349 1898 2399 1943 et
2424 1889 2665 1944 viderunt
2683 1889 2802 1943 illos
2823 1888 3023 1943 inimici
3046 1903 3247 1943 eorum.
3262 1886 3540 1957 Legimus
3560 1887 3614 1941 in
3634 1887 3778 1940 Evas-

501 1956 813 2047 ltabitantes
840 1956 1046 2047 terram
1074 1995 1361 2052 vocantur,
1407 1988 1500 2057 qui
1558 1988 1630 2043 de
1663 1987 1884 2042 interitu
1912 1995 1969 2043 et
2020 1986 2087 2043 de
2118 1956 2168 2018 Β
2193 1983 2356 2056 gelio,
2381 1983 2525 2053 quod
2560 1983 2821 2038 Dominus
2854 1982 2908 2036 in
2946 1982 3090 2036 nube
3116 1956 3387 2035 venturus
3433 1980 3520 2034 sit
3547 1981 3615 2034 ad
3658 1979 3774 2049 iui.

500 2096 637 2139 nece
661 2088 977 2145 sanctorum
1000 2080 1326 2149 gaudentes,
1354 2087 1593 2136 mentem
1622 2080 1691 2134 ad
1718 2080 1938 2148 praemis
1963 2095 2089 2135 con-

500 2171 700 2241 tuentis
726 2169 1159 2234 elecwuttmavel
1183 2170 1250 2227 ad
1273 2185 1368 2225 sua
1402 2169 1797 2224 consideranda
1827 2170 2087 2240 supplicia

496 2262 711 2333 erigere
738 2277 847 2319 non
893 2268 1179 2319 noverunt.
1237 2259 1398 2317 Tales
1429 2260 1624 2315 ultimo
1668 2268 1912 2331 tempore
1964 2276 2088 2316 cum

498 2353 739 2417 Ecclesia
771 2353 967 2417 tradita
1008 2351 1175 2409 fuerit
1222 2352 1278 2408 in
1324 2367 1519 2409 manus
1544 2361 1974 2422 persecutorum,
2003 2351 2087 2406 vi-

498 2446 692 2505 dentes
728 2444 918 2507 Euech
970 2452 1031 2501 et
1076 2442 1250 2508 Elite,
1307 2451 1736 2511 ceterorumque
1784 2449 2089 2511 martyrum

497 2552 725 2609 corpora
772 2536 1040 2606 insepulta
1070 2533 1277 2601 jacere,
1324 2534 1634 2603 gaudebunt
1663 2548 1730 2591 ex
1752 2547 1945 2587 eorum
1989 2533 2091 2589 bu-

500 2628 797 2689 miliatione
820 2637 882 2693 et
918 2626 1320 2690 interiectione,
1352 2624 1446 2694 qui
1468 2639 1568 2683 eos
1596 2623 1740 2683 male
1766 2625 2006 2683 viventes
2033 2635 2090 2680 et

497 2726 787 2789 peccantes
814 2716 1186 2786 increpabant.
1219 2715 1286 2771 Et
1313 2716 1529 2770 mittent
1566 2713 1674 2771 sibi
1703 2714 1931 2775 invicem
1967 2731 2090 2771 mu-

503 2824 658 2875 nera,
684 2808 900 2880 eulogia
936 2808 1144 2865 scilicet
1187 2815 1244 2863 et
1292 2807 1477 2867 datum
1512 2807 1833 2876 tetupoeale,
1864 2808 1947 2865 vel
1973 2823 2089 2864 ser-

501 2916 721 2963 monum
774 2899 1322 2972 congratulationem,
1383 2908 1641 2968 tanquam
1697 2899 1841 2955 diem
1888 2898 2089 2957 festum

496 2989 854 3051 celebrantes.
864 2988 1127 3056 Quoniam
1144 2989 1196 3041 hi
1217 2988 1323 3045 duo
1345 2990 1608 3059 propheta:
1620 2989 1983 3050 cruciaverunt
2000 3007 2090 3051 eos

492 3080 586 3151 qui
616 3080 852 3143 habitant
879 3095 1038 3149 super
1070 3088 1288 3133 terram.
1321 3074 1477 3133 Sicut
1502 3078 1872 3147 supradictus)
1899 3086 1999 3142 est,
2034 3078 2089 3133 in

496 3168 845 3225 devoratione
875 3167 1083 3229 scilicet
1122 3165 1263 3237 ignis
1286 3164 1608 3235 spiritualis,
1640 3166 1694 3223 in
1732 3165 2090 3236 suspensione

495 3261 690 3332 pluviae
741 3258 1020 3325 salutaris,
1061 3258 1118 3312 in
1162 3256 1519 3319 conversione
1565 3270 1830 3326 aquarum
1873 3256 1931 3319 in
1960 3270 2091 3315 san-

494 3350 732 3421 guinem.
783 3349 940 3411 Licet
990 3364 1121 3420 ergo
1173 3356 1285 3411 toto
1330 3362 1475 3407 nunc
1526 3356 1772 3418 tempore
1820 3348 2093 3421 gaudeant

497 3442 648 3511 impii
708 3441 776 3496 de
840 3438 1188 3505 tribulatione
1246 3446 1308 3503 et
1358 3437 1735 3501 humiliatione
1790 3435 2090 3506 iustorum.

497 3533 743 3593 laetantes
766 3547 889 3597 cum
920 3528 1313 3597 mﬂeiecerint,
1360 3537 1416 3589 et
1461 3527 1798 3595 exsultantes
1846 3529 1899 3589 in
1931 3528 2092 3588 rebus

494 3625 769 3695 pessimis,
800 3632 980 3687 tamen
1013 3620 1127 3693 itam
1154 3628 1282 3677 tunc
1310 3620 1470 3689 longa
1496 3620 1603 3687 erit
1623 3628 1680 3681 et
1708 3619 1880 3689 maior
1898 3620 2090 3679 talium

497 3714 791 3775 exsultatio
820 3716 890 3772 de
911 3710 1203 3775 amictiune
1250 3709 1336 3775 sel
1374 3717 1553 3773 morte
1586 3710 1878 3783 iustorum,
1898 3725 1966 3769 ac
1992 3725 2091 3769 sua

498 3803 841 3863 crudelitate.
878 3800 988 3857 Sed
1017 3816 1141 3865 cum
1168 3799 1408 3863 dixerint
1441 3815 1549 3870 pa:
1568 3809 1624 3855 et
1649 3802 1927 3866 securitas,
1960 3810 2090 3862 tum:

495 3894 808 3965 repentinus
826 3893 909 3953 eis
928 3891 1273 3963 superveniet
1292 3890 1566 3953 interitus.
1591 3888 1746 3951 Unde
1765 3890 1855 3951 hic
1871 3906 2089 3961 quoque

498 3995 621 4055 apte
646 3983 1021 4041 subinfertur:

574 4079 642 4139 Et
695 4087 810 4149 aest
864 4087 968 4139 tm
995 4077 1110 4141 diu
1155 4084 1206 4135 ιι
1234 4075 1539 4135 dimidium.
1585 4072 1643 4135 l'd
1680 4085 1764 4135 est
1808 4075 2087 4135 interitum

496 4170 838 4241 repentinum
866 4183 1032 4238 super
1060 4182 1156 4231 eos
1181 4166 1388 4233 venire,
1414 4167 1509 4237 qui
1556 4167 1743 4227 dicunt
1792 4182 1897 4238 pax
1923 4176 1979 4222 et
2003 4183 2083 4225 se-

493 4264 716 4327 curitas,
744 4270 801 4323 et
828 4269 957 4319 tunc
983 4259 1247 4325 doloraut
1278 4274 1402 4317 cum
1456 4258 1646 4317 dicunt
1682 4258 1936 4330 gaudium
1964 4266 2089 4327 post

490 4356 850 4427 quadraginta
901 4352 1109 4413 scilicet
1152 4352 1394 4421 quinque
1436 4352 1576 4416 dies,
1621 4352 1716 4421 qui
1748 4352 1803 4406 in
1847 4352 2084 4408 Danielis

492 4451 630 4507 libro
651 4459 709 4505 et
732 4446 885 4521 Isaiae
928 4452 1445 4519 commemorantur.
1492 4443 1725 4516 Spiritus
1763 4447 1884 4500 vita:
1910 4464 1945 4507 α
1973 4446 2082 4501 Deo

490 4541 706 4596 intrabit
753 4540 808 4595 in
833 4555 942 4599 eos.
991 4536 1107 4595 Non
1142 4545 1324 4593 tamen
1374 4535 1586 4595 alienus
1632 4537 1859 4607 spiritus
1899 4538 2079 4609 ingre-

491 4630 671 4686 dietur
692 4629 746 4684 in
772 4642 887 4699 eos,
915 4628 1012 4685 sed
1036 4628 1410 4697 unusquisque
1454 4627 1619 4683 homo
1656 4643 1811 4683 suam
1841 4631 2079 4687 animam

490 4718 738 4790 recipiet.
765 4714 835 4770 Et
856 4727 1128 4773 steterunt.
1157 4716 1264 4772 Pro
1297 4732 1363 4772 eo
1404 4720 1548 4788 quod
1580 4727 1667 4775 est
1693 4721 1933 4787 stabunt,
1955 4724 2082 4793 quia

489 4812 820 4884 prteteritum
848 4819 1060 4881 tempus
1079 4818 1162 4866 est
1188 4810 1421 4881 positum
1448 4812 1536 4867 hic
1558 4827 1657 4882 pro
1683 4812 1884 4869 futuro.
1912 4814 2086 4886 Super

487 4907 642 4976 pedes
687 4922 833 4962 suos.
862 4903 1136 4973 Quantum
1179 4914 1360 4959 autem
1404 4904 1477 4960 sit
1517 4904 1622 4960 hoc
1669 4906 1929 4973 futurum,
1961 4916 2085 4978 post

491 4997 610 5054 illos
656 4997 1011 5068 quadraginta
1064 4998 1304 5068 quinque
1352 4996 1469 5053 dies
1521 4997 1667 5053 solus
1720 4999 1860 5055 Deus
1908 5002 2075 5057 novit.

490 5090 633 5146 Bene
660 5104 787 5145 vero
808 5099 952 5143 stare
978 5090 1231 5145 dicuntur
1258 5090 1456 5155 sancti,
1480 5090 1606 5159 quia
1628 5093 1836 5147 scilicet
1850 5093 1960 5164 jam
1991 5094 2076 5148 in-

494 5179 907 5239 commutabiles
948 5187 1115 5235 erunt
1160 5181 1215 5235 in
1239 5191 1437 5247 mente,
1468 5190 1524 5236 et
1563 5183 1996 5251 incorruptibiles
2022 5185 2077 5240 in

488 5286 733 5341 corpore.
772 5270 836 5324 Et
865 5271 1024 5325 timor
1042 5286 1262 5341 magnus
1289 5272 1498 5337 cecidit,
1527 5273 1581 5328 io
1604 5282 1690 5328 est
1721 5274 1878 5328 cadet
1921 5291 2079 5345 super

485 5380 572 5418 eos
603 5364 695 5435 qui
741 5362 978 5418 viderunt
1007 5378 1113 5416 eos.
1157 5361 1265 5419 Pro
1292 5378 1359 5419 eo
1401 5366 1542 5434 quod
1584 5375 1669 5421 est
1709 5364 1985 5432 videbunt,
2023 5367 2075 5422 id

2108 4673 2162 4734 D

2190 2076 2332 2130 cium
2360 2092 2374 2140 ;
2405 2075 2482 2129 sic
2510 2074 2654 2130 enim
2689 2074 2944 2128 dixerunt
2997 2071 3172 2143 angeli
3219 2080 3394 2126 testes
3436 2071 3593 2127 illius
3616 2086 3774 2126 ascen-

2190 2166 2358 2221 sionis
2383 2182 2397 2219 :
2432 2165 2537 2219 Hic
2572 2165 2727 2219 Iesus
2744 2164 2834 2235 qui
2856 2173 3153 2233 assumptus
3171 2171 3249 2217 est
3274 2180 3306 2215 a
3334 2163 3491 2217 nobis
3514 2164 3571 2215 in
3590 2164 3771 2227 oden,

2189 2257 2265 2309 sic
2301 2255 2464 2310 veniet
2515 2254 2952 2326 quemadmodum
2997 2252 3199 2307 vidistis
3232 2268 3359 2306 eum
3388 2253 3771 2315 διαβιῶσαι.

2190 2345 2245 2402 id
2270 2355 2386 2439 .est,
2432 2346 2624 2403 eadem
2656 2360 2821 2403 carne
2859 2353 2915 2401 et
2961 2345 3106 2400 nube
3154 2343 3299 2416 (Act.
3358 2345 3426 2415 ι).
3468 2344 3611 2399 Sicut
3639 2356 3766 2413 ergo

2189 2438 2439 2495 Christus
2498 2447 2764 2494 venturus
2825 2447 2911 2494 est
2974 2440 3031 2494 in
3086 2440 3270 2504 nube,
3344 2438 3419 2493 its
3466 2446 3519 2493 et
3575 2452 3755 2493 omnes

2191 2529 2385 2584 sancti.
2419 2528 2575 2585 Unde
2606 2530 2720 2599 ipse
2750 2528 2885 2584 dicit
2924 2545 2940 2583 :
2986 2527 3132 2583 Tum:
3170 2529 3426 2584 ridebunt
3456 2526 3641 2582 Filium
3670 2528 3762 2581 ire-

2189 2623 2346 2676 minis
2377 2623 2657 2677 venientem
2691 2622 2746 2675 in
2774 2621 2997 2676 nubibus
3035 2637 3152 2675 cunt
3201 2629 3484 2693 potestate
3510 2636 3693 2692 magna
3724 2628 3765 2675 et

2190 2713 2467 2783 majestate
2502 2710 2718 2783 (Matth.
2764 2713 2937 2769 xxiv).
2968 2711 3127 2769 Unde
3164 2722 3219 2768 et
3266 2713 3573 2784 Apostolus
3598 2715 3718 2769 dicit
3750 2732 3764 2767 :

2194 2803 2307 2858 Nos
2352 2813 2528 2858 autem
2580 2804 2671 2873 qui
2716 2804 2937 2858 vivimus
2989 2806 3256 2874 rapientur
3284 2821 3410 2858 cum
3442 2805 3556 2859 illis
3594 2806 3644 2858 in
3681 2822 3763 2858 es.

2194 2895 2361 2949 bimus
2416 2894 2618 2948 obviam
2664 2895 2873 2949 Christo
2917 2896 2973 2949 in
3022 2911 3166 2959 aera,
3198 2905 3249 2949 et
3297 2897 3378 2949 sie
3412 2913 3623 2967 semper
3668 2913 3765 2951 αι

2191 2985 2416 3041 Domino
2451 2987 2646 3040 erimus
2694 2985 2751 3056 (Ι
2778 2985 2962 3040 Thess.
2989 2986 3066 3058 IV)
3090 3028 3103 3050 ,
3150 3002 3259 3042 non
3308 2988 3370 3042 in
3412 3004 3580 3053 sese,
3612 2987 3697 3042 sed
3722 2986 3766 3041 is

2191 3076 2350 3132 ctelo.
2379 3076 2534 3143 Quod
2563 3076 2608 3131 si
2634 3076 2781 3147 quis,
2830 3077 2973 3132 hanc
2997 3075 3149 3132 Pauli
3173 3078 3510 3133 sententiam
3559 3079 3765 3143 intuens,

2192 3169 2419 3238 inquirit
2446 3165 2682 3238 qualiter
2723 3167 2996 3239 generalis
3023 3169 3201 3239 primo
3228 3168 3447 3224 homini
3477 3169 3626 3224 illata
3648 3184 3767 3225 ωι-

2192 3260 2402 3328 plcatur
2426 3259 2715 3324 sententia,
2756 3273 2862 3328 qua
2904 3258 2978 3321 illi
3002 3259 3140 3315 dixit
3170 3259 3347 3316 Deus:
3381 3259 3556 3316 Terra
3591 3265 3767 3316 eset?-

2195 3360 2389 3407 terram
2419 3351 2536 3412 ibis,
2579 3351 2723 3406 scire
2748 3351 2907 3405 debet
2962 3365 3145 3405 veram
3198 3349 3293 3406 Dei
3340 3366 3496 3419 esse,
3547 3363 3603 3408 et
3642 3350 3767 3406 Padi

2192 3445 2539 3510 sententiam,
2572 3443 2699 3513 quia
2740 3452 2797 3498 et
2846 3443 2953 3497 vivi
3005 3444 3351 3513 reperientur
3396 3445 3672 3509 homines,
3712 3459 3765 3499 es

2192 3549 2421 3603 quorum
2456 3547 2687 3602 persona
2737 3533 2841 3587 hoc
2872 3532 3162 3601 Apostolus
3207 3534 3488 3603 loquitur;
3530 3544 3587 3591 et
3612 3544 3763 3589 tamen

2190 3626 2337 3680 scire
2359 3625 2519 3680 debet
2544 3632 2606 3679 ut
2630 3624 2824 3679 beatus
2846 3623 3180 3694 Augustinus
3204 3623 3361 3688 dicit,
3396 3625 3455 3678 in
3494 3625 3616 3695 ipso
3636 3634 3764 3694 raptu

2190 3714 2418 3771 nubium
2449 3756 2462 3777 ,
2522 3715 2624 3769 etsi
2670 3722 3103 3771 momentaneam
3128 3754 3143 3777 ,
3182 3721 3423 3767 mortem
3476 3723 3658 3768 tamen
3690 3726 3763 3783 gl-

2188 3810 2431 3865 stabunt.
2488 3808 2546 3861 ln
2582 3816 2790 3861 terram
2821 3820 2953 3875 ergo
2985 3814 3347 3869 revertentur,
3404 3807 3538 3874 quia
3582 3809 3678 3862 hoc
3701 3816 3768 3859 est

2188 3915 2386 3970 corpus
2415 3900 2469 3953 in
2511 3908 2712 3953 terram
2754 3898 2975 3962 reverti,
2999 3897 3142 3967 qudd
3192 3904 3278 3952 est
3320 3906 3565 3955 exeunte
3613 3897 3768 3950 asins

2190 4004 2471 4045 remanere
2491 4002 2709 4058 corpus,
2726 3986 2870 4058 quod
2890 3988 3077 4057 utique
3100 3993 3245 4041 terra
3267 3994 3370 4041 est.
3400 3986 3595 4056 Itaque
3612 3984 3768 4041 secuti

2188 4081 2439 4146 melinus,
2468 4080 2596 4150 quia
2622 4078 2679 4133 in
2707 4087 2983 4135 momento
3010 4087 3067 4133 et
3114 4078 3169 4132 in
3215 4078 3327 4133 ictu
3360 4078 3536 4143 ouili,
3568 4080 3625 4134 in
3654 4077 3766 4149 ipsis

2182 4171 2443 4235 nubibus,
2468 4170 2731 4241 Spiritum
2758 4168 2884 4223 vita
2913 4168 3183 4238 accipient
3208 4168 3287 4233 hi,
3326 4169 3423 4237 qui
3464 4169 3522 4222 in
3555 4169 3768 4223 adventu

2182 4262 2399 4319 Domini
2424 4262 2530 4316 vivi
2561 4260 2922 4332 reperientur,
2944 4254 3006 4314 in'
3029 4260 3247 4329 quibus,
3270 4268 3334 4313 ut
3352 4259 3569 4315 dictum
3602 4269 3698 4321 est,
3724 4269 3770 4313 et

2190 4363 2630 4411 momentaneatu
2660 4362 2889 4408 mortem
2936 4353 3253 4423 gustabunt.
3282 4351 3445 4422 [mpii
3477 4353 3679 4423 quippe
3700 4365 3771 4405 re-

2185 4448 2483 4503 manebunt
2513 4448 2566 4502 in
2594 4456 2742 4505 terra
2786 4447 2909 4511 hac,
2964 4445 3120 4501 electi
3170 4444 3540 4500 devehuntur
3570 4448 3639 4500 ad
3674 4449 3771 4514 glo-

2184 4540 2342 4605 riam,
2390 4540 2443 4594 in
2493 4553 2599 4609 qua
2634 4546 2692 4593 et
2736 4537 2941 4592 inimici
2995 4536 3209 4592 illorum
3247 4551 3346 4592 eos
3387 4537 3678 4600 videbunt,
3714 4547 3767 4592 ct

2186 4633 2423 4689 sentient
2458 4631 2669 4703 judices
2698 4629 2868 4701 juste,
2893 4645 3028 4701 quos
3058 4628 3445 4699 judicsverunt
3470 4640 3531 4686 et
3562 4632 3769 4686 dssuas-

2189 4734 2386 4780 verunt
2414 4724 2633 4794 injuste.

2262 4814 2328 4869 Et
2351 4817 2406 4869 in
2432 4816 2526 4870 illa
2559 4816 2692 4870 liora
2719 4816 2889 4886 factus
2914 4824 2989 4871 est
3018 4824 3346 4870 terminatus
3370 4830 3626 4887 mgnus.
3649 4816 3767 4871 Cum

2188 4909 2501 4979 loqueretur
2526 4908 2595 4964 de
2625 4908 2743 4979 ipso
2767 4908 2990 4979 judicio,
3024 4916 3242 4979 repente
3286 4908 3438 4963 venit
3468 4909 3537 4963 ad
3572 4925 3637 4963 ea
3662 4922 3767 4979 qua

2187 5009 2312 5056 ante
2338 5001 2516 5054 futura
2565 5007 2690 5055 sunt
2715 5016 2730 5065 ;
2762 5000 2817 5054 id
2843 5009 2927 5054 est
2954 5000 3021 5054 ad
3051 4999 3483 5069 persecutionem
3503 4998 3768 5055 Antichriv

2188 5093 2276 5158 sti,
2308 5093 2373 5147 de
2395 5108 2502 5163 quo
2526 5093 2685 5163 paulo
2724 5100 2850 5147 ante
2892 5089 3091 5147 fecerat
3124 5106 3449 5159 sermonem,
3495 5093 3769 5162 ipsamque

2189 5195 2343 5241 vocat
2372 5187 2562 5240 horam
2608 5199 2771 5255 quam
2799 5194 2925 5238 ante
2953 5185 3006 5239 in
3039 5185 3207 5238 tribus
3232 5184 3427 5238 diebus
3469 5194 3525 5239 et
3551 5183 3769 5239 dimidio

2184 5286 2544 5350 expresserat.
2574 5277 2712 5345 Quid
2735 5287 2914 5332 autem
2941 5278 3159 5343 mirum,
3180 5279 3227 5333 si
3249 5279 3442 5332 eadem
3464 5279 3770 5347 persecutio

2184 5384 2287 5421 una
2318 5369 2451 5422 liora
2487 5376 2728 5433 vocetur,
2760 5382 2881 5422 cum
2923 5383 3085 5423 omne
3128 5382 3366 5439 prmsens
3410 5377 3630 5440 tempus
3665 5384 3771 5423 una

487 5466 570 5510 est
637 5468 801 5524 super
840 5469 1030 5510 omnes
1078 5456 1335 5525 reprobos
1382 5456 1474 5526 qui
1510 5456 1900 5514 interfecerunt
1955 5474 2068 5515 eos.
2128 5457 2312 5517 .hora
2344 5457 2659 5528 appelletur,
2688 5457 2843 5528 juxta
2886 5458 3028 5527 quod
3068 5455 3302 5513 Joannes
3327 5458 3505 5514 dicit:
3558 5457 3769 5523 Filieli,

487 5547 562 5603 ibi
588 5548 788 5617 quippe
815 5557 1201 5617 recognoscent
1224 5562 1320 5603 eos
1348 5548 1402 5602 in
1425 5549 1615 5619 gloria,
1646 5563 1785 5618 quos
1806 5553 2073 5621 persecuti

489 5648 614 5692 sunt
642 5639 694 5692 in
735 5638 987 5709 praesenti
1013 5640 1143 5704 vita,
1171 5647 1226 5693 et
1254 5639 1520 5695 timebunt
1558 5641 1683 5695 dum
1713 5642 1950 5698 viderint
1977 5659 2071 5700 eos

488 5728 837 5797 glorilicatos.
865 5739 1242 5801 exspectantes
1260 5732 1581 5787 sententiam
1607 5733 1802 5789 divinae
1827 5735 2069 5792 ultionis.

494 5817 584 5875 Vel
612 5820 774 5877 etiam
803 5823 905 5892 ipsi
931 5825 1103 5879 sancti
1138 5834 1261 5879 cum
1291 5823 1523 5879 viderint
1552 5841 1611 5879 se
1642 5824 1870 5880 invicem
1905 5826 2071 5896 glori-

446 5936 453 5946 -
491 5910 698 5976 ticatos,
726 5919 782 5966 et
833 5913 1070 5969 viden'nt
1117 5915 1311 5971 emtum
1343 5916 1554 5982 ardere,
1605 5916 1877 5975 infernum
1906 5934 2066 5995 aper-

2182 5551 2465 5604 novissima
2504 5552 2632 5605 hora
2679 5560 2752 5605 est
2801 5550 2851 5622 (1
2872 5551 3034 5605 Joan.
3072 5552 3153 5621 tt).
3183 5550 3549 5607 Terramotns
3585 5554 3771 5622 itaque

2181 5643 2447 5715 signiﬁcat
2498 5644 2643 5699 illam
2688 5645 3121 5714 persecutionem
3161 5645 3575 5712 validissimam,
3626 5647 3772 5702 unde

2180 5736 2317 5790 bene
2346 5730 2683 5791 ter'raemotus
2725 5751 2830 5791 non
2883 5736 3201 5808 simpliciter
3232 5738 3341 5807 sed
3378 5752 3500 5792 cum
3544 5739 3766 5793 addita-

2179 5836 2361 5881 mcnto
2385 5842 2612 5899 magnus
2645 5836 2891 5895 vocatur,
2924 5828 3049 5898 quia
3095 5836 3148 5882 tu
3202 5842 3220 5883 ξ
3247 5827 3526 5883 tribulatio
3550 5829 3685 5895 erit,
3706 5835 3767 5885 σι

2178 5920 2437 5977 Dominus
2464 5920 2556 5986 ait,
2611 5920 2789 5995 qualis
2833 5932 2939 5976 non
2991 5919 3113 5987 fuit,
3156 5931 3332 5993 neque
3377 5918 3491 5976 ﬁet.
3536 5918 3763 5980 Hinc.
