3990 6332
229 405 370 468 1077

1143 401 1508 461 EXPOSITIO
1547 399 1615 460 IN
1645 399 2144 468 APOCALYPSIN.
2187 431 2256 444 -—
2294 403 2423 462 LIB.
2460 403 2547 460 Ill.

3363 407 3502 472 £078

227 518 434 590 Danieli
467 515 687 590 angelus
709 517 842 578 dicit
877 535 890 570 :
921 515 1116 574 Veniet
1157 527 1368 590 tempus
1388 520 1546 591 quale
1573 534 1681 575 non
1713 517 1815 573 fuit
1841 519 1892 580 Α
1918 525 2112 574 statem
2157 517 2324 576 Filius
2375 519 2467 575 Dei
2527 521 2735 592 accepit
2788 535 2884 593 per
2939 525 3352 590 humanitatem,
3409 526 3501 598 qui

225 625 295 678 es
319 623 428 679 quo
447 616 640 680 gentes
681 623 801 666 esse
849 617 1148 684 eruperunt.
1182 609 1250 672 Et
1297 609 1500 666 decima
1537 626 1659 680 pars
1685 609 1812 664 civi-

225 705 352 764 tatis
378 703 590 770 cecidit,
619 710 672 772 et
703 701 878 764 occisa
905 711 1025 766 sunt
1055 703 1109 756 in
1139 711 1442 766 terrtemotu
1463 703 1674 758 nomina
1715 703 1811 756 lto-

224 795 428 862 usinum
452 802 644 866 septem
673 792 864 858 millia.
892 792 990 852 Hic
1013 793 1165 850 locus
1190 794 1243 848 in
1263 793 1558 863 Evangelia
1587 793 1814 863 exponi-

225 898 338 956 tur,
361 888 453 944 ubi
475 885 738 948 Dominus
765 886 917 951 dicit,
944 887 1087 957 quod
1121 887 1365 957 quaedam
1396 885 1592 942 mulier
1610 885 1816 942 habens

224 980 517 1038 drachmas
545 979 752 1044 decem,
805 979 1100 1048 perdiderit
1137 995 1298 1034 unam
1329 994 1396 1035 ex
1451 979 1576 1035 illis.
1610 979 1815 1036 Novem

224 1070 426 1140 quippe
449 1078 575 1126 sunt
599 1069 818 1124 ordines
845 1069 1181 1140 angelorum,
1229 1071 1324 1126 sed
1372 1071 1534 1126 homo
1575 1071 1816 1128 decimus

222 1171 312 1217 est
333 1170 572 1228 creatus,
603 1161 696 1231 qui
719 1161 896 1216 locum
919 1177 950 1216 a
979 1161 1193 1217 diabolo
1213 1171 1532 1218 evacuatum
1561 1164 1814 1234 repleret.

221 1254 332 1311 Ista
371 1253 580 1310 decima
626 1270 755 1324 pars
781 1255 946 1326 periit
971 1255 1025 1309 in
1055 1255 1182 1320 illis,
1214 1256 1306 1326 qui
1350 1265 1742 1314 consenserunt
1763 1265 1818 1314 et

223 1345 577 1402 crediderunt
595 1345 951 1402 Anticllristo.
977 1345 1094 1402 Non
1120 1356 1301 1404 autem
1331 1357 1440 1404 tota
1463 1351 1670 1405 decima
1691 1366 1817 1419 pars

223 1435 410 1506 periit,
435 1435 530 1491 sed
571 1453 701 1507 pars
720 1437 945 1494 decimae
982 1440 1152 1509 partis
1196 1440 1258 1496 in
1277 1442 1546 1498 hazretieis
1587 1443 1815 1512 scilicet,

222 1529 453 1600 paganis
480 1539 536 1584 et
568 1529 768 1585 Judaais
799 1542 850 1585 et
885 1531 1035 1587 falsis
1079 1532 1357 1590 fratribus.
1390 1533 1594 1591 Civitas
1619 1537 1819 1608 quippe

225 1619 560 1678 Hierusalem
591 1621 914 1692 appellatur,
965 1623 1090 1694 quia
1130 1633 1346 1682 constat
1391 1643 1458 1682 ex
1510 1628 1717 1698 angelis
1762 1637 1819 1684 et

225 1713 555 1770 hominibus.
617 1714 822 1772 Civitas
851 1713 1004 1783 cujus
1056 1717 1264 1774 decima
1307 1734 1432 1790 pars
1473 1721 1688 1786 cecidit,
1726 1721 1817 1778 illa

225 1803 436 1860 scilicet
465 1820 585 1874 qum
615 1805 682 1860 ad
712 1821 904 1870 novem
936 1809 1246 1878 angelorum
1279 1811 1498 1869 ordines
1551 1827 1657 1868 non
1689 1827 1815 1882 per-

227 1897 464 1968 tingens,
515 1898 691 1954 locum
745 1899 941 1954 decimi
991 1901 1198 1957 ordinis
1229 1917 1352 1958 cum
1381 1903 1568 1960 electis
1597 1905 1822 1964 minime

225 1997 398 2048 tenet.
431 1991 500 2052 Et
527 2007 649 2048 cum
683 1991 756 2048 sit
788 1992 1027 2064 ipsorum
1063 1995 1396 2065 perditorum
1426 2012 1687 2053 numerus
1737 1998 1821 2053 in-

225 2081 432 2148 ﬁnitus,
491 2084 592 2146 sub
641 2084 796 2146 finito
845 2087 1365 2156 comprehenditur,
1395 2103 1518 2144 cum
1569 2089 1817 2145 dicitur:

225 2174 366 2242 Quia
399 2184 613 2240 morum
643 2184 770 2232 sunt
822 2178 876 2232 in
909 2185 1220 2234 terraemotu
1267 2179 1504 2239 nomina
1539 2181 1822 2238 hominum

227 2275 434 2336 septem
464 2267 650 2330 millia.
688 2267 1038 2337 Septenarius
1065 2270 1208 2326 enim
1259 2285 1516 2332 numerus
1559 2287 1701 2342 saepe
1725 2287 1823 2342 pro

226 2358 588 2420 universitate
617 2360 852 2429 ponitur,
893 2368 1054 2431 atque
1099 2361 1220 2418 ideo
1248 2363 1302 2418 in
1331 2372 1540 2432 septem
1587 2364 1822 2420 millibus

227 2449 510 2512 hominum
561 2466 751 2512 omnes
807 2452 1024 2522 reprobi
1055 2452 1449 2523 intelliguntur,
1482 2455 1575 2524 qui
1621 2455 1822 2512 mortui

227 2548 357 2596 sunt
389 2541 444 2596 in
474 2542 655 2600 anima
711 2543 812 2600 sub
840 2544 1030 2599 eadem
1083 2547 1478 2614 persecutione.
1513 2546 1582 2601 Et
1614 2548 1820 2617 reliqui,

227 2629 323 2699 qui
359 2631 416 2686 in
443 2630 551 2690 lide
577 2641 1012 2702 permanserunt,
1045 2632 1097 2690 id
1125 2644 1229 2699 est.
1257 2645 1379 2704 post
1411 2637 1824 2708 abnegationcm

226 2720 299 2778 ad
331 2719 492 2782 fidem
547 2723 845 2790 redierunt,
904 2723 1018 2784 sive
1074 2724 1248 2796 etiam,
1273 2726 1364 2794 qui
1417 2741 1486 2781 ex
1542 2741 1728 2784 errore
1754 2729 1824 2784 ad

223 2823 414 2872 veram
443 2811 742 2876 doctrinam
793 2813 1039 2868 conversi
1095 2823 1245 2880 sunt,
1297 2824 1354 2871 et
1401 2818 1457 2874 in
1503 2818 1690 2880 eadem
1720 2819 1824 2876 [ide

224 2903 604 2972 perstiterunt.
633 2904 702 2960 In
731 2907 967 2966 timorem
989 2916 1113 2962 sunt
1141 2908 1308 2974 missi,
1343 2920 1388 2962 et
1431 2908 1683 2967 dederunt
1711 2911 1822 2982 glo-

227 2993 368 3050 riam
393 2993 505 3054 Deo
533 2994 668 3050 caeli.
721 2993 847 3051 Sive
885 2999 1028 3065 quod
1059 3011 1126 3054 eo
1154 2997 1509 3069 gubernante,
1555 3009 1612 3056 et
1659 3001 1822 3058 forti-

228 3084 476 3140 tudinem
505 3086 743 3142 donante
769 3101 876 3142 non
903 3095 1031 3144 sunt
1058 3087 1194 3158 lapsi
1219 3104 1236 3143 :
1286 3089 1400 3150 sive
1427 3091 1571 3161 quod
1609 3091 1824 3150 miseri-

226 3176 468 3238 corditer
491 3185 616 3246 post
643 3178 854 3232 ruinam
883 3186 1010 3236 sunt
1035 3180 1225 3235 erecti.

1917 608 2097 672 omnia
2119 623 2242 664 cum
2267 610 2426 665 Patre
2454 612 2764 681 possidebat
2783 629 2881 684 per
2902 615 3257 684 divinitatem,
3283 618 3424 674 unde
3447 627 3504 674 et

1917 701 2032 772 ipse
2074 715 2358 771 surgensa
2383 705 2610 760 mortuis
2663 705 2830 761 dicit:
2879 706 3022 764 Data
3051 717 3126 762 est
3176 709 3304 764 mihi
3335 710 3506 770 omnis

1915 802 2140 864 potestas
2168 794 2222 847 in
2253 792 2378 848 ccelo
2401 801 2449 847 et
2479 795 2534 849 in
2568 805 2728 850 terra.

1987 884 2058 940 Et
2101 885 2283 956 viginti
2334 894 2562 956 quatuor
2606 888 2854 956 seniores,
2893 889 2947 944 id
2972 899 3057 946 est
3094 892 3504 961 praedicatores,

1915 980 2008 1051 qui
2047 980 2102 1033 in
2135 989 2410 1049 conspectu
2440 978 2536 1034 Dei
2580 981 2756 1034 sedent
2787 982 2840 1035 in
2893 983 3103 1038 sedibus
3130 984 3259 1039 suis.
3313 984 3372 1042 Id
3425 976 3511 1040 est

1917 1072 1973 1127 in
1999 1079 2267 1142 potestate
2306 1071 2614 1141 ju’diciaria,
2661 1071 2815 1142 juxta
2858 1073 3026 1128 illud:
3076 1075 3217 1130 Ecce
3243 1074 3510 1132 Dominus

1918 1163 2099 1216 veniet
2125 1178 2245 1217 cum
2279 1162 2582 1220 senioribus
2629 1162 2808 1234 populi
2848 1165 2952 1218 sui.
3004 1164 3314 1222 Ceciderunt
3345 1168 3401 1223 in
3427 1167 3510 1238 [av

1920 1257 2022 1310 cies
2055 1272 2198 1310 suas.
2243 1254 2437 1309 Omnia
2461 1269 2558 1310 sua
2605 1256 2671 1310 ad
2700 1271 2824 1310 eum
2857 1256 3181 1325 referentes,
3203 1260 3294 1328 qui
3337 1260 3506 1316 dicit:

1919 1345 2052 1402 Sine
2079 1361 2167 1400 me
2194 1345 2329 1399 nihil
2357 1345 2584 1416 potestis
2608 1345 2810 1416 facere.
2860 1346 2963 1414 Qui
3004 1348 3057 1402 in
3086 1357 3382 1420 conspectu
3415 1351 3510 1406 Dei

1922 1437 2131 1500 sedent,
2164 1436 2291 1506 quia
2319 1437 2370 1490 ili
2397 1437 2605 1514 cunctis
2631 1451 2749 1506 qua:
2780 1444 2968 1508 agunt,
2993 1438 3078 1494 vel
3105 1439 3311 1506 dicunt,
3341 1441 3510 1495 Deum

1921 1528 2024 1586 sibi
2066 1535 2386 1599 praesentem
2439 1541 2654 1597 semper
2687 1529 2990 1588 attendunt.
3042 1527 3114 1583 Et
3158 1530 3514 1584 adoraverunt

1919 1619 2088 1674 Deum
2143 1619 2416 1674 dicentes:
2474 1615 2684 1674 Gratias
2714 1619 2920 1690 agimus
2942 1619 3053 1685 tibi,
3097 1619 3317 1674 Domine
3369 1618 3514 1674 Deus

1921 1711 2266 1782 omnipotens,
2286 1712 2378 1782 qui
2400 1728 2453 1766 es
2475 1711 2824 1768 immutabilis
2851 1721 2901 1766 et
2924 1712 3015 1782 qui
3035 1728 3152 1768 eras
3174 1721 3299 1770 ante
3321 1711 3514 1768 saecula

1922 1819 2046 1858 cum
2083 1802 2265 1860 Patre.
2300 1801 2402 1858 Ubi
2428 1803 2746 1860 intuendum
2772 1811 2874 1868 est,
2915 1803 3042 1872 quia
3074 1818 3182 1858 non
3214 1801 3514 1874 subjungit,

1849 1881 1898 1944 B
1923 1894 2015 1964 qui
2039 1903 2286 1948 venturus
2323 1910 2396 1958 es,
2433 1902 2491 1947 ut
2517 1909 2699 1964 supra.
2754 1893 3080 1951 Praesentem
3127 1893 3272 1948 enim
3301 1893 3414 1963 jam
3458 1895 3515 1950 in

1917 1985 2145 2055 judicio,
2174 2000 2280 2054 quo
2313 1986 2428 2040 haec
2466 1986 2648 2040 omnia
2675 1994 2902 2056 agentur
2926 1989 3320 2054 demonstrant,
3350 2002 3514 2056 quem

1921 2087 2210 2133 venturum
2239 2078 2460 2134 minime
2495 2079 2812 2150 praedicant.
2857 2078 2960 2146 Qui
3002 2082 3246 2151 accepisti
3272 2083 3517 2136 virtutem

1925 2177 2070 2224 tuam
2111 2185 2377 2241 magnam.
2408 2170 2634 2239 Quando
2675 2187 2964 2243 resurgens
2993 2189 3023 2227 a
3054 2175 3284 2230 mortuis
3329 2175 3514 2230 omnia

1922 2278 2089 2335 regna
2135 2265 2319 2322 mundi
2347 2274 2450 2321 tuae
2493 2268 2745 2336 potestati
2770 2268 3070 2338 subjecisti,
3101 2275 3157 2326 et
3199 2270 3304 2325 hoc
3333 2269 3387 2324 in
3417 2270 3518 2325 hu-

1924 2357 2204 2423 manitate,
2231 2357 2355 2427 quia
2378 2358 2550 2414 virtus
2570 2357 2888 2414 indeliciens
2909 2367 2994 2414 est
3018 2359 3073 2414 in
3093 2367 3182 2416 tua
3210 2359 3513 2416 divinitate.

1921 2446 1994 2506 Et
2030 2453 2282 2521 regnasti,
2309 2467 2504 2522 regnas
2531 2460 2587 2507 et
2612 2462 2937 2524 regnaturus
2961 2469 3042 2510 es.

1994 2541 2063 2594 Et
2086 2543 2237 2596 irata:
2252 2552 2371 2597 sunt
2395 2554 2594 2614 gentes,
2619 2559 2741 2614 quae
2767 2544 2973 2600 scilicet
2996 2545 3182 2602 vident
3205 2560 3362 2602 suam
3393 2545 3512 2602 cul-

1925 2641 2103 2688 turam
2131 2634 2200 2689 ad
2229 2634 2458 2692 nihilum
2487 2635 2681 2706 redigi,
2722 2636 2864 2692 unde
2891 2637 3180 2693 Psalmista
3205 2655 3220 2693 :
3258 2637 3515 2693 Dominus

1923 2724 2176 2793 regnavit,
2208 2724 2508 2780 irascantur
2550 2725 2748 2796 populi.
2810 2724 2878 2780 Et
2910 2727 3044 2781 venit
3073 2729 3156 2782 ira
3185 2738 3302 2794 tua,
3355 2729 3409 2784 id
3435 2737 3522 2786 est

1925 2821 2137 2884 tempus
2154 2815 2404 2871 vindictas
2435 2825 2556 2881 tum,
2590 2818 2804 2887 quando
2825 2819 3172 2876 irascentium
3198 2821 3517 2891 populorum

1924 2908 2162 2964 cervices
2183 2907 2511 2979 confringes.
2535 2905 2605 2960 Et
2626 2918 2828 2978 tempus
2848 2921 3198 2964 mortuorum.
3224 2911 3295 2968 Ut
3313 2911 3520 2967 scilicet

1923 2998 2013 3068 qui
2037 2999 2238 3054 mortui
2272 3009 2399 3056 sunt
2427 3009 2673 3070 peccato,
2698 3001 3000 3058 moriantur
3027 3003 3376 3058 damnatione
3396 3018 3520 3074 per-

1922 3096 2102 3157 petua.
2126 3086 2185 3142 1n
2214 3087 2412 3158 quibus
2441 3088 2693 3144 videlicet
2717 3089 3014 3158 gratiarum
3057 3089 3362 3147 actionibus
3381 3090 3517 3147 duos

1927 3177 2141 3232 Domini
2169 3179 2435 3236 adventus
2473 3179 2978 3250 comprehendunt:
3030 3178 3273 3240 Primum
3313 3181 3522 3237 scilicet

315 3271 401 3334 Vat
451 3272 739 3332 secundum
786 3274 935 3342 abiit,
964 3284 1012 3330 et
1037 3293 1154 3331 ecce
1179 3293 1254 3333 rte
1277 3279 1488 3334 tertium
1515 3281 1653 3336 venit
1693 3282 1818 3337 cito.
1849 3239 1896 3306 C
1926 3269 2182 3326 humilem
2233 3279 2290 3326 ει
2327 3271 2619 3336 οουυίίιιῐην
2679 3271 2894 3342 quando
2938 3287 3167 3344 sursens
3207 3288 3239 3330 ³
3292 3273 3522 3334 mortuis

229 3363 494 3434 Superius
522 3366 702 3436 aquila
721 3367 930 3435 volans,
960 3369 1061 3424 tria
1088 3383 1171 3426 vae
1195 3371 1336 3426 dixit
1360 3369 1568 3438 futura,
1591 3389 1824 3444 quorum

230 3457 339 3520 duo
367 3457 424 3515 in
477 3459 824 3520 enarratione
884 3472 1307 3531 praecesserunt,
1367 3465 1586 3521 tertium
1643 3468 1822 3524 adhuc

231 3556 424 3612 restat.
451 3548 697 3606 Primum
727 3565 810 3606 vae
840 3553 1041 3622 quippe
1074 3562 1260 3610 narrat
1290 3555 1534 3625 praelium
1584 3557 1824 3615 locusta-

230 3655 376 3706 rum,
393 3641 688 3700 secundum
711 3642 1035 3700 solutionem
1059 3644 1374 3718 angelorum
1395 3655 1628 3717 quatuor
1649 3665 1823 3721 usque

231 3733 305 3788 ad
336 3733 498 3804 istum
529 3732 726 3800 locum,
762 3735 815 3790 in
846 3751 954 3807 quo
979 3735 1148 3792 multa
1196 3752 1294 3807 per
1319 3739 1823 3810 recapitulationem

231 3823 305 3878 de
335 3823 569 3882 adventu
613 3823 934 3882 Antichristi
964 3825 1254 3882 dicuntur:
1291 3828 1509 3882 tertium
1535 3829 1825 3890 inchoatur

228 3915 344 3980 hic,
379 3923 434 3970 et
464 3915 634 3971 tendit
663 3931 832 3986 usque
886 3918 958 3974 ad
1005 3918 1329 3989 praefinitum
1376 3919 1576 3985 locum,
1635 3921 1689 3976 id
1741 3928 1825 3978 est

233 4009 641 4065 damnationem
667 4011 910 4066 omnium
957 4013 1314 4082 reproborum
1345 4029 1467 4069 cum
1493 4013 1671 4083 capite
1699 4029 1818 4070 suo.

305 4101 378 4156 Et
426 4102 674 4172 septimus
725 4102 944 4174 angelus
993 4104 1119 4178 tuba
1159 4105 1365 4171 cecinit,
1415 4114 1464 4160 et
1501 4105 1656 4175 factw
1701 4113 1826 4160 sunt

231 4205 384 4246 uoces
406 4207 614 4262 magnae
639 4193 694 4246 in
723 4192 872 4257 coelo,
901 4193 1131 4248 dicentes
1155 4207 1174 4245 :
1209 4192 1435 4249 Factum
1483 4203 1558 4250 est
1605 4212 1821 4266 regnum

229 4286 394 4357 hujus
434 4287 616 4342 mundi
664 4285 880 4342 Domini
917 4288 1082 4342 nostri
1129 4297 1177 4342 et
1229 4285 1426 4364 Clu-isti
1480 4288 1618 4358 ejus,
1668 4299 1716 4344 et
1745 4306 1824 4343 re-

232 4376 418 4449 gnabit
446 4377 502 4432 in
523 4377 718 4434 swcula
745 4377 1080 4432 seculorum.
1112 4377 1169 4432 In
1196 4378 1427 4449 septimo
1455 4378 1646 4449 angelo
1689 4378 1823 4433 nihil

237 4467 409 4533 aliud,
439 4467 544 4523 nisi
571 4476 630 4523 ut
671 4484 833 4539 supra
862 4468 917 4524 in
959 4469 1173 4524 caeteris
1213 4468 1454 4525 Ecclesia
1484 4468 1820 4539 intelligitur,

232 4573 344 4616 non
367 4558 480 4628 jam
511 4561 812 4631 prmdicans
840 4570 900 4616 ut
922 4561 1194 4632 superius,
1234 4560 1327 4616 sed
1349 4561 1403 4616 in
1424 4568 1716 4630 conspectu
1740 4558 1824 4615 sui

233 4649 514 4708 Creatoris
535 4640 858 4708 consistens.
905 4651 976 4708 Et
1011 4653 1123 4708 hoc
1157 4659 1240 4706 est
1267 4650 1412 4721 quod
1443 4649 1692 4720 superius
1723 4665 1820 4704 an-

231 4740 389 4813 gelus
415 4750 568 4798 stans
591 4757 752 4812 supra
781 4757 950 4809 mare,
993 4751 1050 4798 et
1077 4756 1241 4812 super
1269 4749 1470 4796 terram
1497 4739 1700 4811 juravit
1726 4755 1823 4810 per

237 4834 510 4890 vivenmm
560 4834 618 4889 in
662 4833 858 4889 saecula
889 4833 1233 4898 saeculorum,
1283 4833 1410 4902 quia
1455 4841 1668 4903 tempus
1709 4830 1822 4901 jam

234 4940 346 4980 non
372 4925 500 4989 erit,
522 4924 616 4980 sed
641 4925 696 4979 in
722 4925 911 4980 diebus
930 4923 1145 4994 septimi
1170 4923 1344 4995 angeli
1362 4924 1827 4980 consummabitur

233 5015 560 5088 mysterium
611 5015 726 5071 Dei.
785 5015 1027 5086 Septimo
1079 5023 1259 5070 autem
1311 5015 1500 5087 angelo
1555 5016 1683 5071 tuba
1737 5031 1827 5070 ca-

234 5113 424 5168 nente,
458 5119 618 5160 voces
661 5120 870 5175 magna:
901 5105 1036 5160 fiunt
1083 5105 1137 5158 in
1167 5103 1325 5168 ccelo,
1381 5103 1434 5158 id
1483 5114 1567 5160 est
1617 5103 1674 5160 in
1711 5104 1826 5174 ipsa

233 5193 536 5270 electorum
568 5195 828 5252 Ecclesia.
877 5195 1008 5264 Quae
1037 5209 1197 5251 voces
1219 5193 1354 5250 nihil
1375 5193 1522 5248 aliud
1550 5203 1695 5258 sunt,
1726 5194 1827 5249 nisi

235 5300 496 5356 magnum
522 5294 835 5349 sanctorum
876 5287 1226 5353 desiderium,
1254 5284 1590 5340 laudantium
1634 5284 1829 5352 Deum,

234 5383 298 5432 et
313 5375 614 5445 gratiarum
637 5378 882 5440 actiones
896 5377 1301 5448 personantium
1319 5383 1484 5445 atque
1503 5373 1795 5429 dicentium
1815 5393 1828 5427 :

237 5469 468 5526 Factum
494 5478 580 5528 est
605 5485 830 5542 regnum
851 5469 1011 5540 hujus
1037 5469 1244 5547 mundi,
1271 5467 1360 5530 cui
1385 5466 1640 5536 antiquus
1661 5467 1835 5523 hostis

235 5563 645 5630 dominabatur,
675 5563 888 5624 Domini
938 5565 1031 5622 Dei
1075 5565 1270 5630 nostri,
1320 5563 1373 5618 id
1422 5569 1507 5620 est
1553 5561 1733 5616 Patris
1778 5569 1834 5617 et

233 5653 444 5718 Christi
477 5657 562 5712 sui
589 5654 734 5724 Filii,
759 5665 815 5716 et
842 5655 1146 5726 regnabunt
1169 5653 1329 5710 Pater
1372 5663 1428 5710 et
1457 5652 1648 5720 Filius,
1676 5662 1731 5709 et
1779 5653 1834 5708 hi

235 5749 332 5818 qui
357 5748 412 5806 in
437 5747 614 5808 Patris
633 5757 689 5813 et
709 5748 834 5806 Filii
867 5749 1084 5811 nomine
1109 5746 1502 5818 intelliguntur,
1535 5762 1657 5802 cum
1683 5746 1834 5802 omni

235 5841 540 5905 electorum
557 5841 800 5903 Ecclesia
827 5843 882 5902 in
917 5841 1114 5900 szecula
1136 5839 1476 5897 saeculorum.
1509 5838 1661 5896 Hanc
1685 5847 1836 5912 pote-

1849 4603 1904 4666 D

1924 3363 2184 3418 mundum
2215 3363 2318 3420 sibi
2365 3362 2680 3420 substravit.
2733 3363 3040 3419 Secundum
3067 3377 3198 3420 vero
3240 3363 3519 3420 excelsum

1925 3461 1980 3506 et
2013 3451 2386 3519 manifestum,
2433 3453 2649 3522 quando
2693 3453 2877 3523 impiis
2919 3454 3205 3521 irascetur,
3237 3463 3295 3510 et
3331 3469 3518 3510 servos

1925 3557 2053 3600 suos
2098 3543 2415 3600 vindicabit.
2484 3543 2602 3599 Non
2645 3554 2826 3604 autem
2873 3545 3113 3616 gaudent
3161 3544 3343 3612 electi,
3390 3546 3518 3616 quia

1927 3633 2146 3704 reprobi
2180 3634 2524 3701 damnantur,
2559 3634 2655 3690 sed
2687 3621 2809 3694 ideo
2839 3635 3095 3707 gaudent,
3140 3635 3266 3708 quia
3301 3635 3520 3692 advenit

1925 3737 2138 3798 tempus
2183 3729 2403 3798 quando
2429 3727 2557 3782 mali
2583 3728 2787 3798 justam
2841 3728 3269 3796 damnationem,
3319 3736 3374 3785 et
3419 3727 3524 3798 ipsi

1926 3818 2191 3887 recipiant
2213 3819 2478 3874 bonorum
2506 3833 2732 3887 operum
2758 3818 2974 3889 dignam
3005 3818 3518 3874 remunerationem.

1925 3909 2066 3964 Ante
2101 3909 2246 3964 enim
2295 3908 2699 3964 damnabuntur
2745 3909 2918 3980 impii,
2973 3921 3029 3964 et
3071 3910 3150 3966 sic
3203 3923 3522 3964 remunera-

1925 4000 2128 4056 buntur
2160 4000 2260 4071 pii,
2287 4015 2388 4056 nec
2417 4009 2671 4070 poterunt
2699 4001 2984 4071 pervenire
3028 4001 3094 4055 ad
3144 4015 3370 4072 regnum
3394 4015 3520 4056 cor-

1925 4107 2060 4164 pora
2080 4093 2314 4164 piorum,
2339 4094 2445 4149 nisi
2471 4095 2807 4164 praecesserit
2837 4095 3113 4152 damnatio
3139 4096 3518 4166 reproborum.

1927 4183 2084 4251 Quod
2119 4191 2300 4240 autem
2343 4184 2494 4250 dicit,
2527 4185 2696 4239 iratus
2741 4202 2819 4251 es,
2850 4201 2958 4242 non
2990 4186 3065 4240 ita
3112 4185 3517 4257 intelligendum

1926 4283 2033 4340 est,
2085 4283 2143 4328 ut
2172 4275 2443 4354 irascatur
2471 4276 2612 4330 Deus
2647 4276 2787 4332 sicut
2827 4285 2882 4331 et
2928 4279 3110 4344 homo,
3143 4279 3239 4334 sed
3265 4279 3342 4334 sic
3369 4278 3522 4333 vide-

1925 4366 2071 4422 bitur
2097 4368 2367 4439 reprobis,
2395 4383 2533 4438 quos
2555 4366 2852 4424 damnabit.
2885 4366 3032 4424 Talis
3079 4369 3275 4438 quippe
3303 4369 3357 4422 in
3403 4367 3518 4422 sin-

1923 4459 2172 4532 gulorum
2232 4461 2584 4517 conseientiis
2627 4461 2754 4525 erit,
2802 4461 3014 4530 qualem
3071 4475 3192 4516 eum
3241 4461 3519 4516 videbunt.

1933 4550 2086 4608 Unde
2117 4551 2171 4605 in
2211 4551 2483 4608 mentibus
2507 4551 2804 4606 electorum
2832 4551 3105 4608 videbitur
3148 4551 3434 4624 benignus,
3463 4551 3521 4607 in

1933 4642 2204 4700 mentibus
2253 4644 2603 4714 reproborum
2657 4643 2849 4698 iratus.
2893 4640 3151 4698 Judicare
3199 4654 3249 4700 et
3311 4643 3526 4698 reddere

1933 4734 2221 4790 mercedem
2246 4734 2559 4805 unicuique.
2593 4733 2768 4790 Servis
2795 4737 2901 4792 tuis
2932 4736 3196 4806 praphetis
3225 4744 3275 4789 et
3301 4735 3520 4789 sanctis.

1934 4824 2026 4881 Sic
2043 4825 2298 4880 videntur
2320 4825 2437 4880 haec
2457 4825 2621 4882 verba
2637 4839 2856 4890 sonare,
2883 4825 3036 4895 quasi
3058 4823 3396 4895 praecesserit
3411 4837 3524 4878 me-

1935 4916 2102 4970 ritum
2125 4914 2443 4982 electorum,
2471 4930 2570 4986 pro
2611 4930 2719 4984 quo
2744 4915 3050 4971 mercedem
3078 4921 3206 4970 sunt
3229 4911 3520 4982 recepturi.

1934 5007 2052 5064 Non
2075 5007 2218 5062 enim
2239 5006 2482 5063 redditur
2502 5007 2606 5063 nisi
2630 5007 2774 5077 quod
2797 5006 3043 5070 debetur,
3067 5005 3162 5062 sed
3186 5020 3294 5061 non
3323 5011 3404 5060 est
3426 5003 3523 5070 ita,

1930 5100 2056 5169 quia
2077 5100 2338 5169 scriptum
2361 5106 2444 5153 est
2482 5117 2493 5152 :
2521 5097 2652 5164 Quis
2677 5098 2823 5167 prior
2851 5096 2992 5149 dedit
3017 5094 3101 5150 illi
3129 5102 3176 5149 et
3207 5093 3523 5150 retribuetur

1931 5192 2018 5246 ei?
2041 5189 2212 5263 (Rom.
2245 5189 2348 5261 ιι.)
2379 5189 2446 5244 Ει
2466 5188 2631 5244 alibi:
2663 5184 2848 5243 Gratia
2873 5184 3007 5239 salvi
3033 5184 3162 5253 facti
3192 5185 3340 5247 estis,
3359 5191 3406 5236 et
3429 5183 3527 5236 hoc

1933 5299 2037 5338 non
2065 5297 2130 5336 ea;
2153 5281 2315 5346 vobis,
2345 5289 2402 5334 ut
2433 5296 2497 5334 ne
2515 5279 2631 5350 quis
2651 5277 2904 5349 glorietur
2925 5274 3087 5347 (Eph.
3111 5271 3194 5346 ιι).
3236 5271 3528 5328 Sciendum

1932 5381 2017 5432 est
2046 5373 2226 5442 itaque
2251 5372 2376 5442 quia
2414 5381 2474 5426 ut
2495 5369 2697 5440 aliquid
2718 5367 2830 5422 Deo
2855 5365 3131 5430 daremus,
3157 5363 3311 5435 prius
3342 5362 3410 5418 ab
3435 5360 3527 5417 illo

1937 5463 2265 5533 accepimus,
2295 5460 2448 5531 cujus
2489 5457 2862 5516 misericordia
2893 5454 3157 5528 praevenit
3185 5463 3244 5509 ut
3274 5452 3527 5518 velimus,

1937 5553 2283 5624 subsequitur
2302 5563 2363 5608 ut
2379 5567 2688 5623 operemur,
2717 5550 2856 5622 unde
2872 5547 3159 5604 Psalmista
3177 5561 3192 5601 :
3220 5544 3527 5602 Misericor-

1937 5647 2028 5700 dia
2048 5645 2163 5716 ejus
2179 5646 2457 5716 prazveniet
2481 5660 2580 5710 nte,
2603 5653 2650 5698 et
2671 5641 3035 5700 misericordia
3057 5639 3170 5710 ejus
3188 5637 3530 5709 subsequetur
3589 5705 3592 5708 Ι
3613 5717 3616 5719 Α

1937 5754 2018 5793 me
2032 5734 2203 5809 (Psal.
2219 5750 2314 5800 xx,
2331 5723 2502 5807 evnit).
2525 5733 2711 5804 Itaque
2725 5732 2865 5807 quod
2881 5731 3205 5801 accepimus,
3234 5738 3289 5785 et
3305 5728 3400 5784 Dei
3421 5737 3530 5794 est,
3583 5729 3599 5758 ’

1938 5829 2065 5904 quia
2087 5829 2202 5900 ipse
2231 5827 2397 5896 dedit,
2425 5834 2481 5882 et
2507 5835 2776 5894 nostrum,
2803 5825 2930 5900 quia
2961 5838 3061 5880 nos
3080 5822 3149 5878 ab
3176 5820 3268 5878 illo
3287 5819 3533 5904 pereepi-
