3972 6442
547 463 690 521 1079

1009 461 1366 520 HAYMONIS
1406 459 1886 517 HALBERSTAT.
1929 459 2146 516 EPISC.
2187 459 2339 516 OPP.
2383 461 2563 518 PARS
2600 462 2642 517 1.
2683 493 2752 503 -
2780 461 3139 518 COMMENT.
3174 462 3346 519 BIBL.

3713 466 3840 521 1080

543 598 688 650 mus,
706 591 761 638 et
781 583 899 638 ideo
917 596 1039 635 cum
1064 579 1320 634 Dominus
1337 562 1641 632 mercedem
1666 575 1862 640 reddit,
1887 590 1983 630 sua
2003 575 2117 643 ipse
2143 578 2196 636 Α
2225 585 2345 629 rant
2374 575 2598 647 gloriam
2629 575 2746 632 Dei.
2773 575 2845 630 Et
2867 577 2976 632 visa
2998 586 3074 631 est
3101 594 3226 632 arca
3270 579 3582 633 testamenti
3614 580 3682 633 in
3722 589 3836 636 ten-

547 675 688 730 dona
741 674 797 727 in
827 671 1011 726 electis
1063 677 1395 725 remunerat.
1462 668 1574 723 Sub
1623 667 1724 723 hac
1778 668 2126 739 intelligentia

544 765 783 836 quotidie
839 763 1103 818 dicimus:
1140 761 1340 816 Panem
1387 771 1620 814 nostrum
1665 761 2029 830 quotidianum
2057 760 2127 814 da

543 857 692 910 nobis
717 855 872 910 hodie
901 855 1120 924 (Matth.
1143 854 1198 924 v)
1223 871 1238 919 ;
1281 853 1326 908 si
1354 861 1598 908 nostrum
1627 860 1729 917 est,
1762 867 1859 907 cur
1891 861 1950 906 ut
1971 852 2128 908 detur

541 947 818 1017 petimus?
856 946 963 1002 Sed
988 947 1046 1000 ﬁt
1071 954 1313 1001 nostrum
1337 944 1668 1015 accipiendo,
1708 944 1850 1012 quod
1875 959 1980 998 non
2009 951 2128 998 erat

541 1025 830 1093 habendo.
850 1037 1121 1105 Quaeritur
1162 1044 1366 1102 autem,
1395 1053 1508 1101 cur,
1532 1035 1823 1090 nominatis
1848 1036 2127 1106 prophetis

541 1139 595 1184 et
617 1130 827 1185 caeteris
850 1130 1075 1195 sanctis,
1125 1128 1353 1199 apostoli
1401 1135 1525 1182 sunt
1550 1127 1766 1182 relicti?
1812 1126 1918 1183 Sed
1953 1127 2127 1183 scien-

540 1221 692 1286 dum,
719 1222 843 1290 quia
876 1223 928 1277 in
954 1223 1233 1294 prOphetis
1261 1221 1334 1277 ibi
1367 1229 1493 1276 sunt
1519 1221 1894 1292 comprehensi
1921 1229 1978 1276 et
2000 1237 2127 1292 apo-

538 1311 685 1376 stoli,
713 1313 803 1382 qui
838 1313 1115 1382 prOpheta:
1143 1322 1291 1378 sunt,
1338 1313 1463 1383 quia
1500 1321 1728 1368 ventura
1771 1313 2124 1383 reproborutn

539 1401 821 1471 supplicia,
875 1411 930 1457 et
977 1410 1287 1458 sanctorum
1341 1404 1563 1474 pratmia
1606 1405 1993 1475 praenuntiant.
2050 1405 2126 1462 De

537 1495 737 1564 quibus
797 1495 913 1563 ipse
965 1495 1227 1550 Dominus
1279 1495 1394 1549 ait:
1435 1494 1572 1550 Ecce
1615 1513 1714 1567 ego
1763 1498 1913 1551 mitto
1941 1497 2009 1550 ad
2038 1513 2126 1552 vos

534 1585 832 1653 prop/telas.
859 1585 926 1639 Et
965 1585 1063 1655 ipsi
1087 1584 1280 1640 Joanni
1308 1585 1508 1641 dictum
1539 1594 1654 1640 est:
1699 1584 1913 1656 Oportet
1935 1596 1984 1640 te
2005 1603 2126 1657 pro-

531 1677 747 1742 pltetare
765 1687 814 1732 et
833 1678 1119 1748 praedicare
1140 1677 1396 1748 gentibus.
1423 1677 1489 1731 Et
1506 1677 1630 1747 quia
1654 1691 1760 1732 non
1789 1691 1978 1734 omnes
2003 1687 2126 1735 sunt

536 1767 812 1834 prophetae
832 1767 923 1836 qui
945 1775 1070 1821 sunt
1092 1767 1288 1831 sancti,
1318 1766 1806 1822 remunerabuntur
1823 1768 2122 1838 prophetae,

526 1859 1027 1913 ,remunerabuntur
1058 1867 1113 1914 et
1167 1859 1277 1913 isti.
1329 1858 1398 1912 Et
1425 1859 1724 1914 timentibus
1759 1876 1947 1914 nomen
1975 1870 2122 1914 tuum

2225 667 2314 736 plo
2339 668 2472 738 ejus.
2520 667 2672 735 Quod
2699 667 3038 740 signiﬁcatur
3077 685 3176 740 per
3199 669 3482 740 templum,
3517 670 3640 726 hoc
3667 680 3731 725 et
3753 689 3833 743 per

2227 771 2434 824 arcam,
2487 758 2543 812 id
2589 769 2673 814 est
2736 767 3050 814 sanctorum
3093 758 3361 825 Ecclesia,
3412 775 3602 830 genus
3653 772 3748 816 est
3787 764 3831 818 in
3929 758 3931 790 ¹

2227 865 2445 921 genere,
2486 851 2627 906 sicut
2676 860 2801 908 octo
2840 851 3039 906 animte
3069 851 3124 906 in
3163 867 3311 906 area.
3361 851 3496 919 Quae
3535 863 3829 923 propterea

2227 957 2353 997 arca
2385 946 2697 998 testamenti
2725 951 2973 1009 vocatur,
2989 943 3113 1013 quia
3145 945 3312 999 duum
3342 943 3826 1001 Testamentum

2228 1033 2393 1089 habet
2419 1035 2802 1106 cognitionem,
2846 1049 2952 1090 non
2994 1035 3050 1089 in
3096 1035 3292 1091 tabulis
3337 1036 3608 1107 lapideis,
3654 1039 3750 1094 sed
3780 1040 3823 1095 in

2226 1122 2426 1179 tabulis
2449 1124 2629 1180 cordis
2655 1125 2966 1180 carnalibus
2991 1141 3005 1191 ;
3040 1125 3113 1182 ibi
3136 1135 3222 1182 est
3250 1142 3385 1182 urna
3429 1128 3662 1183 habens
3683 1145 3819 1184 man-

2227 1229 2323 1280 na,
2367 1213 2423 1269 id
2452 1222 2537 1269 est
2582 1229 2780 1284 corpus
2830 1213 3054 1280 Christi,
3086 1216 3140 1270 in
3172 1231 3280 1286 quo
3329 1232 3500 1272 verus
3542 1228 3645 1273 est
3688 1223 3819 1290 panis

2226 1305 2317 1375 qui
2339 1305 2406 1360 de
2426 1305 2565 1362 caelo
2586 1306 2894 1372 descendit;
2919 1306 2992 1361 ibi
3025 1314 3110 1362 est
3132 1307 3286 1378 virga
3304 1307 3656 1379 Aaron,'per
3678 1325 3813 1379 quam

2227 1398 2590 1454 sacerdotium
2620 1399 2956 1470 designatur,
3006 1400 3135 1469 quia
3182 1409 3238 1455 et
3289 1401 3423 1456 illud
3455 1403 3812 1458 sacerdotium

2227 1491 2281 1546 in
2304 1490 2474 1562 ﬁgura
2499 1493 2799 1562 praecessit.
2836 1491 3190 1561 Signiﬁcabat
3214 1493 3358 1549 enim
3408 1494 3618 1565 regale
3653 1511 3806 1551 sacer-

2225 1581 2452 1650 dotium,
2505 1585 2648 1656 quod
2699 1586 2878 1656 agitur
2918 1601 3064 1641 nunc
3115 1587 3171 1641 in
3225 1586 3494 1642 Ecclesia.
3539 1587 3677 1643 Haec
3709 1605 3803 1642 arra

2227 1685 2460 1744 quatuor
2486 1677 2809 1746 portabatur
2831 1677 3070 1744 circulis,
3115 1680 3243 1749 quia
3272 1690 3522 1751 quatuor
3544 1681 3802 1736 instruitur

2225 1767 2555 1839 Evangeliis.
2584 1769 2784 1840 Aperto
2831 1785 2963 1840 ergo
3008 1770 3230 1841 templo,
3265 1771 3381 1827 visa
3407 1779 3502 1826 est
3527 1787 3680 1834 arca,
3705 1774 3799 1841 quia

2226 1873 2292 1914 eo
2346 1859 2612 1914 moriente
2669 1858 2798 1914 dum
2841 1859 2983 1914 latus
3046 1861 3164 1931 ejus
3219 1861 3408 1916 lancea
3470 1863 3794 1933 perforatur,

483 1971 490 2037 ί
533 1949 738 2018 pusillis
762 1960 811 2004 et
841 1951 1064 2022 magnis.
1094 1950 1370 2007 Timentes
1396 1966 1611 2022 quoque
1634 1967 1830 2006 nomen
1881 1951 2043 2018 illius,
2068 1953 2122 2008 id
2151 1952 2199 2012 B
2228 1950 2486 2022 mysterio
2533 1951 2814 2021 sanguinis
2858 1961 2915 2007 et
2962 1967 3101 2022 aqua
3133 1952 3378 2008 Ecclesia
3425 1954 3792 2010 aediﬁcabatur.

533 2049 615 2094 est
646 2041 1004 2095 reverentiam
1029 2041 1296 2096 habentes
1340 2042 1573 2097 nominis
1607 2040 1742 2110 ejus,
1775 2050 1830 2097 et
1851 2041 1971 2098 ideo
2001 2057 2126 2112 pec-

533 2149 660 2188 care
685 2135 958 2199 timentes,
987 2149 1110 2188 cum
1126 2132 1336 2202 pusillis
1355 2143 1409 2188 et
1432 2134 1639 2206 magnis
1654 2133 1960 2190 mercedem
1986 2134 2126 2190 rcci-

533 2227 700 2296 pient.
740 2226 917 2297 Magni
971 2228 1168 2298 quippe
1197 2237 1345 2294 sunt,
1374 2227 1468 2297 qui
1512 2217 1710 2282 bonum
1755 2229 1898 2298 quod
1925 2227 2122 2282 intelli-

534 2326 685 2390 gunt,
703 2317 932 2388 juvante
951 2333 1012 2375 se
1034 2319 1212 2374 divina
1241 2319 1413 2390 gratia
1442 2317 1622 2374 facere
1660 2312 1902 2390 possunt.
1934 2311 2121 2376 Pusilli

533 2419 732 2473 autem,
779 2409 871 2479 qui
899 2425 1092 2465 nonea
1119 2418 1346 2480 possunt
1367 2410 1589 2480 implere
1633 2427 1753 2481 quae
1792 2411 2117 2483 intelligunt,

532 2500 657 2570 quia
686 2514 785 2554 nec
809 2500 984 2555 locum
1017 2502 1239 2556 habent.
1273 2501 1428 2557 Sicut
1449 2501 1676 2572 quilibet
1706 2502 1760 2556 in
1790 2504 2119 2582 monasterio

531 2593 876 2657 constitutus,
903 2591 1324 2646 misericordiam
1345 2591 1458 2646 vult
1481 2592 1790 2661 impendere
1838 2593 2115 2660 fratribus,

535 2680 649 2734 vult
679 2681 844 2735 etiam
868 2680 988 2735 aliis
1013 2695 1318 2735 sermonem
1359 2679 1756 2750 praedicationis
1776 2688 1830 2736 et
1859 2681 2118 2737 doctrina:

535 2772 867 2841 impendere,
905 2771 999 2826 sed
1027 2771 1153 2839 auia
1175 2770 1242 2825 ad
1272 2770 1376 2825 hoc
1400 2785 1509 2826 non
1553 2778 1797 2836 vocatur,
1848 2786 1954 2826 non
1987 2771 2116 2827 illud

533 2867 679 2938 quod
702 2865 972 2938 intelligit,
994 2874 1050 2923 et
1073 2867 1207 2932 vult,
1231 2881 1392 2936 opere
1416 2867 1676 2938 perﬁcere
1699 2867 1857 2923 valet.
1884 2867 2116 2940 Ideoque

533 2957 668 3012 tales
687 2957 739 3011 in
762 2972 988 3012 numero
1009 2956 1374 3028 perfectorum
1403 2958 1691 3013 habentur.
1717 2955 1946 3027 Ideoque
1969 2955 2114 3012 nulla

532 3049 797 3118 subripiet
835 3049 899 3104 de
930 3047 1337 3120 imperfectione
1362 3047 1688 3119 desperatio,
1716 3047 1841 3104 licet
1862 3064 1969 3103 non
1998 3047 2115 3104 fue-

531 3141 602 3195 rit
646 3141 897 3197 omnibus
945 3141 1208 3198 attributa
1251 3141 1530 3212 perfectio.
1583 3140 1722 3197 Hinc
1763 3142 2004 3197 Ecclesia
2056 3142 2112 3197 in

530 3231 769 3287 Canticis
794 3233 1128 3288 canticorum
1172 3232 1304 3287 dicit
1353 3247 1549 3302 sponso
1593 3247 1729 3288 suo:
1776 3230 2111 3303 Unguentum

2230 2043 2287 2098 ln
2316 2042 2472 2112 cujus
2501 2043 2579 2099 rei
2617 2043 2811 2114 ﬁgura,
2865 2044 2920 2098 in
2971 2045 3237 2115 principio
3288 2045 3499 2101 mulier
3548 2047 3618 2101 de
3661 2046 3794 2102 latere

2226 2135 2331 2191 viri
2359 2137 2678 2194 dormientis
2706 2137 2970 2194 fabricata
3004 2153 3126 2194 esse
3169 2137 3526 2194 describitur.
3580 2137 3649 2193 Et
3679 2139 3794 2207 facta

2224 2238 2347 2284 sunt
2393 2229 2606 2301 fulgura
2646 2240 2696 2286 et
2731 2247 2875 2285 voces
2921 2241 2970 2286 et
3015 2231 3247 2286 tonitrua
3292 2241 3344 2286 et
3395 2241 3716 2287 terremotus
3755 2245 3793 2287 et

2225 2321 2427 2391 grando
2464 2338 2678 2392 magna.
2727 2321 2833 2377 Per
2860 2320 3073 2392 fulgura
3119 2321 3383 2378 miracula
3421 2323 3789 2393 intelliguntur,

2224 2410 2419 2480 quibus
2455 2409 2856 2466 incredulorum
2885 2419 3096 2466 mentes
3147 2427 3417 2482 percussa
3445 2412 3623 2467 fractis
3662 2427 3786 2468 mox

2222 2501 2488 2572 superbia:
2535 2502 2762 2570 viribus,
2807 2503 3098 2558 humilitati
3144 2518 3204 2559 se
3251 2504 3610 2559 subdiderunt.
3651 2503 3786 2561 Hinc

2220 2591 2536 2649 Psalmista:
2561 2593 2797 2664 Fulgura
2817 2592 3220 2663 multiplicabis,
3243 2604 3302 2649 et
3319 2594 3667 2649 conturbabit
3683 2608 3780 2649 eos.

2219 2682 2325 2740 Per
2349 2699 2510 2742 voces
2528 2699 2680 2752 vero,
2703 2685 3114 2756 praedicationes
3135 2693 3190 2740 et
3208 2685 3643 2742 exhortationes:
3665 2685 3780 2740 Bene

2218 2785 2401 2832 autem
2427 2777 2579 2847 prius
2608 2775 2745 2832 ﬁunt
2786 2775 3015 2848 fulgura,
3063 2791 3127 2832 ac
3160 2777 3358 2833 deinde
3406 2777 3775 2848 subsequuntur

2217 2883 2398 2935 voces,
2429 2869 2556 2939 quia
2600 2868 2778 2926 sancti
2829 2868 3210 2940 praedicatores
3247 2869 3408 2940 prius
3436 2868 3684 2924 miracula
3713 2868 3772 2921 fa-

2218 2957 2452 3024 ciebant,
2502 2968 2558 3015 et
2610 2959 2692 3015 sic
2748 2959 2818 3014 ad
2854 2973 2992 3015 nova
3039 2959 3307 3016 credenda
3366 2960 3637 3032 loquendo
3675 2975 3771 3015 suos

2216 3047 2494 3104 auditores
2519 3048 2858 3115 invitabant;
2911 3049 3051 3104 unde
3095 3048 3290 3104 Petrus
3311 3050 3476 3119 prius
3496 3051 3567 3105 ad
3593 3049 3768 3118 Specio-

2215 3153 2333 3194 sam
2359 3147 2570 3209 portam
2607 3139 2820 3196 sanavit
2861 3138 3236 3210 paralyticum,
3290 3149 3344 3195 et
3376 3139 3582 3196 deinde
3605 3139 3769 3194 luds»

2215 3245 2337 3285 rum
2365 3239 2572 3286 mentes
2601 3231 2668 3287 ad
2699 3230 2862 3287 ﬁdem
2898 3230 3064 3286 verbo
3102 3231 3515 3287 exhortationis
3558 3231 3768 3286 inform-

532 3323 757 3392 elfusum
786 3340 971 3378 nomen
1014 3334 1182 3389 tuum,
1212 3323 1330 3379 ideo
1377 3322 1779 3378 adolescentulo:
1814 3322 2109 3377 dilexerunt
2139 3316 2184 3378 C
2214 3321 2313 3375 vit.
2343 3319 2604 3377 Tonitrua
2627 3337 2843 3394 quoque
2867 3321 3178 3396 significant
3201 3324 3678 3380 comminationen
3696 3334 3766 3378 tct-

532 3423 580 3467 te
604 3415 757 3467 nimis
789 3411 968 3485 (Cant.
995 3413 1057 3484 ι).
1089 3413 1156 3468 Et
1177 3414 1304 3483 quia
1335 3413 1521 3469 talium
1547 3413 1945 3469 innumerosior
1970 3428 2118 3482 sum-

536 3521 624 3560 ma
651 3506 944 3572 invenitur,
978 3505 1101 3560 ideo
1125 3505 1182 3564 in
1207 3505 1658 3576 subsequentibus
1697 3503 1954 3560 Salomon
1998 3504 2111 3558 ait:

533 3598 1057 3653 Adolescentularum
1100 3609 1274 3653 autem
1320 3615 1542 3670 quarum
1597 3616 1700 3653 non
1744 3609 1818 3654 est
1871 3614 2119 3655 numerus

535 3691 713 3764 (Cant.
736 3693 831 3762 tv).
864 3692 932 3746 Et
959 3692 1339 3747 exterminandi
1387 3709 1473 3747 eos
1502 3693 1590 3764 qui
1631 3702 1974 3763 corruperunt
2017 3700 2120 3747 ter-

535 3802 649 3839 ram
677 3826 692 3850 ,
748 3785 1005 3840 subaudis
1041 3793 1251 3853 tempus
1307 3783 1542 3839 advenit.
1589 3783 1691 3852 Qui
1735 3783 1878 3840 enim
1932 3798 2118 3840 corru-

535 3885 731 3947 perunt
759 3885 980 3941 terram,
1037 3875 1090 3931 id
1134 3884 1219 3930 est
1269 3889 1488 3930 carnem
1528 3890 1681 3930 suam
1713 3875 2118 3931 maculaverunt

533 3969 760 4024 diversis
789 3969 936 4023 vitiis
954 3979 1009 4023 et
1039 3968 1295 4037 peccatis,
1329 3967 1413 4023 vel
1436 3969 1527 4038 qui
1548 3967 1682 4023 alios
1709 3969 2118 4024 maculaverunt

534 4060 781 4131 exemplo
833 4068 887 4115 et
938 4059 1182 4115 doctrina
1242 4074 1426 4130 prava,
1481 4059 2008 4125 exterminabuntur,
2061 4058 2118 4114 id

531 4162 614 4207 est
648 4168 678 4206 a
729 4161 874 4206 terra
921 4151 1216 4206 viventium
1277 4149 1688 4223 separabuntur,
1729 4161 1784 4206 et
1828 4151 1897 4206 ab
1942 4151 2118 4208 hterc-
2154 4216 2159 4222 ι

539 4244 710 4298 ditate
756 4251 1086 4307 sanctorum,
1124 4241 1314 4298 exsilio
1337 4251 1551 4298 arternae
1576 4241 1935 4299 damnationis
1962 4243 2118 4298 dam-

530 4334 664 4388 nati.

609 4425 679 4480 Et
733 4434 968 4496 apertum
1018 4434 1092 4478 est
1145 4427 1392 4496 templum
1447 4423 1541 4479 Dei
1585 4424 1640 4479 in
1699 4424 1843 4480 caelo.
1908 4424 2118 4481 Caelum

531 4528 618 4574 est
679 4517 938 4581 Ecclesia,
991 4531 1110 4586 quae
1180 4523 1263 4572 est
1329 4515 1485 4571 sedes
1549 4513 1665 4570 Dei.
1731 4514 2011 4587 Templum
2061 4517 2114 4572 in

533 4608 673 4665 ctelo
694 4623 890 4677 corpus
921 4607 1238 4679 intelligitur
1257 4605 1480 4673 Christi,
1512 4607 1578 4662 de
1619 4623 1726 4677 quo
1755 4607 1866 4678 ipse
1915 4606 2116 4665 Iudaeis

2219 3413 2362 3470 roris
2381 3414 2549 3470 divini
2579 3413 2789 3484 iudicii.
2824 3414 2956 3471 Post
3000 3430 3164 3472 voces
3208 3417 3459 3472 tonitrua
3490 3418 3644 3483 ﬁunt,
3665 3417 3765 3471 alii

2219 3509 2311 3578 qui
2363 3507 2504 3565 forte
2548 3509 2812 3566 miracula
2838 3519 3209 3575 contemnunt,
3262 3511 3441 3567 verba
3490 3513 3766 3582 despiciat.

2220 3607 2429 3655 terrore
2460 3598 2648 3668 judicii
2694 3599 3023 3670 quatiantur.
3077 3598 3453 3658 Terrtemotus
3473 3618 3606 3659 vero
3629 3617 3766 3674 perse-

2220 3689 2493 3745 cutionem
2518 3688 2804 3762 signiﬁcat,
2835 3706 2956 3762 quae
2979 3691 3212 3747 excitata
3232 3700 3320 3748 est
3348 3702 3554 3750 contra
3581 3703 3766 3750 sanctos.

2222 3777 2374 3835 Unde
2430 3788 2486 3836 et
2526 3779 2664 3837 bene
2698 3790 2822 3852 post
2875 3790 3246 3838 terrmmotum
3293 3787 3511 3856 grando
3557 3787 3766 3856 sequitur.

2219 3883 2344 3924 nam
2374 3871 2579 3941 grando
2615 3884 2710 3926 eos
2741 3871 2834 3942 qui
2872 3873 3307 3943 persecutionem
3337 3887 3694 3937 commovent,
3715 3876 3768 3928 si-

2219 3961 2456 4033 gniﬁcat.
2491 3960 2710 4018 Grando
2745 3964 2943 4036 quippe
2977 3972 3032 4021 et
3059 3964 3246 4038 fruges
3269 3975 3439 4022 terra:
3479 3968 3770 4024 comminuit.

2217 4061 2274 4109 et
2300 4052 2417 4122 ipsa
2449 4053 2864 4121 comminuitur;
2889 4053 3058 4125 ﬁtque
3086 4065 3148 4111 ut
3183 4057 3398 4125 grando
3445 4059 3682 4115 funditus
3707 4058 3770 4112 de-

2219 4143 2384 4209 ﬁciat,
2409 4153 2464 4199 et
2485 4145 2661 4200 denuo
2690 4152 2836 4200 terra
2875 4144 3182 4203 fructiﬁcet.
3217 4145 3312 4202 Sic
3358 4149 3624 4205 nimirum
3655 4149 3769 4219 prin-

2218 4236 2368 4306 cipes
2397 4234 2555 4304 hujus
2585 4235 2768 4291 saeculi
2821 4235 2948 4291 dum
2996 4239 3476 4308 persequebantur
3516 4248 3772 4295 sanctoset

2217 4327 2544 4399 allligebant,
2588 4336 2644 4383 et
2685 4327 2786 4398 ipsi
2839 4328 3047 4399 pariter
3074 4328 3591 4402 confringebantur,
3642 4341 3688 4384 et
3723 4329 3771 4380 ad

2218 4421 2442 4476 nihilum
2467 4420 2871 4492 redigebantur,
2917 4429 3012 4475 aut
3037 4420 3245 4477 viribus
3281 4423 3524 4490 scilicet,
3551 4435 3642 4478 aut
3662 4438 3770 4477 cout-

2218 4515 2516 4570 mutatione
2550 4515 2607 4570 in
2643 4513 2856 4570 melius.
2889 4513 3078 4570 Plures
3104 4516 3305 4570 etenim
3351 4517 3422 4572 de
3451 4517 3563 4584 his,
3592 4520 3673 4588 qui
3694 4515 3769 4570 Ec-

2217 4607 2434 4664 clesiam
2458 4607 2554 4663 Dei
2572 4607 2844 4678 persecuti
2864 4615 3010 4675 sunt,
3033 4608 3101 4663 ad
3123 4607 3280 4663 ﬁdem
3305 4607 3523 4666 Christi
3543 4608 3768 4666 (Inveni.

531 4700 702 4755 dicit:
756 4669 948 4752 solvite
988 4669 1235 4768 templum
1264 4698 1380 4764 hoc,
1417 4669 1547 4753 etin
1576 4669 1740 4754 tri-bus
1765 4669 1945 4754 diebus
1974 4701 2115 4754 exci—
2138 4669 2192 4730 D
2217 4708 2500 4772 coeperunt
2556 4669 2690 4770 pati,
2733 4699 2825 4768 qui
2883 4669 3035 4770 prius
3077 4699 3198 4755 aliis
3244 4699 3582 4757 inferebant.
3637 4699 3769 4756 Porci-

529 4791 650 4846 tabo
673 4788 806 4844 illud
828 4807 848 4854 ;
887 4787 1028 4844 unde
1059 4788 1399 4860 Evangelista
1448 4804 1724 4861 exponens
1748 4790 1929 4847 subdit
1955 4809 1967 4844 :
1998 4789 2115 4846 Hoc

528 4891 703 4935 autent
727 4879 928 4934 dicebat
954 4879 1018 4933 de
1043 4878 1230 4950 templo
1269 4882 1498 4952 corporis
1524 4883 1608 4936 sui
1653 4881 1833 4954 (Joan.
1857 4883 1933 4955 v).
1961 4881 2116 4950 Quod

531 4972 792 5043 templum
837 4981 1083 5042 apertum
1135 4980 1221 5026 est
1257 4973 1547 5040 nascendo,
1588 4975 1889 5040 moriendo,
1936 4989 2116 5030 resur-

528 5066 722 5136 gendo,
746 5073 908 5134 atque
929 5065 997 5119 ad
1023 5065 1190 5120 ctelos
1215 5065 1574 5120 ascendendo.
1612 5065 1892 5136 Templum
1912 5067 2114 5121 etenim

528 5157 624 5213 Dei
650 5165 733 5212 est
761 5157 933 5227 ipsum
955 5171 1172 5226 corpus,
1201 5156 1325 5225 quia
1349 5155 1405 5211 in
1433 5171 1499 5211 eo
1518 5156 1725 5212 habitat
1745 5156 1922 5211 omnis
1941 5157 2112 5226 pleni-

529 5256 660 5310 tudo
682 5253 980 5308 divinitatis
1015 5253 1387 5322 corporaliter.
1419 5250 1479 5307 ln
1516 5252 1653 5308 ctelo
1695 5252 1797 5307 hoc
1827 5252 2105 5322 templum,

528 5345 654 5414 quia
683 5343 737 5398 in
775 5342 1021 5398 Ecclesia
1060 5343 1175 5397 haec
1211 5342 1468 5414 mysteria
1495 5341 1854 5412 praedicantur
1891 5351 1947 5398 et
1977 5344 2106 5398 reti-

529 5442 744 5490 nentur.
795 5433 893 5488 γει
949 5441 1194 5502 apertum
1256 5441 1340 5487 est
1389 5432 1492 5487 hoc
1536 5431 1792 5503 templum
1821 5475 1836 5502 ,
1893 5433 2107 5504 quando

527 5525 695 5595 (sicut
717 5525 771 5578 in
806 5523 1098 5594 Evangelio
1122 5522 1371 5596 legimus)
1416 5521 1604 5578 lancea
1650 5522 1788 5580 latus
1831 5525 1946 5592 ejus
1984 5540 2107 5594 per-

527 5614 762 5671 foratum
791 5626 894 5670 est.
927 5616 984 5670 ln
1008 5614 1146 5671 ctelo
1189 5624 1370 5670 autem
1400 5616 1693 5672 secundum
1727 5617 1866 5670 hunc
1890 5629 2111 5672 sensum

527 5703 766 5760 Joannes
803 5716 1050 5776 apertum
1077 5706 1264 5761 dicens
1303 5706 1584 5777 templum,
1617 5707 1669 5760 in
1696 5716 1983 5775 conspectu
2009 5723 2108 5764 suo

529 5792 756 5865 intelligi
789 5796 974 5862 voluit,
1031 5811 1365 5866 cognoscens
1409 5813 1469 5852 se
1492 5813 1612 5854 esse
1637 5798 1701 5852 de
1744 5797 1956 5853 illorum
2009 5817 2108 5855 nu-

532 5903 704 5955 mero,
747 5889 811 5946 de
841 5891 1036 5960 quibus
1084 5890 1406 5947 meminerat
1449 5891 1744 5964 scriptum:
1800 5889 1929 5946 Caeli
1953 5911 2108 5948 enar-

2217 4791 2375 4847 malis
2396 4790 2763 4860 pereuntibus,
2803 4799 2899 4844 aut
2941 4791 3105 4846 etiam
3133 4791 3225 4862 qui
3273 4791 3503 4848 fuerant
3536 4792 3770 4863 prsidem-

2214 4881 2328 4935 nati
2371 4879 2618 4934 conversi
2681 4879 2748 4933 ad
2810 4880 2996 4946 ﬁdem,
3057 4881 3296 4936 Ecclesia
3351 4881 3687 4940 fructiﬁcare
3731 4881 3770 4932 in

2214 4970 2356 5026 bono
2376 4984 2561 5040 opere,
2584 4976 2640 5024 et
2667 4983 2912 5026 crescere
2939 4969 3105 5039 coepit
3138 4969 3194 5024 in
3223 4969 3330 5026 ﬁde

2809 5061 3036 5118 CAPUT
3076 5063 3189 5118 ΧΠ.

2290 5156 2358 5210 Et
2376 5156 2584 5226 signum
2605 5171 2848 5225 magnum
2873 5157 3116 5224 apparuit
3146 5157 3201 5211 in
3222 5157 3349 5212 creto
3371 5171 3391 5212 :
3443 5159 3646 5215 Mulier
3667 5159 3773 5213 alio

2217 5259 2300 5304 cta
2346 5249 2476 5317 sole,
2506 5261 2555 5305 et
2598 5250 2726 5303 luna
2763 5249 2857 5304 sub
2882 5249 3098 5319 pedibus
3124 5250 3262 5320 ejus.
3297 5252 3454 5307 Istud
3481 5265 3568 5310 est
3595 5255 3777 5324 signum

2215 5342 2282 5399 de
2297 5358 2406 5413 quo
2432 5341 2736 5398 admonitus
2755 5349 2838 5398 est
2849 5343 3052 5409 Achaz,
3082 5353 3143 5398 ut
3167 5353 3377 5413 peteret
3396 5347 3612 5417 signum
3631 5365 3664 5400 ι
3693 5344 3777 5399 Da

2213 5433 2270 5487 in
2314 5431 2637 5503 profundum
2675 5433 2888 5504 inferni,
2919 5433 3025 5491 sive
3071 5435 3124 5490 in
3161 5437 3429 5492 excelsum
3469 5455 3656 5508 supra.
3693 5434 3777 5490 Sed

2213 5539 2338 5580 cum
2382 5522 2470 5578 ille
2514 5523 2736 5590 diceret,
2769 5522 2892 5578 Non
2915 5536 3108 5595 petam,
3139 5536 3187 5582 et
3225 5543 3330 5582 non
3373 5528 3592 5582 tentabo
3621 5524 3778 5580 Doni-

2212 5630 2358 5679 num,
2387 5629 2679 5671 conversus
2716 5616 2982 5685 propheta
3021 5618 3090 5673 ad
3119 5617 3338 5674 domum
3380 5619 3581 5684 David,
3626 5617 3777 5673 dixit:

2209 5708 2436 5780 Propter
2460 5711 2563 5765 hoc
2588 5709 2718 5765 dicit
2735 5709 3027 5766 Dominus:
3061 5709 3196 5766 Ecce
3216 5712 3353 5767 dabo
3379 5713 3523 5766 vobis
3551 5713 3780 5782 signa:

2210 5800 2346 5858 Ecce
2372 5804 2514 5874 virgo
2539 5804 2789 5875 concipiet
2819 5813 2868 5858 et
2901 5805 3069 5874 pariet
3098 5805 3290 5876 filium.
3322 5805 3578 5878 Magnum
3605 5806 3782 5876 quippe

2209 5892 2312 5949 fuit
2358 5885 2594 5975 signum,
2641 5894 2860 5965 quando
2907 5895 3060 5968 virgo
3107 5897 3356 5969 concepit
3396 5906 3453 5954 et
3475 5895 3782 5964 pellente!
