3990 6332
313 371 448 428 lost
875 385 878 387 ·
1203 373 1598 476 .EXPOSITIO
1637 376 1704 430 IN
1741 373 2238 435 APOCALYPSIN.
2275 412 2350 424 --
2385 383 2514 440 LIB.
2557 385 2641 440 ιιι.
3083 377 3086 380 ’
3427 399 3566 459 lose

307 490 433 554 post
464 490 684 551 partum
706 480 859 574 virgo
882 482 1198 552 permansit.
1229 483 1299 539 Et
1323 485 1378 540 in
1403 485 1542 541 caelo
1563 487 1668 541 hoc
1686 484 1889 541 factum
1913 489 1964 548 Α
1991 489 2152 558 cepit,
2179 493 2252 546 ita
2290 495 2406 550 sine
2432 496 2617 552 dolore
2640 501 2868 568 peperit,
2914 502 3222 574 miliumque
3267 486 3567 568 cruciatum

306 583 414 641 est,
445 574 499 629 id
527 574 693 630 estin
714 573 977 639 Ecclesia,
1008 575 1160 646 cujus
1187 584 1243 630 et
1275 586 1451 633 mater
1477 577 1686 633 Domini
1725 592 1893 631 mem-

305 671 464 726 brum
499 676 639 725 erat.
671 667 866 724 Mulier
895 671 1088 724 amicta
1107 671 1234 738 sole,
1265 673 1320 728 id
1339 682 1424 729 est
1451 675 1785 729 circumdata
1805 675 1890 730 di-

303 763 532 819 vinitate
549 761 837 829 Altissimi,
866 763 1009 819 unde
1027 763 1250 834 angelus
1275 766 1352 820 ait
1376 783 1388 818 :
1417 765 1646 836 Spiritus
1676 777 1890 822 sanctus

300 855 621 926 superueniet
655 856 711 908 in
738 862 807 920 te,
849 862 899 909 et
938 855 1103 910 virtus
1131 855 1385 911 Altissimi
1433 857 1756 912 obumbrabit
1795 858 1890 913 tibi

301 944 457 1019 (Luc.
486 944 552 1016 ι).
601 945 698 1000 Illa
740 944 948 1002 scilicet
996 947 1063 1002 de
1108 963 1214 1018 qua
1257 947 1456 1003 Paulus
1481 949 1580 1015 ait,
1614 948 1888 1005 Christum

299 1037 398 1094 Dei
423 1038 676 1094 virtutem
724 1045 781 1094 et
816 1037 914 1092 Dei
966 1039 1305 1109 sapientiam.
1341 1039 1462 1110 Ipsa
1509 1049 1690 1096 autem
1729 1043 1886 1098 beata

300 1129 395 1186 Dei
424 1127 658 1200 genitrix
691 1127 748 1183 in
787 1128 892 1184 hoc
927 1127 1046 1184 loco
1097 1143 1386 1200 personam
1435 1133 1575 1203 gerit
1611 1132 1881 1189 Ecclesiae.

295 1219 484 1290 Neque
511 1219 658 1275 enim
705 1220 886 1274 omnia
929 1237 1050 1292 quae
1075 1221 1164 1276 hic
1207 1222 1695 1293 minantum-juxta
1736 1226 1883 1283 litte-

294 1327 416 1367 ram
449 1312 622 1368 beatae
676 1309 888 1382 Virgini
935 1313 1246 1383 specialiter
1300 1331 1600 1386 congruere
1635 1327 1881 1388 possunt,

293 1404 390 1461 sed
414 1404 709 1460 electorum
738 1403 994 1460 Ecclesia:
1011 1444 1027 1471 ,
1052 1407 1349 1462 secundum
1383 1409 1668 1480 mysticam
1693 1427 1882 1468 narra-

294 1497 496 1553 tionem
538 1493 864 1567 generaliter
912 1497 1260 1564 conveniunt,
1293 1499 1348 1553 in
1395 1515 1502 1570 qua
1529 1501 1768 1570 quotidie
1819 1502 1880 1557 ﬁt

289 1584 396 1642 hoc
430 1585 640 1656 signum
659 1625 676 1651 ,
708 1584 834 1654 quia
862 1585 1104 1655 quotidie
1133 1587 1436 1658 concipitur
1462 1589 1516 1644 in
1545 1605 1607 1645 ea
1633 1588 1878 1650 Christus

288 1684 346 1730 et
369 1675 628 1730 nascitur.
673 1674 790 1746 Ipsa
837 1683 923 1730 est
946 1675 1090 1730 enim
1121 1685 1325 1743 mater,
1356 1677 1471 1748 ipsa
1497 1687 1581 1733 est
1615 1687 1669 1732 ει
1694 1678 1871 1747 ﬁlius;

290 1767 430 1823 unde
447 1767 706 1822 Dominus
737 1765 870 1822 dicit
894 1783 909 1820 :
934 1764 994 1822 Si
1021 1768 1138 1838 quis
1154 1767 1332 1837 fecerit
1352 1767 1665 1823 voluntatem
1693 1769 1872 1825 Patris

1993 579 2193 638 habere
2220 584 2275 638 in
2302 598 2459 655 partu
2479 591 2670 659 potuit,
2709 608 2829 663 quae
2858 593 3061 651 nullum
3087 607 3368 666 peccatum
3390 601 3568 660 libidi-

1992 669 2077 760 nis
2111 671 2164 726 in
2193 686 2453 746 conceptu
2505 682 2793 736 contraxit.
2842 683 2948 740 Sed
2969 684 3125 753 juxta
3162 691 3448 760 mysticum
3480 695 3566 749 iu-

1989 759 2262 817 tellectum
2290 765 2394 820 hoc
2416 767 2484 820 ad
2507 767 2804 826 Ecclesiam
2829 772 3082 842 refertur,
3110 759 3230 848 quae
3255 780 3448 836 mulier
3472 798 3565 838 vo-

1989 859 2164 916 catur,
2212 868 2318 910 non
2343 865 2566 926 propter
2601 857 2968 919 effeminatum
3014 867 3274 935 animum,
3311 871 3407 926 sed
3440 873 3567 942 quia

1984 944 2365 1013 praedicatione
2419 956 2475 1002 et
2526 948 2739 1007 lavacro
2789 955 3094 1023 spirituales
3154 959 3292 1016 ﬁlios
3345 964 3566 1033 gignere

1985 1033 2226 1102 quotidie
2263 1051 2372 1091 non
2401 1037 2629 1094 desistit.
2667 1039 2819 1097 Unde
2856 1053 2908 1098 et
2938 1046 3053 1116 ipse
3074 1047 3204 1104 dicit
3232 1049 3286 1104 in
3325 1050 3565 1122 Evange-

1983 1123 2056 1180 llo
2086 1142 2098 1178 :
2134 1125 2196 1181 Si
2235 1128 2351 1198 quis
2375 1127 2552 1197 fecerit
2578 1130 2892 1188 voluntatem
2923 1132 3121 1204 Patris,
3157 1146 3212 1194 et
3237 1149 3431 1196 caetera
3476 1157 3566 1198 us-

1981 1231 2107 1287 que,
2139 1227 2188 1272 et
2224 1229 2393 1274 mater
2437 1229 2531 1276 est.
2573 1221 2690 1292 Ipsa
2735 1225 2882 1280 enim
2924 1226 3163 1284 Ecclesia
3203 1241 3482 1302 reputatur
3507 1234 3563 1289 in

1981 1316 2229 1373 matrem,
2256 1318 2537 1379 reputatur
2569 1311 2626 1366 in
2651 1312 2822 1369 ﬁlium
2847 1333 2859 1368 :
2891 1319 3016 1386 quia
3055 1319 3180 1374 dum
3208 1321 3473 1390 quoslibet
3497 1325 3562 1380 ad

1979 1393 2139 1452 ﬁdem
2163 1397 2400 1464 adducit,
2446 1406 2622 1454 mater
2660 1409 2761 1467 εει,
2811 1411 2905 1458 aut
2929 1405 3076 1462 fonte
3116 1409 3452 1478 baptismatis
3477 1427 3564 1468 re-

1977 1498 2220 1560 generat.
2270 1488 2330 1544 ln
2379 1489 2488 1546 illis
2529 1498 2744 1560 autem,
2781 1495 2875 1564 qui
2923 1499 3224 1554 accendunt
3271 1502 3337 1556 ad
3386 1503 3562 1574 bapti-

1975 1598 2174 1648 smum,
2209 1591 2266 1638 et
2293 1583 2704 1641 conﬁtentur'se
2736 1587 2791 1643 in
2839 1586 3113 1645 Christum
3147 1593 3390 1660 credere,
3415 1593 3560 1652 ﬁlius

1973 1682 2076 1731 εει.
2126 1673 2263 1730 Hinc
2304 1674 2539 1731 Paulus:
2580 1677 2684 1732 Per
2709 1677 3055 1750 Evangelium
3093 1699 3194 1754 ego
3234 1700 3330 1741 vos
3375 1688 3557 1757 genui.

1975 1768 2050 1824 De
2097 1769 2198 1824 hac
2224 1768 2448 1825 muliere
2493 1770 2752 1828 Dominus
2793 1774 2961 1830 dicit:
2997 1774 3193 1831 Mulier
3234 1795 3352 1833 cum
3391 1783 3557 1851 parit,

203 1861 210 1866 “
286 1858 391 1912 mei
424 1858 514 1930 qui
541 1858 598 1911 in
633 1857 774 1912 catis
801 1867 898 1922 est,
928 1837 1040 1928 ipse
1057 1875 1202 1912 meus
1221 1859 1402 1928 frater,
1435 1877 1604 1926 soror,
1634 1870 1682 1916 et
1700 1871 1869 1916 mater
1897 1837 1946 1898 Β
1976 1859 2029 1915 id
2055 1868 2136 1916 est
2164 1876 2286 1916 cum
2334 1876 2528 1931 parere
2550 1862 2685 1929 vult,
2715 1864 2985 1919 tristitiam
3036 1866 3209 1933 habet,
3253 1837 3558 1938 quialvenii

283 1959 362 2004 est
397 1949 591 2021 (Marc.
642 1949 746 2022 ιιι).
803 1949 940 2004 Dum
974 1949 1119 2005 enim
1159 1950 1401 2020 quotidie
1449 1966 1616 2007 novos
1643 1952 1870 2023 populos

281 2052 454 2110 creat,
476 2045 532 2100 in
547 2043 654 2100 illis
677 2043 917 2100 nascitur
930 2042 1196 2099 Christus.
1229 2043 1348 2114 Ipsa
1373 2051 1457 2100 est
1479 2044 1678 2100 amicta
1703 2044 1869 2100 etiam

283 2137 418 2203 sole,
443 2137 497 2192 id
519 2135 956 2193 est-circumdata
974 2134 1210 2201 Christo,
1241 2135 1308 2192 de
1335 2151 1442 2206 quo
1463 2136 1724 2207 scriptum
1746 2145 1831 2192 est
1851 2150 1867 2190 :

298 2227 450 2284 Vobis
473 2229 770 2284 timentibus
801 2244 988 2284 nomen
1014 2244 1185 2282 meum
1211 2267 1226 2295 ,
1273 2229 1472 2283 orietur
1510 2228 1590 2283 sol
1644 2229 1870 2300 justitia:

282 2320 544 2392 (Malach.
575 2319 674 2394 tv).
725 2320 862 2376 Hinc
915 2319 1116 2376 Paulus
1159 2319 1334 2376 dicit:
1377 2319 1570 2376 Omnes
1616 2329 1868 2392 quotquot

279 2413 535 2484 baptizati
563 2414 706 2478 estis,
753 2409 1020 2470 Christum
1045 2412 1291 2466 induistis
1316 2409 1459 2483 (Gal.
1501 2411 1609 2483 ιιι).
1658 2411 1735 2467 De
1765 2403 1869 2467 hoc

278 2503 393 2560 sole
425 2503 577 2574 impii
625 2503 822 2558 dicturi
855 2511 983 2558 sunt
1025 2503 1080 2558 in
1110 2503 1324 2560 inferno
1353 2522 1365 2558 :
1399 2500 1493 2559 Sol
1511 2504 1735 2574 justitia:
1763 2519 1869 2558 non

275 2599 416 2653 luxit
438 2596 754 2670 nobis(Sap.
782 2595 859 2668 v).
889 2596 997 2652 Per
1024 2595 1209 2652 lunam
1237 2605 1419 2652 autem
1441 2612 1561 2667 quae
1592 2596 1868 2660 mutabilis

275 2699 385 2758 est,
405 2699 465 2745 ut
503 2701 630 2759 pote
651 2704 773 2760 qua:
798 2703 827 2744 a
857 2687 1126 2760 principio
1147 2703 1318 2759 usque
1343 2688 1412 2743 ad
1430 2688 1652 2758 plenum
1680 2687 1865 2743 orbem

277 2783 498 2850 crescit,
521 2790 580 2838 ει
616 2783 744 2839 inde
765 2781 948 2838 deﬁcit
979 2795 1153 2852 usque
1185 2779 1254 2835 ad
1281 2781 1612 2836 trieesimam
1629 2787 1864 2845 aetatem,

275 2877 460 2934 omnia
490 2877 648 2933 istius
667 2875 850 2932 saeculi
877 2874 1157 2932 mutabilia
1198 2873 1548 2946 designantur
1569 2911 1586 2942 ,
1638 2873 1866 2944 ideoque

277 2979 392 3026 tam
414 2969 572 3026 beata
597 2968 693 3025 Dei
724 2966 982 3039 genitrix,
1009 2981 1174 3037 quam
1197 2965 1364 3021 etiam
1390 2964 1568 3020 omnis
1601 2963 1860 3029 Ecclesia,

271 3061 460 3118 lunam
481 3062 581 3118 sub
607 3059 834 3132 pedibus
853 3059 1038 3125 habet,
1065 3057 1192 3128 quia
1215 3064 1410 3112 cuncta
1435 3054 1748 3126 temporalia
1778 3055 1865 3110 de-

276 3155 459 3227 spicit,
497 3154 678 3210 omnia
708 3151 990 3207 mutabilia
1020 3164 1120 3220 pro
1153 3148 1324 3205 nihilo
1346 3149 1570 3216 ducens,
1620 3147 1860 3203 cmlestia

279 3247 476 3304 mentis
506 3253 656 3302 tenet
697 3244 914 3308 intuitu,
948 3241 1134 3296 dicens
1180 3256 1302 3296 cum
1332 3239 1587 3311 Apostolo
1618 3257 1630 3294 :
1662 3239 1860 3294 Nostra

277 3336 596 3394 conversatio
617 3335 674 3389 in
695 3333 836 3390 ctelis
864 3342 941 3388 est
965 3329 1134 3407 (Phil.
1164 3331 1270 3401 ιιι).
1298 3329 1472 3386 Aliter
1496 3349 1508 3384 :
1541 3331 1598 3385 ιιι
1620 3331 1724 3386 bac
1743 3347 1862 3386 mu-

276 3430 412 3487 liere
442 3443 728 3501 possumus
781 3426 1082 3498 intelligere
1102 3423 1454 3497 perfectiores
1492 3425 1547 3479 in
1584 3425 1860 3494 Ecclesia,

277 3523 368 3593 qui
392 3521 546 3592 juxta
568 3518 780 3577 Domini
809 3518 1118 3585 consilium,
1145 3533 1242 3573 sua
1263 3517 1446 3573 omnia
1467 3516 1860 3588 relinquentes,

276 3614 447 3670 secuti
497 3620 625 3668 sunt
656 3610 951 3667 Christum.
988 3608 1093 3664 Per
1136 3607 1322 3664 lunam
1351 3617 1536 3664 autem
1562 3607 1860 3681 simplices,

275 3706 372 3777 qui
399 3704 649 3759 laborant
689 3703 754 3758 ad
779 3701 1010 3758 aliorum
1037 3716 1187 3768 usus,
1241 3701 1298 3756 in
1343 3701 1656 3772 plantando,
1696 3701 1864 3758 aediﬁ-

277 3795 451 3856 cando
495 3803 551 3849 et
593 3792 960 3865 agricolando.
1024 3791 1136 3849 Hos
1162 3792 1347 3864 itaque
1396 3792 1597 3848 habent
1625 3792 1722 3858 illi,
1769 3794 1862 3863 qui

276 3896 404 3946 sunt
438 3886 704 3960 perfecti,
743 3887 899 3957 quasi
951 3887 1050 3942 sub
1105 3886 1369 3957 pedibus,
1421 3886 1550 3958 quia
1594 3885 1751 3957 longe
1792 3886 1862 3943 ab

273 3961 463 4034 eorum
500 3978 694 4034 merito
715 3978 937 4044 distant,
966 3993 1074 4034 non
1104 3987 1285 4034 tamen
1314 3977 1392 4033 illi
1430 3977 1681 4033 mercede
1707 3992 1862 4032 care-

274 4070 428 4136 bunt,
460 4068 589 4125 licet
619 4068 726 4126 illis
745 4084 856 4124 non
885 4083 986 4140 per
1006 4068 1190 4125 omnia
1212 4076 1575 4140 coaequentur,
1620 4069 1666 4124 si
1693 4067 1863 4126 ﬁdeli-

277 4171 360 4216 ter
380 4161 740 4217 ministerium
775 4177 931 4218 suum
955 4161 1317 4232 impleverint.
1369 4161 1438 4216 Et
1474 4164 1531 4216 in
1554 4164 1722 4233 capite
1746 4162 1862 4233 ejus

1970 1950 2118 2014 hora,
2143 1951 2275 2021 ejus.
2334 1950 2486 2006 Sicut
2513 1953 2655 2008 enim
2704 1953 2898 2009 mulier
2932 1955 3058 2010 dum
3085 1958 3336 2026 parturit,
3369 1956 3558 2031 afﬂigi-

1971 2043 2118 2116 gitur
2143 2053 2200 2100 et
2242 2053 2491 2111 vexatur,
2539 2046 2614 2101 ita
2640 2053 2696 2101 et
2723 2057 2910 2104 sancta
2937 2048 3182 2104 Ecclesia
3211 2050 3338 2106 dum
3369 2051 3423 2106 in
3450 2053 3555 2108 hoc

1953 2135 2168 2192 saeculo
2207 2143 2312 2202 εει,
2352 2143 2408 2191 ει
2450 2135 2595 2191 videt
2620 2151 2746 2193 suos
2771 2136 2952 2210 allligi,
2988 2147 3043 2194 et
3069 2140 3238 2196 variis
3265 2141 3438 2198 modis
3459 2144 3555 2215 tri-

1967 2227 2163 2296 bulari,
2193 2229 2460 2294 tristatur,
2491 2228 2764 2300 afﬂigitur,
2806 2240 2862 2287 ει
2884 2239 3143 2287 vexatur:
3168 2241 3223 2288 et
3259 2233 3458 2289 clamat
3486 2235 3553 2289 ad

1969 2319 2164 2388 Deum,
2210 2321 2490 2392 postulans
2518 2320 2770 2388 liberari,
2813 2338 2883 2380 ne
2932 2324 3076 2380 victa
3111 2325 3550 2384 tribulationibus

1969 2411 2305 2468 succumbat.
2339 2410 2447 2468 Sed
2471 2428 2593 2468 cum
2619 2413 2685 2468 ad
2713 2422 2923 2484 tempus
2964 2414 3049 2470 vel
3079 2416 3270 2471 horam
3290 2431 3554 2486 pervene-

1968 2502 2061 2569 rit,
2089 2518 2195 2573 qua
2213 2501 2402 2558 ultima
2429 2504 2670 2580 corporis
2699 2505 2944 2560 membra
2994 2507 3062 2561 ad
3087 2505 3264 2562 lucem
3294 2514 3551 2563 aeternam

1969 2593 2239 2648 nascendo
2291 2595 2647 2663 perveniant,
2703 2606 2830 2650 tunc
2881 2596 3116 2652 cessabit
3167 2598 3443 2654 cruciatus
3488 2613 3555 2655 ac

1966 2684 2343 2754 parturitionis
2371 2684 2598 2741 clamor.

2039 2774 2107 2829 Et
2137 2777 2303 2830 visum
2330 2785 2405 2830 est
2433 2776 2582 2830 aliud
2608 2778 2816 2848 signum
2854 2781 2910 2835 in
2929 2781 3080 2854 ιεωιο
3105 2797 3125 2837 .°
3167 2791 3216 2838 et
3245 2799 3362 2841 ecce
3387 2783 3548 2840 draco

1963 2881 2216 2936 magnus,
2263 2864 2436 2933 rufus,
2482 2865 2678 2922 habens
2724 2871 2898 2938 capita
2930 2881 3121 2942 septem
3145 2881 3195 2926 et
3240 2889 3437 2926 cornua
3466 2874 3552 2928 de-

1964 2972 2092 3010 cem.
2135 2955 2240 3012 Per
2264 2957 2575 3025 draconem,
2619 2967 2680 3014 ut
2704 2975 2865 3032 supra
2887 2961 3002 3031 jam
3048 2979 3263 3034 quoque
3291 2965 3550 3035 diximus,

1963 3045 2281 3119 intelligitur
2329 3048 2600 3116 diabolus,
2651 3052 2744 3122 qui
2775 3039 2959 3123 aperte
2987 3070 3336 3128 quoscunque
3375 3068 3555 3128 potest

1965 3137 2228 3211 deglutire
2252 3155 2358 3196 non
2391 3150 2606 3209 cessat,
2641 3151 2696 3198 et
2731 3146 2855 3214 quia
2891 3146 2982 3201 diu
3011 3157 3096 3204 est
3139 3163 3205 3202 ex
3232 3165 3339 3220 quo
3372 3151 3550 3207 homi-

1964 3246 2062 3288 nes
2095 3240 2277 3300 nocet,
2324 3244 2546 3306 propter
2587 3235 3040 3307 multiplicitatem
3089 3240 3407 3298 insidiarum
3440 3259 3555 3299 ma-

1963 3341 2101 3399 gnus
2126 3332 2389 3381 vocatur:
2423 3326 2595 3383 Rufus
2614 3342 2764 3395 vero,
2787 3337 3010 3401 propter
3028 3331 3397 3400 homicidium,
3427 3334 3554 3404 quia

1961 3419 2052 3476 ille
2080 3419 2350 3475 homicida
2395 3428 2515 3475 erat
2541 3421 2608 3475 ab
2639 3420 2814 3488 initio,
2852 3437 2918 3478 ex
2947 3438 3054 3494 quo
3082 3423 3292 3480 scilicet
3310 3426 3546 3495 primum

1961 3511 2240 3568 hominem
2268 3509 2556 3590 interfecit.
2603 3510 2813 3568 Caelum
2838 3523 3020 3570 autem
3043 3515 3158 3585 ipsa
3184 3515 3427 3573 Ecclesia
3460 3519 3547 3573 in-

1961 3604 2242 3675 telligitur,
2271 3618 2392 3674 quae
2420 3604 2669 3674 superius
2697 3604 2998 3676 signiﬁcata
3021 3614 3103 3665 est
3127 3621 3224 3678 per
3245 3608 3548 3665 mulierem.

1962 3695 2020 3752 ln
2058 3695 2196 3751 caelo
2233 3704 2318 3750 est
2373 3696 2560 3761 draco,-
2600 3696 2727 3766 quia
2756 3697 2996 3752 etiamin
3022 3698 3262 3756 Ecclesia
3288 3699 3552 3769 diabolus,

1962 3787 2159 3860 quibus
2190 3788 2355 3854 valet,
2383 3803 2579 3844 nocere
2620 3804 2728 3844 non
2773 3790 2992 3846 desinit.
3031 3791 3216 3863 Neque
3257 3795 3402 3850 enim
3441 3795 3556 3866 ipse

1961 3877 2160 3935 cmlum
2197 3878 2456 3950 possidet,
2508 3877 2604 3933 sed
2653 3878 2792 3934 ccelo
2821 3880 3158 3956 adversatur.
3211 3882 3316 3938 Per
3349 3894 3554 3955 septem

1963 3978 2143 4026 autem
2196 3968 2446 4025 draconis
2498 3969 2715 4040 capita,
2759 3984 2950 4026 omnes
2997 3970 3370 4042 intelliguntur
3397 3989 3552 4045 reges

1961 4062 2038 4119 illi
2067 4061 2315 4133 subjecti,
2354 4060 2448 4132 qui
2477 4068 2665 4116 contra
2712 4059 3080 4131 septiformem
3109 4062 3406 4119 Ecclesiam
3445 4079 3551 4134 pu-

1962 4162 2149 4227 gnant.
2179 4153 2284 4210 Per
2309 4154 2496 4209 decem
2528 4168 2658 4209 vero
2685 4169 2891 4210 cornua
2919 4156 3102 4211 omnia
3133 4171 3298 4228 regna
3333 4156 3408 4212 illi
3430 4159 3552 4214 sub.

276 4266 526 4306 coronam
547 4251 820 4308 stellarum
855 4252 1150 4308 duodecim.
1181 4252 1318 4320 Quia
1346 4267 1444 4324 per
1475 4251 1755 4309 mulierem
1781 4253 1864 4325 (ut
1955 4244 2121 4315 jecta.
2175 4244 2311 4300 Nam
2339 4245 2484 4315 quod
2535 4244 2591 4300 in
2619 4245 2878 4301 cornibus
2925 4261 3091 4317 regna
3134 4247 3506 4318 signiﬁcentur
3530 4289 3546 4314 ,

276 4343 538 4415 diximus)
565 4343 810 4400 Ecclesia
863 4341 1200 4416 intelligitur,
1234 4353 1397 4415 caput
1426 4343 1571 4400 illius
1601 4343 1862 4400 Dominus
1961 4336 2254 4394 Zacharias
2280 4333 2593 4391 manifestat
2627 4343 2683 4390 et
2705 4335 2892 4390 Daniel
2911 4376 2928 4402 ,
2954 4350 3184 4407 quorum
3212 4345 3444 4407 uterque
3467 4337 3554 4393 di-

275 4433 434 4492 Jesus
455 4433 706 4492 Christus
730 4435 1068 4509 intelligitur.
1107 4436 1185 4492 De
1222 4451 1332 4507 qua
1377 4435 1579 4492 Paulus
1613 4435 1762 4502 dicit,
1796 4436 1864 4491 de
1962 4429 2038 4486 cit
2083 4443 2143 4486 se
2186 4428 2384 4486 vidisse
2429 4436 2662 4500 quatuor
2713 4442 2938 4496 cornua,
2995 4444 3115 4498 qua:
3165 4437 3290 4484 sunt
3322 4437 3554 4500 quatuor

279 4527 392 4582 Deo
417 4524 582 4582 Patre
607 4525 834 4597 loquens
857 4542 872 4582 :
897 4525 1261 4599 Ipsum‘caput
1283 4526 1430 4582 dedit
1457 4541 1620 4597 supra
1643 4541 1861 4582 omnem

279 4617 600 4684 Ecclesiam,
624 4633 745 4688 qua:
783 4626 870 4675 est
891 4634 1090 4691 corpus
1113 4617 1250 4690 ejus.
1297 4617 1356 4672 ln
1403 4616 1685 4673 duodecim
1730 4633 1862 4674 vero

279 4708 452 4767 stellis
477 4706 850 4779 signiﬁcantur
879 4708 1158 4765 duodecim
1187 4707 1435 4780 apostoli,
1478 4707 1571 4779 qui
1601 4723 1699 4764 sua
1719 4722 1862 4778 pra:-

279 4803 552 4860 dicatioue
591 4800 842 4856 tenebras
866 4800 1198 4856 inﬁdelitatis
1223 4800 1429 4872 fugant,
1461 4808 1516 4854 et
1545 4799 1748 4856 lumine
1772 4815 1864 4854 ve-

279 4897 460 4953 ritatis
487 4909 616 4952 suos
642 4894 918 4950 auditores
945 4892 1269 4948 illuminant.
1319 4892 1473 4949 Unde
1500 4891 1722 4963 angelus
1760 4893 1863 4947 Da-

281 4986 410 5042 nieli
432 4986 601 5042 dicit:
657 4984 762 5054 Qui
811 4992 992 5042 autem
1036 4982 1180 5038 docti
1225 4983 1446 5050 fuerint,
1481 4991 1537 5038 et
1579 4981 1713 5038 alios
1741 4998 1864 5038 eru-

281 5081 458 5148 diunt,
488 5078 769 5151 fulgebunt
805 5077 962 5150 quasi
997 5075 1166 5133 stellae
1183 5075 1238 5130 in
1275 5083 1565 5146 perpetuas
1586 5075 1864 5130 aeternita-

283 5181 386 5228 tes.
427 5170 498 5226 In
539 5171 708 5240 capite
753 5169 866 5242 ejus
913 5184 1109 5225 corona
1155 5174 1241 5222 est
1269 5165 1541 5220 stellarum
1565 5166 1861 5234 duodecim,

281 5263 339 5320 id
376 5272 460 5320 est
487 5261 770 5318 duodecim
806 5260 1192 5332 apostolorum,
1233 5274 1332 5331 per
1357 5273 1493 5330 quos
1514 5273 1702 5314 omnes
1737 5273 1868 5330 gen-

283 5361 510 5424 tesqua:
535 5352 592 5408 in
621 5351 853 5408 circuitu
891 5351 1048 5406 istius
1095 5349 1283 5405 mundi
1327 5355 1472 5414 sunt,
1525 5347 1871 5404 crediderunt

283 5443 340 5498 in
373 5441 672 5508 Christum,
708 5448 764 5496 et
807 5440 1042 5510 primum
1069 5455 1169 5510 per
1193 5453 1288 5495 eos
1315 5438 1489 5510 ipsum
1514 5446 1676 5508 caput
1699 5437 1869 5494 victo-

283 5534 423 5592 riam
451 5535 521 5589 de
543 5541 656 5590 toto
684 5532 887 5588 mundo
923 5531 1178 5602 portavit.

354 5625 423 5682 Et
449 5625 506 5681 in
531 5634 679 5680 utero
705 5622 900 5679 habens
942 5620 1202 5676 clamabat
1229 5622 1551 5692 parturiens,
1587 5630 1636 5674 et
1656 5621 1866 5676 crucia-

277 5729 372 5780 tur
424 5730 482 5774 ut
527 5719 722 5790 pariat.
775 5716 902 5772 Haec
951 5716 1107 5788 juxta
1176 5714 1411 5771 litteram
1468 5715 1640 5772 beatae
1685 5714 1868 5772 Maria:

279 5812 462 5894 aptari
486 5818 784 5885 nequeunt,
834 5823 958 5893 quae
1008 5808 1150 5865 sicut
1194 5807 1310 5864 sine
1344 5805 1700 5864 delectatione
1740 5821 1868 5872 con-

1963 4535 2128 4594 regna
2151 4519 2494 4591 principalia.
2544 4518 2679 4575 Cum
2721 4519 2806 4576 his
2832 4520 2977 4576 enim
3001 4520 3276 4587 cornibus,
3310 4521 3412 4578 hoc
3446 4531 3548 4590 est,

1965 4629 2090 4671 cum
2119 4615 2223 4669 ista
2249 4612 2430 4669 satculi
2449 4613 2785 4683 potentia,et
2805 4614 2987 4686 regnis
3015 4613 3120 4669 sibi
3149 4613 3427 4684 subjectis,
3455 4631 3552 4686 pu-

1967 4712 2094 4774 gnat
2119 4703 2365 4759 diabolus
2410 4710 2598 4758 contra
2636 4718 2749 4769 eos,
2783 4703 2874 4774 qui
2905 4705 3090 4760 decem
3119 4715 3388 4776 praecepta
3416 4706 3552 4778 legis

1965 4798 2274 4853 observant.
2322 4793 2392 4848 Et
2438 4795 2492 4848 in
2525 4794 2780 4865 capitibus
2831 4796 2944 4866 ejus
2993 4807 3185 4867 septem
3227 4797 3544 4854 diademata.

1964 4887 2119 4957 Quod
2146 4887 2484 4960 signiﬁcatur
2509 4901 2606 4957 per
2627 4887 2824 4958 capita,
2856 4888 2959 4943 hoc
2982 4897 3037 4944 et
3066 4902 3164 4959 per
3189 4897 3396 4958 septem
3435 4889 3550 4946 dia-

1967 4981 2181 5038 demata
2203 5019 2220 5047 ,
2265 4978 2321 5034 id
2349 4986 2432 5034 est
2479 4979 2656 5034 omnis
2679 4979 2839 5048 hujus
2885 4979 3064 5036 saeculi
3097 4988 3427 5051 potentatus,
3459 4983 3550 5052 qui

1964 5071 2043 5126 illi
2069 5070 2364 5136 adhaerent,
2410 5078 2466 5124 et
2503 5085 2602 5141 per
2654 5069 2901 5126 fraudem
2933 5071 3302 5131 ,verisimilem
3358 5083 3548 5130 contra

1965 5172 2172 5235 septem
2211 5161 2493 5232 ecclesias,
2537 5171 2594 5219 et
2635 5171 2824 5218 contra
2871 5161 3240 5234 septiformem
3289 5165 3551 5237 Spiritum

1967 5254 2247 5310 dimicant.

2039 5347 2111 5403 Et
2145 5347 2318 5402 cauda
2362 5347 2476 5417 ejus
2501 5345 2740 5401 trahebat
2779 5348 2989 5402 tertiam
3029 5357 3232 5419 partem
3277 5349 3550 5407 stellarum

1973 5438 2111 5504 cali,
2132 5448 2181 5493 et
2207 5438 2348 5493 misit
2375 5454 2463 5492 eas
2485 5436 2542 5490 in
2568 5445 2780 5491 terram.
2813 5436 2918 5492 Per
2935 5437 3166 5493 caudam
3194 5440 3468 5506 draconis,
3490 5449 3549 5496 ut

1974 5548 2135 5604 supra
2157 5547 2370 5604 quoque
2398 5531 2599 5588 dictum
2643 5539 2748 5598 est,
2778 5533 2929 5602 pravi
2965 5533 3338 5606 intelliguntur
3364 5535 3548 5592 docto-

1975 5639 2063 5681 res
2091 5644 2103 5680 :
2129 5626 2390 5696 propheta
2441 5623 2587 5678 enim
2632 5623 2834 5681 docens
2883 5625 3257 5692 mendacium,
3309 5627 3424 5698 ipse
3467 5638 3548 5685 est

1975 5719 2164 5774 cauda.
2215 5717 2400 5772 Potest
2423 5716 2586 5771 etiam
2615 5723 2671 5770 ει
2705 5717 2881 5774 cauda
2909 5717 3219 5789 specialiter
3248 5719 3362 5790 ipse
3387 5719 3547 5776 Anti-

1977 5811 2216 5874 christus
2262 5807 2508 5882 intelligi,
2564 5808 2656 5882 qui
2705 5823 2866 5866 omne
2913 5809 3258 5869 mendacium
3307 5809 3548 5869 dicturus
