3972 6454
594 396 732 454 1085

589 603 719 658 dicit
744 626 756 657 :
787 603 854 659 In
877 607 1088 662 veritate
1112 625 1215 664 non
1244 615 1405 668 stetit.
1438 614 1622 677 Tertia
1661 631 1842 678 autem
1877 639 2005 695 pars
2033 631 2166 686 stel-

587 694 758 750 larum
791 711 950 767 quam
984 700 1231 756 trahebat
1258 705 1428 760 cauda
1456 708 1745 778 draconis;
1791 715 1846 770 in
1873 694 2164 788 haereticis,

584 787 828 857 paganis,
858 785 1059 852 Judeis
1093 790 1360 864 ﬁguratur
1396 812 1461 853 ae
1491 799 1642 861 falsis
1679 804 2028 877 Christianis,
2072 785 2166 884 qui

583 878 649 933 de
679 881 834 945 ccelo,
867 882 970 940 hoc
997 893 1101 952 est,
1127 885 1193 941 de
1223 890 1481 948 societate
1512 905 1826 954 sanctorum
1847 901 2158 972 ejiciuntur,

579 979 634 1025 et
663 970 715 1026 in
740 975 1073 1031 consortium
1109 979 1374 1037 malorum
1403 984 1680 1044 hominum
1727 993 2036 1052 trahuntur.
2081 999 2164 1056 llli

578 1061 722 1117 enim
746 1063 1099 1136 designantur
1121 1085 1218 1140 per
1247 1074 1432 1130 stellas
1456 1077 1522 1133 de
1549 1079 1688 1137 caelo
1703 1084 2040 1157 abstractas,
2068 1093 2161 1162 qui

575 1153 728 1221 prius
758 1154 940 1217 lucere
966 1160 1292 1219 videbantur
1328 1166 1379 1220 in
1407 1167 1668 1238 Ecclesia,
1715 1177 1808 1230 sed
1837 1181 2160 1240 adveniente

572 1241 928 1313 Antichristo,
963 1251 1171 1322 decepti
1213 1255 1624 1328 blandimentis,
1661 1271 1944 1325 tormentis
1972 1283 2026 1328 et
2053 1275 2155 1330 fal-

572 1333 976 1417 sis.miraeulis,
998 1347 1452 1403 ooscurabuntur.
1476 1351 1563 1407 Fit
1582 1366 1763 1411 autem
1785 1362 2025 1428 quotidie
2043 1366 2157 1422 haec

871 1399 875 1406 ,
965 1399 974 1405 _
1249 1399 2156 1428 κπη---.--...ν....,..υ..υ.υ..ωυ

570 1399 851 1482 stellarum
900 1430 1149 1499 dejectio,
1201 1438 1293 1491 sed
1340 1442 1569 1509 amplius
1619 1455 1746 1502 tunc
1773 1449 1900 1515 ﬁet,
1952 1465 2157 1523 quanto

570 1516 861 1575 immanior
906 1523 1011 1580 erit
1059 1530 1450 1595 persecutionis
1497 1537 1720 1593 saevitia.
1767 1541 1921 1609 Quod
1969 1560 2153 1608 autem

567 1609 785 1676 dicitur,
818 1614 1076 1682 trahebat,
1110 1634 1262 1675 more
1295 1620 1591 1693 Scriptura:
1617 1645 1786 1686 sacra:
1814 1640 2150 1704 praeteritum

565 1704 785 1773 ponitur
827 1723 925 1776 pro
973 1709 1173 1767 futuro.
1222 1713 1338 1783 Vel,
1384 1719 1521 1775 bene
1547 1725 1713 1780 etiam
1761 1731 2014 1790 trahebat
2049 1745 2151 1792 ter-

567 1800 694 1858 tiam
749 1816 958 1875 partem
1007 1811 1319 1882 stellarum,
1371 1819 1495 1887 quia
1545 1824 1945 1892 quodammodo
2000 1843 2147 1892 retro

562 1896 849 1963 aspiciens,
877 1899 942 1954 de
975 1909 1088 1958 toto
1116 1913 1394 1965 transacto
1433 1912 1535 1968 hoc
1567 1923 1811 1988 tempore
1835 1921 1939 1978 ista
1973 1925 2150 1997 loqui-

557 1991 666 2040 tur.
701 1985 781 2042 Ab
803 1990 1036 2046 adventu
1061 1996 1205 2050 enim
1235 1998 1467 2065 Domini,
1501 2020 1607 2074 quo
1634 1985 1802 2066 stellae
1832 2015 2145 2084 spirituales

557 2074 610 2130 in
641 2078 780 2134 cmlo
809 2083 1094 2152 splendere
1135 2104 1440 2160 coeperunt,
1481 2107 1537 2151 et
1565 2100 1651 2154 isti
1683 2105 1880 2163 cadere
1923 2111 2146 2170 inchoa-

554 2178 765 2224 verunt.
797 2171 868 2226 Et
896 2175 1057 2230 draco
1086 2182 1226 2236 stetit
1249 2195 1372 2239 ante
1391 2188 1685 2258 mulierem,
1713 2213 1831 2262 qua:
1858 2213 1969 2256 erat
1998 2208 2144 2274 pari-

521 2269 696 2327 .tura,
727 2273 783 2317 ut
812 2283 929 2320 cum
957 2274 1259 2340 peperisset,
1293 2277 1464 2346 ﬁlium
1485 2284 1600 2353 ejus
1627 2287 1919 2347 devoraret.
1953 2295 2138 2363 Quan-
2202 2299 2206 2303 “

551 2360 666 2408 tum
696 2358 762 2411 ad
783 2358 997 2417 beatam
1021 2365 1242 2424 Mariam
1267 2376 1526 2444 pertinet,
1559 2380 1805 2441 diabolus
1829 2391 1982 2444 stetit
2011 2403 2139 2451 ante

547 2461 690 2516 eam,
722 2451 903 2508 volens
935 2472 1032 2526 per
1077 2460 1342 2521 Herodem
1375 2468 1572 2526 Filium
1631 2477 1749 2546 ejus
1807 2480 2132 2555 interﬁcere,

545 2544 762 2608 quando
791 2545 877 2600 ille
914 2546 1052 2619 fugit
1081 2553 1134 2606 in
1173 2553 1491 2628 IEgyptum,
1519 2569 1585 2618 'et
1618 2544 1880 2627 lactentes
1924 2590 2023 2643 pro
2069 2594 2134 2633 eo

544 2641 671 2685 sunt
712 2633 1041 2710 interempti,
1085 2646 1180 2699 sed
1211 2651 1352 2716 quod
1394 2668 1498 2706 non
1532 2658 1706 2723 potuit
1743 2661 1924 2719 facere
1949 2682 2046 2736 per
2071 2669 2133 2724 il-

544 2717 678 2785 lum,
711 2723 840 2780 fecit
866 2744 964 2797 per
995 2732 1159 2788 ﬁlium
1193 2737 1308 2804 ejus
1340 2717 1633 2812 Herodem,
1667 2752 1757 2820 qui
1791 2717 2126 2830 illisﬁdiebus,

540 2810 682 2866 sicut
729 2814 1082 2890 Evangelium
1129 2826 1280 2892 dicit,
1334 2810 1724 2910 Hierosolymis
1772 2856 1910 2902 erat.
1946 2848 2130 2909 Voluit

538 2911 715 2956 autem
757 2920 879 2961 eum
912 2910 1172 2970 devorare
1210 2919 1476 2989 diabolus,
1526 2930 1653 2997 quia
1691 2934 1970 2994 aestimans
1999 2955 2123 2998 eum

534 3005 730 3062 purum
758 2996 1054 3066 hominem,
1097 3009 1318 3076 putabat
1357 3018 1500 3085 quod
1533 2996 1657 3075 cum
1699 3029 1910 3085 caeteris
1944 3032 1997 3086 in
2041 3034 2123 3089 in-

532 3079 690 3139 ferno
732 3101 856 3144 eum
889 3102 1073 3150 tenere
1101 3109 1300 3168 posset,
1349 3079 1444 3161 sed
1483 3125 1589 3165 non
1627 3119 1823 3185 potuit,
1856 3129 1918 3175 ut
1951 3124 2005 3177 in
2033 3141 2121 3181 se-

529 3178 820 3244 quentibus
846 3183 1066 3253 dicitur,
1093 3192 1218 3260 quia
1241 3211 1471 3267 surgens
1506 3215 1535 3254 a
1563 3178 1792 3264 mortuis
1817 3250 1831 3276 ,
1871 3217 2118 3271 ascendit

527 3269 594 3324 ad
638 3271 806 3329 Deum
833 3275 1080 3348 Patrem;
1111 3285 1190 3342 sic
1215 3292 1475 3360 quotidie,
1508 3296 1618 3354 imo
1641 3304 1787 3358 omni
1821 3306 1976 3375 hora,

523 3357 773 3419 diabolus
803 3377 930 3424 ante
961 3385 1204 3434 sanctam
1229 3357 1553 3453 Eeelesiam,
1585 3399 1643 3446 ut
1682 3397 1852 3463 possit
1888 3414 1982 3456 eos
2021 3403 2115 3458 de-

522 3452 722 3524 cipere,
749 3461 863 3528 qui,
893 3462 1042 3522 fonte
1074 3469 1412 3540 baptismatis
1439 3483 1634 3548 renati,
1663 3484 1972 3546 elﬁciuntur
2014 3495 2112 3552 ﬁlii

523 3543 640 3611 Dei,
667 3551 764 3603 sed
821 3569 926 3608 non
961 3562 1234 3627 praevalet,
1269 3568 1396 3634 quia
1431 3572 1718 3641 rapiuntur
1747 3581 1813 3634 ad
1859 3581 2048 3664 Deum,
2078 3604 2110 3643 a

519 3649 627 3704 quo
648 3649 1024 3713 proteguntur,
1045 3648 1199 3717 juxta
1244 3655 1372 3712 illud
1399 3677 1412 3712 :
1440 3659 1746 3737 Ubicunque
1788 3671 1946 3741 fuerit
1994 3648 2110 3733 cor-

517 3743 638 3797 pus,
684 3731 794 3786 illic
819 3744 1271 3810 congregabantur
1294 3759 1341 3803 et
1373 3753 1582 3823 aquilis.
1623 3731 1689 3813 Et
1727 3779 1740 3815 :
1784 3731 1910 3820 l’olo
1933 3731 2106 3826 ut

515 3835 610 3890 ego
629 3839 766 3891 sum,
794 3826 904 3883 illic
925 3843 976 3888 et
998 3836 1236 3894 minister
1257 3859 1400 3900 meus
1429 3850 1498 3902 sit
1528 3850 1745 3921 (Matth.
1779 3860 1951 3934 xxiv).
1984 3863 2100 3921 Non

511 3923 694 3976 autem
725 3921 808 3976 vel
834 3921 1103 3997 Christus,
1145 3935 1229 3990 vel
1252 3943 1493 3998 membra
1543 3947 1685 4004 illius
1722 3959 1850 4009 tunc
1893 3959 2098 4016 solum-

511 4007 673 4064 modo
700 4009 988 4072 draconem
1024 4021 1265 4092 vineunt,
1307 4045 1431 4086 eum
1475 4034 1542 4089 ad
1579 4040 1746 4098 caelos
1774 4049 2095 4121 ascendunt,

511 4101 604 4121 μ,
633 4105 740 4121 __..
876 4110 887 4121 .

509 4101 606 4160 sed
632 4105 811 4173 potius
837 4110 1061 4170 vincunt
1097 4132 1218 4174 eum
1251 4123 1303 4178 iu
1346 4127 1478 4195 hoc,
1520 4143 1572 4186 et
1603 4134 1720 4205 ipse
1754 4140 2015 4199 Dominus
2041 4156 2097 4201 et

508 4192 665 4250 electi
709 4198 842 4268 ejus.
875 4206 999 4273 quia
1031 4213 1285 4270 mandata
1314 4219 1436 4275 vita:
1467 4192 1810 4284 custodiunt.
1855 4232 2009 4292 Unde
2038 4248 2095 4294 et

509 4283 563 4338 in
590 4283 881 4362 Evangelia
909 4297 1159 4368 legimus,
1192 4309 1334 4376 quod
1361 4327 1485 4366 eum
1517 4322 1750 4374 tentaret
1777 4322 2086 4395 Dominum,

505 4379 813 4440 testimonia
854 4388 972 4459 ejus
999 4392 1180 4450 divina
1212 4397 1326 4469 ipse
1349 4405 1592 4472 protulit,
1622 4417 1674 4462 et
1699 4411 1778 4466 sic
1804 4429 1926 4470 eum
1957 4434 2086 4491 eon-

505 4466 640 4491 θηλει

504 4466 659 4526 fudit.

571 4557 640 4614 Et
667 4569 861 4634 peperit
899 4572 1069 4639 ﬁlium
1106 4581 1420 4668 masculum.
1472 4586 1635 4646 Beata
1675 4592 1839 4651 Maria
1873 4604 2083 4672 peperit

500 4655 821 4722 masculum,
855 4662 906 4717 id
935 4676 1015 4720 est
1044 4669 1327 4728 Dominum
1354 4665 1537 4735 Iesum
1561 4682 1836 4743 Christum
1863 4655 2077 4761 lorrtem,

495 4744 587 4814 qui
619 4745 684 4800 ad
712 4747 812 4804 hoc
841 4755 1004 4817 venit,
1040 4768 1095 4813 ut
1119 4762 1416 4836 principem
1451 4769 1608 4844 hujus
1637 4780 1817 4834 szeculi

493 4841 595 4887 ret.
643 4834 718 4890 De
757 4855 864 4909 quo
903 4842 1190 4905 Psalmista
1221 4872 1232 4906 :
1269 4834 1537 4916 Dominus.
1573 4865 1727 4934 fortis
1780 4880 1830 4924 et
1873 4885 2076 4944 potens,

502 4920 647 4944 n_,-,'
849 4942 854 4944 Α
979 4938 990 4944 ³
1179 4943 1185 4944 '

1573 4920 1584 4934 .
1709 4920 1719 4922 κ
1782 4920 1824 4924 ν
1873 4920 2076 4944 την-’ν’

493 4920 748 4982 Dominus
771 4942 951 5001 potens
973 4938 1026 4993 in
1055 4943 1260 5010 prmlio.
1290 4946 1558 5009 Masculus
1578 4965 1757 5014 autem
1785 4962 2076 5033 aliquando

489 5016 706 5082 ponitur
744 5021 794 5076 in
842 5027 1037 5084 malam
1065 5043 1295 5104 partem,
1325 5041 1613 5113 aliquando
1655 5051 1706 5105 in
1757 5053 1972 5111 bonam.
2015 5060 2074 5116 In

487 5105 706 5173 malam,
737 5121 796 5166 ut
821 5114 950 5173 illud
977 5119 1224 5182 Jeremim
1251 5148 1263 5183 :
1292 5130 1607 5194 Maledictus
1638 5144 1716 5195 vir
1736 5147 1827 5214 qui
1861 5166 2071 5205 annun-

485 5197 631 5254 tiavit
655 5207 796 5271 patri
822 5225 934 5263 meo
957 5212 1133 5271 dicens
1158 5235 1176 5272 :
1202 5220 1378 5279 Natus
1402 5239 1477 5281 est
1504 5231 1595 5284 tibi
1626 5252 1758 5303 puer
1783 5242 2066 5299 masculus.

485 5288 702 5359 (larem.
735 5297 846 5371 xx).
874 5301 992 5369 Quo
1023 5306 1074 5361 in
1103 5309 1222 5365 loco
1246 5319 1506 5386 propheta
1528 5340 1815 5392 personam
1843 5332 2066 5391 humani

482 5384 698 5448 generis
709 5390 867 5458 gerit,
889 5393 1075 5452 dicens
1094 5417 1107 5453 :
1130 5384 1442 5463 Maledictus
1461 5413 1556 5478 vir,
1573 5415 1815 5475 diabolus
1834 5424 2062 5492 scilicet,

481 5473 571 5541 qui
595 5481 926 5537 αηηπηίίανίί
952 5491 1094 5555 Patri
1125 5509 1256 5560 mea,
1291 5503 1512 5568 mundo,
1542 5517 1696 5563 natus
1720 5523 1798 5566 est
1823 5517 1914 5569 tibi
1931 5536 2063 5588 puer

481 5565 745 5588 _----.'---
814 5570 826 5588 9
852 5572 864 5588 ι
961 5584 971 5588 -
1186 5582 1200 5588 -
1308 5587 1317 5588 κ

481 5565 768 5633 masculus,
813 5570 864 5625 id
895 5584 993 5637 est,
1041 5582 1270 5650 populus
1299 5587 1453 5647 fortis
1483 5565 1534 5647 in
1574 5565 1793 5656 malum.
1931 5565 2061 5667 Ἧδο

478 5664 632 5724 patre
659 5659 946 5723 Psalmista
968 5670 1099 5727 dicit
1127 5693 1142 5732 :
1171 5677 1329 5747 Audi,
1355 5684 1491 5752 ﬁlia,
1518 5699 1566 5742 et
1596 5692 1728 5758 vide,
1755 5704 1808 5750 et
1838 5709 2056 5770 caetera,

480 5758 648 5815 usque
675 5754 743 5808 ad
783 5755 998 5816 domum
1024 5769 1189 5834 patris
1209 5775 1305 5827 tui.
1344 5775 1398 5831 ln
1429 5780 1739 5842 hoc.autem
1769 5788 1886 5846 loco
1918 5810 2061 5852 mas-

477 5835 633 5914 culus
670 5842 725 5898 in
752 5843 952 5908 bonam
976 5866 1188 5928 partem
1213 5868 1454 5938 ponitur,
1480 5875 1605 5946 quia
1648 5879 1923 5954 signiﬁcat
1949 5887 2057 5945 Do-

1030 399 1382 460 HAYMONIS
1423 388 1898 472 HALBERSTAT.
1939 417 2153 478 EPISC.
2191 422 2340 482 opp.
2383 428 2562 492 mus
2599 436 2638 492 ι.
2681 467 2751 482 -
2787 440 3139 505 COMMENT.
3177 451 3346 511 BIBL.

590 521 695 577 est,
747 510 954 570 habens
1004 530 1125 572 eum
1178 517 1572 590 habitatorem,
1628 527 1694 581 de
1750 545 1859 598 quo
1907 533 2478 602 DominusAminum

3763 477 3851 531 ltiti;

2519 548 2703 606 Jesum
2746 554 3044 628 Christum,
3091 567 3174 622 vel
3220 582 3368 628 certe
3413 583 3689 636 membra
3728 587 3847 656 illius,

2273 649 2394 702 qua:
2430 642 2669 707 quotidie
2720 649 2864 715 parit
2915 664 3100 710 sancta
3139 657 3402 722 Ecclesia.
3471 670 3663 731 Recte
3708 642 3843 744 ante;

2269 727 2443 782 sancti
2485 731 2587 787 sub
2630 738 2849 796 nomine
2879 747 3104 803 masculi
3133 759 3716 833 comprehenduntur,
3756 778 3840 843 qui:

2269 811 2482 843 (δη-αξη...
2511 832 2680 843 --μμη
2783 830 2797 843 .
2985 837 2998 843 -
3061 840 3071 843 -

2267 811 2482 874 fortiter
2504 832 2696 880 contra
2730 830 2956 889 adversa
2984 837 3142 898 istius
3182 849 3365 905 saeculi
3405 853 3712 926 dimicant,
3737 811 3839 926 sia:

2267 902 2426 926 ,μη
2496 921 2507 926 ,
2719 920 2729 926 .

3335 902 3365 905 ,_
3411 902 3712 926 _-----.......,
3739 902 3836 926 στα.

2267 902 2515 966 fecerunt
2554 920 2732 972 sancti
2761 927 2990 991 apostoli
3013 941 3066 984 et
3096 944 3383 1008 martyres,
3421 947 3524 1012 qui
3561 951 3730 1007 etiam
3757 959 3836 1027 ipsa

2266 1013 2492 1069 corpora
2515 1009 2854 1070 tradiderunt
2879 1033 2978 1087 pro
3005 1021 3206 1082 Christi
3231 1009 3481 1102 nomine,
3511 1009 3834 1111 quibungai-

2267 1091 2424 1146 mista
2457 1096 2588 1152 dicit
2613 1118 2626 1154 :
2671 1100 2904 1162 Viriliter
2931 1115 3070 1182 agite
3089 1128 3138 1171 et
3168 1124 3510 1192 confortetur
3532 1150 3632 1187 cor
3653 1154 3829 1199 uestras

2263 1182 2442 1253 (Deut.
2461 1192 2634 1264 xxxi).
2661 1195 2812 1262 Quod
2832 1213 3016 1264 autem
3040 1212 3325 1272 subditur:
3352 1221 3472 1287 Qui
3495 1241 3616 1282 erat
3639 1247 3825 1293 rectum

2261 1291 2439 1332 ⁰¹ηηε³
2467 1295 2638 1351 item“
2657 1288 2712 1341 ἕη
2735 1291 2877 1362 virga
2893 1295 3086 1364 ferrea.
3114 1303 3244 1360 Tam
3275 1310 3342 1364 de
3368 1313 3634 1382 Christo,
3658 1327 3738 1391 qui
3761 1345 3822 1398 ρο.

2261 1372 2455 1398 Inclusa
2506 1372 2778 1398 Latinum-”-

2260 1372 2456 1423 testate
2504 1372 2779 1433 inﬂexibili
2826 1398 3018 1443 omnes
3060 1405 3247 1461 gentes
3293 1405 3466 1472 regit,
3521 1372 3817 1474 undejilliria

2256 1458 2464 1525 psalmo
2490 1463 2688 1522 dicitur
2717 1487 2729 1523 :
2761 1471 2983 1533 Postulo
3005 1499 3037 1534 α
3061 1458 3159 1550 ine,
3185 1500 3234 1541 et
3254 1492 3394 1547 dabo
3423 1499 3530 1551 tibi
3561 1517 3725 1569 gentes
3743 1513 3814 1564 ρετ-

3148 1549 3153 1550 ,
3488 1549 3521 1551 "
3561 1549 3606 1569 ν’
3628 1549 3723 1559 “τ“¹’““’
3743 1549 3811 1564 ’.ππ

2258 1549 2528 1608 reditatem
2556 1567 2721 1626 tuam,
2747 1573 2794 1616 et
2825 1573 3199 1634 possessionem
3241 1593 3388 1638 tuam
3427 1595 3686 1647 terminos
3705 1611 3811 1656 terre

2261 1641 2275 1656 I
2292 1638 2327 1656 Il
2400 1643 2410 1656 Ι
2495 1650 2502 1656 ι

2257 1638 2429 1712 (Psal.
2447 1650 2531 1716 ιι),
2553 1665 2716 1720 quam
2732 1658 2797 1711 de
2810 1663 3060 1720 omnibus
3075 1666 3263 1727 electis
3281 1690 3473 1744 potest
3501 1684 3806 1759 ἰηιευὶςὶμῖιὶ

3281 1731 3293 1744 .
3386 1731 3403 1733 ν
3428 1731 3472 1734 v-
3501 1731 3805 1759 "-w-"e-m'l

2254 1731 2308 1786 in
2336 1750 2436 1790 suo
2464 1741 2640 1810 capite
2670 1762 2995 1819 acceperunt
3025 1769 3372 1832 potestatem,
3411 1781 3476 1825 ut
3507 1790 3692 1844 regant
3716 1799 3805 1852 ges-

2254 1831 2332 1852 ιι...
2371 1828 2421 1852 ε.-
2455 1832 2590 1852 --εμ-νλ
2629 1836 2653 1852 ι’
2928 1848 2939 1852 -
2999 1849 3009 1852 ’

2251 1831 2335 1881 tes
2369 1828 2425 1882 in
2455 1832 2601 1904 virga
2627 1836 2822 1906 ferrea,
2847 1854 2902 1898 et
2927 1848 3159 1906 habeant
3179 1865 3544 1926 potestatem,
3589 1881 3643 1922 ut
3666 1828 3800 1938 ηξειιι

3179 1912 3196 1924 ⁸
3666 1912 3800 1938 ηερ..

2177 1912 2225 1973 Β
2252 1931 2440 1992 gentes
2469 1926 2522 1981 in
2565 1930 2714 2002 virga
2751 1933 2926 1993 ferrea
2945 1981 2959 2004 ,
2988 1951 3043 1996 et
3072 1943 3304 2004 habeant
3332 1959 3684 2025 potestatem,
3710 1983 3801 2019 cea-

2247 2011 2514 2088 l'ringendi
2540 2036 2634 2078 eos
2665 2035 2918 2098 tanquam
2953 2049 3046 2090 vas
3077 2037 3243 2106 ﬁguli,
3275 2054 3336 2098 ut
3367 2047 3578 2107 faciant
3608 2071 3666 2110 ex
3696 2063 3795 2113 ηδε

2247 2102 2342 2158 ira:
2408 2123 2535 2164 vasa
2586 2114 2990 2178 misericordiae.
3046 2125 3178 2184 Nam
3221 2137 3363 2202 quod
3414 2143 3662 2202 Christus
3700 2150 3797 2205 facit

2243 2201 2518 2268 potentia,
2569 2202 2776 2264 faciunt
2817 2213 2982 2268 etiam
3007 2222 3202 2286 sancti,
3246 2201 3390 2282 dono
3435 2233 3576 2290 illius
3626 2242 3791 2308 adjuti,

2241 2292 2624 2358 praedicatione
2645 2315 2762 2356 sua.
2790 2304 2952 2378 Virga
2979 2321 3158 2368 autem
3182 2315 3358 2376 ferrea
3387 2331 3634 2384 nectitudo
3654 2335 3791 2391 intel-

2239 2379 2428 2452 ligitur
2449 2386 2694 2458 justitiaa,
2745 2410 2849 2465 qua
2895 2409 2951 2455 et
2991 2403 3220 2475 diligunt
3263 2411 3446 2471 honuni

2231 2756 2280 2800 et
2309 2750 2378 2803 ad
2406 2753 2650 2834 thronum
2670 2761 2806 2831 ejus.
2833 2765 2940 2823 Iste
2969 2781 3178 2843 raptus,
3203 2750 3263 2833 ut
3291 2797 3461 2852 supra
3491 2789 3670 2845 dictum
3689 2803 3767 2858 est,

2225 2852 2336 2894 non
2362 2854 2445 2896 est
2471 2846 2808 2909 solummodo
2834 2865 3153 2931 corporalis,
3185 2871 3279 2924 sed
3305 2876 3624 2943 spiritualis.
3644 2883 3767 2950 (basi

2227 2929 2373 2985 enim
2413 2937 2633 3002 quidam
2665 2954 2852 3014 raptus
2895 2929 3208 3012 sanctorum
3246 2929 3434 3021 sit'ex
3483 2970 3585 3025 hoc
3617 2977 3765 3030 alio

2225 3019 2292 3074 ad
2329 3022 2533 3094 Deum,
2564 3030 2690 3087 dum
2735 3035 2896 3095 ﬁdem
2931 3058 3096 3112 quam
3139 3050 3342 3110 habent
3377 3019 3762 3121 inditis—ii:

2224 3107 2348 3165 data
2379 3115 2502 3171 vitas
2546 3125 2918 3197 custodiendo,
2949 3107 3138 3217 etiam
3177 3145 3427 3203 exterius
3453 3166 3613 3223 opere
3641 3146 3758 3211 exu-

2223 3211 2376 3267 nant,
2424 3209 2565 3265 unde
2618 3224 2674 3269 et
2711 3215 2995 3280 Psalmista
3042 3210 3211 3286 dicit:
3245 3209 3524 3300 Ascensus
3573 3209 3759 3306 ἕκαιῦ

2008 3319 2119 3368 sm;
2143 3285 2190 3352 (ἶ
2220 3308 2318 3347 suo
2347 3295 2624 3368 disposuit.

2291 3407 2357 3462 Et
2379 3413 2568 3469 mulier
2593 3417 2732 3491 fugit
2752 3424 2811 3480 in
2832 3428 3190 3505 solitudinem,
3215 3441 3306 3496 ubi
3325 3445 3490 3502 habet
3523 3451 3666 3506 locum
3683 3471 3750 3523 pt-

2215 3508 2392 3556 ratum
2417 3519 2449 3556 a
2470 3504 2602 3573 Deo,
2629 3523 2684 3565 ut
2704 3513 2778 3569 ibi
2803 3533 3021 3588 pascant
3048 3544 3163 3582 eam
3178 3504 3373 3591 diebus
3411 3543 3559 3597 mille
3576 3504 3751 3599 ducitis

2209 3597 2504 3666 sexaginta.
2541 3600 2896 3666 Solitudinem
2923 3617 2991 3672 ad
3013 3634 3174 3688 quam
3204 3627 3409 3684 mulier
3437 3631 3585 3706 fugit,
3617 3652 3749 3692 εαξη·

2211 3690 2325 3738 tum
2370 3691 2574 3747 mentis
2654 3697 2909 3759 debemus
2983 3708 3308 3785 intelligere,
3360 3690 3531 3792 quia”
3550 3727 3747 3799 abjicieus

3157 3776 3184 3785 ν
3295 3776 3306 3784 v
3381 3776 3398 3792 I
3419 3776 3424 3777 ’
3450 3776 3501 3779 "‘
3551 3776 3745 3799 ’“δ“⁷““”

2205 3776 2441 3844 primum
2465 3790 2806 3846 terrenarum
2829 3795 3222 3861 desideriorum
3247 3814 3525 3873 tumultus
3547 3829 3594 3874 et
3610 3822 3745 3874 mundi

2205 3867 2366 3938 hujus
2407 3877 2705 3945 superﬂuas
2753 3898 2936 3956 curas,
2989 3895 3223 3966 seipsam
3271 3902 3556 3966 desertum
3600 3913 3747 3982 quietis

2205 3957 2330 3982 Ρ..-ε.
2390 3963 2484 3982 ρι’,
2611 3971 2621 3982 ο
2773 3975 2784 3982 ·
2836 3977 2850 3982 -

2202 3957 2354 4027 facit,
2389 3963 2568 4036 ibique
2606 3971 2812 4030 invenit
2836 3977 3013 4037 locum
3036 3957 3205 4045 a-Deo
3240 4007 3524 4065 paratum,
3562 3957 3647 4057 luit
3669 4013 3744 4067 est,

2199 4049 2376 4121 ipsum
2415 4055 2582 4114 Deum
2627 4069 3074 4142 omnipotentem,
3119 4082 3211 4150 qui
3245 4083 3299 4138 in
3336 4092 3510 4146 corde
3538 4093 3658 4148 illius
3681 4109 3744 4148 re-

2198 4143 2446 4210 quiescit.
2476 4149 2582 4207 lste
2611 4168 2696 4210 est
2726 4158 2876 4217 locus
2905 4167 2971 4218 de
2993 4183 3100 4238 quo
3123 4143 3415 4234 Dsalmista
3461 4185 3589 4240 dicit
3613 4205 3625 4238 :
3649 4183 3744 4240 Esto

2194 4232 2322 4289 milii
2343 4236 2397 4288 in
2423 4239 2586 4296 Deum
2607 4257 2964 4320 protectorem,
2983 4269 3029 4312 et
3048 4260 3100 4314 in
3125 4262 3295 4320 locum
3315 4271 3516 4344 refugii
3531 4281 3744 4331 utsatrsn

2192 4343 2274 4381 me
2294 4328 2463 4396 facias
2485 4333 2660 4404 (Psal.
2688 4345 2840 4417 xxx).
2865 4348 2920 4403 lu
2943 4351 3236 4414 solitudine
3256 4328 3386 4433 ergo
3411 4328 3591 4425 cordis
3609 4370 3740 4425 lotum

2189 4421 2364 4474 sancti
2386 4422 2793 4502 inveniuntquo
2822 4438 3117 4513 salventur,
3149 4451 3274 4522 quia
3306 4457 3437 4510 dum
3470 4459 3741 4516 insolentias

2186 4511 2575 4581 cogitationum
2610 4538 2717 4578 non
2746 4529 3048 4601 patiuntur,
3078 4511 3300 4612 solaque
3328 4556 3545 4606 aaterna
3574 4563 3738 4624 petunt,

2187 4597 2294 4624 IL...
2311 4605 2377 4624 λθ.
2393 4622 2406 4624 -
2754 4619 2765 4624 ·

3033 4597 3042 4601 -
3211 4597 3228 4612 .
3281 4597 3292 4599 ν
3332 4597 3545 4606 νννν-ο--ι
3574 4597 3738 4624 τηαν-’ν

2186 4597 2533 4664 Conditorem
2565 4627 2719 4670 suum
2752 4619 2806 4673 in
2829 4636 3039 4683 secreto
3061 4636 3242 4691 cordis
3271 4640 3356 4694 sui
3395 4643 3601 4702 habent
3626 4646 3739 4701 habi-

2190 4703 2439 4766 tatorem,
2491 4704 2545 4759 in
2575 4724 2679 4777 qua
2722 4713 3011 4776 solitudine
3049 4738 3276 4794 pascunt
3305 4747 3458 4803 eam,
3506 4740 3626 4794 nulli
3660 4740 3735 4796 d-

2187 4786 2373 4856 bium,
2426 4795 2556 4864 quin
2603 4805 2984 4869 praedicatores
3031 4786 3201 4872 sancti
3255 4786 3734 4902 hiciiiielligantur,

2187 4880 2277 4948 qui
2306 4882 2604 4944 Eeelesiam
2634 4907 2863 4962 pascunt
2890 4916 2985 4956 sua
3025 4911 3406 4975 praedicatione
3435 4929 3496 4975 et

2184 4971 2372 5028 diebus
2407 4977 2554 5034 mille
2584 4983 2834 5044 ducentis
2857 4971 3155 5066 sexaginta.
3183 5000 3447 5068 Quamvis
3474 5011 3561 5066 hic
3587 5027 3735 5066 nume-

2182 5079 2277 5117 rus
2322 5070 2629 5137 specialiter
2678 5082 2950 5148 pertineat
3002 5091 3068 5142 ad
3122 5099 3363 5166 tempora
3413 5102 3735 5168 Antichristi,

2178 5157 2374 5226 quibus
2419 5170 2726 5225 necessario
2773 5186 3025 5243 pascetur
3065 5182 3300 5248 Ecclesia
3353 5206 3385 5244 a
3430 5193 3734 5260 doctoribus

2173 5253 2442 5324 prazeipue
2476 5258 2590 5314 Elia
2627 5273 2682 5317 et
2730 5265 2934 5333 Euoch,
2981 5281 3160 5331 tamen
3203 5264 3271 5334 ad
3317 5297 3484 5342 omne
3530 5303 3734 5360 present

2174 5349 2586 5416 tempus'potest
2634 5353 2845 5423 referri,
2885 5375 2913 5413 a
2943 5360 3152 5420 Domini
3194 5370 3405 5428 scilicet
3445 5380 3734 5434 ascensione

2168 5448 2340 5504 usque
2366 5438 2419 5493 in
2452 5440 2613 5499 ﬁnem
2643 5450 2843 5505 saeculi.
2890 5453 2947 5508 ln
2977 5457 3079 5512 hoc
3109 5468 3354 5533 tempore
3385 5481 3630 5526 morante
3646 5471 3731 5526 Ec-

2171 5524 2333 5581 clesia
2372 5530 2423 5584 in
2456 5533 2743 5594 solitudine
2770 5543 2851 5597 sui
2877 5543 3206 5618 Conditoris,
3229 5564 3284 5609 et
3310 5561 3458 5614 curis
3490 5572 3728 5634 tempora-

2171 5615 2301 5672 lium
2327 5635 2506 5678 rerum
2536 5629 2869 5700 quiescente,
2891 5650 3122 5708 pascunt
3148 5659 3267 5714 eam
3296 5646 3550 5708 doctores
3574 5665 3728 5708 exem-

2167 5709 2255 5780 plo
2285 5721 2340 5768 et
2369 5715 2614 5775 doctrina
2659 5737 2759 5793 per
2798 5741 2924 5784 suas
2964 5711 3266 5804 Epistolas,
3293 5739 3657 5814 Evangelium,
3688 5751 3730 5800 ε·

2166 5805 2530 5873 expositiones
2550 5811 2837 5874 Librorum
2873 5825 3069 5893 pabulo
3095 5829 3261 5886 divini
3304 5838 3586 5892 sermonis.
3613 5837 3728 5892 Nam

2167 5895 2309 5953 sicut
2327 5899 2696 5965 Antichristus
2719 5913 2868 5972 mille
2887 5917 3132 5979 ducentis
3149 5927 3428 6002 sexaginta
3443 5929 3630 5987 diem:
3658 5947 3708 5988 re
