3972 6460
165 465 330 527 ωδ

1096 465 1464 541 ΕΙΡΟΞΙΤΙΟ
1498 466 1565 527 ιΝ
1602 462 2095 539 APOCALYPSIN.
2137 498 2205 510 —
2241 468 2376 545 LIB.
2415 470 2502 537 ιιι.

3306 481 3442 551 1086

150 583 394 657 gnabit.
426 583 499 641 ita
532 591 588 641 et
623 582 871 645 Christus
890 582 1039 643 mille
1062 582 1315 649 ducentis
1334 584 1615 656 sexaginta
1647 584 1761 641 die-
1786 584 1836 644 Α
1863 590 1917 639 et
1942 592 2146 654 pugnat
2171 584 2336 645 draco
2358 604 2481 651 cum
2506 590 2621 657 suis
2651 590 2999 659 daemonibus,
3024 597 3275 665 quoniam
3300 600 3441 661 sicin

156 675 311 741 luis.
336 674 391 737 id
410 682 501 737 est
520 674 694 737 tribus
716 675 873 739 annis
894 684 952 733 et
972 675 1217 741 dimidio,
1253 676 1583 747 praedicavit,
1612 673 1761 731 ideo-

1864 674 2140 737 dazmones
2168 686 2295 733 sunt
2331 680 2509 749 parati
2532 696 2749 753 semper
2778 685 2844 749 ad
2882 685 3327 758 impugnandum,
3362 692 3438 751 ita

157 783 293 840 sane
335 776 509 831 totum
546 782 784 839 praesens
814 776 1028 839 tempus
1061 783 1351 840 possumus
1393 770 1639 841 accipere
1667 781 1765 838 per
1864 772 1921 821 et
1956 766 2127 829 sancti
2163 768 2338 840 angeli
2375 771 2443 827 ad
2480 773 2860 843 resistendum.
2905 776 3159 837 Attamen
3199 794 3301 839 nec
3340 798 3439 841 nos

156 864 329 919 hunc
368 876 673 927 mlum,
709 877 743 922 a
774 876 883 931 quo
928 862 1111 927 divina
1150 863 1463 933 praedicatio
1484 861 1675 933 capit,
1706 862 1761 925 in

154 968 292 1025 quo
334 962 390 1009 et
432 966 533 1023 per
566 952 895 1013 novissimos
935 955 1316 1025 praedicatores
1362 954 1757 1017 terminabitur.

154 1042 337 1101 Hanc
358 1043 560 1101 etenim
599 1043 881 1103 mulierem
909 1044 1251 1113 signiﬁcabat~
1274 1044 1402 1105 olim
1428 1044 1656 1114 populus
1686 1060 1753 1103 ex

151 1134 413 1207 Egypto
431 1149 703 1207 egressus,
724 1136 817 1206 qui
844 1135 1197 1201 Pharaonem.
1229 1137 1520 1199 draconem
1550 1136 1758 1195 scilicet

150 1227 268 1297 qui
317 1227 372 1285 in
406 1228 587 1289 medio
621 1225 901 1288 ﬂuminum
925 1241 1148 1288 suorum
1190 1226 1442 1292 cubabat,
1473 1226 1682 1305 fugiens
1705 1228 1760 1284 in

152 1316 451 1375 desertum
468 1317 765 1386 perductus
782 1326 888 1383 est,
930 1332 1038 1387 quo
1064 1333 1262 1383 manna
1289 1326 1623 1384 vesceretur,
1644 1328 1699 1374 et
1725 1333 1758 1374 a

152 1424 360 1466 morsu
383 1410 673 1480 imitorum
702 1409 1059 1480 serpentium,
1098 1409 1368 1479 aspiciens
1393 1425 1606 1472 annum
1638 1424 1759 1466 ser-

147 1508 391 1569 pentem
428 1500 485 1559 in
529 1500 676 1572 ligno
718 1516 1041 1570 suspensum
1088 1501 1428 1563 liberaretur.
1472 1501 1759 1557 Desertum

147 1590 372 1660 quippe
396 1590 526 1651 illud
567 1592 907 1662 signiﬁcabat
934 1600 1255 1662 praesentem
1283 1593 1468 1660 vitam,
1496 1601 1550 1649 et
1576 1608 1759 1650 secre-

150 1690 256 1741 tas
286 1684 547 1745 mentium
578 1682 918 1746 solitudines.
958 1684 1018 1745 in
1055 1685 1158 1741 hac
1200 1687 1397 1756 quippe
1422 1685 1531 1747 vita
1572 1687 1757 1757 pasci-

147 1789 297 1829 mur
325 1788 455 1835 vero
476 1790 703 1849 manus,
744 1775 798 1839 ili
824 1782 911 1838 est
934 1791 1169 1846 corpore
1205 1776 1434 1842 Christi,
1465 1778 1555 1846 qui
1584 1777 1753 1835 dicit:

150 1862 287 1931 Ego
318 1880 436 1921 sum
460 1864 613 1931 panis
655 1865 801 1921 visus
826 1866 917 1937 qui
943 1866 1008 1923 de
1032 1865 1160 1920 caelo
1187 1867 1430 1922 descendi
1455 1876 1511 1923 et
1528 1876 1748 1935 caetera,

149 1967 341 2021 usque
361 1968 457 2022 pro
484 1953 665 2009 mundi
700 1958 821 2009 vita.
852 1954 1063 2019 Adsum
1096 1971 1312 2027 quoque
1347 1958 1498 2033 igniti
1526 1974 1750 2028 serpen-
1776 1940 1828 2023 β

146 2051 275 2105 tes,
299 2043 459 2111 idest
496 2044 788 2109 daemones.
835 2046 925 2115 qui
975 2048 1124 2109 virus
1154 2049 1412 2118 nequitia:
1450 2064 1563 2111 sua:
1594 2051 1754 2107 nobis

149 2132 455 2196 infundere
476 2144 767 2201 conantur,
809 2137 904 2197 sed
926 2153 1039 2200 non
1068 2138 1384 2208 praevalent,
1409 2140 1535 2209 quia
1559 2138 1755 2200 libera—

146 2237 293 2279 mur
318 2238 416 2293 per
444 2238 568 2285 eum
595 2225 687 2295 qui
727 2242 1023 2298 suspensus
1050 2230 1104 2282 in
1139 2244 1302 2289 cruce
1327 2244 1429 2293 nos
1467 2245 1498 2284 a
1538 2229 1755 2287 diabolo

147 2312 440 2380 liberavit,
466 2317 560 2386 qui
586 2325 643 2372 et
664 2318 1074 2393 similitudinem
1102 2330 1306 2381 nostra;
1322 2321 1517 2385 habuit
1545 2330 1751 2387 morta-

148 2406 356 2472 litatis,
389 2415 565 2467 union
598 2426 704 2466 non
738 2411 932 2469 habuit
954 2413 1224 2483 nauculam
1250 2415 1484 2485 peccati,
1522 2415 1754 2485 ideoque

150 2515 268 2558 nos
297 2502 365 2557 ab
389 2503 641 2559 cornibus
666 2505 925 2574 pravalet
946 2507 1214 2571 mundare
1228 2508 1493 2577 peccatis.

238 2600 309 2655 Et
330 2599 527 2671 factum
546 2612 623 2657 cst
640 2604 881 2674 praelium
898 2622 1144 2677 magnum
1156 2608 1213 2661 in
1227 2606 1372 2662 caelo.
1391 2607 1508 2663 Non
1527 2615 1656 2662 tunc
1669 2622 1754 2663 so-

153 2690 442 2747 lummodo
464 2693 663 2749 Factum
683 2704 770 2750 est
794 2697 1063 2766 praelium,
1093 2699 1309 2768 quando
1342 2699 1398 2754 in
1421 2699 1578 2754 initio
1619 2708 1753 2755 tem-

154 2786 317 2856 poris
343 2787 589 2844 diabolus
630 2802 727 2858 per
751 2790 1055 2860 superbiam
1087 2789 1327 2859 deiectus
1360 2803 1445 2846 cat
1478 2790 1547 2847 de
1587 2792 1751 2858 coelo,

155 2880 260 2935 sed
291 2890 347 2935 et
373 2883 590 2950 quando
615 2896 646 2936 a
672 2881 881 2938 Domini
912 2884 1163 2953 passione
1190 2884 1475 2953 ejectusde
1499 2884 1754 2941 cordibus

158 2972 427 3040 ﬁdelium,
457 2977 625 3047 caspit
645 2977 876 3047 amplius
905 2978 1095 3033 saevire
1110 2987 1301 3033 contra
1326 2993 1537 3043 omnes,
1560 2986 1615 3034 et
1638 2979 1754 3034 hac

158 3080 345 3135 pugna
386 3076 701 3136 perseverat
739 3083 912 3139 usque
964 3069 1032 3123 ad
1083 3068 1244 3125 linem
1289 3068 1495 3134 saeculi,
1539 3069 1753 3139 quando

162 3174 293 3214 cum
332 3158 501 3215 frter-it
537 3156 781 3227 solutus,
824 3161 1305 3217 consummantur.
1356 3159 1563 3217 Casium
1607 3160 1752 3215 enim

161 3260 352 3307 sancta
376 3252 615 3308 Ecclesia
634 3262 736 3319 est,
761 3254 816 3308 in
844 3269 950 3325 qua
979 3254 1039 3310 lit
1069 3254 1173 3309 hoc
1199 3253 1467 3324 praelium,
1490 3253 1749 3319 maxime,

165 3351 226 3396 ut
251 3343 504 3409 diximus,
526 3359 593 3399 ex
621 3360 728 3414 quo
760 3360 858 3416 per
886 3345 1043 3400 tidem
1063 3344 1268 3414 ejectus
1291 3352 1377 3408 est
1400 3343 1471 3400 de
1494 3344 1753 3399 cordibus

163 3435 535 3502 credentium,
578 3435 839 3507 apostolis
873 3437 1329 3508 prmdicantibus,
1373 3434 1527 3504 juxta
1568 3434 1702 3489 illud
1734 3453 1750 3491 :

172 3527 293 3582 Non
321 3538 397 3583 cst
432 3529 584 3584 nobis
618 3528 918 3585 colluctatio
938 3529 1193 3585 adversus
1227 3543 1439 3583 carum
1460 3525 1752 3595 elangui-

167 3636 317 3687 nent,
354 3630 410 3675 et
439 3632 658 3676 cetera.
702 3618 795 3675 Sic
825 3621 970 3676 enim
994 3619 1197 3675 dicitur
1222 3637 1236 3673 :
1270 3616 1493 3672 Facta.
1518 3624 1598 3671 est
1621 3630 1754 3685 prte-

167 3713 295 3766 lium
328 3728 576 3782 magnum
613 3713 669 3766 in
708 3712 834 3766 conlo
858 3753 872 3776 ,
904 3720 965 3765 ut
1005 3712 1072 3766 ab
1102 3711 1256 3765 initio
1282 3709 1403 3764 fidei
1430 3706 1753 3764 Christiana

167 3819 338 3877 usque
365 3805 430 3857 ad
463 3802 648 3865 linem,
684 3812 856 3857 totum
892 3812 1103 3869 tempus
1138 3801 1262 3854 vita:
1295 3800 1579 3870 praesentis
1610 3812 1753 3851 com-

170 3893 451 3965 prehendi,
477 3893 595 3947 sine
622 3892 800 3961 aliqua
830 3882 1162 3946 dubitatione
1182 3886 1453 3955 credatur,
1482 3896 1752 3957 quatenus

170 3993 225 4039 et
254 3983 454 4037 factum
492 3983 547 4036 in
584 3981 892 4053 praeteritis,
933 3988 988 4035 et
1022 3994 1142 4036 esse
1190 3979 1243 4033 in
1269 3978 1623 4049 praesentibus
1649 4016 1665 4041 ,
1694 3983 1751 4032 et

172 4074 646 4130 consummandum
686 4072 740 4126 in
780 4071 1089 4127 novissimis
1122 4078 1417 4126 asseratur.
1449 4066 1677 4121 Michael
1699 4077 1750 4124 ct

172 4164 341 4237 angeli
386 4164 500 4236 ejus
536 4163 916 4236 prleliabantur
960 4179 1077 4217 cum
1119 4163 1366 4217 dracone.
1418 4160 1608 4232 Angeli
1648 4160 1751 4216 Mi-

171 4257 386 4322 chaelis,
412 4257 495 4312 vel
522 4256 777 4317 draconis
808 4255 1059 4319 dicuntur
1084 4253 1189 4311 illis
1216 4254 1415 4310 subditi
1443 4262 1497 4310 et
1519 4253 1586 4321 ad
1617 4254 1748 4310 obe-

170 4350 420 4413 dientium
454 4348 637 4413 missi,
676 4361 782 4403 non
808 4353 988 4415 tamet;
1026 4344 1094 4409 ab
1130 4344 1211 4409 eis
1236 4343 1423 4411 creati,
1453 4343 1592 4413 sicut
1622 4343 1750 4413 qui-

170 4440 291 4501 dam
318 4437 589 4507 vaniloqui
614 4436 864 4501 dixerunt
888 4432 1129 4501 haeretici
1158 4447 1173 4487 :
1199 4431 1283 4489 vel
1302 4432 1464 4495 etiam
1487 4431 1745 4502 quoniam

171 4533 268 4588 sub
291 4547 396 4589 uno
435 4544 560 4602 rege
586 4530 641 4586 in
673 4544 778 4595 una
796 4527 1017 4595 civitate
1046 4523 1278 4581 militare
1311 4522 1623 4591 creduntur.
1653 4520 1746 4579 Sic

1863 859 1982 925 suis
2008 860 2345 933 angelorum.
2376 878 2480 925 nec
2511 881 2728 925 rursum
2752 870 2928 941 annali
2956 872 3074 931 sine
3104 882 3294 933 nostro
3314 891 3441 934 con-

1860 951 2009 1009 ﬂictu
2047 963 2235 1015 contra
2269 956 2551 1027 antiquum
2592 960 2806 1019 hostem
2841 964 3116 1021 dimicant.
3146 967 3437 1040 Erigamus

1862 1059 1990 1114 ergo
2033 1061 2185 1100 arma
2226 1048 2437 1113 securi,
2468 1050 2593 1118 quia
2634 1051 2956 1111 fortissimos
3004 1067 3202 1113 nostrae
3250 1062 3438 1131 patriae

1860 1136 2129 1200 concives,
2156 1144 2212 1193 et
2244 1138 2475 1197 invictos
2498 1141 2775 1212 adjutores
2802 1146 3086 1214 habemus,
3117 1149 3271 1219 juxta
3294 1153 3436 1222 quod

1859 1227 2148 1299 Apostolus
2178 1230 2347 1287 dicit:
2391 1231 2581 1290 Nonne
2612 1251 2790 1293 omnes
2837 1239 3274 1298 administratorii
3312 1252 3438 1307 sunt

1860 1320 2075 1390 spiritus
2102 1321 2156 1375 in
2182 1322 2529 1379 ministerium
2555 1326 2730 1392 missi,
2756 1341 2967 1399 propter
2988 1349 3075 1387 eos
3100 1335 3192 1403 qui
3212 1335 3439 1391 [accredi-

1859 1421 2021 1471 tatem
2047 1413 2259 1483 capiunt
2281 1414 2468 1473 salutis
2487 1418 2511 1470 ?
2530 1416 2658 1475 Inde
2692 1428 2871 1476 autem
2895 1421 2968 1477 illi
2994 1421 3182 1490 fortes,
3208 1425 3348 1480 unde
3380 1433 3438 1480 et

1859 1516 1959 1559 nos
1984 1516 2000 1556 :
2028 1503 2150 1559 inde
2187 1504 2261 1559 illi
2289 1504 2498 1571 invicti,
2533 1508 2675 1565 unde
2710 1517 2765 1571 et
2786 1526 2921 1577 nos,
2950 1512 3012 1573 id
3048 1524 3131 1573 est
3158 1529 3228 1570 ex
3254 1514 3437 1573 divina

1858 1592 2079 1659 virtute,
2110 1594 2227 1650 sine
2249 1610 2354 1665 qua
2379 1612 2481 1653 nec
2507 1597 2582 1655 illi
2613 1599 2814 1669 aliquid
2840 1601 3037 1667 valent,
3063 1618 3160 1663 nec
3187 1619 3302 1663 nos.
3328 1605 3436 1661 Pu-

1857 1693 1988 1754 gnat
2012 1685 2155 1741 enim
2177 1702 2321 1744 nunc
2347 1687 2594 1755 Michael,
2621 1691 2711 1760 qui
2732 1702 2815 1749 est
2835 1696 3151 1763 praepositus
3182 1697 3436 1755 Ecclesia:

1854 1789 1978 1831 cum
2017 1775 2130 1832 suis
2157 1777 2362 1848 angelis
2396 1793 2498 1847 pro
2534 1779 2795 1839 Ecclesia.
2830 1781 3097 1854 Pugnabit
3126 1787 3289 1842 etiam
3316 1803 3437 1843 am-

1856 1867 1995 1938 plius
2037 1875 2280 1939 tempore
2323 1871 2665 1937 Antichristi,
2690 1872 2845 1943 juxta
2882 1874 3011 1931 illud
3044 1894 3058 1930 :
3100 1876 3162 1933 ln
3194 1886 3437 1950 tempore

1854 1957 1948 2019 illo
1981 1967 2271 2031 consttrget
2298 1959 2523 2017 Michael
2551 1963 2799 2034 princeps
2833 1972 3010 2023 vester
3033 1973 3091 2023 et
3114 1975 3329 2023 uetera.

1926 2049 1993 2111 Et
2025 2067 2129 2107 non
2151 2051 2425 2107 valuerunt
2447 2092 2464 2118 ,
2500 2068 2662 2124 neque
2682 2053 2828 2115 locus
2846 2055 3083 2115 inventus
3112 2066 3189 2115 est
3209 2056 3438 2128 amplius

1854 2156 2037 2208 eorum
2078 2142 2135 2196 in
2175 2141 2323 2199 caelo.
2373 2142 2553 2211 Quare
2598 2145 2748 2211 dicit,
2791 2160 2898 2207 non
2953 2146 3261 2212 valuerunt,
3310 2163 3434 2207 cum

1848 2235 2019 2299 etiam
2065 2243 2190 2306 post
2235 2236 2559 2306 baptismum
2610 2246 2664 2297 et
2704 2254 2858 2297 suam
2906 2240 3434 2301 abremntiationem

1848 2327 2098 2390 diabolus
2120 2328 2319 2390 multos
2343 2330 2613 2401 decipiat?
2633 2330 2740 2391 Sed
2762 2332 2891 2391 licet
2924 2333 3206 2391 vidcantur
3228 2347 3435 2404 pravae

1851 2416 1966 2485 lere
1986 2418 2058 2481 ad
2084 2426 2317 2489 templis,
2343 2428 2523 2477 tamen
2546 2421 2600 2481 in
2627 2436 2721 2483 eos
2741 2423 2832 2492 qui
2864 2423 2933 2479 ad
2954 2423 3121 2485 vitam
3142 2434 3271 2483 sunt
3292 2438 3432 2493 prac-

1850 2509 2140 2581 destinati,
2166 2526 2276 2569 non
2318 2513 2611 2582 praevalent
2639 2533 2653 2570 :
2682 2516 2811 2585 quia
2850 2516 3031 2573 ablato
3062 2524 3291 2589 peccato
3333 2530 3434 2586 per

1844 2601 2247 2670 pmnitentiam,
2276 2618 2384 2662 non
2418 2605 2622 2661 invenit
2648 2607 2704 2662 in
2730 2606 2819 2662 eis
2834 2606 3014 2663 locum
3044 2606 3312 2664 diabolus.
3339 2605 3432 2663 Ille

1850 2709 2088 2764 uallique
2105 2694 2172 2753 ﬁt
2190 2695 2307 2766 ejus
2333 2696 2614 2761 habitatio,
2641 2699 2695 2752 in
2721 2698 2875 2768 cujus
2900 2706 3079 2755 mente
3100 2706 3291 2768 regnat
3314 2713 3436 2768 pec-

1853 2796 2053 2853 catum.
2084 2787 2233 2845 Tulle
2263 2803 2392 2861 ergo
2419 2805 2645 2862 regnum
2668 2791 2899 2862 peccati,
2917 2798 2973 2849 et
2992 2805 3100 2863 non
3128 2790 3437 2847 invenietur

1852 2879 2004 2939 locus
2033 2879 2264 2937 diabolo.
2296 2880 2433 2937 Sunt
2462 2891 2641 2939 autem
2678 2893 2734 2940 et
2762 2884 3002 2941 nonnulli
3032 2885 3087 2941 in
3115 2883 3310 2952 quibus
3329 2897 3433 2943 nec

1852 2969 1919 3031 ad
1946 2976 2159 3040 tempus
2196 2971 2518 3040 praevalent,
2565 2974 2693 3043 quia
2724 2974 2788 3028 ad
2818 2973 3023 3030 nullum
3066 2972 3296 3033 mortale
3328 2972 3433 3031 cri-

1852 3072 1977 3115 men
2007 3073 2101 3114 eos
2121 3068 2347 3129 possunt
2372 3060 2700 3131 impingere,
2732 3077 2829 3130 per
2850 3060 2994 3131 quod
3025 3060 3238 3125 illorum
3271 3060 3433 3121 corda

1854 3152 2085 3219 debeant
2109 3152 2414 3220 possidere,
2441 3154 2635 3224 quibus
2664 3154 2864 3212 Paulus
2892 3154 2968 3225 ait
2997 3172 3012 3209 :
3047 3152 3226 3213 Nolite
3262 3151 3438 3211 locust

1855 3239 1986 3296 dare
2005 3240 2236 3297 diabolo.
2267 3239 2454 3297 Potest
2479 3250 2658 3299 autem
2683 3251 2739 3298 et
2772 3243 2875 3301 hoc
2906 3240 3213 3312 specialiter
3243 3238 3435 3297 referri

1855 3337 1924 3391 ad
1948 3337 2089 3392 diem
2111 3334 2323 3404 iudicii,
2340 3338 2557 3407 quando
2574 3338 2791 3396 illorum
2811 3346 3087 3398 eorum
3104 3336 3176 3399 ab
3201 3334 3436 3399 adventu

1855 3425 2069 3483 Domini
2108 3426 2164 3485 in
2199 3424 2406 3495 judicio
2433 3429 2835 3489 terminabitur.
2878 3427 2998 3496 Quo
3035 3434 3285 3499 peracto,
3331 3426 3436 3489 ista

1855 3517 2121 3575 sententia
2145 3518 2539 3587 complebitur,
2572 3535 2678 3579 non
2724 3500 3010 3581 valuerunt
3047 3519 3269 3585 scilicet,
3309 3519 3437 3589 quia

1854 3609 1910 3667 in
1953 3608 2059 3669 ﬁne
2086 3610 2404 3671 certaminis
2436 3614 2813 3673 succumbant.
2845 3613 3031 3685 Nequa
3064 3613 3217 3676 locus
3238 3628 3432 3673 eorum

1852 3698 2087 3770 amplius
2115 3698 2367 3769 inventus
2392 3709 2479 3763 est
2514 3702 2567 3765 iu
2595 3702 2757 3773 celo.
2785 3702 2911 3774 quia
2940 3711 3068 3760 tunc
3096 3702 3338 3765 funditus
3367 3702 3436 3763 ab

1852 3790 2039 3846 electis
2082 3791 2308 3859 exclusi,
2346 3793 2648 3862 decipiendi
2689 3794 2832 3849 ultra
2880 3803 3090 3865 tempus
3131 3808 3236 3849 non
3273 3793 3439 3849 habeo

1853 3882 2007 3935 hunL

1922 3968 1990 4025 Et
2015 3972 2280 4049 proiectus
2323 3981 2401 4027 est
2442 3973 2604 4028 draco
2653 3973 2743 4027 ille
2770 3990 3014 4043 magnus,
3056 3990 3267 4045 serpens
3295 3976 3436 4028 anti-

1849 4078 2003 4134 quus,
2034 4063 2125 4133 qui
2149 4071 2363 4118 uocatur
2392 4063 2632 4118 diabolus
2666 4073 2715 4118 et
2740 4061 2990 4119 Satanas.
3042 4065 3159 4134 Ipse
3184 4065 3438 4136 antiquus

1850 4155 2051 4222 hostis,
2084 4164 2145 4211 ut
2164 4155 2278 4225 jam
2310 4156 2513 4211 dictum
2536 4165 2640 4222 est,
2692 4156 2857 4211 draco
2897 4156 3196 4227 appellatur
3220 4164 3439 4228 propter

1850 4247 2241 4303 immanitatem
2267 4247 2513 4317 sceleris,
2546 4264 2778 4323 magnus
2818 4258 3040 4323 propter
3082 4248 3322 4305 occultas
3350 4249 3437 4303 in-

1850 4338 2017 4411 sidias
2042 4355 2057 4397 :
2087 4349 2142 4396 et
2168 4339 2294 4411 quia
2319 4355 2386 4407 ex
2410 4340 2579 4413 multo
2606 4332 2846 4415 tenuiore
2876 4349 3065 4409 nocet,
3096 4356 3319 4421 serpens
3341 4356 3437 4395 an-

1850 4434 2050 4505 tiquus,
2097 4433 2221 4507 quia
2243 4448 2343 4504 per
2367 4444 2671 4509 serpentem
2703 4434 2934 4505 primum
2966 4434 3239 4493 hominem
3279 4433 3438 4489 dece-

1847 4527 1927 4606 pit
1965 4524 2177 4595 fraude,
2223 4534 2277 4583 et
2299 4525 2381 4591 sic
2433 4540 2557 4581 eum
2601 4539 2810 4581 veneno
2856 4523 3108 4606 nequitiae
3138 4520 3435 4578 interemit.

171 4625 308 4682 enim
345 4623 581 4683 solemus
607 4629 662 4677 et
685 4635 785 4685 nos
808 4620 1009 4687 dicere,
1044 4617 1289 4673 videntes
1310 4630 1405 4716 eos
1552 4631 1620 4675 ex
1652 4630 1746 4716 ea-
1769 4653 1823 4716 D
1854 4614 2087 4716 locatur
2133 4629 2348 4716 quoque
2382 4612 2646 4716 diabolus,
2799 4622 2883 4716 est
2930 4609 3180 4716 deorsum
3203 4609 3432 4716 alluens,

170 4716 287 4771 dem
315 4713 575 4771 societate
602 4720 725 4769 sunt
755 4725 771 4765 :
798 4710 939 4767 Ecce
961 4709 1068 4773 mei
1088 4716 1182 4763 aut
1206 4707 1398 4767 nostri.
1430 4705 1569 4769 Hinc
1593 4707 1740 4765 enim

169 4805 425 4863 Dominus
445 4803 513 4860 de
538 4801 744 4871 pusillis
784 4800 862 4859 ait
899 4801 953 4861 in
982 4797 1315 4869 Evangelia:
1356 4795 1539 4868 Δηρειὶ
1562 4813 1741 4859 eorum

171 4912 364 4966 semper
402 4894 571 4957 uident
619 4892 807 4963 faciem
849 4888 1030 4957 Patris
1075 4893 1204 4957 mei,
1246 4890 1336 4961 qui
1378 4890 1435 4949 in
1487 4886 1627 4947 cali:
1668 4896 1744 4951 est

174 4986 249 5060 (11
253 4987 379 5043 attlt.
396 4985 570 5052 xvm).
590 4984 725 5040 Hinc
742 4980 904 5039 Josue
924 4981 1222 5052 principem
1244 4982 1517 5037 exercitus
1532 4978 1744 5037 Domini

174 5081 462 5150 interrogat
486 5078 701 5135 dicens:
735 5074 929 5135 Noster
952 5090 1023 5139 es,
1048 5090 1120 5141 an
1141 5073 1561 5129 adversariorum
1576 5072 1744 5134 2οω-

174 5184 267 5225 nes
308 5172 452 5225 enim
491 5166 663 5238 angeli
710 5166 867 5232 boni,
915 5166 1169 5229 dicuntur
1214 5165 1391 5237 attgeli
1430 5163 1705 5237 Michaelis
1729 5204 1745 5230 ,

176 5259 293 5329 quia
331 5257 398 5313 ad
433 5256 549 5327 ejus
581 5257 897 5315 societatem
928 5256 1219 5328 pertinent.
1266 5256 1327 5312 1n
1369 5271 1476 5327 quo
1520 5271 1748 5321 numero

178 5351 430 5406 bonorum
469 5348 810 5419 angelorum,
843 5350 1006 5413 etiam
1050 5348 1297 5405 homines
1334 5346 1466 5415 justi
1504 5362 1750 5417 compre-

179 5440 476 5496 henduntur
495 5448 795 5510 pugnantes
820 5454 942 5505 cum
969 5441 1202 5505 diabolo.
1234 5440 1407 5499 Porro
1431 5439 1605 5515 angeli
1625 5437 1751 5499 dra-

180 5531 320 5586 conis
362 5530 613 5586 dicuntur
656 5543 843 5586 omnes
890 5538 1155 5607 quotquot
1210 5533 1261 5589 ei
1317 5538 1745 5599 consenserunt,

182 5622 383 5695 quando
416 5620 734 5693 superbiens
772 5621 944 5678 dixit:
988 5623 1279 5679 Ascendnm
1319 5639 1479 5699 super
1515 5621 1751 5681 altitudi-

183 5732 290 5771 nem
314 5714 444 5779 caeli,
470 5725 526 5772 et
554 5722 770 5772 caetera.
803 5713 906 5771 Ubi
933 5715 1097 5773 etiam
1125 5717 1329 5788 pariter
1358 5716 1622 5773 malorum
1650 5717 1749 5777 hoc

184 5806 375 5863 minuto
416 5803 590 5861 forma
621 5806 1116 5878 comprehenditur.
1147 5807 1397 5883 Pugnant
1425 5810 1608 5879 itaque
1645 5808 1748 5864 Mi-

186 5897 323 5973 ttite!
352 5905 407 5956 et
434 5898 611 5973 suae“
637 5897 754 5987 eius
780 5900 837 5963 iu
872 5900 1043 5973 εαξιο.
1083 5902 1187 5967 hoc
1229 5912 1346 5977 est.
1383 5903 1438 5964 in
1470 5890 1749 5990 Ecclesia.

1849 4706 1963 4771 sive
1992 4707 2342 4773 criminator,
2392 4706 2516 4776 quia
2547 4705 2787 4775 quotidie
2828 4705 2894 4773 de
2922 4705 3176 4777 cordibus
3199 4701 3438 4765 fidelium

1848 4798 1984 4869 ﬂuit,
2043 4807 2098 4865 et
2154 4797 2279 4867 inde
2324 4797 2520 4863 dicitur
2557 4796 2808 4869 Satanas,
2866 4798 2919 4869 id
2972 4806 3059 4869 est
3107 4796 3435 4863 contrarius,

1848 4892 1974 4971 quia
2003 4893 2174 4961 honos
2224 4891 2547 4961 insequitur,
2581 4907 2811 4963 quorum
2854 4892 2930 4965 illi
2962 4906 3125 4963 opera
3160 4898 3287 4951 sunt
3308 4905 3439 4945 con-

1852 4986 2040 5045 traria.
2092 4983 2195 5053 Qui
2233 4985 2431 5043 seducit
2464 4986 2760 5043 universum
2792 4986 2986 5049 orbem.
3042 4985 3101 5049 ln
3136 4984 3221 5049 his
3255 4982 3440 5038 videli-

1852 5083 1937 5133 cct
1965 5091 2086 5146 quae
2117 5085 2365 5147 pereunt,
2419 5075 2472 5131 id
2520 5085 2603 5132 est
2631 5085 2838 5148 partem
2874 5077 3039 5132 orbis.
3098 5074 3230 5130 Nam
3263 5091 3292 5129 a
3325 5082 3440 5129 toto

1847 5172 2057 5235 partem
2109 5165 2408 5237 intelligere
2460 5166 2742 5233 debemus,
2789 5167 2914 5239 quia
2943 5166 3191 5237 quamvis
3238 5163 3439 5220 multos

1848 5257 2145 5329 electorum
2176 5258 2230 5327 in
2260 5257 2423 5325 corde
2457 5258 2773 5331 plerumque
2823 5259 3064 5325 seducet,
3109 5272 3217 5312 non
3256 5266 3437 5323 tamen

1850 5353 1905 5411 iu
1942 5361 2280 5427 perpetuum,
2340 5368 2441 5415 nec
2465 5354 2531 5409 ad
2577 5363 2836 5417 aeternam
2874 5362 3120 5421 mortem.
3173 5353 3238 5409 Et
3267 5353 3440 5433 proje-

1850 5452 1964 5511 ctus
1992 5452 2069 5503 est
2101 5444 2155 5511 in
2180 5453 2396 5500 terram.
2438 5444 2717 5517 Projectus
2759 5454 2843 5501 est
2868 5453 3048 5505 autem
3085 5445 3150 5500 de
3198 5443 3338 5511 coelo
3384 5442 3439 5515 in

1850 5545 2073 5605 terram,
2117 5536 2170 5593 id
2199 5545 2282 5597 est
2323 5538 2389 5595 de
2419 5536 2688 5597 mentibus
2715 5538 3009 5597 electorum
3051 5539 3106 5594 in
3148 5538 3312 5595 corda
3354 5551 3442 5605 re-

1849 5628 2160 5701 prohorum,
2195 5645 2301 5695 non
2324 5644 2430 5701 quo
2461 5629 2513 5684 in
2544 5630 2624 5684 eis
2645 5638 2699 5684 et
2724 5638 2851 5691 ante
2877 5645 2983 5687 non
3012 5637 3150 5697 erat,
3180 5628 3270 5699 sed
3297 5622 3440 5703 quod

1850 5722 1920 5777 ab
1941 5722 2062 5781 istis
2091 5724 2345 5781 exclusus
2372 5723 2728 5795 ampliusillis
2744 5723 3010 5793 dominari
3037 5721 3283 5795 eruperit.
3308 5718 3442 5795 liui-

1850 5828 1975 5869 nam
2023 5812 2138 5883 ejus
2174 5823 2330 5887 terra.
2364 5815 2565 5889 excipit
2618 5815 2743 5887 quia
2800 5823 3017 5873 terrena
3060 5812 3440 5893 quaerentium,

1852 5913 2065 5971 terrena
2092 5907 2439 5985 sapientium,
2477 5902 2691 5985 mentes
2718 5907 2942 5975 invadit.
2992 5907 3071 5985 De
3099 5922 3203 5991 qua
3234 5907 3443 5985 scilicet
