3990 6332
592 403 738 481 tesi

1066 420 1424 478 HAYMONIS
1461 419 1940 480 HALBERS'I‘AT.
1983 423 2200 480 EPISC.
2239 422 2388 481 OPP.
2431 421 2608 478 PARS
2646 423 2686 478 I.
2722 452 2792 462 —
2825 420 3182 478 COMMENT.
3219 421 3390 476 BlBL.

3726 427 3837 484 1088

593 546 738 592 terra
764 536 940 591 eidem
967 534 1204 604 serpenti
1235 535 1289 588 in
1329 535 1506 604 prima
1555 535 1936 591 maledictione
1974 535 2176 606 ﬁgura-
2201 548 2256 606 Α
2280 536 2481 592 habere
2501 535 2718 598 fratres,
2773 533 2866 603 qui
2891 532 3180 588 Dominum
3207 533 3409 588 habent
3453 535 3735 592 hominem
3754 538 3834 594 ira.

592 627 689 682 tim
713 625 946 680 dicitur:
996 623 1224 680 Terram
1269 625 1520 681 comedes
1565 627 1776 681 cunctis
1828 627 2017 683 diebus
2053 629 2177 683 vita:

591 724 717 772 ttae.
767 713 902 770 Nam
927 716 1069 786 quod
1114 713 1382 787 Propheta
1438 716 1605 772 dicit:
1654 716 1793 772 Esca
1822 715 1959 785 ejus
1995 711 2172 786 electi,

589 809 657 864 de
697 805 801 862 illis
829 816 914 862 est
938 806 1367 876 intelligendum,
1392 806 1484 877 qui
1509 807 1866 862 aestimatione
1896 808 2176 864 hominum

587 897 744 954 electi
772 897 1134 969 apparebant,
1171 899 1269 954 sed
1297 897 1356 953 in
1409 907 1699 968 conspectu
1731 897 1828 954 Dei
1859 898 1972 970 jam
2026 907 2175 956 terra

587 998 765 1047 erant.

662 1079 735 1135 Et
759 1081 938 1136 audivi
960 1097 1134 1136 vocem
1175 1096 1422 1152 magnam
1447 1080 1512 1134 de
1542 1078 1668 1134 caelo
1693 1081 1945 1136 dicentem
1963 1100 1983 1136 :
2015 1081 2174 1138 Nunc

589 1173 734 1244 facta
755 1184 827 1228 est
853 1172 998 1228 salus
1024 1183 1073 1229 et
1095 1175 1259 1228 virtus
1279 1182 1328 1228 et
1356 1189 1571 1244 regnum
1613 1171 1707 1227 Dei
1733 1173 1898 1227 nostri
1915 1214 1931 1241 ,
1958 1183 2007 1228 et
2025 1183 2171 1245 pote-

586 1275 696 1320 stas
731 1261 926 1319 Christi
955 1265 1090 1336 ejus.
1131 1264 1259 1320 Haec
1281 1278 1385 1320 vox
1411 1265 1479 1319 ad
1517 1279 1676 1320 omne
1700 1279 1939 1334 praesens
1961 1257 2173 1336 tempus

586 1357 822 1427 pertinet
847 1371 968 1425 quae
997 1355 1165 1426 coepit
1190 1357 1256 1410 ab
1284 1355 1515 1410 adventu
1544 1354 1940 1426 Redemptoris,
1959 1356 2054 1412 sed
2076 1372 2170 1436 us-

585 1435 800 1520 quequo
828 1447 895 1502 ad
920 1448 1438 1503 consummationem
1471 1447 2034 1518 perveniat,_clamare
2063 1435 2172 1506 non

585 1539 803 1593 desinit.
853 1537 965 1594 Vox
1015 1538 1195 1608 itaque
1226 1539 1280 1592 in
1310 1537 1448 1594 coelo
1485 1539 1611 1604 ista,
1656 1547 1740 1594 est
1771 1555 2026 1611 magnum
2061 1541 2173 1597 ele-

584 1638 798 1684 ctorum
828 1629 1154 1684 desiderium
1179 1629 1234 1684 in
1269 1628 1550 1684 Ecclesia:
1579 1627 1739 1684 Nunc
1781 1629 1925 1699 facta
1965 1640 2040 1686 est
2084 1648 2172 1686 sa-

583 1719 684 1774 lus.
720 1719 825 1775 Sed
853 1721 1000 1774 omni
1047 1727 1289 1791 tempore
1328 1721 1454 1776 vitae
1490 1721 1792 1791 praesentis,
1839 1721 1908 1778 ab
1937 1722 2172 1778 adventu

582 1809 787 1864 scilicet
830 1810 1145 1864 mediatoris
1191 1826 1362 1881 usque
1392 1810 1460 1866 ad
1487 1811 1648 1866 ﬁnem
1693 1811 1935 1882 ejusdem
1977 1815 2170 1883 praedi-

2278 640 2438 683 trem.
2465 626 2527 681 In
2560 625 2647 681 die
2676 632 2941 680 autem'et
2977 633 3159 690 nocte,
3189 624 3277 680 vel
3302 626 3633 681 continuum
3661 635 3834 699 tempus

2275 721 2610 789 intelligitur,
2643 720 2728 774 vel
2755 734 3017 789 prospera
3043 718 3128 774 vel
3170 713 3418 775 adversa.
3472 719 3537 774 In
3559 719 3648 776 die
3674 731 3724 776 et
3764 739 3834 780 uo-

2275 819 2362 867 cte
2382 808 2626 866 diabolus
2661 816 2912 875 accusat,
2960 809 3177 878 quando
3220 807 3357 864 alios
3400 809 3455 863 in
3490 812 3833 880 prosperitati.

2274 904 2378 959 bus
2404 902 2633 968 extollit,
2672 909 2833 971 atque
2878 900 3012 956 alios
3067 899 3496 955 adversitatibus
3541 898 3752 971 frangit,
3794 911 3833 958 et
3951 899 3953 964 Ι

2275 991 2380 1047 hoc
2422 1001 2546 1046 ante
2598 999 2950 1060 conspectum
2993 989 3110 1053 Dei,
3161 989 3256 1059 qui
3311 989 3524 1060 ubique
3569 1000 3674 1056 est,
3711 991 3831 1061 juxta

2276 1083 2438 1139 illud:
2474 1081 2681 1138 Caelum
2705 1089 2760 1135 et
2790 1091 2991 1137 terram
3021 1095 3122 1151 ego
3143 1081 3362 1152 impleo.

2346 1175 2415 1229 Et
2439 1175 2538 1246 ipsi
2561 1175 2794 1228 vicerunt
2825 1172 2994 1228 illum.
3020 1172 3078 1228 Id
3096 1182 3202 1241 est,
3223 1175 3396 1230 sancti
3423 1175 3530 1245 qui
3555 1175 3612 1230 in
3632 1176 3830 1234 Ecclesia

2274 1273 2401 1322 sunt
2425 1274 2480 1320 et
2510 1266 2566 1320 in
2601 1265 2760 1330 caelo,
2813 1263 3016 1320 bellum
3061 1273 3252 1321 contra
3302 1266 3608 1322 draconem
3647 1268 3824 1334 faciunt,

2275 1358 2379 1414 hoc
2403 1365 2509 1422 est,
2551 1356 2608 1410 in
2638 1356 2896 1411 societate
2923 1354 3241 1410 electorum.
3301 1353 3542 1426 Propter
3565 1361 3823 1429 sanguinem

2276 1454 2420 1524 agni.
2473 1449 2639 1520 Cujus
2683 1449 2934 1505 videlicet
2975 1449 3290 1505 Passionem
3323 1449 3617 1505 imitantur
3639 1453 3822 1507 mortiﬁ-

2275 1551 2462 1599 cantes
2493 1558 2553 1598 se
2581 1557 2702 1597 cum
2731 1542 2881 1597 vitiis
2921 1548 2976 1597 et
3021 1541 3514 1612 concupiscentiis.
3571 1542 3636 1596 Et
3659 1554 3822 1614 propter

2274 1635 2483 1690 uerbum
2519 1634 2798 1689 testimonii
2817 1634 2923 1688 sui.
2951 1631 3090 1700 Quia
3122 1631 3518 1688 nectitudinem
3543 1633 3657 1689 ﬁdei
3677 1644 3818 1689 custo-

2275 1728 2449 1784 diunt.
2485 1726 2556 1781 Et
2583 1743 2687 1780 non
2713 1724 3009 1780 dilexerunt
3047 1725 3254 1780 animas
3278 1741 3406 1780 suas
3435 1742 3604 1796 usque
3622 1727 3683 1779 ad
3712 1743 3818 1780 mor-

2277 1828 2399 1872 tem.
2454 1817 2590 1884 Quia
2619 1823 2745 1871 ante
2773 1816 3052 1887 elegerunt
3075 1816 3214 1871 mori
3258 1816 3314 1872 in
3341 1817 3448 1872 hac
3477 1817 3590 1872 vita
3633 1826 3684 1871 ut
3705 1825 3818 1886 post-

583 1901 837 1967 cationis,
866 1900 1011 1956 salus
1036 1900 1178 1957 facta
1204 1909 1307 1967 cst,
1325 1901 1452 1972 quia
1485 1901 1658 1973 gratia
1680 1903 1775 1958 Dei
1804 1903 1891 1958 vel
1929 1903 2172 1961 bonitate
2199 1903 2249 1964 B
2277 1907 2496 1964 modum
2534 1915 2826 1979 regnarent
2871 1920 2995 1962 cum
3041 1905 3278 1972 Christo,
3327 1922 3499 1976 quam
3553 1907 3636 1963 hic
3675 1909 3817 1962 vivere

583 2009 771 2050 sumus
801 1993 1014 2059 salvati,
1047 1993 1188 2049 unde
1209 1992 1494 2050 Psalmista
1521 1992 1653 2050 dicit
1680 2013 1694 2049 :
1729 1994 1944 2050 Domini
1968 2004 2044 2051 est
2081 2013 2172 2052 sa-

577 2085 681 2153 lus,
710 2096 764 2141 et
792 2094 1008 2142 caetera.
1041 2083 1210 2141 Facta
1235 2095 1310 2142 est
1332 2087 1516 2153 virtus,
1533 2086 1660 2157 quia
1686 2103 1784 2159 per
1813 2087 1964 2143 illum
1986 2104 2172 2146 sumus

581 2177 841 2232 roborati.
884 2176 1131 2249 Regnum
1169 2193 1385 2249 quoque
1427 2185 1483 2234 et
1511 2188 1752 2250 potestas
1795 2177 1936 2235 facta
1965 2179 2172 2236 est'Dei

583 2268 777 2322 nostri.
810 2265 966 2324 Sicut
993 2269 1106 2340 ipse
1126 2284 1414 2342 resurgens
1441 2285 1472 2325 a
1501 2271 1730 2327 mortuis
1749 2271 1882 2326 dicit
1907 2270 2081 2326 :-Data
2094 2281 2172 2327 est

579 2359 708 2413 mihi
735 2361 904 2416 omnis
924 2370 1148 2431 potestas
1169 2363 1226 2418 in
1247 2362 1374 2418 calo
1398 2372 1448 2417 et
1474 2363 1531 2417 in
1561 2372 1701 2418 terra
1717 2357 2165 2436 (Matth.'xxvtu).

579 2478 646 2488 —
665 2449 804 2516 Quia
817 2449 1078 2522 projectus
1096 2462 1171 2507 est
1199 2461 1475 2508 accusator
1488 2452 1714 2522 fratrum
1737 2464 2054 2523 nostrorum,
2075 2455 2167 2526 qui

579 2540 866 2596 accusabat
901 2540 1021 2597 illos
1076 2553 1198 2597 ante
1240 2553 1569 2614 conspectum
1621 2543 1722 2599 Dei
1768 2547 1933 2600 nostri
1973 2546 2059 2600 die
2105 2562 2168 2600 ac

577 2639 746 2684 nocte.
779 2631 1072 2688 Accusatio
1098 2633 1296 2689 diaboli
1331 2634 1464 2689 nihil
1493 2642 1576 2690 est
1601 2635 1768 2704 aliud,
1823 2637 1928 2692 nisi
1958 2637 2027 2692 ad
2052 2653 2168 2694 ma-

579 2719 691 2775 lum
720 2723 1099 2794 praecipitatio.
1127 2724 1280 2781 Tunc
1297 2726 1440 2782 enim
1471 2737 1712 2795 accusat,
1743 2732 1957 2800 quando
1976 2731 2167 2805 dignos

581 2815 926 2871 accusatione
987 2816 1201 2883 reddit,
1258 2832 1366 2873 non
1425 2818 1694 2891 loquendo
1741 2823 1980 2879 exterius
2003 2864 2020 2890 ,
2069 2823 2165 2880 sed

576 2906 812 2964 odiendo
834 2906 1084 2964 interius.
1129 2907 1238 2966 Sed
1282 2910 1352 2966 ab
1392 2910 1494 2967 hac
1527 2914 1874 2970 accusatione
1911 2915 2002 2970 ille
2027 2914 2166 2971 liber

578 3005 827 3068 apparet,
849 2999 942 3070 qui
969 2999 1025 3054 in
1051 3014 1112 3056 se
1139 3015 1400 3056 accusare
1429 3003 1608 3058 studet
1635 3003 1778 3073 quod
1806 3005 1874 3058 ab
1906 3005 2162 3060 adversa-

579 3091 662 3147 rio
683 3107 781 3147 suo
805 3093 1050 3148 accusari
1077 3108 1236 3163 posse
1262 3095 1560 3165 cognoscit.
1615 3095 1803 3168 Angeli
1831 3096 2012 3165 itaque
2033 3111 2164 3167 gau-

577 3182 769 3238 dentes
815 3183 881 3238 de
903 3193 1088 3240 nostra
1114 3185 1479 3251 revocatione,
1507 3184 1758 3240 laetantur
1793 3185 1860 3240 de
1895 3200 2024 3240 casu
2049 3183 2162 3239 dia-

2277 1997 2663 2068 temporaliter,
2703 2004 2760 2051 et
2803 1996 3146 2068 postmodum
3175 1997 3513 2053 aeternaliter
3545 1999 3722 2068 perire,
3745 2013 3817 2052 us-

2273 2103 2381 2160 que
2420 2087 2488 2141 ad
2522 2093 2752 2142 mortem
2796 2099 2856 2141 se
2890 2093 3210 2156 posuerunt,
3261 2100 3334 2141 ne
3369 2087 3579 2142 animas
3611 2102 3725 2142 suas
3748 2101 3820 2141 ue-
3951 2111 3953 2178 η

2272 2180 2452 2250 quiter
2477 2185 2740 2234 amarent.
2773 2177 2911 2233 Hinc
2939 2176 3140 2232 Paulus
3187 2177 3360 2232 dixit:
3407 2178 3518 2250 Ego
3557 2179 3692 2234 enim
3732 2194 3821 2233 non

2271 2269 2445 2325 solum
2474 2267 2706 2340 alligari,
2742 2267 2836 2324 sed
2862 2275 2919 2322 et
2944 2265 3084 2322 mori
3107 2276 3330 2336 paratus
3353 2283 3468 2323 sum
3488 2283 3586 2339 pro
3603 2269 3823 2334 Christo,

2275 2376 2369 2416 nec
2400 2359 2540 2430 facio
2571 2358 2805 2412 animam
2823 2371 2994 2412 meam
3024 2357 3367 2428 pretiosiorem
3391 2374 3540 2428 quam
3584 2374 3664 2412 me
3687 2359 3821 2429 (Act.

2275 2449 2390 2522 xx).
2417 2450 2486 2504 Et
2508 2430 2801 2505 Dominus:
2826 2446 2932 2514 Qui
2952 2457 3094 2502 amat
3116 2450 3342 2503 animant
3353 2464 3497 2502 suam
3508 2449 3673 2517 perdet
3693 2465 3822 2503 eam.

2269 2541 2555 2598 Imitantur
2583 2541 2728 2597 enim
2768 2539 3060 2596 Dominum
3105 2555 3284 2608 suum,
3324 2555 3484 2610 quem
3519 2540 3690 2594 sciunt
3740 2554 3823 2610 pro

2269 2649 2365 2690 sua
2395 2633 2765 2704 redemptione
2806 2647 2914 2687 non
2941 2633 3250 2703 pepercisse
3281 2632 3478 2686 animm
3495 2646 3619 2686 suae.

2340 2721 2628 2794 Propterea
2653 2722 2928 2789 (tutamini,
2975 2722 3113 2790 creti,
3163 2723 3219 2777 id
3271 2731 3357 2778 est
3384 2737 3570 2777 omnes
3595 2721 3816 2776 ecclesia.

2266 2816 2466 2873 Plurali
2501 2816 2648 2870 enim
2688 2830 2918 2872 numero
2947 2823 3198 2881 utuntur,
3242 2815 3370 2884 quia
3418 2813 3817 2869 numerositatem

2266 2909 2636 2968 Ecclesiarum
2678 2909 2980 2978 assignant.
3029 2905 3100 2962 Et
3143 2909 3235 2978 qui
3263 2907 3518 2962 habitatis
3559 2908 3612 2960 in
3652 2906 3730 2961 eis.
3768 2905 3812 2960 Id

2265 3012 2368 3068 est,
2413 3013 2602 3058 omnes
2642 2999 2816 3055 sancti
2839 2999 2930 3069 qui
2976 2999 3032 3053 in
3075 2997 3503 3069 congregatione
3553 3004 3815 3052 sanctorum

2267 3095 2576 3161 moramini,
2629 3092 2715 3148 vel
2753 3101 2904 3148 certe
2946 3091 3282 3147 habitatores
3319 3091 3608 3156 caelorum,
3632 3089 3812 3158 angelos

2268 3187 2572 3260 intelligere
2604 3201 2915 3257 possumus,
2950 3184 3146 3256 quibus
3173 3184 3530 3241 concorditer
3553 3184 3606 3240 in
3631 3183 3810 3238 Domino

577 3275 707 3332 boli.
739 3275 893 3333 Unde
918 3276 974 3331 in
1003 3275 1218 3332 Domini
1252 3277 1535 3332 nativitate
1564 3277 1850 3333 dicebant:
1881 3273 2066 3331 Gloria
2107 3277 2165 3331 in
2190 3264 2237 3329 C
2268 3279 2523 3336 convenit
2567 3276 2958 3350 congratulari,
3013 3277 3141 3332 dum
3185 3285 3241 3332 et
3265 3277 3526 3332 homines
3551 3279 3616 3332 ad
3647 3276 3811 3332 illorum

576 3367 792 3422 excelsis
822 3367 954 3424 Deo.
1011 3363 1152 3437 Quid
1179 3369 1550 3425 enim-mirum
1569 3409 1585 3436 ,
1618 3369 1664 3425 si
1693 3370 1939 3426 homines
1967 3368 2166 3428 fratres

575 3468 791 3526 vocant,
843 3457 974 3515 dum
1019 3467 1249 3516 cernunt
1276 3461 1452 3531 ipsum
1500 3461 1787 3516 Dominum
1812 3461 1915 3516 hoc
1941 3460 2164 3518 facere?

579 3551 819 3621 Surgens
845 3553 990 3607 enim
1016 3568 1047 3606 a
1074 3553 1302 3607 mortuis
1325 3551 1458 3607 dicit
1485 3550 1699 3606 Merita:
1756 3551 1919 3619 Vade,
1947 3553 2031 3607 dic
2051 3552 2164 3623 fra-

579 3641 746 3696 tribus
767 3641 916 3696 meis.
946 3640 1129 3711 Neque
1166 3641 1310 3697 euim
1356 3643 1470 3714 jam
1512 3641 1874 3715 dedignantur
1917 3643 2164 3700 homines

2268 3370 2598 3427 consortium
2642 3369 2906 3434 redeunt,
2952 3377 3009 3424 et
3057 3367 3235 3441 angeli
3277 3367 3697 3442 redintegratum
3735 3381 3812 3420 nu-

2269 3475 2478 3516 merum
2506 3475 2664 3516 suum
2710 3459 2835 3515 istis
2864 3459 3098 3528 receptis
3141 3459 3440 3530 aspiciunt.
3487 3460 3592 3518 Ubi
3627 3475 3718 3516 non
3752 3469 3812 3512 est

2268 3550 2416 3607 aliud
2443 3551 2587 3622 quod
2615 3551 2812 3621 exponi
2858 3543 3074 3618 debeat,
3113 3551 3222 3606 nisi
3248 3560 3311 3607 ut
3345 3552 3454 3608 hac
3476 3559 3714 3608 manente
3745 3549 3812 3602 12-

2270 3643 2408 3711 titia,
2437 3643 2527 3698 hic
2563 3642 2700 3699 liber
2725 3641 2965 3698 debitum
2993 3641 3158 3699 ﬁnem
3177 3643 3435 3714 accipiat.

1767 3965 2068 4066 LIBER
2139 3962 2646 4060 QUARTUS.

982 4213 1334 4283 SEQUITUR
1367 4217 1597 4276 CAPUT
1635 4219 1744 4277 XII.

666 4304 752 4362 Vte
777 4315 932 4362 terra:
952 4315 1004 4362 et
1025 4309 1180 4374 mari,
1226 4311 1353 4381 quia
1378 4312 1642 4370 descendit
1677 4314 1748 4369 ad
1793 4330 1881 4370 vos
1918 4312 2160 4369 diabolus

573 4397 765 4452 habens
806 4398 939 4452 iram
987 4415 1250 4469 magnam.
1288 4400 1456 4456 Terra
1503 4411 1685 4459 autem
1710 4413 1766 4460 et
1802 4394 1962 4461 mare"
1990 4419 2159 4460 unum

574 4491 824 4560 idemque
877 4489 1214 4562 signiﬁcant,
1276 4492 1418 4548 sicut
1465 4491 1654 4549 Daniel
1702 4503 1890 4566 aperte
1936 4495 2158 4551 demon-

573 4590 728 4636 strat.
777 4581 881 4650 Qui
925 4597 1050 4637 cum
1091 4582 1317 4638 dixisset
1345 4599 1404 4638 se
1446 4584 1649 4642 vidisse
1693 4593 1926 4657 quatuor
1964 4593 2153 4642 ventos

572 4679 872 4743 pugnantes
913 4671 968 4726 in
997 4686 1195 4743 magno
1222 4674 1382 4740 mari,
1419 4674 1651 4745 adjecit:
1701 4677 1773 4731 Et
1810 4687 2038 4752 quatuor
2071 4677 2154 4732 be—

570 4766 686 4820 stia:
723 4763 1071 4819 ascenderunt
1092 4764 1158 4819 de
1183 4774 1344 4821 terra.
1377 4766 1491 4824 Hoc
1519 4769 1696 4838 ipsum
1719 4768 2034 4841 significans
2056 4785 2154 4841 per

571 4867 794 4922 terram,
826 4856 972 4926 quod
994 4863 1052 4912 et
1088 4869 1186 4926 per
1226 4872 1395 4924 mare,
1430 4857 1486 4914 id
1504 4866 1588 4916 est
1616 4860 1763 4916 hunc
1787 4861 2067 4927 mundum,
2098 4862 2154 4916 in

568 4963 678 5018 quo
700 4947 885 5004 miseri
907 4946 1189 5017 ﬂuctuant,
1216 4951 1310 5021 qui
1335 4965 1553 5023 semper
1593 4961 1806 5009 terrena
1830 4961 2041 5024 petunt.
2075 4953 2153 5008 Ita

570 5053 700 5111 ergo
741 5045 799 5094 et
836 5039 928 5096 hic
971 5049 1118 5096 terra
1151 5049 1209 5097 et
1249 5057 1401 5098 mare
1446 5043 1800 5115 reproborum
1847 5045 2153 5115 signiﬁcant

570 5129 753 5194 corda,
791 5129 986 5200 quibus
1007 5138 1094 5186 est
1139 5146 1240 5197 vae,
1288 5131 1342 5187 id
1377 5140 1462 5187 est
1500 5140 1702 5188 :eterna
1743 5134 2034 5198 damnatio,
2065 5134 2151 5188 vel

569 5223 800 5292 perditio
825 5263 840 5289 ,
885 5222 957 5278 ad
993 5238 1131 5294 quos
1186 5233 1438 5280 versutus
1485 5210 1739 5281 inimicus
1783 5227 2039 5296 expulsus
2081 5229 2150 5284 ab

567 5315 778 5382 electis,
818 5313 1114 5381 descendit,
1159 5330 1267 5372 non
1314 5316 1458 5386 quod
1490 5315 1547 5370 in
1587 5317 1666 5371 eis
1693 5325 1818 5372 ante
1843 5333 1948 5373 non
1983 5327 2146 5388 esset,

570 5404 666 5461 sed
693 5405 822 5476 quia
873 5404 1127 5475 expulsus
1155 5419 1187 5459 a
1232 5421 1340 5461 non
1381 5406 1512 5472 suis,
1565 5406 1796 5478 amplius
1821 5407 1876 5462 in
1905 5409 2020 5465 suis
2055 5409 2152 5466 do-

569 5497 765 5554 minari
788 5497 971 5568 ctepit.
1015 5496 1116 5565 Qui
1155 5505 1306 5554 recte
1331 5506 1476 5554 terra
1501 5507 1557 5555 et
1582 5514 1731 5556 mare
1752 5511 2146 5572 nuncupantur,

569 5590 697 5662 quia
732 5589 860 5645 dum
900 5605 1118 5661 semper
1157 5599 1373 5646 terrena
1411 5599 1624 5661 petunt,
1665 5593 1928 5662 superbiae
1973 5594 2146 5650 ﬂucti-

476 5744 486 5755 _
569 5679 674 5736 bus
701 5679 914 5747 tumidi,
945 5689 1002 5736 et
1043 5680 1294 5736 vitiorum
1323 5680 1592 5738 illecebris
1631 5683 1956 5739 amarissimi
1999 5685 2149 5741 inve-

571 5770 812 5828 niuntur.
856 5771 1076 5830 Talibus
1115 5773 1299 5842 itaque
1324 5787 1403 5827 vae
1443 5772 1708 5839 imminet,
1763 5774 1814 5829 id
1839 5783 1922 5830 est
1946 5785 2144 5832 aeterna

477 5905 480 5908 .
570 5861 868 5932 damnatio,
913 5863 1039 5935 quia
1067 5861 1307 5934 deiectus
1350 5877 1380 5920 a
1432 5863 1678 5922 fidelibus
1710 5865 1972 5932 diabolus,
2023 5883 2145 5923 cum

2265 4217 2346 4272 ira
2372 4232 2568 4288 magna
2593 4218 2748 4274 szevit
2772 4218 3032 4274 adversus
3055 4215 3176 4274 illos
3201 4233 3215 4270 :
3263 4224 3321 4272 et
3347 4227 3509 4274 tanto
3554 4221 3726 4290 utique
3745 4219 3821 4273 hoc

2263 4309 2377 4380 agit
2407 4308 2724 4378 ferventius,
2755 4318 2956 4381 quanto
2982 4309 3300 4366 viciniorem
3329 4310 3435 4366 sibi
3464 4313 3636 4367 sentit
3667 4312 3820 4366 adesse

2261 4417 2501 4473 pinnam,
2546 4403 2692 4459 unde
2736 4401 3021 4458 subditur:
3056 4399 3239 4457 Sciens
3265 4403 3407 4473 quod
3433 4404 3698 4458 modicum
3723 4412 3822 4455 test-

2261 4509 2360 4564 pus
2402 4493 2576 4549 habet.
2619 4492 2891 4550 Modicum
2941 4492 3140 4564 quippe
3179 4501 3394 4564 tempus
3418 4535 3434 4560 ,
3485 4509 3718 4564 prasens
3758 4493 3820 4545 in-

2258 4583 2519 4655 telligitur
2543 4583 2678 4649 vita,
2714 4585 2780 4640 de
2824 4599 2931 4654 qua
2965 4582 3258 4653 Apostolus
3281 4598 3297 4636 :
3323 4580 3544 4650 Filioli,
3581 4585 3822 4640 novissima

2257 4671 2388 4726 hora
2409 4681 2483 4726 est
2513 4671 2564 4742 (1
2596 4671 2756 4726 Joan.
2791 4672 2874 4741 tt).
2922 4671 3056 4727 Etsi
3086 4681 3464 4743 computemus
3504 4689 3668 4730 omne
3713 4685 3821 4726 tem-

2257 4777 2360 4834 pus
2388 4763 2456 4817 ab
2477 4762 2702 4818 exordio
2730 4763 2916 4816 mundi
2945 4777 3116 4832 usque
3153 4763 3220 4817 ad
3245 4762 3410 4818 ﬁnem
3455 4765 3667 4829 saeculi,
3703 4773 3826 4817 ater-

2253 4856 2412 4911 nitati
2441 4865 2834 4926 comparatum,
2865 4857 3244 4913 brevissimum
3278 4867 3382 4913 est.
3417 4858 3566 4926 Quia
3589 4875 3714 4930 ergo
3737 4858 3826 4911 dia-

2255 4949 2408 5006 bolus
2436 4949 2491 5004 in
2533 4951 2780 5021 proximo
2802 4965 2861 5006 se
2897 4951 3000 5006 scit
3025 4966 3146 5007 esse
3175 4952 3575 5020 damnandum,
3622 4953 3688 5008 ad
3706 4966 3831 5010 exer-

2253 5038 2506 5103 cendum,
2553 5039 2815 5094 malitiam
2849 5055 3024 5106 suam,
3076 5050 3366 5112 angustum
3415 5043 3466 5098 ei
3507 5045 3725 5100 videtur
3749 5044 3829 5098 hoc

2263 5138 2494 5200 tempus,
2543 5129 2840 5200 quamlibet
2881 5131 3108 5202 prolixis
3138 5146 3413 5187 morarum
3445 5135 3649 5203 spatiis
3675 5142 3830 5204 prote-

2252 5219 2416 5276 letur.
2441 5220 2758 5278 Considerat
2785 5223 2983 5292 quippe
3010 5223 3153 5292 quod
3177 5222 3331 5292 juxta
3355 5224 3446 5291 sit,
3463 5235 3531 5280 ut
3556 5227 3829 5288 licentiam,

2251 5314 2598 5384 nequissimus
2645 5314 2915 5370 libertatis
2949 5315 3200 5370 amittat:
3247 5325 3304 5370 et
3340 5326 3554 5386 quanto
3591 5319 3835 5375 brevitate

2252 5405 2510 5474 temporis
2555 5413 2911 5473 angustatur,
2970 5414 3122 5462 tanto
3177 5406 3585 5476 multiplicitate
3639 5408 3834 5464 sceleris

2247 5497 2589 5566 expanditur.
2638 5495 2791 5552 Hanc
2811 5506 2992 5554 autem
3027 5499 3144 5569 ejus
3187 5499 3397 5553 ruinam
3429 5508 3486 5554 et
3531 5503 3594 5556 in
3625 5502 3835 5558 adventu

2249 5587 2420 5642 nostri
2446 5588 2801 5658 redemptoris
2832 5587 3053 5656 fectant,
3081 5599 3135 5646 et
3165 5607 3310 5646 nunc
3334 5606 3508 5662 usque
3535 5593 3667 5648 fieri
3699 5593 3834 5648 debe-

2249 5697 2372 5737 mus
2406 5682 2646 5738 credere.
2705 5680 2879 5738 Habet
2917 5691 3100 5739 autem
3141 5683 3385 5739 diabolus
3426 5684 3570 5739 iram
3619 5702 3738 5742 non
3774 5699 3836 5739 sa-

2249 5776 2357 5832 lum
2397 5786 2589 5835 contra
2619 5791 2736 5844 eos,
2764 5777 2856 5847 qui
2885 5793 2983 5848 per
3034 5787 3239 5833 terram
3260 5787 3314 5834 et
3341 5792 3490 5834 mare
3518 5778 3833 5850 figurantur,

2247 5869 2343 5924 sed
2365 5869 2526 5924 etiam
2555 5877 2744 5926 contra
2775 5883 2869 5926 eos
2894 5871 2988 5944 qui
3013 5871 3069 5926 in
3108 5871 3250 5928 coelo
3282 5870 3548 5937 habitant,
3576 5888 3616 5928 ι
3659 5873 3840 5945 quibus
