3990 6332
1078 359 1440 418 EXPOSITIO
1475 360 1544 418 IN
1579 357 2076 426 APOCALYPSIN.
2116 390 2188 402 —
2223 361 2355 418 LIB.
2393 361 2484 418 IV.

3277 360 3419 421 £090

199 473 346 530 victus
362 472 683 529 excluditur.
708 471 845 528 Nam
873 481 929 528 et
966 487 1066 541 per
1111 474 1259 545 ipsos
1299 476 1451 531 saevit
1476 473 1748 531 versutius
1771 476 1828 536 Α
1850 478 2030 526 motus
2068 473 2290 544 ejiciunt
2311 515 2327 541 ,
2355 483 2411 530 et
2441 475 2521 532 sic
2549 475 2870 546 semetipsos
2902 474 3179 532 desertum
3217 474 3420 547 quietis

197 563 422 618 adversus
445 563 610 633 ipsos.

256 655 314 709 Et
337 666 601 726 postquam
641 655 771 710 vidit
810 657 971 711 draco
1011 658 1150 728 quod
1196 659 1458 729 projectus
1498 667 1626 715 esset
1673 660 1741 716 de

194 745 328 812 celo,
372 747 474 802 hoc
500 755 585 802 est
625 746 694 801 de
719 747 1038 817 corporibus
1065 747 1378 802 electorum.
1429 747 1498 802 In
1521 757 1737 812 terram,

193 837 242 891 id
261 844 332 892 est
373 837 426 892 in
455 835 805 906 reproborum
834 837 1017 892 corda.
1048 837 1359 892 Persecutus
1377 846 1452 892 est
1472 837 1740 892 mulierem

190 945 292 998 qut:
306 929 488 999 peperit
503 927 815 982 masculum.
839 926 1040 982 Sancta
1061 927 1300 984 Ecclesia
1315 927 1627 998 designatur
1642 942 1741 999 per

191 1018 380 1084 coelum,
408 1017 656 1074 similiter
689 1026 746 1072 et
773 1033 874 1088 per
897 1017 1200 1073 mulierem.
1221 1016 1535 1088 Appellatur
1560 1011 1740 1071 autem

188 1110 358 1164 mulier
367 1124 470 1164 non
486 1117 706 1180 propter
729 1109 1013 1164 mollitiem
1033 1108 1222 1175 animi,
1238 1109 1335 1163 sed
1357 1108 1483 1178 quia
1498 1106 1740 1178 quotidie
1760 1168 1762 1170 _

186 1200 470 1271 spirituales
498 1200 609 1256 Deo
631 1200 770 1256 ﬁlios
796 1201 1018 1272 gignere
1036 1215 1144 1254 non
1170 1207 1367 1255 cessat.
1395 1198 1515 1268 Ipsa
1540 1197 1739 1254 etenim

183 1300 261 1348 est
271 1306 450 1362 sponsa
473 1291 673 1347 annulo
687 1290 810 1346 ﬁdei
832 1291 889 1345 in
909 1291 1176 1360 baptismo
1190 1289 1537 1355 subarrhata,
1551 1289 1618 1343 de
1632 1302 1738 1359 qua

181 1381 358 1438 Paulus
385 1381 515 1437 dicit
548 1398 562 1434 :
593 1379 859 1450 Despondi
898 1381 1037 1434 enim
1077 1396 1168 1434 vos
1206 1381 1302 1434 uni
1331 1380 1462 1446 viro,
1489 1378 1740 1449 virginem

179 1482 360 1528 castam
377 1472 615 1528 exhibere
639 1470 848 1526 Christo
871 1470 924 1544 (1
928 1470 957 1524 Ι
981 1469 1104 1525 Cor.
1132 1469 1231 1542 ιι).
1249 1471 1317 1526 Et
1331 1469 1455 1524 alibi
1475 1487 1488 1524 :
1505 1469 1738 1540 Despon-

176 1566 296 1620 sarit
305 1565 396 1620 sibi
405 1565 641 1620 Christus
662 1563 932 1618 ecclesiam
954 1579 1057 1617 non
1077 1563 1350 1618 habentem
1366 1562 1630 1617 maculam
1644 1571 1736 1616 aut

176 1672 345 1726 rugam
371 1654 530 1728 (Eph.
559 1654 636 1728 v).
667 1656 736 1710 Et
755 1655 807 1710 in
829 1655 1180 1724 sequentibus
1207 1654 1366 1726 hujus
1400 1654 1525 1709 libri
1557 1654 1736 1709 verbis

176 1746 389 1800 dicitur:
414 1743 563 1812 Veni,
578 1745 847 1800 ostendam
869 1745 961 1798 tibi
981 1762 1228 1815 sponsam
1249 1746 1371 1816 agni
1391 1745 1575 1818 (Apoc.
1592 1743 1729 1809 ut).

1839 559 2096 627 efﬁciunt,
2126 570 2186 615 ut
2205 563 2440 618 habeant
2465 564 2640 620 locum
2657 604 2673 630 ,
2701 579 2808 634 quo
2833 564 3018 634 fugere
3045 563 3275 634 possint,
3291 563 3418 635 quia
3441 557 3444 560 ’

1840 651 1966 706 dum
1993 651 2133 708 mala
2161 651 2322 720 hujus
2348 655 2533 710 mundi
2557 671 2664 711 non
2693 654 2938 726 diligunt,
2961 655 3054 710 sed
3083 654 3418 711 solummodo

1839 749 2094 797 aeternam
2111 742 2344 814 patriam
2370 753 2644 814 appetunt,
2669 761 2864 816 magna
2889 745 3084 800 mentis
3112 742 3414 815 tranquilli-

1840 843 1952 890 tate
1967 834 2338 905 perfruuntur.
2364 836 2422 890 In
2451 851 2556 906 qua
2579 837 2862 893 solitudine
2887 837 3064 894 locum
3105 847 3272 905 tenet,
3305 852 3415 909 quo

1839 920 2011 994 fugiat
2041 926 2108 980 ad
2134 925 2304 980 Deum
2334 925 2497 995 quiin
2523 936 2732 982 secreto
2763 929 2960 984 mentis
2987 944 3018 982 a
3049 929 3414 999 quaerentibus

1840 1015 2135 1084 invenitur,
2150 1016 2532 1073 cuiPsalmista
2545 1017 2678 1073 dicit
2694 1036 2708 1070 :
2723 1017 2851 1072 Esto
2873 1019 2999 1072 mihi
3019 1019 3076 1072 in
3098 1018 3269 1074 Deum
3291 1034 3416 1090 pro-
3449 1049 3458 1059 -

1839 1114 2106 1173 tectorem,
2153 1117 2202 1161 et
2242 1109 2299 1160 in
2339 1107 2511 1162 locum
2553 1107 2741 1178 refugii
2785 1117 2841 1162 ut
2886 1108 3090 1164 salvum
3127 1126 3209 1164 me
3246 1109 3415 1180 facias

1840 1190 2068 1265 (Psalm.
2094 1195 2241 1265 ιιι).
2261 1196 2478 1252 Duabus
2488 1212 2617 1266 ergo
2636 1197 2736 1251 alis
2752 1196 2946 1253 mulier
2960 1206 3134 1264 utens,
3163 1198 3416 1255 draconis

1837 1285 2272 1353 persecutionem
2297 1286 2498 1353 evadit,
2530 1287 2656 1357 quia
2681 1295 2872 1343 sancta
2892 1286 3156 1354 Ecclesia,
3187 1289 3412 1345 duorum

1840 1375 2308 1433 Testamentorum
2338 1377 2673 1450 cognitione,
2719 1379 2832 1434 sive
2867 1378 3076 1435 duobus
3132 1380 3418 1451 praeceptis

1837 1466 2122 1524 charitatis
2147 1468 2315 1534 fulta,
2346 1478 2401 1524 et
2428 1469 2496 1524 ad
2521 1455 2785 1538 {ctelestia
2839 1484 3123 1540 suspensa,
3177 1469 3416 1526 occultas

1837 1556 2043 1614 inimici
2067 1559 2291 1615 insidias
2319 1573 2642 1630 praecavere,
2672 1568 2729 1614 et
2751 1569 2968 1630 apertas
3012 1561 3418 1631 persecutiones

1836 1648 1986 1703 novit
2038 1658 2406 1716 contemnere,
2459 1665 2740 1706 removens
2787 1665 2847 1706 se
2893 1651 2962 1706 ab
3017 1652 3268 1708 omnibus
3311 1661 3417 1708 ter-

1835 1753 2089 1794 renarum
2117 1755 2300 1796 rerum
2330 1740 2613 1807 tumultus,
2645 1748 2702 1796 et
2728 1741 2784 1795 in
2824 1748 3034 1796 secreto
3069 1742 3268 1797 mentis
3309 1743 3419 1798 Do-

171 1832 284 1902 lpsa
301 1842 376 1889 est
399 1835 566 1889 etiam
609 1849 748 1890 uxor
787 1835 844 1889 in
868 1833 1202 1904 perfectione
1229 1817 1411 1908 operis
1429 1843 1491 1891 et
1519 1851 1730 1892 morum
1758 1817 1808 1878 Β
1836 1830 1986 1886 ιιιίιιο
2012 1846 2228 1888 vacans.
2261 1830 2364 1888 Ubi
2385 1832 2548 1886 alitur
2571 1819 2664 1903 per
2685 1842 2886 1904 tempus
2923 1841 2978 1887 et
3000 1841 3234 1902 tempora
3256 1840 3304 1886 et
3327 1832 3413 1885 di-

168 1925 464 1990 constituta,
497 1925 620 1994 quia
651 1941 747 1981 sua
766 1924 1150 1994 praedicatione
1175 1934 1229 1981 et
1257 1927 1503 1981 doctrina
1537 1927 1736 1984 multos

167 2011 298 2067 ﬁlios
321 2013 408 2068 Dei
443 2023 680 2083 generat.
711 2013 863 2068 Unde
875 2022 930 2068 et
957 2015 1073 2085 ipse
1087 2014 1348 2072 Dominus
1362 2017 1494 2072 dicit
1512 2035 1525 2071 :
1545 2016 1604 2072 Si
1617 2020 1733 2089 quis

164 2100 332 2169 fecerit
354 2102 670 2158 voluntatem
698 2101 879 2158 Patris
901 2106 1024 2170 mei,
1047 2105 1155 2175 ipse
1174 2122 1319 2162 meus
1345 2107 1530 2176 frater,
1558 2125 1732 2176 soror,

161 2201 210 2246 et
239 2201 396 2246 mater
415 2193 687 2266 est(Marc.
707 2194 812 2266 ιιι).
845 2193 1126 2252 Credendo
1151 2210 1280 2268 ergo
1303 2213 1522 2268 sponsa,
1551 2199 1732 2270 operi-

160 2283 261 2338 bus
281 2282 586 2342 inhaerendo
617 2301 776 2351 uxor,
801 2287 1022 2342 vocibus
1042 2288 1383 2358 praedicando
1411 2298 1586 2346 mater
1621 2289 1735 2346 elli-

156 2372 294 2428 citur
320 2373 538 2430 Christi.
573 2376 754 2433 Toties
810 2379 956 2434 enim
1009 2381 1152 2450 parit
1194 2365 1467 2438 Christum
1521 2383 1734 2453 quoties

152 2463 322 2520 ofﬁcio
353 2466 753 2536 praedicationis
774 2470 1016 2525 membra
1044 2469 1162 2539 ejus
1188 2487 1308 2543 quae
1332 2487 1431 2527 nos
1451 2487 1636 2528 sumus
1665 2471 1736 2528 ad

152 2552 310 2607 ﬁdem
357 2562 411 2610 et
455 2557 822 2624 operationem
859 2557 1148 2622 informat.
1211 2561 1506 2632 Postquam
1549 2564 1733 2634 itaque

151 2647 289 2701 vidit
313 2647 474 2704 draco
497 2650 620 2719 quia
650 2651 920 2721 projectus
940 2660 1087 2708 esset
1116 2654 1182 2708 de
1209 2655 1368 2719 cmlo,
1392 2655 1734 2726 maximeque

145 2747 270 2806 post
298 2739 585 2794 adventum
609 2740 733 2795 Filii
761 2741 882 2808 Dei,
909 2742 979 2798 de
1003 2757 1112 2812 quo
1131 2743 1391 2800 Dominus
1421 2746 1499 2800 ait
1528 2763 1540 2798 :
1581 2745 1734 2800 Vide-

145 2830 269 2883 bam
291 2829 547 2886 Satanam
569 2833 704 2886 sicut
725 2832 906 2904 fulgur
927 2834 991 2888 de
1011 2835 1136 2889 celo
1162 2837 1450 2902 cadentem,
1481 2851 1733 2907 persecu-

145 2931 236 2978 tus
263 2930 346 2978 est
369 2924 671 2990 mulierem,
700 2940 820 2995 quae
839 2925 1052 2996 peperit
1070 2926 1367 2983 masculum
1384 2968 1400 2994 ,
1431 2928 1488 2984 id
1514 2936 1598 2982 est
1621 2926 1734 2984 for-

143 3023 257 3070 tem
305 3014 580 3085 populum,
623 3017 765 3071 sicut
813 3015 1034 3072 fuerunt
1087 3019 1264 3074 sancti
1311 3027 1606 3090 martyres,
1635 3018 1729 3090 qui

138 3115 272 3162 ante
307 3117 600 3177 potuerunt
626 3110 766 3164 mori
789 3127 949 3180 quam
982 3126 1012 3165 a
1043 3111 1147 3167 ﬁde
1180 3111 1276 3166 Dei
1298 3113 1561 3182 separari.
1600 3111 1737 3167 Per-'

1836 1921 2059 1975 midium
2100 1924 2347 1994 temporis
2372 1939 2404 1976 a
2436 1921 2572 1992 facie
2591 1923 2862 1993 serpentis.
2909 1920 2967 1976 Id
2993 1930 3098 1987 est,
3130 1936 3229 1991 per
3255 1935 3417 1976 omne
3453 1975 3474 1994 ,

1835 2017 2051 2081 tempus
2083 2010 2240 2067 istius
2267 2011 2419 2076 vita),
2468 2027 2500 2066 a
2544 2010 2770 2068 Domino
2819 2010 3200 2081 praedicatione
3243 2025 3418 2081 usque

1835 2102 1906 2158 ad
1933 2103 2096 2158 ﬁnem
2122 2101 2303 2158 saeculi
2321 2143 2336 2170 ,
2360 2101 2453 2158 illo
2487 2117 2617 2158 vero
2644 2116 2784 2173 pane
2811 2101 2903 2171 qui
2929 2102 2995 2157 de
3020 2100 3159 2157 coelo
3188 2101 3414 2157 descen-

1836 2192 1934 2249 dit.
1987 2193 2106 2264 lpse
2149 2195 2295 2249 enim
2352 2201 2436 2250 est
2480 2193 2808 2266 fugientibus
2855 2200 3262 2263 persecutorum
3316 2207 3412 2247 sae-

1834 2286 2024 2343 vitiam
2086 2288 2172 2343 via
2198 2329 2214 2355 ,
2281 2288 2397 2360 ipse
2447 2288 2518 2343 ad
2573 2287 2918 2344 solitudinem
2979 2286 3416 2357 pervenientihus

1834 2377 2006 2444 locus,
2038 2378 2152 2449 ipse
2181 2380 2236 2434 in
2273 2379 2465 2435 eadem
2495 2379 2784 2436 solitudine
2833 2379 3198 2448 esurientibus
3238 2379 3412 2434 cibus.

1906 2467 1984 2525 De
2009 2469 2114 2524 hoc
2135 2478 2378 2540 tempore
2404 2471 2538 2526 satis
2570 2460 2730 2539 supra
2760 2469 2962 2524 dictum
2997 2478 3106 2525 est.
3130 2468 3268 2524 Nam
3291 2470 3415 2539 quia

1834 2561 2150 2633 praedicatio
2188 2560 2390 2618 Christi
2425 2563 2599 2644 tribus
2635 2562 2792 2618 annis
2823 2570 2881 2616 et
2907 2562 3130 2618 dimidio
3156 2562 3415 2634 perdura-

1831 2653 1944 2732 vit,
1971 2663 2028 2710 et
2053 2655 2228 2710 tribus
2266 2656 2422 2712 annis
2463 2663 2518 2710 et
2545 2649 2767 2711 dimidio
2803 2655 3202 2711 terminabitur.
3249 2653 3417 2710 Recte

1832 2761 1933 2817 per
1954 2746 2058 2802 hoc
2080 2747 2314 2818 spatium
2338 2763 2498 2803 omne
2532 2756 2742 2818 tempus
2772 2749 3056 2818 praesentis
3093 2747 3216 2803 vitae
3253 2745 3414 2802 intel-

1831 2834 2040 2908 ligitur,
2067 2837 2124 2892 in
2145 2852 2254 2907 qua
2278 2837 2380 2893 sub
2399 2838 2587 2893 eadem
2615 2838 2860 2892 doctrina
2883 2837 3125 2894 Ecclesia
3146 2825 3430 2893 moratum

1831 2928 1892 2983 ln
1924 2928 2084 3000 hujus
2131 2928 2374 2984 mulieris
2415 2928 2587 2999 ﬁgura
2621 2927 2750 2984 olim
2777 2928 3034 2998 populum
3061 2927 3413 2984 lsraeliticum

1795 3021 2083 3078 'columna
2125 3021 2286 3076 nubis
2329 3020 2668 3092 praecedebat
2712 3035 2811 3090 per
2857 3020 3022 3086 diem,
3065 3030 3122 3075 et
3164 3019 3413 3075 columna

1833 3111 1976 3184 ignis
2019 3127 2118 3182 per
2162 3120 2400 3168 noctem.
2443 3111 2502 3167 In
2549 3112 2693 3169 nu’be
2739 3111 2938 3182 quippe
2985 3111 3414 3167 blandimentum

137 3207 363 3254 secutus
383 3209 468 3254 est
494 3200 689 3269 quippe
709 3200 850 3256 hanc
873 3200 1157 3256 mulierem
1183 3201 1240 3256 in
1272 3201 1389 3271 ipsa
1419 3201 1731 3260 adolescen-
1758 3192 1802 3256 C
1835 3201 2058 3268 amoris,
2078 3201 2134 3256 in
2161 3202 2282 3274 igne
2301 3211 2484 3258 autem
2505 3209 2684 3256 terror
2707 3199 3028 3272 exprimitur
3051 3198 3285 3256 timoris.
3309 3199 3416 3256 Per

140 3289 240 3354 tia,
267 3289 484 3358 quando
514 3290 784 3347 interfecit
807 3289 976 3358 Abel,
999 3293 1097 3348 sed
1126 3294 1268 3348 hanc
1293 3303 1416 3363 post
1443 3294 1733 3351 adventum

134 3377 265 3433 Filii
297 3380 395 3436 Dei
423 3381 603 3436 acrius
643 3383 899 3452 persequi
925 3397 1213 3454 aggressus
1238 3391 1354 3450 est,
1389 3392 1446 3438 et
1471 3383 1540 3438 ad
1566 3398 1732 3454 argu-

131 3478 387 3525 mentum
406 3473 798 3541 persecutionis
819 3472 1046 3529 callidus
1069 3473 1419 3538 semetipsum
1441 3473 1728 3540 convertit,

129 3561 278 3616 alios
311 3576 411 3630 per
449 3563 691 3619 membra
717 3580 816 3620 sua
844 3565 1184 3636 cruciﬁgens,
1212 3575 1272 3621 ut
1301 3564 1544 3632 Petrum,
1594 3564 1728 3621 alios

126 3651 418 3718 lapidibus
470 3655 729 3717 obruens,
763 3666 822 3710 ut
864 3654 1219 3726 Stephanum,
1244 3656 1380 3712 alios
1427 3657 1551 3726 igne
1595 3671 1727 3713 con-

123 3755 389 3806 sumens,
439 3751 501 3796 ut
543 3742 922 3812 Laurentium,
955 3745 1090 3802 alios
1118 3761 1334 3816 quoque
1386 3747 1728 3816 serpentibus

123 3833 387 3898 tradidit,
411 3836 624 3905 ungulis
664 3836 905 3903 laniavit,
944 3838 1001 3893 in
1056 3854 1207 3894 mare
1252 3839 1627 3909 praecipitavit,
1671 3845 1726 3893 et

118 3939 229 3994 per
258 3924 417 3978 varia
443 3925 800 3983 instrumenta
821 3928 1018 3984 similia
1047 3929 1280 3985 transire
1304 3929 1495 4001 coegit.
1520 3929 1589 3984 Et
1609 3929 1725 3984 haec

115 4015 360 4086 quidem
390 4016 520 4073 facit
550 4018 768 4090 ligatus,
800 4021 897 4076 sed
954 4021 1322 4077 vehementius
1365 4029 1555 4077 contra
1602 4035 1722 4076 eam

112 4117 416 4180 exsurget,
442 4111 655 4181 quando
707 4113 1022 4168 damnatum
1060 4113 1334 4168 hominem
1363 4113 1720 4186 ingredietur,

110 4206 178 4254 et
228 4201 509 4271 pugnabit
555 4205 858 4271 tormentis,
906 4216 962 4260 et
1008 4203 1162 4260 falsis
1213 4205 1598 4272 miraculorum
1651 4206 1720 4262 si-

108 4292 275 4364 gnis,
307 4294 390 4347 ita
420 4304 476 4348 ut
523 4296 579 4350 in
616 4313 844 4351 errorem
891 4298 1243 4365 deducantur,
1273 4300 1321 4352 si
1365 4299 1483 4368 ﬁeri
1535 4308 1719 4368 potest,

104 4384 293 4437 etiam
322 4382 476 4438 electi
507 4385 724 4458 (Matth.
751 4389 922 4460 xxxv).
963 4388 1202 4456 Quorum
1245 4397 1395 4444 tanto
1448 4390 1722 4446 robustior

106 4483 263 4528 tunc
311 4475 426 4529 erit
449 4478 788 4547 constantia,
836 4490 1040 4550 quanto
1083 4481 1372 4537 immanior
1401 4489 1720 4553 persecuto-

100 4581 250 4620 rum
285 4568 522 4622 saevitia.

188 4654 271 4709 Et
305 4657 456 4712 data:
484 4667 605 4712 sunt
635 4661 841 4717 mulieri
883 4664 1002 4718 duae
1029 4663 1131 4720 alte
1177 4681 1380 4736 magna:
1425 4663 1615 4736 aquin
1667 4673 1723 4718 ut

95 4747 335 4803 volaret
361 4751 416 4804 in
446 4750 707 4806 desertum
746 4755 803 4808 in
840 4755 1011 4810 locum
1046 4774 1218 4812 suum.
1262 4758 1324 4813 In
1367 4758 1575 4813 duabus
1621 4755 1723 4812 alis

94 4842 362 4898 mulieri
389 4843 553 4912 datis,
576 4844 685 4901 duo
709 4845 1081 4918 intelliguntur
1107 4849 1485 4916 Testamenta,
1517 4857 1573 4903 et
1614 4849 1721 4905 duo

91 4924 428 4988 chaﬁitatis
448 4943 739 5004 praecepta,
765 4935 822 4990 in
846 4936 1040 5006 quibus
1066 4945 1175 4990 tota
1201 4937 1285 4992 lex
1314 4939 1498 5007 pendet
1523 4947 1571 4993 et
1599 4955 1720 5008 pro-

86 5019 298 5092 phetae
319 5063 339 5088 ,
378 5023 494 5078 sive
521 5026 688 5081 etiam
713 5027 891 5083 activa
913 5035 969 5082 et
992 5029 1406 5098 contemplativa
1430 5031 1560 5085 vita.
1586 5030 1720 5098 Qui-

87 5113 222 5168 bus
232 5116 494 5186 acceptis
517 5115 710 5173 ell‘ecta
731 5127 816 5175 est
832 5119 1034 5189 aquila,
1058 5128 1248 5190 petens
1274 5135 1371 5190 per
1383 5123 1579 5178 mentis
1593 5138 1722 5178 con-

87 5203 550 5273 templationem
575 5209 836 5277 caelestia,
874 5209 1029 5280 juxta
1052 5210 1181 5266 illud
1207 5211 1449 5282 Apostoli
1474 5231 1487 5266 :
1523 5214 1724 5269 Nostra

86 5299 468 5354 conversatio
494 5301 550 5356 in
570 5301 710 5357 cmlis
722 5311 796 5356 est
819 5302 1044 5374 (Philip.
1066 5307 1175 5374 ιιι).
1209 5302 1300 5359 Sic
1319 5304 1462 5359 enim
1484 5305 1684 5361 dicitur
1705 5321 1721 5360 :

82 5385 280 5440 Data:
305 5400 440 5442 sunt
465 5391 674 5445 mulieri
718 5391 838 5446 dua:
860 5392 961 5446 alae
981 5392 1171 5462 aquin
1196 5410 1398 5465 magna:
1414 5435 1429 5460 ,
1467 5401 1721 5464 tanquam

83 5478 417 5536 diceretur
443 5500 457 5536 :
489 5481 602 5538 Hoc
630 5484 829 5540 donum
859 5484 973 5554 ipsa
999 5485 1190 5540 mulier
1216 5488 1432 5553 meruit,
1455 5495 1516 5543 ut
1541 5488 1722 5558 aquila

81 5585 332 5644 magna
360 5571 685 5630 efﬁceretur.
720 5575 978 5630 Desertus
1007 5585 1187 5631 autem
1213 5578 1370 5634 locus
1408 5579 1574 5635 corda
1598 5595 1723 5636 san-

79 5673 350 5720 ctorum
404 5666 806 5738 intelliguntur,
857 5676 1064 5722 remota
1093 5684 1124 5722 a
1155 5671 1390 5726 terrenis
1417 5670 1715 5727 desideriis.

76 5755 285 5813 Prius
346 5758 494 5815 enim
524 5776 556 5816 a
594 5761 897 5830 semetipsis
947 5760 1280 5816 inordinatos
1331 5762 1718 5819 desideriorum

1833 3295 1933 3352 has
1942 3297 2140 3368 quippe
2151 3297 2286 3353 duas
2299 3296 2580 3352 columnas
2593 3295 2698 3350 duo
2711 3294 3085 3365 signiﬁcantur
3097 3293 3411 3350 Testamen-

1833 3394 1908 3440 ta.
1940 3386 2045 3441 Per
2065 3388 2265 3442 nubem
2285 3386 2342 3442 in
2361 3387 2448 3442 die
2465 3427 2482 3452 ,
2512 3384 2721 3442 Novum
2745 3371 3080 3457 signiﬁcatur
3101 3385 3412 3441 Testamen-

1832 3485 1968 3543 tum,
1986 3477 2041 3532 in
2052 3493 2160 3548 quo
2173 3493 2279 3533 non
2292 3477 2525 3532 vindicta
2539 3477 2900 3549 peccantium,
2916 3479 3008 3534 sed
3022 3477 3410 3534 misericordia:

1829 3566 2026 3624 lenitas
2054 3575 2270 3625 ostensa
2299 3575 2404 3623 est.
2432 3566 2588 3625 Unde
2605 3574 2690 3622 est
2721 3585 2733 3620 :
2761 3567 2930 3622 Nemo
2949 3577 2999 3621 te
3018 3568 3404 3632 condemnavit,

1827 3664 2018 3718 mulier
2043 3663 2226 3735 (Joan.
2252 3662 2396 3733 VIII).
2432 3662 2540 3718 Per
2561 3663 2741 3734 ignem
2765 3676 2895 3718 vero
2919 3661 2976 3718 in
3029 3671 3206 3728 nocte,
3232 3661 3401 3718 Vetus

1828 3755 2233 3812 Testamentum
2263 3755 2600 3826 intelligitur,
2617 3755 2763 3825 quod
2783 3755 3104 3825 supplicium
3129 3756 3407 3826 peccanti-

1823 3846 1929 3902 bus
1952 3847 2208 3901 minatur.
2239 3844 2393 3901 Unde
2413 3853 2499 3900 est
2521 3862 2534 3897 :
2565 3844 2625 3900 Si
2653 3845 2776 3914 quis
2806 3845 2909 3917 hoc
2926 3844 3014 3898 vel
3037 3845 3168 3900 illud
3189 3845 3404 3912 fecerit,

1823 3944 2000 3991 morte
2021 3935 2308 3991 moriatur.
2331 3933 2568 4006 Fugiens
2592 3943 2772 3990 autem
2792 3933 3020 4004 populus
3041 3933 3402 4000 Pharaonem,

1823 4027 1918 4098 qui
1946 4035 2032 4083 est
2075 4029 2240 4084 draco
2285 4042 2531 4098 magnus,
2563 4027 2768 4082 cubans
2805 4025 2864 4079 in
2904 4025 3081 4081 medio
3120 4024 3403 4080 fluminum

1823 4134 2066 4185 suorum,
2109 4117 2278 4173 veluti
2324 4117 2519 4172 mulier
2551 4115 2690 4186 fugit
2724 4116 3036 4183 draconem,
3067 4116 3312 4186 pervenit
3349 4115 3403 4171 in

1822 4207 2127 4274 desertum,
2177 4207 2232 4262 in
2281 4221 2390 4276 quo
2429 4205 2599 4260 Deum
2646 4211 3007 4274 protectorem
3061 4205 3299 4275 reperit,
3351 4213 3407 4260 et

1822 4313 2018 4352 manna
2042 4296 2250 4352 coelesti
2274 4302 2460 4366 pastus
2471 4302 2572 4359 est,
2586 4303 2640 4348 et
2650 4309 2746 4365 per
2767 4308 3085 4364 suspensum
3099 4303 3402 4364 serpentem

1822 4401 2056 4453 aeneum,
2079 4386 2368 4441 Dominum
2387 4383 2832 4440 videlicetJesum
2858 4383 3134 4440 Christum
3163 4383 3402 4439 salvatus

1827 4479 1930 4544 est,
1973 4478 2066 4548 qui
2091 4493 2300 4534 veneno
2328 4476 2539 4546 peccati
2568 4475 2781 4532 caruit:
2809 4475 2936 4544 quia
2985 4483 3042 4530 et
3078 4474 3124 4531 si
3156 4475 3406 4547 apparuit

1749 4545 1805 4607 Β
1830 4577 1888 4632 in
1913 4575 2266 4632 similitudine
2293 4573 2473 4629 carnis
2500 4571 2729 4642 peccati,
2761 4580 2938 4627 tamen
2988 4579 3255 4642 peccatum
3300 4587 3404 4625 non

1831 4668 1974 4738 fecit,
2002 4684 2094 4722 nec
2114 4667 2348 4721 inventus
2372 4677 2448 4718 est
2469 4662 2620 4717 dolus
2645 4664 2701 4717 in
2715 4678 2804 4716 ore
2817 4662 2930 4733 ejus
2952 4660 3004 4733 (Ι
3024 4659 3172 4718 Petr.
3201 4661 3284 4734 ιι).
3303 4661 3404 4716 Ρο-

1831 4767 2138 4823 testantem
2160 4757 2358 4813 deserti
2385 4755 2602 4811 nomine
2628 4754 2718 4810 illa
2743 4755 2894 4826 regio
2917 4754 3214 4825 designari,
3237 4767 3399 4822 quam

1828 4858 2076 4921 apostata
2117 4847 2339 4919 angelus
2373 4846 2632 4913 deseruit,
2677 4853 2732 4900 et
2764 4847 2926 4902 homo
2963 4845 3016 4900 in
3053 4858 3161 4914 quo
3194 4851 3400 4898 certum

1789 4995 1792 4998 .
1827 4940 2021 5010 refugii
2064 4939 2242 4994 locum
2281 4938 2490 4994 invenit
2511 4936 2771 5004 Ecclesia,
2811 4952 2933 5008 qua
2961 4935 3197 5006 undique
3220 4950 3403 5006 perse-

1825 5031 2131 5088 cutionibus
2169 5031 2506 5102 angustiatur
2552 5030 2607 5085 in
2650 5037 2819 5094 terra,
2862 5027 2955 5083 ubi
2994 5026 3175 5083 cibum
3211 5025 3403 5083 indeﬁ-

1824 5123 2059 5178 cientem
2103 5121 2324 5191 reperit,
2372 5137 2491 5193 quae
2526 5119 2616 5176 hic
2654 5119 2780 5175 dum
2815 5115 3100 5189 afﬂigitur,
3131 5115 3398 5187 justitiam

1825 5211 2015 5267 esurit.
2044 5211 2103 5266 lu
2135 5211 2237 5267 alis
2270 5200 2451 5267 autem
2497 5209 2758 5275 mulieris,
2789 5210 2904 5279 ipsa
2934 5207 3216 5279 suSpensio
3247 5206 3402 5262 intel-

1826 5303 2010 5375 ligitur
2052 5302 2538 5374 contemplationis.
2585 5299 2736 5357 Solet
2779 5300 2926 5356 enim
2971 5300 3076 5355 hoc
3118 5297 3398 5370 proprium

1829 5411 1950 5451 csse
1976 5403 2285 5451 sanctorum
2321 5394 2545 5460 donum,
2574 5392 2631 5447 in
2666 5406 2774 5462 quo
2805 5390 2978 5462 magis
2999 5392 3269 5462 pressuris
3302 5404 3399 5445 an-

1831 5488 2140 5560 gustiantur
2158 5489 2212 5544 in
2231 5496 2399 5554 terra,
2414 5502 2479 5542 eo
2492 5485 2721 5556 amplius
2731 5485 3200 5556 contemplationis
3217 5499 3396 5554 penna

1829 5579 2108 5634 eleventur
2121 5580 2186 5633 ad
2212 5593 2441 5633 summa.
2465 5575 2603 5631 Hinc
2615 5576 2812 5631 Paulus
2823 5575 2954 5630 dicit
2973 5593 2985 5628 :
3005 5573 3230 5640 Quando
3247 5571 3401 5642 inﬁr-

1830 5680 2104 5736 mor,tunc
2133 5669 2444 5738 fortiorsum
2463 5666 2546 5738 (ΙΙ
2577 5666 2697 5722 Cor.
2722 5665 3010 5737 xu).—Et
3035 5665 3398 5736 misitserpens

1831 5777 1895 5816 ea:
1919 5778 2006 5818 ore
2032 5778 2128 5816 suo
2160 5769 2272 5829 post
2303 5757 2572 5813 mulierem
2608 5774 2802 5829 aquam
2825 5767 3075 5828 tanquam
3099 5757 3317 5828 ﬂumen.
3337 5753 3399 5811 In
