3972 6510
208 521 353 582 1093

1153 514 1513 575 EXPOSITIO
1548 515 1617 572 ΙΝ
1652 506 2146 573 APOCALYPSIN.
2184 544 2258 558 —-
2294 509 2423 572 LIB.
2463 514 2554 574 IV.

3339 508 3480 573 ιουι

208 639 277 694 Et
306 636 364 691 in
386 630 479 690 illo
493 612 667 689 ctiam
689 644 851 688 omne
882 636 1081 703 corpus
1119 630 1238 700 eius
1267 631 1544 702 ﬁguratur.
1584 628 1792 684 Haben—
1817 632 1872 694 Α
1895 629 2156 699 sanguine
2202 631 2495 686 vindictam
2541 636 2828 702 expetente
2849 668 2867 697 ,
2906 629 3159 686 exierunt
3180 629 3288 686 duo
3325 631 3478 697 ursi,

207 741 317 783 lem
346 726 517 796 capita
559 732 753 795 septem
792 730 838 779 et
874 730 1079 777 cornua-
1103 722 1302 788 decent,
1334 731 1385 777 et
1409 728 1566 792 super
1597 728 1795 776 cornua

206 818 331 889 ejus
375 814 550 879 decem
596 812 919 869 diademata.
968 813 1071 868 Per
1115 818 1327 883 septem
1367 820 1548 868 autem
1593 812 1790 881 capita,

207 924 407 965 omnes
460 918 615 978 reges
663 902 1035 977 intelliguntur"
1073 904 1153 960 illi
1185 902 1421 969 metu,
1464 908 1562 973 per
1609 902 1797 958 decem

208 1017 445 1066 cornua,
473 1000 656 1054 omnia
681 996 866 1070 regna.
909 997 1105 1053 Multas
1130 996 1274 1052 cnim
1310 1000 1608 1067 potéStates
1636 995 1796 1065 huius

207 1090 400 1148 δέεαιιί
441 1087 665 1146 habebit
704 1089 813 1145 sibi
864 1089 1139 1155 subditas,
1198 1086 1395 1157 quibus
1429 1096 1491 1142 et
1529 1086 1795 1141 honorem

208 1181 387 1245 dabit.
409 1182 464 1236 e‘t
494 1178 679 1235 mundi
705 1190 875 1250 regna
908 1178 1135 1234 Domino
1158 1176 1522 1246 permittente;
1572 1176 1713 1231 unde
1740 1175 1797 1229 in

210 1273 472 1327 cornibus
528 1270 647 1339 ejus
685 1271 873 1325 decem
927 1274 1052 1323 sunt
1092 1267 1441 1332 ducemus,
1493 1266 1598 1320 hoc
1643 1265 1795 1321 enim

210 1360 486 1435 signiﬁcat
530 1362 629 1432 per
677 1360 867 1416 decem
911 1358 1238 1423 uiscerum,
1272 1357 1423 1428 quod
1468 1357 1795 1436 penmcem

211 1464 443 1519 cornua,
498 1452 557 1508 id
608 1457 693 1508 est
719 1450 901 1506 omnia
950 1454 1113 1520 regna
1162 1453 1379 1504 terrena
1421 1447 1503 1502 illi
1539 1447 1793 1514 subdita;

210 1553 425 1618 septem
459 1544 602 1601 enim
644 1542 829 1614 capiti
869 1540 954 1597 vel
993 1548 1215 1605 cornua,
1260 1548 1367 1596 non
1408 1544 1657 1606 numero,
1702 1539 1801 1595 sed

214 1635 617 1709 signiﬁcatione
660 1634 1035 1711 uiliter-sitatis
1059 1633 1384 1711 invenimus.
1423 1631 1494 1687 Et
1534 1642 1690 1704 super
1709 1648 1798 1688 ca-

211 1729 329 1798 pila
351 1728 468 1797 ejus
487 1722 696 1792 mea,
726 1710 1009 1794 scriptum,
1042 1722 1550 1805 nonsummum
1564 1724 1799 1780 maxime

212 1826 531 1890 potentatus
556 1818 716 1889 lidius
750 1814 941 1872 sucus
971 1815 1315 1887 blasphemi
1354 1815 1525 1870 Deum
1551 1823 1607 1870 et
1631 1815 1799 1872 verba

212 1919 272 1965 et
293 1922 476 1980 opere.
499 1907 900 1978 Blasphemablt
925 1917 1109 1962 autem
1138 1907 1250 1977 ipse
1278 1906 1446 1961 Deum
1467 1912 1523 1961 et
1547 1907 1797 1962 taberna-

1900 717 2056 775 Titus
2076 726 2131 774 et
2146 718 2530 790 Vespasianus,
2546 722 2817 792 principes
2832 722 3092 794 gentium,
3107 726 3231 777 eum
3246 722 3487 779 multitu-

1898 808 2026 864 dine
2041 809 2404 877 exercituum,
2428 819 2550 880 post
2570 812 3045 883 quadragesimum
3067 810 3363 867 secundum
3385 827 3482 869 an-

1900 914 2031 956 num
2045 901 2337 957 Dominica:
2350 901 2639 971 passionis,
2658 903 2945 973 ipsamque
2959 901 3238 957 Iudaicam
3262 910 3478 974 gentem

1898 998 2265 1061 peremerunt.
2282 990 2436 1046 Sicut
2454 1004 2585 1062 ergo
2604 992 2676 1046 ibi
2698 1007 2796 1063 per
2813 998 3003 1049 ursum
3014 1001 3255 1063 potestas
3271 1003 3483 1052 terrena

1900 1081 2244 1151 exprimitur,
2266 1080 2340 1136 ita
2363 1088 2418 1135 et
2450 1080 2558 1136 lric.
2589 1076 2751 1138 Tales
2776 1084 2977 1154 quippe
3010 1091 3136 1140 sunt
3168 1084 3223 1139 in
3256 1096 3485 1157 corpore

1899 1172 2252 1239 Antichristi,
2283 1173 2374 1243 qni
2400 1172 2627 1243 pedibus
2660 1174 2936 1231 saecularis
2974 1177 3232 1246 potentia:
3256 1176 3483 1233 concul-

1901 1273 2029 1322 cant
2072 1274 2370 1337 pauperes,
2415 1266 2654 1334 debiles,
2699 1268 3004 1337 orphanos,
3032 1274 3088 1324 et
3123 1274 3353 1327 caeteros
3388 1269 3488 1328 Dei

1902 1373 2110 1414 servos.
2139 1356 2253 1414 Leo
2283 1372 2499 1429 quoque
2523 1358 2605 1431 (ut
2632 1359 2893 1431 diximus)
2913 1361 3167 1430 quamvis
3201 1362 3274 1419 sit
3297 1361 3483 1421 fortis-

1903 1449 2075 1505 simus
2105 1449 2435 1515 bestiarum,
2482 1459 2541 1505 et
2580 1450 2651 1506 ad
2688 1449 2889 1507 nullius
2933 1456 3131 1522 paveat
3171 1454 3481 1523 occursum,

1904 1547 2083 1595 tamen
2106 1539 2333 1595 insidias
2354 1540 2543 1605 tendit,
2559 1548 2685 1597 cunt
2704 1542 2938 1611 predum
2962 1542 3067 1599 sibi
3091 1542 3352 1615 praeripit.
3375 1545 3481 1603 Cu-

1895 1628 1987 1699 jus
2014 1630 2181 1685 etiam
2224 1630 2406 1701 rugitu
2434 1634 2623 1686 omnes
2662 1630 2849 1687 bestia!
2889 1640 3093 1703 pavere
3129 1634 3403 1704 dicuntur,
3433 1647 3492 1695 et

1903 1722 2025 1779 ideo
2063 1734 2169 1779 non
2201 1722 2473 1780 immerito
2499 1732 2599 1794 per
2635 1722 2848 1780 leonem
2888 1720 3257 1785 Antichristils
3290 1728 3490 1786 intelli-

1901 1815 2046 1885 gitur
2078 1833 2092 1868 :
2138 1815 2265 1885 quia
2306 1814 2570 1887 quosdam
2614 1818 2917 1877 terroribus
2950 1818 3183 1893 decipit,
3226 1826 3488 1894 quosdam

1905 1912 2083 1960 autem
2113 1904 2325 1961 fraude.
2344 1905 2498 1963 Unde
2517 1906 2804 1965 Psalmisut
2829 1928 2842 1964 :
2869 1908 2981 1967 Sub
3006 1910 3188 1983 ﬁngua
3206 1914 3323 1985 ejus
3341 1914 3493 1971 labor

212 2002 397 2059 culum
423 2010 478 2059 et
516 2018 710 2058 nomen
741 2001 878 2073 ejus,
905 2002 1049 2056 sicut
1071 2000 1131 2055 in
1157 1998 1513 2070 sequentibus
1553 1999 1794 2056 invenie-
1828 1984 1883 2046 Β
1903 1992 2403 2071 etdolor(Psal.x).
2420 1994 2587 2055 Sedet
2606 1998 2661 2053 in
2681 1998 2895 2056 insidiis
2911 2015 3035 2056 cum
3058 1984 3312 2059 divitibus
3333 2003 3387 2059 in
3400 2019 3493 2062 oc-

215 2108 359 2149 mus.
386 2093 612 2149 Facient
655 2093 818 2149 etiam
856 2092 957 2163 Qui
993 2099 1118 2147 sunt
1152 2093 1395 2147 membra
1423 2091 1563 2162 ejus,
1593 2092 1721 2161 quia
1743 2092 1795 2146 ei

214 2186 432 2257 placere
453 2185 694 2256 cupiunt.
719 2183 796 2242 ue
833 2183 935 2239 bac
965 2183 1299 2253 blasphemia
1326 2182 1614 2253 Apostolus
1642 2182 1794 2248 dicit,

216 2279 313 2349 qui
353 2277 758 2343 adversabitur,
805 2285 863 2331 et
908 2274 1198 2331 extolletur
1249 2290 1414 2345 super
1454 2284 1616 2329 omne
1651 2272 1797 2343 quod

214 2369 415 2426 dicitur
456 2367 619 2431 Dens,
670 2376 765 2422 aut
817 2366 963 2438 quod
1007 2366 1237 2433 colitur,
1279 2367 1353 2422 ita
1402 2372 1461 2420 ut
1509 2366 1697 2420 sedeat
1740 2365 1799 2419 in

214 2458 416 2530 templo
443 2456 539 2512 Dei
576 2460 837 2527 tanquam
861 2456 934 2509 sit
966 2455 1128 2511 Deus.
1155 2456 1225 2510 Et
1250 2454 1491 2510 membra
1519 2455 1638 2525 ejus
1667 2454 1799 2509 ado-

213 2552 415 2607 rabunt
449 2558 591 2611 eum,
631 2549 761 2620 quia
792 2548 1053 2603 honorem
1090 2546 1333 2601 divinum
1362 2545 1441 2600 illi
1476 2545 1701 2601 dabunt.
1730 2544 1798 2600 Et

214 2641 341 2711 quia
372 2640 427 2695 in
449 2638 623 2695 bestia
643 2646 751 2693 non
781 2637 1118 2694 solummodo
1148 2648 1330 2708 caput,
1368 2639 1465 2694 se‘d
1485 2644 1648 2695 omne
1667 2648 1799 2709 quo-

212 2747 319 2803 que
339 2732 455 2803 ejus
478 2729 744 2802 ﬁguratur
767 2740 985 2799 corpus,
1014 2730 1299 2784 subditur:

283 2821 352 2876 Et
401 2821 562 2876 bestia
598 2836 755 2891 quam
796 2819 904 2875 uidi
923 2846 944 2888 ,-
964 2820 1151 2875 similis
1184 2826 1296 2874 erat
1333 2821 1521 2890 pareto,
1556 2830 1606 2875 et
1631 2822 1790 2892 pelles

208 2914 325 2984 ejus
342 2914 475 2967 sicut
496 2912 651 2983 pedes
675 2910 814 2977 ursi,
841 2912 889 2965 et
924 2927 984 2966 as
1001 2911 1116 2981 ejus
1140 2912 1275 2965 sicut
1295 2924 1355 2966 os
1377 2911 1560 2967 leonis.
1585 2911 1795 2969 Pardus

209 3003 385 3059 bestia
413 3004 499 3058 est
537 2986 835 3058 saevissima
874 3010 1037 3072 atque
1076 3002 1564 3072 impatientissima;
1605 3012 1663 3059 et
1695 3016 1796 3059 va-

212 3097 408 3152 rietate
433 3096 573 3152 cutis
599 3094 849 3153 tiiscoldr.
876 3095 1047 3152 Ursus
1072 3106 1291 3166 quoque
1309 3096 1658 3166 rapacissima
1689 3104 1792 3164 est,

207 3189 445 3262 primum
482 3189 711 3258 pedibus
736 3188 1018 3244 conducat
1039 3197 1095 3244 et
1112 3178 1455 3254 comminuit,
1482 3197 1539 3246 et
1571 3189 1652 3245 sic
1675 3202 1797 3245 om-

209 3281 299 3337 nia
330 3283 574 3337 devorat.
615 3279 725 3336 Leo
756 3294 888 3335 vero
914 3288 1177 3336 terrorem
1211 3293 1313 3341 suo
1335 3280 1515 3351 rugitu
1541 3281 1795 3339 omnibus

1898 2085 2078 2142 cultis.
2104 2085 2179 2141 De
2205 2096 2313 2157 quo
2337 2098 2553 2143 rursum
2576 2102 2675 2160 per
2696 2086 2947 2146 eumdem‘
2970 2090 3206 2147 dicitur:
3238 2091 3388 2149 Sicut
3409 2093 3490 2149 lea

1897 2176 1955 2230 in
1975 2173 2137 2230 cubili
2154 2186 2271 2231 suo.
2296 2177 2462 2233 Recte
2478 2179 2627 2234 enim
2645 2180 2901 2251 antiquus
2923 2180 3273 2238 adversarius
3297 2193 3487 2240 contra

1896 2266 2101 2322 eiectos
2116 2267 2170 2321 in
2197 2269 2496 2324 certamine
2519 2270 2748 2341 positus,
2782 2273 2866 2329 leo
2894 2272 3216 2344 appellatur,
3236 2276 3363 2347 quia
3388 2290 3487 2346 per

1897 2367 2126 2430 utraque
2153 2362 2344 2418 saevire
2381 2364 2734 2433 permittitur,
2766 2372 2824 2422 et
2857 2364 3046 2423 fraude
3072 2367 3281 2425 Scilicet
3301 2377 3356 2425 et
3378 2370 3491 2426 vir-

1899 2458 2030 2506 tute.
2064 2451 2289 2520 Virtute,
2317 2466 2415 2524 per
2435 2456 2733 2525 potentiam
2762 2456 3119 2513 smeularem‘:
3148 2457 3362 2526 fraude,
3385 2474 3485 2531 per

1897 2542 2051 2612 signa
2099 2543 2506 2600 miraculorum.
2540 2544 2613 2602 Ut
2638 2558 2733 2603 eos
2761 2548 2907 2603 enim
2951 2548 3045 2618 qui
3087 2552 3275 2620 aperte
3316 2549 3489 2620 iniqui

1898 2642 2044 2700 sunt,
2075 2636 2378 2704 pertrahat,
2410 2637 2727 2694 saecularem
2767 2640 3067 2708 potentiam
3096 2648 3375 2697 ostentat:
3408 2640 3483 2699 Ut

1896 2742 2027 2783 vero
2068 2728 2231 2784 etiam
2264 2727 2442 2799 iustos
2469 2728 2655 2797 fallat,
2681 2730 2851 2802 signis
2876 2732 3223 2789 sanctitatem
3246 2733 3485 2789 simulat.

1895 2816 2004 2875 Illis
2029 2819 2173 2874 enim
2200 2821 2393 2876 suadet
2418 2820 2707 2877 elationem
2736 2821 3145 2894 magnitudinis,
3179 2823 3314 2880 istos
3341 2823 3488 2880 deci-

1894 2910 1975 2981 pit
2003 2910 2314 2966 ostensione
2337 2912 2663 2966 sanetitatis.
2689 2911 2759 2966 Et
2786 2913 2929 2967 dedit
2952 2912 3033 2968 illi
3053 2914 3214 2969 draco
3241 2914 3482 2969 uirtutem

1895 3014 2048 3055 suam
2083 3007 2133 3054 et
2157 3007 2463 3070 potestatem
2491 3008 2756 3072 Magnam.
2802 3000 2957 3058 Sicut
2984 3002 3045 3058 in
3070 3002 3291 3060 Christo
3316 3004 3488 3074 pleni-

1898 3095 2029 3151 tudo
2083 3096 2387 3153 divinitatis
2428 3093 2761 3168 requiescit,
2818 3094 2893 3154 ita
2951 3096 3006 3154 in
3063 3096 3157 3155 illo
3206 3098 3485 3170 plenitudo

1895 3186 2169 3257 nequitias.
2204 3186 2273 3241 Et
2309 3187 2452 3242 sicut
2493 3186 2742 3244 Christus
2769 3203 2869 3258 per
2906 3189 3159 3245 virtutem
3186 3192 3339 3247 verbi
3369 3205 3485 3247 om-

1896 3280 1989 3335 nia
2027 3290 2125 3335 sua
2156 3278 2291 3335 facit
2320 3280 2505 3351 opera,
2560 3280 2638 3335 ita
2674 3289 2730 3336 et
2758 3279 2849 3337 ille
2881 3282 3129 3352 perditus
3151 3282 3248 3354 per
3286 3270 3485 3341 diaboli

208 3373 396 3430 bestiis
425 3372 702 3427 inmittit:
735 3376 791 3427 et
826 3386 952 3428 eum
985 3372 1059 3427 sit
1096 3364 1427 3428 fortissimus
1467 3372 1789 3440 bestiarum,
1819 3352 1865 3417 ε
1894 3370 2245 3443 potestatein,
2281 3372 2375 3443 qui
2420 3370 2481 3427 in
2513 3385 2578 3429 eo
2621 3370 2923 3440 habitabit,
2947 3382 3113 3445 op’era‘
3152 3352 3263 3430 sua“
3298 3373 3482 3431 faciet.

210 3474 373 3535 atque
396 3463 467 3518 ad
495 3463 692 3520 nullius
720 3467 913 3535 pareat
939 3468 1246 3529 occlusum,
1283 3466 1471 3520 tamen
1486 3458 1791 3523 msidiando

207 3557 444 3628 Praedam
481 3556 585 3613 sibi
619 3556 878 3627 prteripit.
922 3555 1080 3612 Tales
1117 3562 1245 3611 sunt
1281 3557 1473 3627 utique
1514 3558 1793 3626 har-ericii

209 3649 433 3721 pagani,
471 3658 527 3703 et
563 3646 776 3713 ueteri,
814 3649 905 3718 qui
940 3650 1009 3704 ad
1039 3658 1238 3718 corpus
1269 3640 1588 3706 Antichriai
1618 3652 1789 3721 perti-

209 3748 357 3795 nent.
400 3739 457 3793 ln
486 3741 748 3796 varietate
772 3740 1037 3810 siquidem
1062 3740 1249 3809 pardi,
1279 3740 1564 3797 diversitas
1611 3744 1789 3799 natio-

210 3844 339 3887 num
379 3830 711 3893 osten’ditur,
741 3844 863 3898 qua
906 3828 982 3883 illi
1021 3831 1436 3898 crediturae“.
1490 3832 1587 3886 Vei
1626 3834 1791 3887 etiam

212 3920 498 3977 multitudo
539 3920 847 3975 divitiarum
868 3961 884 3986 ,
926 3921 1125 3990 quibus
1152 3912 1242 3976 ille
1276 3930 1405 3978 suos
1426 3925 1643 3979 ornabit
1667 3926 1793 3981 sub-

192 4014 400 4085 .jectos.
436 4012 527 4067 Vel
554 4022 699 4068 certe
726 4014 967 4068 omnium
1008 4014 1448 4084 bypocritarum,
1487 4023 1651 4086 atque
1679 4032 1795 4072 om-

215 4108 359 4163 nium
392 4106 739 4176 reproborum
770 4103 911 4162 licus
950 4107 1221 4174 actiones,
1261 4106 1355 4178 qui
1389 4108 1527 4163 bona
1557 4123 1677 4179 quae
1715 4107 1795 4164 fa-

215 4202 383 4265 ciunt,
399 4200 621 4269 cupiunt
644 4206 857 4269 semper
877 4199 1072 4265 videri,
1094 4208 1152 4254 ut
1172 4200 1385 4255 laudem
1402 4199 1472 4255 ab
1491 4202 1797 4257 hominibus

217 4292 499 4362 accipiant.
545 4290 697 4347 Unde
746 4294 936 4345 contra
995 4290 1254 4345 Dominus
1311 4288 1557 4347 fidelibus
1613 4292 1791 4348 dicit:

141 4407 152 4417 -
220 4383 442 4440 Orontes
464 4381 621 4436 nolite
646 4380 869 4435 multant
892 4382 1068 4453 loqui,
1098 4382 1237 4436 sicut
1262 4380 1545 4452 hypocrita!
1571 4382 1792 4452 faciunt.

218 4478 283 4532 Et
317 4480 434 4531 cuin
469 4474 845 4545 elemosynam
886 4474 1037 4543 facis,
1071 4474 1177 4529 noli
1217 4474 1347 4528 tubu‘
1378 4480 1563 4529 canere
1603 4483 1723 4529 ante
1746 4483 1799 4531 te

217 4570 346 4624 sicut
362 4569 646 4639 hypocrin
665 4569 891 4637 faciunt,
904 4567 995 4622 sed
1018 4567 1213 4621 nesciat
1234 4565 1445 4621 sinistra
1460 4576 1551 4620 tua
1563 4569 1702 4639 quod
1717 4567 1799 4639 fa-

1895 3465 2075 3520 Draco
2109 3462 2325 3535 itaque,
2361 3464 2417 3520 id
2442 3468 2528 3522 est
2556 3463 2833 3533 diabolus,
2872 3466 3019 3522 dedit
3042 3467 3127 3522 illi
3156 3476 3483 3539 potestatem

1893 3568 2047 3614 suam
2065 3562 2121 3615 et
2138 3558 2393 3614 virtutem
2411 3599 2426 3624 ,
2455 3564 2519 3614 ut
2545 3558 2753 3614 faceret
2782 3556 3044 3615 miracula
3073 3558 3127 3617 et
3155 3561 3307 3633 signa
3333 3562 3486 3617 inau-

1892 3650 2026 3715 dita,
2058 3654 2113 3705 et
2140 3648 2467 3721 potestatem
2493 3664 2749 3722 magnam
2770 3650 2919 3708 dedit
2941 3650 3041 3716 illi,
3066 3666 3164 3722 per
3184 3668 3344 3722 quam
3370 3653 3485 3708 ele-
3559 3651 3565 3661 ’

1890 3748 2055 3796 vatur
2080 3738 2244 3812 super
2268 3750 2459 3813 gentes
2485 3748 2541 3796 et
2568 3744 2752 3813 regna.
2784 3739 2984 3798 Contra
3007 3742 3178 3799 bonos
3205 3743 3481 3812 desaeviet,

1894 3850 1995 3890 nec
2053 3835 2160 3890 erit
2214 3834 2321 3890 ulla
2387 3832 2675 3890 diliicultas
2726 3836 3019 3906 peragendi
3074 3836 3273 3893 malum
3303 3879 3320 3906 ,
3356 3838 3484 3910 quia

1894 3924 1942 3978 is
1972 3938 2099 3978 eum
2148 3922 2508 3991 inhabitabit,
2556 3926 2649 3994 qui
2691 3936 2790 3995 per
2818 3940 2879 3981 se
2913 3934 3076 3982 omne
3103 3928 3306 3983 malum
3334 3931 3487 3987 adin-

1893 4015 2063 4070 venit.

1968 4101 2037 4156 Et
2083 4102 2190 4158 uidi
2234 4114 2399 4157 unum
2439 4104 2507 4158 de
2542 4102 2799 4176 capitibus
2840 4105 2954 4160 suis
2987 4103 3143 4177 quasi
3168 4109 3399 4164 accisam
3430 4111 3486 4167 in

1895 4201 2134 4248 mortem.
2172 4191 2420 4249 Diximus
2462 4194 2713 4264 superius
2755 4196 2883 4265 quia
2924 4200 3022 4267 per
3056 4191 3267 4267 septeni
3303 4200 3484 4270 capita

1896 4298 2089 4340 omnes
2125 4284 2280 4354 reges
2309 4284 2387 4341 illi
2422 4282 2629 4341 subditi
2653 4287 3026 4358 designantur,-
3057 4290 3158 4360 per
3188 4288 3352 4347 unum
3391 4304 3488 4348 au-

1899 4384 2006 4431 tem
2047 4384 2240 4447 caput,
2272 4377 2423 4447 quod
2452 4377 2547 4433 hic
2574 4379 2924 4449 singulariter
2957 4382 3215 4450 tanquam
3244 4384 3489 4440 Occisum

1898 4481 1957 4523 se
1980 4468 2181 4524 vidisse
2203 4468 2337 4524 dicit
2366 4469 2634 4536 Joannes,
2662 4470 2839 4541 ipsum
2880 4472 3181 4543 principem
3222 4472 3488 4531 malorum

1899 4559 2200 4633 intelligere
2229 4561 2507 4617 debemus.
2542 4561 2703 4619 Unde
2747 4571 2899 4619 recte
2937 4564 3175 4620 dicitur:
3208 4562 3487 4636 Tanquam

218 4664 317 4717 ciat
340 4662 553 4715 dextera
576 4659 1012 4732 tua(Mattlt.Vl).
1030 4658 1169 4716 Justi
1189 4668 1407 4728 quoque
1425 4668 1589 4728 opera
1606 4670 1700 4715 sua
1714 4674 1797 4716 os-
1824 4721 1873 4732 “
1901 4652 2141 4707 occulam
2168 4664 2290 4707 eum
2319 4652 2521 4708 vidisse
2546 4653 2601 4707 in
2646 4666 2879 4709 mortem
2900 4695 2914 4720 ,
2939 4654 3067 4726 quia
3096 4655 3344 4713 videlicet
3374 4658 3491 4728 ipse

219 4721 834 4820 ιθηάετεῇοθθηιωζςθά
850 4750 917 4804 ad
932 4721 1229 4806 licentum}
1250 4721 1580 4820 ipsique-que
1598 4764 1793 4820 per-ea,
1822 4721 1876 4781 Π
1903 4742 2179 4797 simulabit
2203 4757 2263 4797 se
2286 4744 2552 4809 occisum,
2582 4752 2638 4799 et
2663 4752 2785 4816 post
2828 4721 3061 4801 mortem
3097 4721 3487 4804 resurrexissc.

219 4844 313 4901 sed
324 4843 485 4899 Pater
501 4842 738 4898 caelestis
759 4841 1107 4913 glorificetur.
1127 4840 1187 4894 lu
1207 4852 1337 4895 urso
1359 4847 1543 4894 autem
1558 4848 1797 4910 potestas

220 4937 540 5008 exprimitur
580 4934 875 4990 smeularis.
920 4932 1073 4989 Unde
1120 4933 1261 4989 bene
1303 4933 1356 4986 in
1406 4931 1545 4987 libro
1593 4930 1799 5003 Regum

221 5030 475 5101 legimus,
508 5024 633 5097 quia
676 5038 800 5081 cum
838 5028 1211 5087 reverteretur
1250 5022 1457 5078 Eliseus
1487 5023 1541 5077 in
1575 5022 1761 5078 Bethel
1781 5062 1797 5090 ,

219 5122 368 5192 pueri
399 5120 689 5174 illudentes
732 5124 1017 5187 coeperunt
1055 5115 1235 5170 dicere
1274 5133 1288 5169 :
1320 5112 1576 5178 Ascende,
1621 5111 1797 5179 calce,

223 5213 459 5278 ascende,
473 5212 617 5266 calve
629 5211 683 5283 (Ι
694 5208 734 5264 V
750 5209 874 5280 Reg.
892 5210 974 5283 ιι).
989 5207 1407 5277 Maledixitergo
1417 5204 1499 5259 eis
1514 5206 1567 5259 in
1585 5205 1804 5259 nomine

226 5304 457 5369 Domini,
485 5310 539 5358 et
566 5303 771 5372 egressi
805 5305 910 5357 duo
951 5301 1060 5356 ursi
1099 5298 1167 5355 de
1197 5298 1360 5363 saltu,
1399 5297 1803 5352 devoraverunt

224 5411 288 5452 ex
312 5396 391 5451 eis
421 5390 783 5465 quadraginta
803 5393 936 5450 duos
955 5394 1173 5465 pueros.
1212 5389 1427 5445 Eliseus
1452 5389 1508 5444 in
1540 5389 1645 5444 hoc
1682 5387 1805 5446 loco

226 5485 489 5557 significat
511 5484 803 5539 Dominum:
821 5483 1025 5549 Je‘sum,
1056 5482 1153 5553 qui
1178 5492 1301 5536 cum
1329 5484 1693 5534 reverteretur
1732 5477 1807 5531 ad

226 5577 437 5633 Patrem
464 5588 563 5649 per
586 5574 893 5647 passionem
922 5576 1130 5640 mortis,
1168 5569 1615 5629 clamaveruntei
1649 5567 1805 5639 pueri

230 5671 573 5735 insultantes,
612 5666 675 5724 id'
704 5676 789 5724 est
816 5664 985 5724 suum
1024 5667 1304 5739 pueriliter
1346 5664 1619 5737 sapientes
1644 5670 1806 5731 atque

231 5754 465 5821 dicentes
493 5783 506 5819 :
544 5758 651 5818 Vah
676 5763 765 5834 qui
793 5761 1015 5817 destruit
1038 5760 1282 5831 tentplum
1313 5760 1412 5815 Dei
1437 5802 1451 5826 ,
1481 5770 1528 5815 et
1553 5761 1609 5814 in
1630 5757 1811 5813 triduo

233 5855 356 5912 illud
385 5856 686 5928 remdificnt.
716 5853 775 5911 Si
802 5852 974 5909 Filius
1008 5852 1104 5908 Dei
1137 5856 1235 5918 est,
1274 5853 1555 5909 descendat
1584 5866 1720 5905 nunc
1744 5850 1808 5904 de

238 5950 382 6006 cruce
404 5958 452 6006 et
472 5949 732 6005 credimus
754 5948 800 6003 ei
815 5945 1027 6019 (Matth.
1059 5943 1248 6015 xxvn).
1276 5942 1384 5999 Sed
1404 5944 1571 6014 ipsius
1596 5942 1807 5997 Domini

1907 4834 2061 4891 Unde
2087 4833 2473 4908 subiungitur:
2497 4833 2567 4890 Et
2600 4834 2756 4907 plaga
2795 4838 2980 4892 triariis
3021 4837 3139 4909 ejus
3176 4846 3363 4893 curata
3390 4850 3485 4893 est.

1907 4926 2077 4983 Tanta
2103 4928 2300 4999 quippe
2323 4929 2601 4984 temeritas
2622 4930 2735 4984 erit
2754 4928 2809 4983 in
2839 4928 2932 4984 illo
2961 4930 3215 4985 damnato
3243 4930 3485 4998 homine,

1906 5026 1968 5074 ut
2008 5020 2076 5075 ad
2122 5018 2453 5075 deludendos
2755 5020 3139 5092 pantulorum,
3185 5021 3493 5077 imitatione

1906 5109 2023 5163 veri
2046 5108 2243 5179 capitis
2264 5109 2486 5178 Christi,
2517 5111 2757 5167 occisum
2786 5124 2846 5167 se
2869 5110 3018 5167 dicat
3042 5118 3096 5168 et
3126 5112 3499 5170 resurrexisse

1910 5206 2031 5269 post
2069 5208 2319 5265 mortem,
2366 5199 2595 5269 ideoque
2639 5214 2713 5256 ne
2752 5199 2895 5255 forte
2922 5200 3149 5268 veritas,
3188 5201 3289 5256 sed
3312 5199 3495 5259 illusio

1903 5300 2142 5364 putetur,
2173 5291 2383 5348 idcirco
2404 5300 2747 5363 nequaquam
2787 5286 3109 5349 nulrntsn'do
3143 5290 3347 5349 dicitur
3375 5311 3388 5347 :
3426 5293 3499 5350 Et

1904 5400 2070 5440 unum
2091 5385 2156 5440 de
2189 5383 2455 5454 capitibus
2478 5383 2592 5439 suis
2613 5383 2856 5439 occisum
2883 5384 2938 5439 in
2968 5388 3222 5449 mortem,
3254 5392 3311 5440 et
3335 5383 3495 5456 plaga
3576 5394 3583 5398 ‘

1907 5478 2098 5532 mortis
2125 5474 2245 5545 ejus
2270 5484 2457 5531 curata
2486 5483 2599 5542 est,
2642 5473 2738 5531 sed
2777 5464 3143 5546 "remittitur.
3179 5474 3366 5543 Qrasi,
3392 5476 3493 5531 ad-

1906 5566 2157 5626 verbium
2182 5567 2390 5625 scilicet
2423 5564 2792 5624 similitudinis
2813 5608 2826 5632 ,
2867 5574 2928 5624 u't
2950 5580 3050 5638 per
3084 5569 3189 5623 hoc
3211 5567 3375 5640 (sicut
3413 5566 3497 5620 tli-‘

1907 5660 2053 5719 ctum
2074 5662 2180 5733 eet)
2208 5656 2391 5734 aperte
2412 5660 2730 5717 ostendatur
2772 5675 2876 5716 non
2920 5670 3047 5717 esse
3080 5660 3212 5717 illud
3249 5658 3499 5716 serimus
3618 5659 3627 5663 ’

1908 5756 2299 5827 persecutione,
2336 5754 2431 5809 sed
2461 5753 2739 5808 verisimili
2781 5752 3011 5809 fraude:
3040 5754 3353 5823 quanquam
3402 5748 3497 5808 illa

1910 5849 2179 5919 particula-
2202 5850 2305 5903 non
2336 5858 2552 5916 semper
2578 5858 2675 5916 pro
2692 5846 2953 5902 adverbio
2975 5844 3378 5910 similitudinis,
3399 5830 3499 5900 sed

1912 5941 2199 6012 aliquando
2240 5940 2403 5994 etiam
2454 5946 2550 6007 pro
2589 5935 2943 5993 aliirntatione
2983 5936 3226 5993 veritatis
3344 5932 3506 6009 Serti-5‘
