3972 6506
492 501 629 558 1095
669 535 672 538 ~

968 493 1326 550 HAYMONIS
1363 488 1842 548 HALBERSTAT.
1884 487 2098 543 EPISC.
2123 485 2276 543 OPP.
2317 482 2502 538 PARS
2535 481 2576 535 l.
2617 511 2688 522 —
2721 478 3076 536 COMMENT.
3116 475 3289 532 BIBL.

3673 466 3797 521 ίοειδ

488 619 652 683 plura
687 615 936 679 ponatur,
974 603 1119 659 unde
1157 610 1242 659 est
1273 621 1287 657 :
1327 601 1399 656 Et
1429 603 1652 658 vidimus
1695 599 1916 672 gloriam
1955 586 2070 667 ejus
2097 601 2151 661 Α
2176 603 2290 651 toto
2328 596 2494 652 corde
2517 609 2634 658 suo,
2657 600 2713 647 et
2731 591 3038 663 proximum
3066 589 3208 645 sicut
3239 585 3721 656 seipsumnaam
3755 589 3802 635 et

493 701 715 772 gloriam
751 695 901 767 quasi
934 693 1187 764 unigeniti
1228 712 1260 748 a
1309 691 1488 748 Patre.
1513 723 1583 733 -—
1612 689 1679 744 Et
1705 689 1966 744 admirata
1996 696 2070 742 est

493 794 733 846 universa
761 799 902 843 terra
939 795 1052 858 post
1080 785 1314 841 bestiam.
1357 784 1500 839 Nulli
1529 783 1774 846 dubium,
1811 781 1942 851 quin
1975 792 2074 849 per

495 889 695 934 terram
741 877 946 932 terreni
989 875 1375 946 intelligantur,
1423 874 1516 944 qui
1563 873 1903 927 admirantur
1950 878 2076 940 post

493 970 746 1034 bestiam,
775 968 1108 1023 aestimantes
1129 981 1248 1022 eam
1279 964 1645 1021 resurrexisse
1672 979 1704 1017 a
1732 962 1992 1028 mortuis,
2021 967 2077 1017 et

493 1062 674 1117 facere
701 1076 766 1116 ea
793 1058 1050 1116 miracula
1081 1059 1137 1113 in
1157 1058 1356 1112 virtute
1379 1054 1692 1111 divinitatis.

565 1151 636 1207 Et
656 1152 1002 1206 adoraverunt
1024 1149 1298 1204 draconem
1312 1189 1328 1212 ,
1341 1148 1394 1203 id
1412 1154 1496 1202 est
1516 1146 1805 1210 diabolum,
1825 1145 1914 1216 qui
1934 1144 2076 1199 dedit

494 1249 799 1312 potestatem
828 1240 1000 1294 bestia:
1041 1247 1102 1294 ut
1142 1238 1344 1294 faceret
1389 1235 1652 1292 miracula
1689 1235 2074 1306 potentialiter.

497 1331 565 1384 Et
594 1331 944 1385 adoraverunt
979 1329 1214 1393 bestiam,
1258 1327 1313 1381 id
1339 1334 1422 1382 est
1447 1327 1623 1397 ipsum
1663 1325 2074 1380 Antichristum.

497 1421 736 1476 Dicentes
758 1437 776 1474 :
805 1419 934 1486 Quis
957 1417 1143 1473 similis
1186 1418 1395 1472 bestiaa?
1423 1417 1495 1473 Ut
1523 1433 1581 1473 se
1607 1417 1858 1473 ostendat
1899 1431 2080 1472 resur-

497 1511 702 1566 rexissc
735 1526 767 1564 a
807 1509 1057 1564 mortuis.
1086 1507 1156 1562 Et
1189 1508 1303 1577 quis
1331 1507 1520 1578 poterit
1544 1522 1780 1577 pugnare
1813 1523 1931 1560 cum
1972 1523 2032 1559 ea
2056 1506 2081 1558 .9

499 1603 570 1658 Ut
592 1601 858 1656 voluntati
878 1597 1005 1678 ejus
1048 1598 1303 1654 resistere
1327 1597 1519 1668 possit,
1550 1595 1602 1651 id
1626 1603 1711 1650 est
1737 1595 1939 1650 nullus.
1978 1594 2078 1651 Hic

494 1691 608 1762 jam
641 1699 828 1760 aperte
869 1691 1291 1753 demonstratur,
1319 1686 1449 1756 quid
1473 1686 1544 1742 sit
1573 1685 1831 1741 admirari
1857 1685 2077 1740 univer-

499 1797 615 1836 sam
645 1791 845 1837 terram
873 1787 996 1851 post
1020 1778 1271 1844 bestiam,
1304 1776 1359 1832 id
1394 1784 1480 1832 est
1500 1776 1759 1846 reprobos
1787 1782 1843 1830 et
1865 1784 2079 1830 terrena

499 1874 791 1944 sapientes.
814 1872 872 1927 ln
898 1887 964 1927 eo
985 1871 1168 1941 itaque
1200 1869 1491 1925 draconem
1521 1867 1904 1931 adoraverunt,
1935 1864 2080 1936 quod

2175 688 2319 759 quod
2352 701 2515 758 omne
2552 695 2765 754 tempus
2791 682 2952 752 hujus
2977 681 3102 736 vitae
3132 679 3468 749 designetur
3514 688 3633 744 per
3673 688 3796 744 qua-

2176 781 2540 853 dragesimum
2579 778 2873 834 secundum
2903 788 3212 838 numerum,
3256 771 3387 827 hinc
3416 775 3635 838 patet,
3666 767 3796 834 quod

2177 867 2270 923 lilii
2313 867 2477 922 Israel
2509 865 2921 938 quadragesima
2968 873 3026 920 et
3067 861 3302 919 secunda
3349 855 3682 914 mansione
3728 857 3794 909 in-

2178 962 2350 1030 gressi
2378 969 2506 1016 sunt
2529 969 2731 1015 terram
2754 957 3208 1029 repromissionis.
3233 952 3580 1010 Notandum
3605 949 3792 1019 quippr

2179 1061 2262 1109 est
2297 1052 2578 1119 omnibus,
2623 1051 2770 1122 quod
2794 1065 2892 1121 per
2919 1049 3096 1120 ipsum
3127 1048 3232 1102 iter
3261 1040 3581 1101 lsraelitici
3621 1039 3788 1110 populi

2178 1161 2415 1218 praesens
2459 1143 2572 1199 vita
2611 1141 2966 1214 signiﬁcetur,
2999 1140 3053 1194 in
3089 1153 3194 1208 qua
3232 1133 3538 1208 peregrini
3589 1147 3788 1192 sumus,

2179 1248 2237 1294 et
2258 1239 2326 1293 ad
2349 1236 2583 1308 patriam
2610 1234 2888 1290 caelestem
2915 1232 3207 1287 tendimus.

2253 1327 2322 1382 Et
2349 1326 2554 1397 aperuit
2594 1342 2650 1380 os
2675 1341 2827 1380 suum
2847 1325 2903 1378 in
2935 1321 3283 1392 blasphemias
3314 1320 3391 1374 ad
3417 1317 3642 1381 Deum,
3666 1316 3785 1370 blas-

2180 1419 2424 1491 phemare
2477 1432 2665 1471 nomen
2706 1415 2887 1487 ipsius.
2917 1414 3036 1484 Ipse
3081 1412 3174 1483 qui
3221 1426 3372 1466 nunc
3423 1407 3666 1480 aperuit
3705 1423 3780 1461 ora

2181 1507 2532 1578 reproborum
2552 1506 2622 1561 ad
2641 1503 3122 1575 blasphemandum
3143 1501 3312 1558 Deum
3332 1500 3430 1556 vel
3457 1498 3570 1555 Dei
3590 1514 3777 1559 servos,

2183 1601 2299 1672 ipse
2329 1608 2458 1655 tunc
2487 1599 2694 1669 aperiet
2728 1612 2791 1653 os
2828 1595 3208 1669 corporaliter,
3235 1609 3359 1650 cum
3390 1592 3461 1647 in
3506 1590 3611 1646 illo
3650 1591 3778 1644 dam-

2182 1701 2313 1750 nato
2346 1692 2566 1748 homine
2593 1690 2842 1746 habitare
2879 1689 3126 1760 cmperit.
3159 1686 3292 1744 Tale
3318 1695 3414 1742 est
3462 1686 3623 1741 enim
3671 1686 3771 1743 hoc.

2183 1783 2342 1854 quale
2387 1791 2444 1837 et
2495 1781 2654 1848 illud,
2687 1781 2829 1851 quod
2873 1780 2932 1835 in
2977 1778 3266 1851 Evangelio
3307 1777 3378 1832 de
3409 1777 3772 1847 Redemptorc

2183 1885 2394 1941 nostro,
2430 1873 2556 1930 licet
2579 1887 2679 1942 per
2714 1870 3048 1928 contrarium
3098 1869 3336 1935 dicatur,
3362 1869 3509 1938 quia
3543 1870 3767 1938 aperiens

497 1964 725 2021 bestiam
746 1963 911 2030 illam,
937 1962 1191 2018 videlicet
1216 1960 1634 2024 Antichristum,
1667 1974 1777 2014 non
1801 1957 1974 2014 solum
2002 1957 2084 2013 di—
2113 1958 2162 2020 Β
2186 1984 2250 2025 οε
2275 1983 2432 2024 suum
2475 1967 2704 2028 docebat
2741 1980 2860 2031 eos,
2890 1979 2956 2020 ac
2992 1964 3040 2019 εί
3079 1963 3352 2020 dicerem,-
3384 1979 3403 2018 ;
3442 1961 3557 2029 Qui
3587 1961 3764 2015 dudum

495 2056 644 2112 vitiis
670 2063 726 2111 et
753 2055 1142 2124 potentatibus,
1168 2068 1357 2108 verum
1383 2052 1548 2106 etiam
1577 2051 1874 2106 electorum
1915 2049 2084 2121 signis

496 2158 550 2206 et
571 2147 864 2204 virtutibus
892 2146 1108 2212 fultum,
1132 2145 1408 2202 Christum
1431 2159 1554 2200 esse
1580 2151 1927 2215 putaverunt.
1953 2142 2085 2198 For-

496 2239 638 2294 sitan
674 2239 820 2293 enim
846 2237 1239 2293 contemnenda
1266 2245 1428 2300 esset,
1464 2238 1510 2292 si
1535 2235 1875 2292 solummodo
1895 2245 2085 2306 poten-

497 2331 571 2384 tia
617 2329 880 2396 saeculari,
911 2338 967 2385 et
1003 2345 1112 2385 non
1148 2331 1437 2387 virtutibus
1477 2329 1612 2386 fulta
1641 2339 1806 2387 esset.
1849 2331 2083 2386 Rursum

497 2421 843 2492 despicienda
865 2430 1010 2477 esset
1036 2420 1304 2490 fortassis,
1335 2424 1382 2479 si
1407 2423 1582 2479 solum
1613 2421 1904 2478 virtutibus
1924 2421 2086 2478 simu-

497 2513 620 2570 latis
650 2522 705 2570 et
745 2530 852 2570 non
888 2515 1052 2570 etiam
1092 2515 1337 2571 saeculari
1372 2515 1613 2586 potentia
1641 2530 1740 2570 usa
1777 2513 1988 2570 fuisset.
2015 2512 2087 2568 At

499 2623 622 2663 cum
652 2608 820 2679 signis
861 2616 916 2663 et
957 2609 1198 2678 potentia
1244 2607 1495 2663 videatur
1539 2606 1792 2671 suﬁ‘ulta,
1819 2607 1943 2678 quis
1976 2623 2085 2662 non

503 2699 676 2755 solum
715 2699 1067 2769 reproborum
1085 2739 1100 2764 ,
1121 2713 1312 2753 verum
1332 2699 1496 2754 etiam
1522 2699 1819 2754 electorum
1843 2713 1950 2753 non
1977 2707 2084 2754 tre-

501 2791 689 2868 pidet’?
712 2790 862 2846 Unde
887 2798 943 2844 et
970 2789 1258 2845 adorantes
1278 2789 1488 2844 dicunt:
1515 2791 1646 2856 Quis
1667 2788 1852 2844 similis
1875 2789 2089 2844 bestiae?

503 2880 572 2936 Et
595 2895 783 2935 verum
811 2880 997 2936 dicunt
1024 2871 1227 2949 isti'qui
1255 2880 1396 2936 hanc
1421 2880 1650 2935 bestiam
1674 2880 1921 2944 adorant,
1958 2881 2084 2946 quia

504 2986 680 3041 neque
716 2971 772 3026 in
816 2970 1059 3026 saeculari
1102 2971 1362 3042 potentia,
1395 2987 1571 3042 neque
1601 2972 1655 3027 in
1697 2972 2085 3029 miraculorum

502 3061 691 3118 fraude
740 3062 798 3118 in
842 3063 1129 3118 retroactis
1181 3064 1512 3134 temporibus
1568 3063 1760 3120 similis
1814 3063 1862 3119 ei
1921 3079 2084 3136 appa-

502 3151 629 3208 ruit.

572 3243 646 3298 Et
687 3245 870 3300 datum
895 3253 970 3300 est
1003 3247 1050 3300 ei
1082 3262 1138 3301 os
1168 3245 1380 3318 loquens
1408 3263 1598 3318 magna
1633 3255 1682 3303 et
1718 3247 2078 3318 blasphemias.

503 3333 698 3389 Divino
724 3343 780 3390 et
798 3333 945 3403 justo
975 3335 1068 3390 Dei
1093 3335 1298 3404 judicio
1324 3336 1392 3391 ad
1419 3335 1716 3392 illudendos
1745 3337 1954 3393 animos
1997 3352 2085 3393 re-
2114 3332 2160 3397 C

504 3429 834 3498 proborum,
875 3429 1208 3500 permittitur
1249 3429 1618 3485 Antichristus
1657 3445 1851 3501 magna
1900 3428 2084 3499 loqui:

505 3537 703 3594 magna
733 3521 953 3592 utique,
978 3538 1086 3577 non
1115 3523 1240 3592 quia
1271 3523 1412 3577 bona
1433 3563 1448 3588 ,
1476 3523 1572 3578 sed
1596 3523 1725 3594 quia
1755 3523 2002 3578 inaudita
2033 3532 2090 3580 et

508 3615 792 3670 terribilia.
841 3615 908 3669 Et
951 3615 1313 3684 blasphemias
1354 3615 1628 3684 loquetur,
1673 3615 1800 3684 quia
1847 3616 1990 3671 dicet
2030 3630 2090 3672 se

509 3706 679 3762 Deum
705 3721 847 3770 esse,
878 3715 933 3761 et
958 3721 1057 3775 pro
1083 3706 1177 3762 illo
1221 3720 1281 3761 se
1323 3705 1540 3761 adorari
1574 3704 1755 3760 faciet.
1785 3706 1979 3762 Datum
2007 3715 2092 3763 est

509 3799 655 3853 enim
679 3807 735 3855 et
768 3797 846 3852 illi
876 3814 905 3853 a
931 3798 1042 3854 Deo
1069 3807 1131 3853 ut
1171 3798 1276 3854 hoc
1311 3798 1538 3863 faceret,
1569 3797 1622 3852 id
1659 3806 1739 3854 est
1766 3799 2090 3869 permissum

509 3899 594 3946 est
625 3891 721 3946 illi.
753 3890 881 3946 Tale
912 3891 1112 3962 quippe
1133 3898 1218 3947 est
1241 3892 1366 3958 hoc,
1389 3890 1548 3961 quale
1573 3898 1630 3947 et
1656 3890 1791 3947 illud
1817 3908 1829 3946 :
1853 3891 2089 3947 Indura-
2126 3919 2128 3921 >

510 3991 620 4036 tum
649 3991 724 4037 est
758 3998 848 4036 cor
877 3979 1198 4037 Pharaonis.

582 4075 651 4129 Et
677 4075 804 4129 data
830 4083 904 4130 est
931 4074 1011 4128 illi
1041 4084 1266 4146 potestas
1299 4075 1472 4144 facere
1501 4091 1702 4132 menses
1740 4076 2091 4146 quadraginta

513 4166 664 4221 duos.
711 4164 770 4220 In
814 4165 988 4221 tribus
1017 4165 1176 4220 annis
1211 4175 1266 4221 et
1296 4165 1546 4231 dimidio,
1577 4165 1933 4237 quadraginta
1958 4165 2092 4220 duos

510 4270 727 4313 menses
755 4265 903 4322 sunt,
928 4265 1092 4328 atque
1115 4257 1320 4313 idcirco
1352 4248 1661 4329 specialiter
1685 4257 1741 4313 in
1773 4256 1857 4313 his
1884 4257 2089 4314 mensi-

513 4347 616 4405 bus
642 4348 890 4404 ultimum
922 4357 1132 4420 tempus
1157 4357 1213 4406 et
1239 4350 1546 4420 persecutio
1574 4350 1915 4420 signiﬁcatur
1939 4349 2092 4404 Anti-

513 4440 724 4496 christi.
773 4440 1110 4497 Generaliter
1141 4452 1323 4498 autem
1358 4457 1520 4499 omne
1560 4453 1774 4513 tempus
1799 4443 1958 4512 hujus
1985 4459 2090 4499 sae-

515 4531 642 4597 culi,
673 4547 704 4587 a
735 4531 947 4588 Domini
973 4534 1360 4604 praedicatione
1386 4549 1560 4604 usque
1587 4534 1655 4590 ad
1699 4535 1861 4591 linem
1885 4535 2090 4600 saeculi,

515 4624 656 4679 sicut
679 4633 735 4679 et
754 4641 914 4695 supra
933 4640 1028 4695 per
1042 4626 1160 4682 dies
1179 4626 1326 4682 mille
1349 4627 1610 4683 ducentos
1631 4629 1932 4698 sexaginta.
1957 4627 2092 4696 Quia

517 4728 647 4784 ergo
671 4728 769 4782 per
792 4715 1147 4785 quadraginta
1168 4717 1302 4772 duos
1323 4732 1538 4772 menses
1552 4731 1711 4772 omne
1736 4725 1967 4787 tempus,
1984 4733 2092 4788 quo
2116 4700 2171 4761 D

517 4794 762 4860 diabolus
804 4811 992 4860 contra
1035 4805 1329 4861 Ecclesiam
1371 4817 1606 4878 pugnat,
1640 4807 1755 4864 sive
1783 4807 1944 4862 etiam
1985 4822 2095 4878 quo

519 4907 707 4967 aperte
745 4896 955 4953 solutus
990 4897 1171 4953 acrius
1213 4899 1504 4970 pugnabit,
1529 4900 1873 4972 intelligitur,
1901 4900 2093 4956 viden-

435 4980 448 4992 ’
519 4987 646 5042 dum
696 4995 780 5043 est
823 4987 879 5042 in
923 4987 1092 5059 ipsius
1134 4989 1345 5044 numeri
1383 4998 1607 5057 natura,
1637 5006 1805 5060 quare
1846 5005 1941 5046 eos
1987 5006 2096 5047 non

517 5078 720 5134 vincat.
750 5078 973 5135 Constat
999 5080 1144 5136 enim
1181 5081 1272 5136 hic
1309 5095 1566 5137 numerus
1587 5095 1657 5137 ex
1689 5082 1934 5149 denario,
1965 5097 2100 5152 qua-

522 5171 795 5239 ternario,
834 5180 891 5228 et
937 5173 1166 5229 binario.
1210 5172 1455 5242 Quatuor
1497 5189 1628 5248 ergo
1670 5176 1981 5232 referuntur
2029 5175 2099 5232 ad

523 5274 758 5334 quatuor
779 5265 944 5322 libros
969 5266 1271 5340 Evangelii,
1298 5268 1412 5325 sive
1433 5278 1668 5339 quatuor
1701 5270 1932 5326 virtutes
1955 5269 2102 5340 prin-

523 5359 744 5429 cipales.
790 5360 1053 5417 Denarius
1093 5362 1158 5416 ad
1194 5362 1518 5434 Decalogum
1556 5362 1710 5434 legis,
1746 5361 1990 5418 binarius
2033 5362 2102 5418 ad

525 5449 633 5505 duo
654 5451 956 5508 dilectionis
971 5459 1264 5524 praecepta.
1287 5455 1492 5510 Idcirco
1514 5455 1720 5525 itaque,
1745 5455 1860 5509 sive
1879 5454 1933 5508 in
1955 5454 2104 5510 omni

527 5550 770 5616 tempore
793 5546 1076 5616 praesentis
1103 5547 1248 5613 vita),
1280 5547 1396 5604 sive
1424 5549 1588 5604 etiam
1617 5548 1719 5603 sub
1745 5547 2100 5611 Antichristo,

527 5637 919 5711 insuperabiles
937 5640 1192 5707 existunt,
1224 5642 1370 5711 quia,
1395 5652 1627 5712 quatuor
1662 5639 1816 5696 libris
1834 5638 2107 5710 Evangelii

530 5728 670 5796 fulti,
709 5741 1050 5804 quatuorque
1091 5731 1484 5805 principalibus
1521 5731 1814 5787 virtutibus
1843 5729 2107 5796 roborati,

531 5816 855 5891 Decalogum
892 5822 1027 5894 legis
1071 5837 1235 5893 opere
1266 5823 1560 5893 complent,
1591 5831 1645 5880 et
1672 5823 1778 5879 duo
1805 5821 2110 5878 dilectionis

533 5921 800 5984 pmcepta
827 5915 1175 5983 custodiunt,
1206 5917 1492 5988 diligentes
1525 5916 1814 5972 Dominum
1843 5915 2011 5970 Deum
2042 5929 2108 5970 ex

2186 2069 2474 2134 aperuerat
2499 2075 2596 2116 ora
2625 2059 3035 2132 prophetarum,
3064 2057 3118 2112 in
3145 2054 3444 2126 prmsentia
3479 2053 3662 2108 cannis
3684 2069 3760 2122 ap-

2183 2169 2405 2225 parens,
2427 2168 2491 2208 os
2519 2167 2676 2207 suum
2723 2150 2953 2221 aperuit.
2987 2147 3096 2204 Sed
3124 2160 3295 2218 agnus
3325 2145 3394 2200 ad
3445 2144 3756 2205 doctrinam,

2183 2248 2359 2304 bestia
2397 2245 2605 2317 aperiet
2640 2258 2702 2299 os
2743 2257 2899 2298 suum
2929 2240 2998 2296 ad
3018 2237 3426 2309 blasphemias.
3475 2235 3573 2292 Vel
3603 2245 3751 2299 certe,

2185 2339 2310 2409 quia
2331 2351 2477 2392 nunc
2495 2350 2593 2408 per
2613 2334 2857 2390 membra
2883 2347 2980 2388 sua
3007 2339 3155 2386 metu
3176 2328 3352 2384 ﬁdelis
3373 2328 3552 2399 populi
3573 2335 3752 2396 aperte

2185 2446 2292 2487 non
2334 2443 2668 2501 praesumens
2709 2425 3118 2495 blasphemare,
3150 2437 3216 2478 os
3254 2436 3397 2476 suum
3430 2420 3736 2480 obstruitur,

2183 2521 2472 2578 Psalmista
2500 2521 2748 2576 dicente:
2779 2517 3115 2572 Obstructum
3140 2524 3216 2569 est
3247 2531 3305 2568 os
3329 2513 3628 2582 loquentium
3645 2512 3740 2564 ini-

2185 2613 2434 2685 quitatem
2449 2609 2566 2682 (Ps.
2583 2607 2739 2680 un).
2753 2607 2813 2663 In
2845 2604 3026 2662 futuro
3046 2620 3108 2661 os
3132 2605 3347 2675 aperire
3362 2602 3578 2666 dicitur,
3598 2615 3747 2671 quan-

2187 2707 2256 2763 do
2276 2721 2374 2777 per
2394 2705 2570 2776 ipsum
2600 2700 2877 2758 hominem
2901 2700 3216 2754 damnatum
3242 2695 3494 2752 saeculari
3533 2694 3742 2764 potentia

2186 2805 2372 2853 contra
2388 2795 2558 2850 Deum
2572 2801 2628 2848 et
2641 2791 2938 2848 Ecclesiam
2961 2789 3220 2854 elevatus,
3235 2785 3457 2856 publice
3479 2800 3634 2840 ausus
3651 2782 3740 2835 fue-

2186 2886 2260 2943 rit
2299 2885 2677 2956 blasphemare
2717 2895 2914 2948 nomen
2965 2878 3100 2949 ejus,
3135 2877 3269 2932 illud
3315 2875 3556 2940 scilicet,
3579 2875 3739 2943 dequo

2184 2977 2387 3034 Paulus
2412 2977 2570 3032 dicit:
2590 2973 2815 3047 Propter
2826 2971 2962 3044 quod
2977 2981 3022 3025 et
3039 2970 3178 3024 Deus
3191 2966 3446 3023 exaltabit
3461 2967 3625 3030 illum,
3637 2973 3738 3026 etc,

2185 3088 2357 3143 usque
2380 3071 2638 3125 Dominus
2666 3078 2839 3123 noster
2859 3068 3014 3122 Iesus
3039 3064 3279 3120 Christus
3299 3065 3360 3118 in
3386 3063 3561 3135 gloria
3579 3072 3643 3117 est
3667 3060 3737 3114 Dei

2187 3163 2386 3219 Patris.
2431 3159 2836 3232 Blasphemabit
2874 3161 2978 3216 hoc
3004 3171 3230 3223 nomen,
3263 3156 3397 3225 quia
3431 3156 3575 3210 dicet
3601 3155 3735 3224 ipsum

2184 3273 2295 3315 non
2344 3271 2464 3312 esse
2517 3254 2792 3310 Christum
2815 3295 2829 3317 ,
2867 3251 2961 3308 sed
3011 3250 3191 3320 potius
3236 3247 3660 3308 Antichristum,
3693 3259 3735 3297 se

2189 3357 2367 3406 autem
2415 3346 2693 3403 Christum
2738 3358 2859 3401 esse
2907 3343 3194 3407 fatebitur,
3237 3355 3342 3396 nec
3381 3338 3502 3407 jam
3554 3336 3736 3394 simila:

2188 3441 2325 3506 Deo,
2352 3438 2468 3505 sed,
2487 3437 2628 3493 sicut
2655 3435 2790 3491 dicit
2809 3431 3120 3505 Apostolus,
3145 3430 3448 3488 extolletur
3472 3439 3531 3486 et
3552 3428 3734 3484 elevata.

2189 3539 2280 3586 tur
2306 3544 2469 3601 supra
2490 3543 2654 3584 omne
2678 3525 2822 3598 quod
2853 3525 3052 3580 dicitur
3078 3525 3243 3590 Deus,
3278 3530 3377 3577 aut
3397 3523 3548 3592 quod
3566 3521 3733 3580 colimr.

2190 3625 2421 3695 ideoque
2456 3623 2513 3678 in
2553 3620 2645 3676 illo
2685 3619 2922 3676 deterior
2951 3602 3221 3674 omnibus.
3245 3616 3592 3687 blasphemia
3625 3616 3732 3669 inm-

2189 3713 2355 3769 nitur.

2261 3803 2332 3858 Et
2371 3801 2767 3858 tabernaculum
2809 3799 2923 3870 ejus
2942 3840 2958 3867 ,
3002 3797 3326 3854 subauditur
3357 3792 3731 3867 blasphemabit,

2191 3896 2244 3952 id
2269 3904 2372 3963 est,
2399 3896 2572 3967 ipsam
2594 3908 2814 3950 carnem
2840 3890 3215 3962 Redemptoris
3242 3889 3452 3954 nostri,
3467 3888 3524 3943 in
3548 3903 3637 3957 qua
3661 3886 3733 3938 ha-

2188 3989 2328 4045 bitat
2372 3988 2551 4043 omnis
2597 3986 2876 4058 plenitudo
2921 3982 3245 4048 divinitatis,
3277 3981 3507 4045 dicens,
3537 3996 3629 4036 non
3653 3979 3735 4032 hac

2189 4080 2266 4135 ita
2290 4093 2349 4136 se
2369 4079 2594 4144 habere,
2623 4075 2721 4133 sed
2763 4076 2975 4146 signum
3005 4073 3192 4139 fuisse,
3231 4079 3286 4128 et
3329 4086 3436 4142 per
3482 4072 3735 4127 daanouum

2190 4181 2511 4245 potestatem
2560 4179 2713 4226 tanta
2751 4185 2914 4241 agere
2941 4168 3216 4242 potuisse,
3245 4181 3307 4222 se
3333 4174 3526 4221 autem
3558 4160 3736 4220 conﬁte-

2189 4266 2336 4321 bitur
2360 4281 2490 4321 vere
2521 4279 2644 4320 esse
2677 4262 2872 4318 Filium
2900 4261 2997 4316 Dei
3021 4269 3076 4316 et
3103 4258 3274 4313 tilium
3306 4255 3576 4320 hominis,
3603 4254 3665 4307 ita
3693 4257 3738 4302 ut

2192 4357 2377 4413 sedeat
2408 4356 2462 4411 in
2490 4354 2689 4424 templo
2715 4352 2811 4408 Dei
2838 4360 3095 4422 tanquam
3131 4350 3206 4407 sit
3235 4347 3401 4403 Deus.
3438 4346 3513 4402 Et
3545 4346 3657 4418 quia
3677 4339 3737 4394 di-

2191 4449 2472 4504 vinitatem
2499 4447 2557 4502 in
2585 4460 2646 4502 se
2677 4444 2924 4501 habitare
2949 4443 3099 4508 dicit,
3127 4441 3334 4498 idcirco
3360 4439 3538 4495 etiam
3565 4432 3736 4493 adorari

2179 4555 2256 4614 pse
2277 4539 2460 4594 faciet.

2263 4631 2330 4684 Et
2358 4646 2445 4686 eos
2467 4628 2558 4700 qui
2585 4630 2642 4683 in
2660 4627 2786 4684 caelo
2811 4628 3067 4692 habitant,
3095 4625 3151 4681 id
3173 4634 3260 4680 est
3287 4623 3342 4679 in
3373 4621 3641 4685 Ecclesia,
3659 4619 3740 4675 site

2196 4738 2358 4788 nunc,
2386 4723 2502 4777 sive
2528 4721 2692 4777 etiam
2720 4721 2812 4792 qui
2836 4719 2952 4790 jam
2981 4727 3400 4792 praecesserunt,
3431 4717 3742 4788 blasphema-

2193 4814 2294 4881 bit,
2325 4815 2530 4880 dicens,
2565 4827 2755 4868 omnes
2790 4813 2889 4868 hos
2921 4812 3201 4867 ministros
3242 4809 3410 4864 fuisse
3432 4803 3741 4866 Antichristi,

2197 4915 2253 4964 et
2277 4905 2774 4978 pseudoprophetas
2817 4911 2874 4958 et
2915 4903 3188 4974 apostolos
3227 4901 3298 4956 ab
3347 4901 3470 4971 ipso
3512 4901 3743 4967 deceptos,

2199 4999 2474 5054 afﬁrmans
2509 5007 2636 5052 ante
2675 5010 2733 5052 se
2776 4995 2979 5052 nullum
3025 4995 3394 5052 Christianum
3435 4991 3639 5057 fuisse,
3678 4985 3746 5042 sed

2200 5105 2391 5147 omnes
2413 5088 2780 5144 Antichristos
2797 5087 3090 5142 exstitisse.

2274 5182 2343 5236 Et
2366 5181 2551 5236 datum
2575 5190 2651 5236 est
2685 5179 2785 5247 illi,
2821 5179 2874 5235 id
2899 5188 3004 5245 est,
3032 5178 3354 5250 permissum
3391 5185 3481 5233 est
3508 5177 3587 5232 illi
3612 5190 3638 5230 a
3667 5172 3749 5226 lico

2195 5271 2341 5342 justo
2368 5271 2591 5342 judicio.
2624 5271 2829 5326 Bellum
2874 5271 3045 5341 facere
3072 5287 3204 5340 _cum
3242 5270 3463 5334 sanctis,
3504 5279 3556 5324 et
3589 5269 3751 5322 sincere

2202 5363 2342 5419 illos.
2369 5363 2559 5419 Faciet
2581 5362 2782 5419 bellum
2813 5363 3074 5418 adversus
3096 5367 3337 5425 sanctos,
3364 5359 3498 5430 quia
3529 5351 3750 5429 pugnabit

2206 5457 2468 5511 adversus
2503 5468 2598 5509 eos
2623 5494 2637 5518 ,
2669 5461 2727 5509 et
2762 5450 3074 5508 muneribus
3109 5459 3164 5507 et
3203 5450 3491 5506 tormentis
3512 5489 3532 5515 ,
3567 5457 3623 5503 et
3649 5458 3753 5514 quos

2207 5559 2317 5600 non
2358 5543 2560 5614 poterit
2589 5543 2849 5600 inclinare
2898 5542 2967 5598 ad
3002 5557 3156 5598 suam
3185 5539 3367 5605 fidem,
3391 5540 3594 5603 vincet,
3622 5536 3668 5591 id
3689 5539 3752 5587 est

2207 5635 2420 5693 occidet
2446 5651 2558 5701 eos,
2583 5649 2691 5690 non
2714 5642 2894 5690 tamen
2921 5633 3133 5688 animas
3159 5631 3370 5686 illorum
3398 5631 3648 5700 decipiet.
3672 5622 3754 5680 Sed

2209 5727 2460 5784 fortassis
2511 5727 2707 5796 quasrit
2749 5725 2976 5795 aliquis,
3013 5739 3113 5780 cur
3154 5724 3297 5779 Deus
3326 5721 3664 5791 omnipotens
3698 5716 3756 5769 ita

2211 5827 2429 5877 sanctos
2447 5834 2574 5874 suos
2593 5818 2868 5888 permittet
2888 5815 3084 5888 afﬂigi?
3103 5815 3309 5884 Quibus
3321 5815 3562 5870 breviter
3575 5821 3755 5880 respon-

2209 5913 2444 5971 dendum
2467 5920 2587 5985 est,
2629 5911 2755 5983 quia
2804 5909 2898 5965 filii
2947 5919 3074 5967 sunt
3115 5919 3168 5966 et
3211 5917 3436 5976 paterna
3475 5902 3754 5962 haereditate
