3972 6436
127 359 284 434 ⁷1097

1067 369 1431 432 EXBOSITIO
1463 369 1534 425 ΙΝ
1569 368 2063 429 ΑΡοοΑιΥΡδιΝ.
2105 401 2174 412 -—
2211 369 2336 428 LIB.
2377 371 2468 430 ιν.

3271 373 3426 432 1098¹

131 492 387 552 donandi
406 500 619 564 atquea
646 492 756 550 Deo
777 490 979 549 dilecti.
1001 491 1154 550 Unde
1175 492 1434 562 scriptum
1451 497 1538 546 est
1561 508 1574 544 :
1601 486 1726 545 Fla—
1751 493 1802 554 Α
1828 489 1897 544 sti
1925 529 1940 555 ,
1979 490 2054 544 ita
2092 498 2147 546 et
2176 491 2242 546 ad
2285 491 2462 562 ipsum
2491 489 2793 562 principem
2825 491 3090 548 malorum
3134 491 3409 550 Antichri-

129 585 306 658 θαλίαι
328 585 470 642 Deus
491 602 695 642 omnem
711 585 884 654 ﬁlium
903 600 1056 656 quem
1082 585 1259 661 recipit
1279 582 1439 656 (Heb.
1458 586 1576 654 xu).
1593 582 1724 636 Nam

131 679 184 735 si
219 679 344 750 ipse
381 679 641 734 Dominus
663 678 1100 748 persecutionem
1139 677 1414 743 sustinuit,
1445 685 1503 732 ut
1529 677 1597 730 ad
1616 675 1730 746 glo-

133 769 284 824 riam
309 769 633 839 perveniret,
650 769 740 840 qui
765 778 849 824 est
875 768 1102 824 omnino
1125 769 1245 824 sine
1268 776 1511 837 peccato,
1528 776 1730 836 quanto

134 860 326 930 magis
347 860 524 916 sancti
549 860 695 928 justo
708 861 914 932 judicio
933 860 1263 932 allliguntur,
1281 867 1337 913 ut
1361 857 1729 912 haereditatem

135 951 390 1008 caelestis
411 953 603 1020 patria:
629 952 1056 1021 consequantur?
1084 951 1196 1021 qui,
1235 950 1362 1004 licet
1388 949 1562 1003 sancti
1597 949 1727 1015 sint,

136 1049 332 1099 tamen
363 1053 471 1098 nun
501 1053 630 1098 sunt
646 1044 763 1098 sine
791 1053 1031 1114 peccato,
1054 1051 1275 1098 econtra
1298 1041 1512 1110 reprobi
1543 1042 1732 1096 advero

136 1148 238 1188 sus
285 1149 384 1190 eos
427 1136 684 1200 saeviunt,
729 1136 934 1206 jugiter
987 1134 1123 1188 mala
1180 1141 1505 1202 operantur.
1550 1141 1729 1188 tamen

136 1225 372 1280 minime
400 1225 771 1296 corriguntur.
795 1226 889 1281 sed
921 1225 974 1278 in
1004 1224 1208 1294 judicio
1236 1224 1349 1287 isti,
1372 1225 1568 1292 quibus
1591 1240 1733 1280 nunc

137 1317 360 1372 videtur
410 1317 609 1381 iratus,
651 1318 928 1372 invenient
973 1316 1121 1371 illum
1163 1317 1432 1386 placatum
1463 1353 1477 1381 ,
1520 1317 1740 1386 reprobi-

139 1417 329 1464 autem
359 1410 703 1478 experientur
729 1409 924 1464 iratum
957 1425 968 1460 :
999 1418 1057 1464 et
1083 1411 1162 1463 ira
1189 1424 1309 1478 quae
1346 1421 1487 1462 nunc
1527 1407 1734 1462 miseri-

138 1500 388 1555 corditer
412 1516 442 1553 a
472 1501 675 1554 sanctis
715 1501 955 1564 inchoat,
987 1501 1038 1553 in
1076 1500 1322 1569 reprobis
1360 1499 1478 1553 sine
1529 1499 1737 1554 miseri-

139 1590 332 1645 cordia
361 1591 732 1660 conquiescit;
764 1592 888 1646 hinc
911 1591 1103 1645 Petrus
1129 1592 1256 1646 dicit
1279 1591 1352 1661 (I,
1373 1608 1419 1644 ι’.
1440 1593 1512 1660 tv)
1539 1610 1551 1644 :
1585 1591 1736 1646 Tem-

139 1696 244 1749 pus
265 1691 340 1735 est
367 1690 422 1734 ut
452 1681 667 1750 incipiat
707 1681 971 1750 judicium
1001 1682 1066 1736 de
1108 1688 1262 1736 domo
1290 1682 1404 1736 Dei.
1445 1683 1736 1739 Possumus

141 1781 366 1828 sanctos
403 1787 499 1827 eos
527 1773 847 1844 intelligere,
878 1775 968 1842 qui
999 1791 1142 1829 nunc
1177 1775 1485 1831 simulatam
1519 1778 1573 1830 in
1605 1792 1738 1831 con-

1832 590 1997 644 stum,
2021 582 2112 650 qui
2141 583 2349 637 duobus
2370 583 2544 638 modis
2568 583 2861 654 captivabit
2885 585 3150 650 homines,
3173 587 3410 656 primum
3431 617 3436 634 ν

1831 671 2082 727 videlicet
2108 687 2139 727 a
2171 673 2275 728 ﬁde
2311 673 2514 730 Christi
2552 689 2648 731 eos
2691 689 2951 744 separans
2987 685 3190 741 mente,
3218 678 3432 737 deinde

1832 761 1902 818 ab
1934 775 2263 820 aeternorum
2303 766 2563 821 societate
2606 766 2876 832 ﬁdelium,
2909 767 3034 837 quia
3057 768 3148 838 qui
3171 769 3221 823 ei
3252 769 3414 826 obau-

1833 861 2051 925 dierint,
2079 871 2342 932 perpetuo
2383 863 2714 931 captivitatis
2758 863 2948 921 exsilio
2991 864 3408 922 damnabantur.

1832 953 1908 1008 ita
1931 962 1986 1008 et
2009 953 2096 1008 ille
2124 955 2274 1024 prius
2303 955 2664 1023 captivabitur
2701 957 2751 1010 in
2793 957 3006 1022 anima,
3040 959 3168 1014 dum
3198 959 3415 1016 diabolo

1835 1043 2079 1098 tradetur
2103 1045 2170 1098 ad
2207 1045 2608 1113 possidendum.
2641 1047 2844 1101 Deinde
2876 1049 3219 1103 damnabitur
3244 1050 3297 1104 in
3334 1051 3416 1105 in-

1837 1132 1990 1188 ferno
2020 1135 2333 1203 captivitate
2359 1145 2639 1205 perpetua.

1907 1225 1975 1279 Et
1995 1228 2085 1297 qui
2106 1227 2159 1280 in
2180 1227 2358 1296 gladio
2381 1229 2649 1292 occiderit,
2674 1239 2869 1298 oportet
2889 1244 3004 1284 eum
3026 1232 3202 1302 gladio
3225 1235 3434 1288 occidi;

1837 1315 1903 1369 Et
1931 1316 2031 1370 hoc
2052 1316 2302 1370 similiter
2323 1309 2532 1373 duobus
2559 1319 2734 1372 modis
2763 1330 2846 1373 est
2870 1321 3237 1390 accipiendum
3269 1339 3283 1377 :
3307 1326 3420 1394 pri-

1838 1424 1982 1463 mum
2007 1409 2152 1462 enim
2178 1408 2356 1479 gladio
2378 1409 2530 1463 mala:
2550 1412 2918 1478 persuasionis
2935 1412 3221 1468 interliciet
3246 1415 3432 1469 liomi-.

1838 1516 1936 1555 nes
1961 1500 2015 1554 in
2045 1500 2246 1562 anima,
2281 1499 2473 1554 deinde
2503 1514 2638 1568 quos
2668 1501 2746 1554 sic
2770 1517 2874 1554 non
2901 1503 3100 1571 poterit
3133 1518 3413 1574 superare,

1837 1591 2127 1646 interﬁciet
2150 1589 2329 1660 gladio
2357 1591 2642 1655 materiali,
2674 1607 2797 1646 cum
2828 1595 3024 1662 quibus
3050 1596 3212 1650 etiam
3245 1597 3416 1652 Eliam

1837 1689 1891 1734 et
1914 1681 2098 1735 Enoch
2123 1679 2305 1752 gladio
2335 1681 2452 1750 ipso
2486 1683 2794 1737 trucidabit.
2829 1685 2903 1737 De
2926 1685 3026 1738 hoc
3047 1685 3223 1756 gladio
3252 1687 3418 1756 spiri-

1841 1773 1967 1828 tuali
1997 1772 2281 1828 Psalmista
2310 1773 2525 1829 liberari
2553 1791 2611 1829 se
2639 1778 2883 1846 optabat,
2906 1777 3091 1832 dicens
3115 1779 3180 1832 ad
3209 1778 3415 1834 Deum:

141 1875 337 1936 specta
377 1868 655 1924 hominum
694 1868 947 1922 videntur
982 1868 1180 1924 habere
1207 1870 1568 1934 sanctitatem,
1597 1885 1735 1939 quos
1762 1851 1809 1910 Β
1836 1865 1913 1919 De
1936 1865 2112 1936 gladio
2157 1865 2386 1936 maligno
2413 1869 2552 1937 eripe
2572 1883 2652 1920 me
2677 1866 2850 1940 (Psat.
2891 1871 3102 1940 cum).
3132 1871 3210 1925 Ita
3244 1883 3300 1926 et
3329 1873 3419 1927 ille

140 1960 350 2024 vincet,
383 1959 509 2028 quia
531 1951 771 2027 superati
803 1960 956 2013 dontis
991 1971 1082 2013 aut
1107 1962 1420 2026 tormentis,
1452 1977 1483 2016 a
1515 1961 1618 2018 ﬁde
1644 1977 1732 2017 re-

141 2050 360 2113 cedent,
392 2065 556 2120 qnam
590 2064 735 2104 nunc
767 2051 888 2104 ﬁcte
918 2059 1123 2106 tenent.

223 2141 291 2195 Et
318 2141 444 2195 data
461 2151 538 2196 est
565 2142 616 2195 ei
641 2152 867 2211 potestas
895 2144 946 2195 in
969 2159 1173 2197 omnem
1206 2145 1398 2196 tribum
1426 2153 1473 2198 et
1500 2143 1734 2214 linguam

140 2241 195 2286 et
217 2241 440 2302 gentem.
468 2231 524 2286 in
555 2233 696 2287 tribu
725 2241 779 2287 et
805 2233 1002 2302 populo
1027 2235 1323 2303 accipimus
1343 2233 1574 2297 Judznos,
1607 2237 1734 2305 quia

145 2323 238 2378 ille
265 2324 493 2394 populus
520 2325 573 2378 in
605 2326 852 2380 tribubus
873 2339 993 2380 erat
1019 2327 1302 2382 distinctus
1331 2346 1343 2379 :
1377 2327 1429 2380 in
1455 2327 1636 2398 lingua
1679 2337 1738 2383 et

144 2423 343 2484 gente,
372 2429 564 2469 omnes
602 2415 876 2475 nationes:
910 2431 1016 2470 non
1065 2417 1242 2472 solum
1291 2419 1342 2471 in
1374 2418 1602 2479 iudicis,
1640 2421 1735 2474 sed

145 2506 313 2561 etiam
341 2507 399 2560 in
433 2505 684 2560 omnibus
715 2503 965 2576 gentibus
1010 2517 1173 2560 erunt
1211 2508 1417 2571 sancti,
1446 2508 1734 2562 adversum

145 2611 286 2667 quos
319 2605 638 2666 potestatem
678 2598 930 2666 accipiet,
963 2607 1022 2652 ut
1065 2614 1161 2654 eos
1190 2599 1483 2654 interﬁciat
1519 2608 1574 2654 et
1603 2609 1736 2654 teme

143 2689 411 2758 poraliter
437 2698 628 2744 contra
650 2704 745 2745 eos
771 2691 1076 2758 praevaleat.
1106 2691 1366 2746 Similiter
1387 2693 1550 2746 etiam
1575 2702 1736 2747 erunt

143 2790 206 2836 et
240 2782 296 2836 in
325 2780 525 2837 Iudaeis
573 2792 628 2837 et
675 2782 726 2836 in
757 2783 1029 2852 gentibus,
1057 2785 1150 2852 qui
1187 2785 1314 2839 victi
1361 2787 1730 2840 succumbant.

149 2875 306 2930 Unde
330 2885 388 2931 et
415 2875 664 2930 subditur
693 2892 706 2926 :

222 2963 290 3020 Et
322 2966 616 3020 adorabunt
650 2982 792 3032 eum,
834 2966 887 3021 id
913 2978 998 3022 est
1030 2966 1442 3030 Antichristum,
1475 2975 1532 3020 et
1560 2965 1612 3020 in
1646 2966 1736 3022 illo

145 3055 445 3111 diabolum.
475 3053 667 3110 Omnes
697 3056 788 3126 qui
806 3055 1046 3110 habitant
1073 3064 1291 3120 terram,
1325 3056 1378 3109 id
1400 3063 1483 3110 est
1507 3055 1597 3125 qui
1629 3065 1732 3110 ter-

147 3147 300 3202 renis
326 3147 611 3203 desideriis
633 3147 950 3201 inserviunt.
976 3146 1212 3214 Quorum
1241 3147 1454 3202 nomina
1481 3164 1583 3202 non
1611 3158 1732 3203 sunt

146 3243 346 3312 scripta
385 3243 441 3296 in
469 3241 601 3296 libro
641 3241 758 3296 uitae
782 3241 937 3307 Agni,
969 3241 1062 3295 sed
1091 3242 1269 3311 potius
1295 3241 1349 3294 in
1393 3249 1558 3304 terra,
1580 3239 1734 3308 juxta

147 3332 284 3388 illud
294 3331 543 3389 Jeremizc
564 3331 634 3402 (c.
652 3331 771 3404 xm)
789 3349 802 3385 :
821 3331 1135 3386 Recedentes
1156 3349 1189 3386 a
1211 3341 1260 3386 te
1278 3333 1332 3386 in
1349 3341 1490 3386 terra
1510 3332 1739 3386 scribeno

149 3433 258 3480 tur.
288 3424 420 3491 Quis
443 3438 575 3479 vero
597 3423 671 3479 sit
689 3438 883 3495 agnus,
902 3421 1138 3479 Joannes
1164 3421 1496 3486 manifestat,
1512 3422 1734 3476 dicens:

151 3515 289 3570 Ecce
315 3532 482 3586 agnus
509 3513 628 3580 Dei,
660 3531 777 3570 ecce
812 3516 903 3584 qui
933 3515 1069 3569 tollit
1100 3525 1314 3586 peccata
1347 3514 1531 3569 mundi
1553 3514 1734 3585 (Joan.

150 3606 222 3679 ι).
251 3608 382 3676 Quis
409 3617 492 3664 est
527 3618 708 3664 autem
737 3608 878 3665 liber
900 3610 1026 3665 vita:
1051 3609 1212 3681 Agni,
1240 3610 1296 3665 in
1331 3625 1440 3680 quo
1463 3610 1737 3681 justorum

151 3702 370 3758 nomina
421 3710 776 3754 numerentur
823 3701 1059 3765 ascribi,
1093 3701 1197 3756 nisi
1245 3701 1326 3754 vis
1369 3701 1614 3768 quaedam
1657 3699 1739 3754 di—

150 3794 297 3856 vina,
331 3806 453 3861 qua:
472 3799 597 3846 ante
626 3790 811 3844 mundi
838 3792 1279 3846 constitutionem
1303 3793 1368 3844 ad
1394 3793 1558 3845 vitam
1582 3801 1738 3844 mter-

154 3897 282 3938 nam
329 3888 550 3935 sanctos
600 3879 1004 3949 praedestinavit
1050 3878 1298 3934 futuros?
1345 3879 1447 3946 Qui
1492 3882 1739 3935 videlicet

157 3976 292 4030 liber
327 3973 838 4044 praedestinationis,
872 3972 1016 4028 sicut
1051 3972 1158 4027 lixa
1195 3974 1498 4028 mternitate
1539 3973 1740 4028 electos

157 4073 306 4120 tenet
329 4063 616 4133 ascriptos,
641 4063 716 4116 ita
742 4077 1082 4132 nequaquam
1104 4063 1214 4118 ulla
1241 4063 1453 4118 ratione
1481 4065 1740 4133 repro'bos

157 4155 395 4211 admittit
421 4153 759 4210 scribendos.

228 4246 332 4312 Qui
352 4247 552 4300 occisus
577 4254 653 4300 est
675 4246 740 4300 ab
761 4244 962 4315 origine
984 4245 1186 4299 mutuli.
1211 4243 1436 4300 Occisus
1456 4254 1538 4299 est
1560 4255 1738 4300 autem

157 4339 259 4393 iste
294 4338 482 4407 Agnus
523 4336 593 4390 ab
621 4335 832 4408 origine
860 4337 1066 4401 mundi,
1099 4351 1204 4392 non
1237 4337 1288 4390 in
1318 4351 1395 4399 se,
1425 4337 1516 4391 scd
1545 4338 1598 4390 in
1628 4339 1740 4392 suis

158 4430 438 4495 membris,
470 4430 613 4486 sicut
643 4430 695 4484 iu
724 4428 854 4484 Abel
881 4439 936 4484 et
957 4428 1141 4484 multis
1160 4428 1320 4483 aliis:
1349 4429 1473 4498 quia
1499 4429 1658 4484 sicuti
1684 4430 1736 4485 in

156 4524 270 4579 suis
293 4523 556 4593 pascitur,
589 4523 664 4577 ita
695 4521 749 4576 in
775 4521 891 4576 suis
919 4521 1205 4586 occiditur,
1233 4523 1376 4576 unde
1405 4529 1488 4576 est
1513 4540 1526 4574 :
1556 4519 1734 4586 Saule,
1768 4551 1816 4612 ο

156 4613 341 4679 Saule,
354 4615 480 4684 quid
500 4631 579 4668 me
594 4615 916 4686 persequeris
929 4615 954 4668 γ
966 4614 1102 4685 (Act.
1121 4615 1223 4686 Ix.)
1241 4613 1336 4670 Vel
1359 4623 1506 4669 certe
1527 4615 1580 4669 in
1602 4631 1738 4685 pra:-

157 4708 516 4762 destinatione
535 4708 748 4763 occisus
767 4717 874 4770 est.
913 4708 1038 4776 quia
1064 4716 1190 4764 ante
1209 4708 1389 4761 omnia
1419 4707 1615 4762 saecula
1643 4709 1737 4764 de-

155 4800 327 4854 crevit
368 4797 511 4854 Deus
543 4797 704 4855 Pater
732 4814 854 4854 cum
880 4799 1018 4854 Filio
1041 4811 1098 4854 et
1119 4798 1324 4869 Spiritu
1362 4809 1566 4861 sancto,
1592 4807 1650 4853 ut
1679 4799 1734 4854 in

157 4893 266 4946 ﬁne
290 4899 592 4960 temporum
635 4890 863 4953 veniret,
891 4899 948 4944 et
969 4890 1327 4946 occideretur.
1359 4897 1419 4943 ut
1439 4905 1534 4944 sua
1562 4899 1737 4945 morte

155 4991 398 5036 nostram
434 4982 724 5036 redimeret
751 4988 1020 5046 mortem;
1052 4980 1137 5035 vel
1177 4982 1228 5034 in
1259 4982 1374 5051 ipso
1413 4995 1550 5053 agno
1573 4997 1732 5052 quem

159 5073 288 5128 Abel
325 5073 547 5137 obtulit,
578 5082 670 5127 aut
698 5081 843 5127 certe
883 5074 964 5143 (ut
993 5073 1170 5126 verius
1210 5073 1420 5143 dicam)‘
1446 5074 1558 5143 ipse
1604 5072 1735 5128 Abel

159 5165 437 5228 innocens,
474 5179 502 5216 a
535 5164 700 5218 fratre
735 5172 1061 5234 peremptus,
1089 5178 1212 5218 eum
1237 5163 1635 5235 praeﬁgurabat.

231 5251 290 5306 Si
313 5253 429 5322 quis
464 5253 614 5306 habet
652 5267 825 5316 aures,
853 5255 1172 5309 subauditur
1215 5255 1412 5316 cordis,
1447 5254 1652 5320 audiat,
1685 5253 1737 5310 id

160 5341 535 5412 est'inteiligat
566 5343 917 5412 spiritualiter
949 5346 1091 5414 quod
1127 5345 1342 5401 dicitur.
1381 5343 1741 5412 Quotiescun-

161 5447 265 5503 que
310 5434 427 5488 baec
466 5433 730 5503 particula
763 5435 999 5504 ponitur,
1031 5437 1147 5491 sive
1182 5437 1238 5492 in
1277 5431 1597 5508 Evangelio,
1624 5435 1739 5492 sive

166 5525 219 5578 in
245 5524 346 5578 bac
373 5522 716 5594 Apocalypsi,
746 5537 807 5577 ea
837 5539 957 5593 quae
993 5527 1336 5594 prtecedunt,
1368 5536 1463 5580 aut
1499 5541 1620 5596 qum
1657 5541 1740 5584 se-

163 5623 422 5686 quuntur,
455 5615 810 5687 splritnaiiter
833 5616 1218 5689 intelliguntur.

236 5707 338 5773 Qui
363 5707 416 5760 in
446 5708 786 5778 captivitatem
829 5709 1066 5774 duxerit,
1093 5712 1148 5765 in
1183 5713 1531 5782 captivitatem
1569 5714 1736 5767 cadet.

159 5798 294 5874 Illaec
320 5801 482 5855 verba
506 5800 644 5854 sicut
663 5801 942 5870 pertinent
969 5803 1035 5856 ad
1055 5819 1216 5858 omne
1241 5820 1436 5876 corpus
1466 5806 1740 5861 Antichri-

525 5897 787 5956 ΡΑτιιοι..
836 5898 1088 5960 CXVII,

1761 3199 1810 3262 C

1836 1957 2116 2011 occidetur
2138 1956 2316 2028 gladio
2345 1957 2625 2012 sententia:
2644 1958 2854 2022 divinae,
2873 1958 3026 2027 juxta
3047 1961 3177 2015 illud
3209 1978 3224 2014 :
3250 1961 3418 2027 Quem

1840 2048 2090 2102 Dominus
2106 2048 2262 2102 Iesus
2275 2048 2511 2102 Christus
2534 2050 2807 2118 interﬁciat
2829 2051 3016 2122 spiritu
3030 2053 3137 2107 oris
3163 2054 3266 2120 sui,
3285 2069 3348 2109 ac
3369 2054 3419 2110 si

1837 2137 2041 2192 diceret
2056 2140 2384 2208 martyribus
2399 2155 2412 2190 :
2433 2138 2609 2194 Nolite
2629 2141 2839 2205 timere,
2856 2141 3020 2197 nolite
3032 2158 3432 2213 expavescere,-

1837 2230 2003 2285 nolite
2031 2231 2396 2301 pusillanimes
2424 2231 2675 2297 existere,
2705 2233 2802 2289 sed
2825 2242 3000 2291 estote
3024 2235 3192 2292 fortes
3228 2248 3417 2294 contra

1837 2323 2107 2387 robustos,
2132 2323 2255 2392 quia
2277 2331 2332 2377 et
2354 2323 2458 2377 hoc
2475 2325 2617 2392 quod
2639 2325 2882 2395 patimini
2898 2326 3006 2382 cito
3027 2327 3273 2394 transiet,
3289 2337 3343 2384 et
3359 2329 3418 2385 hi

1836 2431 1865 2468 a
1893 2416 2087 2484 quibus
2110 2416 2378 2484 patimini,
2405 2416 2521 2471 sine
2543 2419 2798 2473 tarditate
2819 2420 3112 2476 vindictam
3134 2423 3416 2493 recipient,

1837 2506 1889 2559 id
1929 2515 2011 2558 est
2040 2506 2308 2569 diabolus,
2333 2505 2556 2576 ejusque
2593 2507 2881 2564 damnatus
2905 2511 3088 2578 homo,
3117 2527 3215 2568 seu
3241 2515 3420 2570 omnis

1837 2594 2122 2658 multitudo
2147 2597 2523 2666 reproborum,
2553 2597 2645 2666 qui
2674 2614 2838 2653 unum
2861 2600 3048 2670 utique
3072 2610 3218 2657 sunt.

1908 2685 2011 2740 Hic
2037 2696 2111 2740 est
2139 2688 2415 2756 patientia,
2447 2687 2501 2742 id
2533 2696 2617 2742 est
2640 2688 2845 2746 idcirco
2866 2693 3121 2748 virtutem
3146 2695 3420 2764 patientia!

1835 2778 1997 2832 etiam
2027 2778 2169 2832 inter
2193 2777 2419 2834 adversa
2459 2781 2636 2835 sancti
2684 2782 3024 2849 custodiunt,
3057 2785 3186 2855 quia
3229 2788 3421 2844 trium-

1837 2869 2097 2940 phaturas
2125 2883 2185 2924 se
2218 2877 2342 2939 post
2382 2870 2662 2940 paululum
2691 2874 2902 2940 sciunt,
2940 2877 3305 2948 damnatoque
3329 2894 3416 2946 eo,

1837 2960 1931 3027 qui
1965 2959 2067 3014 sibi
2094 2959 2164 3013 ad
2194 2968 2405 3028 tempus
2424 2961 2802 3029 praevaluerat,
2830 2965 2930 3034 ipsi
2959 2965 3015 3020 in
3042 2975 3304 3037 perpetuo
3329 2969 3422 3024 lai-

1839 3052 2114 3106 tabuntur.
2144 3051 2211 3105 Et
2239 3050 2370 3119 ﬁdes
2394 3061 2718 3119 sanctorum,
2740 3055 3020 3122 subaudis,
3046 3057 3136 3113 hic
3159 3066 3268 3124 est,
3291 3060 3420 3128 quia

1839 3159 1937 3214 pro
1973 3152 2126 3198 certo
2146 3142 2292 3212 juste
2321 3144 2632 3214 implebitur
2659 3153 2717 3201 et
2736 3160 2923 3202 eorum
2947 3150 3331 3216 remuneratio,
3364 3161 3420 3206 et

1839 3237 2123 3308 impiorum
2154 3238 2449 3292 damnatio.

1909 3325 1974 3380 Et
2008 3328 2110 3382 vidi
2143 3328 2304 3382 aliam
2343 3328 2560 3382 bestiam
2588 3332 2949 3387 ascendentem
2975 3333 3044 3388 de
3075 3343 3234 3390 terra.
3263 3336 3422 3394 Prior

1838 3416 2008 3471 bestia
2040 3413 2406 3472 Antichristus
2434 3416 2552 3487 ipse
2579 3419 2789 3476 scilicet
2811 3421 3078 3479 malorum
3121 3434 3304 3496 caput,
3334 3442 3418 3483 se-

1836 3523 2007 3578 quens
2053 3521 2186 3563 vero
2225 3523 2424 3579 corpus
2469 3509 2612 3566 illius
2661 3511 2998 3584 intelligitur,
3043 3517 3281 3574 maxime
3327 3521 3420 3589 qui

1836 3614 1960 3654 eum
1983 3599 2326 3671 praedicaturi
2351 3609 2500 3658 sunt.
2522 3601 2626 3670 Qui
2652 3604 2723 3659 de
2750 3613 2897 3660 terra
2917 3607 3210 3664 ascendere
3230 3609 3418 3666 dicun-

1839 3702 1947 3757 tur,
1975 3692 2100 3761 quia
2128 3693 2194 3747 de
2223 3694 2453 3750 terrenis
2480 3697 2779 3753 commodis
2807 3706 2864 3754 et
2889 3697 3094 3756 divitiis
3121 3716 3259 3771 quas
3297 3717 3422 3773 pos-

1837 3781 2106 3844 sidebunt,
2133 3782 2184 3834 in
2205 3784 2514 3852 superbiam
2537 3785 2911 3841 elevabuntur.
2944 3788 3021 3845 De
3045 3797 3190 3846 terra
3217 3792 3420 3862 quippe

1839 3870 2132 3928 ascendere
2175 3882 2295 3936 est,
2354 3889 2454 3942 pro
2503 3876 2736 3930 terrenis
2792 3878 2956 3932 rebus
3005 3879 3060 3933 in
3109 3883 3418 3948 superbiam

1838 3962 1994 4032 erigi.

1909 4051 1978 4106 Et
1995 4053 2212 4107 habebat
2235 4066 2432 4108 cornua
2454 4053 2561 4108 duo
2578 4055 2772 4110 similia
2794 4057 2945 4128 Agni.
2971 4055 3155 4131 Agnus
3173 4061 3423 4118 Christus

1839 4150 1923 4197 est
1947 4142 2139 4213 dequo
2163 4142 2402 4198 Joannes
2431 4145 2562 4200 dicit
2594 4164 2607 4199 :
2635 4145 2770 4201 Ecce
2797 4148 2977 4219 Agnus
3012 4150 3110 4205 Dei
3139 4151 3320 4222 (Joan.
3355 4158 3416 4226 I).

1839 4229 1956 4289 Duo
1991 4233 2109 4305 ejus
2135 4251 2337 4290 cornua
2373 4245 2497 4290 sunt
2541 4237 2849 4292 innocentia
2895 4249 2950 4294 et
2991 4241 3102 4296 vita
3133 4259 3290 4314 pura,
3321 4246 3420 4300 do-

1839 4327 2012 4381 ctrina
2043 4335 2100 4382 et
2130 4325 2410 4380 miracula.
2456 4326 2563 4381 Ista
2609 4328 2716 4382 duo
2750 4342 2950 4384 cornua
2987 4332 3316 4389 simulabunt
3363 4351 3423 4391 se

1842 4417 2039 4472 habere
2063 4418 2296 4472 ministri
2320 4417 2664 4483 Antichristi,
2710 4421 3074 4478 innocentiam
3116 4426 3321 4480 scilicet
3365 4439 3422 4482 et

1842 4508 2008 4562 vitam
2037 4523 2252 4578 puram,
2272 4509 2574 4564 doctrinam
2600 4521 2654 4566 et
2676 4513 2934 4568 miracula
2960 4533 2973 4568 :
2996 4516 3250 4584 quoniam
3279 4521 3423 4588 quod

1840 4600 2093 4657 Christus
2121 4611 2177 4655 et
2201 4600 2320 4669 ejus
2345 4602 2576 4656 ministri
2608 4603 2808 4658 habent
2838 4605 2889 4658 in
2913 4606 3164 4671 veritate,
3200 4608 3283 4661 isti
3317 4609 3418 4662 ba-

1839 4691 2041 4746 bebunt
2083 4691 2351 4746 simulate.
2409 4691 2474 4744 Et
2520 4691 2830 4762 loquebatur
2866 4695 3002 4748 sicut
3025 4696 3206 4760 draco,
3243 4697 3293 4750 id
3336 4706 3422 4751 est

1839 4785 1979 4840 sicut
2005 4783 2133 4838 olim
2163 4784 2409 4839 diabolus
2439 4799 2538 4854 per
2569 4794 2873 4854 serpentem
2900 4786 3040 4840 mala
3069 4789 3421 4856 persuasione

1838 4876 2050 4931 locutus
2079 4884 2162 4930 est
2195 4875 2426 4940 mulieri,
2461 4890 2558 4944 per
2581 4891 2742 4945 quam
2789 4879 2998 4948 decepit
3037 4879 3234 4943 virum,
3265 4881 3336 4933 ita
3365 4890 3422 4933 et

1840 4966 1928 5021 isti
1967 4981 2065 5020 sua
2102 4981 2266 5036 prava
2303 4966 2546 5020 doctrina
2578 4982 2767 5022 omnes
2790 4983 3141 5040 quoscunque
3170 4980 3417 5040 possunt,

1842 5057 2135 5120 seducunt,
2165 5063 2222 5111 et
2252 5072 2278 5108 a
2318 5055 2425 5110 ﬁde
2468 5055 2670 5111 Christi
2711 5068 3003 5127 separant:
3037 5070 3094 5114 et
3138 5076 3259 5115 cum
3315 5062 3424 5116 sint

1841 5149 2121 5206 saevissimi
2157 5150 2440 5212 dracones,
2467 5149 2615 5203 virus
2637 5150 2890 5219 nequitia:
2931 5151 3048 5206 suis
3083 5151 3421 5208 audituribus

1843 5238 2206 5305 infundentes,
2238 5253 2403 5309 agnos
2432 5254 2491 5294 se
2519 5255 2639 5295 esse
2677 5241 2953 5305 simulant,
2988 5250 3048 5296 ut
3085 5257 3251 5312 agnos
3274 5243 3423 5298 deci-

1843 5346 1976 5401 pere
2010 5331 2244 5387 valeant.
2295 5330 2593 5386 Assumunt
2627 5331 2764 5399 Αεςηί
2805 5329 3030 5396 faciem,
3070 5341 3130 5387 ut
3166 5333 3419 5389 draconis

1843 5424 2056 5493 possint
2073 5437 2330 5479 exercere
2358 5423 2746 5493 operationem.

1915 5534 1982 5589 Et
2012 5544 2310 5604 potestatem
2330 5533 2521 5604 prioris
2543 5535 2718 5588 bestiw
2740 5553 2937 5590 omnem
2971 5537 3193 5608 facie’bat
3217 5537 3270 5590 in
3297 5529 3422 5591 con;

1845 5638 2018 5696 specta
2063 5625 2198 5694 ejus.
2230 5624 2368 5691 Quia
2419 5625 2558 5680 sicut
2591 5625 2958 5684 Antichristus
3002 5629 3054 5683 vi
3103 5639 3156 5683 et
3195 5629 3418 5692 fraude,

1845 5717 2227 5773 blandimentis
2271 5726 2326 5770 et
2373 5717 2664 5782 doctrinis,
2701 5718 2998 5774 terroribus
3039 5728 3092 5772 et
3136 5719 3422 5776 tormentis

1847 5809 2062 5878 decipit,
2098 5808 2171 5863 ita
2200 5817 2251 5863 et
2283 5823 2468 5864 omnes
2498 5810 2725 5866 ministri
2758 5811 2890 5880 ejus.
2923 5811 3059 5877 Quid
3097 5822 3178 5866 est
3216 5821 3424 5882 autem,

2873 5905 2948 5964 33
