3972 6476
185 394 338 475 {tot

1025 405 1028 408 ’
1127 414 1494 474 uxrem-‘10
1531 414 1598 471 IN
1636 407 2132 471 APOCALYPSIN.
2173 445 2236 456 -
2278 415 2402 471 LIB.
2443 415 2532 471 IV.
2607 453 2611 458 .

3329 417 3472 475 H08

183 535 251 592 Id
284 541 375 591 est
410 532 541 606 ipsis
586 532 849 590 ministris
889 531 1209 588 Antichristi
1253 534 1438 588 datum
1474 541 1561 588 est
1589 547 1620 585 a
1650 531 1781 596 Deo,
1814 533 1860 591 Α
1889 527 2050 582 ﬁdem
2073 530 2398 585 verhotenus
2425 531 2643 595 habent,
2660 530 2756 585 sed
2774 543 2938 600 opera
2961 529 3084 585 ﬁdei
3105 544 3219 585 non
3244 530 3466 603 habent.

185 630 308 684 hoc
343 635 451 693 est,
493 626 815 697 permissum
853 631 938 680 est
983 631 1044 680 ut
1079 623 1234 680 daret
1279 625 1526 695 spiritum
1567 622 1785 692 imagini

186 718 410 774 bestiae.
442 716 622 787 Imago
655 716 865 782 bestiae,
905 717 1020 787 ipse
1066 717 1230 771 homo
1257 716 1546 771 damnatus
1587 713 1786 768 intelli-

188 811 372 880 gitur,
417 810 474 864 in
519 825 627 880 quo
671 809 916 864 diabolus
959 804 1256 873 habitabit,
1291 807 1376 862 cui
1407 808 1790 876 praedicatores

188 898 324 958 falsi
358 901 607 973 spiritum
638 902 864 968 dabunt,
891 901 992 956 hoc
1012 906 1116 964 est,
1136 900 1524 971 plenitudinem
1555 899 1789 969 Spiritus

191 992 381 1048 sancti
412 991 466 1045 in
495 1004 562 1045 eo
591 991 930 1059 requiescere
965 990 1166 1045 dicent.
1202 989 1442 1044 Dicimus
1469 989 1610 1043 enim
1642 1005 1740 1043 nos
1770 1007 1784 1043 :

194 1083 341 1138 Date
360 1083 609 1136 honorem
627 1081 752 1136 Deo.
779 1082 843 1135 Et
858 1095 1046 1136 rursus
1065 1087 1082 1134 ὲ
1106 1080 1368 1134 Exoltaho
1389 1090 1461 1146 te,
1484 1081 1625 1136 Deus
1644 1099 1788 1136 meus

195 1187 300 1226 rex
314 1169 489 1242 (Psal.
507 1170 679 1241 XXIX).
703 1171 982 1238 Quomodo
994 1171 1136 1224 enim
1155 1169 1228 1224 illi
1243 1171 1499 1226 honorem
1512 1173 1643 1226 dare
1660 1189 1787 1242 pos-

195 1261 430 1318 sumus?
451 1269 542 1314 aut
563 1264 832 1331 quomodo
853 1261 999 1315 illum
1019 1263 1263 1316 exaltare
1283 1262 1546 1327 valemus,
1571 1264 1660 1334 qui
1683 1280 1788 1320 non

126 1364 142 1420 ;
193 1355 370 1409 habet
397 1367 505 1424 quo
533 1353 836 1408 exaltetur?
873 1353 979 1409 Sed
1007 1355 1312 1410 exaltamus
1358 1355 1506 1410 illum
1531 1397 1546 1421 ,
1573 1360 1788 1428 quando

193 1445 480 1500 excelsum
504 1445 886 1514 prtedicamus.
916 1445 1030 1500 Tali
1070 1447 1228 1501 modo
1265 1445 1354 1502 isti
1398 1447 1603 1502 dabunt
1632 1451 1788 1519 Spiri-

194 1523 566 1604 tum'imagini
596 1531 815 1598 bestitc,
858 1533 1215 1604 praedicantes
1253 1550 1377 1590 eum
1408 1535 1625 1605 plenum
1667 1553 1789 1595 esse

191 1625 501 1681 divinitate.
531 1625 666 1680 Nam
698 1634 751 1679 et
777 1625 1044 1681 Photinus
1067 1626 1235 1682 dicit:
1266 1629 1377 1700 Ego
1402 1628 1618 1685 Christo
1639 1632 1789 1700 prin—

193 1716 402 1786 cipium
423 1731 487 1770 ex
519 1714 687 1769 Maria
716 1715 915 1780 tribuo,
944 1715 997 1769 id
1029 1726 1114 1771 est
1141 1717 1245 1772 hoc
1279 1720 1540 1772 annuntio
1570 1721 1691 1789 quia
1719 1736 1786 1774 ex

194 1805 372 1860 Maria
434 1804 648 1859 initium
705 1805 1016 1874 sumpserit.
1071 1805 1140 1860 Et
1199 1816 1256 1861 ut
1312 1807 1559 1879 loquatur
1608 1811 1784 1882 imago

1888 614 2112 686 Proprie
2139 625 2321 673 autem
2355 620 2424 674 ad
2453 618 2582 674 illud
2609 629 2821 688 tempus
2839 618 3073 688 pertinet
3101 618 3226 684 hoc,
3253 621 3473 690 quando

1888 707 2014 761 mali
2040 716 2224 778 aperte
2252 709 2404 765 illum
2445 718 2737 780 sequentur
2773 711 3001 781 reproba
3026 711 3130 768 ﬁde
3157 719 3213 767 et
3242 716 3472 785 reproba

1888 799 2120 854 actione.
3371 861 3374 864 .

1895 926 1902 930 -
1961 891 2028 946 Et
2051 909 2113 946 ne
2130 895 2247 962 quis
2268 895 2430 964 possit
2445 895 2674 952 uendere
2695 903 2784 952 aut
2799 912 2990 963 emere,
3005 896 3108 956 nisi
3121 897 3212 968 qui
3232 896 3473 958 habuerit,

1889 983 2241 1038 characterem
2263 993 2353 1040 aut
2375 1001 2564 1039 nomen
2591 987 2788 1051 bestiae,
2815 996 2905 1041 aut
2932 1003 3208 1042 numerum
3243 989 3476 1044 nominis

1888 1074 2023 1144 ejus.
2054 1072 2338 1144 Negotium
2375 1075 2517 1130 istud
2545 1076 2898 1145 spiritualiter
2922 1086 3004 1133 est
3041 1077 3331 1147 agendum.
3365 1077 3475 1137 Do-

1890 1165 2069 1220 minus
2093 1166 2290 1236 quippe
2317 1168 2662 1222 committeus
2683 1168 2797 1222 suis
2826 1167 3074 1225 ﬁdelibus
3104 1177 3251 1224 tanta
3275 1169 3476 1225 talenta

1889 1254 2180 1320 doctrinae,
2217 1255 2348 1311 dicit
2394 1275 2407 1310 :
2443 1255 2801 1328 Negotiamiui
2839 1259 2966 1314 dum
3004 1261 3185 1315 venio.
3233 1259 3301 1314 Et
3339 1261 3476 1317 bene

1888 1345 2199 1415 praedicatio
2225 1347 2438 1418 negotio
2466 1355 2828 1417 comparatur.
2871 1345 3060 1404 Sancti
3103 1349 3247 1405 enim
3291 1349 3475 1405 docto-

1890 1451 1979 1492 res
2006 1438 2306 1492 doctrinam
2348 1447 2654 1510 praerogant
2672 1481 2687 1505 ,
2712 1448 2767 1496 et
2792 1439 2950 1496 ﬁdem
2979 1457 3010 1496 a
3042 1441 3251 1512 populis
3289 1455 3474 1510 repor-

1890 1537 2030 1595 tant,
2053 1529 2212 1583 ﬁdem
2253 1531 2652 1600 impartiuntur,
2688 1541 2744 1587 et
2776 1547 2966 1588 eorum
3027 1535 3274 1604 protinus
3305 1534 3475 1589 vitam

1887 1630 2126 1676 sumunt.
2178 1621 2445 1693 Tempore
2495 1624 2678 1694 itaque
2719 1624 3039 1680 Antichristi
3084 1641 3246 1681 nemo
3287 1624 3476 1680 talium

1887 1710 1966 1780 (id
1994 1717 2078 1765 est
2109 1711 2375 1766 bonorum
2412 1713 2849 1782 praedicatoruml
2883 1714 3082 1782 poterit
3120 1714 3358 1770 vendere
3381 1721 3476 1768 aut

1886 1815 2088 1868 emere,
2105 1802 2158 1857 id
2171 1810 2277 1868 est,
2294 1817 2455 1858 nemo
2472 1803 2673 1874 poterit
2687 1804 2982 1874 praedicare
2997 1804 3161 1860 libere
3175 1805 3473 1871 Christum,

193 1896 396 1950 bestia.
424 1894 618 1950 Datum
646 1904 731 1950 est
765 1896 860 1961 illi,
893 1897 1230 1952 subauditur.
1275 1897 1410 1954 Nam
1459 1916 1566 1956 non
1610 1901 1781 1956 solum
1815 1887 1858 1946 Β
1885 1892 2011 1962 quia
2027 1892 2336 1949 carceribus
2356 1894 2797 1958 recludentur,°et
2819 1894 3475 1964 iusuperiuterﬁcientttr,

179 1989 462 2060 ’Spiritum
509 1996 755 2044 sanctum
806 1990 860 2044 in
915 2005 980 2046 eo
1029 1990 1369 2060 requiescere
1417 1992 1633 2058 dicent,
1688 1995 1783 2050 sed

190 2085 363 2140 etiam
387 2085 758 2155 praedicabunt
782 2084 933 2140 illum
967 2085 1114 2156 loqui
1143 2127 1157 2150 ,
1192 2085 1245 2141 id
1271 2095 1354 2141 est
1383 2095 1608 2142 ventura
1647 2103 1786 2158 prae-

193 2172 418 2239 dicere,
469 2177 568 2244 per
602 2174 859 2244 "spiritum
908 2175 1221 2245 prophetiae.
1257 2175 1528 2231 lntantum
1590 2180 1785 2249 quippe

192 2263 367 2334 signis
404 2273 459 2319 et
485 2265 759 2320 miraculis
797 2266 1149 2336 praevalebit,
1193 2277 1253 2322 ut
1291 2283 1322 2322 a
1353 2269 1466 2325 suis
1493 2277 1549 2325 et
1578 2269 1784 2340 Spiritu

191 2365 386 2412 sancto
415 2357 605 2426 plenus
635 2359 904 2423 credatur,
937 2367 993 2413 et
1035 2368 1258 2414 ventura
1302 2363 1598 2430 praedicere
1627 2379 1785 2433 posse

192 2450 513 2504 aestimetur.
555 2451 810 2506 Diabolus
857 2452 1000 2506 enim
1050 2467 1146 2521 per
1187 2467 1248 2507 os
1280 2454 1398 2524 ejus
1435 2455 1701 2526 loquetur,
1731 2459 1788 2514 e't

194 2541 312 2596 suis
337 2541 632 2596 cultoribus
675 2542 840 2596 multa
887 2541 1097 2598 fallacia
1140 2544 1290 2598 dabit
1333 2561 1615 2616 responsa,
1645 2549 1786 2604 sicut

194 2632 324 2688 olim
377 2633 644 2704 loquendo
679 2649 778 2706 per
816 2651 911 2690 ora
956 2635 1239 2691 idolorum.
1283 2636 1347 2692 Et
1389 2639 1552 2708 faciat
1585 2649 1641 2701 ut
1665 2641 1784 2712 qui-

196 2740 402 2794 cunque
423 2741 526 2778 non
563 2725 894 2778 adoraverint
921 2726 1198 2795 imaginem
1229 2727 1424 2794 bestite,
1453 2730 1781 2786 occidantur.

195 2813 256 2870 Id
282 2825 364 2870 est
389 2815 697 2886 quicunque
723 2833 828 2872 non
858 2818 1126 2872 audierint
1163 2831 1280 2885 eos,
1322 2828 1382 2875 ut
1416 2821 1597 2878 colant
1630 2824 1786 2878 Auti-

181 2903 462 2958 christum
484 2914 584 2973 pro
613 2906 739 2970 Deo,
775 2905 1168 2962 interﬁciantur
1207 2909 1276 2963 ab
1307 2909 1412 2966 illis
1437 2919 1494 2966 et
1532 2912 1601 2967 ab
1627 2913 1786 2983 hujus

196 2996 381 3051 saeculi
413 2996 748 3068 principibus
777 2999 867 3070 qui
902 3014 997 3056 eos
1041 3009 1341 3071 sequentur
1390 3021 1405 3059 :
1453 3005 1594 3061 sicut
1638 3005 1785 3064 Elias

197 3093 254 3140 et
280 3085 462 3141 Enoch
489 3095 544 3141 et
578 3087 728 3143 multi
757 3089 870 3143 alii.

269 3175 337 3230 Et
364 3177 521 3247 faciet
549 3195 723 3234 omnes
751 3180 993 3250 pusillos,
1019 3190 1066 3236 et
1095 3199 1311 3254 magnos
1330 3220 1344 3248 ,
1383 3194 1433 3239 et
1477 3185 1662 3241 divites
1680 3229 1695 3254 ,
1732 3196 1782 3242 et

1888 1983 1992 2037 nisi
2021 1983 2114 2052 qui
2156 1984 2408 2039 habuerit
2441 1985 2810 2040 characterem
2841 1985 3060 2050 bestiae,
3103 1986 3155 2038 id
3187 1994 3270 2040 est
3315 1984 3474 2038 ﬁdem

1888 2072 2032 2128 illius
2070 2076 2323 2140 tenuerit,
2351 2084 2406 2130 et
2430 2091 2626 2132 nomen
2654 2074 2770 2145 eius
2787 2117 2802 2141 ,
2822 2085 2881 2131 et
2905 2091 3185 2132 numerum
3219 2075 3473 2141 nominis,

1887 2164 1953 2220 de
1993 2181 2102 2236 quo
2136 2167 2190 2221 in
2220 2169 2569 2236 sequentibus
2597 2169 2857 2224 dicemus.
2889 2169 3188 2226 Character
3212 2179 3390 2225 autem
3418 2181 3475 2225 et

1885 2269 2082 2311 nomen
2117 2256 2327 2325 bestiae,
2351 2269 2406 2313 et
2433 2273 2691 2316 numerus
2719 2261 2953 2316 nominis
2973 2259 3111 2330 ejus,
3136 2277 3300 2316 unum
3326 2274 3470 2318 sunt.

1888 2345 2088 2401 Verum
2129 2347 2230 2403 ista
2271 2350 2532 2406 mercatio
2578 2367 2686 2407 non
2715 2353 2952 2410 cessabit
2991 2354 3047 2407 in
3088 2354 3174 2409 his
3199 2354 3291 2423 qui
3317 2353 3473 2408 electi

1888 2437 2108 2505 fuerint,
2159 2443 2437 2512 quoniam,
2478 2452 2640 2513 prout
2669 2445 2954 2500 valuerunt
2979 2486 2994 2512 ,
3023 2445 3284 2502 talentum
3306 2446 3474 2500 divini

1887 2531 2037 2585 verbi
2063 2540 2289 2603 erogare
2319 2536 2608 2590 curabunt.
2639 2537 2720 2591 Ad
2748 2537 2846 2592 has
2882 2539 3031 2593 enim
3082 2540 3352 2594 nundinas
3395 2539 3474 2596 illi

1886 2622 2253 2692 negotiatores
2299 2635 2591 2680 occurrent
2630 2629 2813 2682 eximii
2855 2646 2868 2678 :
2917 2629 3063 2686 Elius
3117 2630 3476 2686 videlicetvct

1886 2712 2091 2780 Enoch,
2119 2717 2210 2785 qui
2237 2716 2436 2771 intuitu
2460 2733 2670 2773 merces
2697 2718 2951 2774 Ecclesiae
2978 2721 3266 2790 praeclaras
3291 2727 3475 2777 osten-

1893 2805 2045 2870 dent,
2074 2813 2268 2862 utnon
2309 2807 2485 2862 solum
2517 2807 2641 2863 ﬁdei
2666 2809 2993 2866 Christiana:
3035 2811 3244 2878 dediti,
3288 2826 3475 2868 verum

1885 2895 2051 2950 etiam
2075 2897 2178 2967 ipsi
2203 2913 2297 2953 eas
2317 2900 2735 2968 concupiscant,
2764 2901 2854 2970 qui
2888 2901 3258 2958 characterem
3284 2905 3476 2960 bestia:

1886 2985 2210 3042 videbantur
2233 2988 2433 3044 habere
2449 3027 2465 3051 ,
2521 2990 2751 3045 Domino
2780 2990 2845 3045 de
2870 3007 2978 3047 uno
2999 3006 3188 3047 eorum
3215 2993 3430 3052 dicente
3457 3008 3472 3045 :

1887 3076 2034 3132 Elius
2055 3077 2298 3143 veniens,
2327 3079 2581 3134 restituet
2603 3079 2759 3135 vobis
2784 3082 2988 3136 omnia.

1959 3165 2064 3220 Hic
2089 3177 2164 3222 est
2187 3167 2444 3239 sapientia
2468 3182 2486 3220 :
2511 3168 2613 3234 Qui
2638 3168 2790 3224 habet
2811 3169 3151 3239 intellectum,
3178 3187 3285 3243 quo
3305 3173 3477 3242 possit

196 3282 467 3336 pauperes,
509 3277 557 3322 et
594 3267 781 3322 liberos
823 3280 872 3324 et
905 3287 1076 3326 servos
1105 3272 1293 3326 habere
1337 3274 1686 3330 characterem
1727 3277 1778 3330 in

1888 3255 1999 3310 haec
2022 3255 2366 3326 intelligendo
2386 3267 2690 3327 penetrare,
2705 3269 2962 3328 computet
2976 3277 3255 3317 numerum
3277 3263 3473 3335 bestiis.

202 3360 415 3414 dextera
444 3378 605 3415 manu
642 3371 733 3416 aut
765 3363 818 3416 in
857 3363 1115 3432 frontibus
1142 3366 1269 3420 suis.
1295 3366 1479 3421 Pusilli
1505 3378 1652 3431 sunt,
1691 3371 1783 3439 qui

202 3448 400 3504 malum
433 3451 574 3520 quod
603 3451 910 3520 intelligunt
935 3465 989 3508 et
1017 3453 1218 3517 volunt,
1248 3457 1508 3523 perﬁcere
1533 3470 1638 3511 non
1669 3469 1785 3529 pos-

197 3542 340 3594 'sunt.
374 3538 551 3613 Magni
595 3550 721 3597 sunt
755 3542 846 3613 qui
895 3546 1188 3600 secundam
1222 3561 1377 3600 suum
1419 3548 1626 3612 libitum
1652 3565 1782 3620 ope—

199 3640 390 3686 rantur
417 3629 639 3687 malum.
679 3623 887 3690 Divites
910 3679 923 3701 ,
954 3637 1044 3707 qui
1075 3647 1414 3696 terrenarum
1445 3658 1626 3696 rerum
1655 3659 1782 3714 pos-

201 3737 462 3790 sessores,
479 3725 564 3779 vel
578 3719 744 3780 etiam
773 3730 1009 3798 superbi.
1030 3730 1146 3796 Quo
1159 3742 1346 3787 contra
1362 3735 1502 3788 beati
1521 3751 1785 3806 pauperes

201 3815 391 3884 spiritu
415 3814 687 3869 dicuntur.
714 3817 846 3870 Nam
869 3829 923 3872 et
947 3821 1036 3874 ille
1055 3837 1182 3876 suos
1203 3825 1479 3879 ministros
1505 3827 1684 3880 multis
1705 3827 1787 3880 di-

200 3905 332 3958 tahit
371 3905 592 3970 divitiis,
611 3921 709 3975 pro
742 3909 1009 3976 quibusin
1031 3913 1337 3980 superbiam
1363 3915 1583 3968 nimiam
1611 3916 1788 3970 eleva-

201 3994 419 4047 buutur.
447 3992 718 4064 Pauperes
741 3997 843 4052 {ide
864 4007 918 4053 et
943 3999 1096 4055 bonis
1121 4003 1373 4070 operibus
1395 4003 1782 4076 intelliguntur.

199 4082 314 4150 Quo
328 4092 514 4139 contra
529 4085 815 4155 Apostolus
831 4089 961 4143 dicit
981 4089 1047 4143 de
1062 4104 1120 4145 se
1135 4099 1189 4144 et
1208 4091 1309 4145 sibi
1335 4091 1627 4147 similibus:
1651 4093 1789 4148 'l'an-

199 4193 352 4247 quam
378 4176 507 4230 nihil
528 4177 772 4234 habentes
806 4189 854 4234 et
875 4182 1050 4235 omnia
1077 4182 1399 4252 possidentes
1425 4182 1512 4255 (ΙΙ
1535 4181 1659 4238 Cor.
1688 4183 1780 4256 VI).

199 4260 374 4322 Liberi
395 4277 450 4322 et
472 4270 612 4324 servi
637 4279 782 4337 sunt,
809 4273 968 4328 alieni
991 4289 1020 4328 a
1043 4274 1272 4344 justitia,
1298 4285 1353 4332 et
1374 4278 1512 4332 servi
1541 4288 1790 4348 peccato-

198 4371 314 4410 rum
347 4356 492 4412 facti.
519 4355 737 4416 Talibus
767 4363 964 4432 quippe
987 4363 1117 4418 dicit
1136 4364 1425 4434 Apostolus
1458 4384 1470 4420 :
1501 4364 1631 4420 Cum
1656 4363 1788 4422 servi

197 4447 372 4501 essetis
396 4449 617 4516 peccati,
642 4448 790 4503 liberi
811 4451 986 4520 fuistis
1007 4451 1232 4521 justitiw
1260 4452 1443 4526 (Rom.
1476 4455 1574 4525 γι).
1604 4454 1659 4510 ld
1680 4463 1784 4522 est,

199 4538 357 4592 alieni
387 4534 565 4593 fuiStis
591 4555 620 4593 a
644 4537 877 4608 juStitia.
909 4542 974 4597 Hi
1001 4543 1248 4598 homines
1272 4545 1470 4601 habent
1498 4547 1782 4601 characte-

1885 3343 2282 3400 Obscuritatem
2311 3345 2470 3415 hujus
2489 3347 2593 3403 loci
2622 3349 2972 3406 considerans
2999 3351 3192 3406 beatus
3214 3351 3474 3418 Joannes,

1886 3436 2153 3491 intentum
2182 3438 2351 3493 voluit
2381 3439 2641 3496 lectorem
2669 3439 2848 3498 facere
2874 3460 2888 3497 :
2926 3452 3089 3512 atque
3123 3445 3327 3501 idcirco
3350 3461 3475 3502 eum

1884 3531 2228 3608 praemonuit,
2258 3539 2317 3585 ut
2349 3548 2635 3589 numerum
2666 3535 2856 3592 bestiae
2883 3536 3236 3606 perspiceret,
3262 3547 3321 3612 et
3345 3539 3477 3608 quia

1883 3636 2051 3691 purus
2073 3622 2234 3678 homo
2258 3624 2365 3678 erit
2383 3625 2771 3690 Antichristus,
2795 3626 2986 3695 plenus
3003 3637 3182 3684 tamen
3209 3629 3475 3696 dtemone,

1883 3712 2160 3784 subiungit
2187 3730 2200 3765 :
2221 3711 2489 3769 Numerus
2511 3715 2653 3769 enim
2677 3715 2904 3772 hominis
2931 3727 3028 3772 est.
3061 3718 3139 3773 Ac
3163 3719 3209 3774 si
3224 3719 3430 3779 diceret
3459 3739 3474 3774 :

1885 3803 2161 3858 Attendite
2175 3805 2481 3874 diligenter,
2499 3807 2625 3875 quia
2653 3808 2819 3862 homo
2839 3808 2945 3862 erit
2970 3823 3150 3872 verus,
3179 3825 3287 3865 non
3314 3812 3477 3877 Deus,

1886 3895 2026 3948 sicut
2061 3895 2174 3964 ipse
2205 3893 2464 3962 jactando
2489 3897 2652 3952 dicet.
2701 3898 2766 3952 Et
2807 3916 3058 3954 numerus
3093 3902 3208 3971 ejus
3249 3909 3480 3958 sexcenti
3553 3895 3558 3898 ’

1888 3987 2160 4055 sexaginta
2196 4003 2305 4040 sex.
2333 3987 2533 4042 Omnes
2576 3990 2698 4043 libri
2739 3989 2873 4044 Novi
2921 3991 3255 4048 Testamenti
3285 3995 3478 4050 Grzeco

1889 4093 2138 4133 sermone
2167 4089 2293 4134 sunt
2319 4081 2527 4150 scripti,
2561 4089 2759 4152 praeter
2783 4082 3134 4154 Evangelium
3159 4085 3480 4145 Matthtei‘et

1889 4169 2186 4239 Epistolam
2210 4170 2362 4226 Pauli
2388 4173 2454 4226 ad
2488 4171 2762 4227 Hebrzeos.
2785 4171 3074 4245 'Quiaergo
3104 4175 3196 4232 hic
3232 4176 3370 4234 liber
3393 4180 3480 4249 (ut

1889 4262 2094 4332 caeteri)
2126 4261 2314 4318 Graace
2341 4263 2578 4334 scriptus
2604 4270 2708 4329 est,
2738 4263 2942 4320 idcirco
2967 4280 3158 4324 sensus
3177 4267 3477 4349 hujus.loci

1889 4366 2042 4407 more
2067 4350 2380 4407 Graecorum
2405 4361 2491 4408 est
2534 4353 2910 4423 requirendus,
2941 4357 3086 4428 apud
3119 4371 3254 4427 quos
3287 4374 3481 4418 omnes

1890 4445 2084 4502 littera:
2126 4461 2382 4502 numeros
2428 4447 2481 4501 in
2528 4462 2587 4502 se
2633 4449 2935 4504 mutinent.
2989 4450 3244 4507 Dicamus
3293 4453 3480 4526 itaque

1890 4539 2169 4604 Annuus,
2194 4539 2337 4610 quod
2369 4539 2758 4609 interpretatur
2777 4541 2966 4596 honori
2984 4544 3301 4606 contrarius,
3331 4545 3478 4614 quod

204 4643 312 4681 rem
339 4629 530 4684 bestia:
556 4631 606 4684 in
641 4632 862 4687 dextera
893 4650 1053 4688 manu
1082 4644 1138 4689 et
1169 4637 1220 4689 iu
1248 4637 1518 4692 frontibus
1545 4639 1690 4704 suis,
1727 4649 1782 4694 et

1889 4645 2083 4685 nomen
2117 4629 2194 4684 illi
2243 4627 2382 4686 bene
2412 4630 2706 4696 convenit,
2751 4631 2842 4700 qui
2871 4630 3260 4700 Antichristus,
3294 4633 3348 4689 id
3394 4644 3481 4690 est

202 4729 322 4774 sunt
364 4721 527 4776 etiam
570 4737 712 4778 nunc
749 4733 856 4778 tam
897 4735 1052 4780 extra
1091 4727 1390 4783 Ecclesium
1421 4744 1583 4798 quam
1613 4729 1774 4784 intra.

200 4809 360 4863 Extra
388 4810 682 4866 Ecclesium
726 4814 1075 4878 snntJudmi,
1125 4817 1264 4870 intra
1297 4815 1419 4872 falsi
1459 4817 1776 4874 Christiani.

202 4902 332 4968 Quid
365 4910 545 4958 autem
574 4919 672 4972 per
694 4905 969 4960 dexteram
998 4924 1214 4962 manum
1241 4910 1596 4979 reproborum
1621 4911 1779 4967 intel-

202 4991 377 5064 ligitur
400 5034 415 5059 ,
451 4995 554 5050 nisi
585 4997 830 5065 operatio
862 4997 1112 5051 illorum?
1140 4999 1205 5052 Et
1240 5000 1368 5070 quid
1397 5015 1495 5070 per
1523 4998 1779 5068 frontem,

201 5084 300 5140 nisi
332 5084 465 5141 ﬁdes
492 5087 849 5157 exprimitur?
882 5086 1093 5143 llabcnt
1132 5104 1264 5160 ergo
1306 5092 1680 5146 characterem
1727 5093 1781 5146 in

202 5178 417 5230 dextera
460 5191 621 5230 manu
660 5186 714 5232 et
752 5178 804 5232 in
840 5177 1109 5234 frontibus
1136 5181 1270 5245 suis,
1306 5182 1433 5250 quia
1463 5182 1553 5235 ubi
1583 5181 1784 5237 debue-

203 5273 324 5320 ruut
350 5265 550 5320 habere
580 5280 714 5335 pura
739 5283 904 5339 opera
946 5271 1205 5325 virtutum
1245 5281 1302 5326 et
1339 5269 1495 5335 ﬁdei,
1529 5271 1600 5326 ibi
1633 5271 1778 5328 inve-

205 5360 418 5414 niuntur
447 5359 654 5414 macula
684 5362 927 5418 criminis
955 5351 1252 5435 deturpati.
1280 5363 1336 5418 In
1377 5379 1537 5418 manu
1580 5363 1782 5420 habent

205 5449 362 5505 Judaei
389 5447 507 5518 ejus
529 5451 919 5512 characterem,
951 5454 1074 5522 quia
1106 5468 1267 5524 opera
1296 5453 1495 5508 diaboli
1527 5453 1733 5509 faciunt
1760 5472 1772 5508 :

208 5541 257 5593 in
285 5538 490 5607 fronte,
533 5541 658 5610 quia
701 5542 755 5596 in
801 5557 924 5596 eum
968 5545 1213 5608 credunt,
1242 5553 1298 5602 et
1326 5546 1470 5600 illum
1507 5547 1778 5618 recepturi

207 5641 533 5705 exspectant,
579 5633 737 5703 juxta
779 5634 907 5690 illud
937 5653 949 5688 :
977 5635 1086 5707 Ego
1115 5639 1237 5692 veni
1273 5639 1329 5694 in
1350 5638 1570 5695 nomine
1598 5639 1779 5696 Patris

210 5723 338 5791 mei,
367 5731 426 5782 et
447 5739 555 5780 non
587 5724 901 5796 suscepistis
923 5741 1016 5780 me
1045 5744 1057 5778 :
1099 5726 1237 5782 alius
1259 5729 1440 5784 veniet
1473 5730 1529 5784 in
1557 5730 1778 5786 nomine

211 5827 332 5883 suo,
382 5812 531 5870 illum
579 5814 901 5886 suseipietis.
933 5814 1212 5871 Similiter
1241 5818 1440 5875 habent
1474 5828 1530 5874 et
1571 5819 1649 5874 illi.
1685 5822 1778 5888 qui

1887 4721 2108 4778 Christo
2131 4721 2440 4776 contrarius
2465 4722 2681 4776 dicitur.
2717 4721 2829 4778 Hoc
2865 4723 3065 4778 etenim
3095 4738 3295 4778 nomen
3334 4735 3476 4793 prte-

1886 4813 2164 4868 cedcntem
2210 4812 2266 4866 in
2313 4829 2371 4867 se
2401 4813 2643 4866 continet
2687 4826 3003 4878 numerum,
3049 4813 3154 4870 hoc
3199 4815 3362 4871 modo
3393 4832 3476 4880 :_¢

1886 4919 2080 4968 unum,
2099 4926 2128 4957 ν
2151 4903 2560 4972 quinquaginta,
2582 4925 2612 4958 τ
2636 4910 2927 4968 trecentos,
2952 4925 2974 4959 ε
3001 4905 3258 4974 quinque.
3283 4927 3324 4977 μ
3344 4920 3475 4976 qun-

1889 4996 2162 5066 draginta,
2187 5017 2217 5051 ο
2244 4995 2604 5065 septuaginta,
2633 5017 2669 5051 σ
2695 4995 2976 5050 ducentos.
3008 4994 3265 5051 Dicamus
3294 4997 3474 5070 adhuc

1883 5094 1937 5141 et
1960 5086 2148 5141 aliter:
2177 5086 2430 5151 Annuus,
2462 5087 2604 5155 quod
2633 5087 3048 5157 interpretatur:
3076 5083 3254 5156 Nego.
3274 5085 3341 5142 Et
3369 5088 3475 5144 hoc

1881 5193 2080 5236 nomen
2108 5180 2245 5235 bene
2266 5179 2339 5233 illi
2361 5187 2594 5249 aptatur,
2620 5178 2744 5248 quia
2766 5177 3042 5234 Christum
3061 5179 3282 5250 negabit
3304 5179 3478 5246 Deum

1882 5286 2037 5336 esse,
2083 5286 2250 5342 seque
2299 5271 2466 5327 Deum
2515 5269 2862 5326 conﬁtebitur
2906 5270 3124 5342 injuste.
3175 5270 3246 5327 Et
3285 5271 3478 5330 in-hoc

1883 5381 2098 5436 quoque
2143 5365 2362 5420 nomine
2403 5377 2667 5420 numerus
2713 5363 2831 5433 ipse
2879 5365 3208 5420 continetur.
3260 5362 3478 5422 Natum

1885 5473 2051 5513 unum
2079 5457 2350 5521 ostendit,
2376 5477 2408 5532 ρ
2435 5463 2672 5519 centum,
2705 5479 2733 5511 ν
2763 5455 3176 5526 quinquaginta,
3204 5477 3232 5510 ο
3251 5464 3476 5526 septua-

1888 5548 2056 5620 ginta,
2073 5571 2098 5600 ν
2121 5548 2565 5619 quadringentos,
2586 5570 2625 5620 μ
2645 5546 3025 5618 quadraginta,
3042 5568 3064 5602 ι
3085 5563 3326 5618 qumque
3341 5564 3359 5608 ς·
3383 5547 3475 5616 qui

1885 5637 2045 5694 simul
2077 5638 2221 5694 ducti
2245 5678 2260 5702 ,
2290 5635 2498 5694 faciunt
2535 5647 2821 5692 sexcentos
2849 5638 3130 5709 sexaginta
3166 5634 3284 5692 Sex.
3316 5636 3477 5694 Diea-

1885 5745 2009 5785 mus
2045 5737 2101 5785 et
2141 5729 2336 5784 aliter:
2369 5727 2598 5795 Tutus,
2628 5730 2771 5798 quod
2795 5727 2992 5785 Latine
3017 5728 3098 5784 sol
3120 5727 3339 5786 dicitur.
3380 5726 3474 5786 Sil

1886 5828 2066 5876 autem
2095 5817 2343 5876 Christus
2365 5826 2448 5874 est
2465 5833 2564 5890 per
2583 5817 3058 5892 signiﬁcationem,
3082 5818 3174 5889 qui
3205 5816 3476 5879 illuptinat
