3972 6450
577 381 716 448 nos

1045 394 1395 450 HAYMONIS
1435 389 1912 451 HALBERSTAT.
1952 394 2164 450 EPISC.
2205 394 2355 450 OPP.
2397 394 2577 450 PARS
2615 396 2654 449 l.
2696 425 2769 434 —
2799 388 3086 449 COMMER
3107 391 3156 446 ξ’.
3194 392 3362 448 BIBL.

3755 396 3871 452 HN

576 525 784 564 omnem
809 509 1363 562 hominemuenientem
1382 508 1438 560 in
1459 509 1597 562 hunc
1617 511 1869 562 mundum
1886 509 2068 578 (Joan.
2088 511 2146 576 l).
2181 516 2230 572 Α
2256 509 2443 566 decem
2474 515 2640 568 verba
2669 511 2956 568 cohibetur
2991 527 3003 564 :
3046 520 3208 580 atque
3251 522 3568 570 enarrante
3598 511 3860 580 Veritate,
3925 508 3929 570 Ὗ

574 599 770 654 Teitan
801 613 1013 668 quoque
1048 598 1347 667 appellatur
1367 597 1517 666 gigas
1545 616 1556 649 :
1584 597 1724 652 unde
1753 607 1808 652 et
1842 599 1893 652 in
1927 597 2152 667 Virgilio

575 695 806 763 legimus
825 709 837 744 :
859 690 1164 760 Titaniaque
1181 701 1344 743 astra.
1363 689 1610 745 Christus
1623 693 1769 745 enim
1780 692 1949 762 gigas,
1967 693 2032 745 de
2047 707 2156 760 quo

576 783 860 837 Psalmista
887 781 1017 836 dicit
1043 799 1055 832 :
1091 779 1384 834 Exsultarit
1407 790 1462 832 ut
1483 781 1630 850 gigas
1654 779 1826 850 (Psal.
1847 782 2020 851 xvnt).
2041 781 2156 850 Ipse

576 888 756 942 eaque
777 872 1143 927 Antichristus
1172 873 1273 925 hoc
1297 885 1490 924 nomen
1515 871 1616 924 sibi
1645 870 1908 924 fallaciter
1929 887 2154 938 usurpa-

571 964 670 1026 bit,
687 972 743 1018 et
762 963 903 1018 dicet
924 978 982 1018 se
1006 978 1126 1017 esse
1147 963 1318 1018 solem
1341 961 1509 1022 illum,
1529 963 1596 1016 de
1618 977 1726 1031 quo
1751 962 2010 1030 scriptum
2035 969 2150 1015 est:

570 1052 739 1110 Vobis
753 1054 1067 1110 timentibus
1087 1069 1280 1109 nomen
1297 1069 1475 1108 meum
1489 1054 1694 1108 orietur
1705 1054 1783 1107 sol
1790 1052 2032 1122 justitiaa.
2047 1053 2154 1108 Lit-

569 1155 703 1204 tera:
727 1158 909 1204 autem
933 1147 1095 1217 hujus
1123 1148 1356 1202 nominis
1383 1157 1552 1202 totum
1584 1148 1730 1203 illum
1757 1149 2151 1219 praecedentem

569 1238 812 1293 continet
831 1251 1136 1300 numerum,
1167 1236 1219 1289 id
1247 1243 1334 1290 est
1359 1244 1644 1291 sexcentos
1673 1237 1948 1306 sexaginta
1975 1251 2091 1290 sex.
2121 1259 2152 1294 ς-

568 1327 767 1397 quippe
789 1333 1058 1381 trecentos
1079 1325 1352 1395 exprimit,
1373 1346 1392 1379 ε
1413 1325 1704 1394 quinque,:
1723 1325 1932 1390 decem,
1955 1325 2150 1381 iterum

567 1442 601 1476 τ
633 1427 934 1482 trecentos,
983 1439 1018 1473 α
1062 1432 1248 1480 unum,
1297 1439 1324 1470 ν
1371 1415 1790 1486 quinquaginta;
1841 1415 1934 1485 qui
1989 1416 2151 1471 simul

561 1507 736 1579 juncti
766 1507 975 1563 faciunt
997 1513 1281 1562 sexcentos
1317 1505 1592 1576 sexaginta
1617 1520 1744 1559 sex.
1762 1504 1926 1571 Quod
1954 1519 2147 1560 nomen

565 1597 731 1668 (sicut
761 1595 1020 1664 diximus)
1055 1593 1154 1648 sibi
1202 1593 1568 1648 Antichristus
1594 1593 1875 1663 usurpabit
1896 1633 1914 1659 ,
1944 1594 2150 1650 audens

563 1701 628 1742 se
649 1687 956 1742 hominibus
980 1685 1150 1739 lucem
1175 1682 1438 1753 proﬁteri,
1467 1697 1591 1737 cum
1614 1684 1687 1738 sit
1706 1692 1952 1753 apostata
1979 1699 2148 1754 ange-

563 1780 652 1835 lus
681 1779 735 1834 in
762 1794 827 1834 eo
847 1777 1236 1847 transfigurans
1260 1776 1395 1834 sein
1426 1775 1855 1845 angelum'lucis.
1885 1775 2056 1842 Quam
2077 1775 2148 1830 ob

2257 612 2570 670 operatores
2593 603 2767 658 vineae
2795 603 3020 658 denario
3055 605 3596 661 remunerabnntnr.
3644 605 3864 680 Sexage-
3927 647 3929 680 ἑ

2258 694 2441 748 narius
2468 694 2520 747 in
2549 709 2616 748 eo
2641 693 2916 763 perfectus
2937 702 3050 759 est,
3100 695 3226 768 quia
3266 698 3454 752 omnia
3495 714 3646 767 qua
3693 700 3748 754 in
3789 667 3858 756 ζει
3927 667 3929 784 ξ

2256 780 2448 835 diebus
2472 791 2788 854 operantur,
2827 783 3030 838 eisdem
3061 783 3300 855 decalogi
3328 787 3637 842 mandatis
3667 789 3858 842 conde
3927 780 3929 810 ἱ

2257 869 2459 923 duntur
2485 887 2500 923 :
2532 880 2696 940 atque
2719 873 3032 942 evangelica
3058 883 3396 942 protestante
3423 876 3696 946 eloquio,
3737 888 3856 934 terra

2256 958 2397 1014 bona
2433 960 2667 1016 fructum
2708 964 3103 1032 sexagesimum
3144 965 3340 1020 reddit.
3390 965 3784 1022 Ccntenarius
3815 971 3854 1024 in

2255 1061 2322 1101 eo
2345 1048 2620 1116 perfectus
2642 1060 2749 1115 est,
2781 1052 2907 1120 quia
2933 1052 3060 1106 dum
3087 1053 3329 1124 decalogi
3364 1057 3661 1111 mandata
3699 1057 3850 1116 decies

2254 1140 2607 1211 multiplicata
2633 1144 3066 1213 comprehendit,
3104 1147 3284 1202 omnis
3323 1149 3696 1218 operationis
3731 1166 3848 1204 sum-

2253 1247 2395 1286 mam
2423 1233 2715 1288 concludit.
2745 1232 2858 1289 Nisi
2885 1235 3031 1289 enim
3050 1238 3416 1292 centenarias
3450 1255 3732 1295 numerus
3755 1257 3844 1310 per-

2251 1320 2540 1376 fectionem
2571 1323 2897 1392 designaret,
2927 1338 3270 1395 nequaquam
3300 1327 3592 1384 Dominus
3617 1330 3689 1383 ad
3715 1331 3841 1385 disci.

2252 1411 2407 1481 pulos
2429 1413 2662 1468 diceret:
2692 1412 2875 1468 Omnis
2915 1415 3006 1485 qui
3037 1415 3298 1486 reliquerit
3338 1418 3602 1482 domum,
3633 1430 3726 1474 aut
3746 1421 3834 1488 {ra-

2237 1513 2375 1569 tres,
2396 1503 2476 1559 vel
2494 1520 2720 1570 sorores,
2735 1515 2825 1560 aut
2846 1517 3069 1575 patrem,
3085 1517 3176 1561 aut
3200 1518 3452 1574 matrem,
3470 1522 3575 1562 aut
3597 1510 3834 1578 ﬁlios,sut

2249 1594 2408 1661 ﬁlias,
2435 1604 2526 1648 aut
2547 1611 2704 1666 agros
2726 1605 2938 1666 prapter
2960 1611 3144 1650 nomen
3167 1614 3360 1661 meum,
3377 1598 3707 1666 centuplum
3726 1600 3830 1652 acci-

2247 1679 2372 1756 ρὶἑι,
2414 1696 2462 1740 et
2506 1687 2666 1740 vitam
2707 1696 2958 1740 wternarn
2992 1688 3272 1756 possidebit
3299 1688 3533 1760 (Matth.
3567 1692 3826 1761 xu).Qaia

2247 1788 2378 1830 vero
2415 1790 2511 1830 sex
2553 1776 2742 1830 diebus
2764 1775 2908 1831 Deus
2933 1787 3128 1832 cuncta
3156 1793 3320 1848 opera
3345 1795 3455 1833 sua
3489 1778 3654 1844 fecit,
3687 1790 3734 1834 et
3754 1796 3825 1835 ses

561 1887 801 1934 causam,
831 1871 877 1925 si
901 1870 1063 1924 etiam
1081 1870 1182 1923 hoc
1211 1867 1408 1937 aliquis
1433 1867 1732 1937 intelligere
1767 1866 1913 1930 vult,
1938 1866 2146 1921 Latinis
2171 1877 2221 1944 Β
2249 1874 2374 1920 sunt
2395 1873 2584 1921 aetates
2613 1865 2773 1934 hujus
2800 1867 3004 1933 saeculi,
3035 1877 3180 1924 recte
3218 1885 3316 1940 per
3356 1871 3520 1927 hunc
3567 1890 3820 1928 numerum

561 1963 759 2018 litteris
785 1977 1047 2033 ponamus
1070 1976 1291 2025 nomen,
1319 1959 1371 2013 in
1398 1974 1506 2028 quo
1535 1960 1674 2014 idem
1704 1974 1962 2014 numerus
1990 1959 2142 2014 inve-

557 2055 764 2118 niatur,
805 2056 908 2109 hoc
941 2054 1137 2108 modo:
1170 2051 1266 2105 Dic
1297 2050 1437 2105 Lux.
1465 2050 1588 2121 ipse
1631 2051 1776 2106 enim
1819 2051 1904 2120 (ut
1940 2051 2140 2106 dictum

558 2146 676 2216 est)
704 2145 961 2201 fatebitur
1000 2159 1059 2199 se
1088 2158 1207 2199 esse
1237 2143 1454 2207 lucem,
1495 2157 1625 2200 nam
1665 2142 1700 2195 ά
1737 2143 2142 2213 quingentos,i

557 2254 748 2303 unum,
773 2256 802 2308 c_
824 2247 1062 2302 centum,
1085 2237 1104 2290 ι
1130 2237 1537 2308 quinquaginta,
1564 2255 1592 2290 υ
1613 2237 1873 2307 quinque,
1892 2254 1930 2291 ω
1952 2237 2140 2293 decem

560 2329 883 2399 exprimunt.
917 2327 1045 2395 Quae
1077 2327 1316 2383 in’uuum
1354 2325 1624 2392 collectae,
1653 2325 1856 2382 faciunt
1892 2327 2142 2384 similiter

554 2429 842 2474 sexcentos
873 2419 1151 2488 sexaginta
1187 2433 1302 2473 sex.
1334 2417 1630 2473 Possumus
1666 2417 1840 2472 adhuc
1889 2418 2140 2473 eumdem

558 2524 866 2574 numerum,
879 2510 1032 2578 si'per
1045 2507 1263 2564 Graecas
1275 2508 1483 2562 litteras
1497 2507 2029 2579 scribaturuGOthico
2044 2521 2140 2563 no-

555 2605 722 2667 mine,
746 2603 986 2674 reperire
1006 2603 1110 2656 hoc
1135 2602 1294 2655 modo
1319 2617 1332 2654 :
1357 2599 1715 2655 GENSEBIKOS.
1740 2621 1772 2674 γ
1791 2601 1988 2670 quippe
2011 2601 2137 2667 tria,

558 2714 580 2750 ι
606 2694 864 2763 quinque,
891 2717 918 2746 ν
938 2693 1351 2761 quinquaginta,
1377 2711 1412 2746 σ
1435 2690 1720 2756 ducentos,
1741 2713 1774 2750 η
1795 2700 1940 2755 octo,
1965 2712 1996 2767 ρ
2018 2706 2140 2746 cen-

559 2793 692 2849 tum,
724 2807 741 2840 ι
773 2786 980 2847 decem,
1023 2805 1053 2837 κ
1091 2781 1300 2850 viginti,
1336 2788 1372 2835 ὀ
1416 2782 1773 2852 septuaginta,
1811 2803 1846 2836 σ
1877 2782 2138 2838 ducentos

555 2881 811 2936 ostendit.
855 2878 955 2945 Qui
999 2875 1160 2932 simul
1198 2875 1361 2938 ducti,
1409 2875 1612 2929 faciunt
1660 2883 1946 2932 sexcentos
1983 2885 2141 2931 sexu-

555 2971 702 3042 ginta
729 2984 843 3024 sex.
877 2966 1254 3037 lnterpretatio
1281 2973 1459 3020 autem
1489 2966 1719 3020 nominis
1752 2965 1991 3034 ejusdem
2029 2969 2133 3034 est,

553 3061 785 3132 gentium
809 3057 1054 3113 seductor
1077 3072 1096 3111 :
1118 3056 1171 3112 in
1195 3071 1262 3112 eo
1287 3056 1502 3110 Christo
1523 3057 1852 3121 contrarius,
1868 3059 2010 3126 quod
2034 3058 2134 3114 iste

555 3150 827 3214 seductor,
870 3147 958 3202 ille
998 3161 1131 3202 vero
1178 3146 1375 3201 dicitur
1423 3147 1661 3216 gentium
1711 3146 1964 3202 salvator.
2007 3147 2132 3203 Sive

2249 1971 2538 2025 possumus
2594 1957 2896 2027 intelligere
2930 1973 3092 2013 omne
3125 1967 3335 2029 tempus
3364 1965 3666 2031 pra-sentis
3703 1966 3820 2019 vita.

2245 2047 2381 2115 Quia
2403 2061 2532 2118 ergo
2569 2049 2731 2103 homo
2759 2048 2868 2113 ille,
2907 2048 3048 2104 filius
3071 2051 3421 2120 perditionis,
3462 2051 3737 2109 Christum
3769 2071 3816 2110 se

2243 2153 2364 2194 esse
2397 2138 2661 2194 fallaciter
2691 2137 3000 2204 allirmabit,
3037 2149 3294 2210 tanquam
3335 2141 3459 2211 ipse
3491 2144 3565 2197 sit
3594 2145 3815 2198 conditor

2241 2233 2637 2303 ornuium,quae
2659 2233 2714 2288 in
2751 2247 2846 2288 sex
2880 2233 3069 2289 diebus
3089 2243 3311 2305 peracta
3336 2235 3646 2301 volvuntur,
3663 2255 3810 2308 seque

2239 2324 2398 2394 alpha
2419 2333 2474 2379 et
2495 2340 2706 2396 omega,
2734 2324 3058 2396 principium
3079 2335 3135 2380 et
3155 2325 3346 2391 linem,
3369 2337 3419 2382 et
3437 2327 3594 2382 Deum
3610 2330 3806 2383 scilicet

2239 2422 2366 2469 ante
2395 2413 2586 2468 smeula
2598 2455 2612 2479 ,
2626 2424 2680 2469 et
2702 2414 2974 2468 hominem
2991 2415 3286 2470 mentietur
3300 2416 3351 2469 in
3361 2416 3455 2470 ﬁne
3470 2415 3788 2479 scalarum,

2239 2511 2386 2558 recte
2416 2518 2675 2558 numerus
2703 2502 2891 2558 best-ite
2937 2517 3035 2574 per
3081 2504 3411 2560 intellectum
3449 2514 3786 2576 computatns,

2239 2596 2668 2651 sexcentesimus
2697 2603 2753 2650 et
2782 2596 3150 2667 sexagesimus
3181 2606 3372 2653 sextus
3408 2613 3565 2653 omne
3609 2609 3795 2668 tempus

2238 2689 2362 2743 vitae
2396 2688 2676 2758 przesentis
2707 2688 3192 2757 comprehendens,
3220 2697 3275 2744 et
3312 2689 3593 2743 diabolica:
3621 2688 3791 2742 fraudis

2232 2778 2559 2848 nequitiam,
2589 2787 2644 2832 et
2669 2775 2887 2832 ﬁnalem
2919 2775 3101 2831 sseculi
3139 2777 3436 2832 terminum
3467 2777 3698 2832 ostendit

2833 2927 3059 2988 CAPUT
3097 2929 3234 2986 XIV.

2310 3045 2378 3100 Et
2409 3047 2512 3100 vidi
2529 3087 2542 3109 ,
2573 3055 2621 3099 et
2649 3061 2764 3098 ecce
2789 3045 2966 3115 Agnus
2995 3045 3164 3099 stabat
3197 3061 3367 3109 supra
3403 3057 3627 3099 montem
3657 3043 3782 3104 Siet,

2235 3149 2284 3193 et
2314 3156 2432 3192 cum
2456 3155 2514 3193 eo
2537 3147 2741 3191 centum
2763 3137 3114 3208 quadraginta
3140 3149 3374 3208 quatuor
3395 3137 3570 3190 millia
3591 3137 3780 3189 habentes

550 3253 681 3310 ergo
705 3239 826 3303 hoc,
864 3237 979 3292 sive
1003 3236 1094 3291 illo
1122 3238 1305 3302 modo,
1339 3236 1452 3291 sive
1476 3236 1527 3290 in
1551 3237 1760 3301 Grmca,
1785 3237 1896 3292 sive
1931 3237 1985 3291 in
2026 3235 2128 3291 La-
2158 3241 2202 3304 (ζ
2236 3245 2420 3284 nomen
2447 3228 2580 3298 ejus,
2603 3227 2658 3280 id
2685 3236 2787 3292 est,
2822 3226 3046 3282 Christi.
3077 3225 3144 3280 Et
3175 3242 3364 3280 nomen
3399 3224 3588 3281 Patris
3614 3227 3720 3295 ejus,
3739 3224 3776 3277 id

543 3333 684 3395 tina,
716 3330 830 3384 sive
857 3329 918 3383 in
941 3327 1173 3384 Gothica
1201 3327 1380 3396 lingua
1413 3327 1498 3381 hic
1524 3341 1782 3382 numerus
1811 3328 2127 3396 accipiatur,

537 3437 656 3476 non
681 3421 974 3490 incongrue
999 3418 1066 3472 ad
1091 3416 1414 3472 Antichristi
1433 3431 1720 3486 personam
1745 3415 1996 3471 refertur.
2023 3415 2130 3472 Sed

547 3519 634 3566 est
665 3509 840 3564 adhuc
867 3509 1012 3578 quod
1044 3508 1110 3562 de
1133 3506 1326 3562 eodem
1368 3522 1591 3560 numero
1628 3506 1807 3560 subtili
1850 3507 2133 3578 investiga-

551 3604 698 3655 tione
740 3613 1065 3668 pensemus,
1115 3604 1176 3650 ut
1217 3595 1371 3665 plura
1407 3593 1474 3648 de
1517 3609 1583 3649 eo
1617 3594 1904 3649 offerentes
1942 3595 2129 3650 lectori

535 3691 764 3761 plenius
791 3687 1206 3744 satisfaciamus.
1247 3685 1467 3739 Dicatur
1493 3699 1622 3754 ergo
1647 3703 1660 3738 :
1694 3683 1959 3740 Numerus
1985 3687 2128 3740 enim

549 3785 792 3855 ejusdem
847 3777 1274 3836 sexcenteslmus
1329 3778 1694 3848 sexagesimus
1768 3785 1971 3832 sextus.
2035 3778 2130 3834 Se-

548 3874 736 3930 narius
781 3871 977 3942 quippe
1019 3883 1280 3924 numerus
1308 3869 1445 3938 apud
1489 3869 1805 3924 saecularem
1847 3870 2128 3927 scientiam

549 3968 670 4021 ideo
692 3964 963 4035 perfectus
983 3972 1088 4025 est,
1113 3960 1236 4031 quia
1252 3960 1465 4030 primus
1480 3960 1540 4014 in
1565 3961 1806 4016 numeris
1825 3962 2129 4031 completur

545 4056 791 4126 partibus
819 4055 951 4117 suis,
984 4052 1036 4108 id
1062 4060 1164 4115 est,
1191 4061 1343 4106 sexta
1369 4051 1451 4104 sui
1479 4061 1653 4120 parte,
1683 4052 1838 4106 tertia
1867 4060 1924 4106 et
1969 4053 2126 4108 dimi-

547 4149 632 4202 dia
659 4161 674 4199 :
703 4160 823 4216 quae
845 4153 971 4199 sunt
993 4157 1183 4206 annui,
1203 4149 1258 4196 ct
1281 4142 1409 4206 duo,
1437 4151 1494 4196 et
1522 4142 1623 4196 tria
1651 4153 1666 4195 :
1694 4157 1814 4210 quae
1837 4141 1893 4196 in
1917 4156 2126 4198 summa

547 4238 728 4299 ducta,
752 4250 848 4289 sex
875 4233 1099 4287 faciunt.
1128 4230 1236 4287 Nec
1261 4231 1399 4286 alius
1419 4241 1546 4287 ante
1573 4232 1844 4287 senarium
1869 4246 2125 4288 numeros

545 4326 840 4395 reperitur,
865 4323 957 4393 qui
987 4322 1099 4378 suis
1121 4323 1370 4392 partibus
1395 4321 1522 4375 dum
1554 4321 1829 4383 dividitur,
1866 4331 1976 4374 tota
2008 4323 2124 4392 ejus

544 4431 756 4472 summa
784 4415 1136 4484 compleatur,
1163 4413 1374 4482 quique
1408 4411 1533 4468 dum
1568 4428 1598 4464 a
1631 4421 1786 4468 sexta
1825 4413 1908 4468 sui
1951 4423 2122 4483 parte,

546 4510 598 4563 id
628 4517 732 4572 est,
764 4508 834 4562 ab
859 4521 967 4560 uno
997 4505 1058 4558 .in
1097 4504 1401 4566 denarium,
1435 4517 1464 4555 a
1497 4502 1652 4556 tertia
1679 4511 1858 4557 autem
1892 4503 1945 4557 in
1978 4503 2125 4558 vice-

2235 3330 2340 3384 est,
2373 3320 2464 3372 Dei
2494 3318 2693 3381 Patris,
2722 3317 2971 3387 scriptum
2993 3317 3047 3371 in
3085 3316 3344 3386 frontibus
3367 3319 3511 3371 suis.
3543 3317 3777 3383 Sion,qaz

2240 3409 2628 3478 interpretatur
2657 3408 2971 3476 spcculatio,
3006 3406 3246 3461 Ecclesia
3274 3415 3385 3472 est,
3425 3424 3555 3478 qua:
3585 3409 3697 3461 bona
3718 3404 3775 3457 lt-

2235 3510 2356 3553 tura
2391 3500 2781 3554 incessabiliter
2812 3499 3224 3568 contemplatur,
3257 3509 3312 3554 et
3343 3517 3470 3570 quae
3500 3502 3654 3556 etiam
3675 3498 3772 3551 mala

2235 3594 2346 3646 sint
2403 3593 2641 3646 cavenda
2678 3591 2979 3645 denuntiat.
3019 3590 3169 3645 Mons
3206 3590 3337 3646 Sion
3387 3593 3528 3646 nihil
3566 3603 3641 3646 est
3674 3588 3774 3642 alia!

2231 3700 2391 3754 quam
2416 3686 2527 3754 ipsa
2545 3684 2695 3746 Sion,
2713 3685 2764 3738 id
2783 3693 2866 3738 est
2878 3683 3138 3747 Ecclesia,
3155 3683 3221 3738 de
3242 3699 3348 3753 qua
3364 3682 3650 3738 Psalmista
3662 3682 3770 3735 dicit:

2233 3777 2403 3832 Mater
2425 3776 2552 3830 Sion
2575 3777 2731 3842 dicet,
2754 3777 2906 3829 homo
2937 3771 3110 3847 (Psal.
3141 3777 3392 3846 Lxxxvt),
3421 3784 3565 3840 etc.;
3595 3786 3642 3830 et
3663 3771 3772 3834 alilvi,

2232 3867 2336 3933 Qui
2357 3867 2621 3936 conﬁdunt
2640 3867 2693 3918 in
2707 3865 2930 3919 Domino
2951 3865 3082 3919 sicut
3104 3882 3249 3919 mons
3271 3863 3406 3919 Sion
3425 3862 3774 3936 (Psal.cxxttl

2227 3961 2412 4030 Agnus
2433 3971 2612 4015 autem
2629 3959 2875 4014 Christus
2895 3967 2998 4024 est,
3024 3959 3090 4014 de
3112 3974 3218 4028 quo
3235 3957 3478 4013 Joannes
3497 3959 3625 4014 dicit
3645 3977 3656 4009 :
3682 3955 3774 4008 Em

2227 4051 2404 4123 Agnus
2430 4052 2525 4105 Dei
2543 4049 2725 4118 (Joan.
2750 4049 3007 4120 t).Agnus
3029 4050 3199 4103 stabat
3222 4062 3387 4120 supra
3415 4061 3640 4103 montem
3664 4046 3772 4108 Sion,

2227 4145 2354 4215 quia
2378 4145 2490 4213 ipse
2505 4142 2753 4198 Christus
2778 4141 3028 4210 pmsidet
3050 4140 3307 4197 Ecclesia:
3333 4154 3471 4194 sum.
3500 4139 3608 4195 Sed
3631 4139 3676 4192 in
3700 4139 3771 4191 hoc

2228 4223 2347 4295 loco
2367 4240 2550 4293 finitus
2574 4252 2832 4292 numerus
2851 4238 3067 4308 ponitur
3097 4252 3194 4307 pro
3223 4236 3462 4300 infinito,
3479 4237 3538 4290 id
3569 4246 3661 4298 est,
3685 4248 3775 4287 cen-

2224 4337 2339 4383 tum
2363 4329 2717 4398 quadraginta
2734 4337 2964 4396 quatuor
2981 4326 3145 4381 millia
3167 4341 3265 4396 pro
3285 4325 3666 4380 innumerabili
3682 4321 3774 4376 ntal-

2227 4419 2455 4474 titudine
2481 4417 2798 4472 electorum.
2829 4415 3146 4488 Specialiter
3172 4431 3301 4470 vero
3326 4417 3417 4470 hic
3440 4433 3689 4470 numerus
3706 4428 3773 4467 eus

2226 4509 2494 4580 signiﬁcat
2523 4509 2615 4578 qui
2645 4508 2878 4578 virgines
2905 4516 3029 4562 sunt
3049 4515 3101 4562 et
3127 4515 3304 4562 mente
3321 4515 3373 4560 et
3397 4521 3660 4576 corpore:
3683 4504 3770 4574 quia

546 4598 758 4651 narium
803 4597 995 4666 surgit,
1037 4593 1190 4663 quasi
1241 4594 1560 4662 quadratum
1606 4591 1885 4647 denarium
1928 4593 2121 4648 reddit.
2150 4584 2202 4646 D
2227 4601 2522 4655 multisunt
2543 4600 2776 4670 virgines
2799 4615 3166 4670 corpore,non
3186 4610 3360 4653 tamen
3390 4611 3599 4656 mente.
3617 4599 3773 4653 Same

546 4689 655 4744 Sed
695 4697 754 4742 ut
800 4687 1080 4751 solidetur,
1131 4700 1343 4740 rursum
1377 4700 1407 4739 a
1435 4693 1588 4741 sexta
1619 4685 1701 4739 sui
1736 4695 1889 4754 parte
1914 4701 2032 4754 quae
2067 4687 2120 4742 in

545 4778 828 4834 denarium
857 4776 1055 4846 surgit,
1080 4775 1148 4830 ad
1175 4776 1544 4830 centenarium
1568 4775 1831 4845 pervenit,
1855 4775 2042 4844 sicque
2069 4777 2121 4830 in

535 4870 659 4928 suis
691 4867 940 4938 partibus
981 4865 1390 4934 multiplicatus,
1435 4874 1723 4922 sexcentos
1759 4874 2118 4920 consummat.

545 4959 653 5014 Sed
681 4959 808 5028 quia
835 4963 1030 5013 cuncta
1059 4956 1176 5010 bare
1205 4971 1302 5026 per
1329 4971 1498 5011 sacra:
1529 4954 1822 5025 Scripturte
1849 4956 2122 5010 celsitudi-
2155 4956 2160 4960 ’

529 5065 667 5106 nem
711 5049 1038 5120 proﬁciendo
1081 5047 1544 5111 transcendimus,
1592 5047 1664 5102 ibi
1707 5046 2001 5110 senarium,
2047 5046 2119 5100 ibi

543 5140 978 5212 sexagenarium,
1009 5141 1078 5195 ibi
1106 5138 1500 5203 centenarium,
1543 5138 1684 5193 unde
1718 5136 1990 5208 perfectus
2022 5152 2121 5192 nu-

543 5248 728 5288 merus
755 5233 1194 5297 sit,.invenimus.
1224 5231 1279 5285 ln
1306 5215 1584 5301 Scriptura
1612 5231 1813 5287 etenim
1841 5245 1998 5284 sacra
2022 5247 2121 5284 nu-

543 5338 728 5377 merus
759 5321 1006 5377 senarius
1050 5323 1170 5380 idco
1214 5321 1483 5391 perfectus
1524 5331 1624 5385 est,
1665 5322 1793 5391 quia
1835 5323 1890 5375 in
1934 5321 2120 5376 mundi

539 5415 752 5484 origine
780 5412 1058 5478 Dominus,
1088 5429 1150 5469 ea
1179 5430 1296 5483 quae
1327 5414 1503 5484 primo
1529 5413 1615 5468 die
1638 5414 1820 5484 coepit,
1853 5421 2008 5468 sexto
2034 5412 2122 5468 die

539 5520 707 5576 opere
721 5505 1026 5576 complevit,
1040 5521 1160 5560 cum
1175 5505 1474 5570 hominem,
1498 5515 1719 5575 propter
1741 5521 1900 5575 quem
1923 5505 2119 5561 cuncta

540 5605 840 5663 creaverat,
867 5599 934 5652 ad
963 5598 1252 5666 imaginem
1283 5612 1436 5652 suam
1471 5596 1616 5652 fecit.
1645 5597 1907 5653 Denarius
1933 5614 2120 5656 nurne—

541 5699 636 5740 rus
664 5687 719 5740 in
745 5701 810 5742 eo
836 5685 1108 5756 perfectus
1137 5695 1240 5751 est,
1275 5686 1404 5756 quia
1430 5685 1516 5742 lex
1543 5686 1597 5741 in
1621 5686 1807 5741 decem
1834 5685 2140 5759 praeceptis

539 5774 900 5844 concluditur,
934 5775 1216 5847 omnisque
1250 5775 1407 5848 culpa
1445 5792 1553 5834 non
1576 5777 1807 5848 amplius
1833 5794 1991 5850 quam
2020 5795 2118 5851 per

2229 4691 2340 4763 ipsa
2360 4693 2544 4755 verba,
2570 4693 2764 4760 quibus
2787 4691 3037 4745 dicuntur
3059 4699 3273 4746 centum
3291 4692 3655 4762 quadraginta
3678 4707 3774 4758 qua-

2229 4791 2348 4837 tuor
2380 4783 2542 4837 millia
2577 4797 2700 4836 cum
2739 4780 2964 4834 Domino
2996 4781 3129 4843 visa,
3163 4797 3267 4834 non
3301 4792 3496 4835 carent
3536 4781 3767 4852 mysterio.

2225 4872 2581 4927 Centenarius
2623 4871 2763 4925 enim
2790 4859 3046 4925 numerus
3071 4871 3122 4925 in
3151 4870 3332 4924 divina
3362 4869 3648 4942 Scriptura
3668 4884 3771 4935 up:

2224 4961 2494 5032 perfectus
2515 4960 2836 5022 ostenditur,
2858 4960 2997 5012 unde
3023 4969 3104 5013 est
3131 4973 3144 5012 :
3177 4951 3343 5012 Terra
3371 4961 3512 5013 bona
3549 4961 3669 5015 fecit
3689 4963 3771 5012 tru-

2224 5061 2368 5107 ctum
2383 5051 2714 5120 centuplum,
2735 5053 2876 5120 quod
2894 5050 3098 5106 scilicet
3114 5051 3178 5105 ad
3201 5052 3520 5122 virginalem
3539 5055 3772 5123 pertinent

2223 5143 2482 5212 probatur
2527 5142 2932 5213 perfectionem.
2988 5141 3322 5210 Rursusque,
3367 5141 3547 5198 llomo
3597 5145 3773 5214 quidam

2224 5233 2414 5289 habuit
2441 5244 2654 5288 centum
2683 5249 2829 5289 oves.
2863 5234 2980 5301 Quo
3010 5235 3061 5289 in
3094 5235 3211 5289 loco
3250 5250 3462 5290 summa
3491 5239 3774 5308 angelorum

2222 5337 2278 5382 et
2303 5327 2580 5381 hominum
2618 5327 2949 5396 intelligitur,
2997 5335 3212 5380 centum
3255 5327 3455 5396 quippe
3494 5345 3629 5383 oves
3667 5327 3776 5380 Deus

2224 5418 2564 5486 omnipotens
2587 5417 2794 5479 habuit,
2820 5417 2943 5485 quia
2971 5417 3278 5488 angelorum
3312 5427 3366 5472 et
3395 5419 3678 5474 hominum
3705 5433 3775 5470 m-

2223 5519 2398 5564 turam
2430 5511 2496 5563 ad
2533 5524 2602 5563 se
2628 5509 2911 5564 videndum
2948 5511 3172 5574 creavit,
3208 5520 3262 5564 et
3296 5509 3519 5576 lterum,
3557 5511 3661 5577 Qui
3683 5510 3777 5561 reli-

2218 5601 2384 5672 querit
2425 5589 2632 5654 domum
2678 5609 2726 5653 et
2757 5599 2969 5670 fratres,
3012 5607 3143 5665 etc.,
3172 5615 3341 5670 usque
3372 5597 3686 5667 Centuptsnr
3711 5616 3778 5652 er-

2219 5691 2392 5760 cipict,
2422 5700 2468 5743 et
2517 5691 2671 5742 vitam
2715 5698 2962 5743 wtcrnam
2997 5689 3295 5758 possidebit.
3323 5688 3775 5762 Quadragenarios

2219 5797 2432 5854 quoque
2464 5797 2718 5838 numerus
2747 5782 2801 5838 in
2826 5780 3086 5853 mysterio
3127 5790 3212 5838 est
3249 5793 3629 5852 consecratus,
3659 5782 3775 5837 unde
