3972 6498
991 381 1034 393 υ
2728 377 2856 392 ’ήκη

178 437 355 498 nos
1134 441 1498 503 EXPOSITIO
1536 441 1605 501 IN
1643 434 2140 502 APOCALYPSl-N.
2176 475 2247 486 —
2285 441 2414 501 us.
2454 424 2551 501 IV.
3342 449 3485 508 nos

176 561 250 612 et
282 553 420 630 ipse
446 552 707 611 Dominus
737 554 1092 626 quadraginta
1118 556 1307 614 diebus
1337 554 1623 627 jejunavit,
1658 555 1798 612 sicut
1822 558 1873 618 Α
1898 555 2190 626 pertinent,
2213 559 2307 628 qui
2327 567 2384 614 et
2401 558 2788 630 pradicatores
2809 557 3098 625 exsistunt,
3122 569 3184 615 ut
3205 559 3491 630 ipse-scili-

177 621 346 702 olitn
379 621 626 702 fecerant
647 621 858 719 Movses
885 621 1130 704 et'Elias.
1156 621 1546 706 Constat'enim
1575 621 1643 704 ex
1666 663 1803 720 qua-
1898 621 1990 705 cet
2016 621 2256 706 Joannes
2287 659 2346 706 et
2378 621 2594 718 Paulus,
2631 653 2724 722 qui
2758 653 2890 710 dicit
2989 621 3120 708 Volo
3161 621 3338 710 omnes
3376 672 3490 714 esse

621 409 641 413 --
660 409 694 417 αδ
719 414 754 421 ν.-

180 742 462 798 ternario
489 749 545 798 et
573 742 813 798 denario.
851 741 1243 810 Quaternarius
1279 752 1526 800 sacratus
1568 753 1648 798 est
1682 755 1808 812 pro-'

179 841 334 904 pter
364 843 602 904 quatuor
626 833 847 889 ﬂumina
873 835 1132 905 paradisi,
1174 837 1287 892 sive
1323 848 1543 908 propter
1575 845 1808 905 quatuor

182 924 390 982 libros
435 927 745 998 Evangelii,
808 926 893 984 vel
941 938 1168 999 propter
1213 938 1446 1000 quatuor
1495 927 1806 983 notissimas

182 1017 408 1074 mundi
445 1026 646 1090 partes,
690 1019 803 1075 sive
846 1019 1009 1074 etiam
1055 1029 1274 1090 pr0pter
1309 1027 1540 1088 quatuor
1575 1019 1805 1075 virtutes

183 1108 564 1179 principales.
594 1109 858 1165 Denarius
886 1124 1101 1179 quoque
1129 1109 1382 1164 similiter
1406 1116 1491 1164 est
1519 1123 1806 1164 consecra-

185 1207 314 1265 tus,
352 1207 581 1271 propter
608 1200 794 1257 decem
824 1201 954 1273 legis
983 1210 1272 1273 praecepta.
1309 1200 1464 1257 Tunc
1490 1201 1804 1271 decalogum

187 1293 348 1363 legis
370 1293 709 1365 perlicimus,
731 1309 854 1350 cum
879 1303 1112 1363 quatuor
1135 1294 1302 1349 libros
1326 1293 1597 1363 Evangelii
1621 1293 1675 1348 in
1701 1292 1806 1348 [ide

188 1394 257 1441 et
285 1386 631 1456 joperatione
678 1386 1030 1441 custodimus.
1082 1385 1411 1442 Millenarius
1457 1387 1618 1440 etiam
1663 1401 1804 1456 saepe

187 1489 306 1545 pro
333 1475 675 1546 perfectione
701 1476 775 1530 rei
807 1476 872 1531 de
902 1491 1008 1546 qua
1039 1477 1239 1547 agitur,
1263 1477 1504 1546 ponitur,
1535 1477 1676 1532 unde
1697 1485 1798 1541 est,

190 1566 381 1622 Verbi
428 1568 572 1636 quod
615 1567 893 1622 mandavit
933 1568 986 1622 in
1033 1567 1182 1623 mille
1229 1568 1624 1638 generationes.
1666 1567 1799 1638 Cum

191 1661 359 1715 enim
386 1662 712 1716 credendum
742 1662 812 1728 sit
855 1663 999 1732 quod
1028 1679 1368 1735 nequaquam
1394 1679 1565 1735 usque
1586 1665 1652 1719 ad
1675 1681 1802 1720 cen—

193 1761 322 1807 tum
358 1753 736 1822 generationes
764 1753 995 1808 mundus
1025 1755 1367 1820 extendatur,
1401 1755 1532 1824 quid
1571 1755 1715 1810 aliud
1747 1756 1791 1810 in

1903 1751 2026 1797 ante
2050 1754 2279 1814 quatuor
2311 1743 2564 1798 animalia
2595 1754 2643 1799 et
2678 1745 2925 1800 seniores.
2975 1744 3260 1801 Canticum
3290 1761 3491 1802 novum

193 1843 362 1898 mille
402 1845 840 1914 generationibus
887 1846 989 1900 nisi
1028 1848 1433 1916 generationum
1477 1848 1791 1912 universitas

1903 1833 2129 1891 eatitare
2170 1844 2254 1892 est
2274 1837 2339 1890 de
2367 1836 2678 1906 incorrupta
2707 1838 2904 1893 mentis
2933 1844 2988 1892 et
3007 1839 3250 1908 corporis
3274 1838 3495 1910 integri-

194 1911 564 2005 designatur?
596 1934 748 1991 Unde
782 1944 838 1990 et
880 1937 932 1991 in
970 1911 1072 1994 hac
1118 1938 1436 2010 Apocalypsi
1471 1940 1645 1994 sancti
1676 1956 1791 1994 cum

1908 1934 2016 1982 tate
2046 1927 2302 1998 gaudere.
2345 1926 2452 1983 Sed
2490 1943 2612 1983 cum
2653 1929 2754 1998 ipsi
2781 1929 2891 1984 sint
2932 1929 3110 1994 sedes,
3161 1938 3215 1984 et
3258 1938 3493 1999 quatuor

1904 739 2038 793 sicut
2085 741 2340 809 meipsum
2379 740 2431 810 (I
2461 738 2586 796 Cor.
2613 742 2732 812 vn),
2771 742 2975 800 idcirco
3000 743 3234 800 dicitur:
3269 743 3337 799 Et
3366 755 3489 802 tan-

1903 847 2063 902 quam
2111 847 2285 884 vocem
2311 833 2530 896 tonitrui
2552 835 2750 903 magni.
2773 833 2879 904 Ipsi
2900 849 3114 904 quoque
3145 843 3272 891 sunt
3309 838 3488 894 citha—

1905 925 2065 991 roedi,
2087 925 2362 982 imitantes
2376 924 2587 980 Domini
2619 927 2700 981 sui
2735 929 3487 1000 passionem,nam-(sicutsu-

1904 1016 2209 1087 pradictum
2238 1015 2422 1088 est)in,
2438 1017 2650 1072 cithara
2677 1028 2761 1074 est
2790 1019 3016 1091 lignum,
3035 1029 3092 1076 et
3117 1030 3248 1076 sunt
3269 1021 3487 1079 chordas

1905 1105 2120 1161 diverso
2145 1106 2304 1160 modo
2333 1116 2522 1162 tensas.
2560 1107 2786 1177 Lignum
2817 1110 2946 1174 hoc,
2976 1108 3178 1180 lignum
3200 1117 3284 1167 est
3303 1109 3486 1166 Domi-

1904 1193 2044 1249 nica:
2070 1193 2359 1264 passionis,
2382 1195 2465 1251 vel
2485 1195 2682 1250 crucis.
2701 1196 2872 1251 Porro
2903 1197 3120 1254 chorda:
3142 1199 3334 1254 devota
3355 1207 3485 1256 sunt

1905 1282 2067 1338 corda
2096 1290 2429 1346 sanctorum,
2476 1283 2570 1352 qui
2612 1283 2890 1338 imitantes
2929 1294 2985 1339 et
3029 1286 3328 1342 recolentes
3354 1285 3482 1355 eju.

1903 1373 2232 1445 passionem,
2257 1373 2588 1429 mortiﬁcant
2614 1389 2672 1430 se
2701 1390 2824 1429 cum
2853 1375 2999 1432 vitiis
3025 1383 3082 1430 et
3105 1378 3492 1445 concupiscen-

1903 1466 2016 1530 tiis,
2047 1465 2406 1536 adimplentes
2450 1481 2513 1521 ea
2551 1480 2671 1537 quae
2717 1468 2910 1523 desunt
2948 1468 3294 1539 passionibus
3336 1469 3492 1526 Chri-

1905 1556 1995 1621 sti,
2022 1558 2076 1611 in
2102 1571 2330 1628 corpore
2360 1572 2477 1612 suo.

1976 1648 2047 1703 Et
2080 1650 2362 1704 cantabant
2390 1652 2545 1721 quasi
2573 1657 2835 1706 canticum
2866 1669 3054 1708 novum
3083 1664 3204 1710 ante
3233 1656 3406 1710 sedem
3438 1664 3491 1711 et

194 2021 430 2079 Christo
458 2025 602 2080 mille
630 2026 787 2081 annis
819 2017 1071 2082 dicuntur
1095 2029 1393 2099 regnaturi,
1437 2029 1488 2086 id
1513 2036 1616 2094 est,
1652 2044 1796 2086 sem-

197 2131 306 2185 per
334 2126 391 2172 et
411 2119 590 2172 omnia
615 2117 792 2173 futura
820 2128 1085 2190 tempora.
1122 2121 1176 2175 ln
1210 2122 1310 2176 hoc
1337 2123 1518 2191 itaque
1547 2138 1794 2189 numero,

198 2214 263 2260 ut
297 2207 503 2261 dictum
534 2216 636 2275 est,
669 2224 878 2287 summa
916 2227 1103 2266 eorum
1143 2213 1481 2282 exprimitur,
1515 2216 1608 2284 qui
1635 2217 1797 2287 virgi-

197 2309 304 2350 nes
332 2305 460 2350 sunt
490 2306 668 2353 mente
693 2307 748 2354 et
773 2286 1019 2370 corpore.
1063 2299 1298 2372 Ideoque
1344 2286 1795 2373 considerandum

198 2394 308 2451 est,
349 2387 498 2456 quia,
529 2388 575 2442 si
607 2397 754 2443 tanta
793 2405 980 2445 eorum
1021 2394 1387 2448 numerositas
1419 2395 1523 2449 erit
1559 2395 1648 2467 qui
1688 2397 1797 2451 vir-

200 2475 499 2548 ginitatem.
514 2489 891 2545 servaverunt,
937 2489 996 2536 ut
1033 2481 1270 2538 Joannes
1301 2492 1354 2539 et
1381 2484 1595 2549 Paulus,
1629 2488 1797 2543 multo

203 2567 390 2637 plures
413 2578 573 2624 erunt
596 2579 652 2624 et
679 2572 859 2628 caeteri
889 2573 1087 2627 sancti.
1119 2572 1237 2640 Quo
1267 2575 1321 2628 in
1355 2575 1474 2630 loco
1499 2577 1661 2631 etiam
1693 2579 1797 2634 hoc

203 2658 531 2725 notandum,
564 2660 706 2728 quod
736 2661 791 2714 hi
819 2676 980 2731 supra
1011 2671 1246 2718 montem
1274 2663 1404 2720 Sion
1437 2675 1583 2722 stare
1607 2667 1797 2724 dicun-

204 2754 318 2810 tur,
355 2761 483 2802 cum
532 2747 633 2817 ipsi
685 2748 794 2803 sint
833 2745 990 2804 mons
1029 2749 1179 2818 Sion,
1228 2753 1353 2822 quia
1394 2755 1647 2811 videlicet
1689 2758 1794 2813 nisi

205 2838 331 2906 quis
363 2839 529 2893 etiam
559 2854 720 2909 supra
761 2841 1108 2911 semetipsum
1151 2844 1480 2918 ascenderit,
1520 2847 1586 2901 de
1623 2847 1793 2904 bestia

204 2940 318 2982 non
352 2929 724 2999 triumphabit.
746 2930 810 3005 in
839 2947 1032 3003 magna
1066 2933 1211 2990 enim
1246 2935 1455 2994 mentis,
1479 2937 1796 2994 celsitudine

207 3026 356 3074 stare
385 3021 564 3087 debet,
595 3020 686 3090 qui
724 3030 913 3076 contra
956 3023 1140 3078 stecuii
1178 3025 1477 3097 principem
1518 3035 1794 3086 certamen

207 3111 411 3168 inierit.
441 3113 761 3186 Intuendum
790 3116 954 3171 etiam
981 3119 1124 3188 quod
1149 3119 1333 3190 Agnus
1369 3121 1460 3176 hic
1488 3131 1633 3177 stare
1672 3138 1796 3193 per-

209 3201 446 3268 hibetur,
473 3219 595 3258 cum
623 3203 800 3260 Lucas
829 3203 896 3260 de
923 3220 991 3260 eo
1017 3202 1164 3263 dicat
1191 3226 1203 3262 :
1236 3207 1493 3272 Dominus
1521 3209 1679 3273 Iesus
1708 3229 1794 3266 as-

1903 2020 2176 2087 animalia,
2210 2028 2265 2075 et
2303 2020 2566 2086 seniores,
2607 2021 2736 2091 quid
2773 2029 2857 2077 est
2891 2022 3034 2092 quod
3063 2030 3186 2080 ante
3213 2022 3398 2080 sedem
3435 2030 3494 2078 et

1901 2121 2132 2181 quatuor
2153 2112 2405 2167 animalia
2433 2121 2488 2167 et
2517 2113 2760 2170 seniores
2784 2122 3008 2170 cantare
3027 2114 3282 2170 dicuntur
3302 2114 3325 2167 ἳ
3352 2113 3492 2181 Quia

1901 2205 2386 2276 videlicetsemper
2413 2215 2540 2261 ante
2563 2221 2622 2262 se
2645 2207 2982 2270 consistunt,
3011 2206 3103 2275 qui
3131 2206 3278 2260 nulla
3305 2221 3504 2268 rerum

1900 2298 2240 2353 mutabilium
2281 2298 2566 2364 varietate,
2616 2313 2648 2353 a
2695 2297 3148 2368 contemplatione
3174 2296 3487 2354 Conditoris

1899 2388 2108 2444 animos
2139 2386 2442 2444 reﬂectunt.
2499 2389 2567 2444 Et
2601 2406 2750 2444 nemo
2781 2399 2980 2459 poterat
3005 2389 3176 2443 dicere
3200 2387 3488 2453 canticum,

1898 2475 1952 2531 id
1980 2488 2084 2543 est,
2116 2491 2278 2532 nemo
2304 2486 2518 2547 poterat
2551 2479 2785 2546 gaudere
2830 2478 2898 2536 de
2935 2478 3247 2547 incorrupta
3291 2477 3490 2532 mentis

1897 2574 1953 2620 et
1979 2569 2220 2637 corporis
2257 2567 2586 2639 virginitate.
2633 2567 2755 2622 Nisi
2781 2567 2876 2622 illa
2903 2576 3110 2622 centum
3135 2566 3490 2638 quadraginta

1896 2665 2126 2726 quatuor
2151 2656 2343 2722 millia,
2375 2672 2482 2711 non
2513 2656 2707 2712 Petrus
2732 2657 2958 2734 scilicet,
2973 2671 3080 2712 non
3095 2656 3236 2712 alius
3259 2655 3489 2725 quilibet

1896 2746 2172 2817 apostolus
2202 2747 2532 2802 concubium
2569 2757 2840 2817 expertus.
2890 2747 3026 2802 Nam
3053 2755 3110 2803 et
3135 2747 3188 2802 in
3218 2747 3336 2816 ipso
3361 2761 3488 2802 con-

1891 2834 2042 2908 jugio
2079 2845 2362 2907 peccatum
2406 2836 2696 2903 Psalmista
2723 2837 3052 2905 considerat,
3080 2837 3270 2892 dicens
3301 2851 3318 2894 :
3349 2836 3487 2893 Ecce

1895 2927 2032 2981 enim
2061 2927 2117 2980 in
2137 2925 2497 2996 iniquitatibus
2527 2936 2801 2996 conceptus
2828 2937 3047 2992 sum,“
3080 2929 3137 2982 in
3164 2927 3369 2982 delictis
3390 2943 3484 2998 pc-

1894 3016 2024 3086 pcrit
2052 3031 2132 3070 me
2154 3025 2324 3069 mater
2358 3030 2474 3069 mea
2505 3013 2680 3085 (Psal.
2718 3015 2790 3087 ι).
2846 3016 3038 3072 Dicere
3081 3026 3489 3088 tamenpossu-

1896 3121 2042 3171 mus,
2075 3106 2219 3175 quod
2249 3106 2518 3161 veraciter
2559 3105 2829 3162 aﬂirmare
2865 3123 2974 3164 non
3019 3109 3305 3174 audemus,
3353 3108 3482 3179 quia

1899 3211 2010 3251 non
2048 3211 2240 3253 omnes
2277 3197 2516 3269 virgines
2558 3197 2612 3252 in
2650 3197 2744 3254 illo
2770 3197 2933 3254 beato
2968 3213 3136 3270 regno
3167 3198 3483 3271 conjugatoa

209 3295 384 3352 (tendit
407 3257 464 3350 in
491 3296 697 3365 calum,
718 3257 950 3373 votisetict
967 3257 1004 3355 a
1823 3257 1870 3320 Ο
1897 3288 2228 3360 Ρτπθθίιιιηί»
2259 3257 2438 3344 sedvhi
2467 3288 2792 3360 specialiter.
2824 3289 2916 3360 (ιιιί
2938 3296 2994 3345 θί
3016 3257 3130 3344 ’ἤιε
3153 3298 3214 3346 ει
3239 3257 3484 3362 imam“.

209 3386 489 3442 sciendum
517 3389 644 3458 quia
672 3392 884 3461 sedere,
902 3395 1196 3468 regnantis
1229 3405 1318 3451 est
1344 3397 1428 3454 vel
1456 3397 1751 3475 judicantis
1775 3417 1790 3454 :

209 3483 356 3532 stare
383 3491 531 3546 vero,
568 3478 862 3538 laborantis
901 3483 986 3538 vel
1021 3481 1284 3552 juvantis.
1325 3485 1461 3554 Quia
1505 3499 1635 3558 ergo
1674 3497 1795 3559 post

209 3567 475 3624 devictam
502 3581 730 3627 mortem
759 3573 979 3630 Christo
1015 3577 1320 3647 resurgenti
1350 3593 1378 3632 a
1411 3579 1640 3635 mortuis
1668 3581 1792 3635 data

211 3670 295 3718 est
316 3674 558 3733 potestas
585 3667 637 3720 in
666 3667 807 3723 caelo
836 3676 890 3724 et
915 3669 968 3724 in
1002 3676 1166 3736 terra,
1203 3671 1328 3740 jure
1355 3686 1477 3726 eum
1510 3671 1686 3727 Lucas
1711 3688 1792 3728 se-

213 3751 340 3808 dere
363 3753 513 3807 dicit.
542 3752 680 3809 Hinc
707 3757 874 3810 etiam
906 3766 962 3812 et
993 3758 1302 3828 Stephanus
1330 3761 1473 3815 inter
1497 3774 1690 3816 manus
1716 3762 1794 3816 la-

211 3842 508 3914 pidantium
535 3844 766 3912 positus,
804 3847 1021 3900 intuens
1060 3849 1113 3900 in
1153 3849 1372 3915 cmlum,
1421 3849 1559 3903 dixit
1594 3865 1610 3904 :
1659 3851 1792 3906 Ecce

213 3932 356 3988 adeo
383 3932 537 4017 caelos
569 3943 796 4004 apertos,
836 3945 882 3989 et
911 3935 1092 3990 Jesum
1132 3945 1356 3992 stantem
1392 3955 1425 3991 a
1455 3939 1654 3993 dextris
1684 3941 1791 3992 vir-

215 4022 334 4078 tutis
371 4021 465 4076 Dei
511 4023 648 4094 (Act.
687 4025 806 4092 vn).
860 4025 1020 4082 Stant
1060 4043 1273 4099 quoque
1314 4043 1438 4084 cum
1478 4027 1568 4084 illo
1610 4027 1791 4096 electi,

213 4113 337 4186 quia
366 4111 615 4169 laborant
642 4115 697 4170 in
725 4117 981 4187 praesenti
1010 4119 1140 4184 vita,
1168 4127 1225 4173 et
1255 4119 1308 4174 in
1343 4119 1642 4174 certamine
1667 4126 1793 4175 sunt

208 4206 506 4261 Constituti.
550 4205 812 4262 Habentes
868 4223 1053 4264 nomen
1110 4211 1244 4281 ejus,
1295 4220 1343 4265 et
1393 4225 1578 4265 nomen
1614 4208 1789 4265 Patris

213 4297 320 4368 ejus
350 4300 596 4370 scriptum
632 4301 687 4354 in
733 4300 993 4371 frontibus
1054 4303 1188 4372 suis.
1228 4301 1344 4358 Non
1387 4303 1647 4359 debemus
1685 4304 1788 4360 hoc

213 4389 492 4446 carnaliter
514 4390 832 4462 intelligere,
857 4394 1008 4461 quod
1022 4393 1228 4448 scilicet
1250 4394 1482 4450 habeant
1501 4394 1786 4466 pictaciola

215 4480 471 4538 frontibus
491 4483 603 4538 suis
627 4483 1016 4555 circumligata,
1037 4486 1088 4539 in
1114 4485 1310 4555 quibus
1335 4487 1405 4541 sit
1429 4479 1622 4541 nomen
1646 4487 1784 4558 Agni

1896 3389 1953 3438 et
1980 3391 2252 3438 tormento
2275 3381 2568 3452 passionis,
2606 3382 2918 3453 virginitate
2961 3383 3182 3452 insuper
3215 3384 3483 3443 custodita

1897 3482 2246 3544 coaequamur
2268 3475 2599 3546 martyribus
2621 3476 2943 3547 conjugatis.
2984 3475 3148 3532 Verbi
3176 3475 3352 3546 gratia
3391 3490 3407 3529 :
3434 3477 3482 3532 si

1893 3567 2128 3623 Joannes
2164 3568 2438 3638 apostolus
2466 3569 2518 3622 in
2548 3583 2709 3624 cruce
2737 3567 2928 3624 fuisset
2958 3569 3168 3624 levatus
3186 3577 3246 3624 ut
3264 3568 3479 3636 Petrus,

1893 3661 1940 3716 si
1969 3667 2157 3715 verum
2187 3668 2270 3716 est
2297 3661 2439 3732 quod
2468 3661 2535 3715 de
2559 3660 2721 3717 Petro
2739 3662 2966 3727 dicitur,
2999 3660 3056 3716 id
3077 3669 3164 3716 est
3179 3661 3322 3730 quod
3347 3675 3482 3716 uso-

1893 3769 2007 3808 rem
2054 3753 2324 3818 habuerit,
2385 3754 2572 3823 utique
2627 3755 2960 3825 praecelleret
3005 3769 3161 3821 eum,
3213 3754 3340 3826 quia
3392 3753 3481 3820 ille

1892 3845 2065 3913 virgo,
2104 3845 2194 3897 hic
2221 3859 2352 3898 vero
2375 3853 2522 3898 esset
2544 3860 2649 3900 non
2672 3847 2844 3915 virgo.
2888 3846 3042 3902 Unde
3077 3860 3180 3902 nec
3204 3849 3478 3907 canticum

1895 3933 2024 3988 illud
2055 3934 2234 3989 dicere
2269 3949 2391 3989 cum
2415 3934 2643 4000 Joanne,
2679 3951 2782 3991 nec
2803 3937 3013 4008 Agnum
3049 3952 3373 4008 quocunque
3401 3940 3476 3994 ie-

1894 4025 1984 4088 rit,
2013 4033 2193 4095 potest
2225 4026 2396 4096 sequi.
2446 4025 2551 4090 Qui
2578 4027 2734 4096 empti
2773 4036 2894 4080 sunt
2928 4029 2994 4081 de
3013 4037 3172 4081 terra.
3211 4027 3330 4094 Quo
3353 4042 3478 4098 pre-

1893 4115 2012 4169 tio?
2074 4113 2269 4183 Utique
2303 4113 2542 4184 pretioso
2565 4115 2830 4184 sanguine
2859 4115 3082 4180 Christi,
3111 4114 3264 4184 cujus
3293 4130 3477 4170 amore

1892 4212 2019 4260 sunt
2053 4204 2248 4259 elevati
2280 4219 2310 4258 a
2341 4213 2505 4267 terra,
2537 4211 2592 4260 et
2621 4204 2834 4260 caelibes
2861 4204 3059 4261 eﬂ‘ecti.

1963 4305 2038 4362 Hi
2075 4317 2196 4361 sunt
2241 4325 2328 4378 qut
2374 4323 2491 4361 cum
2521 4307 2826 4362 mulieribus
2853 4325 2955 4362 non
2981 4319 3102 4363 sunt
3129 4311 3471 4382 coinquinati,

1890 4397 1942 4452 id
1979 4407 2079 4460 est,
2120 4413 2227 4452 non
2261 4407 2390 4453 sunt
2424 4398 2611 4468 polluti
2640 4407 2698 4453 et
2728 4399 2978 4454 maculati
3005 4415 3125 4455 cum
3157 4400 3473 4456 mulieribus

1889 4497 2068 4543 mente
2095 4497 2150 4543 et
2175 4504 2419 4558 corpore.
2466 4487 2608 4544 Nihil
2645 4489 2790 4544 enim
2819 4491 3038 4560 prodest
3063 4506 3184 4547 esse
3209 4493 3472 4564 virginem

217 4573 294 4630 vel
307 4573 480 4630 Patris
503 4573 622 4644 ejus
641 4575 926 4645 scriptum,
951 4578 1044 4634 sed
1075 4578 1127 4632 in
1159 4579 1272 4634 suis
1298 4577 1566 4635 frontibus
1586 4593 1780 4635 nomen
1810 4605 1864 4666 Ι)
1889 4593 2144 4648 corpore,
2174 4580 2218 4634 si
2247 4581 2536 4651 contigerit
2580 4589 2760 4636 mente
2799 4589 3116 4652 corruptum
3158 4583 3471 4653 quempiam

216 4663 342 4734 Agni
368 4673 421 4718 et
447 4663 621 4718 Patris
649 4673 887 4734 portant,
916 4683 1144 4737 quorum
1161 4668 1320 4724 fidem
1349 4677 1556 4736 tenent,
1585 4679 1640 4725 et
1658 4685 1787 4740 ope-

217 4755 354 4810 ribus
379 4763 592 4810 ornant.
627 4755 694 4831 Et
721 4757 848 4825 quia
886 4759 939 4813 in
977 4760 1193 4816 nomine
1233 4760 1412 4816 Patris
1460 4769 1516 4816 et
1554 4761 1677 4817 Filii
1712 4763 1786 4818 si-

217 4854 451 4915 gnantur,
477 4855 549 4923 et
589 4847 692 4903 hoc
730 4848 886 4917 signo
933 4851 1113 4907 erucis
1157 4853 1225 4906 ab
1269 4852 1518 4910 omnibus
1562 4861 1783 4910 tuentur

217 4941 459 4997 adversis.

281 5033 343 5088 Et
367 5035 540 5090 audivi
567 5053 740 5092 uocem
773 5037 838 5091 de
865 5036 990 5092 caelo
1023 5048 1272 5107 tanquam
1307 5055 1481 5092 vocem
1521 5055 1779 5109 aquarum

217 5123 502 5187 multarum,
534 5137 580 5180 et
607 5137 860 5199 tanquam
892 5145 1062 5182 vocem
1100 5127 1319 5181 tonitrui
1357 5129 1552 5197 magni.
1586 5127 1654 5180 Et
1686 5145 1776 5181 co-

219 5232 316 5270 cent
334 5231 486 5286 quam
513 5219 708 5283 audivi,
737 5221 871 5274 sicut
908 5220 1316 5274 citharoedorum
1351 5218 1778 5273 citltariaantium

219 5305 268 5357 in
294 5306 496 5360 citharis
522 5308 650 5362 suis.
675 5309 882 5364 Caelum
912 5311 1056 5364 enim
1082 5311 1195 5380 ipsa
1219 5318 1304 5364 est
1331 5309 1590 5374 Ecclesia,
1613 5324 1773 5378 quam

221 5390 504 5452 obeausam
535 5406 590 5452 et
613 5397 688 5452 illi
711 5400 801 5468 qui
825 5415 948 5455 cum
971 5401 1124 5471 Agna
1145 5401 1356 5465 sedent,
1384 5400 1484 5470 ipsi
1511 5409 1638 5454 sunt
1665 5414 1776 5454 cte-

222 5487 334 5543 lum.
363 5487 424 5542 Et
451 5487 578 5558 quia
605 5488 760 5543 multi
791 5505 887 5560 per
913 5490 1124 5547 Domini
1159 5491 1589 5546 misericordiam
1612 5491 1775 5561 virgi-

223 5594 309 5636 nes
326 5595 384 5634 es
411 5579 661 5636 omnibus
687 5581 938 5653 gentibus
965 5590 1092 5638 sunt
1117 5583 1426 5655 colligendi,
1457 5583 1662 5638 idcirco
1686 5599 1777 5640 eo-

225 5686 326 5726 rum
367 5689 465 5730 vox
511 5673 706 5730 similis
753 5673 870 5731 voci
918 5691 1176 5746 aquarum
1223 5676 1514 5732 multarum
1557 5675 1771 5731 dicitur.

224 5762 365 5833 Aquae
397 5764 540 5821 enim
577 5765 792 5831 multae,
836 5775 895 5821 ut
943 5767 1082 5822 idem
1117 5766 1352 5824 Joannes
1391 5768 1553 5834 dicit,
1592 5766 1775 5839 p0puli

221 5855 521 5912 uiultisunt.
546 5855 612 5912 Et
639 5858 764 5923 quia
787 5858 954 5914 etiam
977 5859 1111 5915 tales
1137 5861 1205 5916 ad
1229 5876 1511 5917 numerum
1532 5860 1772 5931 iudicum

1887 4684 2028 4724 esse.
2091 4667 2327 4739 Virgines
2378 4671 2515 4723 enim
2561 4679 2703 4724 sunt.
2761 4670 2992 4740 Ideoque
3023 4691 3038 4726 :
3072 4671 3146 4726 Hi
3184 4683 3472 4744 sequuntur

1886 4763 2092 4830 Agnum
2119 4776 2424 4830 quocunque
2448 4760 2589 4824 ierit,
2627 4759 2680 4814 id
2709 4768 2814 4826 est,
2843 4760 3123 4817 imitantur
3152 4761 3324 4816 illum.
3373 4762 3471 4818 Se-

1886 4853 1977 4921 qui
2003 4853 2146 4906 enim
2174 4851 2471 4914 Christum,
2500 4851 2698 4905 imitari
2731 4859 2834 4906 est.
2875 4851 3028 4908 Unde
3056 4860 3112 4910 et
3142 4853 3258 4920 ipse
3287 4852 3421 4907 dicit
3451 4871 3466 4907 :

1892 4942 1991 5010 Qui
2019 4943 2146 4997 mihi
2177 4945 2456 5008 ministrat,
2477 4959 2557 4996 me
2579 4952 2826 5013 sequatur
2846 4943 3028 5014 (Joan.
3049 4942 3169 5012 xu),
3193 4942 3247 4996 id
3271 4950 3358 4998 est
3378 4957 3468 4998 me

1887 5035 2145 5090 imitetur.
2164 5033 2578 5104 Sequunturisti
2593 5033 2890 5098 Christum,
2913 5035 3058 5104 quia,
3081 5035 3222 5090 sicut
3249 5035 3467 5091 ille-vir-

1885 5131 2063 5199 go,ita
2089 5139 2143 5182 et
2170 5128 2257 5182 isti
2286 5127 2646 5198 virginitatem
2680 5127 3007 5181 custodiunt.
3040 5127 3104 5180 Et
3122 5127 3383 5197 quiaeum
3407 5129 3463 5182 in

1885 5220 2134 5290 praesenti
2158 5233 2267 5290 pra:
2289 5218 2501 5272 ueteris
2517 5227 2835 5287 sequuntur,
2855 5219 2906 5270 in
2933 5217 3113 5272 futuro
3138 5218 3462 5274 familiarius

1884 5311 2258 5366 adluerebunt.
2280 5308 2591 5380 Sequemur
2617 5323 2832 5378 quoque
2857 5309 3004 5364 illum
3038 5311 3217 5366 caeteri
3253 5309 3458 5375 ﬁdeles,

1883 5403 1973 5472 qni
2010 5402 2370 5472 virginitatem
2395 5399 2641 5469 corporis
2665 5402 2984 5467 amiserunt,
3010 5416 3113 5457 non
3140 5414 3460 5471 quocunque

1881 5491 1969 5546 ille
2009 5493 2152 5557 ierit,
2182 5492 2274 5546 sed
2309 5505 2632 5561 quocunque
2663 5490 2763 5560 ipsi
2792 5492 3084 5560 potuerint.
3124 5491 3254 5559 Qum
3293 5493 3458 5550 etiam

1880 5582 2166 5638 multitudo
2181 5590 2514 5646 sanctorum,
2535 5580 2638 5636 etsi
2658 5595 2761 5636 non
2778 5582 2976 5651 potenit
2994 5583 3172 5637 dicere
3191 5584 3458 5639 canticum

1879 5673 2030 5736 illud,
2077 5672 2264 5728 audire
2307 5681 2483 5726 tamen
2522 5673 2720 5742 poterit
2747 5680 2801 5726 et
2828 5666 3187 5728 condelectari
3229 5682 3335 5728 tam
3363 5689 3458 5728 ex-

1878 5763 2088 5819 cellenti
2119 5763 2280 5818 dono.
2325 5761 2394 5816 Hi
2423 5763 2580 5833 empti
2599 5774 2718 5824 sunt
2745 5779 2810 5819 ex
2831 5764 3067 5818 omnibus
3082 5765 3325 5832 primitia:
3347 5764 3455 5820 Deo

1878 5868 1924 5912 et
1961 5859 2125 5928 Agna.
2171 5856 2322 5914 Sicut
2345 5855 2489 5910 enim
2513 5871 2577 5911 ex
2606 5856 2775 5913 multo
2801 5872 2961 5927 grege
2989 5857 3223 5927 optimus
3242 5856 3458 5929 cligitur
