3972 6442
550 392 687 449 ΗΜ

1024 391 1376 450 HAYMONIS
1406 386 1888 462 HALBERSTAT.
1926 389 2139 448 EPISC.
2183 389 2338 447 OPP.
2390 388 2573 450 PARS
2611 389 2651 444 I.
2688 419 2761 430 -
2797 387 3156 446 COMMENT.
3195 388 3369 444 BIBL.

3761 391 3881 446 1ῑῆ

545 525 745 580 agnus,
768 519 823 568 et
842 509 983 568 sicut
1005 524 1070 565 ex
1093 508 1276 564 multis
1299 507 1562 563 fructibus
1585 506 1855 579 eliguntur
1867 506 2136 577 primitiae,
2168 507 2220 568 Α
2245 504 2439 561 delicet
2485 504 2618 560 illud
2639 505 2782 575 quod
2809 505 3159 576 Evangelium
3179 505 3474 576 promittit,
3503 507 3876 562 :nternalitcr

544 615 623 658 tta
661 615 718 660 et
738 602 848 673 isti
881 601 1153 673 eliguntur
1183 616 1247 656 es
1293 599 1640 659 multitudine
1667 598 1986 664 electorum,
2017 598 2132 668 qui,

549 669 805 766 tanquam
855 669 1126 764 primitias
1173 693 1492 762 semetipsos
1527 689 1856 757 oﬂ‘erentes,
1905 691 2137 746 centesie

547 803 695 842 mum
729 785 976 841 referunt
1016 784 1271 842 fructum.

617 879 688 933 Et
726 881 782 934 in
815 895 905 934 ore
943 879 1173 948 ipsorum
1219 891 1322 931 non
1355 885 1431 929 est
1471 875 1733 929 inventum
1780 873 2130 928 mendacium.

546 971 783 1032 Quaestio
811 971 903 1026 hic
922 969 1114 1033 oritur,
1163 984 1332 1039 quare
1378 969 1482 1023 hoc
1521 968 1666 1021 dicat
1715 965 1971 1028 Joannes.
2009 979 2133 1019 cum

545 1061 833 1117 Psalmista
862 1061 1043 1116 dicat:
1089 1059 1273 1114 Omnis
1311 1059 1465 1112 homo
1504 1057 1731 1110 mendax
1769 1054 1942 1124 (Psal.
1983 1054 2131 1123 cxv),

546 1152 693 1207 solus
739 1151 920 1206 autem
964 1151 1106 1205 Deus
1151 1149 1360 1202 verax?
1393 1147 1545 1215 Quod
1593 1147 1665 1201 ita
1706 1146 1956 1207 solvitur,
2005 1144 2132 1212 quia

547 1240 726 1296 omnis
745 1241 934 1305 homo,
965 1239 1284 1308 inquantum
1316 1253 1382 1292 ex
1414 1251 1471 1292 se
1499 1245 1603 1301 est,
1637 1235 1868 1290 mendax
1903 1242 2022 1289 est:
2051 1235 2132 1287 in-

544 1342 808 1403 qaantum
845 1339 1024 1386 autem
1063 1345 1230 1384 verax
1258 1338 1372 1394 est,
1403 1344 1472 1383 cx
1516 1329 1625 1382 Deo
1659 1336 1762 1383 est.
1823 1326 1978 1382 Unde
2006 1341 2129 1382 cum

545 1424 806 1479 Dominus
832 1422 1220 1492 interrogasset
1257 1420 1549 1490 discipulos
1574 1434 1733 1482 suos,
1765 1418 1988 1472 dicens:
2026 1415 2129 1470 Vos

544 1523 720 1567 autem
762 1529 914 1583 quem
950 1527 1032 1564 me
1067 1527 1177 1565 esse
1210 1509 1428 1562 dicitis?
1462 1509 1740 1578 respondit
1780 1507 1972 1562 Petrus
2001 1523 2015 1558 :
2051 1505 2128 1558 Tu

541 1621 597 1658 es
621 1602 860 1658 Christus
885 1600 1055 1656 Filius
1078 1600 1172 1654 Dei
1203 1601 1320 1656 viui.
1351 1600 1416 1654 Et
1445 1599 1533 1654 ille.
1567 1618 1579 1652 :
1619 1599 1812 1653 Beatus
1834 1615 1915 1660 es,
1947 1596 2129 1652 Simon

542 1695 820 1752 Bar-Jona
844 1695 1058 1766 (Matth.
1084 1693 1216 1765 xvi).
1235 1695 1374 1749 Ecce
1396 1694 1557 1748 homo
1581 1693 1632 1746 in
1651 1691 1989 1747 confessione
2006 1689 2132 1745 Filii

544 1790 636 1844 Dei
663 1804 844 1853 verax,
872 1789 980 1842 imo
1000 1787 1381 1843 veracissimus
1404 1787 1586 1840 homo.
1621 1784 1726 1840 Sed
1752 1785 1893 1838 unde
1921 1783 2128 1838 verax!

2238 597 2499 656 manebit.
2553 596 2656 652 Per
2691 596 2820 657 illud
2853 597 2999 652 enim
3034 597 3177 665 quod
3211 598 3447 661 nuntiat,
3493 596 3663 651 illud
3709 602 3878 667 Expri-

2237 687 2407 743 mitur
2445 688 2590 757 quod
2637 688 2942 742 nuntiatur.
2999 686 3072 743 Ut
3106 689 3496 758 euangelizaret
3559 688 3872 745 sedentibus

2235 795 2395 848 super
2437 788 2655 844 terram,
2688 790 2738 834 et
2775 797 2932 850 super
2975 795 3178 833 omnem
3225 790 3427 850 gentem
3476 791 3536 840 et
3585 781 3807 833 tribum
3837 794 3873 835 et

2235 869 2473 940 linguam
2517 879 2565 925 et
2604 871 2853 941 pupulum
2879 912 2894 933 ,
2935 871 3114 924 dicens
3157 888 3278 926 voce
3312 888 3552 941 magna,
3625 871 3758 927 Hoc
3803 885 3871 928 est

2235 961 2377 1031 quod
2403 961 2661 1016 Dominus
2694 962 2745 1015 in
2791 961 3084 1030 Evangelio
3104 962 3236 1016 dicit
3263 980 3276 1014 ;
3302 961 3536 1031 Oportet
3580 965 3868 1032 praedicari

2235 1052 2578 1123 Euangelium
2626 1056 2683 1110 in
2716 1065 2824 1114 toto
2852 1055 3068 1119 mundo,
3107 1064 3155 1108 et
3201 1063 3328 1108 tunc
3378 1056 3573 1109 veniet
3633 1056 3865 1124 ﬁnis.—

2238 1146 2432 1202 Timete
2463 1148 2742 1203 Dominum
2767 1191 2781 1214 ,
2809 1149 2863 1204 id
2886 1159 2992 1214 est,
3022 1148 3222 1203 habete
3256 1150 3666 1204 reverentiam
3706 1154 3863 1203 nomi-

2234 1239 2319 1292 nis
2347 1238 2484 1306 ejus,
2515 1248 2561 1292 et
2584 1239 2704 1292 date
2731 1240 2809 1294 illi
2837 1241 3117 1303 honorem,
3146 1239 3199 1294 id
3229 1247 3334 1302 est.
3360 1241 3622 1296 adorate
3646 1256 3796 1302 mm,
3817 1253 3860 1297 et

2233 1329 2480 1396 Subjicite
2506 1330 2603 1383 illi.
2655 1329 2917 1395 Quoniam
2941 1331 3077 1391 venit
3095 1331 3438 1400 horajudicii
3465 1332 3636 1401 ejus,
3663 1343 3728 1386 ut
3749 1335 3854 1387 red-

2233 1411 2644 1490 dat'unicuiquc
2675 1422 2968 1476 secundum
2996 1438 3160 1492 opera
3185 1437 3307 1476 sua.
3360 1423 3431 1481 Et
3468 1424 3728 1478 adorate
3753 1443 3852 1484 eu

2230 1512 2319 1582 qui
2347 1510 2470 1580 fecit
2497 1512 2680 1566 caelum
2705 1523 2754 1565 et
2781 1522 2973 1566 terram
2995 1553 3009 1575 ,
3049 1529 3194 1566 mare
3234 1524 3283 1566 et
3326 1514 3508 1581 fontes
3573 1531 3846 1580 quam.

2230 1603 2310 1658 Ac
2361 1604 2406 1658 si
2465 1604 2710 1659 diceret:
2743 1604 2920 1660 Nolite
2972 1605 3200 1660 adorare
3242 1606 3715 1670 Antichristum,
3771 1613 3844 1679 qui

2231 1697 2608 1752 tantummodo
2657 1696 2723 1750 ad
2775 1705 2987 1766 tempus
3030 1697 3344 1767 praevalebit
3398 1700 3456 1752 in
3518 1701 3841 1771 corporibus

2235 1785 2536 1853 hominum,
2573 1786 2667 1840 scd
2695 1800 2841 1850 eum,
2877 1787 2966 1857 qui
2994 1795 3279 1856 postquam
3309 1787 3601 1843 occiderit
3636 1805 3838 1859 corpus,

540 1896 647 1936 non
679 1896 712 1934 a
743 1895 837 1945 se,
878 1880 970 1936 sed
1015 1895 1046 1934 a
1090 1879 1201 1934 Deo
1238 1879 1398 1933 Patre
1435 1880 1524 1948 qui
1569 1877 1621 1932 in
1661 1877 1813 1932 caelis
1844 1887 1944 1932 est.
1988 1877 2121 1931 Cum
2158 1859 2199 1917 Β
2233 1877 2396 1932 habet
2424 1884 2744 1947 potestatem
2771 1878 3007 1932 animam
3037 1877 3253 1934 mittere
3295 1879 3350 1933 in
3385 1880 3738 1950 gehennam.
3783 1883 3834 1937 Et

536 1982 719 2027 autem
747 1971 874 2026 alibi
901 1972 1159 2026 Dominus
1187 1986 1399 2042 pmnam
1429 1969 1696 2040 passionis
1724 1984 1834 2024 suae
1863 1969 2121 2038 praedices

536 2076 642 2132 ret,
672 2065 946 2137 respondit
976 2065 1166 2120 Petrus
1189 2085 1202 2120 :
1225 2065 1379 2120 Absit
1395 2080 1423 2116 a
1442 2073 1510 2128 te,
1533 2063 1776 2129 Domine,
1801 2080 1907 2119 non
1931 2064 2124 2118 morie-

534 2156 632 2213 ris.
683 2158 794 2229 Ego
835 2158 1039 2211 moriar
1084 2172 1180 2228 pro
1223 2166 1292 2211 te.
1339 2157 1480 2211 Ecce
1516 2155 1679 2210 homo
1717 2155 1970 2211 mendax.
2015 2153 2122 2209 Sed

533 2249 677 2303 unde
724 2249 999 2304 mendax?
1048 2249 1235 2317 utique
1282 2249 1405 2318 quia
1458 2263 1566 2303 non
1599 2248 1744 2318 sapis
1787 2262 1851 2303 ea
1881 2262 2001 2316 qum
2027 2247 2122 2302 Dei

533 2349 679 2402 sunt,
709 2338 801 2394 sed
841 2354 962 2410 qum
1002 2339 1303 2394 hominum.
1347 2339 1489 2410 Ergo
1530 2339 1707 2393 omnis
1751 2338 1914 2393 homo
1953 2353 2126 2408 quan-

535 2436 646 2485 tum
690 2431 758 2486 de
793 2446 872 2497 se,
911 2431 1142 2486 mendax
1174 2449 1189 2485 :
1221 2439 1480 2500 quantum
1507 2430 1573 2485 de
1596 2431 1707 2486 Deo
1731 2470 1746 2495 ,
1779 2445 1963 2486 verax.
2017 2429 2124 2484 Sed

532 2519 656 2577 cum
703 2525 817 2577 haec
860 2522 931 2576 ad
974 2537 1164 2578 omnes
1212 2529 1429 2577 sanctos
1473 2521 1806 2592 pertineant,
1852 2536 2022 2591 quare
2057 2521 2123 2576 de

532 2608 663 2668 salis
711 2612 1010 2682 virginibus
1055 2611 1361 2682 specialiter
1409 2611 1654 2665 dicitur:
1687 2610 1754 2664 In
1802 2626 1892 2664 ore
1941 2626 2122 2664 eorum

535 2719 639 2757 non
682 2713 757 2756 est
783 2687 1051 2757 inuentum
1097 2701 1478 2756 mendacium?
1517 2699 1646 2755 Sine
1675 2700 1859 2764 dubio,
1897 2701 2023 2771 quia
2054 2699 2122 2754 ad

535 2793 994 2864 comparationem
1017 2792 1244 2848 aliorum
1266 2833 1280 2856 ,
1307 2793 1407 2848 soli
1429 2793 1666 2865 virgines
1689 2793 1947 2848 dicuntur
1971 2808 2126 2848 vera-

531 2897 647 2943 ces.
696 2876 802 2942 Sed
824 2902 926 2942 nec
950 2887 1145 2942 mirum
1169 2887 1211 2942 si
1243 2886 1318 2942 illi
1345 2886 1652 2957 specialiter
1676 2901 1901 2941 veraces
1934 2886 2125 2942 dicun-

431 2973 449 2988 ⁶
532 2972 656 3043 tur,
679 2979 771 3048 qui
805 2979 1038 3042 veritati,
1080 2994 1200 3048 quae
1225 2978 1474 3035 Christus
1499 2987 1607 3041 est,
1641 2978 1950 3049 virginitate
1971 2994 2123 3033 men-

531 3067 604 3124 tis
631 3079 686 3126 et
711 3069 952 3138 corporis
982 3069 1211 3139 amplius
1233 3070 1494 3125 inhaerere
1517 3070 1819 3125 videantur.
1856 3068 1984 3124 Sine
2003 3086 2120 3125 ma-

534 3158 654 3213 cula
689 3163 826 3215 enim
860 3171 1004 3227 sunt,
1035 3171 1089 3216 et
1117 3163 1220 3217 hoc
1250 3161 1501 3217 similiter
1532 3159 1960 3232 intelligendum,
1989 3163 2116 3233 quia

533 3267 656 3308 cum
702 3253 810 3308 sint
845 3253 1008 3307 etiam
1040 3253 1213 3309 sancti
1235 3253 1352 3309 sine
1380 3251 1586 3308 macula
1617 3292 1632 3318 ,
1662 3251 1714 3306 id
1740 3259 1823 3307 est
1846 3251 1962 3308 sine
1991 3268 2115 3309 cor-

531 3344 812 3416 ruptione,
862 3351 1049 3414 utpote
1091 3343 1204 3413 jam
1241 3345 1478 3415 peccatis
1518 3343 1767 3399 omnibus
1801 3343 2113 3415 expurgati,

529 3433 598 3489 ad
644 3435 1103 3505 comparationem
1155 3436 1252 3491 Dei
1299 3435 1590 3491 mendaces
1640 3442 1766 3490 sunt
1817 3444 1875 3492 et
1927 3451 2115 3496 macu-

532 3524 650 3581 lati.

530 3630 532 3632 '
605 3614 672 3676 Et
709 3617 816 3669 uidi
840 3616 1066 3671 alterum
1096 3616 1338 3687 angelum
1362 3616 1622 3670 uolantem
1644 3633 1735 3685 per
1757 3617 1986 3672 medium
2016 3635 2116 3672 tte.-

531 3705 663 3773 tum,
701 3695 972 3760 habentem
997 3704 1348 3775 Evangelium
1386 3716 1657 3759 teternum.
1701 3705 1916 3763 Primus
1953 3723 2112 3778 ange-

529 3794 614 3850 lus
664 3793 782 3864 ipse
819 3801 905 3849 cst
925 3794 1132 3866 Agnus,
1172 3794 1240 3850 de
1281 3809 1390 3864 quo
1416 3795 1664 3866 superius
1690 3811 1870 3852 sermo
1900 3798 2113 3855 habitus

528 3886 629 3951 est,
661 3895 745 3942 est
773 3886 916 3941 enim
952 3886 1172 3942 nuntius
1199 3895 1439 3957 paternae
1478 3886 1790 3944 voluntatis.
1835 3888 1987 3944 Alter
2019 3905 2112 3945 au-

525 3988 635 4035 tem
671 3979 893 4050 angelus
918 3978 1053 4036 ordo
1081 3981 1491 4050 praedicatorum
1520 3979 1852 4051 intelligitur.
1904 3980 2112 4044 Dicitur

527 4080 704 4126 autem
732 4072 900 4138 alter,
932 4087 1040 4128 non
1068 4072 1212 4142 quod
1247 4071 1500 4128 Christus
1540 4073 1764 4143 ejusque
1799 4074 2114 4143 praedicato-

525 4179 613 4219 res
639 4178 775 4217 unus
818 4179 924 4219 non
963 4165 1091 4229 sint,
1135 4165 1261 4234 quia
1294 4163 1410 4234 ipse
1434 4173 1519 4220 est
1543 4172 1724 4234 caput,
1754 4163 1911 4220 electi
1943 4178 2110 4220 mem-

522 4253 640 4319 bra,
678 4254 772 4308 sed
800 4256 941 4324 quod
977 4255 1032 4310 in
1063 4256 1374 4310 narratione
1400 4271 1508 4310 non
1537 4273 1695 4312 unus.
1736 4255 1876 4316 Nam
1901 4258 2006 4313 hoc
2027 4265 2111 4313 est

523 4344 626 4399 iste
647 4346 889 4416 angelus,
915 4345 1056 4416 quod
1087 4345 1250 4400 etiam
1281 4360 1532 4415 sequens,
1566 4347 1617 4402 id
1643 4355 1727 4404 est
1751 4349 1886 4404 ordo
1915 4348 2110 4419 pracdi-

523 4445 790 4492 catorum.
845 4436 953 4492 Sed
999 4437 1125 4508 quia
1177 4453 1317 4492 unus
1375 4439 1618 4494 succedit
1661 4439 1849 4506 alteri,
1905 4439 2109 4499 idcirco

524 4529 660 4584 alius
685 4538 806 4600 post
843 4529 1004 4585 alium
1043 4537 1520 4586 commemoratur.
1559 4527 1716 4584 Volat
1753 4529 1975 4601 angelus
2010 4546 2108 4600 per

525 4621 758 4674 modium
785 4619 930 4686 cteli,
954 4620 1007 4675 id
1035 4629 1120 4678 est
1143 4621 1315 4674 sancti
1345 4619 1727 4690 praedicatores
1748 4621 2000 4677 incedunt
2019 4637 2110 4676 ve-

522 4709 714 4764 lociter
733 4711 1078 4780 przedicando
1113 4709 1388 4765 Christum
1433 4726 1533 4781 per
1579 4711 1902 4767 Ecclesiam.
1951 4711 2110 4769 Volat

517 4811 614 4867 per
642 4799 1123 4864 medium'caelum,
1155 4799 1278 4869 quia
1304 4800 1498 4856 mentis
1516 4801 1968 4870 contemplatione
1985 4816 2104 4857 cas-

513 4893 668 4950 lestia
696 4901 906 4963 petunt,
940 4908 1048 4948 non
1080 4893 1313 4948 terrenis
1339 4893 1685 4958 inhaerentes,
1715 4894 1807 4948 sed
1831 4893 2103 4964 subjectos

512 4988 678 5039 etiam
730 4985 957 5055 populos
995 4984 1062 5039 ad
1091 4983 1333 5040 cmlestia
1355 4992 1410 5039 et
1433 4985 1612 5040 verbis
1639 4993 1694 5038 et
1722 4985 1918 5041 litteris
1957 4985 2098 5041 invi-

506 5085 650 5131 tant.
697 5076 774 5132 De
803 5075 886 5131 his
911 5076 1111 5147 quippe
1139 5075 1440 5132 volantibus
1464 5077 1910 5146 praedicatoribus
1934 5079 2100 5136 Isaias

507 5166 640 5223 dicit
667 5166 737 5239 (c.
766 5167 888 5236 1.x):
917 5165 1024 5232 Qui
1042 5177 1162 5220 sunt
1186 5167 1273 5220 isti
1295 5167 1385 5237 qui
1407 5177 1464 5221 ut
1488 5168 1646 5223 nubes
1668 5168 1860 5236 colant,
1878 5180 1925 5224 et
1947 5173 2102 5240 quasi

509 5259 764 5314 columba:
791 5260 861 5313 ad
905 5261 1160 5330 fenestras
1187 5276 1312 5315 suas
1335 5261 1362 5315 2
1410 5260 1479 5316 Ut
1517 5262 1690 5316 nubes
1721 5263 1865 5316 enim
1894 5263 2095 5330 volant,

511 5352 638 5424 quia
685 5367 715 5405 a
762 5353 994 5406 terrenis
1033 5351 1318 5406 desideriis
1373 5351 1566 5422 pennis
1618 5352 1877 5406 virtutum
1919 5354 2098 5410 suble-

508 5444 617 5500 vati
640 5443 829 5515 pluunt
850 5442 1049 5507 verbis,
1081 5450 1136 5498 et
1168 5451 1456 5506 coruscant
1485 5442 1782 5496 miraculis.
1830 5443 1913 5499 Ad
1940 5443 2092 5500 fene-

507 5547 649 5595 stras
695 5552 819 5593 suas
851 5536 999 5590 velut
1041 5535 1304 5592 columbae
1345 5544 1472 5591 sunt
1491 5577 1506 5601 ,
1536 5537 1662 5605 quia
1691 5552 1788 5607 per
1815 5538 1918 5592 hoc
1945 5537 2089 5607 quod

507 5631 748 5686 exterius
780 5629 1141 5699 conspiciunt,
1181 5629 1315 5684 nihil
1347 5640 1625 5686 terrenum
1677 5631 2086 5698 concupiscunt,

506 5723 600 5777 sed
627 5722 819 5792 gaudia
845 5719 1254 5792 mternajugitcr
1266 5737 1326 5777 co
1335 5721 1716 5792 otemplantur.
1742 5721 1860 5792 Ipse
1874 5737 2087 5794 quoque

505 5812 726 5886 angelus
749 5811 1095 5884 Evangelium
1109 5821 1370 5872 :eternum
1393 5813 1600 5870 habere
1627 5812 1849 5877 dicitur,
1876 5815 2000 5884 quia
2014 5815 2089 5870 vi-

2225 1967 2392 2022 nolite
2408 1968 2637 2022 adorare
2650 1983 2772 2022 cum
2789 1969 2879 2038 qui
2901 1975 3120 2038 putatur
3139 1969 3534 2026 conditoresse
3559 1981 3832 2035 creatum,

2224 2058 2414 2126 spiritu
2443 2059 2772 2113 seductionis
2799 2060 3058 2128 repletus,
3074 2060 3167 2114 sed
3192 2059 3374 2129 potius
3401 2062 3591 2131 ipsum
3611 2064 3713 2127 ,de
3736 2079 3830 2133 quo

2223 2151 2410 2211 Daniel
2439 2152 2566 2206 dicit
2582 2152 2769 2221 (c.vn)
2791 2150 3060 2208 :Potestas
3084 2153 3223 2222 ejus,
3235 2164 3472 2222 potestas
3486 2167 3829 2227 auersumque

2223 2260 2326 2297 non
2369 2243 2659 2312 auferetur,
2685 2254 2732 2298 et
2763 2261 2977 2314 regnum
3019 2246 3134 2316 ejus
3177 2247 3320 2316 quod
3367 2264 3473 2301 non
3519 2265 3821 2318 compe~

2223 2343 2330 2388 tur.
2383 2335 2448 2389 Et
2482 2334 2770 2404 Apostolus
2800 2354 2813 2389 :
2843 2335 3066 2406 Propter
3088 2337 3233 2407 quod
3256 2348 3304 2391 et
3333 2337 3463 2392 Deus
3484 2340 3632 2393 illam
3663 2343 3821 2394 exal-

2223 2427 2374 2495 tavit,
2417 2436 2465 2481 et
2502 2427 2715 2492 donavit
2756 2427 2836 2482 illi
2865 2445 3069 2494 nomen,
3089 2429 3234 2498 quod
3263 2439 3339 2484 est
3359 2447 3500 2498 super
3527 2448 3680 2486 omne
3711 2450 3812 2485 no-

2224 2534 2365 2581 men,
2391 2525 2522 2584 ete.,
2553 2532 2726 2588 usque
2748 2519 2871 2588 quia
2901 2518 3156 2573 Dominus
3189 2531 3370 2574 uoster
3399 2519 3551 2574 Iesus
3567 2521 3811 2576 Christus

2223 2607 2280 2667 in
2307 2607 2476 2676 gloria
2515 2618 2589 2662 est
2617 2607 2714 2662 Dei
2739 2607 2918 2662 Patris
2953 2608 3175 2678 (Philip.
3207 2611 3291 2677 lt).
3337 2610 3414 2665 Illi
3453 2612 3669 2682 (inquit)
3699 2616 3810 2668 date

2196 2695 2506 2762 .honorem,
2540 2705 2595 2752 et
2618 2712 2724 2751 non
2756 2697 3117 2763 Antichristo,
3148 2700 3239 2768 qui
3276 2704 3594 2763 mntrarins
3637 2705 3800 2758 honori

2225 2787 2278 2842 in
2300 2789 2616 2844 charactere
2640 2797 2696 2844 et
2723 2789 2942 2844 nomine
2963 2805 3027 2844 ac
3056 2806 3281 2846 numero
3295 2794 3549 2849 nominis
3571 2797 3673 2865 ejus
3692 2812 3794 2851 esse

2224 2879 2590 2946 cognoscitur.
2628 2879 2686 2933 In
2734 2879 2873 2948 coelo
2902 2888 3084 2934 autem
3113 2888 3162 2936 et
3194 2889 3344 2942 terra
3375 2892 3437 2945 et
3477 2887 3614 2941 mari
3647 2888 3798 2942 cuius

2221 2975 2472 3022 creatura
2500 2969 2554 3022 in
2586 2976 2826 3040 tempore
2852 2968 3071 3024 condita
3102 2970 3542 3038 demonstratur.

2292 3080 2360 3135 Et
2399 3081 2611 3151 angelus
2650 3082 2786 3138 alius
2819 3095 3026 3138 secutus
3061 3091 3137 3138 est
3172 3102 3313 3148 eum,
3359 3085 3794 3150 dicens:Ceeidit.

2219 3174 2403 3227 cecidit
2447 3173 2685 3245 Babylon
2721 3175 2814 3231 illa
2850 3193 3041 3248 magna
3077 3173 3300 3243 civitas,
3349 3197 3476 3251 qua:
3520 3198 3555 3234 a
3586 3183 3694 3234 vino
3723 3183 3795 3233 ire

2225 3265 2589 3334 fornicationis
2640 3284 2750 3321 sua:
2794 3270 2991 3339 potavit
3041 3285 3216 3324 omnes
3259 3281 3465 3340 gentes.
3511 3272 3569 3326 In
3597 3273 3794 3342 θοςωὰ

2220 3353 2322 3410 istc
2359 3356 2580 3426 angelus
2618 3359 2852 3427 primum
2892 3368 3111 3415 secutus
3146 3363 3442 3429 asseritur,
3493 3366 3792 3433 subsequens

2219 3445 2634 3515 praedicatorum
2687 3449 2820 3503 ordo
2873 3449 3134 3505 imitatur.
3192 3453 3341 3507 Bene
3380 3462 3574 3510 autem
3607 3457 3791 3528 angelus

2217 3536 2468 3604 angelum
2507 3538 2770 3607 sequitur,
2799 3540 2923 3610 quia
2955 3540 3142 3596 eadem
3177 3544 3499 3598 annuntiat.
3553 3546 3645 3602 Ille
3676 3546 3790 3601 enim

2215 3628 2350 3682 dixit
2375 3645 2388 3680 :
2423 3627 2560 3694 Quia
2587 3631 2721 3688 venit
2753 3631 2884 3684 hora
2902 3632 3093 3702 judicii
3120 3635 3235 3702 ejus
3267 3651 3286 3689 :
3316 3635 3411 3690 hic
3445 3647 3632 3693 autem
3654 3639 3786 3692 dicit:

2215 3717 2432 3785 Cecidit,
2450 3721 2632 3774 cecidit
2654 3720 2891 3793 Babylon
2911 3722 3014 3794 (Is.
3031 3724 3167 3795 ιιι).
3188 3724 3425 3783 Nomine
3445 3740 3629 3783 autem
3649 3729 3786 3798 Baby-

2213 3809 2352 3864 lonis
2377 3808 2622 3866 confusio
2667 3813 2952 3868 mundana:
2989 3817 3432 3874 conversationis
3480 3820 3786 3890 intelligitur.

2213 3901 2340 3955 Duae
2358 3902 2555 3972 quippe
2569 3903 2814 3959 civitates
2834 3913 2961 3958 sunt
2986 3905 3042 3959 in
3063 3905 3166 3961 hoc
3185 3909 3412 3973 mundo,
3443 3910 3498 3965 id
3523 3921 3611 3966 est
3631 3910 3788 3965 Hiera-

2211 3993 2377 4048 salem
2409 4010 2528 4064 qua:
2553 3994 2717 4050 habet
2759 4010 2943 4066 regem
2969 3995 3241 4052 Christum
3272 4014 3288 4052 :
3313 4009 3372 4054 et
3399 4001 3666 4073 Babylon,
3695 4015 3789 4070 qua

2211 4081 2372 4138 habet
2395 4099 2576 4154 regem
2607 4084 3120 4152 Nabuchodonosor,
3152 4088 3208 4142 id
3225 4099 3310 4143 est
3332 4090 3641 4146 diabolum.
3666 4093 3787 4159 Qua-

2214 4189 2335 4228 rum
2367 4190 2473 4229 una
2495 4177 2662 4246 coapit
2690 4176 2758 4230 ab
2786 4175 2938 4241 Abel,
2965 4177 3132 4232 altera
3169 4195 3198 4231 a
3227 4179 3358 4233 Cain
3394 4199 3407 4232 :
3447 4197 3559 4236 una
3593 4193 3671 4238 est
3690 4198 3791 4237 cor-

2213 4279 2315 4335 pns
2344 4263 2566 4332 Christi,
2595 4267 2762 4322 altera
2791 4283 2988 4342 corpus
3024 4268 3242 4324 diaboli.
3295 4272 3436 4326 Cum
3488 4284 3672 4329 autem
3719 4273 3788 4327 di-

2209 4362 2339 4410 cunt
2365 4356 2536 4412 sancti
2582 4357 3004 4427 ptmdicatores:
3036 4358 3257 4424 Cecidit,
3308 4365 3500 4418 cecidit
3553 4365 3785 4436 Babylon,

2205 4446 2540 4515 praeteritum
2564 4458 2774 4519 tempus
2801 4450 3022 4520 ponitur
3049 4467 3148 4520 pro
3171 4451 3376 4507 fitturo.
3409 4454 3648 4522 Cecidit,
3675 4457 3788 4510 ride-

2209 4536 2338 4592 licet
2367 4553 2462 4606 pro
2491 4555 2557 4593 eo
2609 4541 2750 4610 quod
2781 4550 2864 4595 est
2893 4557 3108 4606 casura,
3142 4544 3229 4598 vel
3255 4546 3418 4599 cadet
3460 4548 3514 4601 in
3559 4558 3788 4604 ater-nan

2211 4627 2609 4686 damnationem
2661 4630 2884 4696 scilicet,
2938 4648 3042 4700 qua
3101 4633 3346 4689 diabolus
3381 4652 3513 4691 cum
3561 4641 3789 4694 omnibus

2208 4716 2322 4773 suis
2347 4719 2980 4786 membrisdamnabitur,
3009 4738 3129 4778 cum
3157 4724 3435 4782 audierint
3463 4743 3478 4781 :
3511 4729 3623 4794 Ite,
3652 4731 3787 4782 uele-

2205 4811 2354 4876 dicti,
2381 4813 2433 4866 in
2460 4815 2632 4882 ignem,
2650 4825 2925 4878 (clermtnt,
2948 4818 3036 4887 qui
3057 4828 3275 4887 paratus
3299 4829 3374 4876 est
3399 4822 3629 4877 diabolo
3651 4836 3695 4877 et
3715 4842 3789 4875 en—

2203 4905 2330 4976 gelis
2345 4905 2457 4976 ejus
2475 4905 2688 4977 (Matlh.
2706 4905 2852 4978 xxv).
2872 4907 3022 4974 Quod
3037 4917 3215 4964 autem
3239 4911 3492 4981 angelus,
3511 4914 3567 4968 id
3583 4925 3665 4969 est
3679 4929 3791 4984 prr-

2203 4997 2501 5052 dicatorum
2537 4999 2693 5063 ordo,
2717 5015 2928 5054 ruinam
2969 5001 3209 5072 perﬁdiae
3246 5003 3490 5060 civitatis
3533 5009 3791 5079 congemi.

2204 5091 2384 5145 nando
2410 5092 2712 5157 denuntiat,
2739 5108 2836 5163 pro
2856 5094 3268 5152 conﬁrmatione
3292 5099 3370 5154 rei
3394 5098 3527 5155 facit
3551 5102 3789 5173 idipsum.

2200 5178 2468 5234 Autcerte
2481 5196 2625 5234 nunc
2637 5182 2796 5236 simul
2813 5197 2935 5238 cum
2958 5185 3091 5254 ipsis
3111 5187 3356 5257 reprobis
3371 5203 3600 5248 omnem
3621 5207 3791 5248 eorum

2199 5270 2422 5342 gloriam
2452 5272 2749 5341 perituram
2785 5275 3144 5340 demonstrat,
3181 5276 3337 5346 juxta
3381 5279 3518 5336 illud
3547 5300 3565 5334 :
3601 5280 3794 5338 Per-ibit

2198 5361 2426 5415 mundus
2451 5372 2498 5416 et
2526 5364 2944 5433 concupiscentia
2967 5367 3081 5435 ejus
3105 5367 3156 5438 (l
3177 5365 3341 5423 loan.
3367 5370 3455 5442 ιι),
3484 5387 3552 5426 ac
3577 5374 3628 5428 si
3657 5373 3791 5427 dice»

2195 5462 2278 5508 ret
2301 5473 2314 5507 :
2342 5454 2409 5510 Et
2435 5455 2710 5510 saacularis
2729 5456 2921 5527 gloria,
2939 5467 2993 5511 et
3021 5471 3292 5516 amatores
3311 5461 3560 5532 ejusdem
3593 5475 3790 5536 tempe

2191 5546 2319 5602 ralis
2348 5549 2556 5618 pariter
2594 5550 2927 5605 ceciderunt.
2970 5552 3160 5624 Magna
3198 5553 3314 5609 haec
3355 5556 3557 5611 dicitur
3581 5559 3791 5622 civitu.

2189 5637 2870 5708 proptcrinnumcrabilem
2895 5641 3248 5710 reproborum
3267 5642 3792 5710 multitudinem,vel

2189 5736 2412 5799 propter
2436 5729 2818 5784 enormitatem
2858 5729 3135 5786 vitiorum.
3166 5730 3362 5787 Vinum
3400 5744 3588 5790 autem
3637 5735 3792 5793 {orni

2191 5818 2420 5874 cationis
2451 5818 2829 5890 intelliguntur
2856 5820 3036 5876 omnia
3072 5821 3200 5876 vitia
3230 5831 3289 5875 et
3313 5831 3561 5894 peccata,
3600 5829 3791 5896 qubus
