3972 6454
122 413 286 480 ὶιοο

1047 398 1430 496 ‘EX'POSITIO
1467 389 2073 458 ιΝ-Αρθωιγρειμ.
2109 419 2183 434 -
2213 387 2344 448 UB.
2384 387 2455 447 Π
2535 449 2538 452 .

3282 382 3420 439 H10

129 527 363 604 reprobi
389 526 523 586 alios
549 522 835 595 inquinant
867 539 880 574 :
907 515 1176 590 pmcipue
1213 525 1396 572 autem
1425 509 1730 586 philosophi
1757 510 1806 570 Α
1832 505 2127 604 erigentur.
2180 501 2412 604 Ideoque
2447 500 2494 558 si
2521 500 2644 574 quis
2667 499 2976 604 adoraverit
3001 495 3418 602 Antichristum,

131 601 503 694 etprincipes
530 615 692 686 hujus
714 609 895 670 saeculi
943 621 1135 665 omnes
1161 606 1435 677 subjectos
1463 601 1732 658 inebriant

135 713 280 769 vino
303 709 527 774 erroris,
551 705 696 761 unde
722 713 778 760 et
803 716 1021 758 sensum
1037 700 1106 754 ab
1133 698 1216 753 eis
1237 696 1512 760 auferunt,
1541 701 1619 758 ut,
1657 704 1737 746 re-

136 802 281 862 licto
311 800 591 865 Creatore,
616 805 880 854 creatum
903 793 1164 850 serviant.
1206 789 1338 844 Nam
1371 795 1426 844 et
1446 784 1736 842 fornicatio

137 893 462 967 specialiter
485 903 606 961 pr0°
623 887 922 946 idololatria
969 883 1206 954 ponitur.
1264 879 1417 936 Unde
1452 885 1578 931 est:
1615 873 1742 967 Pcr-

140 966 248 1045 (ἰὸς
283 1000 460 1042 omnes
489 981 578 1054 qui
611 980 940 1050 fornicamur
977 975 1069 1028 abs
1111 983 1158 1026 te
1186 970 1360 1042 (Psal.
1384 969 1580 1036 usu).
1617 966 1740 1021 ηενρ

143 1077 414 1149 Babylon,
439 1074 492 1130 id
509 1080 614 1136 est,
633 1068 955 1126 conversatio
978 1063 1266 1126 mundana,
1292 1078 1322 1114 a
1347 1061 1474 1115 vino
1495 1057 1740 1114 fornica-

146 1147 324 1228 tionis
343 1181 456 1223 sua:
479 1163 684 1238 potavit
707 1174 896 1216 omnes
916 1164 1122 1228 gentes,
1145 1152 1271 1223 quia
1292 1150 1546 1206 vitiorum
1567 1147 1746 1203 omnis

145 1275 369 1320 summa
396 1259 451 1314 in
481 1236 799 1325 temporalis
832 1247 1015 1320 gloriae
1063 1243 1266 1298 ambitu
1316 1241 1599 1296 retinetur.
1638 1236 1744 1292 Pro

143 1355 357 1426 quibus
403 1350 677 1414 omnibus,
709 1359 847 1417 quos
886 1341 1012 1397 vino
1061 1337 1269 1396 erroris
1310 1342 1747 1413 et'peccatorum

147 1445 452 1507 inebriant,
482 1440 792 1512 punientur.

229 1538 300 1594 Et
328 1537 510 1592 tertius
533 1531 749 1604 angelus
781 1536 987 1596 secutus
1021 1535 1095 1594 est
1141 1539 1232 1578 eos.
1255 1521 1444 1589 dicens
1485 1535 1603 1573 voce
1631 1533 1747 1584 nta-

147 1649 284 1702 gna.
315 1627 451 1684 Tres
483 1625 656 1698 angeli
689 1623 1109 1692 bic,pouuntu;,
1132 1620 1353 1687 propter
1393 1609 1555 1664 fidem
1578 1605 1749 1680 fl‘riui-

149 1723 291 1778 tatis
341 1714 902 1790 quamanuuutiant,
944 1707 1038 1779 sed
1074 1715 1273 1770 tamen,
1295 1711 1357 1775 ut
1401 1702 1603 1757 dictum
1646 1705 1750 1763 est,

1834 595 2234 666 autimaginem
2262 593 2406 650 illius
2434 591 2707 664 acceperit
2731 591 2786 646 in
2817 590 3027 654 fronte,
3061 595 3154 644 aut
3176 588 3229 644 in
3254 604 3418 650 manu

1837 703 1954 752 sua,
1997 701 2102 740 non
2144 685 2233 740 hic
2267 686 2336 740 ad
2374 700 2613 756 praesens
2639 681 2849 756 ﬂagella
2886 681 3129 751 recipiet,
3163 687 3422 756 tanquam

1838 778 1965 831 vino
1998 783 2248 846 potatus,
2295 753 2392 830 sed
2428 775 2482 830 in
2522 753 2982 844 futuro'perenni
3029 769 3263 826 vindicta
3307 753 3422 840 ple-

1839 875 2034 931 ctetur,
2077 877 2332 936 tanquam
2373 864 2596 920 faecibus
2622 862 2940 925 inebriatus.
2997 859 3068 915 Et
3107 858 3431 914 cruciabitur

1839 960 1958 1031 igne
1978 968 2024 1011 et
2046 957 2293 1028 sulphure
2318 956 2372 1010 in
2406 964 2682 1025 conspectu
2709 963 3029 1008 sanctorum.
3067 949 3207 1006 Cum
3235 949 3346 1005 sint
3375 948 3431 1004 in

1845 1050 2056 1106 inferno
2075 1058 2220 1105 tanta
2238 1056 2453 1118 tamque
2477 1044 2891 1115 innumerabilia
2916 1050 3206 1108 tormenta,
3230 1048 3432 1112 quanta

1845 1155 1946 1196 nec
1968 1139 2072 1194 dici
2096 1153 2197 1196 nec
2240 1135 2502 1192 aestimari
2525 1135 2759 1206 possint,
2784 1133 3026 1205 breviter
3049 1141 3230 1188 tamen
3261 1132 3317 1186 in
3347 1130 3432 1187 his

1847 1233 2056 1300 duobus
2074 1231 2255 1287 omnia
2277 1229 2809 1299 comprehenduntur
2833 1234 3123 1282 tormenta.
3149 1225 3269 1281 Erit
3287 1225 3432 1282 enim

1848 1325 2008 1396 ignis,
2039 1339 2148 1379 non
2186 1322 2255 1390 ad
2279 1321 2585 1386 iacendum,
2624 1320 2717 1376 sed
2749 1319 2816 1375 ad
2855 1319 3180 1374 miserorum
3205 1332 3437 1388 corpora

1849 1401 2324 1482 conci-emendum.
2367 1413 2483 1478 Erit
2511 1426 2723 1482 quoque
2749 1409 2822 1466 ibi
2854 1417 2910 1466 et
2933 1409 3182 1482 sulphur,
3209 1409 3355 1480 quod
3383 1415 3439 1464 et

1851 1505 2146 1562 fomentum
2175 1503 2454 1576 praestabit
2495 1501 2626 1573 igni,
2665 1509 2721 1557 et
2757 1500 2982 1557 fetorem
3020 1499 3204 1572 gignet
3255 1498 3441 1554 intole-

1850 1598 2101 1668 rabilem,
2135 1611 2332 1667 aeper
2358 1596 2461 1651 hoc
2486 1610 2554 1651 ex
2578 1596 2700 1666 igne
2728 1593 2890 1660 fetor,
2920 1601 2976 1649 et
3001 1608 3069 1648 ex
3092 1591 3266 1649 fetore
3293 1591 3437 1664 ignis

1850 1689 2398 1764 procreabitur,_cum
2435 1703 2600 1743 unum
2638 1687 2830 1741 horum
2865 1685 2932 1740 ad
2968 1693 3296 1742 tormentum
3343 1683 3443 1744 mir

344 1773 700 1879 esti'prinms,
723 1773 1020 1876 illaesum.
1042 1773 1331 1866 sequentes
1360 1833 1376 1857 ,
1417 1791 1469 1846 id
1508 1797 1593 1846 est
1617 1790 1751 1884 ordo
1784 1862 1826 1884 ἢ
1853 1798 2101 1884 sororum
2144 1781 2278 1884 satis
2304 1778 2561 1884 .sutiicere
2609 1786 2812 1884 posset,
2845 1785 2948 1879 .aut
2987 1776 3134 1884 ignis
3170 1773 3441 1877 videlicet.

813 1862 1024 1962 magna,
1053 1862 1180 1956 quia
1211 1885 1439 1940 bestiam
1474 1897 1533 1937 se
1564 1879 1748 1950 despi-
1784 1862 1828 1922 Β
1856 1883 1950 1930 aut
1980 1874 2137 1929 fetor.
2171 1869 2408 1942 Sulpbur
2425 1870 2623 1940 quippe
2647 1870 2729 1940 (ut
2749 1868 3005 1937 diximus)
3032 1865 3280 1929 fetorem,
3304 1865 3444 1935 ignis

156 1974 293 2057 cere
315 1999 376 2047 et
417 2004 516 2060 ρῳ
547 1986 715 2050 nihilo
746 1985 963 2046 ducere,
1004 1979 1059 2035 in
1097 1977 1348 2032 libertate
1384 1974 1535 2030 vocis
1557 1980 1754 2035 osten-

157 2088 321 2153 dunt.
351 2081 566 2153 Siquis
607 2074 902 2132 adoraueril
951 2072 1192 2133 bestiam,
1243 2068 1294 2122 id
1336 2074 1420 2121 est
1461 2062 1752 2132 diabolum,

143 2189 215 2239 ,ει
265 2175 543 2246 imaginem
578 2169 716 2240 ejus,
749 2166 800 2221 id
837 2173 921 2220 est
947 2160 1377 2246 Antichristum.
1395 2155 1466 2226 Et
1497 2154 1759 2246 acceperit

159 2245 523 2329 characterem
544 2261 598 2314 in
619 2259 792 2327 fronte
816 2271 935 2316 sua,
961 2252 1014 2318 id
1033 2260 1120 2306 est
1143 2249 1303 2303 fidem
1329 2245 1474 2301 illius
1495 2245 1548 2312 in
1578 2250 1760 2314 mente

161 2375 292 2423 sua,
319 2365 409 2411 aut
440 2354 495 2408 in
521 2367 681 2408 manu
704 2365 801 2402 sua
823 2385 839 2412 ,
866 2354 926 2411 ut
951 2343 1069 2414 ejus
1101 2342 1577 2410 imitetur‘Opera,

248 2447 314 2503 Et
351 2448 436 2501 hic
475 2443 607 2499 bibet
643 2441 707 2495 de
747 2440 866 2504 vino
889 2439 1002 2505 ira:
1029 2434 1128 2500 Dei
1169 2433 1330 2488 mixto
1361 2446 1503 2498 mero
1523 2430 1580 2484 in
1602 2427 1764 2483 calice

160 2544 270 2596 ira;
289 2539 475 2610 ipsius.
511 2533 806 2592 Videamus
832 2529 924 2600 qui
979 2525 1092 2595 sint
1123 2524 1219 2594 qui
1248 2522 1452 2590 habent
1482 2521 1764 2610 characte-

164 2647 293 2695 rem
313 2609 512 2686 bestia:
538 2625 593 2680 in
621 2621 797 2692 fronte
833 2628 887 2684 et
920 2617 990 2688 in-
1010 2631 1173 2672 manu
1193 2655 1209 2681 ,
1231 2621 1288 2670 et
1303 2612 1398 2688 qui
1423 2609 1766 2680 solummodo

163 2726 228 2794 ir}
257 2737 452 2788 manu.
481 2716 648 2790 Judaei
673 2714 876 2785 habent
902 2712 958 2766 in
982 2707 1159 2780 fronte
1179 2714 1236 2762 et
1262 2705 1317 2773 in
1344 2719 1505 2774 manu
1523 2745 1538 2770 ,
1563 2702 1690 2777 quia
1707 2709 1771 2769 et

164 2819 228 2884 in
279 2829 404 2868 eum
441 2809 692 2876 credunt,
740 2803 960 2872 etpiude
983 2816 1108 2856 eum
1147 2797 1421 2868 recepturi
1447 2794 1770 2866 sunt,iuxta

167 2904 332 2976 illud,
373 2902 524 2976 Alius
561 2898 741 2967 veniet
785 2896 840 2965 in
877 2893 1096 2964 nomine
1122 2906 1251 2958 suo,
1279 2888 1429 2976 illum
1463 2885 1770 2958 recipietis;

168 2975 239 3054 et.
253 2972 420 3065 opera
437 2972 587 3047 illius
606 2987 914 3052 imitantur,
941 2979 1367 3051 blasphemando
1391 2975 1689 3041 Christum,
1717 2984 1775 3030 et

171 3082 529 3158 itaquissimis
549 3075 900 3136 deserviendo
926 3073 1200 3145 operibus.
1229 3069 1372 3126 Falsi
1411 3077 1591 3158 autem
1618 3066 1778 3158 Chri-

171 3154 348 3236 stiani
394 3173 596 3228 habent
629 3166 748 3237 ejus
784 3165 1155 3220 characterem
1187 3161 1242 3215 in
1270 3173 1452 3223 manu,
1481 3157 1574 3228 qui
1608 3154 1776 3212 confi-

1857 1977 2038 2024 autem
2063 1966 2225 2021 habet
2257 1965 2526 2020 ardorem.
2572 1961 2846 2030 Quicnim
2869 1962 2936 2016 ad
2959 1974 3212 2031 perversa
3237 1957 3446 2013 deside—

1860 2060 1940 2130 ria
1978 2074 2042 2113 ex
2079 2058 2259 2128 carnis
2297 2054 2468 2110 fetore
2514 2053 2731 2118 ardent,
2771 2068 2915 2107 nunc
2964 2052 3199 2130 maxime
3237 2049 3445 2106 libidini

1860 2127 2237 2219 deserviendo,
2268 2148 2484 2218 dignum
2523 2153 2606 2199 est
2646 2155 2703 2198 ut
2736 2127 3075 2214 postmodum
3117 2143 3241 2213 igne
3261 2150 3315 2198 et
3339 2140 3449 2196 sul-

1859 2245 2034 2316 phure
2057 2245 2301 2311 pereant,
2325 2245 2600 2307 quatenus
2626 2251 2692 2290 ex
2713 2233 2856 2304 justa
2879 2248 3040 2304 poena
3085 2233 3298 2288 discant
3321 2230 3450 2302 quid

1861 2332 2170 2404 ex,injusto
2204 2327 2473 2388 desiderio
2501 2325 2726 2382 faciunt.
2757 2325 3102 2397 .Angelorum
3134 2337 3315 2379 autem
3353 2338 3448 2377 voc

1863 2427 2078 2492 cabulo,
2119 2424 2174 2478 in
2204 2436 2435 2493 quorum
2465 2428 2758 2490 conspectu
2786 2418 3020 2485 cruciari
3042 2418 3313 2481 dicuntur,
3342 2430 3451 2476 non

1865 2516 2042 2585 solum
2067 2513 2294 2587 angelici
2329 2511 2570 2582 spiritus,
2603 2525 2790 2565 verum
2817 2511 2983 2564 etiam
3024 2507 3318 2564 electorum
3348 2507 3453 2562 Ec-

1866 2609 2031 2666 clesia
2075 2605 2417 2678 exprimitur.
2459 2602 2615 2672 Quod
2641 2602 2762 2658 ideo
2787 2601 2899 2664 fiet,
2928 2608 2988 2654 ut
3014 2600 3141 2659 dum
3167 2599 3455 2671 impiorum

1867 2700 2143 2772 cruciatus
2163 2698 2298 2772 justi
2327 2695 2689 2766 conspiciunt,
2714 2694 2766 2761 in
2795 2694 2888 2748 Dei
2910 2692 3164 2756 laudibus,
3185 2701 3455 2756 crescant,

1868 2809 1967 2865 per
1993 2792 2147 2864 cuius
2173 2787 2600 2860 misericordiam
2627 2793 2918 2844 evaserunt
2959 2784 3103 2856 quod
3139 2784 3324 2844 miseri
3363 2799 3459 2853 pa-

1871 2885 2080 2941 tiuntur
2113 2900 2125 2936 :
2166 2881 2292 2953 quia
2336 2880 2402 2935 in.
2441 2894 2509 2943 se
2531 2888 2769 2946 .cemunt
2805 2876 3006 2938 bonum
3043 2891 3152 2946 quo
3178 2877 3345 2947 gratis
3374 2892 3462 2932 re-

1875 2974 2144 3034 munerati
2169 2980 2314 3040 sunt,
2343 2980 2400 3028 et
2432 2971 2487 3026 in
2516 2969 2624 3032 illis
2649 2968 2918 3040 aspiciunt
2945 2967 3286 3040 supplicium,
3317 2964 3460 3038 quod

1875 3064 2297 3122 misericorditer
2325 3069 2641 3126 evaserunt,
2685 3061 2896 3130 eritque
2939 3067 2998 3114 ut
3043 3058 3306 3114 malorum
3347 3067 3460 3112 tor-

1877 3165 2138 3223 mentum,
2168 3157 2236 3212 ad
2258 3155 2556 3213 electorum
2593 3152 2844 3226 proficiat
2879 3151 3296 3208 incrementum.
3328 3149 3466 3206 Sub-

176 3274 370 3326 tentur
412 3276 471 3319 se
516 3272 677 3316 nosse
716 3256 910 3320 Deum,
954 3251 1115 3309 factis
1153 3257 1334 3306 autem
1381 3256 1597 3321 negant.
1634 3248 1770 3302 Dum
1799 3238 1844 3301 C
1867 3248 2115 3322 jungitur
2149 3257 2350 3314 autem,
2396 3257 2446 3303 et
2489 3256 2611 3301 ante
2644 3253 2974 3317 conspectum
3001 3244 3157 3316 Agni.
3197 3242 3315 3298 Non
3357 3259 3466 3314 quo

177 3371 315 3428 ergo
339 3353 614 3410 Christum
644 3344 901 3418 operibus
933 3343 1221 3414 denegant,
1251 3337 1440 3410 procul
1468 3336 1635 3392 dubio
1659 3336 1773 3390 An-

180 3446 421 3507 ticltristi
452 3451 601 3509 sunt,
629 3441 860 3511 ideoque
899 3437 1277 3494 characterem
1326 3429 1470 3486 illius
1513 3429 1779 3490 in_manu

180 3546 427 3616 portant.
449 3535 675 3610 idcirco
693 3531 900 3596 dicitur
923 3535 980 3583 et
1001 3525 1122 3596 hic,
1151 3523 1276 3594 quia
1307 3520 1561 3579 videlicet
1587 3516 1781 3588 simili-

181 3608 275 3701 ier
316 3608 718 3701 damnabantur
755 3620 878 3695 falsi
909 3614 1226 3682 Christiani,
1259 3613 1350 3684 qui
1378 3611 1631 3684 operibus
1661 3608 1783 3664 imi-

180 3700 377 3780 tantur
408 3699 824 3777 Antichristum,
857 3705 1128 3780 quomodo
1173 3712 1230 3759 et
1266 3701 1458 3768 Judaei,
1489 3702 1582 3772 qui
1631 3699 1778 3755 illum

190 3788 495 3886 sequuntur
529 3808 633 3862 fide
660 3814 711 3859 et
740 3817 922 3872 opere.
964 3799 1118 3867 Quod
1143 3805 1229 3852 est
1253 3806 1430 3851 autem
1452 3795 1660 3858 vinum,
1681 3793 1785 3848 hoc

193 3884 473 3964 estealix,
507 3899 560 3952 id
608 3905 691 3950 est
727 3893 975 3959 vindicta
1011 3898 1069 3943 et
1107 3888 1187 3942 ira
1232 3885 1330 3940 Dei
1381 3884 1784 3954 omnipotentis,

192 3993 425 4052 'ventura
455 4006 618 4060 super
657 4004 749 4042 eos
778 3985 868 4054 qui
909 3980 1301 4048 Antichristum
1334 3977 1642 4046 adorantet
1663 3976 1787 4031 imi-

201 4068 406 4143 tantur.
463 4082 597 4138 Nam
638 4090 694 4136 et
736 4094 834 4134 nos
875 4076 1001 4134 dum
1027 4074 1212 4136 vinum
1239 4072 1293 4127 in
1327 4069 1550 4140 calicem
1577 4069 1786 4138 damus,

197 4165 309 4242 non
354 4175 583 4232 dicimus
613 4191 625 4226 :
652 4171 792 4226 Ecce
832 4168 1017 4239 vinum
1051 4173 1105 4231 et
1144 4161 1306 4229 calix,
1335 4161 1432 4217 sed
1465 4169 1674 4230 tantum
1697 4167 1794 4215 aut

193 4259 408 4340 ivinum,
456 4277 549 4322 aut
596 4263 755 4338 calix.
779 4261 905 4333 _Sed
935 4259 1139 4315 idcirco
1164 4255 1345 4330 posuit
1374 4253 1558 4324 viuum
1581 4261 1637 4309 et
1663 4251 1794 4308 cali-

191 4341 810 4430 'cetn,7ut_ostenderet
857 4350 983 4422 quia
1025 4347 1168 4419 quod
1210 4353 1329 4401 erat
1363 4345 1416 4398 in
1459 4342 1629 4406 calice
1671 4357 1793 4398 cum

205 4429 671 4518 merofmixtqm,
719 4445 786 4500 ad
831 4439 1289 4522 comparationem
1339 4436 1473 4493 meri
1521 4434 1796 4494 turbidum

207 4554 346 4613 erat.
397 4542 601 4608 Merum
631 4538 827 4611 quippe
856 4535 1086 4591 dicimus
1124 4547 1334 4612 purum.
1383 4527 1520 4584 Sunt
1557 4529 1703 4585 enim
1729 4528 1797 4599 in

209 4597 314 4697 hoc
343 4597 704 4692 calicesimul
727 4597 917 4685 mixtae
939 4625 1102 4682 faeces
1125 4603 1248 4685 cum
1279 4623 1403 4692 vino
1430 4637 1601 4689 mero,
1634 4621 1689 4678 id
1717 4597 1801 4678 est
1826 4597 1879 4660 Ῑ)

207 4746 364 4804 puro.
396 4727 498 4782 Per
526 4727 709 4781 viuum
739 4723 921 4791 itaque
949 4732 1182 4782 merum,
1217 4715 1455 4771 vindicta
1480 4713 1646 4773 divini
1671 4728 1801 4781 era.-

210 4820 376 4879 minis
413 4815 729 4886 intelligitur
779 4813 926 4868 circa
971 4808 1173 4880 justos,
1215 4807 1308 4878 qui
1355 4805 1694 4878 flagellantur
1745 4805 1802 4860 in

210 4909 486 4986 praesenti,
515 4916 574 4962 ut
597 4903 934 4977 postmodum
955 4899 1342 4972 glorificentur.
1387 4897 1492 4954 Per
1518 4896 1678 4960 faeces
1701 4912 1800 4957 au-

215 5013 324 5058 tem
373 4998 648 5068 damnatio
693 5002 1040 5073 peccatorum
1087 4989 1426 5060 exprimitur,
1474 4987 1564 5059 qui
1609 4987 1664 5054 in
1708 5002 1803 5042 ex-

205 5076 674 5158 'trerno_exainine
700 5083 1123 5156 damnabuntur,
1149 5095 1276 5153 nam
1299 5079 1482 5134 vinum
1511 5093 1674 5149 supra
1698 5085 1802 5143 est,

215 5189 379 5243 faeces
404 5191 582 5238 autem
611 5181 664 5234 in
695 5176 859 5233 fundo
879 5175 1077 5245 latent,
1105 5171 1230 5242 quia
1267 5168 1517 5241 videlicet
1554 5168 1726 5224 sancti
1748 5168 1804 5224 in

215 5275 470 5360 praesenti
517 5272 831 5344 puniuntur,
883 5274 940 5321 et
983 5263 1138 5336 quasi
1184 5271 1430 5334 apertum
1474 5267 1665 5317 contra
1711 5273 1807 5316 eos

222 5351 375 5428 saevit
393 5359 933 5430 divinumjudicium.
981 5355 1213 5428 Reprobi
1240 5362 1425 5410 autem
1448 5353 1502 5408 in
1525 5351 1631 5408 fine
1658 5352 1808 5410 dam-

223 5463 520 5528 nabantur,
548 5454 674 5527 quia
696 5467 839 5508 nunc
866 5452 983 5506 sine
1012 5449 1225 5522 flagello
1247 5448 1584 5504 deseruntur.
1614 5446 1808 5506 Bibent

225 5551 442 5624 reprobi
467 5545 612 5620 quod
642 5544 964 5600 remanserit
1002 5543 1054 5596 in
1095 5541 1286 5608 fundo,
1329 5541 1384 5596 id
1428 5547 1513 5598 est
1534 5540 1714 5609 faeces,
1756 5549 1813 5596 et

230 5662 333 5701 non
365 5643 560 5712 bibent;
577 5636 758 5703 electi,
783 5634 908 5705 quia
945 5642 1000 5688 et
1039 5635 1250 5705 reprobi
1277 5641 1400 5705 post
1425 5632 1715 5705 voluptatis
1741 5632 1815 5688 la-

229 5735 456 5808 sciviam
480 5730 702 5790 aeternis
731 5725 1060 5801 cruciatibus
1099 5725 1616 5799 datnnabuntur,et
1656 5723 1814 5782 electi

227 5837 354 5906 post
396 5837 810 5896 tcmporaneam.
847 5818 1186 5890 disciplinam
1230 5818 1282 5873 in
1327 5819 1622 5889 potentiam
1665 5819 1815 5891 regni

1877 3356 2001 3398 eum
2041 3339 2182 3396 ultra
2211 3337 2379 3396 visuri
2423 3340 2555 3404 sint,
2600 3354 2723 3394 cum
2769 3337 3028 3409 scriptum
3078 3338 3194 3393 sit:
3228 3335 3468 3393 Tollatur

1877 3431 2094 3503 impius,
2127 3444 2196 3486 ne
2228 3431 2410 3487 videat
2441 3428 2667 3501 gloriam
2707 3427 2824 3494 Dei,
2852 3428 2946 3484 sed
2971 3436 3120 3484 tanto
3141 3427 3337 3484 timore
3363 3435 3469 3483 ter-

1879 3523 2163 3589 rebuntur,
2195 3521 2531 3593 utvideatur
2556 3519 2661 3576 illis
2691 3519 2834 3576 Deus
2868 3521 3212 3590 omnipotens
3259 3532 3474 3591 semper

1881 3627 2002 3670 esse
2037 3627 2297 3685 praesens,
2337 3613 2526 3683 eisque
2551 3612 2802 3667 vindicta:
2831 3626 2944 3666 suae
2977 3611 3114 3667 iram
3145 3625 3364 3682 semper
3389 3610 3475 3665 iu-

1881 3705 2088 3777 ﬂigere,
2117 3706 2260 3761 unde
2287 3703 2388 3761 Job
2413 3705 2543 3760 dicit
2576 3721 2588 3757 :
2624 3701 2836 3758 Dimitte
2865 3717 2946 3757 me
2978 3718 3100 3773 ergo
3141 3711 3198 3755 ut
3219 3699 3476 3777 plangant

1883 3774 2159 3866 paululum
2181 3803 2393 3865 peccata
2424 3811 2563 3860 mea,
2612 3805 2892 3864 antequam
2925 3793 3111 3847 audam
3160 3774 3229 3846 ad
3255 3803 3474 3857 terram,

1886 3883 1976 3937 ubi
2025 3882 2210 3937 umbra
2259 3883 2443 3937 mortis
2488 3893 2538 3938 et
2593 3883 2936 3952 sempiternus
2983 3881 3171 3959 horror
3217 3881 3480 3946 inhabitat

1889 3973 2034 4046 (Job.
2072 3977 2186 4044 xx).
2407 4034 2413 4041 _

1961 4067 2032 4122 Et
2073 4065 2252 4137 fumus
2293 4073 2671 4120 tormenton
2710 4079 2892 4118 eorum
2929 4062 3173 4118 ascendet
3200 4064 3257 4118 in
3285 4061 3484 4119 secula

1891 4158 2224 4216 saeculorum.
2263 4157 2489 4230 Magnus
2511 4157 2695 4213 fumus
2731 4155 2992 4212 indicium
3036 4163 3120 4211 est
3163 4169 3486 4228 magnarum

1891 4251 2258 4323 ﬂammarum,
2305 4250 2454 4322 quia,
2483 4249 2733 4320 quamvis
2778 4249 2898 4306 sine
2943 4247 3277 4304 nutrimento
3315 4246 3488 4318 ligno-

1895 4357 2039 4410 rum,
2062 4353 2360 4412 corporeus
2389 4347 2569 4396 tamen
2595 4339 2702 4395 erit
2733 4338 2872 4411 ignis
2916 4340 3294 4411 reproborum,
3339 4337 3488 4395 ideo-

1895 4447 2001 4512 que
2026 4431 2234 4488 furnum
2261 4430 2377 4501 ejus
2401 4430 2790 4501 sempiternum
2817 4428 2952 4485 dicit
2973 4428 3174 4484 inesse.
3201 4427 3339 4496 Quia
3358 4443 3488 4499 ergo

1900 4523 1957 4578 in
2001 4524 2124 4596 igne
2161 4523 2421 4595 reprobos
2457 4522 2576 4576 sine
2610 4520 2718 4576 fine
2746 4518 2939 4576 ardere
2974 4518 3259 4590 conspicit,
3287 4516 3492 4581 idcirco

1905 4614 2114 4671 fumum
2155 4621 2547 4670 tormentorum
2586 4611 2642 4666 in
2688 4609 2884 4666 saecula
2927 4608 3248 4664 saeculorum
3296 4623 3492 4664 ascen-

1907 4713 2036 4770 dere
2047 4708 2322 4776 dicit.Quo
2335 4708 2388 4762 in
2404 4706 2522 4762 loco
2535 4720 2690 4761 error
2706 4703 2960 4776 Origenis
2973 4711 3160 4774 aperte
3171 4700 3493 4767 destruitur,

1905 4801 1999 4874 qui
2033 4800 2169 4857 dixit
2194 4807 2316 4871 post
2339 4796 2487 4864 mille
2512 4811 2684 4853 annos
2708 4796 2970 4868 reprobos
2995 4795 3175 4851 redire
3205 4794 3274 4850 ad
3302 4793 3492 4858 vitam,

1899 4891 2077 4962 iustos
2105 4899 2287 4946 autem
2314 4902 2627 4945 reversuros
2652 4886 2721 4944 ad
2748 4900 2964 4958 ptenam
2989 4926 3006 4953 ,
3031 4885 3278 4955 alioquin.
3299 4881 3497 4942 falsum

1908 4994 1993 5042 est
2006 4985 2150 5055 quod
2171 4982 2380 5040 Veritas
2392 4981 2521 5037 dicit
2537 4998 2550 5035 :
2567 4979 2794 5034 lbunthi
2814 4979 2870 5033 in
2891 4976 3203 5048 supplicium
3218 4986 3495 5043 tetanum,

1904 5074 2038 5148 justi
2069 5083 2244 5130 autem
2266 5073 2326 5142 riu
2353 5072 2510 5128 vitam
2537 5080 2788 5134 (sternam
2815 5067 3036 5141 (Matth.
3076 5068 3228 5139 xxv).
3261 5065 3424 5138 Quod
3446 5065 3498 5134 si

1914 5167 2042 5238 quis;
2072 5164 2190 5233 vult
2241 5177 2501 5235 quaerere,
2526 5177 2626 5219 cur
2661 5175 2760 5232 pro
2797 5158 3078 5232 temporali
3123 5167 3349 5230 peccato
3379 5157 3499 5218 sine

1917 5269 2160 5332 tempore
2203 5257 2418 5329 reprobi
2465 5255 2886 5322 cruciabuntur,
2932 5253 3221 5315 dicendum
3245 5261 3333 5308 est
3357 5250 3502 5322 quod

1917 5354 2195 5422 districtus
2214 5349 2383 5421 iudex
2407 5351 2635 5412 .veniens
2665 5363 2772 5405 non
2811 5347 2970 5407 facta,
2993 5347 3260 5418 pensabit,
3292 5345 3388 5400 sed
3413 5359 3506 5401 vo-

1915 5446 2169 5511 luntates.
2228 5443 2366 5499 Nam
2405 5442 2642 5514 reprobi,
2681 5439 2888 5498 sideri
2935 5447 3136 5511 posset,
3188 5451 3404 5508 semper
3449 5435 3506 5491 in

1915 5539 2016 5594 hac
2036 5539 2147 5594 vita
2173 5537 2356 5596 vivere
2379 5541 2659 5604 cuperent,
2693 5541 2753 5588 ut
2777 5546 3122 5603 nequaquam
3153 5543 3382 5601 peccare
3407 5527 3506 5584 de—

1915 5631 2173 5688 sisterent
2208 5644 2224 5692 ;
2265 5637 2322 5686 et
2373 5627 2827 5697 ideo.,nunquam
2883 5625 3148 5682 carebunt
3199 5619 3502 5694 supplicio...

1917 5724 2010 5796 qui
2053 5736 2327 5793 nunquam
2369 5719 2656 5780 voluerunt
2699 5731 2888 5774 carere
2926 5713 3290 5788 peccato.,Et-
3323 5712 3507 5786 nullus

1918 5816 2022 5883 erit
2061 5813 2261 5885 iniquis
2295 5810 2578 5870 terminus
2611 5809 2862 5877 ultionis,
2875 5809 2974 5880 qui
3001 5821 3292 5880 nunquam
3325 5803 3484 5862 volue
