3972 6472
145 405 172 458 Ι
195 407 312 467 1.15
1131 417 1497 480 EXPOSITIO
1533 419 1601 476 IN
1641 419 2138 478 APOCALYPSIN.
2177 451 2246 463 —-
2279 421 2409 480 LIB.
2447 422 2508 481 γ.
3341 431 3480 488 illi

140 519 413 616 Euntef,
453 527 640 583 docete
673 544 850 584 omnes
892 537 1096 600 gentes,
1135 532 1456 611 baptisantes
1485 549 1572 588 eos
1602 534 1658 588 in
1699 551 1795 589 no—
1819 537 1870 600 Α
1898 533 2019 588 tabo
2045 534 2102 588 in
2129 534 2318 602 illis-,et
2341 536 2678 592 inambulabo
2699 535 2787 608 (II
2809 538 2933 594 Cor.
2956 538 3054 612 vr),
3082 550 3284 612 quanto
3305 545 3478 616 magis

136 611 308 668 asine
335 611 568 686 Patris,
598 628 648 674 et
681 617 829 687 Filii,
856 630 905 675 et
932 620 1158 692 Spiritus
1203 626 1398 689 sancti,
1438 625 1678 682 docentes
1703 642 1789 684 eos
1893 622 1950 680 in
1977 625 2203 695 angelis,
2230 627 2325 695 qui
2365 627 2486 685 sine
2522 637 2746 698 peccato
2789 633 2946 687 sunt!
2991 611 3306 705 Ipsiiitaque
3350 611 3478 693 sunt

137 717 394 764 seruare
454 727 785 782 quiscunque
826 714 1071 770 mandavi
1121 715 1262 770 vobis
1317 715 1528 786 (Matth.
1572 718 1785 788 xxvut),
1893 718 2149 787 templum
2192 717 2312 784 Dei,
2341 721 2470 790 quia
2497 722 2554 776 in
2584 721 2700 790 ejus
2756 731 2883 779 sunt
2919 722 3122 796 jugitcr
3147 729 3476 800 contempla-

138 804 335 854 acuta
371 809 480 856 est
509 801 641 868 falx,
658 804 784 873 quia
808 804 1064 862 velociter
1087 807 1363 864 hominem
1388 823 1421 863 a
1447 808 1678 864 terrenis
1695 808 1792 865 de-
1893 811 2056 867 tione.
2087 812 2267 866 Exibit
2298 828 2426 885 ergo
2471 817 2538 869 de
2581 817 2791 886 templo,
2817 819 2962 887 quod
2987 819 3152 875 est-in
3179 821 3336 887 cosio,
3363 839 3474 882 non

139 887 401 983 sideriis
425 901 493 948 et
516 894 773 950 societate
802 896 1065 952 malorum
1095 907 1333 968 separat.
1891 918 2000 972 quo
2028 921 2056 957 a
2083 906 2538 974 contemplatione
2559 909 2873 978 angelorum
2894 911 3198 977 recederet,
3219 913 3328 968 sed‘
3346 915 3473 983 quia

230 981 310 1035 Et
345 983 509 1040 alter
537 987 752 1057 angelus
790 990 943 1044 exivit
974 990 1038 1044 de
1069 990 1277 1061 templo.
1320 988 1439 1060 Ipse
1479 991 1789 1061 designatur
1889 998 2214 1052 assumenda
2231 1013 2472 1065 carnem,
2492 1001 2802 1056 hominibus
2819 1003 3049 1058 visibilis
3069 1006 3337 1074 apparuit.
3357 981 3474 1062 Ila.

137 1087 254 1142 per
279 1075 547 1134 alterum
573 1080 844 1150 angelum,
865 1083 957 1152 qui
983 1091 1036 1138 et
1058 1098 1155 1152 per
1180 1084 1436 1153 primum,
1459 1084 1510 1138 id
1531 1093 1614 1140 est
1633 1084 1789 1139 Chri-
1890 1087 2083 1141 bens'et
2108 1089 2215 1157 ipse
2234 1089 2421 1159 falcem
2443 1101 2674 1155 acutam,
2699 1091 2751 1145 id
2772 1102 2856 1146 est
2871 1093 3213 1162 judiclariam
3234 1102 3474 1164 potesta-

138 1174 300 1229 stus,
333 1170 446 1225 sed
470 1180 697 1242 propter
716 1173 960 1230 ordinem
980 1174 1246 1230 visionum
1266 1175 1466 1230 dicitur
1483 1175 1640 1239 alter,
1663 1191 1784 1230 cum
1887 1185 2018 1244 tem,
2032 1179 2158 1247 quia
2172 1177 2334 1234 Pater
2357 1196 2458 1234 non
2475 1180 2682 1250 judicat
2697 1188 3028 1253 quemquam,
3046 1185 3136 1237 sed
3153 1185 3473 1255 omnejudi-

139 1257 308 1318 idem
343 1261 454 1314 sit.
487 1260 663 1316 Exibit
691 1263 755 1317 de
785 1262 996 1333 templo,
1028 1264 1132 1318 hoc
1155 1275 1256 1329 est,
1297 1264 1364 1319 de
1399 1279 1494 1319 sua
1532 1265 1786 1320 invisibili
1886 1268 2025 1320 ciam
2045 1268 2188 1321 dedit
2210 1267 2650 1339 Filio(Joan.v).
2672 1271 2768 1326 Vel
2793 1272 2936 1326 sicut
2951 1273 3154 1328 dictum
3177 1283 3278 1338 cst,
3311 1277 3365 1328 in
3389 1275 3471 1329 fae-

137 1350 500 1420 majestate,
530 1357 746 1425 quando
786 1354 1005 1409 Verbum
1034 1373 1159 1411 caro
1194 1356 1394 1426 factum
1431 1366 1527 1421 est,
1557 1366 1605 1409 et
1632 1356 1784 1410 habio
1885 1360 1974 1414 cie
1994 1371 2151 1414 acuta
2182 1362 2498 1430 praedicatio
2525 1362 2840 1434 intelligitur
2857 1380 3114 1433 superna,
3139 1382 3260 1436 qua:
3279 1367 3472 1424 dividit

134 1445 284 1499 tavit
317 1447 384 1500 in
415 1447 572 1502 nobis
609 1447 787 1517 (Joan.
821 1447 882 1515 ι),
916 1449 1064 1517 quia,
1100 1463 1222 1502 cum
1250 1453 1395 1503 esset
1423 1447 1704 1502 invisibilis
1727 1449 1781 1502 in

138 1551 252 1590 sua
289 1547 538 1603 natura,
566 1538 776 1608 accepit
802 1553 1018 1593 carnem
1055 1546 1111 1592 et
1143 1538 1382 1592 animam
1411 1538 1464 1592 in
1493 1547 1648 1594 utero
1673 1538 1783 1593 vir-

139 1628 362 1696 ginali,
417 1637 482 1683 et
523 1629 702 1684 factus
739 1638 822 1684 est
861 1629 1090 1686 visibilis
1137 1630 1190 1684 in
1231 1637 1416 1684 nostra
1455 1629 1775 1684 substantia.

140 1715 300 1771 Hinc
331 1717 642 1788 Apostolus
670 1718 746 1772 ait
776 1736 788 1772 :
822 1718 926 1784 Qui
951 1736 1071 1774 cum
1094 1721 1147 1774 in
1173 1719 1466 1788 forma'Dei
1493 1729 1644 1784 esset,
1670 1721 1780 1774 exi-

142 1807 377 1860 rtanivit
410 1808 772 1877 semetipsum,
805 1807 974 1876 factus
1001 1809 1242 1864 obediens
1273 1826 1435 1880 usque
1463 1810 1532 1862 ad
1559 1820 1777 1866 mortem

1881 1461 2096 1521 patrem
2121 1467 2150 1506 a
2180 1452 2314 1518 ﬁlio,
2331 1461 2399 1508 .et
2425 1452 2593 1508 ﬁlium
2618 1469 2648 1509 a
2673 1464 2850 1524 patre,
2881 1466 3012 1522 etc.,
3043 1458 3184 1513 sicut
3209 1459 3264 1514 in
3287 1460 3460 1515 Evan-

1883 1541 2024 1611 gelio
2045 1543 2304 1598 Dominus
2323 1544 2474 1609 dicit,
2500 1545 2551 1598 id
2577 1553 2661 1599 est
2693 1547 2949 1615 reprobus
2971 1559 3001 1600 a
3039 1547 3216 1602 bonis.

1882 1657 1890 1660 ··
1954 1633 2023 1690 Et
2049 1634 2192 1688 alius
2213 1635 2430 1705 angelus
2455 1637 2610 1690 exivit
2639 1638 2704 1691 de
2730 1637 2908 1691 altari.
2931 1639 3033 1704 Qui
3054 1639 3198 1694 enim
3222 1641 3469 1710 superior

1881 1734 1994 1792 est,
2043 1727 2160 1796 ipse
2197 1727 2512 1799 designatur
2552 1737 2607 1785 et
2652 1745 2749 1798 per
2798 1732 2941 1784 hunc
2975 1731 3252 1800 angelum,
3285 1733 3336 1788 id
3382 1743 3468 1790 est

1879 1819 2130 1875 Christus
2175 1821 2400 1876 nuntios
2430 1830 2667 1890 paternae
2713 1822 3024 1877 voluntatis.
3055 1823 3240 1878 Altare
3283 1834 3466 1881 autem

139 1893 400 1966 (I’hilip.
424 1899 512 1968 ιι).
537 1899 606 1953 Et
627 1899 742 1968 ipse
763 1899 1021 1956 Dominus
1044 1917 1058 1954 :
1089 1899 1242 1954 Exivi
1263 1918 1295 1954 a
1317 1900 1565 1966 Patre,“
1587 1903 1700 1956 ueni
1721 1903 1775 1958 in
1805 1921 1851 1983 Β
1880 1912 1994 1982 ipse
2019 1919 2124 1977 est,
2152 1911 2246 1983 qui
2270 1920 2324 1966 et
2354 1912 2616 1981 pontifex,
2653 1912 2903 1968 Christus
2931 1913 3157 1979 scilicet,
3189 1930 3286 1984 per
3303 1930 3466 1984 quem

142 1990 437 2044 mundum
457 1990 638 2062 (Joan.
649 1991 1066 2063 xvi).Templum
1082 1993 1279 2062 quippe
1294 1993 1469 2058 Patris
1487 2001 1570 2048 est
1583 1993 1771 2060 Filius,

141 2088 205 2135 et
251 2081 537 2151 templum
560 2084 721 2142 Verbi
755 2085 870 2154 ipse
899 2086 1060 2140 homo
1080 2095 1412 2156 assumptus,
1434 2095 1490 2140 et
1519 2086 1773 2156 templum

141 2170 346 2232 Patris
377 2183 443 2228 et
457 2174 577 2229 Filii
603 2176 868 2242 Ecclesia,
884 2178 950 2232 de
969 2191 1077 2247 qua
1100 2177 1302 2235 Paulus
1322 2179 1482 2234 dicit:
1505 2177 1774 2249 Templum

142 2260 254 2318 Dei
278 2273 540 2319 sanctum
563 2275 638 2320 est
659 2267 798 2338 quod
824 2269 948 2326 estis
975 2285 1063 2323 vos
1079 2267 1133 2341 (Ι
1163 2267 1286 2324 Cor.
1314 2269 1418 2334 ut).
1441 2269 1620 2326 Exivit
1645 2285 1775 2341 ergo

143 2353 220 2412 de
243 2357 492 2426 templo,
516 2361 732 2428 quando
753 2361 980 2416 visibilis
1007 2363 1078 2416 ad
1104 2363 1371 2420 humanos
1388 2364 1589 2434 prodiit
1615 2379 1774 2436 aspe-

143 2453 298 2502 ctus.
348 2446 610 2502 Clamans
638 2467 758 2506 voce
779 2467 970 2520 magna
999 2453 1068 2505 ad
1095 2453 1358 2512 sedentem
1381 2469 1540 2524 super
1562 2455 1769 2511 nubem.

141 2537 206 2596 In
242 2541 359 2605 hoc
389 2539 518 2605 loco
548 2543 639 2611 qui
674 2543 990 2614 designatur
1030 2559 1128 2613 per
1171 2545 1401 2611 nubem,
1441 2546 1556 2614 ipse
1589 2555 1644 2600 et
1677 2562 1774 2616 per

147 2635 452 2690 sedentem
493 2651 658 2705 supra
693 2637 912 2692 nubem.
951 2636 1048 2694 Est
1083 2637 1228 2692 enim
1263 2651 1432 2708 genus
1466 2639 1520 2700 in
1553 2654 1768 2710 genere,

147 2724 301 2782 sicut
325 2726 709 2795 supradictum
739 2734 822 2780 est
849 2727 916 2781 de
943 2742 1070 2781 arca
1100 2726 1212 2781 Noe
1236 2737 1292 2782 et
1319 2736 1444 2783 octo
1463 2730 1766 2786 animabus.

145 2813 371 2877 Sedens
401 2829 544 2886 ergo
570 2830 729 2884 supra
761 2814 978 2880 nubem,
997 2816 1244 2870 Ecclesia
1272 2826 1359 2872 est
1392 2818 1445 2873 in
1489 2819 1601 2874 suis
1626 2835 1766 2888 pnus

135 2905 532 2971 dictatoribus,
575 2909 644 2961 ad
683 2921 820 2975 quos
862 2906 1101 2975 loquitur
1130 2905 1378 2963 Christus
1404 2909 1769 2978 prmcipiendo

133 2996 333 3052 dicens
370 3014 384 3050 :
447 2997 596 3051 Mitte
629 2996 820 3066 falcem
848 3006 992 3051 tuam
1027 3007 1260 3062 acutam,
1302 2998 1354 3054 id
1391 3009 1475 3054 est
1504 2999 1768 3068 praedica-

137 3091 352 3148 tionem
383 3091 644 3145 divinam
664 3090 716 3143 in
730 3087 963 3144 Judaeos.
989 3088 1102 3145 Hoc
1118 3098 1204 3144 est
1221 3090 1366 3144 enim
1385 3091 1526 3158 quod
1553 3090 1668 3158 ipse
1690 3090 1770 3148 eis

141 3184 278 3240 dicit
303 3201 318 3238 :
354 3182 380 3237 I
393 3193 460 3236 te
491 3191 698 3235 tantum
723 3181 792 3234 ad
818 3197 935 3236 oves
955 3198 1072 3252 quia
1099 3182 1367 3250 perierunt
1391 3180 1577 3235 domus
1601 3180 1771 3234 Israel

1875 2020 2101 2060 munera
2152 2013 2339 2060 nostra
2387 2006 2500 2059 Deo
2535 2005 2683 2059 Patri
2733 2006 3016 2076 dirigimus
3067 2015 3311 2076 petentes
3366 2022 3467 2066 nos

1873 2095 2117 2152 exaudiri
2147 2108 2246 2164 per
2277 2093 2574 2150 Christum.
2608 2093 2810 2149 Omnes
2847 2109 3062 2164 quoque
3091 2093 3248 2150 electi
3295 2095 3466 2152 altare

1873 2195 2018 2251 sunt,
2049 2186 2246 2255 quibus
2271 2185 2560 2255 Apostolus
2590 2185 2719 2241 dicit
2753 2203 2766 2239 :
2795 2184 3021 2240 Obsecro
3051 2201 3139 2240 vos
3177 2202 3270 2254 per
3304 2187 3464 2240 raise-

1874 2278 2157 2334 ricordiam
2188 2276 2284 2332 Dei
2301 2289 2324 2342 ,‘
2348 2287 2405 2332 ut
2451 2276 2736 2332 exhibeatis
2776 2294 2996 2348 corpora
3038 2286 3208 2332 vestra
3238 2277 3464 2331 hostiam

1872 2373 2154 2436 uirentem,
2184 2379 2443 2434 sanctam,
2482 2368 2594 2424 Deo
2639 2368 2926 2438 placentem
2966 2367 3140 2436 (Rom.
3191 2367 3310 2438 xu).
3354 2366 3464 2422 An-

1872 2463 2026 2534 gelus
2053 2463 2239 2532 itaque
2259 2462 2426 2518 exivit
2459 2462 2526 2519 de
2551 2461 2745 2526 altari,
2779 2461 2834 2516 id
2855 2470 2943 2516 est
2980 2459 3230 2515 Christus
3254 2460 3462 2516 electus

1871 2563 1956 2610 est
1990 2555 2340 2626 singulariter
2369 2555 2622 2624 princeps
2664 2567 2731 2606 ex
2774 2553 2922 2607 omni
2949 2552 3294 2622 multitudine
3335 2550 3466 2605 [ideo

1871 2644 2022 2710 lium.
2047 2644 2150 2710 Qui
2169 2645 2323 2700 habet
2345 2653 2651 2713 potestatem
2674 2659 2830 2712 super
2848 2643 3039 2712 ignem.
3065 2641 3206 2712 Ignis
3229 2639 3464 2709 Spiritus

1871 2744 2090 2793 sanctus
2115 2743 2218 2798 est,
2249 2733 2318 2789 de
2345 2749 2453 2804 quo
2479 2733 2740 2787 Dominus
2773 2732 2904 2786 dicit
2930 2749 2944 2787 :
2977 2731 3160 2801 Ignem
3196 2731 3310 2800 uerti
3339 2730 3462 2783 mit-

1870 2836 1976 2878 tere
1997 2827 2053 2878 in
2071 2833 2267 2876 terram
2285 2821 2440 2892 (Luc.
2457 2821 2578 2890 xu).
2597 2820 2698 2887 Qui
2721 2820 2886 2876 etiam
2907 2835 3070 2888 super
3080 2818 3280 2873 electos
3296 2818 3350 2871 in
3368 2818 3464 2872 lin-

1870 2915 1989 2984 guis
2011 2913 2184 2984 igneis
2204 2911 2500 2967 descendit.
2520 2910 2671 2965 Unde
2691 2910 2885 2964 merito
2910 2909 3172 2978 quaeritur
3193 2909 3464 2979 quomodo

1869 3003 2110 3070 angelus,
2143 3001 2237 3070 qui
2272 2999 2460 3068 utique
2487 2997 2736 3053 Christus
2769 2997 3106 3066 intelligitur,
3139 3004 3460 3066 potestatem

1869 3095 2067 3152 habeat
2088 3106 2249 3166 super
2268 3090 2470 3160 ignem,
2503 3088 2556 3142 id
2584 3096 2668 3142 est
2700 3102 2862 3156 super
2887 3085 3148 3156 Spiritum
3184 3094 3453 3152 sanctum,

1870 3201 1994 3241 cum
2051 3185 2211 3239 unius
2263 3181 2578 3237 substantia:
2641 3179 2713 3234 sit
2771 3193 2893 3234 cum
2939 3178 3099 3232 Patre
3150 3185 3204 3232 et
3256 3177 3462 3246 Spiritu

143 3275 371 3346 (Matth.
422 3272 590 3343 x).—
618 3272 686 3326 Et
702 3283 854 3338 mete,
879 3274 931 3328 id
951 3282 1035 3328 est
1055 3289 1246 3344 separa
1262 3272 1528 3328 Judaeosa
1551 3282 1766 3328 terreno
1795 3293 1838 3354 ρ
1870 3287 2078 3332 sancto.
2109 3274 2224 3330 Non
2251 3273 2509 3344 enimv(ut
2533 3271 2776 3326 haeretici
2806 3269 3012 3339 dicunt)
3041 3269 3184 3324 Deus
3215 3278 3369 3338 pater
3392 3285 3462 3324 ex

148 3383 316 3424 sensu
337 3366 439 3421 vel
463 3380 494 3420 a
519 3365 750 3420 terrenis
769 3365 1074 3430 desideriis,
1100 3379 1166 3419 ne
1180 3364 1293 3434 jam
1315 3364 1606 3419 carnaliter
1627 3364 1766 3418 acci-

150 3459 336 3532 piant:
357 3457 429 3512 Si
456 3455 720 3510 volueritis
743 3466 792 3509 et
815 3454 1090 3509 audieritis
1121 3471 1227 3519 me,
1249 3455 1384 3508 bona
1413 3463 1565 3508 terra:
1591 3471 1768 3508 come-

155 3546 456 3618 detis(lsa.
475 3544 765 3616 I).—-Quia
793 3545 924 3603 vertit
949 3555 1002 3598 ut
1025 3543 1156 3598 hora
1184 3543 1498 3609 metatur,id
1525 3551 1611 3598 est
1642 3552 1768 3598 tem-

157 3656 262 3715 pus
276 3639 428 3712 quod
448 3640 762 3709 praedictum
784 3648 866 3694 est
880 3655 978 3710 per
995 3655 1058 3694 os
1074 3640 1484 3710 prephetarum,
1497 3640 1639 3708 quod
1649 3638 1764 3708 jam

161 3732 348 3802 colligi
371 3731 534 3786 debet
560 3730 628 3784 ad
656 3731 992 3802 spiritualem
1023 3747 1242 3786 sensum
1271 3741 1336 3787 et.
1358 3732 1517 3786 Iidem
1539 3732 1762 3788 Christi.

163 3827 438 3894 Quoniam
483 3827 625 3878 aruit
664 3827 847 3881 messis
878 3836 1051 3890 teme,
1101 3827 1152 3879 id
1179 3835 1264 3880 est
1291 3836 1593 3895 praeparata
1639 3834 1767 3880 sunt

163 3917 338 3972 corda
363 3916 684 3984 populorum
706 3917 773 3970 ad
789 3917 1136 3981 credendum,
1153 3925 1209 3971 et
1234 3917 1354 3981 ideo
1379 3925 1588 3985 tempus
1606 3925 1690 3969 est
1709 3923 1768 3969 ut

166 4008 497 4065 excidantur
529 4025 561 4062 a
593 4019 757 4074 terra,
777 4017 831 4062 et
859 4009 1179 4079 colligantur
1201 4011 1268 4063 ad
1296 4009 1572 4076 ﬁdemDei
1593 4009 1768 4063 omni.-

164 4100 430 4173 potentis.
457 4101 534 4156 De
564 4102 667 4156 hac
689 4117 866 4157 messe
889 4103 1002 4174 ipse
1027 4103 1079 4156 in
1102 4101 1396 4173 Evangelio
1423 4103 1556 4157 dicit
1579 4120 1592 4155 :
1627 4099 1767 4156 Mes-

165 4194 241 4247 sis
263 4192 476 4264 quidem
505 4191 692 4258 multa,
722 4193 945 4263 operarii
974 4203 1151 4248 autem
1174 4193 1329 4264 pauci
1367 4192 1588 4263 (Matth.
1627 4193 1727 4263 1x).
1757 4241 1760 4243 .

244 4283 310 4337 Et
341 4284 505 4350 misit,
535 4284 624 4352 qui
653 4283 864 4340 sedebat
887 4299 1044 4353 super
1067 4283 1276 4349 nubem,
1303 4282 1492 4353 falcem
1519 4299 1672 4337 suam
1707 4284 1765 4338 in

167 4385 367 4442 terram
387 4415 402 4441 ,
437 4375 562 4446 quia
601 4375 671 4430 ad
706 4389 892 4430 vocem
923 4374 1127 4431 Christi
1154 4382 1439 4444 cteperdnt
1467 4375 1763 4445 prmdicare

167 4468 371 4524 Judazis
420 4470 684 4540 primum,
735 4484 1018 4541 quousque
1073 4468 1335 4539 ejicerent
1371 4484 1467 4525 eos
1497 4485 1528 4522 a
1564 4469 1762 4532 ﬁnibus

169 4564 305 4626 suis,
340 4561 481 4617 unde
520 4562 720 4619 Paulus
751 4571 808 4618 et
842 4562 1117 4617 Barnabas
1147 4563 1401 4618 dixerunt
1432 4563 1553 4618 eis:
1605 4562 1760 4618 Vobis

1871 3367 2146 3424 nonnullis
2191 3366 2352 3420 rebus
2379 3363 2800 3418 subsistentibus
2847 3359 3044 3414 Filium
3094 3360 3334 3428 creavit,
3367 3369 3462 3415 aut

1871 3461 2065 3516 iterum
2116 3461 2232 3530 ipse
2275 3459 2445 3520 Filius
2488 3456 2748 3528 Spiritum
2797 3462 3044 3510 sanctum
3099 3455 3364 3509 minorem
3402 3469 3463 3510 se

1869 3553 2074 3609 creavit
2101 3571 2115 3607 :
2148 3552 2273 3622 quia
2302 3564 2533 3620 quorum
2559 3563 2663 3601 una
2686 3555 2770 3602 est
2803 3546 2994 3610 deitas,
3040 3561 3147 3600 una
3187 3553 3271 3600 est
3296 3546 3462 3602 etiam

1867 3654 1921 3701 et
1947 3643 2184 3702 essentia
2221 3659 2235 3698 :
2274 3651 2331 3696 et
2363 3641 2483 3695 ideo
2513 3627 2674 3706 Pater
2704 3648 2760 3694 et
2789 3638 2958 3694 Filius
2985 3647 3039 3691 et
3068 3636 3304 3708 Spiritus
3331 3653 3458 3693 san-

1867 3747 1987 3794 etus
2017 3736 2179 3791 unius
2221 3733 2537 3790 substantia:
2578 3739 2722 3796 sunt,
2756 3730 2916 3784 unius
2951 3730 3238 3799 potestatis
3260 3737 3314 3786 et
3341 3743 3460 3798 mag

1860 3827 2093 3895 jestatis.
2122 3825 2228 3880 Sed
2261 3826 2313 3879 in
2337 3825 2442 3879 hoc
2462 3823 2629 3876 habet
2651 3822 2820 3876 Filius
2839 3821 2932 3874 Dei
2955 3830 3273 3890 potestatem
3297 3835 3460 3892 super

1868 3920 2070 3988 ignem,
2114 3916 2240 3985 quia
2290 3929 2450 3969 nemo
2493 3913 2808 3982 angelorum
2857 3921 2912 3965 et
2955 3913 3232 3966 hominum
3260 3913 3462 3982 accipit

1869 4008 2128 4077 Spiritum
2169 4013 2438 4071 sanetum,
2466 4003 2570 4057 nisi
2614 4017 2708 4072 per
2753 3992 2967 4056 Filium.
3003 4002 3156 4057 Unde
3197 4002 3310 4072 ipse
3337 4018 3460 4058 sur-

1865 4118 1998 4174 gens
2025 4119 2056 4156 a
2102 4098 2362 4164 mortuis,
2400 4097 2678 4168 insufflauit
2723 4106 2772 4149 et
2816 4095 2949 4149 dixit
2985 4095 3260 4164 discipulis
3293 4097 3404 4151 suis
3435 4115 3456 4154 :
3549 4140 3554 4146 .

1865 4196 2096 4265 Accipite
2123 4193 2381 4262 Spiritum
2402 4199 2646 4244 sanctum
2676 4188 2857 4260 (Joau.
2891 4188 3001 4258 xx).
3031 4189 3098 4242 Et
3123 4187 3248 4242 alibi
3282 4205 3296 4240 :
3331 4185 3457 4244 Nisi

1864 4303 1958 4357 ego
1987 4284 2162 4340 abiero
2181 4323 2196 4348 ,
2224 4280 2535 4336 Paracletus
2581 4296 2686 4333 non
2729 4279 2893 4334 veniet
2923 4278 2994 4332 ad
3040 4295 3128 4333 vos
3155 4297 3173 4335 :
3196 4280 3242 4332 si
3279 4287 3457 4335 autem

1865 4380 2061 4443 abiero,
2081 4378 2284 4434 mittam
2311 4391 2431 4430 cum
2456 4374 2523 4428 ad
2545 4390 2632 4428 vos
2659 4371 2838 4442 (Joau.
2871 4371 3003 4436 xw).
3025 4401 3093 4412 -—
3114 4369 3180 4424 Et
3203 4370 3455 4428 clamavit

1864 4488 1982 4528 voce
2011 4487 2204 4539 magna
2251 4468 2319 4521 ad
2347 4483 2465 4522 eum
2519 4466 2608 4542 qui
2639 4462 2860 4520 habebat
2889 4463 3076 4533 falcem
3114 4473 3322 4520 acutam
3341 4503 3356 4530 ,
3401 4464 3456 4520 id

1865 4572 1950 4619 est
1977 4563 2043 4618 ad
2072 4561 2315 4617 ordinem
2350 4557 2783 4628 praedicatorum,
2815 4556 2906 4625 qui
2932 4556 3134 4610 habent
3157 4555 3210 4609 in
3241 4571 3297 4610 se
3319 4556 3456 4612 divi?

166 4655 380 4727 quidem
424 4656 690 4726 oportebat
728 4656 958 4725 primum
1002 4654 1144 4726 loqui
1183 4654 1395 4710 verbum
1434 4654 1566 4721 Dei,
1614 4664 1755 4722 etc.,
1786 4656 1834 4715 D
1861 4668 1984 4708 nam
2009 4652 2470 4724 praedicationem,
2508 4648 2738 4703 dicens:
2775 4647 2925 4701 Mitte
2969 4646 3158 4716 falcem
3197 4656 3374 4713 tuam,
3404 4657 3453 4708 et

167 4751 320 4821 (Act.
349 4748 436 4820 v).
468 4779 541 4790 —
573 4748 640 4803 Et
684 4765 853 4804 messa
892 4760 967 4804 est
1019 4760 1182 4815 terra,
1214 4749 1270 4804 id
1295 4758 1380 4804 est
1401 4749 1610 4805 collecti
1633 4757 1758 4804 sunt

169 4855 396 4905 omnes,
460 4847 725 4909 quotquot
786 4839 1002 4894 fuerant
1065 4841 1412 4911 praeordinati
1465 4842 1533 4896 ad
1585 4841 1757 4896 vitam

172 4943 452 5000 teternam,
495 4935 564 4989 de
605 4935 801 5003 quibus
839 4934 951 5003 jam
1001 4936 1260 5005 scriptum
1309 4945 1395 4990 est
1431 4953 1444 4990 :
1491 4936 1553 4993 Si
1599 4937 1759 5006 fuerit

175 5043 420 5080 numerus
468 5026 700 5095 ﬁliorum
756 5025 926 5079 Israel
978 5029 1129 5096 quasi
1178 5043 1339 5081 arena
1385 5027 1581 5093 maris,
1632 5026 1757 5082 relis'»

173 5120 310 5188 quite
343 5117 501 5171 salua:
537 5117 662 5185 fient
700 5116 878 5188 (Rom.
910 5116 1008 5187 Ix).

245 5209 311 5262 Et
338 5209 475 5262 alius
504 5209 718 5278 angelus
745 5211 900 5263 exivit
933 5210 996 5263 de
1017 5209 1208 5279 templo
1231 5210 1373 5279 quod
1411 5220 1486 5264 est
1517 5210 1572 5263 in
1603 5208 1752 5264 calo.

175 5299 435 5370 Superius
479 5297 692 5352 dixerat
735 5314 780 5352 a-
807 5300 982 5369 gelum
1032 5301 1097 5355 de
1142 5299 1350 5370 templo
1381 5301 1579 5363 exisse,
1609 5313 1755 5355 nunc

176 5403 352 5445 autem
389 5389 482 5444 ubi
518 5389 622 5444 hoc
655 5390 908 5458 templum
955 5391 1129 5446 visum
1162 5390 1358 5456 fuerit,
1388 5392 1628 5446 indicare
1655 5406 1752 5445 cu-

179 5479 456 5552 ravit..llic
500 5493 714 5549 quoque
767 5479 989 5549 angelus
1020 5481 1270 5537 Christus
1314 5491 1417 5547 est,
1464 5497 1628 5551 porro
1667 5481 1755 5535 hic

175 5573 367 5628 coelum
399 5572 717 5642 simpliciter
741 5572 998 5627 debemus
1038 5575 1339 5644 intelligere
1367 5573 1754 5628 habitationem

177 5665 463 5731 mulorum,
493 5665 582 5720 ubi
613 5672 697 5721 est
747 5664 1029 5734 templum,
1062 5666 1113 5719 id
1150 5675 1234 5721 est
1262 5666 1432 5722 sancti
1463 5666 1664 5736 angeli.
1699 5666 1752 5719 in

181 5755 368 5825 quibus
411 5757 554 5812 Deus
599 5757 825 5812 habitat.
880 5755 938 5811 Si
963 5756 1106 5812 enim
1155 5758 1208 5812 in
1252 5759 1581 5823 hominibus,
1627 5756 1753 5812 licet

178 5847 564 5918 peccatoribus,
584 5847 828 5905 habitare
855 5849 1126 5920 dignatur,
1146 5849 1296 5920 juxta
1327 5851 1458 5906 illud
1484 5869 1495 5904 :
1532 5849 1750 5906 Iri/mbi-

1858 4743 2119 4798 vindemia
2135 4743 2310 4796 botros
2323 4740 2483 4794 uineae
2497 4747 2671 4800 term,
2685 4737 2934 4808 quoniam
2952 4747 3175 4792 matura:
3195 4748 3316 4791 sunt
3340 4754 3456 4792 uva:

1859 4838 1994 4908 ejus.
2022 4836 2178 4903 Quod
2218 4848 2383 4903 supra
2427 4847 2528 4903 per
2557 4839 2802 4886 maturas
2841 4837 3083 4900 segetes,
3131 4830 3236 4884 hoc
3281 4837 3336 4884 et
3365 4829 3456 4884 hic

1861 4940 1960 5000 per
2005 4929 2192 4983 botros
2235 4925 2407 4981 vineae
2447 4931 2606 4979 terras
2644 4923 2990 4993 designatur,
3035 4922 3088 4975 id
3133 4931 3221 4975 est
3264 4934 3454 4974 omnes

1864 5019 2070 5074 ﬁdeles.
2098 5016 2321 5071 Matura:
2352 5023 2476 5071 sunt
2499 5030 2616 5069 uvae
2641 5014 2775 5084 ejus,
2807 5013 2861 5067 id
2891 5022 2975 5068 est
3013 5012 3302 5081 prteparati
3325 5020 3455 5066 sunt

1861 5108 2046 5180 populi
2073 5108 2140 5162 ad
2171 5105 2521 5162 credendum.
2560 5105 2712 5160 Tunc
2739 5103 2996 5174 prmoepit
3035 5103 3138 5158 hoc
3171 5102 3448 5166 Dominus,

1857 5201 2076 5274 quando
2114 5207 2238 5270 post
2275 5197 2727 5253 resurrectionem
2775 5211 2929 5250 suam
2975 5208 3244 5265 apparens
3290 5194 3451 5248 disci-

1857 5293 1997 5366 pulis
2025 5293 2158 5358 suis,
2189 5291 2268 5346 ait
2294 5291 2401 5346 illis
2429 5307 2441 5343 :
2473 5288 2574 5354 Ite,
2607 5289 2787 5343 docete
2820 5303 2996 5341 omnes
3022 5295 3197 5356 gentes
3229 5284 3450 5355 (Matth.

1859 5383 2056 5455 xxvu),
2083 5391 2190 5439 etc.

1929 5476 1999 5530 Et
2027 5476 2166 5531 misit
2194 5472 2413 5545 angelus
2447 5473 2634 5543 falcem
2656 5488 2806 5526 suam
2837 5472 2891 5524 in
2916 5481 3131 5524 terram.
3165 5466 3297 5534 Quia
3326 5483 3450 5536 pro-

1855 5573 1984 5628 fecti
2025 5571 2458 5642 praedicaverunt
2499 5567 2716 5637 ubique.
2761 5565 2828 5618 Et
2890 5562 3220 5618 vindemiavit
3275 5559 3449 5614 botros

1856 5666 2018 5719 vinem
2041 5676 2212 5718 teme.
2229 5662 2284 5716 ld
2307 5672 2385 5718 es'
2398 5702 2412 5726 ,
2432 5661 2678 5715 homines
2689 5675 2718 5713 a
2741 5667 2958 5712 terreno
2971 5669 3131 5712 sensu
3146 5661 3202 5706 et
3216 5651 3449 5720 pristino

1853 5754 2127 5826 separavit
2152 5768 2366 5817 errore,
2397 5758 2454 5806 et
2482 5749 2674 5805 unitati
2715 5747 2838 5804 ﬁdei
2879 5743 3178 5812 conjunxit.
3209 5740 3277 5794 Et
3307 5740 3449 5794 misit

1853 5850 1910 5902 in
1955 5848 2126 5904 lacum
2155 5849 2251 5903 ire
2280 5845 2374 5901 Dei
2403 5859 2670 5915 magnum.
2709 5841 2847 5909 Quid
2876 5855 2974 5911 per
2993 5837 3189 5904 locum,
3220 5834 3356 5902 sive,
3389 5839 3452 5888 ut
