3972 6462
515 418 659 480 HIS

986 412 1345 475 HAYMONIS
1383 407 1866 467 HALBERSTAT.
1907 408 2122 467 EPlSC.
2163 410 2324 469 ΟΡΡ..
2355 409 2540 468 PARS
2578 409 2619 466 l.
2651 441 2724 452 —-
2755 407 3112 469 COMMENT.
3152 405 3325 467 BlBL.

517 543 622 598 alia
655 539 934 596 translatio
973 536 1173 599 habet,
1203 531 1461 596 torcular,
1489 528 1835 600 intelligitur,
1867 530 1972 585 nisi
2002 546 2102 584 an-
2129 533 2182 592 Α
2207 531 2262 585 in
2293 531 2594 587 Dominicis
2622 532 3011 603 promptuariis
3037 551 3051 587 :
3088 541 3144 588 et
3171 533 3374 589 dicitur
3405 531 3498 588 de
3539 529 3835 600 sanguine.

519 634 698 709 gustia
725 633 973 686 humanae
997 622 1376 684 tribulationis,
1404 621 1457 676 in
1481 635 1586 691 qua
1606 633 1796 709 omnes
1820 620 2107 709 mittuntur

520 708 648 781 honi
677 730 733 776 et
759 717 924 772 mali?
949 715 1008 770 In
1049 714 1152 769 hac
1191 711 1538 767 tribulatione
1579 708 1751 763 sancti
1789 708 2110 762 triturantur

522 824 778 884 tanquam
812 815 1044 877 segetes,
1071 813 1134 860 ut
1160 819 1190 859 a
1214 803 1386 874 paleis
1440 807 1760 872 separentur
1787 808 1843 854 et
1870 798 2108 854 celesti-

521 906 624 962 bus
660 899 872 957 horreis
907 895 1289 953 recondantur.
1320 893 1646 948 Tunduntur
1667 891 1832 946 etiam
1870 889 2110 946 calcibus

521 1004 779 1063 tanquam
801 1003 921 1045 uvae
944 988 996 1042 in
1027 986 1201 1058 prelo,
1225 993 1336 1040 uta
1363 982 1590 1038 vinaciis
1609 981 1869 1052 expressi,
1894 982 2112 1037 :eternis

521 1082 914 1158 promptuariis
955 1079 1318 1136 includantur.
1359 1075 1505 1130 Misit
1543 1089 1672 1146 ergo
1713 1073 1908 1140 falcem
1929 1081 1984 1127 et
2011 1073 2111 1128 bo-

523 1186 639 1233 tros
666 1189 800 1245 quos
827 1169 1201 1233 vindemiavit,
1230 1168 1284 1221 in
1313 1165 1488 1220 lacum
1507 1205 1522 1230 ,
1569 1164 1695 1234 quia
1728 1162 1894 1218 missa
1923 1171 2112 1218 sancta

524 1267 765 1325 Ecclesia
787 1262 1174 1335 praedicatione
1196 1274 1311 1324 eos,
1337 1272 1476 1328 quos
1503 1271 1532 1310 a
1569 1263 1784 1314 terreno
1814 1269 2002 1310 amore
2030 1251 2115 1306 vel

521 1359 756 1431 pristino
782 1369 968 1411 errore
995 1350 1296 1422 separavit,
1319 1347 1530 1419 magnis
1557 1345 1989 1401 tribulationibus
2011 1353 2116 1399 tra-

524 1452 693 1515 didit,
733 1449 931 1520 quibus
979 1443 1302 1500 tribulantur
1341 1442 1409 1496 ab
1458 1439 1665 1510 impiis,
1714 1448 1772 1494 et
1805 1437 2116 1510 atiliguntur

525 1544 741 1599 diverso
767 1540 945 1596 modo.
991 1537 1129 1592 Hinc
1167 1534 1457 1606 Apostolus
1488 1530 1810 1588 dicit.:-Non
1834 1541 1956 1587 sunt
1992 1548 2116 1586 con-

525 1635 699 1703 digna:
744 1631 1009 1701 passiones
1054 1627 1212 1698 hujus
1257 1625 1501 1695 temporis
1530 1622 1864 1693 adfuturam
1892 1622 2116 1694 gloriam

527 1722 707 1786 (Rom.
744 1720 894 1792 vm);
925 1728 982 1776 et
1010 1718 1136 1774 alibi
1165 1734 1177 1768 :
1209 1715 1425 1788 Oportet
1466 1732 1560 1768 nos
1601 1730 1693 1785 per
1729 1713 1921 1769 multas
1949 1714 2116 1768 tribu-

527 1815 748 1883 latioues
797 1814 1016 1870 introire
1059 1813 1112 1866 in
1164 1827 1378 1881 regnum
1400 1809 1516 1864 Dei.
1552 1809 1727 1865 Lacus
1773 1809 1867 1864 ira
1899 1809 1997 1865 Dei
2035 1809 2117 1865 di-

2207 622 2296 692 qni
2333 622 2610 692 egreditur
2645 624 2713 678 de
2754 623 3050 689 labruscis,
3099 623 3184 679 vel
3227 622 3595 679 hiemalibus
3643 621 3744 694 (ut
3779 622 3835 679 ita

2209 712 2472 784 dicamus)
2518 715 2771 779 racemis,
2816 715 2882 770 de
2924 713 3172 784 reprohis
3219 714 3480 779 scilicet,
3536 714 3653 784 qui
3690 715 3837 769 simul

2209 803 2364 858 mixti
2392 819 2512 859 cum
2546 805 2667 860 uvis
2693 821 2800 861 non
2827 807 3154 876 perveniunt
3177 808 3244 862 ad
3281 807 3727 872 maturitatem,
3755 809 3834 864 sed

2211 895 2388 964 aliqua
2419 895 2766 953 tribulatione
2802 898 2964 964 tacti,
3007 898 3090 954 vel
3126 899 3558 969 persecutionis
3593 903 3830 970 angustia

2211 987 2436 1056 gravati,
2459 988 2716 1043 continuo
2741 988 3002 1044 recedunt
3026 1005 3056 1044 a
3089 988 3232 1047 ﬁde:
3269 1000 3326 1046 et
3352 991 3642 1062 perﬁdia
3663 1005 3832 1047 errore

2212 1074 2430 1141 infecti,
2467 1076 2612 1133 foras
2643 1078 2970 1134 delabuntur
2998 1097 3011 1134 :
3039 1090 3202 1150 atque
3247 1081 3372 1136 ideo
3419 1092 3608 1136 extra
3659 1084 3830 1138 civita-

2213 1174 2319 1219 tem
2348 1165 2544 1221 calcari
2575 1167 2850 1234 dicuntur,
2893 1171 3334 1240 permanentibus
3380 1173 3608 1228 electis
3653 1174 3828 1230 intrin-

2213 1269 2370 1310 secus
2406 1255 2531 1312 vino
2573 1256 2692 1312 ﬁdei
2719 1258 2997 1315 debriatis.
3025 1259 3174 1316 Talis
3209 1261 3311 1315 fuit
3347 1261 3747 1334 Porphyrius,
3779 1275 3824 1321 ιι

2214 1345 2369 1400 multi
2391 1345 2503 1411 alii,
2534 1348 2626 1416 qui
2653 1348 3122 1418 persecutionibus
3150 1360 3486 1417 cesserunt,
3519 1355 3825 1410 recedentes

2216 1449 2248 1489 a
2287 1433 2390 1490 ﬁde
2417 1434 2641 1502 Christi,
2684 1443 2741 1491 et
2765 1436 2896 1494 facti
2935 1440 3173 1509 reprobi.
3216 1440 3286 1494 Et
3325 1442 3474 1510 quia
3535 1441 3650 1496 tuli
3684 1445 3821 1500 modo

2216 1542 2324 1581 non
2368 1527 2544 1583 solum.
2582 1528 2792 1583 minimi
2822 1529 3055 1600 quique,
3084 1532 3180 1586 sed
3207 1531 3394 1586 etiam.
3417 1532 3720 1602 principes
3739 1549 3818 1604 pe-

2218 1626 2403 1684 reunt,
2454 1629 2602 1676 recte
2648 1621 2916 1687 subditur,
2964 1638 3126 1693 usque
3177 1624 3246 1677 ad
3302 1625 3504 1692 frenos
3560 1643 3812 1697 manu.

2217 1707 2324 1764 Per
2349 1723 2518 1778 equos
2557 1710 2706 1765 enim
2743 1711 3006 1782 subjecti,
3038 1727 3134 1782 per
3161 1712 3350 1769 [miros
3376 1729 3533 1770 vero
3564 1717 3813 1788 priocips

2220 1799 2592 1873 intelliguntur
2631 1809 2688 1856 et
2721 1801 2946 1870 praelati,
2973 1803 3066 1872 qui
3094 1803 3230 1859 alios
3258 1820 3465 1875 regem
3511 1809 3806 1870 debuerant,

526 1909 685 1971 citur,
721 1909 844 1978 quia
892 1914 1114 1978 propter
1157 1912 1379 1974 peccata
1418 1903 1699 1958 hominum
1735 1903 1853 1958 ista:
1891 1903 2116 1959 tribula—
2141 1882 2190 1944 Β
2217 1894 2396 1965 qualis
2438 1894 2540 1949 filii
2587 1893 2834 1952 Julianus
2877 1906 3122 1967 apostala
3169 1907 3227 1952 et
3273 1899 3620 1970 imperator,
3674 1918 3733 1957 ac
3773 1907 3809 1956 si

526 1998 703 2054 tiones
725 2007 976 2070 aguntur.
1001 1995 1112 2051 Nisi
1137 1994 1280 2049 enim
1294 1994 1502 2065 primus
1522 1995 1706 2059 homo,
1730 1993 1782 2047 in
1799 2006 1905 2063 quo
1925 2008 2116 2050 omnes

522 2098 915 2160 peccaverunt.
965 2094 1277 2159 peccasset,
1307 2101 1466 2141 nemo
1509 2086 1811 2142 hominum.
1837 2087 1892 2142 in
1937 2086 2116 2143 lacum

525 2183 852 2246 mitteretur,
883 2181 935 2234 id
961 2188 1068 2243 est,
1101 2194 1260 2234 nemo
1287 2178 1385 2232 has
1408 2179 1811 2234 tribulationum
1837 2177 2120 2248 angustias

523 2275 837 2328 sustineret.
870 2272 976 2327 Sed
1018 2282 1304 2343 postquam
1331 2272 1598 2343 peccavit,
1627 2271 1830 2340 ejectus
1853 2269 1922 2325 de
1950 2283 2116 2340 para-

525 2365 675 2428 diso,
710 2364 910 2419 missus
938 2371 1024 2418 est
1073 2363 1126 2418 in
1171 2363 1350 2419 lacum
1400 2361 1783 2418 tribulationis.
1821 2359 1924 2428 Qui
1965 2360 2120 2417 lacus

525 2472 750 2527 magnus
788 2455 987 2510 dicitur
1025 2465 1250 2527 propter
1281 2455 1620 2511 amarissima
1657 2453 1953 2514 electorum
1997 2462 2117 2509 tore

526 2555 728 2609 menta,
755 2546 950 2616 quibus
971 2545 1279 2617 aﬂliguntur
1306 2547 1360 2602 in
1388 2545 1640 2617 praesenti
1661 2546 1792 2599 vita.
1817 2545 1947 2612 Qua:
1967 2545 2120 2601 enim

532 2637 707 2707 major
734 2655 986 2710 pressura
1017 2639 1278 2709 angustiae
1298 2649 1353 2691 et
1381 2637 1744 2693 tribulationis
1768 2651 1890 2708 esse
1912 2645 2115 2708 potest,

525 2744 688 2798 quam
723 2729 1044 2798 cruciﬁgere
1071 2729 1367 2791 homiuern,
1391 2738 1450 2782 ut
1477 2728 1668 2782 Petrus
1689 2737 1771 2782 est
1793 2728 2115 2784 cruciﬁxus?

523 2821 748 2876 ustulari
773 2862 786 2886 ,
819 2828 876 2874 ut
909 2821 1266 2876 Laurentius?
1290 2821 1544 2892 Aliligunt
1583 2837 1711 2892 ergo
1752 2823 1934 2892 injusti
1975 2831 2114 2876 tem-

521 2911 783 2983 poraliter
822 2911 1034 2980 justas,
1082 2919 1142 2966 ut
1183 2913 1296 2968 sint
1350 2897 1548 2982 quibus
1593 2914 1735 2968 Deus
1803 2913 2114 2970 misericors

519 3011 708 3077 postea
745 3004 796 3058 in
823 3014 1081 3060 aeternum
1105 3020 1330 3074 parcere
1352 2991 1541 3074 possit.

593 3095 663 3150 Et
687 3095 918 3151 calcatus
949 3105 1027 3151 est
1059 3096 1215 3151 lacus
1243 3108 1391 3152 extra
1427 3098 1706 3151 civitatem.
1740 3097 1844 3154 Per
1881 3098 1934 3153 id
1969 3098 2113 3166 quod

521 3190 784 3256 continet,
821 3189 948 3244 illud
993 3189 1358 3260 intelligamus
1397 3190 1540 3269 quod
1581 3191 1910 3256 continetur,
1949 3191 2000 3246 id
2029 3199 2111 3246 est

519 3294 621 3354 per
651 3281 849 3346 lacum,
877 3297 973 3337 eos
997 3281 1088 3351 qui
1117 3282 1171 3336 in
1206 3281 1324 3336 lacu
1358 3290 1502 3336 sunt.
1543 3281 1746 3338 Civitas
1769 3289 1950 3338 autem
1982 3282 2104 3350 ista,

519 3381 675 3427 extra
717 3388 880 3443 quam
919 3371 1111 3427 calcati
1137 3379 1280 3436 sunt,
1313 3371 1553 3427 Ecclesia
1583 3380 1685 3428 est.
1722 3373 1790 3428 Si
1813 3375 1997 3445 itaque
2028 3375 2110 3446 (ut

521 3461 888 3533 supradictum
928 3462 1033 3532 est)
1065 3462 1118 3516 in
1165 3460 1286 3516 lacu
1327 3462 1622 3528 tribulatio,
1656 3479 1762 3533 qua
1805 3472 1861 3519 et
1894 3467 2020 3521 boni
2054 3474 2112 3522 et

521 3550 648 3606 mali
698 3551 1044 3617 tribulantur,
1091 3552 1427 3623 intelligitur,
1472 3554 1602 3623 quid
1649 3563 1734 3610 est
1757 3555 1906 3625 quod
1948 3557 2111 3614 modo

526 3641 717 3697 calcati
753 3651 879 3696 sunt
917 3651 1068 3697 extra
1117 3643 1431 3698 civitatem?
1478 3643 1524 3699 si
1569 3644 1715 3699 enim
1751 3645 1868 3716 ipsa
1917 3647 2112 3705 civitas

526 3730 784 3793 calcatur,
811 3732 1080 3795 quomodo
1125 3739 1278 3787 extra
1321 3733 1597 3789 civitatem
1639 3735 1957 3793 calcantur?
2005 3738 2110 3795 Sed

526 3821 804 3876 sciendum
833 3831 940 3888 est,
971 3823 1096 3893 quia
1115 3823 1205 3878 hic
1234 3838 1263 3878 a
1284 3838 1483 3896 genere
1509 3825 1648 3880 redit
1674 3827 1741 3882 ad
1770 3829 2026 3900 speciem,
2058 3840 2114 3886 et

527 3916 766 3988 loquitur
807 3918 1147 3974 solummodo
1201 3934 1269 3975 ex
1321 3935 1553 3990 persona
1605 3920 1992 3990 reproborum,
2046 3921 2114 3978 de

525 4010 717 4078 quibus
751 4009 802 4062 in
829 4009 1178 4079 sequentibus
1203 4010 1357 4081 plura
1379 4012 1486 4065 erit
1511 4011 1754 4066 dicturus
1787 4030 1800 4065 :
1826 4013 1970 4082 quod
2003 4021 2115 4068 sta-

527 4105 619 4158 tim
662 4104 1061 4171 manifestatur,
1101 4121 1224 4161 cum
1266 4109 1554 4162 subditur:
1590 4107 1654 4160 Et
1699 4108 1855 4162 exivit
1899 4106 2114 4176 sanguis

525 4195 588 4250 de
619 4196 736 4249 lacu
763 4212 923 4267 usque
948 4196 1018 4250 ad
1041 4197 1217 4268 frenos
1245 4215 1517 4270 equorum.
1552 4199 1735 4254 Sancti
1767 4199 1912 4254 enim
1942 4199 2115 4268 pressi

527 4301 631 4340 non
655 4288 972 4357 sanguinem
999 4289 1064 4343 de
1085 4304 1142 4344 se
1166 4290 1414 4352 reddunt,
1434 4290 1526 4345 sed
1547 4289 1893 4360 purissimum
1906 4287 2112 4358 vinum,

527 4380 668 4447 quod
688 4379 740 4432 in
761 4380 1054 4436 Dominicis
1069 4381 1344 4452 apothecis
1367 4381 1695 4436 reconditur.
1714 4379 1944 4450 Reprobi
1963 4395 2113 4447 vero,

527 4472 652 4540 quia
686 4471 1010 4528 videbantur
1041 4475 1181 4528 intra
1203 4472 1498 4528 Ecclesiatn
1521 4487 1664 4536 csse,
1703 4481 1760 4528 et
1802 4486 1906 4528 non
1935 4484 2115 4540 erant,

527 4561 679 4616 missi
705 4563 757 4615 in
784 4563 980 4628 lacum,
1018 4563 1332 4633 sanguinem
1356 4562 1726 4628 reddiderunt,
1748 4562 1849 4618 hoc
1868 4571 1971 4628 est,
1995 4562 2116 4617 inﬁ-

529 4652 825 4707 delitatem.
850 4652 1082 4724 Sanguis
1113 4653 1257 4707 enim
1285 4652 1501 4707 diverso
1531 4653 1690 4708 modo
1719 4652 2036 4724 intelligitur
2058 4653 2112 4707 ἰιι

529 4757 686 4797 sacro
709 4741 923 4810 eloquio
941 4756 954 4794 :
971 4742 1261 4811 aliquando
1275 4742 1542 4812 signiﬁcat
1561 4743 1999 4813 propagationem
2022 4742 2114 4796 hu-

530 4849 704 4889 mana:
723 4833 944 4898 sobolis,
960 4843 1020 4888 ιιι
1043 4833 1114 4888 ibi
1135 4852 1147 4888 :
1165 4835 1428 4905 Quotquot
1448 4834 1780 4890 crediderunt
1797 4835 1852 4890 in
1873 4851 2011 4900 eum,
2027 4837 2118 4888 de-

528 4925 602 4978 dit
626 4927 700 4979 eis
736 4934 1042 4995 potestatem
1066 4924 1206 4994 ﬁlios
1246 4925 1340 4980 Dei
1367 4925 1503 4994 ﬁeri,
1520 4925 1608 4996 qui
1633 4942 1737 4980 non
1758 4942 1824 4980 ea:
1844 4927 2119 4996 sanguini-

531 5013 647 5079 bus,
665 5014 756 5068 sed
777 5030 843 5068 ea:
863 5013 974 5069 Deo
997 5016 1108 5069 nati
1127 5025 1248 5070 sunt
1274 5015 1460 5087 (Joau.
1491 5017 1553 5086 ι).
1582 5016 1884 5087 Aliquando
1905 5017 2116 5072 adulte-

531 5104 671 5159 rium
692 5113 744 5160 et
764 5106 1137 5174 homicidium,
1152 5116 1212 5163 ut
1237 5109 1332 5175 ibi,
1353 5107 1537 5163 Libera
1565 5125 1648 5164 me
1671 5109 1738 5164 de
1763 5109 2123 5181 sanguinibus,

531 5197 676 5253 Deus
687 5198 827 5253 Deus
842 5216 986 5254 meus
1008 5198 1180 5270 (Psat.
1199 5201 1276 5272 ι).
1291 5200 1595 5272 Aliquando
1606 5202 1766 5257 etiam
1789 5213 2006 5273 peccata
2021 5218 2129 5259 cre-

532 5299 669 5356 tera,
699 5301 759 5344 ut
797 5299 881 5346 est
911 5282 1040 5346 illud
1079 5307 1092 5345 :
1125 5289 1356 5363 Sanguis
1409 5293 1720 5362 sanguinem
1768 5293 1933 5363 tetigit
1977 5291 2127 5363 (Ose.

532 5380 634 5452 tv).
665 5381 896 5451 Sanguis
945 5382 1259 5453 sanguinem
1292 5382 1484 5455 tangit,
1530 5397 1655 5436 cum
1685 5390 1907 5452 peccato
1931 5397 2128 5454 pecca-

534 5482 650 5527 tum
701 5471 972 5541 adjicitur.
1002 5472 1308 5542 Aliquando
1334 5472 1706 5530 inﬁdelitatem
1726 5513 1742 5540 ,
1771 5482 1832 5528 ut
1854 5472 1962 5540 hic,
1990 5483 2047 5530 et
2071 5476 2126 5530 in

533 5564 741 5629 Exodo,
776 5579 898 5618 cum
918 5579 1072 5634 aquae
1090 5565 1145 5620 in
1166 5565 1482 5637 sanguinem
1500 5578 1776 5621 conversa;
1793 5563 2125 5622 referuntur.

536 5653 713 5712 Exivi:
749 5671 881 5729 ergo
905 5657 1122 5729 sanguis
1144 5658 1209 5712 de
1233 5657 1384 5723 lacu,
1416 5658 1468 5713 id
1496 5666 1582 5713 est
1619 5665 1902 5728 peccatum
1941 5658 2129 5715 inﬁde-

534 5747 705 5804 litatis
752 5750 817 5804 de
861 5764 1116 5821 pressura
1161 5749 1540 5806 tribulationis.
1591 5749 1826 5804 Tacetur
1867 5749 2012 5806 enirn
2061 5752 2128 5807 de

535 5839 685 5906 vino,
713 5842 854 5908 quod
879 5843 1156 5910 egreditur
1185 5843 1250 5900 de
1276 5843 1430 5900 bonis
1457 5843 1574 5900 uvis
1595 5884 1608 5910 ,
1638 5843 1779 5913 quod
1819 5842 2129 5900 reconditur

2217 1985 2421 2043 diceret
2461 2004 2474 2040 :
2508 1986 2681 2042 Tanta
2731 1986 2835 2044 fuit
2885 1989 3106 2051 aictio
3156 1992 3528 2060 temporalis,
3584 2003 3646 2048 ut
3687 1993 3809 2063 ipsos

2215 2078 2381 2134 etiam
2408 2078 2502 2148 qui
2543 2079 2680 2135 alios
2709 2095 2911 2151 regere
2945 2080 3299 2150 videbantur,
3334 2088 3806 2162 adrinﬁdelilatcn

2214 2169 2556 2238 perduceret.
2582 2169 2780 2242 Sicque
2807 2173 3027 2245 sanguis
3049 2189 3223 2246 usque
3241 2178 3311 2232 ad
3339 2177 3532 2236 frenos
3561 2198 3804 2252 equorum

2214 2261 2525 2330 pervenisse
2553 2263 2771 2325 dicitur,
2807 2273 3064 2335 tanquam
3090 2276 3278 2337 aperte
3305 2269 3587 2325 diceretur
3612 2289 3630 2324 :
3661 2272 3804 2327 Atii-

2216 2349 2326 2406 ctio
2374 2353 2686 2422 temporalis
2713 2355 2981 2410 intarrtum
3021 2358 3340 2427 praavaluit,
3370 2370 3421 2414 ut
3460 2362 3608 2431 ipsos
3633 2365 3800 2417 etiam

2215 2444 2309 2515 qui
2358 2443 2542 2514 plebes
2595 2462 2784 2517 regere
2829 2449 3186 2518 videbantur,
3233 2467 3415 2509 cruore
3458 2457 3792 2512 inﬁdelitatis

2217 2535 2531 2591 macularet.
2559 2536 2664 2593 Per
2680 2539 2854 2595 stadia
2879 2541 3021 2597 mille
3046 2554 3312 2599 sexcenta.
3340 2545 3580 2601 Stadium
3611 2547 3796 2604 Grece

2215 2633 2303 2683 est
2340 2643 2596 2684 mensura
2621 2629 2834 2698 Latine.
2882 2631 3035 2688 ltem.
3080 2633 3150 2688 Et
3191 2635 3398 2691 dicitur
3435 2654 3467 2691 a
3495 2641 3714 2705 stando,
3737 2656 3793 2695 eo

2216 2719 2360 2788 quod
2416 2719 2490 2775 ibi
2537 2720 2796 2778 Hercules
2845 2739 2978 2779 uno-
3001 2725 3254 2781 anhelitu
3308 2742 3550 2786 currens
3599 2743 3788 2787 centum

2216 2811 2410 2882 viginti.
2429 2812 2670 2883 quinque
2684 2829 2905 2884 passus,
2937 2819 3168 2873 steterit.
3199 2820 3316 2886 Qua
3353 2837 3618 2879 mensura
3637 2824 3784 2879 Graeci

2216 2907 2583 2966 metiebantur:
2609 2908 2724 2965 loca
2761 2910 2816 2965 in
2859 2911 3055 2980 quibus
3074 2911 3228 2968 ludos
3247 2917 3612 2980 exercebant,
3637 2919 3786 2987 ibique

2215 2995 2790 3069 ludentesspatiande
2821 3010 2882 3055 et
2913 3001 3116 3067 ludicra
3160 3007 3512 3071 exercendo,
3560 3009 3780 3065 deambu-

2215 3087 2420 3144 lahaut.
2471 3089 2528 3144 In
2577 3091 2726 3147 mille
2781 3092 2964 3163 itaque
3019 3097 3602 3166 sescentisstadiis,
3640 3103 3786 3156 orntus

2217 3197 2428 3237 summa
2455 3185 2805 3254 reproborum
2827 3187 3322 3257 comprehenditur,
3343 3207 3476 3261 (fuse
3509 3194 3570 3246 in
3591 3204 3782 3263 quatuor

2219 3275 2404 3328 mundi
2449 3275 2691 3344 partibus
2739 3277 3005 3342 consistit,
3058 3287 3283 3348 propter
3327 3293 3585 3350 quatuor
3632 3283 3782 3338 mundi

2211 3365 2371 3434 hujus
2391 3365 2597 3438 plagas.
2614 3368 2817 3436 Quater
2843 3369 3040 3439 quippe
3065 3371 3458 3440 quadringenti
3506 3373 3640 3430 ﬁunt
3667 3373 3784 3428 ιιιᾶ

2212 3458 2472 3514 sexcenti.
2503 3459 2561 3514 In
2590 3459 2906 3515 centenario
2933 3475 3156 3530 numero
3183 3477 3328 3532 saepe
3383 3480 3606 3519 summa
3647 3465 3782 3518 διξερε

2206 3551 2296 3622 jus
2319 3549 2399 3606 rei
2429 3549 2764 3620 intelligitur.
2791 3551 3185 3617 Quaternarius
3223 3562 3413 3624 autem
3463 3558 3690 3625 pertinet
3726 3556 3778 3610 sil

2213 3649 2446 3712 quatuor
2472 3641 2660 3696 mundi
2685 3639 2925 3706 climata,
2961 3642 3190 3712 ideoque
3235 3644 3288 3698 in
3341 3647 3504 3702 mille
3550 3647 3785 3704 sexcentis

2212 3747 2401 3788 omnes
2435 3733 2792 3804 designantur
2822 3733 3063 3801 reprobi,
3083 3735 3174 3803 qui
3204 3749 3304 3803 per
3335 3747 3590 3806 quatuor
3625 3737 3776 3792 monti

2215 3821 2370 3877 istius
2399 3830 2584 3892 partes
2611 3835 2710 3892 per
2731 3820 3067 3892 voluptatum
3095 3824 3326 3879 ludibria
3352 3838 3612 3894 currunt,
3635 3836 3684 3882 et
3707 3842 3782 3896 per

2215 3915 2508 3983 spatiosum
2535 3915 2677 3970 viam
2711 3915 2991 3982 incedunt,
3017 3933 3139 3987 qua:
3159 3919 3310 3973 ducit
3338 3922 3413 3975 ad
3445 3933 3691 3986 mortem,
3716 3932 3779 3974 al-

2215 4019 2322 4076 que
2349 4005 2471 4061 ideo
2501 4007 2766 4064 vocabulo
2810 4021 2997 4062 eorum
3044 4025 3253 4066 summa
3303 4014 3782 4082 comprehenditur.

2219 4094 2325 4150 Sed
2365 4097 2507 4165 quod
2547 4098 2751 4153 dictum
2795 4107 2881 4155 est
2919 4099 2988 4154 de
3016 4099 3194 4172 pgimo
3217 4101 3487 4168 adventu,
3511 4113 3684 4172 potest
3715 4117 3784 4155 ηε

2215 4185 2349 4245 ferri
2376 4197 2431 4243 et
2455 4188 2524 4242 ad
2543 4189 2859 4244 secundum.
2879 4187 3147 4245 Judicium
3177 4191 3378 4262 quippe
3425 4191 3668 4247 futurum
3710 4206 3787 4260 per

2218 4279 2442 4351 angelos
2463 4267 2825 4336 exercendum
2852 4281 3032 4337 nullus
3058 4281 3272 4351 ignorat
3293 4282 3392 4351 qui
3421 4283 3789 4351 attendith

2217 4369 2478 4426 Dominus
2501 4372 2633 4426 dicit
2657 4372 2736 4437 de,
2755 4381 2996 4443 tempore
3020 4373 3336 4438 messis,vel
3363 4374 3436 4428 de
3465 4374 3789 4430 messoribus.

2217 4462 2306 4517 Ait
2335 4462 2481 4518 enim
2513 4481 2526 4516 :
2561 4463 2752 4518 Messis
2791 4457 3008 4532 quidem
3049 4464 3452 4520 consummatio
3483 4475 3576 4520 est
3609 4462 3786 4524 salii.

2220 4568 2491 4609 messores
2513 4563 2696 4608 autem
2728 4553 2910 4624 angeli
2925 4562 3068 4609 sunt.
3099 4553 3363 4612 Parabola
3389 4570 3646 4627 quoque
3679 4557 3793 4613 tin-

2221 4646 2434 4704 niorum
2461 4647 2587 4701 huic
2613 4645 2733 4702 loco
2759 4647 3036 4718 congruit,
3059 4661 3160 4704 nec
3185 4661 3306 4719 non-
3347 4647 3509 4714 illud,
3563 4650 3690 4720 quia
3735 4647 3796 4710 si-

2221 4735 2349 4792 mile
2375 4745 2460 4792 est
2489 4751 2716 4808 regnum
2745 4737 3003 4796 creloru-m
3060 4753 3290 4809 sagenaa.
3322 4739 3512 4796 missae
3557 4743 3620 4796 in
3665 4739 3796 4801 mari,

2220 4830 2462 4886 omnium
2483 4846 2681 4902 genera
2704 4832 2931 4901 piscium
2952 4836 3324 4904 congreganti,
3339 4835 3405 4890 de
3417 4837 3798 4908 quaelegerut

2221 4921 2394 4977 bonos
2418 4923 2472 4978 in
2493 4937 2644 4989 vasa,
2667 4923 2800 4978 nulli
2823 4923 3044 4981 dubium
3067 4925 3196 4994 quin
3225 4927 3630 4997 angeli,.malos
3645 4937 3797 4982 autem

2223 5013 2370 5071 foras
2394 5017 2676 5072 miserunt.
2710 5016 2819 5072 Sed
2847 5017 2990 5086 quod
3017 5017 3090 5071 illi
3126 5018 3319 5075 facturi
3354 5028 3488 5074 sunt
3506 5019 3690 5075 cilicio
3723 5019 3802 5072 ιιιι-

2229 5110 2602 5176 nisteriorum,
2623 5110 2729 5166 hoc
2747 5117 2804 5165 et
2821 5109 3075 5166 Christus
3094 5121 3149 5166 et
3175 5111 3415 5166 Ecclesia
3437 5112 3654 5168 facient
3672 5120 3803 5183 pote-

2228 5209 2391 5257 state.
2417 5201 2638 5257 Dicatur
2660 5215 2792 5273 ergo
2817 5202 2886 5258 de
2928 5203 3137 5273 angelo,
3191 5203 3284 5273 qui
3340 5202 3585 5259 habebat
3631 5204 3803 5259 [alca

2229 5301 2443 5348 acutam
2473 5293 2528 5347 in
2551 5307 2714 5347 manu
2739 5308 2858 5358 sua,
2885 5293 2940 5348 id
2965 5303 3073 5358 est,
3099 5293 3448 5364 iudiciariam
3473 5302 3805 5364 potestatcn.

2228 5384 2362 5439 Falx
2395 5385 2537 5440 enim
2573 5385 2832 5456 quidquid
2875 5384 3086 5450 incidit,
3129 5385 3269 5440 intra
3312 5400 3372 5441 se
3414 5385 3657 5458 colligit,
3697 5384 3806 5453 quia

2229 5475 2478 5532 videlicet
2517 5490 2744 5532 examen
2772 5475 2938 5531 divini
2964 5475 3155 5548 iudicii
3187 5476 3367 5532 nullus
3396 5476 3544 5532 valet
3564 5476 3806 5532 evadere.

2229 5569 2374 5624 intra
2403 5569 2574 5640 ipsam
2601 5568 2799 5639 quippe
2838 5583 3045 5633 sumus,
3073 5584 3400 5640 quocunque
3444 5567 3643 5639 fugere
3669 5581 3812 5624 certe

2233 5674 2370 5715 mur.
2408 5658 2575 5714 Recte
2603 5674 2733 5728 ergo
2758 5657 2919 5729 judex
2953 5666 3212 5714 venturus
3239 5657 3438 5718 falcem
3478 5667 3672 5714 tenere
3693 5671 3808 5727 per-

2233 5751 2468 5816 hibetur,
2487 5741 2616 5821 quia'
2640 5765 2764 5805 cum
2791 5749 3158 5820 potentialiter
3183 5749 3253 5805 ad
3277 5749 3462 5804 omnia
3492 5747 3814 5814 0b\'ial,lii-

3721 405 3842 461 ms

2234 5859 2339 5915 que
2382 5850 2579 5901 cuncta
2611 5840 3251 5902 incidenda-circumdat.
3282 5841 3433 5900 Unde
3474 5843 3804 5897 l’satmista:
3927 5871 3935 6040 ‘

3929 6115 3935 6250 i
