3972 6432
147 401 292 459 ΗΠ

1080 397 1449 458 EXPOSITIO
1488 396 1556 456 IN
1593 392 2108 454 APOCALYPSIN.
2154 429 2223 442 --
2255 399 2386 456 LIB.
2427 401 2496 456 ν.

3284 406 3424 463 “18

144 517 212 573 Si
246 515 531 572 ascendere
571 516 627 571 in
654 515 862 580 calum,
902 522 960 569 tu
987 512 1098 569 illic
1139 531 1193 568 es
1219 511 1399 579 (Psal.
1447 508 1736 582 cxxxvm),
1764 515 1813 574 Α
1843 509 1909 563 Et
1929 512 2085 566 exivit
2118 516 2334 584 sanguis
2353 515 2418 570 de
2442 514 2563 570 lacu
2610 533 2774 586 usque
2809 519 2881 572 ad
2925 519 3102 590 [renes
3145 537 3420 592 equorum.

142 617 204 665 et
251 607 380 662 alibi
437 625 451 662 :
503 605 690 678 Neque
743 607 808 659 ab
856 605 1088 671 oriente,
1141 621 1304 674 neque
1352 605 1417 658 ab
1474 603 1738 658 occidente

145 697 328 772 (Psal.
371 698 558 769 ustv)
585 707 642 754 et
677 706 894 762 caetera,
945 695 1287 760 subauditur,
1321 703 1407 752 est
1454 695 1606 749 locus
1650 693 1740 760 fu:

144 793 368 866 giendi,
423 793 681 862 quoniam
732 793 876 847 Deus
907 789 1073 860 judex
1120 799 1236 854 est,
1283 805 1348 844 ac
1395 788 1442 842 si
1494 787 1734 843 diceret:

145 885 414 956 Fugiendi
458 887 545 942 via
586 887 826 955 undique
874 885 1048 950 deest,
1088 884 1214 953 quia
1260 881 1350 937 ille
1397 880 1606 951 judicat
1645 879 1738 949 qui

146 977 352 1048 ubique
396 985 499 1032 est.
545 975 898 1035 Abbreviatio
953 975 1336 1044 superiorum:
1369 971 1437 1024 Et
1468 969 1608 1024 alius
1637 986 1738 1023 an-

147 1068 297 1138 gelus
343 1070 501 1124 exit-it
550 1069 616 1123 de
655 1068 863 1139 templo,
897 1067 1152 1138 quoniam
1185 1066 1238 1119 in
1279 1063 1487 1134 judicio
1537 1077 1605 1117 ex
1655 1076 1740 1116 se-

148 1166 306 1214 creto
331 1158 631 1214 divinitatis
671 1174 805 1224 suae,
831 1158 887 1212 in
931 1157 1104 1212 forma
1146 1156 1382 1210 humana
1429 1153 1741 1209 hominibus

150 1249 459 1319 apparebit.
489 1247 742 1304 Clamnns
764 1265 884 1303 voce
922 1264 1116 1317 magna
1154 1247 1224 1301 ad
1265 1246 1527 1301 sedentem
1578 1260 1740 1315 supra

151 1341 340 1395 nubem
375 1355 390 1394 :
421 1339 572 1396 Sicut
603 1340 972 1410 supradictum
993 1347 1097 1403 est,
1122 1337 1267 1407 quod
1297 1345 1383 1392 est
1411 1338 1601 1403 nubes,
1638 1337 1741 1391 hoc

151 1444 239 1490 est
265 1434 510 1505 angelus,
525 1435 610 1488 cui
632 1434 830 1487 clamat
853 1431 1122 1495 Christus,
1151 1431 1203 1485 id
1225 1439 1309 1484 est
1337 1430 1596 1494 Ecclesia,
1620 1445 1741 1500 quae

151 1535 377 1596 propter
429 1527 692 1581 unitatem
740 1525 953 1595 capitis,
1001 1523 1166 1578 etiam
1201 1537 1364 1590 supra
1395 1523 1613 1587 nubem,
1637 1521 1741 1576 hoc

151 1625 260 1681 est,
283 1633 444 1686 supra
475 1617 712 1688 seipsam
750 1615 942 1670 sedere
989 1613 1210 1668 dicitur.
1261 1613 1378 1667 Non
1429 1613 1574 1667 enim
1623 1619 1744 1668 erat

150 1710 485 1766 conveniens
514 1720 575 1764 ut
609 1709 815 1765 diceret
841 1725 855 1761 :
887 1703 1156 1762 Clamavit
1189 1705 1414 1776 angelus
1440 1705 1532 1774 qui
1581 1705 1740 1761 sede-

151 1803 247 1857 bat
269 1818 434 1874 supra
466 1801 687 1866 nubem,
719 1801 788 1856 ad
813 1797 1059 1856 eamdem
1087 1797 1318 1863 nubem,
1347 1797 1576 1866 ideoque
1623 1811 1741 1850 mu-

1841 601 1946 657 Per
1975 605 2291 674 sanguinem
2320 606 2415 676 qui
2441 607 2722 678 egreditur
2745 610 2812 665 de
2846 609 2988 676 lacu,
3015 611 3066 666 id
3095 620 3177 667 est
3209 622 3423 668 senten-

1843 693 1915 748 tia
1958 693 2190 749 districti
2230 694 2450 764 judicis,
2496 699 2733 756 vindicta
2782 701 3099 774 intelligitur
3145 705 3425 776 sanguinis
3525 737 3556 750 σι

1841 785 1923 840 vel
1953 785 2210 840 vitiorum
2235 788 2502 854 omnium,
2524 806 2623 860 pro
2661 793 2860 861 quibus
2884 793 3282 852 damnabuntur
3313 797 3426 853 ini-

1839 880 1953 948 qui.
1983 878 2082 945 Qui
2109 895 2283 948 usque
2309 882 2376 935 ad
2407 882 2593 938 frenos
2617 887 2884 954 pervenit,
2929 888 3055 957 quia
3095 903 3202 944 non
3250 890 3426 946 solum

1841 968 2134 1039 subjectos,
2190 971 2282 1026 sed
2337 971 2503 1026 etiam
2563 975 2708 1045 ipsos
2754 992 2909 1047 reges
2934 987 2988 1033 et
3013 979 3307 1050 principes,
3332 981 3426 1049 qui

1841 1059 2086 1129 sanguini
2109 1068 2165 1113 et
2184 1058 2415 1116 diversis
2447 1060 2598 1116 vitiis
2619 1065 2942 1130 servierunt,
2967 1068 3236 1122 sententia
3256 1067 3427 1124 divini

1834 1151 2021 1222 judicii
2046 1153 2484 1223 comprehendet.
2513 1153 2680 1210 Porro
2715 1159 2856 1227 quod
2881 1160 3127 1228 sequitur
3152 1177 3166 1213 :
3191 1157 3298 1213 Per
3318 1169 3428 1214 sta-

1839 1244 1928 1298 dia
1948 1244 2090 1298 mille
2110 1257 2372 1312 sexcenta,
2392 1247 2446 1302 in
2469 1247 2572 1302 hoc
2598 1265 2824 1304 numero
2838 1251 3301 1322 (utsupradictum
3323 1250 3427 1322 est)

1839 1336 2239 1391 omuissumma
2256 1338 2611 1408 reproborum
2625 1342 2970 1411 exprimitur,
2991 1358 3112 1413 quae
3132 1358 3229 1413 per
3239 1343 3428 1398 orbem

1840 1431 2317 1504 quadripertitum,
2349 1432 2690 1489 latitudinem
2712 1437 2872 1492 istius
2898 1437 3023 1492 vita:
3048 1445 3368 1508 sequuntur.

2451 1547 2684 1604 CAPUT
2716 1549 2831 1604 XV.

1916 1617 1981 1671 Et
2015 1619 2119 1672 ridi
2152 1619 2300 1672 aliud
2320 1619 2524 1688 signum
2547 1620 2602 1672 in
2627 1621 2752 1674 caelo
2783 1637 3028 1691 magnum
3072 1631 3120 1676 et
3167 1621 3428 1677 mirabile.

1912 1709 2170 1780 Quisquis
2198 1720 2511 1765 sanctorum
2526 1711 2746 1765 Patrum
2771 1713 3020 1767 sensibus
3040 1714 3304 1783 invigilat,
3325 1713 3432 1768 mi-

1843 1801 1988 1856 nime
2008 1817 2168 1868 posse
2197 1801 2338 1857 hanc
2367 1802 2748 1873 Apocalypsin!
2767 1801 2924 1870 juxta
2964 1803 3203 1859 litteram
3236 1804 3431 1874 accipi,

156 1894 295 1948 tavit
322 1893 542 1960 nubem,
570 1893 622 1948 id
641 1900 725 1947 est
752 1890 1073 1955 Ecclesiam,
1107 1890 1160 1944 in
1188 1888 1362 1958 angeli
1393 1903 1610 1943 nomen.
1634 1887 1740 1942 Ta-
1769 1883 1814 1943 Β
1845 1891 2002 1946 facile
2029 1893 2329 1962 cognoscit.
2363 1891 2572 1948 Caelum
2604 1893 2788 1963 itaque
2815 1894 2897 1964 (ut
2924 1909 3067 1965 saepe
3091 1896 3293 1952 dictum
3325 1895 3432 1966 est)

154 2000 279 2041 men
311 1985 453 2055 quod
479 1994 563 2039 est
599 1983 792 2048 nubes,
821 1984 926 2040 hoc
971 1992 1028 2038 et
1065 1983 1292 2052 angelus
1338 1982 1533 2042 Sedens
1577 1995 1741 2049 supra

154 2075 376 2130 nubem.
414 2075 566 2143 Mitte
600 2074 788 2145 falcem
831 2083 996 2128 tuam.
1034 2074 1151 2130 lloc
1175 2083 1257 2129 est
1303 2075 1448 2145 quod
1472 2072 1599 2128 alibi
1627 2072 1743 2142 ipse

153 2165 288 2219 dicit
327 2164 588 2220 Dominus
620 2165 904 2235 apostolis,
936 2174 993 2220 et
1021 2167 1074 2221 in
1106 2165 1235 2231 illis,
1265 2166 1518 2222 omnibus
1566 2164 1745 2234 perfe-

151 2255 258 2310 ctis
285 2272 298 2309 :
331 2255 586 2310 Sedebitis
609 2273 769 2326 super
793 2257 940 2312 sedes
963 2257 1262 2322 duodecim,
1286 2257 1589 2327 judicantes
1611 2255 1746 2340 duo-

151 2346 319 2399 decim
341 2347 503 2399 tribus
525 2345 716 2400 Israel.
733 2378 804 2388 -—
819 2347 1083 2413 Quoniam
1107 2349 1240 2403 venit
1262 2349 1394 2402 liora
1412 2362 1464 2403 ut
1483 2358 1742 2402 metatur:

153 2435 210 2489 ld
237 2444 322 2491 est
352 2453 365 2490 :
392 2437 544 2492 adest
574 2446 811 2508 tempus,
833 2454 943 2508 quo
989 2449 1039 2495 et
1092 2439 1252 2495 electi
1297 2454 1658 2504 remunerari,
1690 2448 1747 2493 et

154 2523 372 2594 reprobi
415 2524 564 2595 justo
608 2527 704 2582 Dei
735 2525 942 2596 judicio
971 2528 1168 2584 debent
1189 2529 1561 2584 condemnari.
1594 2529 1740 2594 Quo-

155 2618 296 2672 niam
322 2621 465 2674 aruit
494 2622 675 2676 messis
704 2630 856 2676 terra:
878 2635 898 2674 :
925 2621 978 2676 id
1003 2631 1106 2687 est,
1144 2622 1268 2676 linis
1312 2620 1742 2691 uniuscujusque

155 2710 390 2775 advenit,
426 2727 533 2782 quo
558 2721 613 2768 et
642 2712 810 2783 paleae
837 2713 913 2784 (id
939 2721 1022 2768 est
1046 2715 1280 2784 reprobi)
1309 2714 1590 2767 tradantur
1608 2713 1740 2783 igni,

154 2812 212 2857 et
244 2803 514 2859 frumenta
570 2805 623 2860 in
683 2805 896 2860 Domini
952 2806 1176 2861 cellario
1231 2806 1617 2861 recondantur.
1672 2805 1743 2859 Et

153 2896 295 2949 misit
317 2897 407 2965 qui
435 2897 644 2950 sedebat
679 2897 869 2967 falcem
893 2915 1046 2952 suam
1079 2899 1132 2952 in
1172 2908 1388 2962 terram,
1421 2905 1528 2952 etc.
1553 2896 1610 2950 ld
1635 2904 1741 2960 est,

160 2985 404 3041 Ecclesia
435 3001 558 3040 cum
588 2986 818 3042 Domino
858 2987 1055 3042 sedens
1098 2987 1151 3041 in
1185 2986 1393 3054 judicio
1437 2985 1744 3056 potestatis,

155 3081 297 3135 inter
320 3081 491 3134 bouos
517 3088 570 3135 et
604 3080 775 3135 malos
800 3080 1136 3144 discernens,
1161 3089 1356 3134 cuncta
1384 3078 1744 3135 examinabit.

158 3171 227 3227 Et
257 3171 394 3226 alius
419 3171 635 3242 angelus
655 3172 814 3226 exivit
835 3172 900 3226 de
916 3171 1124 3243 templo,
1140 3173 1280 3243 quod
1300 3173 1449 3227 estin
1472 3171 1620 3239 caelo,
1635 3181 1740 3229 etc.

1845 1981 2088 2037 Ecclesia
2111 1990 2215 2046 est,
2248 1983 2315 2036 de.
2340 1998 2444 2051 qua
2477 1984 2736 2038 Dominus
2761 1999 2860 2052 per
2889 1986 3208 2056 prophetam
3256 1987 3386 2042 dicit
3411 2004 3424 2038 :

1844 2073 2041 2128 Caelum
2084 2075 2211 2128 mihi
2252 2076 2398 2129 sedes
2425 2085 2521 2140 est,
2547 2088 2688 2130 terra
2717 2086 2891 2132 antem
2915 2077 3198 2132 scabellum
3243 2079 3433 2148 pedum

1843 2182 2074 2220 meorum
2103 2167 2242 2236 (Act.
2270 2166 2403 2236 vn);
2430 2176 2486 2221 et
2508 2167 2634 2222 alibi
2664 2185 2678 2221 :
2712 2168 2900 2222 Anima
2929 2179 3102 2223 autem
3119 2169 3255 2239 justi
3281 2171 3427 2225 sedes

1843 2265 1917 2310 est
1939 2257 2229 2325 sapientite.
2253 2258 2368 2328 Ipsa
2401 2259 2545 2314 enim
2571 2259 2838 2323 Ecclesia,
2882 2268 3102 2316 terrena
3123 2270 3314 2315 cuncta
3337 2261 3436 2316 de-

1844 2349 2096 2417 spiciens,
2115 2365 2210 2418 per
2224 2350 2420 2405 mentis
2432 2350 2756 2405 desiderium
2772 2352 2838 2405 ad
2857 2367 3088 2422 superna
3101 2353 3270 2420 volat.
3281 2352 3434 2408 Unde

1844 2439 2046 2496 Paulus
2067 2442 2197 2497 dicit
2224 2461 2236 2495 :
2271 2442 2472 2496 Nostra
2508 2445 2830 2498 conversatio
2852 2444 2908 2498 in
2937 2443 3076 2499 caelis
3103 2455 3178 2499 est
3205 2442 3430 2514 (Philip.

1845 2532 1961 2596 nl);
1990 2540 2045 2584 et
2068 2547 2312 2586 rursum:
2339 2532 2444 2598 Qui
2466 2533 2912 2598 conresuscitauit,
2935 2544 2983 2588 et
3005 2535 3286 2589 consedere
3315 2534 3438 2603 fecit

1843 2622 1898 2675 in
1928 2622 2216 2676 ccclestibus
2239 2621 2456 2693 (Ephes.
2482 2623 2565 2693 ιι).
2590 2624 2649 2677 lu
2675 2624 2776 2678 hoc
2797 2624 2956 2690 caelo,
2983 2625 3034 2679 id
3057 2634 3158 2686 est,
3178 2625 3230 2678 in
3251 2623 3438 2680 Eccle-

1845 2714 1926 2769 sia
1951 2714 2083 2769 vidit
2107 2714 2346 2770 Joannes
2370 2715 2583 2785 signum
2609 2732 2883 2786 magnum,
2935 2725 2989 2770 et
3034 2715 3288 2771 mirabile
3323 2713 3441 2770 fuit

1847 2805 2060 2874 signum
2088 2805 2239 2860 illud.
2267 2805 2423 2872 Quod
2466 2807 2539 2861 sit
2578 2816 2756 2862 autem
2812 2807 2943 2862 illud
2988 2807 3230 2878 signum,
3264 2804 3441 2875 aperit

1845 2911 1971 2950 cum
2035 2897 2344 2967 suljuugit,
2393 2897 2604 2967 angelos
2657 2907 2885 2966 septem,
2937 2898 3257 2952 subauditur
3302 2895 3436 2950 vidi.

1849 2987 2112 3041 Habentes
2137 2998 2328 3057 septem
2357 2987 2541 3058 plagas
2563 2989 2889 3043 novissimus.
2920 2988 3058 3055 Quia
3095 2987 3439 3058 septenarius

1848 3095 2108 3134 numerus
2137 3093 2278 3149 srepe
2306 3095 2402 3149 pro
2429 3079 2786 3134 universitate
2808 3079 3044 3148 ponitur,
3071 3085 3294 3148 propter
3333 3077 3440 3132 hoc

1847 3171 2098 3225 videlicet
2130 3180 2361 3240 teupus,
2400 3172 2542 3241 quod
2566 3187 2665 3242 per
2693 3180 2898 3240 septem
2930 3169 3047 3225 dies
3074 3169 3324 3230 volvitur,
3340 3179 3442 3237 per

157 3261 260 3332 Qui
285 3263 451 3317 habet
499 3262 693 3317 falcem
739 3263 1082 3328 messoriam,
1126 3263 1240 3332 ipse
1279 3271 1333 3318 et
1377 3263 1742 3320 vindemiats-
1771 3243 1815 3306 ί)
1847 3270 2050 3332 septem
2067 3256 3439 3332 angelosidipsumquodetpercwlum,idest,uni-

157 3354 316 3408 riam.
343 3353 408 3409 Et
437 3354 527 3423 qui
557 3353 695 3408 dixit
722 3355 970 3420 messori,
997 3352 1136 3408 Mete
1161 3369 1181 3409 :
1213 3355 1327 3426 ipse
1361 3362 1418 3410 et
1445 3355 1745 3412 vindemia-

157 3447 282 3510 tori,
311 3444 603 3501 Vindemia.
629 3445 763 3500 Nam
788 3447 931 3517 quod
959 3456 1085 3501 sunt
1121 3455 1351 3519 segetes,
1377 3447 1480 3503 hoc
1504 3455 1557 3503 et
1580 3447 1744 3515 botri,

159 3537 410 3594 similiter
433 3537 578 3608 quod
607 3546 735 3592 sunt
763 3538 955 3607 paleae,
1000 3539 1101 3594 hoc
1150 3547 1207 3594 et
1251 3539 1484 3595 vinacia.
1534 3539 1743 3607 Caetera

158 3629 466 3700 supradicta
511 3638 656 3686 sunt.
709 3628 1074 3686 Viudemiavit
1116 3644 1308 3685 omnes
1356 3631 1543 3687 botros
1571 3631 1744 3684 vinea:

157 3728 339 3785 terrae,
361 3719 413 3774 id
435 3728 541 3784 est,
569 3719 787 3786 collegit
807 3733 999 3774 omnes
1052 3735 1084 3773 a
1135 3729 1320 3784 terra,
1367 3729 1424 3776 et
1471 3722 1644 3777 bonos
1689 3728 1745 3776 ct

159 3809 346 3873 malos,
377 3808 708 3864 frumentum
739 3811 945 3864 scilicet
965 3817 1020 3864 et
1037 3811 1268 3866 zizania.
1295 3812 1360 3865 Et
1381 3813 1567 3866 vinum
1589 3830 1745 3868 mun-

160 3901 309 3964 dum,
345 3899 394 3953 id
417 3909 502 3954 est
522 3907 756 3963 sanctos,
783 3901 1086 3955 recondidit
1111 3901 1164 3956 in
1202 3902 1539 3957 Dominicum
1564 3915 1746 3972 prout-

160 3990 432 4062 ptuarium
475 3989 733 4045 :viuacia
782 4006 935 4056 vero,
981 3992 1035 4047 id
1089 4002 1168 4048 est
1202 3993 1663 4062 reprobos,misit
1689 3995 1744 4050 in

161 4084 337 4138 lacum
377 4083 472 4136 ira:
503 4081 615 4137 Dei.
642 4081 744 4136 Per
766 4071 944 4136 lacum
997 4097 1128 4136 vero
1169 4082 1263 4136 ira:
1309 4082 1425 4148 Dei,
1469 4083 1746 4139 damnatio

161 4174 475 4245 intelligitur
513 4173 728 4240 inferni,
761 4172 845 4228 vel
895 4174 1166 4228 sententia
1216 4174 1382 4228 divini
1425 4173 1637 4242 judicii,
1690 4175 1743 4228 iu

162 4281 322 4339 quem
361 4267 535 4322 lacum
585 4269 870 4323 mittentur
900 4268 1137 4338 reprobi,
1167 4284 1290 4324 cum
1317 4267 1590 4323 audierint
1621 4287 1634 4322 :
1664 4267 1746 4323 Ite

161 4362 216 4416 in
236 4363 406 4430 ignem
431 4368 704 4414 (eternum.
732 4358 845 4414 Nisi
872 4359 1018 4413 enim
1049 4358 1368 4414 vocabulum
1407 4359 1746 4415 lacus-infer-

162 4468 290 4508 num
325 4451 654 4523 designaret,
690 4466 1028 4522 nequaquam
1070 4453 1332 4523 propheta
1371 4453 1600 4519 diceret,
1626 4469 1747 4508 om-

163 4559 260 4600 nes
284 4543 554 4600 interfecti
588 4552 917 4615 ruentesque
963 4546 1162 4617 gladio,
1203 4546 1294 4616 qui
1346 4547 1744 4601 descenderunt

162 4636 528 4691 incircumcisi
551 4636 616 4690 ad
637 4645 836 4691 terram
866 4636 1132 4702 ultimam,
1147 4647 1201 4692 et
1219 4645 1572 4708 portaverunt
1593 4639 1744 4709 igno-

163 4726 386 4781 miniam
430 4741 584 4780 suam
615 4742 737 4782 cum
768 4727 853 4782 bis
880 4728 972 4796 qui
1003 4729 1338 4784 descendunt
1363 4730 1419 4783 in
1444 4729 1643 4785 lacum.
1681 4731 1748 4786 Et

163 4817 446 4874 Psalmista
465 4837 477 4872 :
495 4816 718 4874 Salvasti
733 4837 813 4872 me
825 4837 856 4872 a
869 4819 1299 4874 descendentibus
1311 4821 1366 4874 in
1382 4819 1552 4874 lacum
1569 4819 1746 4893 (Psal.

163 4909 496 4981 nt:).Unde
510 4919 563 4965 et
575 4910 716 4980 quod
731 4909 1448 4982 subjungitmagnum,juxta
1467 4913 1610 4987 hunc
1625 4929 1751 4968 sen-

165 5015 281 5055 sum
307 5016 414 5056 non
437 5010 522 5058 est
545 5000 888 5057 referendum
917 5002 984 5056 ad
1008 5001 1206 5065 lacum,
1232 5004 1328 5058 sed
1357 5004 1424 5058 ad
1454 5003 1748 5070 diabolum,

165 5094 255 5164 qui
279 5109 507 5166 magnus
535 5095 838 5166 appellatur
862 5103 1085 5165 prepter
1112 5094 1379 5164 superbia:
1402 5095 1743 5165 iactantiam.

163 5186 416 5258 Magnum
439 5187 605 5252 enim,
633 5187 686 5242 id
712 5195 814 5251 est,
845 5185 1118 5242 diabolum
1155 5201 1280 5240 cum
1320 5186 1469 5240 omni
1517 5200 1747 5256 corpore

167 5297 265 5338 suo
290 5281 469 5336 mittet
491 5281 544 5334 in
593 5280 769 5335 lacum
821 5281 915 5335 ira:
966 5279 1083 5344 Dei,
1127 5293 1250 5335 cum
1297 5292 1490 5333 omnes
1534 5279 1748 5348 reprobi

165 5372 247 5443 (ut
282 5372 486 5428 dictum
511 5370 617 5440 est)
645 5370 1048 5425 damnabantur
1073 5385 1196 5426 cum
1222 5368 1439 5425 diabolo
1466 5375 1521 5424 et
1542 5368 1750 5440 angelis

165 5465 300 5537 ejus.
353 5464 422 5519 Et
465 5463 702 5518 calcatus
743 5472 819 5517 est
857 5463 1027 5532 lacus,
1052 5464 1105 5518 id
1129 5472 1234 5530 est,
1260 5463 1454 5519 calcati
1477 5473 1628 5529 sunt,
1655 5464 1747 5533 qui

165 5564 324 5613 erant
368 5555 426 5612 in
473 5554 632 5620 lacu,
685 5554 792 5610 hoc
836 5561 922 5609 est
969 5553 1024 5608 in
1052 5562 1254 5611 aeterna
1284 5562 1481 5620 morte,
1506 5552 1749 5624 depressi

167 5657 312 5714 sunt,
339 5663 448 5704 non
466 5647 582 5718 jam
609 5655 670 5704 ut
686 5656 1008 5718 purgentur,
1025 5648 1120 5703 sed
1143 5658 1204 5703 ut
1222 5649 1439 5719 penitus
1459 5649 1747 5705 intereant.

164 5742 337 5799 Extra
358 5741 639 5805 ciuitatem,
669 5739 722 5794 id
762 5747 868 5805 est,
895 5747 1051 5795 extra
1080 5742 1388 5797 sanctorum
1415 5741 1746 5806 societatem,

171 5849 288 5889 cum
328 5831 523 5904 quibus
548 5829 660 5902 jam
692 5829 836 5887 nulla
869 5830 974 5887 erit
1019 5832 1370 5902 reproborum
1419 5832 1745 5890 communio.

1769 4599 1821 4659 D

1845 3351 2070 3407 versalis
2082 3351 2323 3407 Ecclesia
2352 3351 2684 3422 intelligitur.
2706 3349 2814 3405 Sed
2837 3351 2963 3421 quia
2985 3357 3175 3404 auctor
3197 3347 3438 3403 historia

1823 3435 1827 3438 ’
1844 3443 2157 3513 frequenter
2172 3458 2200 3496 a
2219 3459 2417 3514 genere
2431 3442 2569 3498 redit
2583 3444 2650 3496 ad
2664 3441 2920 3510 speciem,
2941 3455 3040 3511 per
3055 3449 3261 3510 septem
3271 3451 3442 3509 attge-

1845 3537 1926 3594 los
1940 3537 2300 3609 intelligamus
2317 3538 2368 3591 in
2395 3539 2497 3592 hoc
2508 3536 2630 3592 loco
2648 3534 2955 3606 specialiter
2968 3548 3158 3589 omnes
3177 3531 3442 3603 praedica-

1845 3641 2008 3696 tores,
2035 3631 2102 3686 de
2119 3630 2317 3701 quibus
2336 3621 2597 3699 scriptum
2619 3636 2703 3682 est
2728 3644 2742 3680 :
2767 3625 2952 3698 Angeli
2969 3625 3114 3696 pacis
3137 3639 3318 3678 amare
3337 3623 3437 3690 fle-

1845 3727 1969 3780 bunt
1987 3724 2121 3795 (lsa.
2149 3721 2350 3792 xxxm)
2372 3730 2426 3777 et
2451 3719 2574 3774 alibi
2603 3736 2618 3772 :
2643 3718 2808 3772 Labia
2828 3717 3116 3772 sacerdotis
3139 3714 3439 3770 custodiunt

1843 3813 2114 3867 scientiam
2137 3809 2394 3882 (Malach.
2420 3810 2503 3880 ll),
2534 3818 2640 3864 etc.
2666 3807 2804 3874 Quid
2829 3821 2958 3860 vero
2973 3807 3082 3860 sint
3107 3814 3311 3874 septem
3327 3803 3442 3873 pla-

1845 3917 1946 3973 ειη,
1963 3901 2014 3954 in
2032 3900 2379 3968 sequentibus
2392 3897 2916 3961 manifestatur,cum
2934 3895 3032 3965 ipsi
3049 3893 3220 3964 angeli
3233 3903 3440 3963 septem

1844 3991 2054 4064 phialas
2093 3988 2370 4060 accepisse
2392 3989 2652 4042 dicuntur
2673 3986 2861 4059 plenas
2891 3987 2985 4038 ira:
3012 3983 3126 4038 Dei.
3165 3983 3282 4037 Hoc
3313 3991 3443 4037 sunt

1844 4087 1988 4142 enim
2012 4081 2229 4155 phialae,
2253 4081 2397 4152 quod
2418 4080 2617 4151 angeli,
2645 4079 2699 4134 id
2727 4085 2812 4134 est
2832 4077 3004 4132 sancti
3033 4075 3436 4146 prtedicatores.

1845 4178 1945 4245 Qui
1969 4185 2173 4245 septem
2193 4175 2378 4244 plagas
2398 4172 2620 4233 habent,
2645 4170 2747 4224 hoc
2770 4176 2874 4232 est,
2899 4165 3150 4221 notitiam
3173 4164 3439 4218 universae

1845 4269 2149 4339 scripturaz,
2174 4281 2280 4334 qua
2309 4263 2663 4318 vulnerantur
2691 4259 2855 4314 corda
2887 4250 3153 4313 bonorum
3191 4255 3258 4309 ad
3289 4254 3438 4310 salu-

1846 4371 1976 4426 tem,
1994 4359 2157 4415 corda
2175 4357 2464 4428 impiorum
2483 4355 2548 4410 ad
2567 4352 2883 4424 perniciem.
2903 4348 3141 4403 Audiunt
3161 4346 3304 4400 enim
3319 4347 3442 4416 qui-

1845 4454 1967 4510 dam
1992 4453 2046 4506 in
2089 4449 2270 4506 divino
2289 4447 2504 4517 eloquio
2542 4442 2961 4516 praedicantibus
2982 4439 3189 4510 angelis
3215 4456 3228 4492 :
3259 4435 3440 4508 Neque

1847 4543 2014 4607 avari,
2037 4556 2200 4612 neque
2223 4538 2542 4603 adulteri,et
2559 4535 2741 4592 ceteri
2759 4548 2894 4604 quos
2917 4538 3184 4586 memorat
3204 4528 3442 4600 Aposto-

1847 4638 1952 4701 lus,
1971 4649 2186 4705 regnum
2201 4631 2297 4686 Dei
2311 4628 2643 4701 possidebunt
2661 4627 2714 4698 (1
2731 4625 2854 4681 Cor.
2868 4626 2947 4695 vn)
2965 4641 2982 4679 :
3001 4633 3056 4679 et
3087 4624 3337 4678 timentes
3353 4637 3442 4692 ge-

1848 4731 2042 4787 hennae
2081 4729 2279 4798 ignem,
2304 4723 2655 4778 vulnerantur
2683 4722 2736 4776 in
2777 4720 2964 4783 corde,
3001 4728 3054 4772 et
3108 4717 3334 4771 redeunt
3375 4714 3442 4768 ad

1849 4821 2020 4877 Deum
2049 4833 2148 4888 per
2178 4817 2410 4870 lamenta
2436 4812 2770 4882 paenitentia:
2794 4829 2808 4865 :
2843 4810 3046 4879 talique
3071 4809 3231 4862 modo
3254 4805 3445 4859 vulne-

1853 4919 2044 4966 rantur
2073 4906 2249 4962 sancti
2271 4905 2337 4959 ad
2369 4918 2522 4958 suam
2549 4903 2799 4958 salutem.
2834 4901 2990 4956 Unde
3016 4907 3072 4953 et
3097 4898 3210 4967 ipsa
3254 4903 3443 4950 sancta

1854 5001 2100 5058 Ecclesia
2145 4999 2200 5053 in
2255 4996 2495 5053 Canticis
2522 4996 2862 5050 canticorum
2918 4991 3048 5046 dicit
3087 5008 3102 5043 :
3153 4987 3441 5042 Vulnerata

1851 5095 2109 5150 charitate
2128 5107 2221 5162 ego
2244 5106 2381 5154 sum,
2399 5097 2453 5144 et
2477 5090 2671 5143 iterum
2700 5103 2715 5141 :
2742 5085 3057 5140 Invenerunt
3079 5099 3159 5136 me
3179 5080 3441 5142 custodes,

1849 5185 1940 5256 qui
1961 5185 2282 5238 circumeunt
2302 5181 2578 5242 civitatem,
2601 5183 2968 5249 percusserunt
2990 5183 3130 5228 meet
3146 5171 3446 5226 vulnerave-

1851 5285 1974 5329 runt
2013 5291 2097 5328 me
2134 5272 2314 5342 (Cant.
2344 5271 2448 5339 ιιι).
2499 5270 2735 5325 Econtra
2767 5283 2889 5323 cum
2921 5267 3037 5320 haec
3085 5263 3313 5318 audiunt
3352 5275 3446 5315 re-

1850 5367 2028 5439 probi,
2069 5365 2232 5421 verba
2279 5364 2697 5436 przedicatorum
2749 5359 3073 5431 deSpiciunt.
3125 5355 3279 5424 Quod
3328 5353 3449 5408 istis

1853 5467 1937 5515 est
1967 5458 2033 5513 ad
2064 5456 2314 5523 salutem,
2339 5456 2442 5510 illis
2467 5461 2552 5509 est
2570 5453 2639 5508 ad
2661 5452 3084 5508 damnationem.
3108 5447 3229 5515 Quo
3251 5447 3304 5501 in
3329 5445 3448 5500 loco

1856 5551 2083 5622 quaestio
2103 5549 2293 5612 oritur,
2323 5561 2495 5618 quare
2530 5544 2680 5599 dicat
2721 5543 2943 5615 angelos
2981 5538 3184 5596 habere
3238 5544 3446 5604 septem

1854 5643 2042 5717 plagas
2062 5639 2405 5701 novissimae,
2429 5651 2554 5692 cum
2575 5635 2646 5690 ab
2669 5635 2786 5707 ipso
2813 5632 2998 5690 mundi
3024 5627 3250 5687 exordio
3279 5639 3448 5693 usque

1857 5736 1924 5791 ad
1951 5735 2114 5790 ﬁnem
2135 5731 2318 5789 νεωιί
2348 5730 2421 5786 ita
2462 5729 2800 5785 inveniamus
2826 5727 3089 5799 quosdam
3111 5747 3116 5750 -
3138 5720 3449 5777 vulneratos

1859 5826 1926 5883 ad
1965 5825 2225 5893 salutem,
2273 5821 2532 5893 quosdam
2569 5820 2644 5875 ad
2685 5827 2934 5876 mortem.
2988 5815 3201 5874 Primus
3251 5809 3452 5882 quippe
