3972 6458
530 402 668 497 nis
757 409 768 425 “
997 425 1352 489 HAYMONIS
1391 415 1872 478 HALBERSTAT.
1913 411 2132 470 mss.

2234 411 2327 466 PP.
2367 406 2552 466 PARS
2589 405 2636 462 1.
2669 431 2742 448 --
2765 400 3122 461 ΕΟΙΙΜΕΝΤ.
3160 399 3338 459 Βωι.
3714 397 3838 453 lli

530 557 696 609 homo
720 546 1060 620 'in'para'diso
1083 540 1417 596 constitutus
1467 532 1676 602 accepit
1713 533 2040 600 praeceptum
2081 539 2111 578 a
2141 532 2188 590 Α
2217 523 2398 594 passio
2421 521 2590 576 nostri
2617 516 3009 588 Redemptoris.
3027 515 3134 571 Per
3147 513 3386 585 gratiam
3402 511 3580 568 enim
3599 511 3838 580 Spit-itas

536 645 646 697 Deo
677 655 745 695 ne
770 600 1011 706 tarngerel
1035 645 1250 702 pomum
1277 627 1405 696 ligni
1427 600 1666 680 scientiae
1700 619 1824 675 boni
1863 625 1918 672 et
1942 615 2110 681 mali;
2216 613 2388 668 sancti
2421 611 2765 680 baptizantur
2817 606 3004 662 ﬁdeles
3053 606 3108 661 in
3152 603 3491 661 memoriam
3531 600 3836 658 Dominis:

536 693 1102 802 quodprzecefptum-si
1137 693 1432 780 servasset,
1475 715 1544 769 ad
1569 713 1736 766 vitam
1779 708 1854 764 illi
1880 705 2112 776 proiuis-
2215 706 2504 777 passionis.
2561 701 2718 757 Unde
2791 699 3028 755 Joannes
3079 698 3147 753 de
3200 697 3392 752 eodm)
3450 693 3836 764 Redemptor:

537 795 640 880 set.
672 795 870 875 V—erum
895 811 1222 882 contempsit
1249 811 1351 864 hoc
1371 813 1698 877 praeceptum
1729 817 1743 855 :
1777 809 1833 856 et
1859 799 2000 868 quod
2040 795 2115 849 illi

535 919 722 971 datum
756 910 933 964 fuerat
960 906 1028 959 ad
1055 904 1242 964 vitam,
1271 913 1487 953 versum
1531 903 1614 950 est
1645 893 1698 948 ei
1734 892 1788 945 in
1839 895 2067 944 mortem
2101 901 2116 939 :

535 1007 720 1072 sicque
741 1017 805 1055 ex
825 996 1025 1052 salubri
1049 1000 1318 1064 prmcepto
1341 987 1654 1042 vulneratus
1673 989 1758 1036 est
1777 989 1829 1033 et
1851 985 2117 1032 mortuus.

537 1069 708 1164 Mog-esi
740 1103 958 1160 quoque
987 1087 1130 1141 dedit
1157 1084 1297 1136 Deus
1327 1085 1594 1149 praecepta
1631 1072 1846 1142 legalis,
1873 1069 2058 1122 dicens
2099 1081 2114 1118 :

536 1156 662 1240 Non
682 1156 906 1242 occides,
934 1191 1036 1230 non
1060 1169 1378 1226 adutterabis
1395 1165 1588 1238 (Exod.
1610 1161 1726 1232 xx),
1747 1169 1804 1215 et
1820 1167 2014 1214 caetera
2038 1156 2122 1209 his

536 1275 753 1331 similia.
771 1267 1142 1338 Quaequidam
1156 1268 1457 1324 servantes,
1473 1258 1614 1313 sicut
1627 1255 1859 1325 Moyses,
1872 1249 2120 1313 etlosue,

536 1377 591 1423 et
621 1365 776 1421 multi
814 1362 928 1426 alii,
955 1358 1258 1413 habuertmt
1289 1353 1452 1406 vitam
1478 1351 1530 1404 in
1550 1349 1648 1403 eis.
1678 1347 1912 1401 Econtra
1938 1340 2124 1397 caueri

537 1462 970 1514 contemnentes,
990 1444 1258 1501 vulnerati
1290 1449 1434 1506 sunt,
1458 1440 1584 1509 quia
1607 1437 1958 1514 perdiderunt
1985 1447 2124 1502 prce-

539 1557 748 1605 sentem
783 1547 950 1599 vitam
977 1549 1032 1596 et
1058 1538 1316 1593 futuram.
1347 1535 1465 1604 Ipso
1491 1545 1706 1603 quoque
1736 1528 1964 1584 Domino
1994 1539 2126 1595 pra:-

540 1641 779 1703 dicante,
805 1634 1022 1706 quidam
1049 1629 1399 1686 crediderunt
1440 1625 1494 1678 in
1536 1638 1682 1685 eum,
1727 1619 1946 1689 quidam
1992 1630 2121 1672 non.

539 1733 622 1788 Illi
651 1730 740 1801 qui
771 1727 1115 1784 crediderunt
1140 1723 1193 1776 in
1222 1735 1370 1784 eum,
1405 1715 1780 1787 pmnitentiam
1809 1719 2029 1780 agentes
2059 1710 2125 1764 de

541 1799 828 1892 praeteritis
849 1815 1107 1888 peccatis,
1133 1810 1325 1867 salvati
1367 1817 1494 1862 sunt
1525 1825 1539 1860 :
1567 1805 1658 1876 qui
1709 1813 1888 1858 autem
1945 1799 2126 1856 nolue-

2219 796 2566 860 nostrodicit
2597 809 2610 846 :
2641 793 2764 863 Ipse
2792 809 2878 846 eos
2903 790 3192 860 baptizabit
3217 789 3274 842 in
3301 787 3531 857 Spiritu
3562 796 3763 840 sanae
3793 798 3833 842 ὅ

2219 891 2336 959 igne
2365 887 2550 957 (Joan.
2584 886 2645 956 i),
2675 894 2730 938 et
2753 883 2956 937 Paulus
2982 895 3000 932 :
3037 880 3298 950 Quotquot
3319 879 3608 945 baptizati
3664 894 3830 933 unus

2219 981 2272 1032 in
2301 977 2510 1031 Christo
2566 975 2713 1037 lesu,
2767 975 2824 1026 in
2865 980 3039 1033 morte
3086 971 3250 1040 ipsius
3312 969 3602 1038 baptismi
3665 984 3828 1020 suain

2221 1069 2400 1140 (Rom.
2441 1068 2535 1135 vn).
2565 1064 2918 1136 Coagulatum
2946 1071 3032 1116 est
3055 1073 3203 1115 mare
3227 1061 3372 1130 igne,
3392 1061 3555 1130 quia
3595 1074 3701 1128 per
3735 1058 3826 1111 vir.

2224 1170 2391 1215 tutem
2418 1159 2649 1228 Spiritus
2679 1156 2854 1210 sancti
2881 1155 3168 1208 ﬁrmantur
3194 1152 3408 1216 ﬁdeles,
3435 1165 3520 1204 ne
3553 1149 3825 1214 ﬂuentem,

2221 1259 2316 1305 aut
2344 1249 2465 1304 ullis
2488 1246 2922 1318 persecutionum
2951 1242 3158 1312 pruinis
3186 1241 3240 1295 in
3267 1239 3580 1294 mollitiem
3618 1253 3824 1292 conver-

2223 1351 2444 1404 tantur;
2478 1341 2544 1394 de
2574 1339 2675 1392 hac
2699 1351 2840 1405 aqua
2867 1333 3156 1389 Psalmista
3177 1332 3312 1387 dicit
3342 1350 3358 1384 :
3393 1329 3686 1384 Dominus
3715 1329 3821 1398 regit

2222 1448 2324 1497 me,
2347 1440 2394 1486 et
2412 1429 2540 1484 nihil
2561 1429 2688 1482 mihi
2712 1426 2898 1488 deerit,
2914 1433 3254 1491 etc.,usque,
3269 1419 3448 1489 Super
3475 1433 3690 1486 aquam
3710 1419 3819 1487 τείει

2225 1523 2413 1576 ctionis
2436 1518 2672 1573 educavit
2693 1531 2774 1568 me
2797 1509 3297 1584 (Psal.xxn).-—l£t
3337 1525 3430 1562 eos
3461 1508 3570 1575 qui
3611 1506 3816 1560 uicerunt

2227 1613 2443 1668 bestiam
2461 1622 2508 1664 et
2528 1609 2812 1677 imaginem
2839 1603 3004 1668 illius,
3023 1602 3076 1656 id
3095 1599 3639 1656 estAnlichristum.
3655 1595 3722 1648 Et
3741 1614 3815 1649 ss-

2227 1718 2425 1758 merum
2445 1699 2669 1754 nominis
2693 1697 2826 1766 ejus.
2845 1694 2949 1762 Qui
2970 1708 3078 1761 non
3103 1691 3463 1763 crediderunt
3489 1688 3651 1754 illum
3671 1687 3811 1740 sole

2232 1810 2334 1850 nec
2362 1793 2556 1857 lucem,
2583 1789 2690 1844 vidi
2739 1786 3082 1850 subauditur,
3111 1793 3307 1838 stantes
3363 1798 3542 1851 supra
3584 1796 3724 1832 mare
3751 1781 3811 1832 ri-

545 1870 822 1892 τ-π---ηη
849 1870 874 1888 τ
931 1870 936 1871 κ
1095 1870 1106 1879 .
1585 1870 1602 1876 -

545 1919 672 1967 runt
704 1908 948 1970 credere,
971 1902 1211 1959 damnati
1234 1908 1382 1963 sunt,
1407 1899 1549 1952 unde
1573 1897 1690 1966 ipse
1722 1895 1854 1950 dicit
1886 1911 1900 1946 :
1935 1892 1996 1947 Si
2019 1907 2122 1946 non
2153 1879 2201 1941 Β
2231 1897 2419 1939 treum.
2455 1883 2558 1952 Qui
2587 1891 2715 1936 sunt
2740 1880 2834 1950 qui
2863 1884 3009 1933 stant
3037 1890 3200 1944 supra
3225 1887 3381 1926 mare
3413 1871 3702 1941 vitreum?
3728 1870 3807 1940 Qui

542 2001 790 2057 vertissent
811 2007 858 2052 et
881 1996 1087 2051 locutus
1109 1993 1181 2046 eis
1200 1990 1434 2060 fuissem,
1449 1996 1715 2057 peccatum
1739 2003 1840 2040 non
1855 1983 2123 2037 haberent.

544 2095 702 2149 Nunc
731 2101 908 2146 autem
931 2086 1326 2142 excusationem
1351 2098 1455 2135 non
1487 2080 1674 2133 habent
1697 2078 1761 2132 de
1793 2083 2002 2146 peccato
2029 2089 2129 2128 suo

543 2187 600 2258 (1
607 2205 729 2242 oan.
743 2184 860 2252 xv).
878 2183 1017 2239 Hinc
1033 2189 1117 2236 est
1135 2188 1192 2232 et
1209 2175 1339 2231 illud
1357 2192 1370 2228 :
1390 2174 1493 2240 Qui
1505 2171 1805 2234 crediderit,
1819 2168 1992 2223 salvus
2005 2168 2128 2226 erit:

541 2257 635 2350 qui
666 2292 782 2332 vero
815 2289 919 2327 non
957 2268 1257 2332 crediderit,
1297 2262 1730 2319 condemnabitur
1755 2258 1950 2331 (Marc.
1991 2257 2128 2327 xvi).

544 2348 784 2438 hpostoli
819 2378 1033 2435 quoque
1059 2360 1435 2431 prmdicantes,
1470 2354 1596 2409 facti
1648 2360 1773 2408 sunt
1819 2348 2130 2422 quibusdam

547 2462 678 2515 odor
696 2460 813 2512 vim
834 2457 889 2511 in
909 2456 1088 2518 vitam,
1103 2449 1415 2522 quibusdam
1433 2463 1549 2501 vero
1567 2445 1700 2499 odor
1711 2443 1891 2499 mortis
1909 2442 1961 2494 in
1995 2455 2130 2492 mor-

542 2565 644 2608 tem
670 2553 751 2624 (II
773 2549 897 2606 Cor.
921 2548 1007 2616 ιι).
1031 2545 1295 2602 Similiter
1321 2552 1408 2596 est
1431 2549 1486 2595 et
1510 2539 1690 2594 modo.
1720 2535 1881 2592 Verbi
1911 2533 2085 2604 gratia
2113 2548 2128 2584 :

541 2644 809 2701 Prmdicat
839 2638 1060 2709 angelus
1091 2654 1103 2689 :
1135 2634 1257 2688 Non
1291 2631 1623 2699 concupisces
1664 2641 1878 2680 umorem
1905 2621 2131 2694 proximi

531 2737 622 2788 qui
647 2730 920 2804 (Deut.v),
946 2738 1000 2783 et
1028 2734 1225 2782 caetera
1243 2720 1545 2790 huiusmodi
1574 2738 1588 2772 :
1615 2718 1764 2772 audit
1791 2717 1879 2770 hic
1907 2713 2132 2784 quilibet

547 2824 848 2885 hominum,
891 2828 947 2872 et
972 2817 1182 2872 videtur
1211 2814 1259 2870 ei
1285 2827 1404 2867 esse
1433 2810 1644 2871 durum,
1681 2823 1781 2862 nec
1803 2806 1915 2861 vult
1944 2805 2130 2858 audire

548 2917 670 2986 ejus
687 2910 990 2967 consilium.
1013 2906 1164 2962 Unde
1179 2913 1233 2960 et
1254 2902 1462 2973 spernit
1483 2901 1709 2954 verbum
1738 2898 1898 2962 illius,
1927 2896 2130 2950 faciens

544 3006 690 3076 quod
714 3004 814 3058 sibi
833 3002 1063 3055 videtur.
1083 2997 1195 3052 Hoc
1210 2995 1390 3063 itaque
1404 2992 1548 3062 quod
1562 2991 1634 3045 illi
1648 2998 1862 3062 poterat
1876 2987 2132 3057 prodesse

548 3098 618 3152 ad
637 3097 883 3156 salutem,
899 3094 944 3147 si
969 3087 1284 3146 voluissctei
1307 3087 1547 3148 credere,
1563 3083 1794 3140 vertitur
1815 3082 1888 3136 illi
1911 3082 1964 3134 in
1982 3080 2132 3132 dam-

549 3187 844 3243 nationem.
863 3182 1123 3237 Similiter
1134 3189 1186 3234 et
1200 3177 1424 3248 quilibet
1444 3189 1684 3244 paganus
1699 3172 1846 3225 audit
1864 3171 2130 3224 dicentem

2231 1974 2479 2038 videlicet
2520 1973 2628 2052 hoc
2649 1971 2793 2041 quod
2813 1966 3040 2038 professi
3066 1972 3192 2020 sunt
3217 1963 3274 2017 in
3305 1962 3616 2030 baptismo,
3652 1968 3809 2012 tenent

2229 2077 2285 2124 et
2311 2067 2544 2138 gratiam
2566 2063 2819 2134 baptismi
2841 2061 3100 2116 illibatam
3123 2055 3467 2128 custodiunt,
3493 2054 3806 2108 absunentes

2231 2172 2290 2222 se
2317 2157 2386 2212 ab
2411 2155 2664 2210 omnibus
2699 2150 3038 2222 gravioribus
3075 2146 3421 2208 criminibus.
3461 2143 3720 2196 Habentes
3743 2142 3805 2192 ci-

2231 2251 2412 2305 tharas
2439 2247 2558 2315 Dei.
2601 2246 2708 2316 lpsi
2755 2253 2884 2299 sunt
2926 2243 3170 2304 citharae,
3217 2239 3346 2308 quia
3399 2237 3454 2312 in
3504 2235 3805 2292 memoriam

2231 2340 2526 2397 Dominica:
2574 2337 2845 2409 passionis
2897 2333 3221 2402 semetipsos
3269 2329 3608 2383 inortiﬁmut.
3657 2326 3804 2378 Sicut

2230 2435 2374 2502 enim
2397 2434 2511 2505 jam
2533 2446 2694 2501 supra
2727 2430 2929 2483 dictum
2957 2436 3075 2482 est:
3105 2425 3162 2479 ln
3191 2424 3390 2478 cithara
3413 2423 3604 2489 lignum
3636 2426 3716 2471 est
3737 2425 3791 2469 et

2231 2527 2448 2583 chordae
2477 2543 2491 2578 :
2523 2525 2578 2578 in
2608 2523 2753 2594 ligno
2784 2536 2914 2574 crux
2941 2516 3286 2588 intelligitur,
3314 2515 3365 2568 in
3385 2513 3592 2566 chordis
3615 2519 3792 2569 autem

2233 2619 2399 2675 corda
2440 2623 2774 2678 sanctorum,
2804 2611 2985 2686 quise
3034 2607 3369 2664 mortiﬁcant
3415 2620 3536 2658 cum
3572 2603 3713 2656 vitiis
3749 2609 3794 2656 et

2231 2707 2708 2779 concupiscentiis,
2736 2705 2804 2759 de
2833 2704 3030 2772 quibus
3071 2700 3271 2755 Paulus
3298 2699 3438 2753 dicit
3463 2716 3478 2751 ;
3509 2697 3611 2761 Qui
3644 2705 3791 2748 aitth

2231 2814 2349 2858 sunt
2380 2803 2594 2866 Christi,
2645 2814 2853 2871 carnem
2901 2811 3052 2849 suam
3093 2792 3478 2860 cruciﬁxcrunt
3529 2805 3641 2842 cur:

2231 2910 2278 2956 et
2314 2891 2741 2964 concupiscentiis
2767 2887 2909 2960 (Gal.
2941 2871 3022 2958 ν).¹

2231 2972 2248 2981 ’
2303 2985 2371 3040 Et
2397 2992 2665 3037 cantantes
2696 2980 2957 3032 canticum
2989 2975 3157 3045 Moysi
3182 2973 3320 3028 servi
3337 2973 3455 3043 ,Dei
3482 2982 3532 3025 et
3567 2970 3786 3023 cuiuisi:

2234 3079 2389 3148 Agni,
2403 3077 2633 3129 dicentes
2655 3085 2672 3123 :
2697 3071 2754 3124 1n
2779 3069 2993 3125 cantico
3015 3068 3179 3138 Moysi
3201 3065 3375 3120 Vetus
3391 3065 3786 3124 Testamentum,

2237 3170 2289 3223 in
2314 3166 2452 3236 Agni
2475 3179 2604 3218 vero
2632 3161 2839 3216 Novum
2866 3158 3199 3229 intelligitur.
3226 3156 3330 3210 Est
3351 3157 3509 3211 enim
3536 3155 3630 3208 hoc
3649 3152 3705 3204 ab
3723 3151 3784 3202 is—

546 3280 828 3351 angclum:
857 3278 960 3344 Qui
984 3232 1300 3335 non—credit,
1309 3272 1427 3340 jam
1442 3232 1714 3338 iudicatus
1731 3274 1803 3318 est
1821 3261 2124 3333 (Ionium):
2160 3232 2204 3292 Ο
2237 3232 2524 3313 ferioiibus
2577 3251 3017 3321 intelligendum,
3065 3264 3186 3316 nam
3237 3247 3376 3316 quid
3438 3247 3514 3300 sit
3564 3245 3785 3300 cantum

549 3374 700 3430 audit
728 3372 836 3436 ille,
867 3380 923 3424 et
949 3366 1247 3424 contemnit
1273 3363 1517 3426 credere,
1545 3360 1776 3428 ideoque
1816 3355 2131 3410 vulneratus

545 3474 719 3518 est-ex
747 3462 920 3532 ipsius
943 3460 1120 3514 divina
1147 3454 1556 3527 praedicatione,
1584 3451 1637 3504 in
1661 3463 1764 3518 qua
1782 3447 1892 3517 jam
1910 3446 2133 3500 damna-

545 3563 640 3607 tus
659 3552 940 3606 asseritur.
956 3549 1088 3603 Cum
1107 3560 1235 3614 ergo
1256 3545 1370 3597 istae
1399 3541 1570 3610 plagze
1592 3538 1660 3591 ab
1681 3537 1798 3606 ipso
1820 3533 2003 3588 mundi
2024 3533 2134 3588 sint

549 3639 838 3710 principio,
869 3645 927 3690 ut
959 3637 1158 3689 dictum
1186 3640 1292 3694 cst,
1308 3630 1438 3699 quid
1459 3637 1542 3683 est
1559 3627 1703 3696 quod
1736 3625 2012 3684 Iohannes
2031 3636 2133 3677 an-

548 3728 702 3801 gelos
721 3741 781 3782 se
802 3726 998 3780 vidisse
1019 3724 1168 3786 dicit,
1185 3722 1446 3782 habentes
1471 3727 1676 3787 septem
1699 3716 1884 3788 plagas
1907 3714 2135 3769 novissi»

545 3820 709 3876 mas?
727 3819 854 3889 quia
883 3815 1131 3871 videlicet
1153 3824 1282 3868 tunc
1299 3812 1473 3882 major
1502 3809 1607 3864 erit
1630 3806 1908 3862 damnatio
1946 3803 2136 3858 inﬁde-

546 3913 729 3969 -litatis
750 3910 1123 3980 reproborum,
1138 3922 1259 3962 cum
1286 3901 1700 3975 praedicantibus
1719 3899 1834 3954 Elia
1859 3897 2134 3962 ctEnoch,

547 4006 712 4078 .pauci
736 4019 832 4059 eos
860 4001 1098 4065 audient,
1131 3998 1281 4053 multi
1312 4007 1492 4050 autem
1515 3994 1884 4050 inﬁdelitatem
1905 4004 2138 4060 sequen-

555 4107 658 4161 tes,
684 4094 1033 4150 adhmrebunt
1052 4090 1408 4146 Antichristo.
1429 4087 1580 4143 Unde
1595 4084 1936 4155 subjungitur
1959 4083 2135 4148 :Quo»

549 4191 700 4243 niam
722 4189 776 4240 in
802 4187 883 4239 his
906 4193 1265 4238 consummata
1291 4189 1365 4234 est
1391 4194 1489 4249 pro
1515 4193 1582 4232 eo
1605 4177 1747 4246 quod
1768 4185 1870 4239 est,
1886 4189 2140 4230 consum.

551 4278 796 4334 mabitur
817 4277 898 4329 ira
943 4274 1060 4328 Dei.
1112 4271 1307 4328 Statim
1355 4270 1501 4323 enim
1544 4267 1726 4321 veniet
1780 4264 2027 4319 Christus
2068 4262 2136 4318 ad

549 4365 813 4435 judicium
869 4373 990 4433 post
1037 4360 1278 4416 ultimam
1325 4373 1512 4414 eorum
1559 4355 1992 4426 praedicationem
2019 4393 2035 4418 ,
2085 4361 2141 4409 et

548 4454 957 4516 damnabantur
1005 4450 1173 4521 iniqui
1221 4464 1320 4518 pro
1365 4463 1462 4502 sua
1512 4444 1830 4500 inﬁdelitate
1873 4453 1931 4498 et
1972 4442 2138 4499 animi

561 4546 878 4615 pertinacia,
907 4560 1012 4615 qua
1058 4543 1426 4610 relinquentes
1468 4537 1768 4603 Christum,
1820 4544 1876 4592 et
1921 4535 2140 4606 insuper

563 4649 750 4691 servos
781 4636 877 4689 Dei
905 4634 1312 4689 interfecerunt.

549 4757 554 4762 ε
635 4727 704 4782 Et
748 4726 856 4780 vidi
907 4736 1154 4796 tanquam
1199 4740 1343 4779 mare
1385 4724 1601 4778 vitreum
1647 4724 1766 4794 igne
1814 4722 2135 4793 permistum.

544 4819 667 4890 ipsi
688 4818 778 4888 qui
805 4818 1006 4872 habent
1032 4825 1237 4884 septem
1262 4815 1470 4884 phialas
1496 4822 1552 4869 et
1577 4823 1785 4883 septem
1815 4813 2016 4884 plagas,
2037 4812 2137 4882 ipsi

563 4921 689 4968 sunt
715 4910 806 4982 qui
835 4917 980 4964 stant
1004 4923 1168 4978 supra
1197 4923 1368 4962 mare.
1398 4907 1543 4962 Mare
1583 4907 1766 4978 itaque
1807 4908 2136 4978 baptismum

565 5002 849 5072 signiﬁcat,
880 5009 1110 5058 testante
1157 4999 1344 5064 Paulo,
1369 4999 1462 5070 qui
1502 4999 1632 5055 dicit
1671 5018 1684 5054 :
1725 4996 1915 5055 Patres
1977 5001 2139 5056 nostri

563 5091 659 5146 sub
692 5091 826 5143 nube
853 5105 1027 5143 omnes
1058 5089 1288 5159 fuerunt,
1335 5099 1382 5144 et
1417 5106 1594 5144 omnes
1624 5106 1768 5145 mare
1797 5091 2138 5159 transierunt,

563 5193 614 5239 et
642 5199 819 5239 omnes
845 5182 1091 5252 baptismi
1118 5194 1240 5238 sunt
1263 5183 1320 5236 in
1345 5184 1478 5238 nube
1503 5192 1553 5238 et
1579 5185 1633 5238 in
1667 5185 1800 5238 mari
1832 5183 1884 5254 (Ι
1913 5182 2035 5238 Cor.
2061 5183 2140 5255 ι).

567 5274 810 5329 Vitreum
837 5274 1054 5338 dicitur,
1084 5283 1306 5345 propter
1333 5276 1625 5346 puritatem
1657 5275 1805 5342 ﬁdei,
1825 5291 1947 5346 qum
1967 5277 2144 5332 mani-

568 5367 801 5422 testatur
821 5365 876 5421 in
905 5366 1189 5436 baptismo,
1218 5368 1342 5422 dum
1375 5365 1702 5421 conﬁtentur
1730 5382 1792 5422 se
1821 5368 2046 5424 credere
2090 5369 2144 5422 in

570 5458 738 5511 Deum
769 5454 987 5510 Patrem
1007 5466 1062 5511 et
1089 5456 1280 5511 Filium
1306 5455 1423 5524 ejus
1466 5464 1522 5512 et
1569 5456 1830 5526 Spiritum
1877 5465 2146 5522 sanctum,

569 5556 627 5601 ut
657 5545 855 5602 Paulus
880 5564 896 5602 :
924 5547 1094 5602 Corde
1119 5550 1366 5614 creditur
1409 5548 1478 5603 ad
1510 5548 1808 5620 justitiam,
1840 5566 1928 5605 ore
1971 5561 2144 5604 autem

543 5637 826 5706 .confessto
851 5637 911 5707 ﬁt
935 5638 1004 5693 ad
1033 5638 1252 5696 salutem
1290 5637 1467 5710 (Rom.
1495 5639 1573 5711 κ).
1622 5638 1730 5696 Sed
1775 5640 1950 5708 ipsunt
1993 5656 2145 5697 mare

569 5728 793 5782 mlstum
839 5737 925 5785 est
964 5729 1096 5801 igni,
1152 5741 1208 5786 et
1253 5747 1347 5802 per
1398 5732 1502 5786 hoc
1554 5730 1895 5801 coagulatum
1938 5740 2039 5787 est.
2086 5734 2142 5788 In

574 5823 695 5881 true
724 5827 903 5882 autem
945 5821 1180 5892 Spiritus
1221 5831 1438 5880 sanctus
1467 5822 1806 5894 intelligitur,
1833 5825 1947 5880 sive
1979 5827 2142 5882 etiam

2234 3346 2424 3418 Moysi,
2440 3345 2522 3399 vel
2549 3343 2818 3398 canticum
2842 3339 3002 3410 Agni,
3019 3338 3283 3410 aperiunt,
3295 3334 3438 3390 cum
3463 3336 3784 3402 subiugum:

2237 3439 2434 3510 Magna
2459 3448 2507 3492 et
2537 3433 2800 3490 mirabilia
2827 3425 2947 3486 sunt
2977 3447 3131 3501 opera
3159 3427 3527 3492 tua,Domine
3552 3426 3680 3480 Deus
3704 3440 3784 3476 αι-

2235 3534 2490 3602 nipelens.
2525 3528 2815 3598 Utriusque
2837 3521 3170 3579 Testamenti
3203 3522 3420 3591 pagina:
3463 3521 3569 3574 hoc
3599 3529 3785 3572 consona

2239 3623 2398 3678 nobis
2427 3635 2559 3675 voce
2594 3625 2880 3678 testantur,
2913 3614 3036 3683 quia
3068 3628 3261 3681 magna
3293 3620 3354 3664 et
3386 3609 3658 3664 mirabilia
3696 3615 3788 3661 sust

2237 3728 2400 3784 opera
2428 3707 2812 3780 omnipotentis
2831 3705 2948 3778 Dei.
2975 3703 3184 3778 Moyses
3209 3717 3436 3772 quoque
3471 3710 3656 3756 narrat
3689 3710 3787 3766 quo-

2239 3793 2401 3862 modo
2425 3803 2617 3860 fecerit
2643 3802 2784 3855 Deus
2805 3797 3004 3854 coelum
3031 3806 3086 3851 et
3113 3807 3334 3860 terram,
3367 3812 3532 3851 mare
3577 3806 3628 3851 et
3649 3791 3790 3848 omnis

2237 3913 2358 3968 quas
2391 3897 2447 3951 in
2478 3894 2557 3951 eis
2578 3901 2724 3959 sunt,
2742 3897 2797 3943 et
2823 3888 2967 3958 quod
2991 3887 3212 3956 spiritus
3235 3886 3335 3961 Dei
3368 3887 3648 3942 ferebatur
3669 3897 3789 3952 super

2238 4005 2430 4060 aquas,
2454 3997 2506 4044 et
2541 3987 2684 4057 quod
2730 3981 2934 4045 viderit
2971 3981 3161 4035 ardere
3208 3980 3410 4033 rubum
3443 3990 3505 4034 et
3541 3981 3791 4034 robustius

2237 4081 2676 4138 comburebatur.
2705 4078 2928 4149 Virgam
2972 4088 3184 4142 quoque
3225 4071 3359 4125 dicit
3397 4085 3713 4126 conversam
3753 4069 3794 4120 in

2240 4175 2546 4236 draconem,
2599 4186 2770 4242 aquas
2817 4168 3038 4240 {Egypti
3090 4174 3327 4220 mutatas
3381 4167 3438 4219 in
3492 4164 3794 4234 sanguinem.

2239 4263 2532 4335 {Egyptum
2555 4263 2740 4318 decem
2777 4261 2952 4337 plagis
2981 4273 3315 4332 percussam,
3339 4267 3403 4312 et
3429 4272 3589 4329 mare
3633 4255 3695 4308 ad
3738 4254 3796 4305 iu-

2240 4374 2485 4430 gressum
2511 4357 2742 4412 ﬁliorum
2770 4354 2934 4410 Israel
2959 4353 3189 4409 divisum
3213 4369 3226 4404 :
3255 4350 3460 4405 deinde
3484 4363 3658 4419 aquas
3677 4360 3793 4400 amo

2241 4451 2487 4507 rissimas
2515 4448 2843 4502 immistione
2871 4445 2999 4516 ligni
3043 4444 3371 4512 dulcoratas,
3398 4450 3456 4496 et
3506 4441 3794 4506 sitientipn»

2242 4541 2367 4613 pulo
2391 4553 2584 4612 aquam
2613 4538 2680 4592 de
2708 4545 2861 4606 petra
2884 4536 3295 4606 productam,ct
3319 4533 3495 4587 multa
3530 4535 3618 4587 his
3641 4529 3796 4586 similia

2167 4602 2218 4662 Β
2245 4602 2366 4701 quae
2391 4602 2458 4684 in.
2478 4629 2659 4685 Veteri
2687 4602 3051 4690 Testamento,
3074 4627 3177 4680 hoc
3197 4635 3281 4683 est
3303 4626 3355 4678 in
3387 4624 3570 4696 Moysi
3601 4623 3797 4682 cautim,

2245 4727 2757 4778 conimemorantur.
2803 4717 2861 4773 In
2889 4715 3038 4772 Novo
3060 4731 3275 4786 quoque
3301 4715 3665 4770 Testamento
3706 4729 3799 4766 nar

2247 4820 2435 4866 rantur
2455 4809 2703 4865 similiter
2733 4823 2927 4879 magna
2956 4817 3010 4862 et
3039 4807 3309 4866 mirabilia
3339 4822 3514 4876 opera
3545 4809 3661 4864 Dei.
3698 4807 3800 4873 (his

2243 4905 2388 4958 enim
2413 4902 2572 4973 digne
2615 4901 2887 4971 explicare
2910 4899 3049 4954 valet
3077 4915 3238 4969 quam
3271 4917 3536 4971 magnum
3568 4904 3642 4957 sit
3674 4919 3799 4972 opai.

2244 4995 2387 5066 quod
2416 4994 2557 5048 Deus
2583 4995 2742 5048 homo
2767 4991 2942 5047 factus
2972 5000 3077 5058 est,
3101 4992 3243 5063 quod
3271 4992 3357 5046 ille
3407 4995 3506 5062 qui
3552 5005 3641 5050 est
3680 4995 3804 5048 cibus

2245 5089 2510 5160 omnium,
2541 5087 2679 5142 lacte
2704 5086 2945 5142 mulieris
2969 5087 3224 5149 nutritur,
3249 5101 3315 5141 ne
3344 5087 3494 5142 fame
3528 5089 3805 5144 moriatur:

2245 5183 2386 5252 quod
2409 5181 2498 5252 qui
2521 5179 2715 5235 coelum
2733 5189 2790 5235 et
2817 5188 3014 5234 terram
3042 5180 3247 5250 implet.
3277 5181 3419 5234 intra
3445 5196 3657 5251 corpus
3682 5182 3807 5234 naias

2248 5272 2472 5343 virginis
2515 5271 2870 5326 concluditur.
2903 5270 3036 5338 Quis
3066 5271 3177 5326 haec
3203 5281 3262 5326 et
3287 5272 3371 5326 his
3423 5273 3634 5328 similia
3678 5273 3808 5342 digne

2247 5363 2429 5419 dicere
2450 5361 2533 5417 vel
2569 5361 2913 5417 considerare
2935 5360 3164 5416 sufﬁcit?
3194 5362 3302 5418 Sed
3327 5379 3454 5418 cum
3479 5366 3608 5421 haec
3654 5365 3810 5419 omnia

2250 5453 2432 5511 divina
2451 5455 2624 5526 pietas
2659 5463 2953 5526 pateretur,
2983 5469 3214 5526 cumque
3245 5465 3488 5511 mortuos
3513 5457 3810 5512 suscitaret.

2249 5546 2494 5602 inﬁrmos
2528 5554 2781 5613 sanaret,
2809 5547 2881 5602 ad
2911 5547 3162 5602 ultimum
3209 5548 3374 5618 (quod
3419 5549 3701 5620 pnecipue
3747 5553 3815 5598 est

2249 5639 2574 5712 mirandum)
2616 5639 2816 5695 factum
2841 5648 2926 5696 est
2953 5649 3014 5695 ut
3041 5642 3149 5696 vita
3177 5651 3500 5706 moreretur,
3533 5643 3712 5697 virtus
3747 5640 3812 5693 is-

2251 5733 2578 5797 ﬁrmaretttr,
2622 5741 2677 5786 et
2718 5731 2884 5786 multa
2928 5731 3014 5787 his
3053 5731 3249 5787 similia
3286 5721 3622 5800 sustineret,
3663 5733 3810 5789 deos

2248 5833 2368 5895 post
2391 5825 2719 5894 triumphum
2745 5825 3165 5910 resurrectionis
3209 5824 3478 5884 esaltatus
3519 5835 3612 5884 est
3669 5837 3812 5886 sum
