3972 6434
148 409 278 486 tisi

1069 408 1432 468 EXPOSITIO
1465 406 1536 462 ιΝ
1574 403 2076 461 APOCALYPSIN.
2115 435 2186 446 -—-
2219 403 2353 461 LIB.
2391 403 2454 461 ν.

3274 404 3412 460 dli?

147 543 328 602 omnia
353 559 366 596 :
389 540 508 596 haec
536 527 718 605 Itaque
759 546 922 604 opera
953 529 1047 584 Dei
1079 528 1252 584 sancti
1280 524 1475 594 angeli,
1519 522 1573 576 id
1605 528 1724 586 .est,
1754 521 1803 582 Α
1833 527 2180 586 rant'morte,
2207 521 2277 576 ad
2309 521 2473 574 vitam
2501 519 2893 591 praedestiuans
2921 518 3118 575 salvas.
3149 518 3410 584 Quoniam

147 647 339 692 omnes
359 628 744 702 praedicatores
765 621 1082 693 prmdicant,
1110 618 1226 672 haec
1251 628 1442 670 omnes
1471 611 1588 666 suis
1628 624 1726 664 au-

149 720 414 779 ditoribus
442 721 685 770 narrant.
713 711 840 766 Hrec
866 720 920 765 et
947 723 1064 773 nos,
1103 706 1149 761 si
1193 719 1300 760 non
1335 703 1512 771 digne,
1538 708 1725 754 tamen

147 825 248 883 pro
273 806 490 864 modulo
517 811 708 860 nostro
736 801 996 855 debemus
1020 810 1200 866 agere,
1223 794 1466 849 dicentes
1493 808 1504 842 :
1536 789 1726 858 Magna

147 880 206 959 et
229 896 498 956 mirabilia
538 907 704 964 opera
739 899 865 955 tua,
894 887 1121 942 Domine
1171 884 1314 939 Deus
1359 880 1724 949 onmipotens,

147 994 397 1065 quicum
433 989 582 1043 esses
622 983 847 1039 verbum
894 981 948 1035 in
997 977 1261 1049 principio
1310 986 1554 1027 manens»
1585 969 1726 1039 apud

147 1087 388 1148 Patrem,
419 1094 561 1136 novo
579 1077 774 1135 ordine
798 1074 1017 1128 indutus
1055 1085 1114 1124 es
1153 1066 1451 1128 hominem,
1484 1071 1728 1118 mortuus

149 1191 209 1231 es
249 1189 350 1245 pro
394 1171 572 1236 nobis,
624 1166 942 1222 mirabiliter
987 1160 1303 1217 suscitatus,
1345 1170 1509 1223 super
1558 1151 1726 1206 eteius

147 1265 413 1327 eieratus,
431 1262 628 1315 iterum
656 1260 724 1311 ad
745 1253 1005 1325 judicium
1025 1257 1305 1304 venturus.
1327 1245 1497 1298 Iusta:
1522 1251 1568 1296 et
1595 1255 1728 1295 cera:

145 1363 246 1413 eia:
260 1366 385 1419 tum,
401 1370 492 1408 rex
508 1349 839 1406 surculorum.
867 1346 1118 1412 Legimus
1134 1341 1188 1394 in
1208 1336 1404 1398 Genesi
1425 1335 1569 1404 quod
1584 1332 1728 1387 Deus

144 1446 492 1516 omnipotens
520 1438 744 1496 recessit
789 1437 856 1491 ab
887 1435 1033 1490 omni
1080 1439 1276 1502 genere
1303 1428 1559 1488 humano,
1581 1422 1727 1493 quod

144 1552 273 1590 cum
302 1514 456 1604 aquis
485 1529 670 1586 diluvii
725 1526 1027 1588 delet-isset,
1068 1521 1297 1576 adhaesit
1338 1517 1449 1572 Noe
1498 1524 1554 1569 et
1605 1514 1734 1569 ﬁliis

144 1628 282 1698 ejus,
316 1627 440 1697 quia
487 1622 689 1678 inventi
744 1627 869 1673 sunt
915 1615 1068 1687 justi.
1107 1613 1308 1667 Deinde
1337 1611 1388 1665 in
1416 1607 1727 1678 superbiam
1766 1675 1770 1679 ι

144 1718 366 1779 clevati,
391 1724 671 1785 postquam
697 1706 1036 1778 multiplicati
1059 1713 1206 1768 sunt,
1227 1701 1510 1757 voluerunt
1536 1706 1728 1754 contra

149 1809 320 1861 Deum
339 1803 606 1859 mdilicare
633 1799 846 1863 turrim,
864 1796 1044 1866 ibique
1067 1807 1258 1849 omnes
1277 1799 1465 1861 gentes
1491 1800 1730 1844 recesse-

146 1905 280 1952 runt
304 1910 333 1949 a
365 1893 459 1949 Dei
487 1891 724 1955 cultura,
749 1895 946 1959 praeter
960 1863 1199 1940 librabat
1226 1881 1555 1953 progeniem.
1581 1877 1732 1933 Delio
1758 1863 1804 1924 Β

144 1988 267 2060 quit
288 2000 416 2056 ergo
449 1984 592 2038 Deus
613 1980 958 2049 omnipotens
978 1992 1090 2042 eas,
1105 1985 1160 2031 et
1179 1973 1408 2030 adhaesit
1422 1971 1652 2026 Abrahae
1673 1977 1735 2024 et

147 2057 346 2135 semini
375 2073 513 2142 ejus,
547 2073 638 2142 qui
668 2086 790 2125 eum
821 2069 980 2138 longo
1022 2075 1263 2136 tempore
1287 2062 1590 2117 coluerunt.
1621 2057 1728 2114 Sed

144 2179 438 2240 postquam
455 2165 624 2221 Filius
637 2164 732 2217 Dei
751 2161 900 2215 venit
919 2160 986 2213 ad
1007 2173 1122 2223 eos,
1148 2161 1482 2226 negaverunt
1504 2166 1628 2206 eum
1648 2150 1730 2206 di-

141 2267 336 2315 centes
365 2275 382 2312 :
415 2255 571 2310 Hunc
598 2253 856 2308 nescimus
878 2249 1015 2303 unde
1039 2249 1106 2302 sit
1138 2245 1318 2317 (Joan.
1345 2245 1456 2313 lx);
1500 2249 1574 2306 et,
1615 2241 1728 2295 dte-

142 2351 384 2404 monium
409 2347 564 2400 habet
591 2343 809 2415 (Matth.
843 2341 943 2412 xu).
979 2340 1132 2396 Unde
1157 2346 1356 2392 etcum
1377 2335 1539 2390 morti
1564 2333 1732 2388 tradi-

140 2441 366 2495 derunt.
391 2436 638 2492 Recessit
673 2435 742 2488 ab
766 2433 866 2496 eis,
895 2440 952 2486 et
990 2429 1242 2509 transivit
1272 2427 1339 2480 ad
1358 2433 1578 2495 gentes.
1610 2423 1732 2479 Istae

141 2533 252 2588 vise
272 2527 660 2599 omnipotentis
682 2523 778 2579 Dei
808 2523 968 2594 justze
989 2529 1042 2574 et
1066 2534 1206 2574 verae
1233 2525 1380 2581 sunt,
1401 2515 1527 2584 quia
1548 2515 1627 2568 sic
1647 2521 1734 2568 est

135 2622 351 2692 justum
380 2618 521 2688 apud
546 2615 1006 2684 Omnipotentem,
1033 2619 1095 2664 ut
1117 2610 1210 2680 qui
1238 2608 1314 2662 illi
1341 2607 1617 2660 adhaerent
1635 2619 1734 2674 per

141 2713 314 2768 ﬁdem
342 2717 398 2764 et
422 2707 801 2767 dilectionem,
839 2717 962 2758 cum
995 2702 1077 2757 eis
1125 2707 1344 2754 maneat
1371 2716 1384 2750 :
1409 2697 1501 2766 qui
1551 2705 1731 2751 autem

140 2804 214 2858 ab
239 2816 306 2857 eo
336 2799 620 2864 recedunt,
651 2811 746 2852 eos
773 2795 1065 2863 relinquat.
1104 2790 1231 2845 Vias
1269 2789 1415 2844 enim
1444 2787 1539 2842 Dei
1572 2787 1733 2841 debe-

139 2910 272 2951 mus
295 2893 596 2963 intelligerc
623 2891 868 2944 actiones
895 2888 1085 2957 ipsius,
1109 2899 1230 2953 qua:
1250 2881 1410 2950 justas
1436 2888 1584 2943 sunt,
1605 2879 1732 2948 quia

141 2988 294 3042 Deus
321 2985 518 3052 injuste
550 2982 682 3037 nihil
709 2994 873 3051 agere
900 2983 1096 3048 potest,
1120 2989 1245 3029 nam
1266 2971 1411 3042 quod
1428 2970 1563 3024 alios
1587 2970 1735 3023 danu

144 3086 267 3141 nat,
300 3091 437 3131 auos
465 3072 890 3129 misericorditer
915 3069 1130 3128 liberat,
1165 3065 1220 3118 in
1269 3063 1354 3116 bis
1399 3060 1730 3123 misericors,

141 3171 196 3224 in
219 3167 328 3223 illis
350 3174 529 3221 autem
549 3163 729 3232 justus
746 3159 909 3229 judex
927 3173 1046 3212 esse
1058 3153 1415 3226 dignoscitur.
1431 3149 1728 3212 Ponamus,

1826 625 2002 664 omnes
2034 619 2208 680 gentes
2235 611 2438 665 uenient
2468 609 2746 681 gressibus
2779 607 2903 663 ﬁdei
2948 616 3004 664 et
3031 609 3240 676 cordis,
3283 610 3411 679 quis

1825 699 1991 755 Judtei
2019 707 2073 756 te
2101 708 2454 770 negaverunt.
2481 699 2550 753 Et
2577 699 2876 754 adorabunt
2897 697 2962 753 .in
2991 709 3264 768 conspectu
3293 709 3408 767 tuo.

1828 791 1942 846 Hoc
1977 799 2088 857 est,
2137 792 2385 846 in'corde
2411 807 2580 861 puro,
2625 792 2770 862 quod
2818 791 2967 848 solus
2994 792 3163 847 vides.
3205 793 3282 847 De
3309 792 3412 848 hac

1828 885 2144 940 adorationc
2180 884 2436 937 Dominus
2462 884 2673 938 mulieri
2719 883 3076 939 Samaritana:
3109 882 3282 938 dicit:
3314 883 3414 940 γε.

1829 973 1931 1027 niet
1955 973 2085 1026 hora
2110 973 2321 1042 quando
2346 973 2453 1026 reri
2473 973 2778 1028 adoratores
2799 973 3094 1028 adorabunt
3117 971 3331 1030 Patrem
3357 975 3416 1029 in

1827 1065 2012 1133 spiritu
2039 1072 2089 1116 et
2119 1064 2329 1116 veritate
2371 1061 2552 1132 (Joan.
2579 1061 2677 1130 tv).
2701 1063 3052 1127 —-Quoniam
3072 1062 3283 1131 judicia
3315 1073 3410 1117 tua

1828 1155 2106 1222 mnifesto
2149 1164 2290 1207 sunt.
2338 1155 2574 1220 Quaestio
2609 1155 2786 1209 oritur
2825 1155 2878 1209 in
2919 1155 3023 1210 hoc
3057 1155 3210 1220 loco,
3235 1153 3415 1221 Quare

1829 1248 2222 1318 triumphantes
2251 1247 2318 1301 de
2345 1246 2516 1300 bestia
2540 1246 2742 1310 dicant,
2765 1246 2979 1300 Iudicia
3007 1255 3098 1299 tua
3125 1245 3412 1315 manifesta

1827 1351 1980 1400 sunt,
2012 1353 2134 1392 cum
2179 1335 2470 1406 Apostolus
2512 1337 2690 1400 dicat,
2721 1335 2766 1389 0
2798 1334 3021 1388 altitudo
3055 1337 3328 1404 sapientite
3367 1342 3418 1388 et

1828 1428 2056 1484 scientia;
2087 1427 2203 1482 Dei.
2253 1426 2426 1492 Quam
2454 1425 2995 1494 incomprehensibilia
3043 1435 3168 1480 sunt
3205 1426 3416 1494 judicia

1828 1520 1958 1590 ejus,
1991 1530 2038 1574 et
2067 1516 2446 1588 inuestigabiles
2477 1519 2570 1571 ne
2601 1517 2749 1586 ejus!
2777 1515 2952 1586 (Rom.
2982 1516 3240 1584 x1.)Qu:n
3269 1530 3417 1585 quat-

1829 1613 1936 1667 stio
1981 1611 2056 1665 ita
2097 1609 2325 1664 solvitur
2365 1627 2378 1661 :
2417 1607 2785 1662 Subtilitatem
2836 1607 3051 1675 quidem
3089 1604 3420 1674 judicion

1830 1703 1946 1768 Dei,
1973 1717 2144 1771 quare
2172 1701 2380 1757 scilicet
2403 1700 2506 1754 hoc
2532 1699 2660 1760 vult,
2695 1707 2755 1753 ut
2781 1698 2912 1752 illud
2940 1697 3052 1761 ﬁat,
3080 1713 3241 1752 nemo
3269 1712 3418 1752 com-

1829 1793 2168 1866 prehendere
2215 1791 2379 1847 valet.
2419 1789 2552 1857 Quis
2593 1790 2737 1844 enim
2782 1789 2962 1844 dicere
3002 1797 3210 1857 potest,
3250 1803 3419 1858 quare

1833 1885 1974 1942 Deus
1997 1885 2088 1954 qui
2129 1883 2279 1956 prius
2319 1892 2510 1954 gentes
2547 1882 2666 1937 vias
2691 1895 2818 1936 suas
2855 1881 3024 1936 libere
3057 1880 3262 1950 ingredi
3291 1895 3416 1949 per-

1829 1977 1996 2040 misit,
2024 1974 2237 2030 Judatos
2279 1973 2384 2030 sibi
2424 1972 2637 2037 ascivit,
2668 1979 2725 2026 et
2750 1971 2966 2035 deinde,
2994 1966 3206 2024 Judaeos
3239 1968 3416 2036 repel-

1829 2069 1965 2132 lens,
1988 2075 2177 2137 gentes
2197 2063 2577 2121 advocaverit?
2599 2061 2880 2117 Manifesta
2904 2075 3032 2116 vero
3057 2069 3182 2116 sunt
3213 2058 3267 2116 in
3291 2059 3418 2123 hoc,

1831 2160 2042 2216 scilicet
2085 2156 2231 2226 iusta
2259 2163 2404 2222 sunt,
2434 2155 2564 2225 quia
2583 2152 2843 2222 quidquid
2868 2152 3011 2208 Deus
3042 2149 3189 2215 fecit,
3215 2148 3424 2218 justum

1831 2266 1952 2307 esse
1976 2251 2043 2305 ab
2069 2249 2324 2305 omnibus
2348 2261 2477 2301 vera
2505 2243 2799 2302 scientibus
2819 2243 3155 2314 intelligitur.

1902 2339 2032 2394 Post
2061 2341 2172 2394 hate
2213 2338 2348 2403 nidi,
2369 2347 2419 2392 et
2444 2353 2560 2391 ecce
2589 2345 2825 2406 apertum
2854 2343 2930 2390 est
2969 2313 3216 2403 templum
3243 2313 3420 2387 taber-

1835 2430 2012 2485 naculi
2040 2428 2345 2483 Testimonii
2389 2428 2446 2480 in
2491 2425 2638 2480 οωιο.
2676 2423 3106 2482 Tabernaculum
3144 2431 3199 2478 et
3224 2423 3430 2478 caelum

1833 2539 1999 2579 unum
2023 2531 2127 2587 est,
2159 2523 2212 2576 id
2241 2529 2326 2577 est
2349 2520 2610 2575 Ecclesia.
2641 2516 2698 2572 In
2725 2519 2831 2574 hoc
2863 2518 3008 2574 .cmlo
3054 2524 3297 2586 apertum
3338 2523 3428 2570 est;

1833 2615 2113 2684 templum,
2139 2614 2281 2668 sicut
2319 2611 2689 2681 supradictum
2715 2617 2831 2674 est,
2868 2609 2920 2664 id
2949 2616 3036 2664 est
3081 2613 3427 2662 sacramenta

1832 2707 2033 2762 Christi
2081 2703 2313 2760 revelata
2366 2709 2494 2756 sunt
2543 2701 2597 2754 in
2653 2698 2932 2762 Ecclesia,
2995 2697 3258 2752 nativitas'
3306 2693 3428 2764 ejus

1834 2796 2060 2858 scilicet,
2089 2809 2270 2857 mors,
2307 2791 2520 2860 passio,
2548 2799 2606 2844 et
2627 2787 2972 2852 resurrectio,
3003 2793 3060 2846 et
3087 2794 3284 2840 caetera
3317 2783 3423 2840 hu-

1827 2885 2086 2954 jusmodi.
2130 2883 2250 2953 Ipsa
2295 2891 2475 2935 amem
2513 2878 2756 2934 Ecclesia
2802 2876 3208 2933 tabernaculum
3252 2873 3426 2930 Testi-

1835 2977 2000 3031 monii
2023 2975 2244 3038 dicitur,
2279 2972 2408 3041 quia
2427 2971 2595 3025 habet
2623 2967 2834 3023 tabulas
2851 2967 3082 3020 duorum
3106 2965 3426 3020 Testamenta.

1836 3076 2033 3122 torum.
2067 3064 2241 3118 Habet
2282 3063 2448 3117 etiam
2494 3061 2549 3115 in
2589 3075 2648 3115 se
2692 3073 2876 3113 arcam
2921 3057 3210 3112 Dominum
3238 3054 3428 3112 Iesum

1837 3155 2131 3218 Christum,
2167 3154 2221 3208 in
2257 3167 2365 3222 quo
2405 3158 2532 3206 sunt
2568 3164 2757 3206 omnes
2801 3147 3042 3204 thesauri
3072 3147 3350 3216 sapientiae
3372 3154 3432 3204 et

144 3271 204 3316 ut
232 3261 336 3314 hoc
359 3255 700 3312 manifestius
733 3253 846 3315 liat,
872 3266 984 3320 pra:
1011 3246 1184 3302 oculis
1211 3244 1348 3299 duos
1371 3249 1687 3312 peccatores
1716 3257 1730 3292 :
1762 3218 1807 3280 Ε
1839 3245 2077 3300 scicntia:
2117 3218 2449 3305 amco—mliti,
2491 3253 2684 3294 urnam
2724 3250 2940 3306 quoque
2979 3235 3162 3305 ipsum
3205 3234 3422 3290 Domini

143 3352 392 3407 Andium.
417 3347 578 3403 ambo
625 3345 803 3400 divina
847 3349 1138 3412 praecepta,
1179 3336 1377 3406 quibus
1421 3342 1483 3388 et
1515 3331 1736 3402 praemia

143 3441 437 3511 iustorum,
462 3446 516 3492 et
538 3435 798 3506 supplicia
826 3431 1170 3488 continentur
1193 3423 1569 3495 reproborum.
1594 3421 1738 3489 Quos

149 3547 274 3588 rum
304 3547 444 3586 unus
467 3542 565 3600 per
590 3527 684 3582 Dei
717 3522 1148 3581 misericordiam
1196 3517 1596 3587 compungitur,
1629 3513 1741 3585 agit

151 3624 548 3698 pmnitentiam,
585 3631 642 3676 et
681 3619 958 3676 salvatur:
991 3615 1148 3680 alter,
1181 3613 1234 3667 in
1283 3611 1396 3666 suis
1440 3607 1741 3664 sceleribus

151 3731 524 3790 perseverans,
543 3716 829 3768 damnatur
848 3711 996 3780 justo
1025 3707 1120 3762 Dei
1142 3704 1348 3773 judicio
1372 3710 1597 3772 propter
1622 3713 1741 3770 pec-

153 3788 339 3863 catum
369 3818 548 3858 suum.
579 3800 747 3855 iustae
769 3801 948 3866 itaque
976 3797 1097 3858 vim,
1122 3795 1176 3847 id
1204 3801 1320 3855 est,
1353 3793 1597 3845 actiones
1645 3788 1743 3843 Dei

151 3900 313 3971 iusta!
334 3901 479 3958 sunt,
511 3892 638 3960 quia
659 3888 809 3943 Deus
824 3886 1006 3955 justus
1025 3894 1110 3939 est
1129 3884 1316 3953 judex,
1345 3889 1402 3936 et
1430 3881 1483 3934 in
1508 3895 1616 3934 uno
1642 3878 1745 3931 mi-

158 3968 478 4049 sericordia,
530 3984 584 4037 in
633 3980 803 4035 altero
845 3985 1024 4033 autem
1069 3973 1188 4043 ejus
1235 3979 1462 4042 apparet
1509 3968 1740 4041 jusutia.

160 4076 278 4132 Nisi
322 4075 468 4131 enim
515 4072 780 4142 reprobus
827 4069 1133 4132 damnaret,
1181 4063 1438 4133 iniquitas
1479 4061 1532 4116 ei
1579 4059 1748 4132 (quod

160 4167 322 4238 absit)
355 4166 570 4238 placere
609 4162 916 4227 videretur;
967 4157 1316 4229 quamobrem
1345 4153 1436 4224 qui
1467 4151 1750 4224 praesumit

160 4259 486 4318 blandiendo
533 4257 635 4312 sibi
679 4255 748 4310 de
791 4253 888 4310 Dei
941 4250 1338 4315 misericordia,
1368 4248 1548 4304 videat
1581 4245 1748 4302 etiam

159 4353 287 4423 quia
307 4350 486 4419 justus
504 4347 673 4418 judex
701 4355 804 4403 est.
830 4345 977 4401 Bene
1003 4353 1185 4400 autem
1219 4343 1287 4398 de
1326 4341 1504 4398 bestia
1552 4340 1748 4396 trium-

161 4438 486 4512 phantesin
511 4439 757 4494 laudibs
800 4436 1032 4492 Domino
1079 4435 1266 4490 dicunt
1297 4431 1506 4486 :Justw
1537 4439 1587 4485 et
1615 4443 1749 4485 rem

161 4534 260 4587 νέω
285 4542 392 4586 tute
418 4537 564 4595 sunt,
595 4543 688 4583 rea:
731 4525 1082 4590 δίκαιοι-ατη
1107 4539 1172 4579 ac
1194 4523 1241 4578 si
1272 4514 1454 4577 dicant
1481 4537 1494 4573 :
1530 4520 1744 4575 Etcum

160 4631 374 4695 gentes,
398 4621 596 4691 quibus
617 4619 755 4674 iram
779 4617 1023 4690 irrogare
1069 4613 1363 4679 debueras,
1420 4611 1488 4667 ad
1532 4611 1746 4667 miseri-

159 4714 406 4772 cordiam
433 4711 704 4782 perducis,
750 4723 1092 4779 nequaquam
1131 4706 1312 4776 justus
1345 4719 1468 4761 esse
1509 4702 1744 4758 desistis.

163 4809 235 4864 Et
268 4821 393 4863 cum
429 4803 663 4870 Judmos,
688 4803 885 4873 quibus
904 4817 1006 4872 pro
1039 4799 1176 4872 legis
1219 4797 1563 4854 observantia
1607 4810 1749 4849 mer-

163 4899 354 4956 cedem
382 4905 436 4951 te
457 4896 588 4952 dare
615 4894 967 4965 promiseras,
986 4893 1160 4948 iratus
1185 4889 1423 4962 repellis,
1447 4887 1751 4944 nullatenus

165 4994 456 5049 veritatem
488 4989 713 5046 amittis.

243 5086 374 5152 Quis
399 5102 502 5140 non
530 5083 727 5138 timebit
753 5089 824 5147 te,
849 5079 1091 5143 Domine,
1114 5086 1164 5132 et
1182 5074 1537 5147 magniﬁcabit
1565 5089 1750 5129 nomen

171 5180 360 5237 tuum?
391 5177 594 5233 Sensus
620 5181 742 5231 est:
775 5171 893 5229 Jam
915 5172 1041 5242 quia
1075 5168 1278 5238 judicia
1309 5178 1398 5221 tua
1436 5180 1564 5220 vera
1604 5173 1747 5227 sunt,

171 5281 230 5330 et
255 5271 372 5328 sine
399 5267 522 5322 ullis
547 5266 823 5321 hominum
848 5262 1059 5319 meritis
1080 5257 1526 5331 praecedentibus,
1556 5253 1753 5309 liberas

172 5377 312 5435 quos
331 5359 436 5423 vis,
464 5356 597 5412 alios
629 5361 808 5409 autem
833 5369 933 5423 pro
957 5353 1070 5408 suis
1099 5349 1278 5406 debite
1305 5345 1542 5419 peccatis
1572 5343 1754 5414 punis,

174 5433 298 5522 quis
320 5449 627 5505 Judaeorum
675 5452 768 5499 aut
793 5433 1032 5512 gentium
1074 5457 1181 5498 non
1215 5438 1426 5494 timebit
1467 5436 1566 5491 te?’
1593 5435 1646 5490 id
1672 5442 1758 5490 est

175 5545 298 5616 quis
325 5558 433 5600 non
472 5538 694 5596 habebit
734 5536 1093 5592 reverentiam
1127 5531 1364 5589 nominis
1393 5529 1507 5585 tui?
1535 5528 1602 5582 Et
1637 5525 1760 5596 quis

177 5652 284 5691 non
321 5629 684 5706 magniﬁcabit
722 5641 918 5682 nomen
959 5634 1140 5688 tnum,
1162 5625 1316 5694 juxta
1346 5621 1473 5677 illud
1493 5661 1507 5686 ,
1535 5619 1760 5704 Magnus

180 5701 436 5782 Domina;
471 5731 518 5778 et
541 5719 824 5776 laudabilis
847 5718 1004 5773 nimis
1021 5713 1233 5786 7(Psal.
1259 5713 1524 5785 stvu.)-
1543 5701 1682 5778 Quia
1704 5721 1760 5764 tu

1840 3351 2050 3406 corpus,
2085 3335 2139 3389 in
2161 3349 2269 3404 quo
2299 3339 2386 3388 est
2415 3346 2580 3386 verus
2616 3329 2772 3399 panis
2810 3327 2900 3398 qui
2932 3325 3000 3382 de
3029 3323 3430 3392 omloldesccn-

1841 3430 1939 3485 dit.
1977 3427 2051 3483 lbi
2082 3436 2138 3482 et
2176 3427 2328 3496 virga
2363 3432 2446 3479 est
2474 3422 2685 3485 Aaron,
2726 3435 2846 3488 quae
2881 3417 3230 3482 fronduerat,
3258 3415 3312 3472 id
3346 3422 3433 3470 est

1841 3520 2204 3577 sacerdotium
2261 3514 2541 3586 spirituale
2565 3553 2580 3578 ,
2635 3510 2777 3582 quod
2829 3524 3016 3565 verum
3067 3507 3431 3568 sacerdotium

1843 3611 2098 3666 Ecclesiae
2124 3607 2511 3678 praasignabat.
2539 3604 2682 3660 Dicit
2709 3610 2890 3656 autem
2918 3598 3152 3654 Joannes
3187 3604 3434 3667 apertum

1842 3704 2102 3774 templum
2133 3697 2463 3756 tabernaculi
2491 3693 2809 3754 Testimonii
2844 3692 2900 3748 in
2926 3690 3089 3754 caelo,
3115 3705 3240 3746 cum
3266 3699 3435 3754 unum

1842 3793 1915 3849 sit
1953 3792 2116 3861 (sicut
2143 3788 2375 3858 dixerat)
2407 3785 2816 3842 tabernaculum
2842 3793 2898 3838 et
2923 3781 3141 3846 caelum,
3175 3791 3435 3848 tanquam

1845 3897 2016 3954 genus
2042 3881 2291 3936 dividens
2329 3895 2424 3948 per
2443 3887 2656 3946 partes,
2686 3875 2826 3932 sicut
2864 3871 3232 3942 supradictum
3257 3878 3344 3924 cst
3367 3867 3438 3924 de

1847 3989 1973 4030 arca
2001 3980 2056 4028 ct
2080 3980 2203 4027 octo
2230 3969 2532 4025 animabus.
3439 3971 3443 3974 '

1915 4065 1986 4119 Et
2021 4062 2259 4118 exierunt
2291 4069 2483 4130 septem
2530 4056 2702 4128 angeli
2739 4055 2984 4110 habentes
3025 4062 3220 4123 septem
3253 4049 3437 4121 plagas

1847 4156 1912 4210 de
1937 4150 2152 4224 templo.
2180 4149 2239 4205 In
2259 4157 2468 4218 septem
2498 4146 2726 4216 angelis,
2758 4145 2897 4199 sicut
2925 4156 3069 4213 saepe
3101 4141 3306 4208 dictum
3329 4147 3438 4206 est,

1845 4265 2038 4309 omnes
2079 4245 2452 4315 intelliguntur
2493 4242 2877 4313 praedicatores
2897 4278 2914 4304 ,
2943 4237 3069 4307 quia
3093 4232 3440 4304 septenarius

1847 4357 2110 4401 numerus
2135 4355 2234 4410 pro
2254 4336 2609 4394 universitate
2633 4332 2872 4403 ponitur.
2898 4329 2991 4387 lsti
3014 4329 3212 4384 habent
3232 4334 3438 4396 septem

1845 4433 2053 4506 plagas,
2087 4431 2192 4486 hoc
2223 4436 2336 4492 est,
2375 4423 2772 4496 plenitudinem
2792 4419 3070 4483 doctrinae,
3099 4417 3295 4486 quibus
3326 4412 3442 4468 vul-

1848 4503 2114 4582 iterantur
2139 4523 2224 4591 (ut
2247 4533 2411 4589 supra
2438 4513 2773 4584 dictum'cst)
2795 4509 3161 4580 quorumdam
3201 4506 3269 4562 ad
3295 4503 3440 4560 salu-

1853 4627 1960 4674 tem
2001 4614 2163 4674 corda
2189 4653 2204 4679 ,
2256 4609 2612 4681 quorumdam
2671 4606 2742 4662 ad
2792 4601 3107 4673 perniciem.
3160 4595 3441 4668 Templum

1851 4720 2030 4767 autem
2053 4709 2118 4764 de
2139 4721 2247 4776 quo
2268 4705 2515 4759 exierunt
2537 4699 2734 4771 angeli,
2758 4705 3024 4756 secretum
3049 4693 3230 4750 cordis
3251 4707 3440 4755 eorum

1852 4800 2188 4871 intelligitur.
2224 4795 2450 4862 Quando
2478 4793 2624 4847 enim
2667 4788 2838 4845 sancti
2881 4785 3267 4856 praedicatores
3309 4798 3450 4856 con-3

1853 4887 2187 4961 templatioui
2231 4884 2566 4946 inserviunt,
2610 4881 2678 4936 ab
2711 4877 2964 4936 omnibus
3006 4873 3188 4930 saeculi
3229 4872 3442 4936 actibus

1854 5000 1915 5042 se
1938 4984 2145 5038 alienos
2171 4979 2436 5034 reddunt:
2465 4983 2522 5030 et
2551 4989 2676 5030 cum
2714 4971 2896 5028 divina
2924 4965 3137 5036 eloquia
3171 4963 3440 5026 meditan—

1856 5085 1962 5141 tur,
1992 5072 2147 5144 qnasi
2178 5072 2230 5124 in
2263 5067 2478 5138 templo,
2509 5067 2610 5121 hoc
2644 5071 2748 5128 est,
2777 5062 2832 5116 in
2861 5067 3076 5116 secreto
3101 5055 3301 5112 mentis
3331 5068 3444 5118 sua:

1855 5171 2158 5223 morantur.
2208 5160 2313 5216 Sed
2357 5158 2484 5228 quia
2518 5171 2624 5211 non
2667 5155 2743 5210 ita
2788 5153 2988 5210 debent
3031 5148 3292 5204 insistere.
3323 5160 3442 5216 pro.—

1855 5259 2028 5330 priis,
2079 5263 2143 5310 ut
2187 5253 2495 5320 relinquant
2537 5248 2698 5304 etiam
2755 5245 2987 5302 aliorum
3051 5239 3449 5301 necessitates,

1855 5329 2076 5419 quando
2096 5347 2290 5400 iterum
2323 5339 2629 5412 procedunt
2650 5335 2719 5392 ad
2738 5335 3038 5407 publicum,
3058 5329 3446 5402 adpradican—

1860 5439 2010 5502 dum,
2033 5436 2100 5491 ad
2121 5433 2417 5494 carnalium
2439 5446 2621 5488 mores
2643 5426 3065 5500 componendas.
3093 5424 3212 5480 sive
3231 5422 3298 5476 ad
3315 5429 3448 5474 tem-

1862 5529 2067 5602 poralia
2095 5525 2534 5590 ministrandum,
2564 5522 2814 5592 quasi-dc
2853 5516 3052 5588 templo
3072 5514 3444 5587 egrediuntur,

1864 5622 2062 5692 Sicque
2085 5620 2148 5675 lit
2180 5629 2238 5674 ut
2273 5617 2506 5674 internis
2543 5614 2838 5677 inhiantes,
2881 5610 2937 5664 in
2980 5605 3176 5678 templo
3204 5606 3449 5692 sedeant,

1857 5722 1921 5771 .et
1963 5689 2150 5769 rursus
2189 5719 2378 5766 curam
2421 5705 2792 5776 proximorum
2834 5714 2940 5756 non
2985 5695 3346 5768 negligentes,
3384 5689 3453 5744 de

178 5779 322 5872 iouis
341 5812 616 5887 pius,quia
640 5810 871 5884 gratuita
887 5779 1086 5881 pietate
1105 5807 1364 5877 quosdam
1379 5779 1471 5876 qui
1487 5805 1631 5876 digni
1657 5803 1764 5860 fue-
1867 5807 2066 5878 templo
2094 5811 2310 5869 exeant,
2335 5800 2482 5856 verbi
2524 5799 2701 5870 gratia
2730 5816 2742 5851 :
2786 5794 2879 5850 Est
2906 5789 3134 5861 quilibet
3155 5785 3344 5842 doctor
3365 5779 3451 5838 vel
