3972 6450
535 417 675 474 “25

1016 410 1370 470 llAYMONlS
1407 403 2134 465 HALBERSTAT.'EPISC.
2167 403 2317 461 OPP.
2358 399 2538 458 PARS
2574 400 2614 456 l.
2651 431 2698 444 -
2755 399 3113 458 (ΞΟΠΜΕΝΤ.
3153 399 3322 456 BlBL.

3718 397 3844 456 1124

533 531 701 588 homo
721 533 1072 600 processurus
1095 523 1164 578 ad
1195 521 1488 593 publicum,
1523 517 1780 574 nt‘t‘aciat
1810 531 2113 573 sermonem
2142 521 2191 583 Α
2219 513 2410 584 rephti
2454 513 2623 570 verbo
2665 514 2984 584 sapientiae.
3017 513 3126 570 Sed
3169 515 3298 584 quia
3345 512 3689 570 absurdum
3737 526 3840 569 erat

535 623 606 679 ad
639 620 925 692 populum,
966 615 1058 686 qui
1085 613 1238 684 prius
1283 611 1527 668 residens
1567 609 1770 682 colligit
1811 622 1932 665 sese
1972 609 2116 664 intra

535 712 795 782 seipsum,
822 705 1130 762 meditando
1157 703 1408 773 qualiter,
1436 701 1634 772 quibus
1656 711 1712 754 et
1735 699 2004 770 quomodo
2031 698 2118 754 de-

535 803 660 858 beat
685 798 853 868 loqui,
887 795 1122 867 qualiter
1149 794 1405 849 inchoare
1451 805 1756 848 sermonem
1776 823 1791 854 ,
1822 790 2119 860 qualiterve

534 893 710 948 ﬁnire.
741 888 882 944 Ecce
901 888 1028 943 dum
1059 887 1133 959 ita
1154 885 1294 940 intra
1316 893 1582 939 secretum
1612 883 1809 937 mentis
1831 895 1943 936 suae
1965 881 2119 935 inha-

532 982 693 1046 bitat,
721 980 880 1050 quasi
904 979 957 1034 in
987 977 1184 1048 templo
1213 985 1476 1031 moratur.
1505 973 1637 1030 Cum
1667 982 1846 1028 autem
1878 973 2120 1043 procedit

533 1074 602 1128 ad
637 1070 1057 1141 praedicandum,
1085 1078 1140 1124 et
1159 1083 1221 1122 ea
1252 1082 1373 1136 qua:
1413 1074 1592 1121 mente
1633 1073 1979 1130 tractaverat,
2017 1079 2119 1134 pu«

533 1164 675 1220 blice
701 1162 925 1234 profert,
951 1161 1110 1231 quasi
1132 1175 1160 1213 a
1190 1159 1407 1228 templo,
1440 1159 1490 1211 id
1521 1167 1605 1211 est
1630 1173 1660 1210 a
1690 1164 1899 1211 secreto
1921 1157 2118 1210 mentis

534 1271 645 1312 sua:
671 1255 818 1310 foras
837 1254 1132 1324 egreditur.
1165 1249 1345 1305 Vestiti
1373 1249 1546 1318 lapide
1575 1248 1772 1301 mundo
1801 1256 1848 1301 et
1871 1246 2141 1300 candido.'

531 1346 590 1401 ld
601 1353 688 1401 est
703 1345 878 1401 ornati
903 1353 958 1397 et
977 1343 1157 1396 amicti
1180 1341 1405 1396 Domino
1415 1338 1542 1393 .lesu
1554 1337 1950 1407 Christo,‘jnxta
1965 1335 2120 1403 illud,

536 1436 730 1492 Omnes
745 1438 835 1507 qui
865 1433 1115 1504 baptisati
1134 1433 1279 1497 estis,
1302 1431 1563 1485 Christum
1587 1429 1831 1484 indaistis
1846 1427 1988 1500 (Gal.
2011 1428 2115 1500 ιιι).

532 1528 636 1596 Qui
671 1529 808 1583 bene
830 1526 967 1596 lapis
989 1525 1206 1588 dicitur,
1231 1538 1338 1593 quo
1360 1521 1515 1577 electi
1546 1521 1968 1584 circumdantur,
1995 1521 2120 1590 quia

531 1635 721 1676 murus
742 1627 830 1674 est
847 1616 1293 1689 impenetrabilis.
1315 1614 1561 1680 Mundus,
1583 1614 1708 1684 quia
1730 1623 1998 1684 peccatum
2015 1628 2120 1667 non

533 1713 676 1782 fecit,
691 1728 783 1766 nec
796 1712 1030 1766 iuventus
1043 1718 1118 1764 est
1133 1707 1286 1763 dolus
1303 1709 1358 1760 in
1381 1723 1470 1762 ore
1489 1707 1603 1776 ejus
1619 1705 1671 1777 (1
1686 1704 1926 1776 Petmt).
1948 1704 2120 1761 Caudi

535 1811 783 1865 vocatur,
817 1801 940 1871 quia
986 1800 1192 1856 candor
1224 1807 1312 1854 est
1353 1800 1489 1855 lucis
1529 1807 1766 1862 aeternae,
1794 1806 1850 1853 et
1873 1798 1966 1852 lux
1992 1812 2118 1852 vera

2217 609 2402 663 dicere
2451 607 2739 678 minusque
2783 607 3113 664 conveniens
3143 624 3156 660 :
3184 606 3364 660 llnum
3411 603 3653 659 animal
3706 604 3840 660 dedit

2218 707 2424 768 septem
2455 697 2664 768 angelis
2697 705 2904 767 septem
2945 697 3186 768 angelos,
3213 696 3450 750 variavit
3481 708 3838 761 sermnem,

2217 790 2447 845 dicens:
2475 789 2652 845 Unum
2681 788 2883 843 animal
2907 788 3056 843 dedit
3098 795 3305 857 septem
3351 786 3588 855 angelis
3634 793 3834 856 septeni

2216 882 2443 953 phialas.
2479 882 2572 938 Vel
2599 882 2766 937 etiam
2793 897 2891 952 per
2913 882 3058 937 istud
3083 881 3306 945 animal,
3333 881 3488 951 quod
3525 880 3698 934 dedit
3717 897 3829 952 sep.

2220 980 2326 1026 tem
2378 971 2584 1043 angelis
2632 984 2838 1043 septem
2885 973 3127 1043 phialas,
3174 988 3476 1044 possumus
3523 973 3830 1045 intelligere

2217 1061 2462 1117 ordinem
2493 1063 2810 1128 electorum,
2846 1063 3226 1133 Apostolorum
3252 1065 3471 1119 scilicet
3515 1072 3583 1118 et
3612 1074 3832 1121 caetero-

2220 1166 2359 1215 rttm,
2387 1152 2477 1220 qui
2527 1153 2644 1206 suis
2683 1154 3005 1222 sequacibus
3052 1153 3318 1208 dederunt
3358 1153 3627 1225 phialas,
3663 1155 3723 1210 id
3757 1169 3829 1211 est

2217 1244 2455 1300 divinam
2489 1247 2929 1315 przedicationem
2959 1248 3385 1313 commiserunt,
3418 1249 3708 1318 quoniam
3733 1266 3822 1306 non

2218 1334 2393 1390 solum
2417 1349 2512 1390 eos
2532 1336 2964 1406 baptizaverunt,
2998 1338 3095 1392 sed
3117 1338 3282 1392 etiam
3310 1339 3755 1404 ordinaverunt,
3777 1353 3824 1396 et

2218 1426 2273 1481 in
2301 1426 2419 1482 loco
2445 1442 2542 1481 suo
2571 1428 2760 1482 sedere
2778 1427 3044 1499 fecerunt,
3072 1428 3212 1484 sicut
3233 1429 3433 1485 Petrus
3455 1429 3818 1496 Clemente.

2217 1516 2413 1572 Linum
2451 1525 2615 1588 atque
2641 1517 2851 1575 Cletum
2883 1537 2897 1572 :
2936 1521 3132 1590 quibus
3152 1522 3324 1576 etiam
3371 1532 3726 1593 potestatem
3767 1526 3818 1580 li-

2219 1607 2378 1677 gandi
2413 1616 2576 1678 atque
2605 1602 2847 1665 solvendi
2883 1626 3045 1682 quam
3087 1628 3115 1666 a
3147 1611 3382 1668 Domino
3409 1617 3700 1685 percepit,
3726 1625 3813 1672 tra-

2218 1697 2385 1763 didit,
2427 1706 2484 1753 et
2535 1698 2589 1752 in
2637 1699 2897 1756 cathedra
2939 1715 3040 1756 sua
3084 1702 3274 1757 sedere
3325 1704 3634 1774 compulit.
3682 1707 3810 1773 Quod

2217 1787 2380 1843 etiam
2418 1789 2660 1859 quotidie
2698 1792 2895 1861 agitur,
2937 1807 3060 1846 cum
3103 1808 3200 1862 per
3247 1793 3681 1864 impositionem
3718 1813 3811 1852 na-

531 1912 653 1967 qme
680 1895 946 1950 illumittat
984 1907 1198 1949 omnem
1242 1893 1514 1949 hominem
1553 1892 1860 1949 venientem
1893 1892 1946 1946 in
1973 1893 2118 1947 hunc
2148 1877 2192 1936 Β
2220 1890 2385 1933 “llum
2414 1878 2466 1933 in
2501 1879 2813 1937 CiVilallbUS
2850 1881 3107 1952 ρτωευιθε
3132 1883 3443 1939 animarum
3475 1889 3811 1942 mustith

532 1987 810 2046 mundum.
842 1985 958 2050 Vel,
987 1987 1032 2042 si
1062 1986 1338 2056 legamus,
1365 1983 1557 2040 Vestiti
1584 1982 1853 2054 lapidibus
1878 1984 2114 2050 mundis,

532 2081 672 2136 sicut
714 2078 769 2132 in
808 2077 1129 2147 quibusdam
1155 2074 1434 2130 codicibus
1473 2073 1764 2139 invenitur,
1785 2086 1882 2143 per
1917 2073 2017 2129 hos
2041 2073 2119 2128 la-

530 2171 683 2242 pides
721 2168 1074 2239 designantur
1120 2165 1348 2220 virtutes
1392 2183 1405 2218 :
1451 2179 1576 2235 spes
1616 2163 1898 2226 videlicet,
1953 2162 2114 2226 ﬁdes,

532 2260 798 2322 Charitas,
828 2257 1081 2318 castitas,
1121 2254 1425 2318 humilitas,
1462 2261 1517 2308 et
1543 2262 1756 2309 caetera:
1788 2252 2117 2322 huiusmodi,

532 2349 728 2419 quibus
757 2355 1023 2402 ornantur
1052 2344 1254 2400 ﬁdeles.
1278 2343 1397 2399 Alia
1421 2342 1702 2398 translatio
1724 2343 1906 2408 habet,
1939 2339 2122 2397 Vestiti

532 2439 640 2493 lino
668 2438 887 2503 mundo,
913 2452 1010 2508 per
1027 2435 1171 2507 quod
1200 2435 1410 2506 puritas
1439 2434 1565 2488 vita:
1602 2441 1658 2490 et
1683 2433 2008 2489 innocentiae
2031 2448 2124 2488 ca-

532 2530 692 2585 stitas
725 2528 1060 2598 intelligitur.
1091 2525 1226 2581 Nam
1266 2525 1437 2579 linum
1459 2539 1530 2579 ex
1574 2532 1716 2578 terra
1761 2523 2026 2587 nascitur,
2066 2529 2125 2578 et

533 2620 704 2676 multo
748 2620 932 2674 labore
982 2619 1050 2672 ad
1096 2617 1387 2672 candorem
1439 2614 1734 2669 venustatis
1786 2613 2120 2683 perducitur,

536 2709 663 2778 quia
701 2708 953 2762 videlicet
995 2707 1217 2760 castitas
1257 2704 1376 2760 sive
1396 2705 1504 2758 vita
1532 2719 1666 2774 pura
1695 2718 1818 2758 cum
1848 2703 2015 2758 multo
2041 2703 2119 2756 la-

538 2803 672 2857 bore
699 2809 754 2855 et
779 2797 1192 2855 mortlﬁcatione
1232 2797 1418 2853 carnis
1449 2795 1766 2866 acquiritur.
1809 2795 1886 2850 De
1922 2796 2008 2851 his
2033 2811 2125 2850 ve-

543 2893 813 2948 stimentis
828 2890 1084 2945 Salomon
1095 2889 1228 2944 dicit
1245 2903 1257 2942 ε
1279 2887 1436 2943 Omni
1453 2898 1678 2959 tempore
1699 2889 1801 2942 sint
1823 2889 2124 2942 vestimenta

537 2995 630 3040 tua
651 2983 878 3038 candida
891 2981 1092 3054 (Ecele.
1107 2980 1205 3052 rx).
1221 2981 1373 3034 ——Et
1389 2981 1656 3051 prtrciucti
1673 2981 1742 3033 ad
1755 2991 1963 3050 pectora
1979 2981 2125 3034 zonis

538 3077 734 3130 aureis.
779 3075 884 3130 Per
920 3089 1113 3129 zonam
1155 3089 1259 3143 qua
1306 3072 1774 3143 prmcingebantur
1802 3087 1988 3126 eorum
2035 3087 2126 3141 pe-

534 3175 710 3231 ctora,
741 3165 1014 3220 vinculum
1053 3164 1321 3219 castitatis
1347 3163 1671 3227 ostenditur,
1700 3171 1756 3216 et
1791 3163 2125 3232 signiﬁcatur

2218 1975 2325 2022 tur.
2357 1968 2500 2023 Bene
2543 1977 2724 2024 autem
2756 1970 2951 2040 phiala:
2993 1987 3130 2041 quas
3169 1973 3479 2043 accipiunt,
3515 1991 3700 2032 aura
3723 1981 3803 2034 de-

2217 2058 2548 2113 scribuntur.
2581 2057 2718 2126 Quia
2762 2068 2824 2115 ut
2865 2061 3264 2131 praedicationis
3309 2064 3560 2120 ofﬁcium
3598 2069 3804 2138 implere

2217 2149 2426 2219 possint
2465 2149 2680 2206 ctelitus
2719 2151 2996 2221 sapientia:
3037 2151 3244 2222 fulgore
3290 2153 3662 2212 illustrantur.
3710 2160 3805 2216 Sed

2218 2255 2342 2294 cum
2371 2241 2623 2310 superius
2649 2241 2716 2295 de
2755 2242 3062 2298 senioribus
3097 2243 3336 2310 dixerit,
3363 2249 3514 2316 quod
3537 2249 3804 2306 habebant

2218 2330 2429 2401 phialas
2454 2330 2644 2401 plenas
2665 2332 3053 2397 odoramentis,
3077 2333 3209 2404 quid
3227 2344 3316 2390 est
3337 2339 3477 2405 quod
3491 2339 3582 2394 hic
3599 2340 3800 2395 didior

2220 2421 2296 2476 de.
2315 2421 2548 2492 angelis,
2579 2423 2725 2492 quod
2763 2433 3091 2492 acceperunt
3117 2428 3330 2496 septem
3599 2429 3792 2500 plena

2221 2511 2501 2568 iracundia
2545 2513 2641 2569 Dei
2685 2515 2917 2571 viventis
2963 2516 3017 2571 in
3059 2517 3256 2572 sarcula
3304 2519 3638 2574 seculorum!
3680 2521 3790 2590 ipsi

2220 2602 2363 2658 enim
2395 2611 2520 2659 sunt
2547 2603 2742 2674 angeli,
2782 2605 2876 2674 qui
2911 2613 2968 2660 et
2993 2606 3257 2671 seniores,
3300 2608 3430 2676 quia
3471 2609 3713 2665 videlicet
3743 2611 3792 2666 in

2222 2707 2410 2748 eorum
2441 2693 2684 2750 doctrina
2707 2704 2762 2750 et
2785 2695 2938 2764 plena
2966 2705 3049 2751 est
3068 2696 3371 2753 electorum
3393 2700 3562 2764 salus,
3584 2712 3637 2755 et
3655 2703 3788 2772 μω

2222 2791 2307 2839 est
2352 2783 2703 2855 reproborum
2733 2787 3012 2842 damnatio
3049 2798 3106 2842 et
3149 2790 3296 2844 unde
3338 2790 3418 2845 illi
3459 2793 3649 2856 vitam,
3683 2793 3786 2846 inde

2225 2875 2311 2931 isti
2339 2876 2611 2945 accipiunt
2635 2886 2886 2932 mortem.
2923 2877 3076 2934 Unde
3103 2879 3402 2948 Apostolus
3430 2900 3448 2938 ι
3479 2883 3612 2937 Aliis
3635 2900 3784 2937 una

2226 2969 2358 3022 odor
2377 2969 2496 3022 vitae
2523 2970 2579 3023 in
2619 2971 2809 3035 vitam,
2840 2971 2961 3024 aliis
3004 2973 3135 3025 odor
3175 2976 3364 3028 mortis
3394 2977 3456 3029 in
3488 2988 3692 3032 mortem
3711 2976 3780 3047 {ll

2226 3055 2349 3112 Cor.
2392 3057 2474 3129 ιι).
2508 3057 2648 3112 Hinc
2686 3060 2888 3114 etenim
2920 3063 3034 3130 ipse
3081 3061 3347 3117 Dominus
3395 3066 3706 3134 quibusdam
3740 3069 3782 3121 in

2227 3149 2440 3202 ruinam
2502 3149 2709 3220 positus
2773 3151 3004 3216 dicitur,
3063 3153 3392 3222 quibusdam
3463 3157 3522 3212 in
3581 3173 3782 3213 ηειιητ-

534 3275 633 3331 per
663 3259 788 3323 hoc,
817 3257 945 3326 quia
981 3257 1034 3310 in
1067 3255 1214 3310 Novo
1260 3255 1606 3309 Testamento
1635 3269 1739 3308 non
1779 3253 1950 3308 solum
1988 3269 2122 3323 opus

2226 3237 2482 3293 ctiouem.

535 3354 794 3416 libidinis,
827 3351 922 3406 sed
953 3351 1118 3406 etiam
1141 3350 1257 3419 ipsa
1281 3348 1627 3418 restringitur
1655 3347 1910 3414 cogitatio
1938 3348 2123 3419 vigore

534 3447 752 3502 mentis.
782 3444 948 3500 Vetus
983 3443 1126 3499 enim
1157 3443 1324 3498 dicit:
1357 3442 1457 3508 Qui
1487 3440 1810 3496 adulterium
1837 3442 2125 3495 commisc-

535 3541 624 3600 rit,
648 3538 903 3609 puniatur
931 3555 942 3590 :
975 3535 1184 3590 Novum
1207 3549 1336 3588 vero
1369 3552 1381 3586 :
1411 3532 1516 3598 Qui
1545 3532 1729 3586 viderit
1760 3534 2028 3585 mulierem
2053 3533 2122 3586 ad

537 3627 1006 3698 concupiscendum
1033 3643 1171 3687 eam,
1196 3623 1310 3694 jam
1336 3623 1620 3676 moechatus
1641 3632 1714 3676 est
1736 3637 1852 3675 eam
1885 3624 1940 3675 in
1969 3623 2126 3677 corde

536 3736 635 3774 suo
663 3719 882 3789 (Matth.
921 3717 999 3787 v).
1028 3716 1125 3771 Vel
1153 3725 1300 3769 certe
1336 3729 1434 3784 per
1459 3727 1653 3767 zonam
1687 3727 1906 3767 auream
1933 3714 2122 3768 vincu-

538 3810 646 3864 lum
695 3807 975 3863 cbaritatis
1025 3806 1360 3877 intelligitur,
1409 3805 1534 3874 quia
1570 3804 1738 3858 sancti
1783 3819 1888 3858 non
1931 3805 2126 3859 timore

534 3902 758 3974 poenali,
779 3903 872 3958 sed
894 3915 990 3971 per
1011 3901 1334 3956 charilatem
1355 3913 1414 3952 se
1431 3898 1662 3952 invicem
1687 3897 1801 3950 solo
1826 3897 1916 3951 Dei
1939 3913 2125 3954 amore

535 3994 822 4064 stringunt.
854 3991 980 4047 Sive
1017 3992 1182 4047 etiam
1207 4006 1306 4060 per
1346 4006 1512 4045 zonas
1540 4005 1732 4044 aureas
1763 3989 2023 4058 sapientia
2053 3990 2128 4043 si-

536 4082 842 4154 gniﬁcatur,
872 4081 937 4137 de
965 4096 1069 4151 qua
1100 4083 1360 4152 scriptum
1386 4092 1467 4135 est
1492 4098 1507 4134 :
1540 4079 1782 4151 Accipite
1801 4079 2122 4148 saploutiam

536 4172 681 4229 sicut
714 4188 926 4227 aurum.
961 4173 1108 4228 Zona
1156 4188 1318 4227 aurea
1367 4173 1659 4244 cinguntur
1695 4172 2009 4243 angelorum
2033 4186 2126 4241 pc-

523 4255 720 4328 ‘Ctora,
763 4265 889 4334 quia
921 4279 1152 4334 superna
1201 4266 1465 4335 sapientia
1508 4265 1786 4335 replentur
1832 4265 2124 4319 electon

539 4356 726 4421 corda,
752 4356 878 4427 quia
901 4364 957 4410 et
981 4355 1077 4426 ipsi
1111 4357 1276 4412 Deum
1299 4357 1501 4428 iugiter
1537 4356 1778 4422 laudant,
1809 4365 1866 4411 et
1895 4354 2031 4410 alios
2056 4355 2125 4411 ad

541 4446 867 4500 laudandum
894 4455 1214 4514 provocant.

613 4535 680 4590 Et
709 4553 872 4591 unum
901 4553 964 4591 ea:
989 4546 1219 4608 quatuor
1243 4535 1560 4591 animalibus
1607 4535 1748 4590 dedit
1794 4546 1988 4606 septem
2020 4553 2122 4590 an-

542 4629 668 4701 gelis
722 4639 914 4699 septem
961 4627 1167 4699 phialas
1197 4645 1420 4694 aureas,
1469 4628 1648 4698 plenas
1694 4629 1971 4683 iracundia
2031 4627 2127 4682 Dei

542 4719 758 4773 viventis
779 4717 834 4771 in
859 4717 1053 4771 strcula
1076 4717 1407 4771 surculorum.
1440 4718 1702 4787 Superius
1729 4718 1958 4789 legimus
1981 4719 2124 4790 quod

541 4807 740 4864 viderit
775 4815 1008 4876 quatuor
1034 4805 1312 4870 animalia,
1343 4822 1462 4876 qua:
1492 4816 1601 4863 tam
1628 4815 1861 4877 quatuor
1883 4807 2126 4879 Evange-

543 4899 698 4955 listas
721 4913 884 4969 quam
909 4911 1097 4953 omnes
1127 4907 1372 4963 sanctos,
1401 4898 1512 4953 sive
1536 4900 1703 4954 etiam
1736 4901 1908 4970 ipsum
1946 4901 2128 4955 Domi-

543 5004 676 5046 num
720 4988 1046 5060 signiﬁcant,
1079 4989 1170 5059 qui
1217 4987 1391 5044 factus
1427 4999 1511 5044 est
1549 4990 1714 5046 homo
1759 4992 2129 5062 temporaliter

545 5080 819 5137 nascendo
846 5095 914 5136 ex
943 5081 1188 5152 virgine:
1216 5079 1415 5136 Factus
1443 5089 1528 5136 est
1549 5081 1748 5136 vitulus
1777 5083 1827 5137 in
1855 5083 2126 5152 passione,

546 5188 652 5244 qua
682 5173 1031 5243 semetipsum
1065 5172 1266 5228 obtulit
1295 5171 1406 5226 Deo
1434 5173 1488 5226 in
1530 5187 1625 5227 ara
1669 5173 1847 5228 crucis
1883 5189 1898 5226 :
1931 5173 2130 5229 Factus

546 5273 631 5321 est
654 5264 740 5320 leo
776 5264 934 5320 tertia
963 5263 1052 5318 die
1085 5277 1378 5333 resurgens
1411 5279 1440 5315 a
1473 5263 1720 5318 mortuis.
1746 5262 1966 5333 Aquila,
1991 5280 2130 5334 qua.

547 5355 854 5426 dragesimo
878 5354 967 5410 die
1000 5354 1296 5410 ascendens
1325 5355 1394 5408 ad
1420 5353 1610 5409 caelos.
1644 5353 1793 5410 Istud
1813 5371 1976 5410 unum
2014 5357 2132 5411 ani-

543 5447 681 5513 mal,
711 5447 761 5502 id
793 5455 877 5502 est
917 5446 1177 5502 Dominus
1223 5444 1381 5502 Jesus
1426 5446 1705 5512 Christus,
1749 5447 1898 5502 dedit
1924 5457 2128 5518 septem

545 5539 755 5609 angelis
777 5545 984 5608 septem
1010 5537 1239 5608 phialas.
1255 5537 1406 5605 Quod
1436 5545 1562 5592 sum
1581 5546 1788 5609 septem
1814 5539 2013 5610 angeli,
2031 5541 2135 5594 hoc

537 5639 674 5687 sunt
695 5632 857 5686 etiam
879 5639 1086 5701 septem
1113 5631 1328 5700 phialw,
1359 5631 1410 5686 id
1439 5641 1523 5685 est
1550 5630 1721 5685 sancti
1754 5630 2137 5700 praedicatores

547 5722 690 5790 pleni
734 5723 913 5778 divina
950 5723 1357 5793 praedicatione.
1391 5723 1459 5786 Ut
1497 5723 1643 5777 enim
1691 5721 1914 5792 pdssent
1959 5724 2135 5794 angeli

545 5825 704 5877 esse,
755 5814 804 5868 id
845 5825 925 5870 est
965 5817 1135 5871 nuntii
1170 5816 1315 5871 vita:
1342 5825 1557 5872 arteriae
1600 5816 1726 5871 iacti
1769 5825 1901 5872 sunt
1945 5817 2137 5887 phiala:

2297 3327 2366 3382 Et
2407 3327 2672 3400 impletum
2707 3341 2783 3386 est
2826 3331 3073 3404 templum
3101 3333 3246 3402 fumo
3277 3352 3314 3388 α
3343 3336 3625 3406 majestate
3649 3337 3780 3392 Dein

2225 3421 2289 3476 de
2313 3422 2495 3477 virtute
2514 3424 2649 3493 ejus.
2677 3423 2955 3493 Templum
2979 3425 3032 3479 in
3051 3427 3152 3480 hoc
3174 3426 3294 3481 loco
3317 3429 3601 3498 signiﬁcat
3619 3431 3783 3483 infirm

2225 3510 2388 3566 corda
2435 3511 2760 3581 simplicium
2801 3512 3062 3579 fratrum,
3095 3515 3291 3584 quibus
3321 3517 3595 3587 iujnstum
3622 3520 3783 3572 videtnr

2225 3603 2368 3672 quod
2392 3603 2534 3658 Deus
2555 3605 2896 3672 omnipotens
2921 3607 3179 3676 reprobus
3219 3607 3270 3660 in
3295 3608 3405 3663 hac
3431 3610 3549 3664 vita
3569 3610 3785 3680 permittit

2227 3709 2475 3764 regnare,
2506 3703 2562 3748 et
2585 3695 2733 3749 omni
2765 3696 2971 3751 honore
2995 3705 3052 3751 et
3079 3697 3278 3752 divitiis
3315 3715 3387 3755 ac
3436 3703 3670 3756 sanitate
3693 3716 3784 3755 car-

2226 3785 2373 3854 peris
2402 3785 2619 3854 vigere;
2653 3796 2707 3841 et
2737 3795 2924 3842 contra
2946 3821 2962 3852 ,
2991 3798 3208 3844 sanctos
3236 3806 3369 3846 suos
3403 3794 3618 3862 patitur
3651 3792 3786 3848 cnci-

2227 3873 2335 3942 ﬁgi,
2369 3874 2616 3943 lapidari,
2643 3875 2891 3939 ustulari,
2915 3887 2968 3932 et
2987 3893 3084 3948 per
3109 3879 3260 3934 varia
3286 3889 3576 3940 tormenta
3600 3898 3787 3954 prasa-

2229 3974 2336 4022 tem
2367 3967 2533 4036 vitam
2565 3967 2741 4034 ﬁnire,
2770 3979 2946 4039 ueQue
2972 3986 3208 4040 unquam
3233 3983 3473 4042 possunt
3504 3977 3558 4030 in
3582 3975 3789 4046 praesenti

2227 4056 2338 4116 vita
2364 4056 2596 4125 quietem
2628 4057 2850 4123 habere,
2880 4059 3020 4115 sicut
3041 4060 3192 4115 verbi
3211 4063 3432 4132 gratia;
3461 4063 3612 4120 Nero
3629 4066 3791 4136 impius

2227 4145 2400 4202 simus
2430 4146 2758 4217 imperator,
2789 4151 2882 4218 qui
2926 4150 3092 4206 etiam
3122 4153 3428 4208 masculum
3465 4159 3722 4212 convertit
3752 4156 3791 4210 in

2229 4253 2478 4303 uxorem,
2507 4247 2564 4294 et
2589 4239 2893 4310 imperabat
2922 4242 3020 4296 toti
3047 4242 3185 4297 orbi.
3211 4243 3411 4299 Petrus
3432 4262 3574 4304 vero
3589 4250 3793 4318 prim

2227 4329 2469 4384 omnium
2498 4331 2890 4399 apostolorum,
2921 4333 2988 4388 ab
3017 4348 3083 4389 eo
3117 4342 3408 4397 tentusest
3428 4347 3492 4392 et
3519 4339 3792 4395 cruciﬁxus.

2226 4419 2428 4477 Paulus
2447 4421 2611 4476 etiam
2638 4422 2706 4476 ab
2727 4439 2792 4480 eo
2814 4425 3110 4481 decollatus
3127 4435 3234 4492 est,
3257 4436 3420 4498 pater
3437 4433 3680 4487 ninnium
3699 4446 3795 4500 gen.

2229 4512 2388 4577 tium,
2436 4513 2527 4583 qui
2556 4513 2675 4584 plus
2709 4517 2962 4572 omnibus
2994 4517 3278 4574 laboravit.
3324 4518 3546 4577 Fumus
3571 4523 3794 4592 signiﬁcat

2155 4591 2205 4652 D
2231 4604 2531 4659 caecitatem
2565 4607 2914 4678 ignorantiae,
2960 4625 3068 4679 quo
3110 4609 3390 4680 replentur
3437 4591 3641 4668 talium
3669 4617 3794 4667 corda

2233 4693 2561 4761 inﬁdelium,
2594 4697 2685 4765 qui
2713 4698 2962 4752 nesciunt
2989 4699 3334 4754 considerare
3373 4706 3534 4770 quod
3566 4704 3700 4758 Deus
3721 4704 3796 4756 illis

2229 4792 2290 4838 ut
2322 4783 2445 4840 ﬁliis
2491 4785 2862 4840 haareditatem
2891 4795 2975 4841 est
2997 4787 3239 4852 daturus,
3293 4789 3538 4860 ideoque
3577 4795 3797 4865 pet-urina

2230 4888 2324 4928 eos
2351 4874 2510 4945 atlligi
2536 4875 2603 4928 ad
2634 4884 2860 4946 tempus,
2893 4885 2952 4931 ut
2973 4885 3095 4947 post
3118 4879 3393 4935 modicum
3419 4881 3681 4939 laetentur
3703 4899 3797 4939 cesi

2234 4965 2325 5018 illo
2343 4966 2460 5020 sine
2487 4957 2744 5036 tempore.
2763 4967 2830 5021 Et
2855 4967 2955 5022 hoc
2974 4982 3004 5021 a
3025 4968 3308 5039 majestate
3329 4981 3390 5026 et
3414 4972 3627 5030 virtute
3643 4975 3725 5029 Dei
3743 4974 3790 5027 tit

2233 5053 2423 5126 Magna
2448 5055 2646 5126 quippe
2671 5067 2755 5111 est
2790 5057 2844 5112 in
2889 5058 2994 5113 hoc
3023 5057 3118 5113 Dei
3146 5058 3343 5125 virtus,
3371 5065 3643 5130 quoniam
3671 5063 3800 5119 susti.

2233 5165 2365 5204 nere
2391 5158 2570 5220 potest
2597 5151 2870 5208 hominem
2895 5153 3118 5216 malum,
3142 5163 3204 5210 ut
3228 5155 3301 5208 sit
3324 5155 3635 5225 imperator
3662 5156 3806 5212 αἱ»

2235 5239 2412 5295 minus
2443 5241 2606 5295 totius
2633 5243 2838 5308 mundi,
2866 5252 2922 5297 et
2944 5253 3004 5298 ut
3025 5245 3182 5300 electi
3213 5245 3355 5301 illius
3383 5247 3538 5302 mala
3565 5249 3806 5319 patiantur

2235 5331 2304 5408 ab
2337 5331 2444 5385 illo.
2477 5331 2544 5384 Et
2570 5349 2718 5386 nemo
2747 5333 2932 5388 talium
2961 5334 3301 5402 subauditur,
3324 5348 3538 5408 poterat
3564 5339 3808 5394 intraui:

2237 5421 2506 5492 templum,
2535 5422 2588 5477 id
2613 5431 2718 5491 est,
2754 5423 3100 5494 non'poterat
3123 5413 3454 5496 perscrutari
3475 5431 3809 5486 subtilitatem

2231 5511 2559 5581 iudiciorum
2603 5515 2991 5586 omnipotentis
3036 5516 3165 5583 Dei,
3196 5517 3357 5572 donec
3404 5529 3811 5576 consummat!

2239 5613 2430 5673 septem
2459 5603 2628 5676 plaga:
2655 5616 2847 5677 septem
2874 5607 3200 5679 angelorum,
3235 5609 3286 5664 id
3321 5619 3430 5675 est,
3457 5591 3639 5667 donec
3662 5607 3812 5666 omnis

2241 5699 2495 5757 Ecclesia:
2536 5703 2848 5774 praedicatio
2897 5705 3236 5762 terminatur.
3283 5703 3420 5761 Cum
3464 5717 3658 5763 autem
3704 5722 3810 5762 cur

2243 5807 2524 5876 summatm
2569 5796 3010 5876 fuerintseptem
3057 5799 3225 5871 plagae
3253 5809 3457 5874 septem
3489 5802 3809 5873 angelorum.
