3972 6438
167 417 309 475 “23

1092 395 1458 457 EXPOSITIO
1494 394 1564 452 IN
1601 389 2102 449 APOCALYPSIN.
2139 421 2210 434 -
2245 389 2376 448 LIB.
2419 390 2482 449 Υ.

3298 391 3439 449 “26

150 524 218 589 id
239 531 343 592 est,
371 538 495 587 cum
524 520 814 580 terminum
839 517 1111 590 acceperit
1132 516 1313 573 omnis
1337 513 1594 572 Ecclesiae
1612 525 1750 582 prae-
1775 511 1828 572 Α
1852 515 2035 562 utrum
2058 506 2186 564 odio
2213 522 2284 564 an
2308 520 2492 563 amore
2516 505 2717 578 dignus
2739 506 2830 572 sit,
2871 507 3045 564 donec
3073 506 3333 564 liniantur
3356 523 3441 565 se-

153 613 388 679 dicatio,
418 619 474 668 et
499 611 707 667 venerit
749 609 999 666 Christus
1028 607 1097 662 ad
1120 605 1383 676 iudicium
1401 643 1418 669 ,
1466 612 1528 657 ut
1553 599 1747 656 reddat

151 706 448 773 unicuique
468 702 624 773 juxta
648 717 814 772 opera
834 715 956 764 sua,
979 707 1110 754 tunc
1129 695 1622 766 manifestabuntur
1640 691 1747 747 ista

149 797 542 866 omnipotentis
589 795 684 850 Dei
726 794 954 864 judicia,
1004 807 1126 862 qua:
1166 805 1311 846 nunc
1341 795 1467 845 sunt
1509 783 1745 849 occulta,

151 903 279 943 cum
307 896 365 943 et
401 885 636 956 reprobi,
677 885 770 955 qui
805 884 894 939 hic
919 885 1124 938 honore
1151 891 1210 938 et
1243 877 1595 951 dignitatibus
1625 873 1745 946 pol-

147 980 296 1046 ient,
311 979 576 1035 ducentur
595 977 663 1033 ad
686 976 1009 1048 supplicium
1037 992 1050 1028 :
1072 972 1204 1045 justi
1231 980 1412 1026 autem
1441 968 1532 1040 qui
1563 967 1616 1021 in
1641 965 1748 1020 isto

147 1071 351 1128 saeculo
371 1071 746 1126 sustinuerunt
771 1075 1038 1124 tormenta
1066 1071 1227 1133 atque
1254 1060 1520 1132 supplicia
1545 1059 1613 1114 ab
1641 1057 1748 1112 illis

149 1165 334 1230 illata,
367 1163 727 1223 elevabantnr
770 1161 839 1215 ad
883 1174 1129 1230 regnum.
1176 1157 1253 1211 Ex
1303 1155 1491 1210 talium
1515 1165 1749 1222 namque

147 1271 385 1328 persona
413 1254 703 1310 Psalmista
739 1253 874 1308 dicit
901 1268 916 1304 :
951 1248 1342 1305 Existimabam
1373 1254 1434 1301 ut
1462 1255 1752 1312 cognosce-

147 1361 267 1402 τοίη
292 1347 430 1410 hoc,
463 1345 618 1400 labor
644 1352 728 1398 est
757 1354 887 1397 ante
923 1355 1041 1405 me,
1078 1340 1253 1394 donec
1295 1338 1496 1392 intrem
1523 1335 1578 1388 in
1620 1348 1748 1387 san-
1789 1353 1799 1360 -

146 1439 422 1496 ctuarium
464 1437 584 1502 Dei,
640 1443 697 1490 et
744 1433 1040 1504 intelligam
1082 1431 1138 1484 in
1184 1426 1497 1484 novissimis
1537 1438 1747 1480 eorum.

153 1530 346 1586 Sancti
375 1536 560 1584 autem
595 1526 689 1597 qui
720 1526 922 1580 habent
961 1521 1173 1592 phialas
1202 1533 1401 1574 aureas
1441 1517 1649 1572 intrant
1695 1513 1749 1566 in

149 1621 412 1691 templum
455 1619 586 1683 Dei,
618 1617 872 1686 quoniam
923 1609 1272 1669 considerant
1309 1617 1366 1664 et
1407 1605 1748 1679 perspiciunt

139 1710 351 1779 judicia
381 1709 473 1764 Dei
500 1705 890 1776 omnipotentis
909 1743 926 1768 ,
949 1710 1004 1758 et
1029 1708 1364 1772 cognoscunt
1391 1707 1586 1754 cuncta
1609 1694 1751 1764 iusta

145 1817 291 1857 esse.
323 1799 478 1856 Unde
520 1798 702 1854 sciunt
729 1805 783 1850 et
808 1796 1036 1850 istorum
1067 1801 1340 1848 tormenta
1383 1790 1474 1859 qui
1514 1789 1567 1843 in
1615 1801 1754 1857 pra:-

1845 605 1994 669 ptem
2025 598 2198 669 plaga:
2224 607 2432 670 septem
2455 599 2767 671 angelorum
2791 640 2808 664 ,
2835 598 2890 656 id
2932 610 3015 655 est
3038 601 3216 657 omnis
3234 601 3435 671 praedi-

1847 691 1991 747 catio
2033 691 2290 750 Ecclesiae
2330 703 2534 750 sancta:
2581 693 2870 748 terminum
2897 702 2952 748 et
2981 693 3143 749 ﬁnem
3183 695 3432 763 accipiat,

1847 785 2062 853 quando
2085 783 2266 838 veniet
2292 783 2542 842 Christus
2579 785 2808 842 reddere
2835 785 3127 858 unicuique
3152 785 3436 841 hominum

1847 873 2141 930 secundum
2171 889 2339 945 opera
2365 889 2482 931 sua.

2444 1030 2669 1087 CAPUT
2709 1033 2845 1089 XVI.

1919 1143 1990 1199 Et
2029 1144 2206 1200 audivi
2245 1162 2416 1201 vocem
2447 1163 2690 1216 magnam
2730 1147 2794 1202 de
2816 1149 3029 1220 templo,
3069 1151 3325 1207 dicentem
3357 1169 3438 1208 se-

1847 1247 1984 1307 ptem
2010 1237 2210 1307 angelir
2234 1255 2251 1292 :
2275 1236 2357 1291 Ite
2383 1247 2434 1292 et
2470 1238 2722 1307 effundite
2748 1251 2936 1309 septem
2980 1241 3189 1311 phialas
3219 1243 3314 1298 ire
3338 1243 3437 1298 Dei

1848 1328 1902 1381 in
1925 1337 2142 1381 terram.
2176 1327 2291 1383 Vox
2332 1328 2434 1383 ista
2475 1343 2578 1382 vox
2623 1338 2708 1383 est
2747 1329 2839 1383 Dei
2869 1331 3289 1401 omnipotentis,
3317 1349 3438 1403 quae

1850 1426 1997 1472 recte
2022 1433 2214 1489 magna
2237 1419 2434 1474 dicitur
2487 1420 2613 1489 quia
2646 1436 2837 1491 magna
2865 1423 3128 1493 praecipit.
3156 1421 3438 1494 Templum

1849 1522 2030 1566 autem
2058 1521 2246 1566 saneta
2271 1511 2512 1568 Ecclesia
2535 1521 2640 1576 est,
2665 1522 2723 1567 ut
2746 1529 2886 1584 saepe
2911 1515 3115 1570 dictum
3143 1525 3246 1572 est.
3269 1516 3440 1574 Porro

1851 1611 2056 1671 septem
2092 1603 2270 1671 angeli
2308 1617 2500 1659 omnes
2551 1605 2724 1658 sancti
2758 1606 3139 1674 prredicatores
3175 1617 3322 1665 sunt.
3363 1610 3439 1666 De

1853 1693 2055 1762 templo
2095 1693 2152 1748 ﬁt
2186 1710 2290 1750 vox
2317 1696 2385 1749 ad
2415 1697 2656 1768 angelos,
2686 1699 2810 1767 quia
2842 1702 2908 1760 de
2934 1700 3175 1758 Ecclesia
3202 1703 3442 1775 loquitur

1853 1782 2102 1840 Christus
2136 1786 2602 1856 praedicatoribus,
2632 1790 2756 1858 quia
2794 1789 2980 1860 et'ipsi
3022 1803 3150 1848 sunt
3175 1794 3437 1852 Ecclesia.
3499 1825 3501 1827 ι

147 1895 290 1950 senti
309 1893 640 1955 exaltantur,
671 1898 726 1945 et
764 1888 1186 1945 dominationem
1219 1891 1427 1950 tenent,
1453 1892 1508 1938 et
1538 1881 1751 1936 illorum
1785 1867 1826 1926 Β
1855 1877 1944 1930 Ait
1971 1890 2100 1948 ergo
2124 1895 2139 1931 :
2165 1877 2266 1943 Ite,
2297 1879 2549 1948 eiundile
2567 1879 2774 1951 phialas
2797 1883 2892 1938 ine
2920 1882 3042 1949 Dei,
3069 1901 3208 1956 quas
3232 1889 3442 1958 accepi-

147 1985 393 2057 prtemia,
439 1983 531 2054 qui
561 1981 938 2045 humiliantur,
982 1988 1040 2034 et
1065 1977 1487 2032 dominationem
1519 1974 1748 2029 aliorum

150 2077 432 2132 hominum
459 2074 757 2129 sustinent.
784 2071 851 2127 Et
878 2072 1000 2127 ideo
1026 2084 1177 2124 nemo
1199 2069 1266 2123 ad
1289 2082 1384 2122 eos
1405 2065 1752 2122 referendum

147 2177 257 2232 est,
288 2168 379 2238 qui
425 2167 520 2222 Dei
570 2164 956 2235 omnipotentis
988 2161 1192 2233 judicia
1232 2159 1629 2231 reprehendere
1653 2172 1750 2212 co-

155 2267 378 2313 nantur.
412 2257 543 2312 Tale
571 2265 652 2312 est
682 2265 738 2310 et
769 2255 898 2310 illud
933 2253 1158 2309 Joannis
1194 2252 1263 2308 de
1287 2249 1502 2306 Christo
1529 2249 1752 2319 loquen-

152 2347 258 2404 tis:
291 2346 682 2402 Testimonium
707 2345 824 2416 ejus
852 2359 1012 2400 nemo
1040 2342 1256 2414 accipit.
1276 2343 1344 2398 Et
1375 2341 1501 2396 illud
1526 2339 1752 2396 Psalmi-

155 2446 256 2494 stte
279 2454 294 2492 :
320 2435 444 2490 Non
468 2445 543 2490 est
566 2437 656 2506 qui
670 2435 830 2506 faciat
855 2437 1186 2499 bonum,non
1199 2443 1276 2488 est
1303 2450 1464 2504 usque
1490 2434 1560 2486 ad
1587 2448 1750 2488 unum

154 2530 337 2600 (Paul.
354 2531 500 2600 xm).
520 2531 584 2584 Et
599 2531 650 2584 in
666 2529 1018 2600 sequentibus
1032 2527 1165 2583 dicit
1179 2525 1318 2582 idem
1333 2525 1572 2581 Joannes
1586 2541 1601 2580 :
1613 2525 1752 2592 Quia

155 2629 338 2676 autem
354 2620 550 2690 accipit
573 2619 688 2688 ejus
707 2619 1094 2682 testimonium,
1113 2615 1486 2688 signabitquia
1502 2615 1644 2672 Deus
1657 2631 1751 2670 ve-

158 2724 258 2764 rax
283 2709 528 2778 est,quia
552 2708 802 2764 videlicet
824 2715 950 2762 sunt
965 2707 1230 2772 nonnulli,
1247 2723 1474 2776 quorum
1493 2721 1652 2762 nemo
1667 2716 1750 2762 te-

155 2799 470 2854 stimonium
491 2798 693 2854 Christi
721 2798 938 2868 accipit,
972 2797 1109 2853 sicut
1136 2797 1319 2852 miseri
1338 2795 1508 2852 Judaei
1531 2808 1547 2850 ξ
1574 2805 1630 2851 et
1651 2798 1752 2852 ite-

161 2902 282 2943 rum
303 2897 430 2943 sunt
460 2887 703 2943 nonnulli
731 2888 822 2957 qui
856 2887 1128 2956 accipiunt
1150 2886 1515 2941 testimonium
1535 2885 1674 2954 ejus,
1697 2895 1754 2942 et

155 2978 339 3034 sciunt
357 2978 483 3048 quia
506 2979 645 3033 Deus
667 2993 829 3032 verax
850 2986 952 3032 est.
977 2978 1070 3032 Sic
1091 2992 1223 3048 ergo
1241 2987 1296 3032 et
1317 2978 1370 3033 in
1393 2978 1499 3033 hoc
1523 2979 1642 3033 loco
1670 2979 1752 3033 in-

159 3069 507 3140 telligendum
530 3077 616 3124 est
639 3071 782 3140 quod
816 3069 918 3122 dici
929 3079 1037 3134 tur,
1063 3083 1220 3123 nemo
1239 3077 1452 3139 poterat
1471 3070 1675 3123 intrare
1697 3069 1750 3123 in

161 3164 442 3233 templum.
473 3162 644 3217 Aliter
673 3181 686 3216 :
712 3163 995 3233 Templum
1037 3162 1200 3217 corda
1243 3161 1510 3230 signiﬁcat
1538 3171 1752 3217 sancto-

157 3232 288 3310 rum,
305 3254 619 3320 electorum,
643 3255 824 3310 fumus
841 3232 972 3310 vero
991 3254 1260 3326 signiﬁcat
1285 3258 1752 3325 compunctioncm
1781 3232 1825 3292 ί)

156 3350 360 3415 cordis,
387 3350 513 3420 quia
542 3358 978 3420 compunguntur
1001 3349 1163 3404 corda
1191 3358 1246 3405 et
1270 3358 1487 3419 pectora
1509 3358 1757 3418 peccato-

160 3450 299 3505 rum,
328 3449 383 3496 et
405 3441 599 3497 intimo
620 3455 790 3511 usque
811 3443 879 3496 ad
902 3441 1192 3511 lacrymas.
1218 3439 1474 3510 lmpletur
1497 3439 1754 3510 templum

159 3531 330 3600 mmo,
362 3535 577 3605 quando
604 3534 768 3590 corda
802 3531 1160 3604 quorumdam
1192 3531 1621 3586 facinorosorum
1650 3533 1755 3586 im-

157 3630 374 3702 plentur
411 3626 750 3699 paenitentiae
798 3628 1052 3684 lamenta.
1123 3626 1287 3682 Verbi
1329 3626 1524 3698 gratia
1554 3625 1758 3680 :Audit

161 3720 390 3792 quilibet
419 3729 674 3790 peccator
701 3720 1010 3788 loquentem
1054 3719 1328 3788 sapienter
1353 3725 1409 3770 et
1436 3717 1593 3771 docte
1617 3729 1756 3785 prae-

158 3814 478 3874 dicatorem,
529 3819 587 3864 et
638 3810 907 3864 dicentem
953 3809 1096 3880 quod
1138 3808 1426 3879 Apostolus
1475 3807 1760 3864 dicit:Ne-

161 3917 269 3974 que
295 3899 549 3965 adulteri,
582 3914 756 3968 neque
802 3899 1084 3963 immundi,
1117 3912 1291 3968 neque
1319 3897 1679 3953 fornicatores
1706 3907 1761 3952 et

164 3992 349 4048 eteteri
398 4005 623 4062 regnum
654 3991 746 4045 Dei
790 3988 1161 4060 possidebunt.
1203 3990 1338 4044 Dum
1369 3991 1486 4044 haec
1512 3989 1664 4044 audit
1705 3997 1761 4045 et

162 4083 470 4138 considerat
495 4082 719 4152 quilibet
749 4089 1022 4152 peccator,
1051 4091 1172 4151 qua:
1197 4089 1467 4136 tormenta
1517 4081 1757 4148 ingentia

161 4173 362 4230 inferni
395 4173 497 4229 sibi
543 4173 883 4239 immineant,
912 4183 1271 4243 compunctus
1312 4172 1496 4239 corde,
1531 4172 1760 4228 eﬁ‘undit

161 4267 395 4334 fumum,
419 4268 472 4323 id
500 4276 584 4323 est
613 4268 1082 4339 compunctionem
1113 4265 1317 4333 cordis,
1346 4267 1472 4322 dum
1504 4267 1759 4337 lacrymis

160 4358 454 4414 conﬁtetur
498 4368 778 4429 peccatum
813 4373 991 4413 suum.
1044 4357 1250 4414 Fumus
1288 4357 1486 4428 quippe
1530 4357 1759 4411 multum

163 4451 342 4521 ignem
367 4450 639 4519 praecedit,
665 4449 791 4520 quia
819 4447 1069 4505 videlicet
1096 4464 1162 4504 ex
1183 4447 1525 4504 confessione
1549 4447 1757 4519 peccati

164 4551 222 4597 et
249 4541 666 4612 compunctione
692 4541 871 4597 cordis
898 4541 1140 4597 nascitur
1162 4541 1300 4612 ignis
1321 4541 1618 4596 charitatis.
1643 4538 1762 4595 Pri-

168 4650 316 4688 mum
345 4635 489 4688 enim
521 4635 684 4690 homo
711 4635 1004 4690 confitetur
1037 4643 1320 4705 peccatum
1357 4648 1532 4697 suum,
1574 4641 1760 4703 postea

172 4725 363 4795 incipit
395 4725 550 4780 valde
571 4725 796 4796 diligere
822 4726 1108 4781 Dominum
1134 4725 1301 4780 Deum
1324 4739 1478 4778 suum
1498 4734 1552 4778 et
1576 4723 1763 4792 proxi-

167 4833 339 4873 mum.
368 4817 435 4872 Et
460 4817 562 4872 hoc
608 4816 893 4886 majestate
934 4826 990 4872 et
1029 4820 1224 4871 virtute
1250 4815 1341 4869 Dei
1367 4813 1447 4878 fit,
1473 4815 1597 4884 quia
1623 4815 1763 4869 Deus

167 4910 368 4963 virtute
388 4922 486 4964 sua
515 4906 784 4962 illuminat
805 4921 902 4963 cor
920 4907 1097 4973 illius,
1127 4915 1187 4960 ut
1209 4915 1335 4977 agat
1362 4907 1760 4977 paenitentiam,

168 5003 263 5072 qui
293 5000 346 5055 in
372 5001 626 5055 cordibus
648 4998 928 5054 hominum
949 4996 1343 5053 confessionem
1377 4999 1547 5068 gignit
1572 5013 1765 5068 peccas-

170 5102 372 5147 torum.
391 5092 543 5147 Unde
561 5093 848 5149 Psalmista
872 5107 1086 5163 quoque
1101 5091 1247 5146 canit
1261 5091 1445 5146 dicens
1462 5109 1474 5144 :
1492 5088 1763 5161 Confessio

171 5194 219 5240 et
249 5185 638 5256 magniﬁcentia
657 5186 714 5238 in
738 5194 1015 5255 conspectu
1041 5184 1174 5252 eius.
1198 5183 1266 5237 Et
1289 5182 1448 5237 alibi:
1473 5181 1578 5248 Qui
1597 5183 1763 5252 tangit

171 5286 397 5344 montes,
417 5287 464 5331 et
489 5277 744 5348 fumigant
767 5276 941 5351 (Psal.
963 5293 1052 5346 cx,
1074 5279 1219 5346 CIII),
1243 5276 1295 5331 id
1319 5285 1404 5331 est
1424 5285 1633 5331 mentes
1661 5291 1764 5330 sa:-

175 5375 441 5431 cularium
457 5373 735 5429 hominum
754 5381 808 5428 et
823 5373 1178 5445 superborum
1204 5373 1450 5443 respectu
1475 5387 1584 5427 sua:
1607 5371 1768 5425 mise~

177 5467 408 5522 rationis
433 5465 842 5540 compungit,get
869 5451 1104 5521 lamenta
1136 5463 1399 5535 fletusque
1436 5464 1767 5536 poenitentia:

176 5557 483 5632 proferunt.
516 5558 623 5615 Sed
650 5557 898 5629 quamvis
943 5559 1018 5613 ita
1055 5559 1144 5622 sit,
1173 5573 1332 5614 nemo
1361 5565 1538 5628 potest
1567 5557 1770 5612 intrare

178 5649 232 5704 in
261 5641 540 5719 templum,
581 5649 634 5705 id
674 5656 774 5715 est,
803 5663 962 5704 nemo
989 5658 1166 5720 potest
1191 5664 1312 5706 esse
1340 5663 1563 5704 securus
1583 5649 1648 5704 de
1675 5663 1770 5703 sua

178 5739 534 5818 conscientia,
565 5749 744 5795 utrum
771 5739 1393 5818 scilicetindulgentiam
1419 5750 1474 5797 et
1505 5741 1772 5796 remissio-

181 5831 304 5888 noui
325 5817 673 5895 peccatorum
697 5849 915 5889 suorum
939 5842 1262 5889 consecutus
1285 5833 1376 5889 sit.
1402 5833 1611 5907 Ignorat
1628 5835 1772 5888 enim

1849 1967 1971 2034 stis,
1994 1968 2048 2022 in
2074 1979 2290 2039 terram.
2314 1969 2426 2025 lloc
2445 1981 2528 2028 est
2552 1973 2707 2042 quod.
2723 1974 2837 2044 ipse
2857 1976 2988 2031 dicit
3013 1978 3288 2048 discipulis
3303 1980 3440 2047 suis,

1849 2061 2006 2130 quasi
2034 2062 2224 2131 primis
2247 2063 2484 2135 angelis:
2504 2062 2586 2118 Ite
2609 2065 2679 2120 ad
2698 2083 2812 2121 om
2831 2084 2949 2138 qua!
2967 2070 3231 2139 petierunt
3253 2072 3441 2130 domus

1850 2151 2022 2208 Israel
2043 2153 2263 2225 (Matth.
2287 2155 2365 2227 χ).
2382 2155 2450 2211 Et
2473 2156 2598 2213 alibi
2628 2156 2874 2229 legimus.
2891 2161 3016 2231 quia
3029 2162 3180 2217 misit
3195 2177 3291 2219 eos
3313 2171 3443 2221 ante

1850 2244 2043 2301 faciem
2071 2261 2227 2302 suam
2266 2248 2321 2303 in
2344 2263 2561 2305 omnem
2587 2248 2787 2316 locum,
2811 2253 2878 2306 ad
2901 2267 3061 2322 quem
3107 2264 3228 2310 erat
3250 2265 3443 2312 ventu-

1851 2351 1964 2392 rus.
1987 2337 2166 2405 Quare
2180 2353 2309 2395 vero
2331 2339 2528 2410 phiala:
2546 2341 2642 2396 irae
2659 2340 2763 2396 Dei
2782 2342 3054 2410 dicuntur,
3069 2346 3440 2416 supradictum

1850 2435 1954 2493 est,
1982 2429 2110 2498 quia
2140 2430 2389 2487 videlicet
2413 2433 2556 2489 unde
2577 2434 2668 2488 alii
2702 2434 2915 2490 veniam
2944 2437 3285 2506 placationis,
3317 2438 3443 2494 inde

1851 2519 1942 2574 alii
1969 2528 2188 2575 sumunt
2211 2522 2350 2577 iram
2377 2523 2618 2580 ultionis.
2650 2524 2756 2580 Per
2783 2536 2982 2582 terram
3007 2538 3190 2583 autem
3222 2538 3440 2585 terrena

1849 2610 2205 2682 designantur
2237 2614 2402 2669 corda
2447 2615 2746 2671 hominum.
2785 2617 2844 2671 ln
2878 2627 3077 2673 terram
3108 2633 3236 2691 ergo
3264 2619 3442 2692 angeli

1850 2703 2089 2774 phialam
2115 2703 2417 2772 ell'unduut,
2450 2707 2666 2775 quando
2700 2709 2877 2763 sancti
2905 2709 3288 2778 praedicatores
3314 2725 3443 2766 con-

1852 2804 1936 2850 tra
1963 2806 2210 2853 terrenos
2239 2799 2486 2854 homines
2507 2799 2819 2870 10(1uuntur.
2855 2801 3008 2857 Unde
3037 2804 3284 2873 sequitur
3308 2822 3321 2858 :

1925 2887 1993 2940 Et
2032 2887 2157 2942 abiit
2184 2889 2406 2958 primus,
2431 2899 2478 2943 et
2504 2891 2690 2959 effudi!
2712 2892 2944 2961 phialam
2969 2910 3122 2948 suam
3142 2896 3194 2947 in
3221 2904 3439 2948 terram.

1853 2977 2090 3047 Quaestio
2118 2980 2290 3034 oritur
2308 2980 2412 3037 hoc
2442 2982 2499 3036 in
2524 2981 2642 3037 loco
2666 3001 2679 3036 :
2709 2982 2764 3038 Si
2796 2994 3118 3054 prarceptum
3147 2994 3232 3042 est
3257 2986 3361 3040 illis
3383 2996 3442 3042 ut

1852 3070 2061 3140 phialas
2104 3085 2230 3126 suas
2271 3071 2324 3125 in
2354 3079 2554 3127 terram
2603 3073 2960 3139 effunderent,
3006 3076 3133 3144 quid
3171 3085 3257 3130 est
3297 3077 3442 3146 quod

1855 3164 2009 3232 quasi
2055 3166 2366 3218 mandatum
2411 3167 2903 3237 transgredientes,
2936 3167 3074 3223 alius
3115 3168 3168 3223 in
3219 3177 3440 3234 terram,

1859 3254 1998 3309 alius
2039 3255 2092 3309 in
2132 3269 2302 3321 mare,
2343 3256 2483 3312 alius
2511 3257 2563 3310 in
2594 3256 2816 3312 flumina
2855 3267 2911 3313 et
2948 3257 3124 3315 fontes
3153 3275 3441 3331 aquarum,

1858 3345 1995 3399 alius
2019 3346 2071 3400 in
2094 3346 2284 3409 solem.
2315 3347 2451 3402 alius
2472 3363 2635 3420 super
2661 3349 2844 3404 sedem
2873 3351 3085 3418 bestiae,
3109 3351 3246 3407 alius
3272 3352 3325 3406 in
3346 3351 3444 3406 llu-

1858 3454 1981 3494 men
2005 3453 2256 3509 magnum
2283 3438 2629 3509 Euphratem,
2646 3441 2784 3496 alius
2799 3442 2852 3496 in
2872 3457 3050 3497 aerem
3064 3443 3298 3513 phialam
3311 3441 3446 3498 effu-

1859 3530 1937 3585 dit
1974 3529 1998 3582 ?
2034 3530 2200 3596 Quasi
2253 3531 2401 3586 enim
2453 3531 2735 3602 (quantum
2787 3533 2854 3588 ad
2903 3533 3139 3589 litteram
3188 3533 3443 3604 pertinet)

1859 3620 2171 3676 mandatum
2193 3621 2446 3677 videntur
2466 3623 2790 3694 transgredi,
2816 3625 2910 3679 sed
2935 3639 3038 3679 non
3063 3625 3266 3680 faciunt
3281 3639 3446 3693 quan.

1861 3720 1971 3767 tam
1999 3713 2068 3768 ad
2098 3714 2385 3784 mysticum
2417 3729 2636 3770 sensum
2669 3731 2682 3770 :
2713 3716 2837 3785 quia
2865 3716 3008 3786 quod
3033 3725 3117 3772 est
3143 3727 3310 3784 terra,
3341 3719 3447 3774 hoc

1860 3813 1945 3856 est
1974 3817 2124 3858 mare
2148 3812 2206 3858 et
2229 3812 2454 3869 caatera,
2482 3805 2537 3860 id
2568 3814 2654 3860 est
2681 3822 2842 3862 omne
2870 3823 3070 3876 corpus
3093 3808 3292 3864 diaboli
3320 3825 3445 3864 cum

1861 3891 2038 3960 capite
2065 3907 2184 3946 suo.
2229 3893 2491 3949 Similiter
2534 3895 2680 3963 quod
2721 3904 2808 3949 est
2856 3913 2999 3951 unus
3047 3898 3289 3966 angelus,
3342 3899 3448 3954 hoc

1862 3991 2117 4051 septem:
2159 3991 2218 4038 et
2261 3983 2406 4052 quod
2455 3992 2686 4054 septem,
2742 3984 2846 4038 hoc
2895 4001 3053 4042 unus.
3105 3985 3258 4041 Sicut
3300 3987 3440 4042 enitr

1862 4073 2112 4129 Christus
2157 4089 2280 4129 cum
2326 4074 2504 4144 capite
2549 4091 2650 4130 suo
2698 4091 2866 4130 unum
2913 4085 3015 4142 est,
3063 4077 3190 4147 quia
3222 4077 3338 4148 ipse
3363 4086 3449 4134 est

1861 4175 2045 4236 caput,
2067 4167 2223 4222 electi
2247 4167 2514 4233 membra,
2535 4183 2710 4238 neque
2733 4168 2878 4224 aliud
2905 4169 3145 4225 membra
3167 4185 3332 4241 quam
3350 4185 3444 4226 ca~

1862 4265 1980 4328 put,
2014 4257 2088 4312 ita
2125 4257 2372 4313 diabolus
2396 4267 2451 4312 et
2482 4271 2672 4314 omnes
2694 4259 2862 4328 iniqui
2885 4274 3049 4314 unum
3076 4269 3202 4314 sunt
3229 4275 3445 4332 corpus,

1863 4357 1920 4406 et
1947 4349 2144 4404 unione
2180 4349 2535 4418 malignitatis
2583 4348 2911 4404 vinciuntur.
2960 4351 3221 4417 Quamvis
3267 4360 3447 4407 autem

1861 4450 1961 4508 per
1983 4447 2183 4493 terram
2211 4437 2391 4492 omnis
2421 4437 2710 4491 multitudo
2745 4439 3094 4508 reproborum
3126 4440 3447 4511 accipiatur,

1866 4532 1932 4586 de
1975 4546 2080 4600 qua
2127 4529 2195 4584 ad
2233 4529 2502 4585 diabolum
2538 4530 2735 4583 dicitur
2775 4531 2828 4584 in
2869 4531 3164 4600 primordio
3190 4571 3206 4598 ,
3233 4531 3450 4586 Terram

1865 4623 2100 4678 comedas
2128 4623 2370 4677 omnibus
2397 4622 2578 4677 diebus
2605 4621 2764 4694 (Gen.
2797 4625 2902 4696 Ill),
2939 4631 3118 4680 tamen
3144 4624 3452 4695 specialiter

1865 4717 1920 4772 in
1949 4718 2052 4772 hoc
2079 4717 2198 4773 loco
2225 4726 2451 4782 terram,
2475 4717 2530 4771 in
2557 4733 2717 4788 quam
2741 4717 2913 4790 prima
2939 4717 3108 4774 ell'usa
3135 4727 3219 4776 est
3243 4719 3447 4790 phiala,

1866 4826 2154 4883 possumus
2203 4810 2502 4881 intelligere
2545 4809 2758 4881 plebem
2805 4810 3180 4868 lsraeliticam.
3231 4811 3308 4866 De
3347 4811 3458 4870 hac.

1866 4904 2064 4973 quippe
2095 4911 2241 4957 terra
2283 4901 2386 4958 Job
2418 4901 2552 4957 dicit
2578 4921 2590 4956 :
2623 4902 2790 4956 Terra
2821 4903 2890 4957 de
2913 4917 3016 4971 qua
3049 4901 3328 4956 oriebatur
3355 4915 3448 4971 pa.

1867 4997 1954 5052 nis
1979 4998 2032 5051 in
2059 4996 2178 5051 loco
2206 5011 2324 5062 suo,
2368 4995 2492 5064 igne
2527 5004 2846 5064 consumpta
2877 5003 2979 5058 est,
3007 4994 3059 5048 id
3089 5003 3189 5057 est,
3218 4991 3388 5049 Judaei
3418 5008 3450 5048 a

1871 5089 2072 5159 quibus
2107 5085 2476 5157 procedebant
2513 5085 2726 5156 eloquia
2765 5086 2970 5150 divina,
3015 5093 3240 5155 peccato
3277 5084 3453 5139 incre-

1872 5183 2116 5238 dulitatis
2150 5190 2208 5238 et
2245 5183 2367 5254 igne
2407 5181 2627 5236 invidia:
2668 5180 2722 5235 in
2771 5179 2892 5234 loco
2945 5194 3044 5234 suo
3087 5177 3254 5234 occisi
3303 5185 3451 5232 sunt.

1873 5275 2073 5330 Eﬁ‘udit
2102 5275 2286 5344 itaque
2306 5273 2530 5345 angelus
2553 5270 2787 5342 phialam
2813 5285 2967 5325 suam
2994 5269 3047 5324 in
3076 5277 3298 5335 terram,
3326 5267 3456 5339 quia

1875 5367 2102 5438 apostoli
2131 5368 2199 5422 ad
2221 5381 2410 5423 vocem
2439 5365 2643 5422 Christi
2696 5371 2983 5434 coeperunt
3027 5361 3326 5432 praedicare
3370 5373 3457 5416 re-

1876 5460 2187 5516 missionem
2223 5467 2590 5530 peceatorum,
2643 5456 2963 5526 incipientes
2998 5454 3067 5508 ab
3096 5450 3452 5509 Hierusalem.

1877 5551 2010 5607 Nam
2045 5561 2102 5608 et
2127 5553 2242 5622 ipse
2269 5550 2538 5614 Christus,
2579 5549 2670 5618 qui
2711 5558 2795 5602 est
2840 5546 3153 5618 angelorum
3183 5544 3455 5616 princeps,

1877 5642 2256 5717 praedicavitiu
2267 5641 2458 5697 eadem
2474 5636 2800 5694 terra.Uude
2820 5638 2944 5706 quia
2961 5635 3251 5690 noluerunt
3263 5632 3318 5687 in
3335 5645 3459 5687 eum

1879 5739 2121 5803 credere,
2149 5735 2389 5792 damnati
2411 5743 2537 5790 sunt
2557 5738 2782 5804 peccato
2804 5729 3139 5786 inﬁdelitatis
3159 5741 3294 5794 suae,
3317 5727 3460 5782 unde

1879 5831 2124 5904 sequitur
2153 5845 2166 5884 :
2204 5825 2271 5882 Et
2318 5826 2518 5898 factum
2553 5834 2625 5880 est
2665 5824 2852 5878 vulnus
2877 5837 3070 5877 struitur
3095 5835 3157 5874 ac
3179 5819 3459 5889 pessimum
