3972 6440
540 391 676 447 1127

1011 387 1370 446 HAYMONIS
1409 384 1886 442 HAL‘BERSTAT.
1924 381 2142 440 EPISC.
2183 381 2333 440 OPP.
2361 382 2564 442 PARS.
2607 383 2648 440 Ι.
2671 414 2746 428 --
2775 385 3133 444 COMMENT.
3169 389 3342 446 BIBL.

3725 393 3852 449 "‘38

534 507 593 561 in
615 506 867 568 homines,
896 505 989 573 qui
1008 502 1196 556 habent
1247 501 1601 554 characterem
1644 497 1844 561 bestia,
1877 504 1925 550 et
1953 495 2010 548 in
2031 509 2118 548 eos
2147 499 2198 560 Α
2225 493 2420 550 deinde
2469 496 2744 564 quomodo
2783 510 3048 554 conversa
3093 497 3184 554 sit.
3209 497 3266 553 in
3312 502 3702 571 sanguisrem.
3751 501 3848 557 Le:

536 603 625 670 qui
655 595 1000 652 adorarerun‘t
1028 594 1307 664 imaginem
1336 591 1470 661 ejus.
1512 590 1627 664 Hoc
1655 589 1854 644 vulnus
1886 602 1994 642 non
2031 595 2122 642 est

537 689 797 760 corporis,
831 687 924 742 sed
959 686 1178 740 mentis.
1212 685 1309 738 Est
1341 683 1487 738 enim
1515 691 1800 753 peccatum
1831 679 2122 735 inﬁdelita-

538 782 622 843 tis,
669 793 776 848 quo
815 776 1085 833 vulnerati
1134 783 1264 829 sunt
1310 773 1482 829 Judaei
1527 773 1774 828 nolentes
1813 772 2038 828 credere
2062 771 2120 826 in

535 872 831 927 Christum.
874 868 1024 925 Unde
1065 866 1325 921 Dominus
1355 865 1524 920 dicit:
1551 863 1613 919 Si
1651 879 1757 918 non
1789 861 2034 916 venissem
2071 868 2122 914 et

532 961 736 1016 locutus
751 961 824 1014 eis
842 958 1076 1028 fuissem,
1091 966 1359 1027 peccatum
1377 972 1480 1010 non
1491 954 1754 1009 haberent.
1773 952 1932 1006 Nunc
1945 960 2121 1005 autem

533 1049 922 1103 excusationem
942 1064 1044 1101 non
1065 1045 1256 1099 habent
1282 1043 1464 1114 (Joan.
1487 1042 1601 1114 xv).
1620 1041 1734 1096 Hoc
1747 1041 1968 1096 vulnere
1985 1057 2122 1095 mor-

542 1142 611 1197 tui
625 1138 954 1196 suntludtei.
972 1137 1083 1192 Hoc
1099 1154 1162 1192 ex
1181 1133 1688 1207 gentibusinﬁdeles
1697 1134 1834 1188 mori
1847 1133 2118 1197 videntur,

538 1229 626 1285 sed
668 1227 970 1283 mirabilius
999 1227 1170 1282 Judaei
1212 1240 1374 1295 quam
1411 1234 1620 1295 gentes,
1652 1225 1778 1294 quia
1807 1224 1883 1277 illi
1914 1221 2120 1277 habue-

538 1328 663 1376 runt
694 1321 926 1390 legem,
979 1330 1033 1374 et
1087 1319 1178 1372 Dei
1228 1317 1474 1372 notitiam
1523 1325 1888 1385 acceperunt,
1946 1316 2121 1384 ipsum

533 1413 695 1467 etiam
753 1413 810 1465 in
858 1426 1029 1466 carne
1084 1409 1466 1480 praedicantem
1520 1408 1827 1461 audierunt.
1878 1405 2123 1462 Gentiles

534 1511 714 1556 autem
745 1501 882 1556 nihil
917 1502 1110 1554 horum
1143 1500 1468 1562 habuerunt,
1506 1497 1607 1551 nisi
1647 1506 1828 1551 tamen
1859 1496 2120 1565 praedicao

540 1594 745 1648 tionem
775 1593 976 1647 Christi
1009 1597 1470 1659 contempserunt,
1510 1603 1673 1657 quam
1711 1602 1810 1658 per
1848 1587 2122 1657 apostolos

534 1690 841 1746 audierunt.
873 1689 1099 1756 Ideoque
1120 1695 1176 1740 et
1203 1684 1290 1740 isti
1319 1683 1740 1746 damnabuntur,
1765 1682 1859 1737 sed
1898 1681 1972 1735 illi
1997 1697 2122 1736 cru-

534 1779 706 1836 delius
773 1779 912 1834 Hinc
949 1779 1147 1834 etenim
1190 1777 1452 1846 scriptum
1493 1782 1618 1830 est:
1649 1773 1754 1839 Qui
1793 1790 1894 1830 non
1933 1774 2118 1838 credit,

2223 585 2367 641 enim
2393 585 2602 642 Veteris
2625 587 2958 644 Testamenti
2987 605 3128 660 aqua
3147 599 3250 656 est,
3276 605 3568 647 conversa
3589 593 3852 664 deinceps

2223 675 2279 731 in
2298 676 2480 732 vivum
2509 693 2611 748 per
2630 676 2834 734 Christi
2855 681 3095 750 nuptias.
3117 681 3252 738 Data
3283 692 3374 738 est
3395 685 3630 754 quippe
3654 683 3850 741 lminis
3933 671 3935 676 I

2225 769 2507 840 Scriptura
2528 771 2702 828 dulcis
2715 786 2880 842 aqua,
2905 788 3012 843 qua
3032 773 3233 830 salvari
3275 784 3528 845 possent
3559 777 3846 831 credentis-5

2223 859 2277 915 in
2297 859 2578 915 Christum
2601 862 2708 917 sibi
2735 863 3087 932 promissum,
3121 866 3218 920 sed
3254 866 3329 920 illi
3359 874 3685 921 verterunt
3711 882 3847 921 ean-

2223 950 2344 1004 dem
2361 949 2698 1020 Scripturam
2719 953 2773 1008 in
2787 955 3208 1011 amaritudinem
3231 957 3437 1012 inﬁdeli
3445 958 3623 1020 tatis,
3654 974 3844 1029 negas-

2225 1051 2306 1096 tes
2335 1041 2630 1109 Christum,
2671 1052 2730 1099 et
2765 1046 2932 1108 morti
2971 1048 3275 1112 tradentes,
3305 1050 3452 1104 etin
3493 1052 3839 1119 sanguinem,

2223 1129 2325 1185 hoc
2360 1139 2465 1195 est,
2494 1132 2560 1186 in.
2580 1131 2853 1188 carnalem
2885 1133 3222 1190 intellectum
3251 1145 3578 1192 vertentes.
3621 1137 3836 1194 Factum

2224 1233 2307 1278 est
2349 1240 2481 1293 ergo
2517 1223 2648 1280 illud
2698 1231 2849 1280 mare
2879 1226 3121 1296 sanguis,
3151 1227 3294 1283 sicut
3323 1243 3464 1283 vere
3493 1231 3742 1298 sanguis
3763 1242 3835 1286 est

2224 1315 2279 1370 in
2321 1331 2550 1384 corpore
2593 1317 2794 1371 mortui
2843 1318 3101 1383 hominis,
3148 1319 3277 1389 quia
3323 1321 3629 1376 veraciter
3677 1323 3731 1375 in
3761 1325 3832 1377 sui

2227 1408 2528 1476 perniciem
2575 1408 2677 1478 ipsi
2727 1418 3010 1464 verterunt
3047 1409 3242 1480 legem,
3269 1411 3406 1466 dum
3449 1427 3598 1468 eam
3637 1429 3831 1484 semper

2224 1497 2516 1552 carnaliter
2541 1498 2828 1554 voluerunt
2859 1500 3180 1571 intelligere,
3211 1512 3269 1558 et
3298 1519 3608 1573 nunquam
3641 1507 3708 1560 ad
3733 1512 3828 1576 apio

2224 1588 2475 1650 ritualem
2519 1605 2739 1646 sensum
2775 1592 3030 1647 transire.
3079 1593 3186 1648 Sed
3213 1594 3319 1649 hac
3349 1594 3482 1650 labe
3509 1595 3600 1650 illi
3633 1599 3824 1666 pericu-

2224 1679 2392 1736 losius
2438 1683 2617 1753 perire
2657 1684 2979 1753 probantur,
3027 1685 3121 1754 qui
3173 1685 3225 1740 in
3271 1687 3358 1741 sui
3413 1688 3819 1744 damnationem

2227 1783 2355 1828 ante
2393 1773 2586 1832 faciem
2615 1775 2773 1830 Pilati
2801 1775 3078 1831 Christum
3113 1787 3403 1848 negantes,
3447 1780 3670 1834 dixisse
3700 1782 3817 1835 reie-

523 1873 640 1942 jam
651 1871 924 1941 judicatus
969 1879 1064 1924 est.
1110 1867 1264 1923 Unde
1303 1869 1440 1922 bene
1473 1881 1581 1920 non
1622 1866 1761 1920 dixit
1802 1864 2121 1933 simpliciter
2151 1861 2196 1921 Β
2223 1873 2454 1922 runtur:
2491 1865 2722 1936 Sanguis
2750 1866 2910 1936 hujus
2949 1883 3106 1938 super
3129 1886 3224 1922 nos
3266 1879 3315 1922 et
3372 1887 3548 1940 super
3575 1873 3816 1938 ﬁliasue-

532 1979 733 2019 smvnm
759 1962 956 2018 vulnus
977 1977 1097 2017 esse
1119 1960 1338 2024 factum,
1363 1967 1458 2019 aut
1477 1957 1794 2028 pessimum,
1827 1956 1919 2011 sed
1936 1955 2120 2024 junxit

532 2055 639 2109 duo
674 2054 911 2119 nomina,
963 2054 1016 2107 id
1052 2059 1158 2116 est,
1203 2066 1398 2104 scevum
1429 2065 1492 2102 ac
1525 2049 1824 2119 pessimum,
1855 2047 1925 2102 ad
1952 2063 2118 2118 exag—

532 2149 825 2217 get-audam
857 2145 1016 2214 hujus
1041 2144 1280 2198 vulneris
1309 2142 1758 2212 magnitudinem,
1789 2140 1945 2210 quasi
1973 2140 2122 2195 dice-

535 2246 620 2291 ret
652 2235 1053 2291 irretnediabile
1074 2244 1237 2304 atque
1276 2233 1638 2298 mortiferum,
1667 2248 1776 2302 quo
1799 2232 1926 2297 soli,
1953 2233 2118 2288 etiam

544 2332 590 2386 si
633 2330 722 2384 alii
765 2331 961 2395 desint,
993 2330 1222 2400 quilibet
1259 2329 1544 2393 vulnerati,
1585 2336 1788 2386 aeterna
1813 2328 2123 2397 iudicentur

531 2439 690 2494 pinna
713 2423 1000 2493 plectendi.
1026 2424 1092 2478 Et
1109 2422 1236 2492 quia
1256 2422 1608 2478 novissimam
1628 2421 1935 2477 Judmorum
1965 2420 2124 2476 caeci-

535 2523 700 2569 tatem
744 2515 1023 2580 describit,
1067 2515 1158 2584 qui
1189 2530 1293 2583 .pro
1321 2513 1540 2568 Christo
1575 2511 1970 2570 Antichristum
1995 2520 2123 2568 sunt

533 2608 858 2677 suscepturi,
885 2606 1039 2676 juxta
1073 2608 1203 2661 illud
1232 2618 1258 2661 :'
1283 2607 1395 2678 Ego
1425 2608 1546 2661 veni
1587 2608 1642 2662 in
1683 2610 1900 2663 nomine
1945 2608 2122 2663 Patris

533 2699 663 2764 rnei,
692 2707 749 2752 et
773 2713 880 2752 non
919 2699 1230 2767 suscepistis
1264 2714 1353 2753 mc
1375 2713 1389 2752 :
1415 2699 1551 2753 alius
1585 2699 1766 2755 veniet
1803 2699 1861 2754 in
1905 2701 2123 2756 nomine

535 2790 832 2855 suo,.illum
863 2791 1188 2860 suscipietis.
1231 2792 1375 2846 Bene
1418 2792 1667 2847 homines
1695 2791 1826 2847 dicit
1857 2793 2120 2862 praedica-

535 2879 681 2936 tione
719 2879 915 2936 Christi
963 2881 1195 2950 pessime
1235 2881 1569 2946 vulneratos,
1613 2883 1704 2952 qui
1747 2884 2118 2938 characterem

533 2971 723 3027 bestiae
773 2971 1026 3026 videntur
1065 2972 1264 3026 habere
1295 2973 1518 3043 ejusque
1550 2975 1834 3044 imaginem
1872 2977 2118 3030 adorare.

533 3062 831 3118 Character
865 3079 992 3118 vero
1033 3065 1240 3126 bestize,
1286 3074 1344 3120 ut
1377 3079 1537 3136 supra
1585 3068 1791 3123 dictum
1837 3077 1939 3130 est,
1989 3069 2121 3124 ﬁdes

531 3153 650 3222 ejus
673 3154 1006 3224 intelligitur.
1037 3154 1212 3222 Quem
1250 3156 1622 3211 characterem
1649 3156 1756 3225 iam
1793 3157 1995 3212 habent
2024 3156 2121 3212 Ju-

2221 1965 2358 2010 stros
2381 1954 2596 2025 (Matth.
2621 1958 2816 2025 xxvn).
2841 1953 2911 2010 Et
2935 1958 3104 2011 omnis
3121 1959 3303 2012 anima
3319 1959 3502 2016 uirens
3530 1973 3737 2014 mortus
3751 1973 3813 2014 est

2221 2047 2278 2100 in
2314 2045 2476 2100 mari.
2525 2045 2626 2102 Hic
2651 2061 2684 2100 a
2715 2054 2830 2102 toto
2871 2061 3000 2116 pars
3045 2047 3390 2118 intelligitur.
3449 2049 3646 2120 Neque
3685 2053 3814 2104 enim

2219 2154 2408 2194 omnes
2431 2138 2533 2194 sub
2557 2139 2766 2194 carnali
2792 2154 2955 2194 sensu
2984 2140 3119 2209 legis
3148 2141 3486 2206 moriuntur,
3524 2146 3657 2212 quia
3681 2160 3812 2198 nunc

2222 2229 2376 2284 multi
2410 2229 2508 2284 Dei
2541 2230 2712 2300 gratia
2739 2245 2803 2284 ea
2833 2246 2956 2300 quae
2977 2230 3084 2288 illis
3113 2231 3169 2286 in
3199 2231 3374 2301 ﬁgura
3406 2236 3810 2304 contingebant,

2223 2313 2918 2391 s'piritualiterintelligunt.
2937 2321 3066 2376 Tale
3085 2331 3172 2377 est
3191 2330 3248 2378 et
3270 2323 3421 2388 illud,
3438 2323 3628 2378 Omna
3642 2326 3805 2378 decli-

2223 2423 2496 2480 naverunt,
2539 2413 2698 2468 simul
2737 2414 2950 2469 inutiles
2989 2413 3119 2483 facti
3155 2427 3283 2470 sunt
3306 2431 3321 2467 :
3343 2426 3532 2470 nonest
3569 2419 3664 2486 qui
3693 2416 3782 2484 fa-

2222 2509 2326 2562 ciat
2359 2508 2570 2572 bonum,
2601 2525 2707 2562 non
2735 2519 2808 2561 est
2832 2525 2994 2578 usque
3017 2509 3086 2562 ad
3112 2525 3278 2578 unum
3308 2507 3625 2580 (PsalJnt).
3651 2508 3788 2562 illam

2222 2607 2278 2654 et
2305 2599 2360 2652 in
2385 2600 2490 2653 hoc
2517 2599 2678 2663 mari,
2705 2599 2758 2652 id
2785 2599 2950 2660 estin
2975 2614 3131 2654 sacra
3167 2598 3478 2666 Scriptura,
3503 2601 3799 2653 continetur

2221 2690 2332 2744 vita
2374 2690 2603 2760 piscium
2645 2698 2864 2744 centum
2906 2691 3301 2761 quinquaginta
3352 2691 3523 2745 trium
3551 2691 3644 2760 qui
3669 2692 3799 2759 capu

2223 2790 2348 2835 sunt
2379 2781 2478 2834 reti
2500 2779 2886 2849 apostolorum.
2920 2779 3033 2834 Hoc
3055 2790 3138 2835 est
3165 2782 3314 2835 enim
3345 2782 3532 2851 pisces
3557 2782 3658 2835 reti
3679 2796 3794 2850 apo—

2222 2870 2481 2926 stolorum
2511 2871 2651 2940 capi,
2679 2871 2822 2939 quod
2849 2881 2952 2934 est,
2980 2871 3032 2924 in
3055 2871 3356 2925 electorum
3385 2881 3550 2941 parte
3575 2871 3798 2940 sqmis

2222 2963 2536 3031 sanguinem
2566 2963 2788 3016 minime
2813 2963 3077 3017 converti.
3101 2962 3294 3017 Omnis
3317 2978 3460 3033 ergo
3481 2965 3660 3018 anima
3678 2979 3796 3018 m-

2223 3061 2312 3106 tua
2344 3053 2398 3107 in
2425 3052 2585 3114 mari,
2637 3067 2737 3122 pro
2776 3051 2860 3105 his
2892 3061 3100 3109 tantum
3147 3054 3482 3123 accipienda
3512 3063 3616 3120 est,
3641 3055 3722 3124 qui
3747 3056 3792 3108 in

2223 3143 2338 3216 lege
2363 3144 2496 3198 nihil
2526 3143 2670 3197 aliud
2703 3144 2805 3197 nisi
2836 3143 3069 3198 litteram
3102 3146 3420 3211 attendunt,
3453 3147 3601 3202 sicut
3630 3145 3792 3208 indui,

535 3245 660 3308 dari,
709 3246 992 3300 credentes
1021 3247 1076 3300 in
1125 3246 1274 3300 illum
1305 3255 1362 3301 et
1407 3262 1529 3302 eum
1567 3255 1968 3317 exspectantes,
1999 3265 2116 3304 sus-

2223 3237 2314 3306 qui
2356 3235 2591 3290 maxime
2635 3251 2703 3289 ex
2743 3250 2808 3291 eo
2853 3245 3094 3305 tempore
3141 3252 3248 3290 non
3289 3247 3429 3292 sunt
3457 3239 3677 3300 mortui,
3706 3253 3794 3306 quo

533 3336 738 3406 cepturi
787 3335 932 3390 illum
972 3351 1094 3390 cum
1124 3337 1270 3391 omni
1297 3338 1479 3394 cordis
1507 3338 1810 3393 devotione.
1843 3337 1992 3393 Tunc
2015 3341 2119 3394 uti-

533 3439 640 3494 que
669 3433 853 3494 aperte
891 3426 1206 3495 suscipient,
1233 3438 1394 3495 quem
1431 3441 1574 3482 nunc
1606 3437 1718 3482 toto
1752 3438 1878 3484 voto
1909 3438 2114 3484 tenent.

533 3513 774 3569 Aderant
807 3529 1019 3584 quoque
1055 3515 1348 3584 imaginem
1383 3514 1521 3584 eius,
1568 3515 1622 3570 id
1659 3526 1764 3581 est,
1787 3518 1972 3588 ipsum
2008 3517 2120 3571 An-

534 3604 865 3668 tichristum,
901 3619 1045 3659 nunc
1090 3612 1216 3660 voto
1252 3615 1309 3659 et
1343 3605 1636 3672 desiderio,
1668 3613 1798 3662 tunc
1839 3615 2018 3661 autem
2065 3615 2119 3662 et

533 3702 716 3750 mente
741 3700 800 3748 et
827 3708 1053 3764 corpore
1085 3689 1345 3765 prostrati
1379 3694 1437 3749 in
1475 3706 1768 3766 conspectu
1811 3695 1972 3752 illius.
2014 3697 2120 3753 Re-

534 3799 660 3841 vera
685 3787 828 3842 enim
857 3789 1076 3860 dignum
1099 3799 1206 3856 est,
1237 3797 1299 3844 ut
1322 3790 1416 3860 qui
1446 3789 1670 3846 vitulum
1702 3792 2004 3862 saginatum
2038 3801 2119 3846 tn-

532 3889 743 3936 mentes
771 3882 1093 3952 despiciunt,
1132 3882 1342 3940 haedum
1373 3874 1676 3954 accipiant,
1705 3890 2118 3940 contemnentes

531 3971 786 4027 videlicet
811 3973 1106 4040 Christum,
1137 3974 1436 4043 suscipiant
1470 3973 1888 4029 Antichristum.
1915 3972 2119 4041 Quam-

531 4061 718 4117 obrem
753 4065 1062 4134 specialiter
1106 4065 1212 4120 hoc
1247 4065 1313 4119 de
1350 4065 1484 4135 ipsis
1524 4064 1903 4135 intelligamus,
1948 4079 2118 4134 quan-

531 4169 694 4223 quam
744 4156 846 4209 hoc
885 4164 942 4208 et
982 4153 1274 4211 incredulis
1319 4157 1574 4227 gentibus
1615 4155 1942 4226 generaliter
1985 4171 2117 4210 con-

533 4253 744 4314 gruere'
771 4248 1037 4303 videatur.
1083 4247 1281 4306 Multos
1317 4252 1461 4305 enim
1493 4259 1548 4305 et
1573 4250 1996 4306 innumerabiles
2016 4251 2117 4320 ipsi

531 4336 700 4392 Judaei
734 4339 784 4392 in
815 4341 1158 4410 susceptione
1184 4341 1504 4396 Antichristi
1545 4357 1612 4396 ex
1641 4341 1931 4397 incredulis
1953 4343 2118 4410 genti-

535 4430 637 4482 lms
660 4429 934 4485 habebunt
961 4445 1246 4500 sequaces,
1279 4431 1418 4485 sicut
1447 4431 1672 4501 apostoli
1705 4433 1760 4485 in
1789 4431 2114 4487 ﬁde-Christi

531 4519 732 4572 multos
775 4519 1082 4575 habuerunt
1124 4521 1448 4575 imitatores.
1495 4521 1784 4576 Sciendum
1831 4532 2109 4592 praeterea,

2221 3335 2510 3397 coeperunt
2535 3326 2714 3380 vivere
2744 3324 2928 3381 ﬁdeles
2965 3341 3062 3394 per
3089 3339 3287 3387 sensus
3307 3327 3662 3398 .spirituales.

2289 3419 2357 3472 Et
2397 3420 2582 3474 tertius
2621 3417 2810 3486 effudit
2839 3417 3073 3486 phialam
3117 3434 3268 3470 suam
3306 3434 3479 3488 super
3519 3420 3792 3488 ﬂuminea

2219 3529 2372 3582 super
2403 3513 2568 3580 fontes
2605 3525 2898 3580 aquarum,
2943 3519 2990 3562 et
3033 3509 3205 3578 [actus
3256 3520 3337 3564 est
3386 3511 3636 3580 sanguis.
3668 3507 3790 3574 Quod

2217 3611 2301 3658 est
2343 3602 2550 3671 primus
2585 3600 2828 3672 angelus,
2860 3601 2964 3656 hoc
2993 3601 3288 3665 secundus,
3325 3602 3436 3658 hoc
3470 3604 3680 3664 tertius,
3711 3603 3789 3654 hac

2219 3691 2448 3761 denique
2493 3705 2705 3755 omnes,
2752 3690 2805 3744 id
2846 3698 2932 3744 est
2959 3690 3142 3746 cuncti
3186 3691 3611 3761 praedicatores.
3650 3692 3790 3745 Pam

2219 3797 2314 3854 per
2343 3781 2568 3838 ﬁumina
2607 3787 2664 3835 et
2697 3779 2874 3836 fontes
2909 3796 3175 3850 aquarum
3205 3781 3450 3851 gentiles
3509 3783 3786 3853 signiﬁcan-

2221 3881 2329 3932 tur,
2363 3872 2503 3928 sicut
2527 3887 2687 3943 supra
2709 3885 2808 3941 per
2852 3886 3022 3926 mare.
3062 3870 3284 3926 Fluvios
3323 3871 3396 3926 ab
3446 3873 3610 3938 initio
3628 3873 3702 3926 sui
3741 3870 3794 3924 ad

2218 3961 2476 4018 inferiora
2527 3963 2722 4026 tendit,
2752 3969 2808 4017 et
2838 3961 2892 4016 in
2921 3975 3074 4018 mare
3103 3960 3454 4027 ditlunditur,
3506 3965 3590 4018 sic
3613 3975 3666 4016 et
3687 3975 3793 4032 gen-

2222 4055 2390 4111 tilitas
2419 4055 2472 4109 in
2501 4054 2823 4110 inﬁdelitate
2849 4062 3144 4124 praeventa,
3184 4055 3438 4113 cucurrit
3469 4056 3544 4110 ad
3575 4064 3795 4113 mortem.

2219 4146 2312 4202 sed
2343 4145 2457 4215 ipsa
2484 4143 2756 4216 gentilitas
2798 4145 2854 4198 in
2897 4133 3012 4200 Suis
3054 4143 3398 4212 philosophis
3424 4146 3648 4215 accepit
3667 4144 3796 4214 phis-

2219 4239 2325 4294 lam
2371 4254 2547 4303 suam,
2596 4238 2650 4293 id
2690 4245 2792 4301 est,
2833 4251 3045 4292 sacram
3085 4235 3432 4305 Scripturam
3464 4249 3530 4289 et
3559 4237 3650 4291 Dei
3677 4235 3797 4290 noti-

2217 4331 2370 4393 tiam,
2394 4329 2552 4393 sicut,
2581 4328 2731 4383 verbi
2758 4327 2958 4398 gratia,
2983 4327 3134 4381 Plato
3163 4341 3195 4380 a
3227 4325 3478 4382 Jeremia
3511 4330 3568 4382 in
3591 4327 3797 4398 ,ΑΕρῲ

2216 4419 2445 4489 positus,
2473 4418 2727 4488 cognovit
2759 4418 2903 4487 quod
2925 4419 3073 4474 Deus
3101 4417 3454 4488 omnipotens
3489 4417 3688 4474 fecerit
3706 4432 3796 4471 eir-

2217 4513 2324 4568 lum
2351 4521 2406 4566 et
2436 4520 2657 4577 terram,
2689 4526 2850 4566 .marc
2877 4520 2935 4568 et
2960 4513 3144 4568 omnia
3181 4527 3303 4581 qua:
3332 4513 3389 4565 in
3418 4513 3510 4568 eis
3543 4523 3690 4574 sunt,
3721 4510 3796 4564 sed

532 4610 660 4678 quia
707 4611 846 4664 sicut
882 4610 1053 4666 δυόιυί
1087 4621 1250 4680 atque
1278 4611 1508 4682 gentiles
1533 4627 1631 4682 pro
1657 4628 1722 4667 eo
1747 4587 1889 4682 quod
1917 4615 2111 4682 praedi-

2223 4606 2359 4660 hanc
2395 4605 2632 4674 phialam
2674 4605 2838 4660 vertit
2862 4605 2916 4662 in
2944 4606 3284 4676 sanguinem,
3317 4605 3376 4659 id
3405 4617 3500 4660 est
3554 4608 3612 4662 in
3642 4604 3796 4676 pmi-

532 4699 803 4752 ratiunem
847 4699 1100 4754 Ecclesia:
1143 4701 1466 4769 despiciunt,
1510 4711 1762 4771 tanquam
1805 4703 2000 4756 vulnus
2023 4705 2114 4756 ad.

525 4786 773 4854 junctum
799 4788 1008 4842 vulneri
1041 4790 1338 4860 suscipient
1361 4792 1775 4857 Antichristum,
1801 4795 1879 4849 sic
1901 4794 2112 4862 reprobi

532 4877 671 4932 intra
712 4887 955 4935 sanctam
999 4879 1296 4936 Ecclesium
1339 4884 1640 4948 constituti,
1681 4885 1808 4955 quia
1840 4886 2110 4940 Christum

523 4968 669 5037 iuste
709 4973 1067 5036 conﬁtentur,
1117 4973 1370 5042 operibus
1421 4974 1726 5046 denegant,
1775 4977 1992 5044 dignum
2030 4985 2114 5032 est

523 5070 614 5129 ut,
644 5062 959 5121 imminente
1003 5067 1391 5136 persecutionis
1434 5067 1679 5134 articulo,
1724 5068 2111 5138 professionem

527 5156 805 5221 amittant,
843 5173 1008 5228 quam
1050 5158 1162 5214 sola
1190 5167 1387 5229 gerunt
1419 5159 1620 5230 lingua,
1657 5169 1714 5215 et
1742 5161 2111 5217 characterem

530 5245 771 5308 habeant
814 5249 867 5302 in
887 5297 893 5304 .
912 5248 1037 5304 ﬁdei
1082 5249 1454 5320 abnegatione,
1485 5265 1644 5319 quem
1675 5251 1874 5306 dudum
1904 5251 2114 5308 occulte

523 5337 805 5394 habebant
843 5339 898 5394 in
935 5339 1189 5408 operibus
1229 5353 1516 5404 manuum,
1559 5340 1915 5410 eumdemque
1959 5341 2113 5396 Anti—

523 5431 798 5488 cbristum
840 5430 1126 5487 manifeste
1172 5439 1490 5501 sequantur,
1537 5441 1660 5501 post
1703 5447 1862 5503 quem
1910 5433 2110 5488 dudum

526 5523 742 5590 occulte
770 5523 1136 5580 ambulabant.
2086 5587 2088 5589 ι

605 5611 668 5666 Et
691 5612 949 5668 secundus
971 5613 1186 5685 angelus
1213 5615 1406 5684 effudit.
1424 5615 1656 5685 phialam
1678 5631 1828 5670 suam
1855 5617 1910 5670 in
1939 5631 2107 5678 mare,

526 5715 576 5758 et
605 5704 778 5772 factus
801 5713 876 5762 est
904 5707 1118 5778 sanguis
1158 5715 1408 5776 tanquam
1446 5707 1658 5764 mortui.
1701 5707 1756 5762 In
1797 5707 1936 5764 mari
1966 5725 2105 5778 aqua

2220 4712 2384 4759 tatem
2431 4703 2656 4766 erroris,
2707 4703 2896 4759 dicens
2927 4702 3073 4772 quod
3101 4699 3311 4756 cmlites
3359 4698 3438 4769 (id
3488 4708 3584 4754 est
3625 4695 3796 4772 angeli)

2215 4795 2446 4851 iecerint
2479 4808 2703 4861 caetera,
2736 4796 2790 4851 id
2816 4803 2922 4860 est,
2949 4795 3217 4852 minorem
3255 4800 3608 4848 creaturam.
3645 4790 3796 4858 Virgi-

2217 4885 2322 4942 lius
2342 4902 2559 4957 quoque
2603 4902 2673 4941 ex
2718 4885 2960 4944 Danielis
3008 4885 3283 4947 volumine
3329 4883 3536 4938 didicit
3587 4893 3800 4952 quatuor

2219 4993 2384 5048 regna
2412 4994 2441 5031 a
2473 4979 2584 5034 Deo
2607 4978 2991 5048 prmordinata,
3034 4993 3100 5033 ex
3137 4975 3334 5046 quibus
3380 4990 3562 5029 unum
3601 4984 3689 5029 est
3724 4989 3799 5026 an-

2216 5082 2390 5130 reum,
2429 5068 2525 5123 sed
2564 5067 2832 5122 convertit
2882 5068 2988 5122 hoc
3035 5066 3090 5121 in
3131 5065 3476 5136 sanguinem,
3509 5080 3646 5124 cum
3677 5072 3804 5118 reta-

2218 5156 2280 5214 lit
2304 5157 2405 5212 hoc
2431 5157 2498 5212 ad
2533 5156 2832 5212 Saturnum
2858 5165 2914 5212 et
2937 5156 3149 5220 Jovem,
3175 5157 3434 5227 ipsosque
3456 5155 3612 5211 dixit
3635 5155 3804 5212 condi-

2214 5258 2364 5304 tores
2385 5265 2670 5320 negnorum
2689 5250 2963 5320 ipsorum;
2990 5251 3116 5317 hinc
3141 5251 3331 5304 doctor
3355 5250 3613 5320 gentium
3639 5247 3801 5318 loqui-

2217 5347 2304 5394 tur
2337 5340 2559 5396 dicens:
2587 5339 2791 5412 Sapere
2835 5340 3132 5396 secundum
3171 5353 3392 5412 carnem
3418 5353 3579 5396 mors
3617 5350 3726 5402 est,
3758 5346 3804 5390 et

2215 5447 2454 5497 rursum,
2479 5424 2744 5502 sapientia
2779 5432 2959 5488 carnis
2986 5431 3205 5488 inimica
3234 5439 3317 5488 est
3337 5430 3468 5485 Deo.

2287 5521 2356 5577 Et
2389 5523 2566 5578 audiri
2599 5522 2842 5594 angelum
2881 5539 3165 5594 aquarum.
3187 5521 3246 5578 Id
3272 5528 3376 5586 est,
3416 5522 3688 5577 nuntium
3719 5537 3803 5590 po-

2211 5615 2485 5686 pulorum,
2516 5617 2664 5686 quia,
2696 5617 2840 5671 sicut
2879 5617 2934 5672 in
2957 5615 3308 5690 sequentibus
3352 5613 3618 5686 legimus,
3663 5628 3805 5682 aqua

2211 5709 2397 5766 multae
2444 5708 2625 5780 populi
2669 5710 2822 5766 multi
2855 5719 3002 5766 sunt.
3045 5709 3314 5764 Dicentem
3343 5721 3360 5758 :
3390 5707 3586 5762 Justus
3621 5723 3683 5761 es
3718 5707 3797 5775 qui

527 5804 640 5861 est,
687 5808 739 5852 et
781 5798 900 5854 ideo
943 5800 1176 5870 primum
1225 5801 1511 5856 videndum
1559 5802 1687 5870 quid
1733 5802 1802 5856 sit
1843 5817 2001 5872 aqua,
2053 5810 2106 5858 et
2209 5820 2330 5858 eras
2370 5815 2608 5858 sanctus.
2660 5803 2996 5860 Prmtcritum
3045 5813 3254 5876 tempus
3300 5799 3541 5872 positum
3593 5809 3684 5855 est
3723 5800 3798 5853 lus
