3990 6332
173 375 290 433 1129

1085 359 1461 426 EXPOSITIO
1495 364 1562 421 IN
1601 355 2100 420 APOCALYPSlN.
2138 393 2212 407 --
2245 365 2373 420 LIB.
2417 366 2486 421 Υ.

3271 365 3410 438 nso

168 502 254 563 pro
277 487 450 542 tribus
474 483 828 554 temporibus,
875 482 931 538 id
972 489 1078 548 est,
1109 497 1208 553 pro
1235 479 1536 552 praeterito,
1581 473 1984 562 prae-Acasti,
2028 481 2084 530 et
2135 483 2354 542 caetera,
2404 486 2663 547 tanquam
2703 473 2972 533 diceretur
3007 495 3020 530 :
3061 477 3196 545 Quia
3245 476 3410 550 verba

169 576 291 635 senti
324 584 379 630 et
419 572 621 629 futuro.
653 572 756 639 Qui
788 587 912 627 eras
938 579 1177 636 sanctus,
1205 569 1387 638 justus
1423 581 1483 622 es
1511 574 1568 620 et
1590 564 1716 620 eris.

166 663 502 735 Quae-iustitia
531 664 586 718 in
611 664 715 719 hoc
741 661 1140 728 manifestatur,
1172 677 1294 716 cum
1324 660 1605 715 subditur:
1631 657 1724 727 qui

163 759 280 821 lites,
309 755 482 824 inquit
511 752 768 824 judicasti
799 753 923 824 quia
972 753 1282 822 sanguinem
1324 759 1629 804 sanctorum
1671 755 1723 802 et

164 847 513 921 prophetarum
553 844 851 913 effuderunt
895 853 944 898 et
990 845 1294 914 sanguinem
1319 843 1392 896 eis
1418 841 1609 894 dedisti
1646 839 1725 894 bi-

161 944 286 996 bere.
312 937 528 994 Iustum
567 937 716 992 enim
759 945 844 992 est
886 937 1027 1005 apud
1053 945 1129 1002 te,
1167 944 1226 989 ut
1252 935 1376 1003 quia
1403 933 1724 1003 sanguinem

161 1038 453 1086 sanctorum
497 1036 714 1084 tuorum
755 1026 1081 1092 effuderunt,
1135 1027 1236 1095 ipsi
1285 1025 1604 1096 sanguinem
1642 1024 1724 1080 bi-

156 1123 290 1179 bant.
319 1121 437 1178 Hoc
463 1130 547 1177 est
570 1122 866 1176 vindictam
895 1119 1048 1177 επιιεί
1082 1120 1362 1190 sanguinis
1391 1121 1720 1186 sustineant,

157 1225 206 1273 et
246 1216 296 1270 in
339 1215 421 1270 tui
463 1215 827 1286 cognitionem
875 1215 1098 1269 minime
1150 1213 1467 1284 perveniant
1514 1213 1570 1267 hi
1605 1212 1718 1282 qui,

135 1309 280 1382 .boua
307 1308 410 1363 sibi
454 1309 862 1372 annuntiantes,
887 1321 995 1362 non
1045 1307 1218 1363 solum
1258 1322 1364 1361 non
1411 1304 1718 1372 audierunt,

152 1416 322 1456 verum
367 1401 534 1456 etiam
576 1400 871 1455 crudeliter
903 1405 1280 1468 peremerunt.
1323 1396 1476 1464 Quod
1517 1396 1724 1450 intelli-

149 1490 367 1562 gendum
400 1499 483 1546 est
515 1499 625 1544 tam
649 1491 716 1544 de
740 1488 940 1545 ludatis
965 1503 1131 1559 quam
1158 1489 1225 1544 de
1249 1487 1518 1557 gentibus.
1548 1487 1719 1542 Judaei

149 1581 281 1638 enim
311 1580 574 1636 fuderunt
615 1580 932 1646 sanguinem
970 1587 1282 1634 sanctorum
1311 1579 1718 1648 prophetarum,

145 1675 275 1730 sicut
305 1671 1075 1738 interfeceruntEmchielem,
1104 1680 1160 1726 et
1191 1670 1384 1726 Isaiam
1407 1678 1718 1735 secuerunt,

143 1765 425 1822 Jeremiam
474 1765 866 1835 lapidaverunt.
908 1763 1068 1820 ‘Unde
1113 1771 1168 1818 et
1214 1762 1521 1831 Stephanus
1553 1761 1718 1816 eisin

143 1857 510 1921 contentione,
574 1869 742 1924 quam
785 1868 916 1908 cum
951 1853 1074 1908 illis
1120 1852 1310 1907 habuit
1357 1852 1720 1922 impmperat,

141 1947 355 2004 dicens:
385 1947 560 2014 Quem
599 1947 988 2016 prephetarum
1032 1959 1140 1999 non
1170 1953 1294 1999 sunt
1327 1943 1597 2014 persecuti
1626 1958 1722 2012 pa-

142 2045 247 2094 tres
283 2039 500 2094 vestri?
538 2038 606 2092 Et
641 2035 964 2092 occiderunt
1006 2049 1100 2090 eos
1147 2035 1240 2105 qui
1283 2033 1722 2104 praenuntiabant

137 2129 457 2184 dea‘tlventu
490 2128 642 2199 justi.
676 2126 921 2182 Gentiles
948 2140 1170 2196 quoque
1204 2123 1455 2179 similiter
1488 2123 1719 2179 multum

137 2229 447 2276 sanctorum
503 2228 808 2290 martyrum
865 2218 1182 2287 sanguinem
1235 2214 1528 2281 fuderunt,
1578 2215 1722 2271 sicut

135 2310 273 2367 Nero
297 2310 574 2367 cruciﬁxit
598 2311 846 2376 Petrum,
875 2307 1163 2364 decollavit
1181 2305 1418 2361 Paulum
1441 2314 1496 2360 et
1523 2305 1722 2362 multos

134 2401 286 2457 alios.
331 2401 404 2456 Hi
440 2417 630 2456 omnes
670 2400 820 2470 justo
859 2400 957 2456 Dei
999 2399 1202 2470 judicio
1239 2409 1426 2472 postea
1467 2401 1722 2455 biberunt

129 2493 472 2563 sanguinem,
500 2491 681 2555 idest,
711 2493 1002 2547 vindictam
1035 2492 1314 2563 sanguinis
1342 2491 1681 2561 pertulerunt
1699 2509 1722 2546 :-

129 2585 213 2639 vel
235 2585 294 2639 in
317 2583 606 2653 praesenti,
647 2583 790 2636 sicut
823 2582 1000 2638 Judaei
1030 2592 1086 2638 et
1116 2584 1232 2653 ipse
1253 2582 1417 2648 Nero,
1444 2593 1503 2636 ut
1522 2583 1718 2652 perde-

126 2683 250 2731 rent
271 2683 334 2731 et
359 2684 684 2744 praesentem
709 2673 878 2728 vitam
904 2682 960 2728 et
987 2674 1224 2728 futuram
1249 2689 1265 2727 :
1295 2673 1381 2728 vel
1419 2675 1474 2728 in
1509 2673 1719 2727 inferno

125 2767 399 2833 damnati,
429 2776 485 2822 et
507 2768 787 2837 perpetuis
818 2767 1154 2822 cruciatibus
1189 2767 1394 2820 traditi.
1435 2766 1588 2820 Unde
1616 2765 1723 2820 Do-

123 2859 310 2915 minus
361 2857 420 2913 in
464 2857 757 2928 Evangelia
793 2858 965 2913 dicit:
995 2858 1324 2928 llequiretur
1357 2858 1576 2927 sanguis
1607 2873 1723 2911 om-

121 2951 276 3004 nium
302 2957 620 3004 sanctorum
647 2964 677 3002 a
704 2949 1056 3017 generatione
1085 2949 1190 3002 hac
1221 2949 1599 3017 reproborum,
1624 2948 1718 3017 qui

116 3039 330 3097 eﬂ'usus
351 3048 440 3095 est
458 3055 621 3110 super
644 3050 842 3095 terram
867 3053 900 3094 a
925 3039 1189 3110 sanguine
1212 3038 1347 3094 Abel
1365 3038 1520 3109 justi,
1547 3053 1720 3108 usque

117 3131 186 3185 ad
213 3131 544 3203 sanguinem
578 3130 873 3186 Zachariae.
909 3131 1120 3185 Aliter:
1152 3129 1382 3202 Sanguis
1405 3139 1718 3184 sanctorum

1823 565 1980 636 legis,
2027 565 2241 635 eloquia
2295 567 2706 638 prophetarum,
2754 569 3006 640 dictaque
3043 569 3412 649 apostolorum

1825 657 2203 728 depravantes,
2249 660 2403 729 quasi
2439 661 2585 731 ipsos
2613 663 2948 730 occiderunt,
2979 663 3198 735 dignum
3235 674 3320 720 est
3351 671 3416 732 ut

1821 760 1924 816 per
1954 748 2273 818 temporalia
2289 749 2440 820 (qua:
2464 761 2590 807 ante
2608 752 2977 824 calcaverunt)
2997 755 3206 826 ﬂagella
3235 757 3412 828 ipsum

1823 839 2161 909 sanguinem,
2204 855 2368 910 quem
2410 841 2748 911 ell‘uderunt,
2790 861 2898 916 quo
2932 854 2988 901 et
3029 847 3240 904 animas
3283 864 3413 912 suas

1821 941 2266 1000 cruentaverunt,
2307 950 2493 990 coram
2536 937 2847 994 hominibus
2884 939 3092 1006 bibant,
3124 940 3177 996 id
3207 949 3292 996 est
3315 957 3414 998 no-

1822 1035 1946 1076 men
1989 1031 2142 1088 tuum
2179 1023 2323 1094 quod
2364 1024 2500 1081 falso
2535 1027 2805 1095 colebant,
2852 1030 3064 1100 publice
3100 1040 3319 1103 negent,
3358 1043 3414 1090 et

1821 1113 2258 1183 corruptionibus
2297 1117 2499 1184 carnis,
2537 1120 2694 1189 quasi
2731 1121 2912 1178 inanis
2953 1122 3134 1194 gloria:
3171 1125 3413 1196 appetitu

1822 1203 2254 1272 refrenaverant,
2286 1207 2484 1264 itera-re
2515 1219 2870 1280 praesumant.
3057 1201 3062 1206 ’

1892 1296 1964 1351 Et
1987 1308 2206 1368 quartus
2235 1299 2452 1370 angelus
2485 1303 2672 1371 eﬂ‘udit
2693 1305 2935 1374 phialam
2969 1323 3120 1360 suam
3142 1309 3200 1361 in
3227 1307 3410 1364 solem.

1823 1385 1919 1443 Sol
1951 1389 2007 1442 in
2040 1405 2196 1445 sacro
2233 1391 2450 1461 eloquio
2484 1393 2726 1449 diversas
2767 1397 2930 1452 habet
2965 1399 3411 1468 signiﬁcationes,

1819 1485 1877 1533 et
1917 1481 2137 1548 ponitur
2184 1481 2238 1535 in
2289 1482 2432 1537 bono
2474 1493 2529 1539 et
2580 1485 2741 1542 malo.
2796 1488 3096 1558 Aliquando
3143 1490 3414 1561 signiﬁcat

1815 1565 2118 1635 Christum,
2169 1570 2237 1626 de
2288 1586 2398 1640 quo
2445 1573 2707 1643 scriptum
2747 1585 2872 1631 est:
2912 1577 3070 1633 Vobis
3113 1580 3412 1635 timentibus

1820 1677 2009 1716 nomen
2029 1679 2202 1717 meum
2223 1665 2423 1718 orietur
2443 1665 2522 1720 sol
2533 1667 2760 1736 justitite
2783 1665 2848 1740 (Ζ
2851 1671 2968 1724 aclt.
2985 1672 3096 1742 ιιι),
3122 1672 3414 1742 aliquando

1821 1752 2090 1824 signiﬁcat
2135 1763 2196 1810 et
2255 1755 2659 1814 tribulationem
2713 1763 2997 1831 praesentis
3039 1765 3198 1830 vitm,
3255 1765 3416 1835 juxta

1751 1841 1799 1901 B
1827 1846 1972 1914 quod
2003 1845 2058 1900 in
2093 1847 2352 1916 parabola
2395 1847 2528 1918 jacti
2567 1851 2792 1906 seminis
2843 1853 3060 1920 dicitur,
3099 1854 3225 1923 quia
3265 1855 3415 1912 aliud

1821 1935 2019 1990 cecidit
2061 1951 2228 2007 supra
2271 1946 2518 2007 petram,
2562 1949 2618 1996 et
2657 1941 2840 1996 statim
2879 1950 2940 1996 ut
2974 1951 3127 1999 ortus
3173 1952 3257 1999 est
3304 1945 3410 2009 sol,
3463 1936 3467 1938 ’

1820 2029 2054 2084 exaruit.
2098 2028 2198 2084 llic
2234 2039 2417 2086 autem
2453 2032 2620 2087 solem
2666 2033 3026 2106 intelligamus
3057 2037 3229 2106 ipsum
3259 2040 3412 2093 dam.

1817 2128 2007 2175 natum
2038 2123 2335 2188 hominem,
2371 2124 2466 2194 qui
2496 2139 2554 2180 se
2582 2125 2638 2179 in
2667 2126 2981 2182 novissimis
3009 2128 3200 2184 diebus
3238 2130 3412 2187 solem

1815 2209 2042 2281 iustitiae
2073 2214 2386 2279 mentietur,
2418 2231 2544 2270 cum
2575 2216 2684 2272 sint
2718 2218 2771 2271 in
2806 2232 2872 2274 eo
2896 2219 3231 2276 densissima:
3262 2230 3426 2277 tene-‘

1819 2299 1930 2356 brae
1958 2309 2014 2357 ct
2040 2303 2230 2358 umbra
2261 2305 2471 2360 mortis.
2501 2305 2560 2360 In
2590 2307 2757 2362 solem
2791 2309 2974 2380 itaque
3001 2312 3223 2381 angelus
3258 2314 3413 2383 phia-

1820 2391 1930 2446 lam
1975 2392 2236 2461 eﬂ‘undit,
2277 2397 2495 2466 quando
2535 2399 2920 2466 pmdicatores
2956 2401 3217 2458 adversus
3256 2403 3412 2458 Anti-

1819 2479 2086 2547 Christum
2138 2487 2196 2536 et
2234 2483 2352 2550 ejus
2402 2483 2684 2540 ministros
2732 2488 2957 2543 verbum
3009 2490 3411 2558 praedicationis

1822 2570 2127 2640 proferunt.
2177 2572 2244 2626 Et
2270 2575 2452 2628 datum
2489 2585 2564 2628 est
2589 2575 2671 2630 illi
2697 2586 2828 2632 cestu
2864 2579 3066 2648 afﬁcere
3093 2581 3330 2636 homines
3359 2592 3412 2637 et

1817 2661 1954 2730 igne.
1988 2660 2103 2716 Hoc
2132 2664 2198 2718 ad
2229 2672 2520 2734 utrumque
2547 2674 2728 2734 potest
2749 2666 2965 2723 referri.
3001 2669 3192 2726 Estus
3219 2687 3411 2740 perse-

1821 2751 2095 2806 cutionem
2120 2753 2394 2823 signiﬁcat
2417 2771 2659 2825 gravem,
2684 2773 2793 2828 qua
2819 2759 3188 2818 Antichristus
3213 2763 3414 2822 alliciat

1821 2840 2091 2905 homines,
2137 2843 2190 2898 id
2225 2854 2328 2909 est,
2373 2855 2590 2902 sanctos
2626 2849 2718 2918 qui
2749 2850 2804 2904 in
2836 2850 2942 2907 ﬁde
2969 2867 3410 2922 permanserunt,-

1819 2929 1961 2984 s—icut
1999 2931 2173 2986 Eliam
2212 2941 2268 2987 et
2305 2933 2514 2990 Enoch.
2557 2937 2751 2992 Datum
2781 2947 2864 2996 est
2893 2940 2970 2994 illi
2998 2957 3030 2996 a
3057 2941 3192 3008 Deo,
3223 2944 3275 3000 id
3301 2955 3410 3012 est,

1817 3019 2142 3090 permissum
2170 3030 2254 3078 est
2285 3023 2502 3080 allicere
2527 3026 2776 3084 homines
2801 3037 2936 3085 aestu
2959 3039 3014 3085 et
3043 3031 3189 3100 igne,
3219 3033 3410 3102 idest,

1818 3113 2195 3182 persecutione
2222 3114 2578 3184 validissima,
2599 3117 2778 3188 qualis
2803 3135 3078 3190 nunquam
3107 3119 3210 3176 fuit
3233 3139 3411 3194 neque

117 3201 526 3294 prophetarum
561 3221 877 3291 intelligitur
911 3221 1218 3290 spiritualis
1247 3201 1438 3276 sensus
1479 3220 1716 3275 illorum.
1744 3204 1794 3270 C
1825 3201 1936 3294 lle"
1977 3203 2120 3260 δίουῑ
2161 3205 2422 3264 Dominus
2457 3206 2517 3262 in
2552 3207 2847 3281 Ενεηεειίο
2885 3211 3036 3268 (“Cil-
3080 3211 3234 3270 Unde
3274 3217 3410 3271 sub-

115 3312 225 3379 Qui
273 3313 452 3383 igitr
503 3313 822 3381 sanguinem
857 3312 1244 3382 pr0phetarum
1285 3311 1371 3366 vel
1397 3319 1720 3367 cmterorum

111 3409 445 3457 sanctorum
490 3400 712 3467 fuderit,
755 3401 809 3456 id
837 3409 942 3466 est,
984 3402 1078 3471 qui
1125 3399 1462 3470 spiritualem
1504 3399 1722 3456 illorum

107 3507 345 3548 sensum
393 3492 450 3547 in
493 3501 775 3549 terrenum
821 3493 1158 3548 intellectum
1206 3494 1557 3558 converterit,
1594 3508 1722 3549 san-

102 3583 344 3654 guinem
367 3582 542 3647 bibet,
565 3583 620 3638 id
645 3591 749 3648 est,
771 3582 1072 3638 vindictam
1102 3584 1383 3655 sanguinis
1403 3583 1718 3640 sustinebit.

97 3671 224 3728 Hoc
253 3679 370 3733 est,
413 3672 676 3739 quidquid
701 3672 866 3726 vitale
909 3673 1112 3728 habere
1152 3675 1389 3740 videtur,
1428 3677 1637 3744 perdet,
1663 3683 1720 3730 et

89 3763 155 3816 in
181 3757 424 3815 carnali
449 3773 612 3814 sensu
637 3761 940 3816 remanebit
970 3763 1119 3830 justo
1156 3763 1254 3817 Dei
1284 3765 1509 3834 judicio.
1557 3765 1720 3834 Digni

85 3851 242 3908 enim
287 3857 452 3903 sunt.
489 3849 730 3920 Dignum
769 3858 858 3905 est
899 3850 1066 3916 enim,
1116 3862 1175 3906 ut
1220 3852 1268 3907 is
1304 3853 1398 3921 qui
1437 3853 1720 3922 spirituale

93 3945 304 4000 vinum
346 3942 547 3998 bibere
578 3943 771 4010 noluit,
819 3944 1260 4014 corruptionibus
1303 3944 1564 4002 vitiorum
1588 3953 1722 4017 Itan.

101 4049 292 4107 quam
320 4034 691 4105 sanguinibus
710 4034 1006 4090 debrietur.

175 4125 256 4180 Et
289 4123 486 4177 audivi
523 4123 772 4180 alterum.
800 4124 1162 4194 Subauditur,
1200 4127 1448 4194 verbum,
1496 4128 1677 4184 dicens
1698 4141 1719 4180 :

87 4221 304 4285 etiam,
335 4217 570 4272 Domine
608 4217 752 4272 Deus
799 4219 1146 4289 omnipotens,
1172 4219 1324 4289 justo
1360 4229 1407 4274 et
1440 4236 1560 4275 uera
1595 4230 1722 4276 sunt

88 4311 326 4383 judicia
373 4317 492 4362 tua.
528 4308 646 4364 Non
683 4309 841 4376 dixit,
873 4309 1055 4364 audivi
1084 4310 1315 4368 alterum
1337 4311 1628 4376 dicentem,
1653 4325 1724 4366 ne

87 4402 381 4475 angelum
427 4398 866 4470 intelligeremus,
903 4401 1022 4467 sed,
1053 4400 1244 4456 Audivi
1273 4402 1496 4457 alterum
1519 4403 1716 4468 dicens,

89 4494 150 4550 id
179 4501 296 4558 est,
337 4490 579 4545 alterum
608 4489 834 4545 verbum
876 4491 945 4547 ab
984 4506 1050 4547 eo
1084 4493 1388 4562 repetitum.
1423 4492 1544 4562 Ipse
1573 4493 1720 4547 enim

85 4585 348 4655 angelus
396 4583 492 4651 qui
533 4583 898 4650 praecedentia
951 4584 1186 4650 dixerat,
1225 4583 1468 4652 adiunxit
1513 4596 1570 4641 et
1613 4585 1716 4641 hoc
1742 4563 1797 4624 Β

84 4677 389 4738 verbum,
441 4671 664 4726 dicens:
693 4669 894 4737 Etiam,
935 4673 1158 4728 Domine
1189 4673 1329 4729 Deus
1369 4675 1712 4744 omnipotens,

74 4767 249 4834 justa
315 4771 373 4818 et
412 4776 534 4816 vera
573 4770 694 4815 sunt
723 4761 932 4830 judicia
973 4773 1086 4829 tua,
1137 4764 1262 4832 quia
1302 4763 1509 4832 justum
1547 4773 1634 4821 est
1661 4775 1720 4821 ut

78 4855 186 4924 qui
233 4851 589 4922 sanguinem
625 4849 902 4917 fuderunt,
939 4853 1257 4924 sanguinem
1286 4854 1494 4921 bibant,
1528 4855 1583 4910 id
1611 4864 1717 4921 est,

75 4947 436 5004 vindictam
467 4943 748 5014 sanguinis
773 4945 1097 4999 sustineant.
1122 4945 1310 5002 Potest
1339 4947 1446 5002 hoc
1469 4948 1721 5018 speciali-

77 5046 178 5096 ter
209 5037 296 5093 de
331 5034 624 5090 haereticis
645 5033 894 5104 intelligi,
923 5049 992 5090 ex
1016 5050 1245 5105 quorum
1269 5053 1368 5093 ore
1391 5039 1721 5095 abundantia

67 5128 475 5201 eloquiorum
490 5133 742 5198 tauquam
764 5125 985 5183 ﬂumina
1007 5129 1294 5184 decurrere
1307 5130 1652 5210 videtur.Se_d
1667 5133 1721 5186 hi

69 5224 176 5292 qui
201 5219 570 5291 sanguinem
587 5227 896 5276 sanctorum
913 5228 968 5276 et
983 5221 1370 5291 prophetarum
1392 5221 1640 5289 fundunt,
1665 5223 1720 5278 in

64 5311 462 5384 sanguinem
493 5309 761 5375 conversi,
795 5311 1114 5380 sanguinem
1150 5311 1342 5366 bibunt
1375 5329 1388 5365 :
1425 5312 1550 5381 quia
1593 5313 1719 5367 dum

65 5403 268 5457 verba
282 5398 470 5470 legis,
484 5411 539 5453 et
552 5397 934 5468 prophetarum
949 5399 1184 5470 eloquia,
1201 5400 1449 5472 dictaque
1461 5401 1722 5470 apostolo.

59 5509 210 5550 rum
231 5493 302 5548 in
327 5489 518 5546 falsos
539 5502 736 5544 sensus
749 5497 1104 5559 commutant,
1128 5500 1322 5562 agente
1335 5493 1724 5564 persecutionis

57 5584 378 5650 articulo,
417 5581 600 5650 ipsum
627 5595 827 5638 nomen
855 5581 1082 5650 Christi,
1113 5585 1259 5653 quod
1285 5584 1419 5642 falso
1446 5585 1723 5653 tenebant,

57 5676 406 5740 amittunt,
467 5672 754 5730 serviendo
797 5673 1010 5743 publice
1057 5675 1204 5732 vitiis
1249 5678 1450 5736 carnis.
1505 5678 1729 5735 Dicatur

51 5766 288 5838 itaque
325 5784 342 5821 :
382 5761 582 5824 Justus
609 5776 668 5818 es
703 5763 794 5833 qui
832 5779 955 5827 eras
1001 5774 1243 5835 sanctus,
1291 5767 1386 5840 qui
1422 5769 1537 5826 hac
1575 5766 1726 5840 judia-

545 5857 820 5920 Parnon.
855 5857 1110 5924 CXVII.

1249 5935 1276 5964 ο

1821 3291 1966 3348 ditur
1989 3307 2003 3347 :

1889 3401 1960 3457 Et
2003 3412 2360 3462 mtuaverunt
2403 3409 2642 3465 homines
2661 3419 2795 3466 testu
2832 3427 3044 3484 magno.
3075 3414 3238 3484 Quia,
3267 3416 3412 3473 sicut

1820 3493 2020 3549 dictum
2043 3505 2147 3564 est,
2177 3498 2283 3554 erit
2307 3507 2438 3556 tunc
2459 3501 2738 3558 tribulatio
2764 3504 2937 3575 quatis
2968 3521 3072 3562 non
3101 3507 3220 3578 fuit,
3245 3526 3412 3581 neque

1819 3584 1933 3654 ﬁet,
1954 3586 2030 3640 ita
2049 3596 2105 3640 ut
2130 3587 2185 3642 in
2206 3603 2435 3645 errorem
2467 3591 2808 3662 inducantur,
2823 3598 2876 3650 si
2896 3598 3015 3666 fieri
3041 3608 3227 3668 potest,
3252 3603 3412 3657 etiam

1818 3673 1966 3729 electi
1991 3675 2207 3747 (Manli.
2233 3681 2408 3752 xxxv).
2449 3681 2662 3739 Aliter:
2695 3685 2800 3756 Ipsi
2849 3688 2942 3757 qui
2989 3691 3407 3758 cruciabuntur,

1821 3766 2057 3822 allicient
2075 3783 2174 3824 eos
2213 3780 2371 3838 astu,
2415 3773 2470 3828 id
2510 3783 2618 3843 est,
2647 3777 2727 3830 ira
2758 3794 2953 3850 magna
2990 3789 3045 3836 et
3080 3786 3350 3854 angustia,
3379 3805 3410 3841 a

1819 3855 2016 3924 quibus
2041 3855 2145 3910 sibi
2183 3857 2331 3912 illata
2380 3861 2910 3933 fuerint-tormenta,
2949 3869 3077 3936 quia
3108 3879 3236 3926 ante
3259 3881 3412 3942 pote-

1821 3951 1950 3998 runt
1975 3943 2174 4012 occidi,
2205 3961 2368 4017 quam
2396 3963 2429 4003 a
2458 3949 2564 4006 tide
2611 3952 2815 4010 Christi
2857 3959 3098 4026 separari
3127 3977 3142 4012 :
3173 3958 3412 4032 dumque

1821 4033 2218 4105 insuperabiles
2255 4052 2349 4095 eos
2394 4039 2649 4110 viderint,
2697 4045 2801 4116 ipsi
2855 4061 3053 4118 magno
3102 4052 3411 4108 :esluabunt

1819 4133 1954 4180 aestu
2007 4127 2320 4194 iracundiae,
2368 4131 2714 4202 indignantes
2757 4133 2886 4205 illis,
2935 4154 3073 4209 quos
3112 4141 3258 4198 inter
3294 4151 3410 4198 ιρι-η

1819 4222 2004 4270 menta
2047 4226 2360 4275 constantes
2411 4221 2666 4280 viderint.
2701 4226 2856 4294 Quod
2885 4231 3053 4286 etiam
3084 4232 3287 4289 factum
3325 4245 3411 4292 est

1821 4305 1878 4360 in
1906 4309 2284 4376 persecutione
2314 4320 2630 4370 sanctorum
2667 4327 2993 4391 martyrum,
3026 4323 3120 4378 sed
3153 4332 3282 4381 tunc
3313 4321 3412 4382 ﬁet

1822 4408 1976 4460 tanto
2002 4404 2250 4471 validius,
2286 4417 2490 4477 quanto
2511 4411 2730 4482 gravior
2772 4415 2879 4469 erit
2933 4416 3235 4474 tribulatio.
3279 4419 3411 4482 Am.-

1823 4492 1961 4563 plius
2007 4495 2207 4566 quippe
2245 4497 2357 4564 isti,
2405 4498 2460 4554 id
2508 4509 2613 4568 est,
2661 4504 2880 4573 reprobi
2915 4505 3308 4563 cruciabuntur
3353 4509 3413 4566 in

1824 4583 2003 4640 anima
2030 4601 2194 4655 quam
2226 4589 2400 4644 sancti
2430 4589 2484 4644 in
2514 4606 2701 4647 carne.
2733 4593 2810 4647 llli
2843 4593 2988 4650 inter
3017 4602 3289 4653 tormenta
3319 4613 3411 4655 re-

1824 4673 2034 4740 dibunt,
2059 4676 2148 4730 isti
2171 4677 2426 4733 dentibus
2445 4680 2772 4737 stridebant.
2793 4681 2871 4738 Illi
2896 4685 3066 4741 Deum
3092 4685 3410 4752 laudabunt,

1823 4763 1916 4818 isti
1967 4779 2105 4833 pene
2137 4768 2418 4823 exanimes
2453 4769 2626 4825 ﬁent:
2660 4773 2845 4843 sicque
2881 4787 3017 4830 testu
3047 4774 3282 4832 afficient
3307 4779 3410 4832 hos

1825 4853 2000 4908 mines
2028 4854 2266 4910 humana
2301 4859 2592 4927 sapientes,
2627 4860 2684 4916 id
2712 4871 2814 4929 est,
2842 4862 3072 4920 ﬂammis
3099 4865 3412 4922 invidentia:

1825 4951 1882 4999 et
1931 4944 2286 5015 malignitatis
2324 4963 2420 5004 eos
2459 4952 2706 5007 consumi
2753 4952 2972 5020 facient,
3019 4956 3410 5026 insuperabiles

1825 5050 2000 5106 usque
2049 5038 2120 5092 ad
2171 5048 2404 5095 mortem
2446 5053 2745 5101 manentes.
2809 5045 2963 5102 Unde
3009 5047 3305 5104 subditur:
3341 5049 3410 5103 Et

1825 5131 2310 5203 blasphemoverunt
2348 5152 2535 5192 nomen
2573 5139 2801 5205 Domini,
2832 5141 3068 5196 habentis
3104 5152 3412 5212 potestatem

1824 5238 1982 5292 super
2018 5225 2114 5280 has
2143 5224 2352 5296 plagas.
2406 5228 2542 5284 Dum
2593 5232 2738 5286 enim
2787 5241 3004 5288 sanctos
3045 5233 3318 5304 patienter
3355 5246 3412 5291 et

1825 5314 2054 5372 ﬁrmiter
2091 5317 2329 5374 viderint
2370 5335 2724 5392 perseverare
2751 5324 2806 5380 in
2836 5325 2940 5381 ﬁde
2965 5340 3136 5395 usque
3173 5327 3243 5382 ad
3268 5341 3412 5382 mor—

1828 5415 1960 5474 tem,
1988 5415 2044 5463 et
2068 5411 2365 5479 gaudenter
2387 5428 2614 5484 pergere
2641 5415 2710 5470 ad
2732 5417 3040 5486 passionem
3066 5417 3411 5489 blasphema-

1828 5497 1970 5554 buut
2020 5499 2329 5557 Dominum.
2383 5503 2486 5570 Qui
2535 5517 2823 5576 propterea
2871 5522 3036 5580 super
3082 5508 3181 5564 has
3225 5498 3414 5580 plagas

1829 5596 2156 5657 potestatem
2197 5592 2400 5648 habere
2425 5592 2643 5660 dicitur,
2683 5595 2810 5666 quia
2841 5612 2872 5652 a
2901 5611 3009 5668 quo
3033 5597 3166 5664 vult,
3199 5606 3414 5654 amovet

1831 5694 1960 5736 eas:
1985 5688 2040 5737 et
2059 5697 2222 5752 super
2241 5698 2378 5753 quos
2399 5683 2530 5751 vult,
2550 5683 3232 5759 justojudicio-permittit,
3255 5689 3412 5759 juxta

1833 5776 1966 5838 illud
1991 5795 2006 5836 :
2035 5775 2314 5837 Induravit
2344 5779 2602 5839 Dominus
2632 5780 3046 5858 cor_Pharaonis
3076 5780 3273 5840 (Στοά.
3306 5781 3408 5854 alii

2876 5878 2959 5944 36
