3972 6450
589 393 731 490 iim

1051 396 1157 460 ’ΠΛ
1172 405 1425 461 YMONIS
1464 401 1940 460 HALBERSTAT.
1979 402 2192 460 EPISC.
2235 403 2384 461 OPP.
2429 405 2605 462 PARS
2642 408 2680 463 l.
2710 439 2780 448 —
2810 408 3162 467 COMMENT.
3199 412 3370 468 BIBL.

3777 416 3882 472 HE!

603 486 785 596 Neque
815 528 1024 599 egerunt
1055 520 1424 589 paenitentiam.
1469 516 1650 585 Quare
1677 531 1784 571 non
1812 523 2041 588 egerunt
2067 529 2180 588 βρε-
2207 525 2427 584 κεωρε
2469 515 2522 568 in
2567 486 2763 570 malam
2807 527 3014 586 partem
3063 519 3301 586 ponitur.
3360 519 3530 576 Unde
3576 531 3674 576 est
3701 542 3718 575 :
3743 524 3878 594 εφη

598 614 918 674 nitentiam?
959 612 1084 682 quia
1124 626 1229 666 non
1273 618 1598 680 potuerunt;
1630 624 1798 678 quare
1840 623 1948 664 non
1989 615 2180 678 potue-

596 705 765 762 runt?
797 702 921 772 quia
954 701 1280 763 noluerunt;
1325 709 1380 754 et
1407 700 1525 754 ideo
1561 699 1870 762 noluerunt,
1911 698 2036 767 quia
2075 709 2181 752 non

593 800 909 866 potuerunt.
934 791 1092 846 Aliud
1119 791 1251 846 dicit
1277 792 1470 845 beatus
1495 790 1797 846 Ansbertus
1825 789 2177 844 Ambrosius:

591 887 655 943 Si
686 885 882 942 millies
919 900 947 939 a
981 898 1067 938 me
1103 893 1378 954 quaeratur
1424 897 1597 952 quare
1629 898 1733 937 non
1767 882 1976 953 egerint
2007 881 2180 952 poeni-

593 977 843 1043 tentiam,
887 991 992 1032 non
1031 974 1385 1046 respondebo.
1420 973 1486 1029 Ut
1517 974 1702 1028 darent
1734 974 1813 1027 illi
1835 973 2177 1038 claritatem;

593 1067 649 1122 id
685 1075 788 1131 est,
817 1073 880 1120 ut
905 1079 964 1120 se
990 1073 1305 1135 peccatores
1334 1071 1805 1133 recognoscerent,
1834 1071 1888 1117 et
1915 1062 2008 1116 Dei
2031 1064 2178 1130 justa

588 1157 793 1228 judicia
821 1156 1222 1212 .collaudarent.
1263 1151 1358 1209 ille
1402 1154 1546 1208 enim
1588 1152 1889 1208 claritatem
1930 1153 2037 1209 Deo
2063 1153 2176 1219 dat,

593 1249 689 1318 qui
739 1257 793 1303 et
842 1263 900 1303 se
943 1262 1042 1317 pro
1091 1246 1202 1301 suis
1249 1244 1623 1314 iniquitatibus
1663 1251 1914 1308 accusat,
1957 1250 2010 1298 et
2060 1240 2178 1310 ejus

588 1341 737 1410 justa
777 1337 979 1408 judicia
1011 1336 1317 1391 collaudat.
1363 1335 1436 1390 At
1475 1343 1668 1389 contra
1705 1335 2012 1403 iniquorum
2060 1347 2176 1387 mos

595 1441 701 1496 est,
729 1437 792 1486 ut
816 1443 942 1486 suas
969 1426 1283 1499 iniquitates
1319 1425 1632 1492 defendant,
1663 1434 1717 1480 ct
1747 1425 1838 1479 Dei
1864 1424 2065 1496 judicia
2093 1440 2176 1478 re-

591 1521 954 1594 prehendam.

677 1613 740 1668 Et
764 1613 976 1685 quintus
1007 1610 1219 1682 angelus
1249 1610 1433 1680 effudit
1471 1609 1702 1680 phialam
1730 1624 1878 1661 suam
1911 1623 2064 1677 super
2089 1623 2172 1662 se-

593 1707 713 1760 dem
748 1705 923 1760 bestiae
949 1720 969 1759 :
994 1712 1042 1758 et
1075 1703 1271 1772 factum
1301 1710 1375 1756 est
1410 1717 1625 1771 regnum
1667 1699 1780 1769 ejus
1822 1700 2168 1753 tenebrosum.

593 1795 748 1863 Quod
776 1801 859 1849 est
883 1795 1038 1849 sedes
1062 1791 1269 1857 bestiae,
1308 1793 1409 1847 hoc
1443 1797 1527 1845 est
1555 1804 1778 1860 regnum
1813 1789 1975 1852 illius,
2008 1787 2059 1842 id
2089 1793 2175 1842 est

2282 607 2503 675 ﬂumina
2550 605 2854 677 Babylonis,
2904 609 3016 662 illic
3059 610 3291 663 sedimus
3337 620 3387 663 et
3427 613 3706 680 [territurus
3737 611 3873 683 (Psd.

2283 695 2494 766 cum).
2534 694 2799 752 Jeremias
2834 713 3051 767 quoque
3077 699 3243 753 dicit:
3273 699 3644 769 Sacriﬁcium
3695 704 3874 758 Domini

2282 787 2498 842 sabaoth
2547 788 2601 840 in
2649 798 2789 841 terra
2835 789 3138 858 Aquilonis,
3175 792 3230 844 in
3273 792 3504 860 [lumine
3546 810 3756 862 magno
3795 795 3872 850 Es-

2280 883 2480 950 pltrate.
2512 878 2617 933 Per
2643 878 2839 934 (lumen
2884 881 3068 949 itaque
3099 896 3351 951 magnum
3395 883 3784 952 Euphratem,
3807 903 3872 955 po

2282 971 2446 1024 tentia
2487 969 2647 1023 istius
2687 970 2866 1023 δωρειιί
2912 971 3268 1040 exprimitur,
3299 978 3355 1026 et
3390 974 3595 1027 omnis
3637 975 3871 1031 malum

2279 1059 2585 1125 multitudo,
2632 1069 2824 1113 contra
2853 1075 2994 1128 quos
3023 1061 3200 1115 sancti
3237 1060 3658 1131 prmdicatores

2279 1158 2472 1204 neuter
2516 1148 2826 1219 loquuntur.
2877 1148 3144 1204 Dividitur
3191 1150 3280 1204 hic
3321 1149 3548 1206 ﬂuvius
3595 1153 3658 1207 in
3703 1157 3869 1210 multas

2279 1242 2442 1307 rivos,
2487 1241 2611 1311 quia
2642 1241 2904 1296 malorum
2933 1241 3224 1296 multitudo
3248 1257 3348 1312 per
3390 1243 3585 1298 multa
3635 1245 3865 1302 dividitur

2277 1332 2523 1388 crimina.
2555 1331 2659 1385 Alii
2683 1333 2829 1386 enim
2855 1340 2980 1386 sunt
3013 1332 3321 1398 homicidas,
3351 1333 3446 1388 alii
3502 1335 3772 1402 adulteri,
3795 1339 3862 1390 alii

2276 1421 2502 1477 diversis
2530 1423 2846 1478 criminibus
2891 1423 3161 1480 maculati.
3193 1423 3528 1480 Siccabitur
3583 1442 3726 1496 aqua
3752 1428 3860 1496 eius.

2275 1513 2400 1583 quia
2435 1514 2760 1583 possibilitas
2803 1515 3060 1584 peccandi
3092 1513 3396 1570 auferetur.
3444 1516 3604 1570 (him
3633 1520 3770 1572 enim
3791 1521 3858 1572 da—

2277 1605 2445 1660 mnati
2473 1622 2596 1660 cum
2640 1607 2852 1662 diabolo
2877 1615 2932 1662 et
2956 1607 3161 1680 angelis
3209 1607 3332 1679 ejus
3376 1607 3607 1666 fuerint
3659 1613 3855 1682 reprobi,

2275 1696 2451 1751 omnis
2488 1695 2717 1753 facultas
2761 1698 3020 1767 peccandi
3067 1696 3382 1763 auferetur,
3415 1714 3539 1754 non
3581 1708 3756 1756 tamen
3786 1717 3854 1755 ve-

2275 1787 2452 1843 luntas
2481 1788 2618 1842 mala
2645 1788 2848 1851 deerit,
2878 1789 3008 1860 quia
3047 1789 3095 1842 si
3136 1788 3252 1845 ﬁeri
3303 1797 3526 1859 posset,
3561 1791 3852 1846 retensum

591 1861 754 1941 omne
799 1898 996 1954 corpus
1036 1881 1252 1945 diaboli,
1301 1880 1429 1935 mali
1471 1879 1721 1935 videlicet
1748 1877 2016 1948 praepositi
2047 1892 2171 1932 cum
2200 1873 2248 1933 B
2277 1861 2476 1945 vivere,
2505 1879 2831 1934 :eternalitcr
2861 1895 3107 1948 peccare,
3151 1880 3734 1942 :eternalitervellent
3754 1897 3850 1936 sas-

591 1977 846 2046 subjectis
874 1975 978 2030 sibi
1002 1974 1269 2046 plebibus.
1309 1973 1566 2028 Diabolus
1602 1981 1782 2028 autem
1813 1973 1984 2028 bestia
2013 1987 2174 2027 voca-

590 2079 700 2132 tur,
739 2067 868 2138 quia
893 2073 986 2122 aut
1015 2065 1248 2120 latenter
1273 2064 1553 2129 insidians,
1583 2071 1678 2118 aut
1703 2071 1891 2134 aperte
1917 2063 2168 2129 saeviens,

592 2179 789 2235 agnum
843 2163 928 2234 (id
973 2167 1058 2218 est
1129 2175 1338 2231 corpus.
1370 2159 1603 2230 Christi)
1657 2158 1910 2213 invadere
1957 2157 2167 2214 nititur.

590 2254 744 2329 Quod
786 2259 968 2308 autem
1008 2252 1173 2308 dicit:
1206 2253 1406 2321 factum
1435 2260 1511 2305 est
1541 2267 1757 2321 regnum
1790 2249 1905 2318 ejus
1934 2249 2174 2304 tenebro-

590 2362 738 2411 sum,
791 2343 898 2398 tale
943 2350 1028 2400 est
1073 2343 1229 2413 quasi
1271 2342 1419 2397 dicat
1448 2360 1474 2396 -:
1508 2356 1614 2396 non
1661 2349 1749 2396 est
1787 2341 2166 2404 illuminatum,

593 2435 724 2505 quia
759 2432 1010 2490 videlicet
1041 2433 1470 2502 prtecedentibus
1509 2431 1719 2486 meritis
1753 2447 1860 2486 non
1895 2439 2172 2485 merentur

585 2524 868 2581 illustrari.
913 2525 984 2578 Et
1030 2523 1131 2595 ipsi
1177 2522 1597 2592 praecedentium
1636 2521 1953 2577 delictorum
1976 2520 2171 2589 jaculis

587 2617 854 2671 vulnerati
892 2625 1040 2680 sunt,
1087 2616 1289 2685 quibus
1332 2613 1546 2668 illorum
1588 2614 1749 2669 corda
1795 2614 2168 2668 vulnerantur.

591 2707 743 2764 Unde
786 2709 1070 2777 sequitur:
1106 2704 1172 2758 Et
1213 2703 1779 2758 commanducaverunt
1813 2703 2020 2774 linguas
2046 2721 2170 2759 suas

587 2816 700 2872 pra:
751 2799 950 2854 dolore.
1009 2798 1160 2866 Quod
1196 2798 1352 2868 juxta
1389 2795 1628 2851 litteram
1672 2795 1977 2852 nullatenus
2026 2806 2173 2853 stare

586 2888 748 2954 valet,
783 2897 863 2956 ,ut
909 2887 1134 2943 alterius
1165 2886 1402 2958 linguam
1446 2886 1568 2956 quis
1612 2884 1816 2940 laniare
1851 2886 2045 2956 possit,
2079 2887 2172 2956 qui

585 2997 743 3040 suam
785 2995 897 3052 pra:
935 2979 1212 3036 doloribus
1261 2977 1570 3034 manducat.
1623 2977 1714 3033 Sic
1782 2978 1929 3033 enim
1975 2979 2174 3035 dicitur

584 3073 729 3145 quod
774 3071 1338 3127 commanducaverunt
1387 3069 1595 3141 linguas
1644 3085 1766 3123 suas
1810 3084 1920 3138 prie
1969 3069 2167 3134 dolore,

587 3172 846 3234 tanquam
893 3162 1206 3218 diceretur:
1231 3160 1431 3231 singuli
1466 3168 1522 3215 et
1555 3174 1708 3216 suam
1735 3169 1790 3216 et
1819 3159 2042 3215 alterius
2070 3160 2172 3214 lin-

2275 1977 2394 2025 ctos
2422 1972 2670 2041 persequi
2700 1982 2753 2026 et
2784 1971 3048 2027 tribulari.
3084 1972 3236 2028 Unde
3272 1983 3329 2027 et
3363 1973 3646 2029 Dominus
3675 1990 3848 2046 nequa-

2274 2076 2436 2131 quam
2463 2062 2706 2117 dicturus
2731 2071 2813 2116 est
2854 2063 2960 2118 illis
2983 2064 3211 2134 repulsis
3235 2083 3250 2118 :
3281 2064 3556 2121 Discedite
3586 2086 3620 2120 a
3645 2086 3748 2130 me,
3776 2071 3846 2137 qui

2273 2153 2481 2222 operati
2516 2152 2648 2207 estis
2695 2153 3057 2224 iniquitatem,
3105 2156 3201 2212 sed
3244 2159 3338 2226 qui
3389 2160 3704 2231 operamini.
3731 2159 3846 2212 Tan—

2273 2261 2434 2317 quam
2456 2246 2632 2302 dicat:
2659 2245 2758 2313 Qui
2787 2264 2932 2302 nunc
2961 2264 3130 2318 usque
3158 2250 3498 2304 voluntatem
3520 2252 3846 2322 malamope-

2274 2336 2430 2391 randi
2459 2337 2690 2392 habetis.
2724 2337 2874 2393 Unde
2897 2338 3186 2394 Psalmista
3211 2340 3346 2394 dicit
3370 2358 3386 2393 :
3407 2341 3706 2395 Considant
3719 2355 3843 2409 pec-

2273 2437 2426 2483 cator
2461 2427 2689 2497 justum,
2735 2436 2788 2482 et
2817 2429 3019 2499 quaerit
3061 2429 3389 2485 mortiﬁcare
3425 2445 3559 2484 eum.
3602 2430 3660 2485 Si
3687 2433 3832 2485 enim

2272 2518 2389 2576 fieri
2437 2532 2658 2593 posset,
2703 2524 2843 2580 sicut
2893 2523 3034 2580 Nero
3081 2526 3362 2582 interfecit
3399 2525 3610 2582 Petrum
3641 2528 3699 2580 in
3734 2525 3838 2580 hac

2272 2610 2402 2674 vita,
2451 2611 2532 2668 sic
2557 2612 2705 2667 illum
2737 2613 2900 2668 vellet
2927 2614 3234 2670 interficere
3278 2617 3337 2670 in
3372 2616 3594 2685 judicio.
3633 2616 3835 2671 Dicatur

2272 2715 2401 2772 ergo
2422 2702 2488 2756 de
2520 2703 2740 2774 angelo:
2774 2703 2973 2758 Etfudit
2997 2706 3235 2775 phialam
3262 2722 3424 2760 suam
3453 2708 3508 2760 in
3537 2707 3721 2762 ﬁumen
3739 2708 3831 2761 Eu-

2270 2793 2541 2861 phratem,
2586 2803 2641 2850 et
2683 2796 2906 2851 siccavit
2956 2812 3149 2867 aquam
3193 2798 3336 2869 ejus.
3366 2801 3449 2854 Ac
3477 2802 3524 2855 si
3567 2801 3828 2856 dicam:

2271 2887 2454 2942 oblata
2503 2889 2626 2944 vita:
2663 2890 2900 2946 ctelestis
2925 2892 3258 2961 prmdicatio,
3285 2893 3344 2946 in
3378 2902 3592 2948 tantam
3619 2895 3827 2963 reprobat

2272 2981 2533 3036 malitiam
2565 2983 2843 3048 excitavit,
2873 2992 2935 3037 ut
2964 3000 3086 3038 cum
3123 2985 3203 3039 eis
3230 2984 3299 3039 de
3329 2985 3642 3040 exercenda
3666 2984 3825 3039 mlit’n

2273 3073 2405 3128 nihil
2431 3075 2772 3140 remanserit,
2797 3075 3046 3131 voluntas
3071 3084 3247 3131 tamen
3275 3076 3478 3147 iniqua
3499 3076 3822 3146 permanserit.

2275 3161 2343 3216 Ut
2370 3173 2697 3234 prtrparetur
2736 3164 2817 3218 via
2857 3165 3062 3235 regibus
3105 3165 3169 3218 ab
3208 3175 3332 3219 ortu
3386 3169 3548 3222 solis.
3573 3168 3731 3238 Reges
3757 3167 3822 3219 isti

583 3268 743 3325 gnam
791 3252 1211 3318 dilaniaverunt,
1263 3251 1358 3306 sed
1401 3249 1996 3315 commanducaverunt,
2038 3251 2171 3305 nihil
2198 3237 2244 3300 C
2275 3255 2449 3310 sancti
2496 3255 2901 3326 intelliguntur,
2935 3257 3030 3326 qui
3067 3272 3128 3312 se
3151 3264 3208 3312 et
3234 3256 3378 3312 alios
3405 3258 3556 3315 bene
3582 3237 3758 3329 trgum.
3780 3266 3820 3309 ει

583 3354 666 3401 est
689 3344 833 3400 aliud
863 3343 964 3398 nisi
993 3362 1005 3398 :
1036 3343 1135 3398 sub
1163 3342 1285 3397 luce
1306 3349 1362 3397 et
1385 3351 1572 3412 aperte
1593 3341 1959 3412 blaSphemias
1980 3349 2168 3396 contra

582 3433 1280 3504 Christumvprotulerunt,
1338 3432 1622 3486 hortantes
1698 3445 1757 3486 se
1812 3431 2042 3486 invicem
2105 3441 2170 3486 .ut

584 3525 982 3582 Antichristum
1001 3522 1402 3580 confiterentur
1443 3522 1609 3592 juste,
1649 3529 1705 3576 et
1743 3519 2022 3576 Christum
2052 3519 2168 3576 bla-

585 3618 932 3688 sphemarent
961 3613 1182 3681 injuste,
1210 3613 1351 3667 unde
1379 3620 1433 3666 et
1463 3611 1738 3681 subjungit
1763 3631 1776 3666 :

659 3705 724 3761 Et
755 3705 1236 3776 blasphemaverunt
1281 3702 1450 3757 Deum
1494 3702 1606 3756 εαξίὶ
1651 3719 1761 3773 prae
1805 3701 2073 3758 doloribus
2121 3714 2168 3757 et

586 3796 884 3853 vulneribus
907 3793 1037 3850 suis.
1067 3794 1201 3851 Cum
1230 3794 1374 3848 enim
1410 3793 1738 3863 praedixerit,
1765 3795 2171 3848 commanduca-

584 3900 763 3946 verunt
803 3888 1010 3958 linguas
1046 3901 1155 3958 pra:
1197 3885 1401 3950 dolore,
1456 3895 1513 3941 et
1564 3886 1758 3942 deinde
1805 3883 2166 3954 subjunxerit,

584 3983 1067 4052 blaspltemuverunt
1093 3979 1258 4034 Deum
1285 3977 1397 4033 caeli
1424 3994 1534 4050 pro:
1553 3978 1819 4032 doloribus
1841 3980 1970 4045 suis,
1993 3988 2170 4035 osten-

583 4077 664 4131 dit
693 4076 796 4130 hoc
835 4088 956 4129 esse
999 4071 1213 4140 linguas
1253 4068 1728 4132 commanducare,
1767 4070 1910 4140 quod
1939 4079 2023 4125 est
2052 4085 2170 4124 mu-

583 4176 674 4219 tua
727 4161 1102 4219 exhortatione
1138 4161 1326 4216 .Deum
1378 4160 1501 4215 cmli
1557 4159 1952 4230 blasphemarc.
2003 4159 2168 4214 Dolor

582 4256 780 4330 quippe
815 4254 918 4310 iste
951 4252 1290 4308 insensibilisv
1310 4259 1411 4316 est,
1445 4250 1495 4306 id
1544 4259 1946 4320 est.peccatum
1979 4249 2169 4305 intide-

583 4345 773 4410 litatis,
816 4343 958 4414 quod
993 4342 1235 4398 inﬁdeles
1276 4342 1476 4404 dolent,
1522 4356 1630 4394 non
1663 4341 1972 4396 sentientes
2019 4340 2168 4394 dolo-

583 4451 700 4494 rem
727 4449 907 4500 suum,
951 4431 1112 4490 veluti
1155 4431 1451 4501 phrenetici
1496 4429 1774 4500 patiuntur
1799 4429 2077 4500 injuriam,
2114 4439 2172 4486 et

583 4533 772 4598 potant
817 4538 875 4580 se
914 4537 1034 4579 esse
1067 4535 1265 4588 sanos,
1310 4521 1796 4591 et,quia.peccato
1830 4523 2164 4594 infidelitatis

2272 3354 2451 3400 motus
2487 3360 2597 3402 sua:
2625 3347 2806 3402 carnis
2849 3347 3084 3418 regendo
3131 3348 3507 3418 restringunt,
3559 3352 3646 3420 qui
3672 3348 3820 3403 idcirco

2273 3436 2340 3490 ab
2366 3444 2488 3490 ortu
2518 3435 2648 3491 solis
2683 3436 2870 3491 venire
2895 3437 3168 3502 dicnntur,
3200 3438 3329 3506 quia
3361 3453 3394 3491 a
3431 3439 3662 3494 Domino
3681 3453 3820 3493 rean-

2274 3531 2362 3579 tur
2404 3524 2496 3593 qui
2531 3533 2614 3579 est
2656 3541 2818 3580 verus
2843 3525 2923 3580 sol
2945 3524 3186 3594 justitiae.
3223 3527 3294 3582 Ut
3324 3537 3520 3583 autem
3551 3531 3637 3586 his
3661 3530 3820 3600 rash

2270 3623 2606 3684 praeparetur
2633 3616 2752 3680 via,
2793 3617 2954 3686 prius
2999 3617 3305 3674 exsiccatur
3355 3635 3509 3689 aqua
3557 3621 3817 3692 Euphrates

2269 3707 2398 3776 quia
2421 3706 2524 3760 nisi
2547 3707 2699 3777 prius
2724 3708 2990 3764 malorum
3015 3709 3254 3779 nequitia
3269 3709 3454 3766 fuerit
3471 3722 3817 3769 consumam.

2271 3809 2612 3866 nequaquam
2665 3797 2732 3851 ad
2781 3798 3132 3868 judicandum
3194 3803 3576 3871 apparebunt.
3621 3803 3713 3858 Per
3751 3803 3822 3855 ius

2269 3884 2467 3955 quippe
2496 3894 2793 3954 transeunt,
2839 3903 2962 3943 cum
3008 3888 3282 3960 impletam
3330 3907 3541 3948 eorum
3586 3894 3821 3964 nequitia:

2269 3973 2583 4042 dijudicant,
2617 3976 2902 4047 ablataque
2945 3980 3092 4033 omni
3133 3979 3405 4038 facultate
3455 3982 3822 4053 ρεοωαόἱήμί

2269 4074 2391 4136 post
2418 4081 2606 4122 eorum
2637 4068 3038 4126 damnationem
3074 4075 3588 4131 remunerabuntur
3609 4118 3624 4143 ,
3652 4078 3729 4147 qui
3757 4089 3824 4129 ea:

2269 4167 2395 4213 sunt
2413 4159 2726 4228 judicaturi.
2755 4161 2915 4217 Prius
2943 4163 3086 4217 enim
3116 4165 3340 4220 audient
3373 4167 3474 4221 isti
3505 4185 3520 4221 :
3553 4167 3783 4222 Discedit:
3802 4181 3824 4217 ι

2267 4266 2370 4316 me,
2399 4249 2681 4316 maledicti,
2711 4253 2765 4305 in
2789 4253 2957 4322 ignem
2979 4263 3264 4318 (sternunt;
3295 4255 3510 4312 deinde
3534 4258 3609 4311 illi
3633 4277 3645 4309 ;
3676 4254 3826 4314 Venite.

2269 4341 2518 4395 benedicti
2557 4339 2735 4396 Patris
2766 4344 2888 4410 mei,
2916 4344 3246 4416 etc.(Mattlt.
3276 4348 3430 4415 xxv).
3469 4348 3536 4402 In
3565 4349 3667 4402 alia
3693 4357 3829 4401 tran-

2268 4433 2468 4489 latione
2498 4434 2728 4490 habetur
2753 4453 2766 4490 :
2803 4445 2856 4490 ut
2889 4447 3212 4506 prwparetur
3240 4439 3320 4492 via
3372 4442 3614 4496 venienti
3639 4439 3750 4508 Regi
3779 4435 3826 4487 εὖ

2271 4536 2390 4579 ortu
2439 4526 2588 4593 solis,
2613 4526 2847 4584 .Cltt'isto
2894 4528 3124 4595 scilicet,
3153 4530 3219 4584 de
3240 4545 3360 4600 quo
3393 4529 3674 4602 Propheta
3698 4531 3826 4585 dicit:

583 4595 874 4671 noluerunt
922 4613 1197 4679 recedere,
1247 4611 1316 4665 ad
1364 4613 1466 4668 hoc
1496 4612 1670 4667 scelus
1719 4627 1890 4683 usque
1917 4614 2167 4684 prolapsi
2198 4595 2247 4654 D
2273 4617 2413 4672 Ecce
2437 4619 2513 4672 vir
2552 4619 2722 4672 oriens
2762 4635 2945 4674 nomen
2967 4620 3106 4688 ejus.
3136 4620 3233 4675 Cui
3260 4629 3505 4677 venturo
3537 4625 3610 4678 ad
3632 4621 3829 4693 judican-

583 4713 732 4770 sunt,
762 4715 820 4758 ut
845 4703 1014 4758 Deum
1043 4703 1164 4758 coeli
1193 4701 1652 4770 blasphemarent.
1691 4703 1794 4758 Ista
1824 4712 2003 4758 autem
2046 4705 2164 4759 bla-

583 4796 828 4870 sphemia
868 4794 1152 4864 dupliciter
1194 4793 1392 4864 agitur,
1439 4808 1570 4850 voce
1620 4792 1842 4857 scilicet,
1895 4803 1948 4848 et
1976 4796 2168 4850 cordis

581 4887 936 4946 obduratiouc
960 4903 976 4952 ;
1007 4896 1063 4943 et
1085 4885 1334 4958 quamvis
1361 4886 1664 4956 perniciosa
1689 4887 1762 4940 sit
1783 4887 2168 4957 orisblasphe—

585 4982 716 5046 mia,
742 4991 920 5036 tamen
951 4978 1302 5050 perniciosior
1319 4985 1404 5032 est
1431 4977 1611 5034 cordis
1630 4978 1935 5033 obduratio.
1972 4977 2038 5032 Et
2064 4995 2167 5033 non

583 5083 792 5144 egerunt
815 5071 1165 5142 ptenitentiam
1188 5069 1252 5124 ab
1277 5068 1514 5140 operibus
1541 5069 1672 5124 suis.
1689 5069 1767 5124 Ac
1788 5069 1834 5124 si
1856 5069 2128 5137 diceretur
2151 5087 2162 5122 :

584 5161 664 5217 Ita
713 5162 1001 5220 vehemens
1045 5161 1198 5216 dolor
1241 5175 1306 5216 ex
1350 5158 1506 5229 plaga
1548 5158 1896 5228 blasphemiae
1937 5174 2032 5214 eos
2069 5159 2166 5214 de-

585 5253 802 5322 pressit,
835 5263 894 5306 ut
927 5253 994 5306 ad
1028 5249 1360 5306 fructuosam
1385 5248 1770 5318 ,pmnitentiam
1798 5262 2022 5319 surgere
2048 5250 2168 5305 nul-

585 5347 794 5400 latenus
809 5351 1056 5412 possent,
1083 5342 1207 5412 quia
1230 5341 1548 5410 semetipsos
1579 5339 1929 5409 obdurantes,
1960 5341 2029 5398 ad
2055 5357 2170 5413 pee-

586 5438 869 5494 nitentiatn
897 5436 1184 5492 noluerunt
1213 5434 1430 5490 revorti.

647 5527 723 5582 .th
751 5537 926 5585 sextus
957 5525 1168 5603 angelus
1193 5525 1388 5602 effudi!
1424 5523 1842 5593 pltialamsuam
1879 5529 1937 5581 in
1961 5530 2169 5598 ﬂumen

583 5619 718 5674 illud
743 5634 992 5689 magnum
1020 5617 1364 5695 Euphratem,
1384 5628 1445 5671 tet
1465 5619 1676 5673 siccavit
1702 5636 1866 5690 aquas
1893 5621 2027 5691 ejus.
2059 5624 2169 5677 Eu-

585 5711 808 5778 phrates
834 5708 1027 5764 ﬂuvius
1055 5717 1140 5764 ea
1156 5707 1487 5778 Babyloniae,
1504 5710 1594 5778 qui
1621 5715 1703 5780 (ut
1729 5709 1919 5781 fertur)
1942 5712 2170 5783 Babylo-

586 5801 732 5862 niam
749 5800 1080 5869 ingrediens,
1103 5799 1283 5869 plures
1305 5800 1559 5864 dividitur
1579 5801 1640 5864 in
1661 5801 1828 5862 rivos.
1850 5804 1951 5870 Qui
1973 5802 2167 5864 ﬂuvius

1034 5941 1061 5962 ι

2277 4709 2424 4775 dum,
2450 4710 2548 4780 ipsi
2574 4711 2640 4766 de
2661 4726 2767 4779 quo
2788 4709 2992 4764 dictum
3016 4719 3099 4765 est
3125 4711 3284 4766 modo
3310 4712 3400 4766 via
3445 4710 3826 4785 praeparabit!-

2345 4798 2412 4852 Et
2445 4799 2549 4852 vidi
2587 4800 2654 4854 de
2687 4817 2778 4854 ore
2811 4801 3076 4865 draconis,
3101 4811 3148 4856 et
3180 4801 3244 4856 de
3266 4818 3356 4856 ore
3383 4804 3603 4871 bestiae,
3627 4815 3674 4859 et
3697 4804 3830 4856 dun

2273 4889 2732 4959 pseudoprophette
2761 4892 2976 4961 spiritus
3007 4901 3108 4946 tres
3129 4892 3430 4947 int-mundos
3457 4896 3524 4948 in
3556 4896 3751 4948 inodu-
3769 4905 3831 4942 tl-

2276 4995 2465 5034 narum
2490 4981 2688 5036 exisse.
2717 4981 2871 5048 Quod
2891 4991 2978 5037 est
2999 4983 3195 5037 draco?
3217 4984 3318 5038 hoc
3350 4994 3440 5038 est
3457 4985 3669 5050 bestia,
3691 4986 3777 5039 hoc
3795 4987 3833 5034 et

2276 5072 2784 5142 pseudoprophetaz;
2814 5075 2867 5129 id
2894 5084 2988 5130 est
3037 5075 3282 5131 diabolus
3307 5093 3436 5130 cum
3458 5080 3625 5132 onmi
3653 5087 3833 5133 coram

2275 5176 2409 5228 suo;
2449 5172 2624 5217 tamen
2641 5174 2870 5234 propter
2899 5165 3208 5221 distantiam
3239 5181 3614 5236 personarum
3643 5179 3695 5222 et
3715 5176 3834 5236 pote

2268 5261 2468 5308 statam
2493 5253 2594 5310 illa
2639 5266 3048 5323 commemorat,
3098 5273 3220 5326 qua:
3249 5258 3524 5327 majorem
3555 5265 3834 5330 potestati
3873 5319 3878 5328 Α

2275 5345 2478 5401 habent
2499 5345 2558 5410 in
2594 5345 2712 5416 ipso
2737 5346 3004 5402 malorum
3035 5363 3285 5418 corpore,
3310 5350 3619 5405 draconem
3649 5349 3836 5404 scilicet.

2271 5437 2338 5493 id.
2363 5447 2450 5494 est
2481 5439 2777 5506 diabolum,
2800 5441 3048 5506 bestiam,
3075 5442 3468 5498 Antichristum
3495 5463 3513 5497 :
3542 5446 3839 5515 [meum

2273 5531 2524 5600 phetam,
2575 5532 2824 5587 doctores
2881 5530 3120 5601 ejusdem
3167 5533 3405 5588 damnati
3455 5533 3707 5588 hominis
3742 5543 3838 5586 cui

2272 5620 2528 5690 subjectis
2555 5622 2818 5693 plebibus.
2865 5626 2946 5679 De
2965 5626 3156 5679 horum
3182 5626 3422 5680 omnium
3451 5641 3552 5680 ore
3586 5624 3840 5695 essetin-

2273 5724 2362 5769 tur
2390 5723 2499 5772 tres
2541 5717 2798 5785 spiritus,
2834 5720 2978 5786 quod
3009 5719 3138 5773 nihil
3169 5729 3256 5774 est
3281 5719 3428 5773 aliud
3461 5721 3568 5774 nisi
3603 5713 3840 5782 nonsati-

2274 5809 2428 5868 ritus.
2481 5810 2650 5867 Tanta
2695 5814 2893 5872 unione
2941 5816 3119 5870 unitas
3147 5815 3365 5870 malitia
3409 5816 3583 5871 estin
