3972 6486
137 465 265 526 H33

1045 463 1408 522 EXPOSITIO
1445 462 1512 519 ΙΝ
1548 460 2045 520 APOCALYPSIN.
2084 491 2154 503 -——
2189 461 2318 518 LIB.
2360 460 2424 518 ν.

3250 451 3388 522 ttat

134 577 486 645 daemonibus,
507 585 570 633 ut
600 592 724 634 cum
752 577 906 633 multi
930 577 1040 634 sint
1079 585 1347 648 potestate
1374 584 1430 632 et
1459 573 1662 631 malitia
1682 614 1697 644 ,
1727 573 1781 641 Α
1805 583 1976 628 terunt
2001 573 2194 645 Moysi,
2225 577 2300 630 ita
2321 585 2368 630 et
2391 574 2478 630 isti
2509 573 2744 632 resistent
2770 577 2974 632 veritati
3004 575 3088 643 (11
3122 576 3248 632 I‘im.
3281 563 3387 652 tu).

137 670 186 722 in
219 679 382 722 tinum
405 674 603 722 tamen
635 667 981 737 redigantur,
1008 667 1137 737 qnia
1161 666 1375 722 diverso
1409 665 1573 722 modo
1600 665 1704 720 ho—

136 758 303 812 mines
327 756 662 827 impugnant.
690 756 847 812 Unde
890 771 1030 812 unus
1059 756 1259 812 dicitur
1293 756 1512 828 Spiritus
1555 770 1709 810 men-

133 851 254 918 dax,
283 849 421 906 alius
461 850 682 921 spiritus
709 849 1104 916 fornicationis,
1135 849 1329 904 tertius
1357 848 1578 918 spiritus
1608 845 1710 900 im-

133 941 378 998 mundus.
417 939 624 995 Idcirco
667 949 777 996 tres
811 941 1034 1011 spiritus
1073 939 1378 995 immundos
1418 952 1479 993 se
1508 935 1709 990 vidisse

134 1029 348 1098 dicitur,
372 1045 476 1101 pro
491 1045 735 1095 numero,
765 1032 974 1087 scilicet
1004 1030 1242 1102 partium
1260 1027 1501 1099 ejusdem
1525 1043 1711 1097 corpo-

133 1120 229 1178 ris.
274 1121 420 1178 Bene
444 1128 628 1177 autem
663 1121 887 1193 spiritus
926 1119 1235 1176 immundus
1264 1118 1463 1174 dicitur
1490 1125 1712 1188 propter

132 1218 346 1283 peccata
386 1213 596 1284 gravia,
625 1212 826 1282 quibus
849 1212 1154 1268 sordidatus
1180 1221 1288 1276 est,
1313 1219 1368 1265 et
1392 1208 1526 1264 alios
1564 1209 1712 1264 coin-

133 1301 360 1371 quinare
385 1317 492 1359 non
516 1311 711 1358 cessat.
737 1301 842 1357 Sed
863 1301 990 1372 quia
1009 1308 1175 1372 caput
1195 1308 1250 1356 et
1273 1299 1517 1357 membra
1544 1313 1713 1354 unum

132 1402 277 1460 sunt,
304 1393 361 1448 id
397 1401 478 1450 est
507 1394 753 1450 diabolus
781 1401 838 1450 et
864 1407 1054 1450 omnes
1078 1393 1272 1464 iniqui,
1306 1393 1408 1464 ipsi
1434 1392 1527 1463 qui
1554 1391 1715 1464 spiri-

133 1490 221 1548 tus
244 1481 524 1550 immundi,
554 1484 656 1554 ipsi
697 1492 823 1539 sunt
865 1483 1049 1550 draco,
1075 1483 1270 1548 bestia,
1301 1490 1356 1537 et
1382 1482 1715 1554 pseudopro-

130 1574 310 1643 pheta.
332 1574 512 1631 Exivit
535 1591 663 1648 ergo
685 1577 748 1632 de
775 1589 870 1631 ore
907 1575 1156 1632 draconis
1184 1575 1371 1632 bestiae
1394 1583 1449 1630 et
1484 1575 1714 1645 pseudo-

130 1668 425 1738 prophetae,
456 1669 512 1724 id
533 1678 617 1725 est
644 1670 710 1725 de
737 1669 930 1739 seipsis
958 1670 1025 1724 ad
1054 1675 1295 1739 apertam
1322 1667 1714 1739 blasphemiam

131 1767 317 1814 contra
340 1759 616 1816 Christum
637 1801 653 1827 ,
683 1767 739 1816 et
763 1761 831 1816 ad
859 1769 1104 1831 apertam
1131 1760 1564 1832 persecutionem
1585 1774 1715 1814 con-

133 1857 231 1905 tra
253 1860 472 1907 sanctos
509 1851 674 1908 illius.
714 1850 869 1908 Nunc
895 1853 1042 1908 enim
1069 1853 1196 1908 dum
1226 1851 1396 1908 latent
1423 1860 1478 1908 et
1527 1859 1716 1923 aperte

1807 662 1913 719 Sed
1935 664 2038 718 ista
2053 664 2204 735 signa
2219 665 2381 736 (sicut
2405 665 2607 722 dictum
2633 665 2738 739 est)
2764 675 2857 722 aut
2877 678 3038 724 erunt
3053 682 3176 722 vera
3205 683 3267 723 es
3292 668 3391 726 Dei

1807 754 2094 825 permissu,
2133 761 2226 809 aut
2251 753 2406 822 falsa,
2441 755 2637 826 quibus
2670 756 2884 827 reprobi
2924 764 3148 827 propter
3168 766 3391 828 peccata

1807 846 2082 916 praeterita
2101 845 2276 916 decipi
2293 854 2589 911 merentur,
2606 847 2747 904 unde
2764 862 2868 903 non
2883 847 2938 902 in
2953 855 3245 918 conspectu
3261 863 3390 904 san-

1807 947 2019 994 ctorum
2049 939 2152 994 hoc
2177 937 2357 994 facere
2385 938 2655 1005 dicuntur,
2683 939 2779 995 sed
2815 940 2866 995 in
2901 949 3195 1010 conspectu
3218 939 3395 997 homi-

1810 1043 1972 1095 num,
2016 1028 2157 1084 sicut
2195 1043 2359 1099 supra
2401 1029 2603 1084 dictum
2645 1038 2754 1096 est,
2787 1031 2840 1086 id
2877 1041 2960 1086 est
3002 1031 3056 1086 in
3099 1040 3397 1101 conspectu

1811 1118 2024 1174 illorum
2044 1159 2060 1186 ,
2091 1116 2182 1189 qui
2217 1135 2326 1174 non
2367 1119 2585 1189 sapiunt
2615 1134 2679 1175 ea
2706 1135 2827 1190 qua:
2853 1121 2948 1177 Dei
2980 1130 3126 1188 sunt,
3158 1122 3254 1178 sed
3274 1138 3396 1194 quae

1812 1210 2110 1266 hominum.
2158 1209 2230 1265 At
2253 1211 2308 1264 in
2338 1219 2630 1280 conspectu
2669 1209 2964 1268 electorum
2993 1213 3129 1269 muti
3170 1229 3399 1285 appare-

1811 1299 1968 1368 bunt,
1998 1315 2097 1356 nec
2123 1308 2375 1370 poterunt
2402 1301 2693 1373 procedere
2717 1301 2855 1357 ultra
2878 1302 3155 1380 deﬁnitum
3182 1305 3400 1375 signum

1813 1405 2089 1448 ranarum.
2118 1390 2188 1445 Et
2209 1393 2498 1462 procedunt~
2518 1390 2586 1444 ad
2610 1408 2750 1462 reges
2791 1394 2949 1446 totius
2987 1403 3138 1449 terra
3178 1410 3400 1465 congre-

1813 1499 1939 1555 gare
1965 1482 2082 1537 illos
2104 1483 2159 1536 in
2183 1481 2426 1554 pristiam
2452 1482 2522 1537 ad
2559 1482 2696 1537 diem
2745 1499 2992 1554 magnum
3033 1485 3400 1556 omnipotentis

1816 1575 1934 1630 Dei.
1966 1574 2120 1643 Quod
2145 1575 2198 1630 in
2227 1573 2399 1629 tribus
2427 1573 2718 1630 immundis
2743 1574 3024 1645 spiritibus
3048 1591 3188 1631 unus
3215 1576 3402 1633 diabo-

1814 1665 1899 1721 lus
1925 1665 2238 1736 designetur
2255 1705 2271 1733 ,
2302 1680 2370 1721 ex
2396 1665 2498 1720 hac
2525 1665 2869 1735 processione
2894 1665 3305 1735 manifestatur,
3333 1667 3404 1726 de

1815 1772 1920 1828 qua
1949 1756 2075 1811 alibi
2098 1756 2356 1825 scriptum
2385 1763 2469 1811 est
2489 1774 2502 1808 :
2520 1754 2651 1812 Cum
2677 1757 3022 1812 consummati
3043 1758 3236 1827 fuerint
3260 1757 3404 1814 mille

1817 1849 1973 1915 anni,
2001 1848 2226 1903 solvetur
2254 1847 2486 1902 Satanas
2510 1847 2574 1903 de
2594 1864 2802 1904 carcere
2826 1865 2944 1916 suo,
2973 1859 3020 1903 et
3039 1850 3217 1916 exibit,
3241 1860 3287 1905 et
3314 1866 3400 1906 se-

125 1941 320 1998 δωνὶΐθ
345 1958 452 1998 non
478 1944 709 2011 audent,
741 1943 896 2015 quasi
937 1943 1078 1998 intra
1105 1944 1422 2014 semetipsos
1457 1943 1715 2013 conquie-
1743 1937 1790 1999 Β
1815 1939 1967 1994 ducet
1995 1954 2138 2010 reges
2158 1947 2205 1993 et
2227 1948 2402 2009 gentes
2444 1955 2562 2009 qua:
2589 1938 2710 1992 sunt
2739 1955 2896 2010 super
2929 1948 3156 2010 quatuor
3181 1939 3403 2012 angulos

130 2042 309 2090 scunt.
336 2033 470 2090 Cum
494 2043 676 2091 autem
696 2035 941 2091 diabolus
961 2035 1237 2106 ingressus
1262 2034 1424 2091 fuerit
1448 2035 1718 2105 perditum

127 2123 432 2189 hominem,
457 2131 583 2180 tunc
607 2125 952 2196 egredientur
975 2125 1044 2180 ad
1064 2133 1307 2196 apertam
1327 2125 1717 2196 blasphemiam

130 2212 298 2282 (sicut
323 2212 580 2285 diximus)
607 2223 663 2271 et
685 2225 998 2271 sanctorum
1027 2217 1450 2286 persecutiones.
1479 2215 1591 2272 Nec
1617 2231 1717 2272 va-

129 2309 226 2356 cat
249 2305 390 2371 quod
419 2304 560 2359 ide
589 2293 814 2375 spiritus
851 2305 906 2360 in
939 2306 1156 2362 modum
1185 2321 1438 2360 ranarum
1467 2305 1721 2361 dicuntur

129 2390 357 2461 egressi.
383 2391 548 2446 Rana:
573 2395 771 2462 quippe
801 2394 1105 2450 molestiam
1127 2395 1434 2451 hominibus
1458 2394 1717 2463 inferunt,

131 2481 422 2551 strepitum
459 2481 698 2549 faciunt,
729 2484 966 2554 quietem
1008 2485 1318 2542 hominibus
1352 2486 1637 2552 auferunt,
1666 2493 1720 2542 et

129 2571 200 2634 in
237 2586 392 2627 emno
422 2581 728 2630 versantur.
767 2573 926 2632 Tales
962 2583 1124 2630 erunt
1163 2575 1266 2644 ipsi
1302 2576 1536 2631 ministri
1559 2575 1718 2630 Anti-

127 2659 354 2727 christi,
386 2661 476 2730 qui
521 2677 629 2718 non
669 2663 850 2732 loqui,
876 2663 968 2718 sed
1005 2663 1184 2732 potius
1225 2663 1459 2734 garrulis
1495 2663 1720 2720 vocibus

132 2761 376 2824 strepere
411 2753 755 2809 videbuntur.
789 2753 1015 2810 Omnem
1043 2768 1260 2823 quoque
1294 2755 1530 2824 quietem
1572 2755 1720 2810 aufe-

135 2851 259 2899 rent
277 2843 345 2898 ab
365 2843 573 2910 electis,
595 2844 721 2899 dum
741 2859 836 2900 eos
858 2844 1057 2915 ubique
1081 2846 1321 2918 graviter
1343 2846 1717 2915 insequentur,

133 2941 196 2989 et
232 2933 290 2988 in
331 2935 512 3001 cceno,
561 2934 662 2990 hoc
711 2944 814 3000 est,
877 2935 932 2990 in
979 2935 1322 2992 immunditia
1372 2946 1720 3008 peccatorum

135 3025 439 3081 devolvent.

207 3115 340 3172 Sunt
363 3118 502 3172 enim
525 3119 740 3188 spiritus
764 3120 1142 3176 daemoniorum
1153 3121 1402 3192 facientes
1421 3123 1590 3193 signa.
1615 3121 1721 3192 ipsi

135 3208 337 3279 quippe
363 3208 636 3265 daemones
663 3226 761 3280 per
799 3225 894 3268 eos
922 3227 1059 3282 quos
1106 3213 1489 3268 inhabitabuut
1519 3213 1722 3268 facient

1817 2041 1970 2087 terra:
2007 2031 2190 2102 (Apoc.
2219 2030 2334 2099 xx).
2359 2029 2536 2101 Reges
2561 2041 2741 2084 autem
2767 2031 2856 2086 hic
2886 2031 2938 2086 in
2967 2031 3165 2087 malam
3191 2043 3406 2102 partem

1819 2117 2132 2173 noverimus
2158 2117 2394 2186 positos,
2419 2117 2474 2172 id
2527 2124 2610 2173 est
2636 2117 2908 2188 principes
2933 2127 2989 2174 et
3012 2119 3206 2176 divites
3243 2119 3404 2190 hujus

1821 2207 2022 2272 seculi,
2054 2206 2146 2277 qui
2179 2214 2306 2261 sunt
2329 2207 2569 2262 membra
2599 2207 2940 2265 Antichristi.
2969 2207 3250 2274 Quomodo
3273 2225 3405 2282 ergo

1819 2301 2120 2371 procedunt
2161 2301 2227 2356 ad
2267 2314 2395 2367 eos,
2426 2300 2472 2355 si
2505 2299 2608 2370 ipsi
2642 2308 2766 2356 sunt
2796 2302 2850 2356 in
2894 2303 3089 2373 quibus
3135 2303 3408 2359 daemones

1819 2391 2110 2446 habitant?
2146 2390 2241 2446 sed
2284 2405 2382 2460 per
2428 2391 2575 2461 ipsos
2633 2391 2934 2461 procedunt
2983 2393 3052 2448 ad
3098 2394 3280 2465 ipsos,
3336 2395 3407 2449 ad

1820 2489 2036 2551 apertas
2059 2482 2266 2537 scilicet
2293 2480 2678 2550 blasphemias,
2712 2482 2778 2538 ad
2805 2484 3236 2553 persecutionem
3259 2499 3407 2540 com-

1821 2573 2163 2627 movendam.
2195 2571 2345 2628 Unde
2368 2571 2610 2641 sequitur
2635 2589 2648 2626 :
2678 2571 3021 2646 Congregare
3048 2575 3168 2630 illos
3193 2576 3245 2630 in
3265 2591 3402 2648 pra:-

1819 2660 1949 2716 lium
1981 2671 2170 2717 contra
2197 2661 2368 2716 Deum
2395 2672 2450 2716 et
2477 2670 2695 2718 sanctos
2720 2663 2882 2718 illius.
2930 2666 3048 2731 Quo
3074 2659 3257 2721 autem
3286 2666 3407 2723 loco

1820 2753 2213 2823 congregabit?
2250 2752 2495 2822 nunquid
2521 2753 2577 2806 in
2605 2768 2773 2808 unum
2793 2756 3005 2810 venturi
3039 2765 3186 2823 sunt,
3229 2765 3289 2812 ut
3312 2759 3407 2829 qui

1821 2851 1947 2898 sunt
1982 2843 2036 2896 iu
2056 2843 2340 2897 occidente
2389 2850 2674 2897 transeant
2699 2843 2753 2896 in
2783 2845 3071 2912 orientem,
3103 2855 3198 2902 aut
3219 2862 3408 2902 rursus

1821 2936 1889 2990 ab
1925 2935 2132 2990 oriente
2159 2935 2216 2988 in
2244 2936 2618 2990 occidentem?
2649 2935 2801 3002 Non;
2852 2939 2946 2994 sed
2983 2940 3038 2994 in
3072 2956 3236 2996 unum
3271 2958 3404 2998 con-

1823 3042 2070 3092 sensum,
2110 3034 2165 3081 et
2209 3027 2262 3081 in
2300 3042 2461 3082 unam
2507 3028 2706 3082 malam
2746 3029 3077 3087 voluntatem
3115 3047 3409 3107 congrega-

1821 3116 2039 3172 buntur.
2069 3114 2300 3186 Propter
2324 3117 2586 3172 unitatem
2613 3118 2810 3189 quippe
2833 3119 3049 3176 malitia:
3075 3121 3286 3178 illorum
3305 3125 3409 3181 hoc

1823 3207 2042 3272 dicitur,
2083 3207 2210 3276 quia
2255 3208 2399 3277 quod
2442 3223 2580 3263 unus
2623 3208 2757 3264 facit
2798 3211 2902 3266 hoc
2943 3219 3000 3267 et
3030 3213 3244 3286 reliqui.
3282 3216 3410 3272 Dies

134 3299 317 3370 signa,
363 3307 457 3354 aut
483 3313 610 3354 vera
650 3301 744 3356 Dei
783 3303 1167 3372 pel-missione,
1202 3311 1296 3358 aut
1326 3302 1491 3368 falsa,
1525 3304 1721 3374 quibus
1749 3307 1794 3370 ρ
1827 3305 2007 3350 autem
2048 3295 2150 3351 ista
2192 3296 2261 3351 ad
2305 3311 2468 3366 quam
2510 3300 2984 3369 congregabantur
3023 3299 3078 3357 in
3127 3305 3408 3375 praelium,

136 3390 351 3460 reprobi
368 3391 516 3460 justo
540 3391 634 3446 Dei
652 3391 856 3461 judicio
880 3391 1246 3462 decipiantur:
1263 3394 1402 3448 sicut
1421 3394 1550 3448 olim
1566 3393 1727 3449 facie-

135 3482 273 3537 bant
317 3483 485 3554 magi,
535 3483 626 3553 qui
672 3481 991 3538 videbantur
1033 3485 1281 3539 homines
1328 3485 1651 3541 resuscitare
1694 3501 1723 3540 a

134 3573 386 3639 mortuis,
404 3574 544 3630 sicut
563 3573 750 3630 Simon
772 3573 900 3630 fecit
921 3575 975 3630 in
999 3585 1293 3646 conspectu
1317 3575 1564 3632 Neronis.
1589 3577 1725 3632 Nam

134 3671 196 3719 et
220 3663 287 3718 de
313 3664 418 3719 hoc
441 3663 698 3720 Dominus
727 3665 858 3720 dicit
885 3665 939 3720 in
965 3666 1256 3738 Evangelio
1280 3685 1293 3721 :
1321 3667 1386 3722 In
1415 3667 1519 3723 illis
1545 3669 1724 3724 diebus

135 3763 452 3825 consurgent
473 3755 850 3823 pseudocltristi
879 3764 926 3809 ct
955 3758 1435 3828 pseudoprophetw,
1459 3768 1507 3812 et
1533 3759 1726 3828 facient

131 3847 288 3917 signa
300 3859 492 3914 magna
503 3853 552 3898 et
572 3844 831 3914 prodigia,
848 3847 922 3898 ita
937 3855 991 3899 ut
1015 3845 1072 3898 in
1085 3863 1313 3900 errorem
1327 3848 1663 3913 inducantur,
1681 3850 1728 3902 si

130 3934 258 4005 ﬁeri
271 3941 457 4002 potest,
468 3934 624 3988 etiam
644 3932 789 3988 electi
803 3932 1016 4004 (Matth.
1034 3935 1206 4008 xxrv).
1225 3935 1331 3991 Sed
1355 3951 1459 3991 non
1476 3938 1592 3993 sine
1605 3953 1733 3993 cau-

131 4037 202 4080 sa
224 4022 315 4077 isti
335 4021 429 4092 qui
451 4022 602 4094 signa
617 4021 845 4089 faciunt,
863 4022 915 4078 in
929 4023 1146 4078 modum
1165 4039 1416 4079 ranarum
1437 4027 1730 4096 procedere

133 4115 410 4172 dicuntur.
442 4115 693 4184 Legimus
721 4115 916 4186 quippe
940 4116 995 4170 in
1023 4115 1251 4172 historia
1280 4117 1490 4173 Veteris
1537 4117 1728 4174 Testa-

135 4203 313 4260 menti
343 4205 488 4275 quod
514 4204 693 4275 Moyse
744 4206 895 4276 signa
932 4206 1187 4272 faciente,
1224 4209 1470 4264 fecerunt
1502 4219 1557 4265 et
1587 4211 1728 4282 magi

138 4296 397 4354 similiter
436 4310 606 4368 usque
651 4299 718 4353 ad
763 4299 974 4369 signum
1016 4313 1292 4355 ranarum.
1331 4299 1492 4357 Verbi
1533 4302 1727 4373 gratia,

135 4389 378 4460 primum
418 4388 630 4459 Moyses
676 4390 902 4459 proiecit
935 4392 1174 4462 virgam,
1207 4408 1327 4462 quae
1355 4408 1513 4449 versa
1555 4403 1638 4451 est
1675 4395 1730 4450 in

137 4479 433 4535 draconem
459 4496 474 4546 ;
502 4480 747 4536 fecerunt
779 4488 834 4537 et
872 4481 1100 4537 malefici
1130 4483 1382 4539 similiter
1411 4485 1522 4540 suis
1551 4484 1730 4540 incan-

136 4569 470 4636 tationibus,
495 4569 621 4627 licet
649 4571 801 4642 virga
829 4570 997 4641 Moysi
1030 4571 1370 4629 devoraverit
1395 4574 1575 4643 virgas
1614 4573 1730 4629 illo-

1827 3388 2120 3443 novissima
2143 3389 2462 3461 intelligitur
2487 3392 2809 3462 persecutio,
2839 3395 3056 3464 quando
3085 3396 3332 3456 diabolus
3353 3410 3411 3456 et

1827 3477 2069 3532 membra
2097 3479 2215 3550 ejus
2273 3489 2460 3549 aperte.
2497 3481 2844 3552 blasphemiis
2884 3494 3071 3542 contra
3110 3487 3409 3558 Christum,

1825 3578 1882 3623 et
1908 3570 2372 3638 persecutionibus
2409 3574 2671 3643 pugnabit
2705 3583 2894 3630 contra
2933 3575 3049 3646 ejus
3086 3579 3409 3638 Ecclesiam.

1829 3663 1980 3718 Facit
2007 3664 2151 3719 enim
2180 3679 2324 3720 nunc
2355 3663 2554 3720 bellum
2572 3707 2587 3731 ,
2615 3667 2712 3722 sed
2737 3667 3030 3736 occultum,
3063 3673 3187 3742 quia
3217 3671 3413 3743 ligatus

1826 3765 1930 3810 est.
1961 3754 2019 3810 Si
2043 3770 2173 3826 ergo
2201 3764 2347 3810 tanta
2379 3755 2510 3812 facit
2538 3757 2752 3828 ligatus,
2784 3771 2984 3828 quanta
3014 3764 3266 3833 putamus
3285 3779 3415 3823 eum

1827 3845 2007 3900 facere
2047 3846 2320 3900 solutum?
2346 3846 2496 3902 Tunc
2535 3850 2881 3919 congregabit
2919 3866 3011 3908 eos
3042 3854 3097 3908 in
3133 3857 3412 3924 praelium,

1828 3935 2040 4005 quando
2062 3934 2408 4004 gravissimas
2433 3935 2697 3990 excitabit
2738 3937 2998 3994 adversus
3029 3955 3122 3996 eos
3150 3957 3412 4012 persecu-

1827 4026 2002 4092 tiones
2022 4065 2037 4090 ,
2067 4024 2206 4081 unde
2235 4025 2371 4080 bene
2406 4025 2524 4096 ipsa
2559 4024 2678 4080 dies
2714 4040 2909 4098 magna
2939 4036 2994 4082 et
3023 4027 3121 4084 Dei
3151 4037 3410 4102 vocatur,

1827 4118 1954 4187 quia
1995 4115 2246 4172 videlicet
2277 4123 2404 4171 tunc
2431 4131 2600 4187 agnus
2632 4115 2808 4172 victor
2833 4131 2956 4173 cum
2982 4118 3096 4174 suis
3121 4130 3307 4178 contra
3334 4122 3412 4180 fe-

1830 4208 2142 4264 rocissimas
2164 4209 2366 4264 bestias
2391 4209 2668 4281 pugnabit.
2753 4262 2756 4264 ,
3393 4279 3401 4290 Δ

1901 4298 2037 4355 Ecce
2063 4301 2208 4355 venio
2235 4301 2370 4354 sicut
2392 4301 2498 4370 fur.
2536 4300 2702 4356 Istum
2725 4303 2854 4358 vero
2885 4303 3178 4360 adventum
3199 4315 3254 4362 et
3279 4321 3412 4377 quo-

1831 4393 2093 4448 tidianum
2123 4407 2409 4462 possumus
2438 4391 2741 4464 intelligere
2783 4402 2837 4450 et
2881 4395 3227 4466 generalem;
3275 4412 3411 4469 quo.

1827 4485 1958 4541 tidie
1986 4485 2181 4556 quippe
2210 4484 2356 4541 venit
2402 4484 2652 4540 Christus
2690 4494 2750 4539 ut
2797 4484 2904 4553 fur,
2946 4488 3162 4558 quando
3208 4488 3410 4560 impro-

1829 4578 1945 4634 visa
1973 4586 2147 4632 morte
2176 4575 2354 4632 subito
2375 4575 2502 4631 dum
2531 4591 2638 4632 non
2675 4586 2853 4647 sperat
2881 4578 3043 4633 homo
3071 4582 3318 4634 moritur.
3352 4580 3412 4636 lu

122 4677 306 4727 rum;
353 4661 544 4716 deinde
591 4663 858 4718 convertit
901 4677 1071 4733 aquas
1119 4661 1222 4717 Nili
1274 4663 1327 4719 in
1374 4663 1722 4735 sanguinem;
1756 4668 1922 4728 Ddie
1942 4670 2105 4725 etiam
2142 4663 2332 4737 judicii
2375 4669 2508 4722 sicut
2557 4667 2664 4737 fur,
2717 4669 2771 4723 id
2817 4677 2898 4723 est
2934 4678 3154 4740 repente
3210 4671 3408 4736 veniet,

135 4753 392 4808 fecerunt
434 4759 490 4806 et
534 4751 636 4820 ipsi
681 4752 930 4808 similiter
958 4768 1130 4824 aquas
1182 4754 1542 4809 cisternarum
1589 4769 1725 4824 quas

135 4844 249 4903 sibi
295 4841 544 4898 foderant
579 4841 854 4912 Egyptii,
884 4859 992 4898 non
1021 4842 1262 4898 volentes
1285 4843 1470 4898 bibere
1493 4843 1557 4898 de
1585 4857 1724 4912 aqua

134 4937 401 4992 ﬂuminis.
430 4937 582 4993 Fecit
615 4938 780 4992 etiam
807 4937 1015 5008 Moyses
1045 4938 1338 4993 ascendere
1376 4951 1539 4992 ranas
1565 4950 1728 5005 super

137 5039 370 5095 terram,
399 5030 542 5099 quod
568 5038 623 5085 et
648 5028 749 5099 ipsi
778 5027 954 5083 facere
982 5027 1096 5084 suis
1120 5027 1344 5099 magicis
1372 5027 1580 5082 artibus
1601 5034 1727 5082 sunt

136 5122 417 5194 permissi.
446 5122 550 5179 Ubi
588 5137 717 5179 vero
743 5130 901 5177 terrae
927 5119 1150 5190 pulvere
1177 5120 1326 5189 virga
1347 5133 1603 5189 percusso
1634 5132 1726 5187 cy-

137 5216 343 5287 nipbes
379 5223 780 5286 processerunt,
823 5211 1219 5269 incantationes
1254 5223 1374 5280 qua
1411 5208 1523 5279 jam
1566 5207 1725 5264 tertio

137 5306 559 5379 prtevaluerant,
590 5304 823 5374 poenitus
849 5307 1204 5358 evanuerunt.
1240 5299 1393 5356 Unde
1415 5306 1469 5353 et
1491 5296 1725 5367 superati

139 5399 440 5455 dixerunt:
474 5396 675 5466 Digitus
713 5395 811 5449 Dei
830 5406 902 5450 est
931 5396 1014 5449 hic
1049 5393 1246 5463 (Exod.
1278 5389 1377 5462 xi).
1412 5390 1486 5444 Ita
1514 5403 1642 5460 ergo
1671 5396 1728 5443 et

139 5491 237 5546 isti
263 5503 434 5559 usque
454 5488 520 5542 ad
537 5487 747 5558 signum
773 5500 1026 5540 ranarum
1043 5484 1378 5555 pervenient.
1399 5481 1579 5550 ibique
1591 5479 1724 5536 deli-

136 5581 313 5646 cient,
336 5594 401 5634 ac
414 5577 650 5648 superati
663 5575 963 5645 quiescent,
983 5576 1110 5643 quia
1123 5573 1430 5644 insipientia
1445 5585 1650 5636 eorum,
1669 5569 1726 5623 il-

138 5671 252 5726 lius
266 5670 516 5725 videlicet
531 5667 770 5722 damnati
786 5665 1022 5720 hominis
1036 5675 1090 5719 et
1109 5665 1720 5736 pseudoprophetarum,

139 5760 436 5816 manifesta
462 5762 568 5815 erit
599 5760 738 5813 sicut
759 5766 815 5815 et
843 5757 1057 5812 illorum
1087 5757 1220 5824 fuit;
1249 5759 1391 5814 unde
1417 5767 1471 5814 et
1497 5757 1724 5827 Aposto—

139 5851 232 5907 lus
260 5851 392 5906 dicit
427 5869 438 5904 :
476 5849 928 5918 Quemadmodum
964 5848 1180 5906 lamnes
1209 5859 1257 5904 et
1289 5848 1544 5905 [amores
1579 5850 1726 5906 resti-

1827 4765 1954 4836 quia
1979 4779 2100 4819 cum
2122 4763 2358 4818 dixerint
2387 4775 2490 4830 pax
2521 4768 2577 4815 et
2607 4761 2893 4826 securitas,
2925 4770 3053 4816 tunc
3080 4761 3198 4831 ejus
3226 4777 3412 4832 repen-

1827 4855 1972 4909 tinus
2001 4851 2343 4923 superveniet
2362 4848 2628 4904 interitus.
2653 4849 2808 4904 Beati
2839 4859 3019 4904 autem
3043 4859 3170 4904 sunt
3197 4849 3291 4914 illi,
3317 4852 3411 4920 qui

1827 4946 1941 5002 sive
1975 4943 2216 5014 quotidie
2239 4941 2366 4997 dum
2397 4948 2675 4996 transeant
2699 4955 2798 5012 per
2825 4949 3078 5006 mortem,
3105 4940 3218 4995 sive
3243 4940 3411 4995 etiam

1827 5045 1957 5092 tunc
1987 5033 2265 5088 venientes
2291 5031 2357 5087 ad
2385 5031 2690 5101 generalem
2717 5031 3170 5088 resurrectionem
3187 5071 3200 5094 ,
3233 5031 3410 5100 parati

1829 5125 2031 5182 inventi
2047 5124 2266 5180 fuerint.
2292 5122 2429 5178 Hinc
2453 5123 2505 5177 in
2520 5122 2809 5193 Evangelio
2836 5123 2950 5192 ipse
2971 5122 3103 5177 dicit
3125 5140 3139 5175 :
3161 5121 3406 5193 Vigilate.

1830 5234 1894 5272 ne
1913 5231 2029 5271 cum
2053 5214 2243 5270 venerit
2263 5212 2520 5267 Dominus
2539 5221 2763 5283 repente,
2788 5211 3011 5266 inveniat
3037 5227 3122 5266 vos
3146 5210 3410 5265 dormien-

1827 5317 1902 5362 tes
1927 5306 2118 5378 (Marc.
2140 5305 2294 5372 xm);
2327 5313 2381 5360 et
2409 5303 2536 5358 alibi
2561 5317 2575 5356 :
2602 5302 2726 5357 Dies
2751 5301 2965 5356 Domini
2997 5303 3129 5356 sicut
3151 5300 3240 5371 fur
3259 5301 3332 5356 ita
3354 5303 3409 5354 in

1830 5407 1975 5452 nocte
1990 5397 2150 5451 veniet
2169 5393 2219 5465 (1
2237 5392 2414 5449 Thess.
2431 5393 2506 5461 v).
2527 5393 2680 5448 Unde
2701 5392 2790 5446 hic
2805 5406 3020 5462 quoque
3033 5389 3374 5461 subiungitur
3385 5409 3406 5466 _:

1828 5488 2024 5545 Beatus
2048 5489 2137 5559 qui
2164 5486 2339 5558 vigilat
2369 5495 2419 5540 et
2441 5484 2663 5542 custodit
2685 5484 2983 5539 uestimenta
3015 5499 3114 5537 sua
3150 5500 3212 5537 ne
3238 5482 3410 5535 nudus

1830 5577 2077 5633 ambulet.
2093 5575 2309 5649 Vigilat,
2324 5574 2416 5647 qui
2433 5575 2499 5630 ad
2515 5583 2789 5645 aspectum
2804 5573 3019 5643 superni
3038 5571 3255 5626 luminis
3269 5585 3412 5626 men-

1831 5669 1899 5724 tis
1923 5668 2110 5724 oculos
2140 5676 2356 5739 apertos
2376 5673 2558 5731 tenet;
2593 5665 2777 5736 vigilat
2801 5663 2882 5736 (ut
2903 5663 3092 5720 beatus
3120 5662 3410 5738 Gregorius

1830 5758 1981 5828 dicit)
2011 5759 2100 5827 qui
2129 5765 2310 5813 servat
2349 5754 2620 5825 operando
2667 5754 2809 5825 quod
2859 5754 3050 5809 credit.
3083 5751 3207 5806 llaec
3229 5760 3412 5807 autem

1832 5849 2148 5906 vestimenta
2187 5862 2306 5914 qua:
2333 5845 2574 5916 vigilanti
2623 5847 2802 5910 studio
2843 5851 3132 5904 monentur
3180 5831 3408 5902 servari.
