3972 6438
728 442 869 505 H35

1190 434 1544 496 HAYMONIS
1582 425 2063 489 HALBERSTAT.
2101 420 2318 481 EPISC.
2358 420 2513 476 OPP.
2551 420 2735 478 PARS

2208 420 2318 479 lSC.
2358 420 2513 476 ore.
2551 420 2735 478 PARS
2767 420 2810 478 ι.
2843 451 2914 465 --
2951 420 3291 479 catinum.
3326 424 3475 481 nisi.
3713 436 3776 492 tu

725 573 1071 623 sacramenta
1102 565 1230 614 sunt
1260 544 1625 624 baptismatis.
1654 547 1995 604 Vestimenta
2049 556 2145 598 sua
2184 554 2316 597 con-
2342 540 2393 601 Α
2421 536 2492 593 ita
2522 535 2890 592 Antichristus
2915 534 3259 607 appellabitur
3281 553 3434 601 mons,
3461 538 3506 592 id
3526 551 3590 595 est
3608 542 3775 605 Christ.“

726 659 910 711 s‘ervat
935 649 1026 720 qui
1054 645 1381 717 baptismum
1412 657 1523 698 non
1566 641 1751 696 iterat.
1783 635 2122 692 Vestimenta
2149 629 2314 687 etiam

2420 628 2755 695 latrunculis,
2786 627 2888 683 hoc
2917 636 3004 684 est
3037 642 3067 681 a
3112 627 3221 683 suis
3259 628 3505 692 ministris,
3537 631 3619 701 qui
3642 632 3776 696 innuat

718 752 819 805 sua
848 715 1087 799 custodit
1124 715 1228 810 qui
1270 752 1335 793 ea
1362 750 1483 807 qua:
1524 735 1577 790 in
1622 731 1893 804 baptismo
1923 725 2190 798 promisit,
2215 723 2319 779 im-
2418 718 2577 774 fidem
2608 727 2811 810 rectam
2841 733 2870 772 a
2900 716 3152 810 cordibus
3178 715 3556 775 fideliumJlons
3570 735 3711 792 qucque
3725 730 3775 797 gl.

723 840 869 910 plere
912 833 1134 905 satagit.
1166 831 1271 887 Ista
1301 838 1426 886 sunt
1457 828 1779 883 vestimenta
1813 818 2235 878 immortalitatis
2261 825 2317 873 et

723 925 1069 991 innocentiae,
1105 924 1305 995 quibus
1339 921 1549 992 primus
1573 919 1735 972 homo
1764 916 1817 970 in
1840 912 2096 985 paradiso
2116 922 2313 979 exspo-

724 1018 888 1072 liatus
911 1014 1123 1079 fuerat,
1158 1012 1249 1069 sed
1282 1011 1476 1066 iterum
1524 1020 1624 1076 per
1655 1004 1892 1060 occisum
1918 998 2144 1056 vitulum
2170 996 2314 1069 sagi.

725 1112 931 1169 natum,
978 1100 1031 1156 id
1061 1107 1148 1153 est
1176 1111 1274 1169 per
1311 1093 1620 1167 passionem
1648 1090 1768 1144 Filii
1814 1088 1933 1153 Dei,
1963 1087 2018 1142 in
2045 1084 2316 1155 baptismo

724 1191 915 1247 eadem
942 1188 1267 1246 vestimenta
1295 1184 1506 1254 recipit.
1557 1181 1753 1237 Servat
1782 1179 1949 1250 igitur
1990 1176 2109 1233 haec
2145 1172 2314 1230 vesti-

724 1291 910 1340 menta
959 1280 1206 1352 quisquis
1264 1275 1601 1350 gravioribus
1646 1270 1883 1343 peccatis
1924 1285 1981 1325 se
2032 1284 2139 1324 non
2170 1282 2318 1323 com-

725 1372 983 1429 maculat.
1014 1370 1168 1437 Quod
1189 1369 1237 1425 si
1259 1369 1374 1423 haec
1401 1365 1576 1421 amitti
1619 1362 1857 1434 peccatis
1878 1358 2314 1430 impedientibus,

723 1473 780 1519 et
803 1461 1097 1534 fragilitate
1124 1459 1305 1515 carnis
1334 1464 1559 1528 cogente
1585 1453 1892 1525 contigerit,
1934 1452 2098 1508 habet
2139 1450 2318 1505 adhuc

724 1555 1055 1626 baptismum
1107 1550 1423 1613 secundum,
1471 1562 1579 1617 quo
1627 1544 1874 1600 muntlari
1926 1544 2118 1616 possit,
2164 1556 2316 1598 com-

698 1700 701 1703 .
726 1645 1072 1716 punctionem
1100 1642 1304 1699 scilicet
1332 1639 1647 1708 fontemque
1678 1636 2066 1708 lacrymarum.
2097 1634 2175 1689 De
2208 1646 2316 1703 quo

726 1738 1053 1809 baptismate
1082 1734 1295 1807 gemino
1307 1729 1596 1787 Psalntista
1617 1729 1751 1784 dicit
1774 1743 1789 1783 :
1810 1728 1962 1783 Beati
1990 1741 2211 1798 quarunt
2240 1738 2317 1779 reo

726 1834 899 1886 missa
924 1839 1044 1885 sunt
1075 1828 1399 1899 iniquitates,
1427 1824 1481 1878 in
1521 1822 1848 1893 baptismate
1871 1821 2057 1891 primae
2086 1830 2312 1889 regene-

2415 811 2577 867 hosus
2606 809 2911 882 appellatur
2939 808 3512 880 Antichristus,propter
3535 812 3774 873 multitudine

2415 904 2734 976 populorum
2767 900 2870 958 sibi
2901 899 3302 965 adhzerentium,
3324 900 3399 955 vel
3440 903 3542 971 quia
3575 918 3774 979 quorum.

2415 1011 2578 1068 prava
2607 995 2919 1052 seductione
2975 993 3149 1057 illicit,
3186 992 3373 1062 globosi
3406 1002 3622 1055 vocantur,
3643 1000 3773 1066 quin

2415 1100 2603 1143 versos
2632 1082 2871 1141 ostendit
2909 1096 3126 1139 errores
3174 1082 3225 1135 in
3259 1096 3348 1136 suo
3388 1096 3586 1153 corpore,
3607 1084 3688 1139 dum
3715 1088 3771 1143 bitt

2416 1186 2603 1250 aperte
2628 1177 2801 1239 saevit,
2831 1175 2979 1230 illinc
3008 1172 3358 1228 fraudulenter
3380 1173 3554 1243 decipit.
3587 1173 3691 1240 Quasi
3703 1178 3771 1231 ulla

2417 1285 2581 1325 unum
2613 1268 2928 1325 bellantium
2951 1266 3164 1338 globum
3192 1274 3362 1322 contra
3388 1265 3547 1321 electos
3564 1268 3769 1330 emittitlua

2416 1377 2512 1418 eos
2543 1376 2638 1432 per
2665 1358 3018 1431 temporalem
3048 1358 3328 1429 potentiam
3356 1355 3769 1428 altligit.Seddumtjts
3816 1360 3817 1373 ‘

2417 1454 2605 1509 insana
2662 1451 2900 1523 potentia
2960 1448 3346 1514 contemnitur,
3398 1447 3613 1502 fortiorem
3645 1448 3767 1510 dimittit,

2416 1559 2538 1599 cum
2588 1554 2703 1615 per
2774 1539 3039 1597 miracula
3096 1551 3151 1595 et
3206 1537 3331 1594 falsa
3382 1538 3573 1609 prodigia
3612 1535 3766 1606 ilhquart

2418 1631 2592 1702 llngit.

2488 1721 2556 1777 Et
2581 1722 2834 1794 septimus
2854 1717 3077 1791 angelus
3102 1717 3276 1788 effudit
3293 1719 3488 1789 pltiatant
3505 1720 3763 1771 multum

2418 1814 2520 1883 Qui
2555 1820 2638 1870 est
2682 1813 2950 1883 septimus
3004 1810 3121 1881 ipse
3172 1818 3251 1864 est
3288 1816 3339 1863 et
3375 1807 3764 1879 primus,quiainnt

726 1919 1035 1985 rationis,et
1060 1895 1283 1988 quorum
1307 1923 1444 1969 lecta
1464 1920 1586 1966 sunt
1608 1920 1821 1982 peccata
1840 1907 2011 1981 (Psal.
2030 1908 2313 1978 xxxx),per
2345 1895 2390 1956 Β
2417 1921 2605 1962 omnes
2628 1904 3026 1975 intelliguntur,
3068 1911 3125 1958 et
3146 1902 3199 1956 in
3242 1910 3425 1970 septem
3455 1899 3616 1969 angelis,
3637 1906 3762 1967 υιςιιμτ

720 2010 1195 2081 compunctionem
1221 2005 1419 2061 cordis.
1439 2002 1535 2057 Est
1551 2009 1607 2056 et
1625 1999 1768 2056 aliud
1791 1998 2095 2055 vestimenti
2118 2011 2310 2069 genus,

729 2118 840 2175 quo
876 2101 1180 2157 vestiuntur
1207 2097 1384 2162 electi,
1429 2094 1669 2151 charitas
1707 2093 1936 2158 scilicet,
1960 2093 2027 2148 de
2052 2107 2154 2162 qua
2184 2091 2315 2145 dicit

727 2192 964 2250 lacubus
993 2208 1006 2244 :
1033 2189 1280 2245 Charitas
1323 2187 1488 2258 operit
1527 2183 1913 2240 multitudinem
1940 2183 2310 2253 Tpeccatorum.

728 2282 872 2353 (Jac.
901 2279 979 2352 γ.)
1002 2278 1115 2335 Hoc
1146 2277 1473 2335 vestimento
1497 2282 1616 2330 erat
1648 2273 1735 2328 ille
1766 2272 2127 2343 exspoliatus,
2154 2286 2314 2342 quem

725 2372 889 2444 ejecit
900 2384 992 2425 rex
1010 2384 1040 2423 a
1054 2374 1346 2438 conspectu
1367 2364 1698 2435 nuptiarum,
1714 2364 1853 2419 sicut
1868 2361 2218 2434 Evangelium
2242 2370 2317 2416 leo

726 2471 902 2518 statur
914 2461 1127 2516 dicetis:
1147 2456 1284 2523 Quia
1305 2454 1517 2509 intrarit
1534 2470 1626 2509 rea:
1646 2463 1702 2507 ut
1722 2454 1913 2508 videret
1934 2452 2315 2507 discumbentes

725 2550 1105 2622 (Matthnmi).
1123 2547 1321 2603 Beatus
1334 2544 1499 2615 igitur
1510 2544 1599 2613 qui
1613 2544 1851 2600 custodit
1861 2544 2180 2598 vestimenta
2195 2557 2313 2607 sua,

726 2642 779 2696 id
791 2650 893 2708 est,
912 2640 1068 2695 (idem
1084 2654 1248 2708 quam
1262 2638 1316 2691 in
1333 2635 1602 2706 baptismo
1612 2633 1870 2705 percepit,
1887 2642 1940 2688 et
1952 2632 2315 2688 innocentiam

722 2733 874 2796 vitae,
901 2739 958 2785 et
1002 2729 1345 2794 charitatem,
1377 2735 1714 2795 eceterasque
1753 2725 2000 2790 virtutes,
2044 2737 2113 2779 ne
2142 2724 2317 2779 nudus

724 2822 985 2887 ambulet,
1016 2821 1121 2877 hoc
1166 2826 1252 2876 est
1279 2832 1350 2874 ne
1396 2818 1485 2873 bis
1527 2816 1886 2887 exspoliatus,
1917 2815 2149 2886 turpiter
2192 2830 2315 2870 cum

728 2911 945 2967 diabolo
979 2911 1289 2965 damnetur.
1340 2905 1413 2963 Et
1454 2906 1663 2962 rideant
1692 2907 2070 2977 turpitudinem
2095 2905 2232 2977 ejus,
2265 2904 2318 2960 id

724 3010 811 3058 est
835 3000 1088 3057 omnibus
1107 3007 1365 3071 appareat
1389 3006 1672 3069 peccatum
1699 2996 1861 3052 illius.

799 3093 869 3150 Et
899 3093 1231 3163 congregabit
1256 3107 1344 3146 eos
1379 3091 1435 3144 in
1471 3089 1666 3155 locum,
1695 3089 1784 3159 qui
1828 3086 2085 3142 Hebraice
2123 3087 2320 3142 dicitur

622 3188 627 3205 ‘
726 3182 1115 3255 Armagedtlon.
1164 3180 1325 3237 Redit
1356 3180 1426 3236 ad
1462 3193 1526 3235 ea
1574 3192 1696 3249 quae
1726 3177 1975 3247 superius
2019 3175 2318 3246 prmtermi-

2416 1998 2618 2054 dictum
2642 2004 2748 2059 est,
2776 2009 2969 2050 omnes
2991 1993 3360 2064 praedicatores
3382 1989 3571 2045 Ecclesia
3589 1987 3762 2060 ﬁgurantur.

2416 2091 2508 2163 qui
2552 2089 2836 2146 edundunt
2862 2088 3102 2159 phialam
3129 2100 3277 2141 suam
3302 2085 3351 2139 in
3374 2098 3531 2146 aerem,
3552 2081 3587 2136 id
3617 2087 3668 2134 est
3693 2093 3761 2148 pre

2416 2181 2743 2237 dicatiouem
2789 2193 2946 2234 suam
2975 2185 3165 2233 contra
3192 2176 3452 2237 darmones,
3472 2186 3540 2241 per
3555 2171 3645 2224 hunc
3664 2180 3759 2220 aerem

2417 2272 2786 2327 discurrentes
2812 2275 3100 2339 spargunt,
3120 2264 3271 2336 juxta
3305 2264 3416 2319 illud
3434 2261 3618 2333 Apostoli:
3640 2258 3761 2311 Nam

2417 2365 2564 2421 nobis
2601 2362 2902 2417 colluctatio
2931 2359 3184 2414 adversus
3221 2372 3411 2412 carnem
3431 2364 3468 2408 et
3489 2351 3684 2421 unum,
3709 2346 3761 2398 ad

2416 2463 2599 2509 contra
2619 2450 2915 2524 spiritualia
2932 2450 3176 2522 nequitia
3197 2449 3251 2503 in
3270 2445 3494 2502 coalestiltu
3507 2438 3701 2513 {Erillum}.
3715 2466 3759 2476 —

2422 2545 2486 2599 Et
2501 2545 2656 2600 exiuit
2674 2558 2772 2599 vox
2786 2561 2979 2615 magna
2996 2542 3062 2597 de
3081 2541 3266 2613 templo
3285 2558 3314 2595 a
3334 2536 3601 2593 thronoditnu
3614 2529 3759 2583 :Ftctsn

2417 2647 2511 2691 est.
2531 2636 2644 2692 Vox
2674 2638 2777 2692 ista
2807 2650 2910 2691 vox
2942 2635 3037 2690 Dei
3064 2630 3422 2702 omnipotentis
3457 2618 3755 2693 intelligituﬂm-

2418 2728 2563 2798 plum
2612 2736 2793 2783 autem
2840 2735 2896 2781 et
2944 2725 3174 2781 thronus
3221 2735 3372 2777 unum
3415 2725 3495 2782 est,
3524 2714 3634 2769 illeSl

2419 2796 2680 2882 Ecclesia,
2734 2830 2897 2886 quam
2940 2813 3204 2869 Dominus
3231 2819 3283 2867 et
3321 2805 3586 2885 inhabitantlo
3613 2796 3752 2886 pmika

2417 2917 2473 2964 et
2497 2885 2836 2979 prmsidendo
2862 2905 3156 2961 inhabitat.
3209 2902 3445 2959 lnhabitat
3478 2897 3573 2951 sicut
3598 2892 3630 2945 it
3647 2885 3751 2953 templo.

2419 2999 2671 3070 prazsidet
2701 2998 2840 3052 sicut
2868 2998 2922 3050 in
2958 2998 3176 3051 throno.
3216 2993 3259 3047 Α
3288 2991 3474 3048 sedente
3500 2999 3588 3054 ergo
3605 2980 3750 3070 intimi

2419 3069 2581 3160 atque
2610 3088 2950 3143 inhabitante
2996 3087 3051 3140 in
3094 3083 3287 3153 templo
3315 3096 3403 3136 vox
3425 3080 3505 3133 ista
3523 3069 3749 3160 procedittltl

2418 3159 2536 3249 ejus
2593 3179 2797 3249 judicio
2844 3184 3294 3234 consummantur
3340 3168 3504 3227 omnia.
3544 3159 3749 3249 Fotlllt‘s

727 3282 875 3333 serat
893 3246 965 3328 de
1005 3270 1289 3341 spiritibus
1333 3246 1655 3334 immundis,
1686 3246 2210 3338 quiiprocesserunt
2259 3273 2319 3318 ut
2344 3257 2389 3319 C
2422 3246 2617 3342 inquit;
2650 3271 2704 3325 id
2752 3278 2837 3324 ρει
2884 3268 3100 3323 [ίηίιιιω
3148 3274 3230 3321 ρει
3277 3256 3470 3333 regnum
3506 3246 3751 3310 “tit-tristia

728 3381 884 3438 reges
914 3364 1082 3420 totius
1110 3372 1273 3419 terra
1305 3361 1359 3416 in
1396 3359 1643 3431 praelium
1676 3366 2065 3414 convocarent.
2094 3356 2162 3411 Et
2190 3355 2316 3426 quia

727 3459 783 3523 in
826 3456 998 3513 tribus
1028 3470 1168 3510 unus
1209 3452 1433 3521 intelligi
1459 3452 1638 3514 debet,
1674 3465 1706 3505 a
1733 3449 1931 3521 plurali
1968 3463 2194 3505 numero
2233 3462 2320 3503 re-

726 3546 962 3601 vertitur
981 3544 1049 3600 ad
1079 3543 1429 3614 singularem,
1471 3540 1657 3595 dicens
1690 3555 1704 3592 :
1745 3538 2093 3608 Congregabt‘t
2144 3552 2230 3592 eos
2263 3537 2321 3592 in

727 3644 933 3706 locum,
973 3642 1064 3711 qui
1096 3639 1356 3694 Hebraice
1380 3638 1577 3691 dicitur
1614 3635 1968 3707 Armagedon.
2000 3635 2130 3691 Tale
2159 3645 2324 3692 estet

732 3736 863 3792 illud
912 3732 1211 3804 Evangelii,
1244 3731 1459 3802 quando
1506 3730 1633 3785 dum
1683 3729 1943 3784 Dominus
1991 3726 2321 3784 hominema

724 3826 943 3898 legione
962 3823 1239 3888 liberaret,
1262 3821 1611 3891 interrogavit
1630 3829 1888 3889 tanquam
1910 3835 2077 3875 unum
2101 3819 2318 3876 dicens:

731 3915 883 3983 Quod
912 3915 1007 3972 tibi
1033 3928 1233 3971 nomen
1255 3913 1378 3969 est?
1413 3911 1512 3968 Cui
1553 3912 1668 3983 ipsa
1696 3911 1878 3967 unitas
1917 3912 2068 3966 unita
2097 3925 2323 3981 respon-

732 4011 884 4072 dens,
923 4009 1051 4064 ait:
1104 4006 1272 4078 Legio
1327 4019 1525 4062 nomen
1578 4003 1710 4059 mihi
1748 4011 1852 4058 est.
1897 4002 1965 4058 Et
2022 4002 2320 4069 subdendo,

731 4102 886 4159 multi
917 4115 1127 4167 sumus,
1148 4099 1320 4170 ipsum
1354 4096 1612 4153 unitatem
1634 4094 1870 4151 ostendit
1894 4108 1959 4149 ex
1982 4094 2165 4149 multis
2191 4108 2324 4150 con-

734 4201 901 4247 stare.
968 4188 1312 4259 Armagedon
1382 4187 1771 4256 interpretatur
1844 4184 2198 4239 consurrectio
2250 4193 2326 4239 te-

729 4281 891 4335 stium
938 4277 1261 4349 iniquorum,
1302 4275 1389 4331 vel
1438 4291 1586 4330 mons
1613 4292 1645 4328 a
1673 4272 2009 4340 latrunculis,
2036 4273 2153 4330 sive
2177 4290 2324 4329 mons

728 4371 996 4444 globosus.
1022 4370 1212 4426 Testes
1235 4368 1403 4439 iniqui
1434 4381 1623 4423 omnes
1647 4373 1775 4421 sunt
1795 4365 2029 4423 ministri
2049 4364 2327 4421 Antichri-

733 4464 823 4530 sti,
849 4463 940 4533 qui
970 4462 1110 4518 bene
1150 4460 1322 4530 iniqui
1346 4459 1621 4522 dicuntur,
1647 4457 1905 4529 quoniam
1938 4456 2122 4527 inique
2157 4455 2326 4511 conli-

735 4566 922 4612 tentur
943 4554 1221 4611 Christum
1247 4565 1371 4608 esse
1408 4549 1826 4614 Antichristum,
1869 4556 1925 4604 et
1949 4548 2133 4619 inique
2168 4548 2323 4603 Anti-

737 4644 1002 4700 christum
1053 4641 1384 4698 conﬁtentur
1438 4636 1736 4695 Christum.
1779 4638 1835 4692 In
1880 4637 2325 4694 consurrectione

736 4737 958 4794 testium
981 4733 1294 4803 iniquorum
1318 4729 1669 4801 congregabit
1688 4744 1783 4785 eos
1794 4728 2177 4793 Antichristus,
2194 4729 2320 4800 quia

692 4885 697 4891 ,
736 4830 805 4883 ad
838 4826 943 4882 hoc
966 4838 1061 4880 eos
1103 4822 1173 4878 ad
1208 4828 1419 4894 partem
1447 4835 1601 4876 suam
1624 4820 1826 4884 trahet,
1859 4827 2131 4874 uLcontra
2160 4819 2320 4874 Chri-

733 4929 881 4974 stum
910 4915 1080 4973 verba
1107 4911 1455 4983 blasphemiae
1477 4918 1532 4966 et
1556 4910 1860 4981 iniquitatis
1891 4909 2190 4981 proferant.
2239 4909 2323 4967 Ad

736 5011 964 5066 istorum
987 5007 1210 5064 testium
1230 5006 1538 5076 iniquorum
1559 5019 1844 5060 numerum
1858 5005 2132 5076 pertinent
2144 5003 2241 5069 illi,
2257 5004 2324 5060 de

737 5101 936 5173 quibus
954 5098 1220 5155 Dominus
1238 5097 1372 5155 dicit
1396 5097 1449 5153 in
1470 5096 1679 5168 psalmo
1705 5114 1716 5151 ε
1733 5095 1765 5150 Ι
1768 5106 2140 5152 usuri-exerunt
2163 5096 2217 5150 in
2246 5112 2327 5152 me

738 5204 892 5251 testes
906 5191 1097 5263 iniqui,
1127 5203 1174 5248 et
1201 5193 1421 5248 mentita
1448 5202 1524 5247 est
1550 5192 1799 5263 iniquitas
1826 5190 1925 5246 sibi
1952 5188 2126 5267 (Psal.
2156 5191 2326 5264 xxvi).

740 5285 947 5341 Dicitur
986 5284 1151 5339 etiam
1186 5284 1528 5356 Armagetlon
1555 5299 1703 5337 mons
1734 5301 1767 5337 a
1803 5280 2136 5336 latrunculis.
2179 5281 2331 5338 Mons

738 5377 989 5431 Christus
1018 5375 1319 5445 appellatur
1341 5391 1370 5429 a
1402 5374 1671 5439 fidelibus,
1708 5372 1862 5444 juxta
1896 5373 2042 5444 quod
2086 5373 2143 5429 in
2191 5373 2328 5431 Isaia

739 5467 999 5536 propheta
1031 5465 1300 5520 habetur:
1345 5464 1543 5530 Venite,
1591 5464 1936 5520 ascendamus
1980 5464 2051 5518 ad
2097 5474 2325 5520 montem

741 5556 954 5610 Domini
972 5556 1025 5627 (1
1031 5573 1109 5611 sa.
1127 5557 1212 5629 tt).
1241 5557 1311 5611 Et
1333 5558 1430 5611 erit
1454 5557 1509 5610 in
1531 5556 1826 5613 novissimis
1845 5556 2025 5612 diebus
2049 5570 2323 5628 prwpara-

740 5658 825 5704 tus
851 5662 999 5703 mons
1021 5648 1207 5703 domus
1232 5647 1443 5704 Domini
1461 5649 1517 5703 in
1542 5649 1728 5703 vertice.
1747 5649 2003 5703 montium
2020 5646 2204 5720 (Mich.
2223 5646 2320 5718 tv),

742 5740 795 5792 id
814 5748 899 5794 est
914 5738 1165 5796 Christus
1191 5741 1285 5810 qui
1302 5741 1672 5812 supereminet
1709 5739 1918 5795 meritis
1944 5739 2184 5795 omnium
2214 5738 2323 5795 ele-

740 5834 974 5884 ctorum.
990 5828 1057 5885 Et
1072 5830 1211 5889 sicut
1227 5831 1476 5890 Christus
1507 5831 1807 5901 appellatur
1825 5848 1855 5889 a
1877 5831 2124 5891 fidelibus
2145 5847 2318 5900 mons,

2418 3340 2687 3430 completa
2715 3367 2801 3414 est
2821 3356 3103 3413 damnatio
3151 3353 3482 3426 reproborum.
3519 3340 3618 3409 Quod
3638 3342 3750 3387 mw

2419 3453 2607 3524 quitur
2631 3468 2644 3505 :

2494 3541 2561 3595 Et
2602 3541 2743 3612 facta
2795 3547 2916 3594 sunt
2966 3538 3199 3609 fulgura,
3247 3545 3292 3590 et
3328 3547 3467 3589 rores,
3504 3535 3538 3582 et
3571 3519 3751 3612 ιοιίιζιενα

2421 3608 2614 3687 caetera
2657 3646 2778 3700 qua:
2815 3608 3144 3698 sequuntur,
3181 3626 3401 3695 ejusdem
3428 3608 3749 3700 persecutore?"

2421 3736 2522 3792 pus
2551 3695 2967 3790 recapitnlstum
3020 3714 3480 3790 comprehenditur.
3517 3695 3752 3792 ευιεπηριξσέ

2423 3813 2682 3869 miracula
2712 3812 3050 3882 significant,
3080 3785 3200 3883 quin
3226 3808 3404 3864 facturi
3426 3810 3526 3860 sunt
3543 3785 3753 3883 ιιὶὶπίεξιίΝΡ

2422 3904 2634 3966 cbristi,
2662 3913 2720 3957 ut
2760 3881 3028 3959 terrorem
3059 3881 3319 3958 incutiant
3344 3894 3594 3954 hominibus.
3622 3881 3753 3935 item

2424 4004 2532 4049 tem
2557 3994 2970 4049 exhortationes
3013 3984 3342 4063 appellantur
3366 3987 3554 4047 illorum,
3579 3973 3687 4046 quib”

2423 4085 2626 4140 debunt
2654 4084 2968 4140 hominibus
3014 4052 3395 4141 Ahtichristum
3434 4052 3755 4141 credeNW‘l‘

2423 4190 2555 4231 vero
2609 4176 2845 4231 tonitrua
2892 4175 3338 4232 comminationes
3377 4177 3423 4224 et
3464 4164 3647 4220 tormenta
3670 4138 3757 4201 ἰηιῶ

2424 4276 2642 4339 guntur,
2666 4267 2863 4338 quibus
2901 4268 3105 4324 multos
3134 4265 3402 4336 decipient.
3433 4252 3681 4341 Terrale
3701 4241 3757 4341 fi:

2424 4375 2673 4431 magnus,
2724 4360 3035 4430 persecutio
3080 4373 3271 4431 magna
3316 4322 3758 4431 validissimaquemﬁ

2428 4454 2590 4525 gitur,
2617 4454 2759 4509 unde
2777 4454 2975 4510 dicitur
2993 4473 3011 4510 ς
3030 4418 3217 4520 Qualis
3238 4452 3526 4506 terminatus
3540 4418 3756 4525 sunt!

2432 4547 2481 4601 itl
2507 4556 2591 4602 est
2617 4547 2695 4602 sic
2720 4562 2967 4616 magnus.
3005 4547 3091 4602 Ea:
3114 4563 3215 4618 quo
3251 4540 3456 4598 homines
3477 4534 3624 4618 [ναῖ’

2430 4635 2542 4690 Hoc
2556 4636 2719 4691 etiam
2746 4645 2800 4691 et
2814 4607 3083 4692 Dominus
3102 4607 3410 4693 manifestat,
3428 4619 3589 4697 quando
3606 4614 3639 4667 ίυ

2427 4727 2500 4781 lio
2523 4726 2689 4782 dicit:
2726 4728 2840 4782 Erit
2864 4736 2987 4781 tunc
3009 4726 3273 4782 tribulatio
3294 4721 3446 4795 qualis
3471 4730 3550 4769 non
3565 4706 3630 4778 [δ’
3644 4699 3679 4751 ’δ

2428 4817 2608 4872 sa‘culi
2641 4817 2837 4888 (Herc.
2872 4818 3011 4890 xm).
3046 4788 3327 4873 Possumus
3353 4822 3402 4867 et
3425 4811 3509 4864 ista
3529 4804 3567 4857 in

2432 4918 2560 4972 tem,
2590 4910 2693 4964 hoc
2723 4917 2807 4965 est
2858 4911 2925 4964 ad
2972 4880 3343 4980 pmdicatores
3366 4895 3561 4957 veritatis
3588 4880 3763 4980 τείξητεξ

2426 5001 2535 5055 ista
2560 5002 2740 5056 omnia
2769 5002 3114 5073 complebunt
3146 4995 3478 5071 spiritualiter,
3505 4985 3555 5041 ad
3575 4972 3662 5033 ουσθ

2430 5094 2595 5151 corda
2618 5094 2934 5161 electorum,
2978 5103 3032 5149 et
3083 5093 3351 5149 terrendos
3374 5059 3767 5184 animos.“ng

2433 5184 2675 5255 Fulgura
2721 5193 2848 5240 sunt
2884 5199 3073 5240 eorum
3118 5179 3379 5243 miracula,
3422 5185 3519 5242 qua:
3549 5149 3726 5255 “Iw

2430 5243 2579 5332 delos
2608 5285 2663 5331 et
2707 5284 2913 5332 terrent
2954 5275 3243 5339 inﬁdeles;
3288 5281 3434 5325 voces
3468 5234 3767 5339 illorumf‘lff:

2434 5375 2616 5422 menta
2651 5365 2907 5437 pietatis;
2960 5365 3195 5421 tonitrua
3229 5328 3608 5459 comminatione:
3816 5428 3817 5433 η

2435 5458 2563 5515 dicii
2589 5474 2603 5524 ;
2634 5427 2978 5514 term-motus
3004 5471 3133 5511 vero
3164 5427 3768 5555 ηιοιίοηθωθίυᾙῆᾜέ

2431 5508 3302 5622 ingratius;imitationem
3327 5542 3389 5597 ab
3402 5508 3688 5593 inﬂdelitatead

2432 5652 2734 5699 moventur.
3344 5639 3351 5647 ’
3519 5721 3532 5735 ι
3605 5674 3767 5735 Δηώ

2504 5733 2572 5790 Et
2602 5737 2744 5807 facta
2767 5747 2841 5793 est
2864 5738 3044 5793 civitas
3063 5751 3250 5806 magna
3268 5730 3318 5784 δη
3335 5737 3426 5831 ’⁸³
3438 5698 3767 5831 fxim;

2430 5804 2618 5890 mundi
2639 5841 2809 5901 usque
2837 5831 2906 5888 ad
2934 5829 3094 5889 linem
3119 5804 3288 5886 saeculi
3318 5819 3422 5875 dua:
3444 5804 3627 5866 civitates
