3990 6332
157 362 283 416 “57

1091 358 1458 419 EXPOSlTlO
1492 358 1563 416 IN
1600 356 2097 416 APOCALYPSIN.
2133 389 2205 403 -—
2236 358 2365 419 LIB.
2406 360 2472 420 ν.

3279 358 3417 425 M33

156 469 415 543 videntur,
442 491 669 547 quarum
710 491 817 533 una
855 484 935 533 est
971 476 1099 545 Dei,
1146 477 1313 533 altera
1348 474 1545 533 diaboli
1577 490 1594 530 :
1626 488 1731 531 una
1763 479 1808 539 Α
1836 473 2157 549 Signiﬂcant
2177 477 2321 533 enim
2343 486 2581 545 sanctos,
2596 478 2688 551 qui
2710 475 2960 535 ﬂuctibus
2980 476 3136 536 istius
3152 476 3280 536 vitm
3298 485 3419 536 tun.

157 583 270 639 qute
296 568 369 623 ab
393 566 527 623 Abel
551 568 702 638 justo
734 569 920 639 carpit,
947 578 1001 624 et
1029 569 1098 623 ad
1128 567 1482 624 novissimum
1505 565 1735 623 electum

157 658 357 723 tendit;
407 658 577 714 altera
606 672 725 731 qua:
753 676 781 714 a
808 657 942 714 Cain
975 659 1141 730 impio
1168 658 1383 714 initium
1412 657 1657 727 sumpsit,
1682 664 1738 712 ct

154 746 206 805 in
232 749 421 805 ultimo
452 749 803 831 reproborum
835 750 1234 805 terminabitur.
1268 749 1406 806 Hinc
1442 758 1623 805 autem
1653 748 1736 805 ci-

155 838 286 895 vitas
314 854 533 911 magna,
557 841 752 896 civitas
780 841 1099 912 intelligitur
1127 841 1363 906 diaboli,
1394 854 1515 910 quas
1542 853 1737 909 magna

154 932 345 987 dicitur
366 941 587 1004 propter
614 932 1009 988 multitudinem
1042 932 1384 1003 populorum,
1412 930 1496 987 vel
1523 934 1741 1001 prbpter

152 1022 524 1080 ciormilatem
566 1023 854 1079 scelerum.
903 1022 1028 1080 Haec
1062 1023 1273 1079 civitas
1296 1024 1400 1078 hoc
1441 1023 1494 1077 in
1536 1021 1655 1077 loco
1684 1021 1738 1076 in

154 1122 262 1168 tres
292 1122 478 1183 partes
508 1113 674 1169 dividi
704 1115 1111 1184 proountiatur,
1150 1129 1256 1169 non
1280 1128 1391 1184 quo
1417 1119 1472 1169 et
1500 1120 1626 1167 ante
1661 1111 1739 1166 dio

154 1205 263 1260 visa
291 1220 397 1260 non
420 1214 588 1272 esset,
612 1213 675 1260 ut
696 1214 822 1260 tunc
849 1205 1188 1261 solummodo
1216 1205 1507 1270 dividatur,
1526 1203 1619 1260 sed
1633 1217 1742 1275 quo

153 1306 355 1379 certum
380 1298 452 1352 sit
477 1312 545 1352 ex
573 1298 771 1368 quibus
796 1298 1076 1353 hominum
1100 1296 1451 1368 qualitatibus
1478 1296 1591 1367 ipsa
1613 1311 1743 1352 coo-

154 1399 287 1457 stct,
308 1391 411 1447 hoc
439 1399 522 1447 est
550 1406 882 1463 paganorum
911 1392 965 1446 in
1007 1391 1325 1463 gentilitatis
1356 1405 1545 1447 errore
1566 1389 1743 1446 adhuc

154 1482 486 1540 manentium
506 1526 521 1549 ,
574 1496 738 1556 atque
775 1484 1155 1540 haereticorum
1187 1494 1237 1539 et
1268 1483 1576 1539 intimorum
1601 1523 1616 1547 ,
1649 1480 1742 1553 qui

153 1589 250 1644 pro
295 1588 403 1629 uno
449 1573 811 1644 accipiuntur,
861 1572 1118 1628 falsorum
1158 1585 1373 1643 quoque
1409 1569 1744 1627 Christiano-

156 1678 271 1720 rum
293 1704 310 1728 ,
344 1663 437 1734 qui
464 1663 518 1719 in
550 1664 670 1719 sinu
696 1663 955 1719 Ecclesia:
986 1664 1147 1718 modo
1172 1662 1378 1718 latent:
1412 1660 1476 1716 Et
1512 1661 1744 1716 civitates

153 1755 380 1826 gentium
420 1755 738 1812 ceciderunt.
768 1755 871 1813 llic
894 1770 1070 1828 genus
1100 1756 1159 1813 in
1184 1755 1417 1827 speciem
1450 1752 1742 1821 dividitur;

1838 566 2041 622 duntur
2063 566 2394 639 undique,et
2412 577 2571 626 terrm
2593 571 3079 641 supereminentes,
3093 578 3275 629 mente
3290 582 3419 627 cum

1836 656 2096 732 Apostolo
2131 660 2376 717 caelestia
2416 671 2650 735 petunt:
2684 663 2837 721 Unde
2876 662 3165 721 Psalmista
3191 679 3205 718 :
3230 662 3423 721 Levs'ri

1839 753 2018 809 oculos
2042 769 2185 809 meos
2218 755 2275 808 in
2310 765 2545 824 montes;
2574 764 2631 813 et
2659 754 2789 814 alibi
2825 775 2840 812 :
2871 755 3075 813 Montes
3115 757 3172 812 in
3197 757 3420 812 circuitu

1838 842 1952 914 ejus
1965 841 2136 916 (Psal.
2151 860 2318 913 cun,
2330 846 2515 908 cxxwl
2535 857 2621 914 ;et
2641 848 2908 920 Propheta
2926 866 2940 904 :
2957 848 3073 904 Erit
3091 858 3420 919 prmparatss

1838 951 1987 990 mons
2009 935 2192 991 domus
2207 934 2420 991 Domini
2437 937 2491 992 in
2516 939 2698 994 vertice
2720 940 2977 995 montium
3000 938 3189 1010 (Mida.
3211 937 3309 1009 tv).
3327 937 3421 994 Isti

1840 1019 2047 1094 fugiunt
2082 1026 2395 1082 societatem
2439 1026 2703 1085 malorum
2730 1045 2838 1085 non
2868 1042 3116 1101 corpore,
3147 1028 3273 1101 quia
3316 1042 3422 1086 non

1840 1123 2084 1185 possunt,
2115 1115 2209 1171 sed
2231 1126 2431 1173 mente.
2457 1118 2698 1189 Corpore
2722 1120 2865 1176 enim
2887 1120 2941 1176 in
2968 1121 3146 1177 medio
3169 1128 3424 1192 peccato-

1841 1220 1961 1262 rum
2019 1218 2320 1275 morantur,
2349 1219 2530 1267 mente
2557 1222 2737 1267 autem
2791 1212 2859 1269 ab
2911 1228 3099 1269 eorum
3152 1213 3426 1269 consortio

1842 1296 1998 1370 longe
2024 1298 2245 1356 distant.
2278 1300 2484 1369 Quibus
2514 1318 2615 1375 per
2639 1302 2961 1375 Prophetam
2999 1303 3235 1360 dicitur:
3276 1303 3447 1359 Exite

1842 1389 1907 1444 de
1928 1388 2041 1456 illa,
2056 1389 2161 1447 hoc
2180 1398 2265 1447 est
2288 1391 2359 1448 de
2377 1391 2667 1465 Babylone,
2690 1393 2918 1466 populus
2938 1407 3110 1458 meus,
3134 1402 3182 1449 et
3208 1393 3429 1448 imman-

1843 1477 1969 1534 dum
1994 1496 2057 1534 ne
2083 1481 2314 1553 tetigeris
2343 1476 2488 1553 (Cor.
2516 1481 2596 1554 ll).
2622 1482 2727 1538 Sed
2755 1483 2898 1553 quod
2923 1492 3051 1540 tunc
3081 1481 3279 1543 tacturi
3304 1493 3429 1540 euut

1843 1582 2092 1641 corpore,
2107 1571 2321 1642 quando
2335 1588 2399 1628 ex
2417 1578 2529 1629 toto
2552 1575 2620 1628 ab
2637 1573 2719 1629 eis
2732 1574 3148 1646 separabantur,
3170 1575 3274 1632 hoc
3287 1590 3429 1632 nunc

1844 1668 2028 1716 mente
2055 1660 2274 1725 faciunt,
2295 1662 2420 1731 quia
2448 1661 2516 1717 ab
2546 1677 2735 1719 eorum
2765 1666 2995 1735 reproba
3020 1664 3132 1720 vita
3156 1664 3314 1737 longe
3338 1677 3435 1736 per

1846 1752 2100 1811 meritum
2121 1753 2343 1813 distant.
2363 1753 2487 1810 Non
2513 1764 2633 1810 sunt
2656 1756 2869 1825 inventi,
2889 1756 2942 1812 id
2970 1763 3056 1813 est
3089 1757 3145 1812 in
3174 1757 3433 1815 societate

154 1863 277 1903 nam
309 1848 452 1918 quod
481 1848 732 1918 superius
754 1862 853 1919 per
885 1864 1071 1913 unam,
1102 1848 1203 1903 hoc
1234 1863 1376 1903 nunc
1405 1845 1742 1918 signiﬁcatur
1770 1832 1816 1892 Β
1844 1845 2110 1902 malorum
2137 1863 2245 1904 non
2268 1856 2395 1904 sunt
2418 1863 2517 1919 per
2544 1851 2667 1905 vita:
2690 1850 3123 1907 communionem
3155 1852 3375 1922 reperti.

152 1956 249 2010 per
261 1939 443 2010 plures
463 1941 703 2012 gentium
731 1940 996 1995 civitates.
1023 1940 1135 1995 lloc
1156 1948 1239 1996 cst
1259 1940 1404 1995 enim
1426 1954 1531 1994 una
1547 1938 1743 1994 civitas

114 2036 123 2049 ‘
153 2027 389 2100 Babylon
409 2071 426 2095 ,
477 2030 621 2100 quod
653 2029 837 2086 multae
866 2030 1116 2086 civitates
1148 2030 1389 2103 gentium
1409 2070 1424 2096 ,
1468 2029 1607 2085 sicut
1638 2029 1743 2084 hoc

151 2132 236 2177 est
257 2139 361 2179 una
397 2123 641 2181 Ecclesia
683 2124 826 2196 quod
860 2133 1088 2195 septem.
1141 2124 1209 2179 Et
1257 2124 1399 2194 quod
1444 2122 1578 2179 dicit
1618 2122 1745 2177 civi-

152 2220 284 2269 tates
309 2214 539 2283 gentium
566 2214 886 2277 ceciderunt,
910 2215 1013 2270 hoc
1035 2222 1118 2269 est
1145 2212 1286 2284 quod
1314 2213 1365 2267 in
1397 2211 1746 2284 sequentibus

150 2304 389 2359 dicitur:
416 2303 652 2371 Cecidit,
675 2305 859 2359 cecidit
894 2303 1154 2375 Babylon.
1194 2304 1325 2372 Quae
1354 2302 1480 2359 licet
1502 2296 1746 2372 quotidie

148 2394 310 2450 cadat
338 2394 391 2449 in
428 2392 703 2464 reprobis,
752 2402 932 2451 tamen
958 2394 1285 2466 generaliter
1328 2394 1382 2449 in
1429 2392 1535 2448 ﬂne
1563 2392 1753 2449 smculi

149 2486 521 2551 damnabitur,
553 2496 610 2543 et
632 2486 791 2542 cadet
813 2503 937 2544 cum
976 2488 1206 2544 audierit
1235 2503 1262 2543 a
1294 2487 1552 2543 Domino:
1584 2485 1666 2542 Ite
1690 2487 1747 2543 in

148 2577 326 2648 ignem
351 2585 625 2631 a’ternnm.
674 2577 742 2632 Et
787 2577 1023 2648 Babylon
1070 2596 1262 2649 magna
1311 2580 1443 2633 venit
1473 2579 1529 2633 in
1553 2596 1744 2636 memo-

149 2666 291 2721 s'iam
327 2675 451 2722 ante
487 2666 693 2734 Deum,
730 2668 859 2722 dare
880 2668 959 2722 illi
993 2668 1206 2724 calicem
1242 2670 1348 2724 vini
1370 2671 1748 2742 indignationis

138 2759 251 2813 (re
275 2757 410 2828 ejus.
436 2758 581 2815 Deus
605 2759 953 2830 omnipotens
984 2775 1089 2814 non
1116 2761 1321 2831 patitur
1342 2762 1579 2833 aliquam
1611 2762 1749 2818 obli-

148 2849 393 2915 vionem,
428 2857 521 2903 aut
572 2850 914 2915 recordatur,
960 2851 1088 2919 quia
1120 2851 1474 2907 immutabilis
1499 2860 1611 2917 est,
1652 2852 1747 2908 sed

148 2940 541 2996 condescendit
559 2941 811 2997 humanm
840 2939 1117 3014 fragilitati
1148 2956 1328 2999 sermo
1355 2942 1588 3010 divinus,
1620 2943 1748 3000 dum

150 3030 258 3086 bos
290 3029 402 3086 Deo
428 3031 560 3087 dicit
589 3032 767 3088 inesse
788 3031 1055 3089 humanos
1090 3032 1346 3096 aﬂ'ectus,
1374 3033 1537 3090 veluti
1567 3042 1750 3105 patres

148 3130 212 3179 et
240 3131 444 3181 matres
472 3125 645 3183 solent
676 3125 1024 3182 balbutiendo
1054 3127 1489 3183 condescendere
1518 3125 1664 3194 ﬁliis,
1690 3134 1752 3184 ut

1917 1933 1986 1989 Et
2025 1936 2228 2008 grando
2262 1954 2453 2008 magna
2477 1938 2612 1993 sicut
2637 1938 2891 1994 talentum
2923 1939 3189 1995 descendit
3216 1939 3281 1996 de
3308 1940 3435 1996 coelo

1845 2029 1900 2083 in
1928 2029 2183 2084 homines.
2224 2028 2437 2085 Talenti
2467 2045 2667 2103 genera
2694 2040 2821 2086 sunt
2851 2029 2953 2086 tria
2986 2046 3000 2084 :
3032 2044 3198 2086 unum
3228 2030 3433 2087 scilicet

1846 2129 2063 2177 centum
2090 2121 2294 2192 vigenti
2317 2120 2610 2189 librarum;
2635 2121 2779 2176 aliud
2802 2122 3143 2194 septuaginta
3170 2122 3431 2186 duarum;

1848 2212 2064 2268 tertium
2100 2212 2512 2284 quinquaginta.
2546 2211 2653 2270 Sed
2685 2213 2774 2270 hic
2810 2222 3021 2270 tantum
3052 2212 3216 2271 medii
3249 2212 3437 2270 talenti

1847 2300 1909 2359 ιιι
1948 2303 2186 2371 mentio,
2231 2305 2375 2375 quod
2415 2306 2657 2362 continet
2700 2298 3047 2379 septuaginta
3079 2306 3212 2364 duas
3247 2305 3434 2364 libras.

1848 2391 1988 2460 Quid
2017 2401 2196 2449 autem
2221 2407 2321 2465 per
2347 2395 2688 2465 grandinem,
2717 2395 2821 2450 nisi
2845 2394 3166 2452 sententiam
3188 2394 3438 2466 Omnipo-

1849 2485 2016 2540 tentis
2050 2484 2146 2540 Dei
2183 2484 2482 2557 intelligere
2510 2485 2805 2542 debemus?
2832 2485 2985 2567 unde
3022 2480 3286 2559 scriptum
3312 2495 3434 2542 est:

1847 2574 1945 2631 Ira
1982 2576 2197 2633 Domini
2238 2577 2370 2633 sicut
2409 2578 2611 2648 grando
2647 2579 2982 2636 descendens.
3036 2577 3168 2647 Quae
3204 2580 3345 2636 bene
3380 2589 3444 2634 ut

1849 2667 2114 2725 talentum
2156 2677 2506 2734 memoratur,
2547 2669 2675 2739 quia
2713 2669 2963 2727 videlicet
2992 2684 3061 2725 ex
3101 2669 3440 2740 septuaginta

1850 2758 2060 2814 duabus
2086 2757 2283 2830 linguis
2306 2767 2596 2828 peccantes
2627 2759 2840 2828 reprobi
2874 2760 3296 2826 damnabantur,
3324 2758 3440 2814 nul.

1850 2848 2041 2918 iusque
2084 2849 2153 2905 ad
2194 2858 2425 2905 mortem
2469 2851 2756 2919 praescitus
2796 2851 2939 2907 hanc
2974 2860 3206 2907 mortem
3227 2850 3438 2907 evadet.

1848 2938 2060 2994 Taleuti
2076 2938 2222 2994 enim
2246 2938 2502 3010 ponderis
2526 2954 2623 3010 pro
2644 2940 3013 3011 magnitudine
3033 2939 3303 3007 vindictae,
3328 2940 3452 3012 ipsa.

1848 3028 2131 3100 grandinis
2161 3029 2242 3084 ira
2264 3028 2430 3085 fuisse
2447 3030 2781 3100 perhibetur.
2808 3029 2941 3099 Quae
2954 3028 3208 3087 videlicet
3233 3030 3312 3086 ira
3332 3045 3440 3087 non

1852 3119 1957 3175 nisi
2001 3120 2360 3191 prtecedentis
2399 3119 2572 3192 culpae
2622 3121 2818 3178 merito
2862 3120 3137 3194 inﬂigitur.
3182 3120 3440 3179 Praecedit

150 3215 368 3275 facilius
389 3219 760 3292 intelligantur
780 3221 847 3275 ab
867 3219 967 3275 eis.
996 3218 1287 3275 Sciendum
1312 3229 1395 3277 est
1421 3229 1599 3276 autem
1625 3219 1751 3291 quia

1854 3222 1989 3280 ergo
2025 3216 2307 3281 peccatum
2350 3210 2405 3266 in
2450 3209 2782 3277 hominibus,
2827 3211 2983 3283 cuius
3009 3211 3205 3268 merito
3237 3213 3442 3284 grande

150 3311 498 3381 omnipotens
530 3312 675 3367 Deus
698 3326 762 3367 ex
806 3310 1041 3382 quadam
1064 3321 1221 3383 parte
1245 3311 1582 3369 obliviscitur
1611 3325 1756 3368 nunc

148 3397 454 3458 electorum
475 3445 490 3470 ,
524 3419 589 3458 ex
622 3403 857 3474 quadam
895 3418 1027 3459 vero
1063 3406 1402 3461 recordatur.
1448 3405 1583 3461 Dum
1608 3398 1754 3462 enim

147 3507 257 3549 eos
300 3509 400 3565 pro
436 3493 597 3551 bonis
638 3494 847 3551 actibus
888 3494 939 3549 in
969 3496 1222 3571 praesenti
1262 3511 1367 3551 non
1411 3501 1753 3562 remunerat,

147 3586 314 3656 quasi
343 3586 684 3643 obliviscitur
711 3601 941 3643 eorum:
976 3588 1102 3642 dum
1140 3596 1321 3644 autem
1361 3587 1502 3644 mala
1542 3587 1755 3645 illorum

144 3690 259 3750 per
294 3676 505 3747 ﬂagella
540 3685 769 3748 purgat,
816 3678 1033 3734 illorum
1084 3682 1421 3735 recordatur.
1470 3680 1528 3737 In
1574 3681 1759 3738 futuro

142 3777 342 3825 autem
364 3766 571 3836 indit-io
602 3769 762 3824 aliter
781 3769 909 3835 erit,
934 3786 1056 3824 cum
1086 3770 1464 3825 recordabitur
1491 3771 1756 3825 bonorum

144 3857 379 3917 illorum
398 3856 467 3912 ad
489 3857 608 3923 hoc,
634 3865 693 3912 ut
714 3873 807 3913 eos
828 3867 1171 3914 remaneret:
1197 3858 1344 3914 mala-
1364 3872 1495 3914 vero
1517 3859 1765 3924 illorum,

142 3946 287 4022 quia
316 3948 407 4005 hic
432 3965 529 4020 per
557 3947 762 4022 ﬂagella
789 3959 912 4004 sunt
934 3949 1144 4021 punita,
1176 3949 1432 4006 oblivioni
1464 3949 1641 4005 tradet
1664 3965 1680 4017 ;
1701 3956 1759 4006 et

145 4045 287 4099 ideo
317 4042 459 4099 unde
496 4056 639 4097 nune
664 4041 1076 4108 obliviscuntur,
1118 4053 1245 4099 tunc
1283 4040 1756 4110 recordabuntur;

144 4145 215 4191 et
242 4134 385 4191 unde
420 4147 565 4189 nunc
600 4135 980 4200 recordamur,
1026 4132 1149 4189 inde
1184 4139 1319 4189 tunc
1347 4132 1755 4189 obliviscentur.

148 4226 231 4282 At
277 4233 463 4281 contra
509 4225 757 4296 reprobis
797 4223 955 4279 aliter
988 4225 1298 4297 continget,
1343 4239 1573 4296 quorum
1616 4222 1762 4280 Deus

147 4315 506 4387 omnipotens
526 4315 577 4370 in
604 4316 855 4387 praesenti
882 4315 1199 4370 recordatur
1227 4314 1295 4370 ad
1324 4315 1451 4380 bcc,
1472 4323 1531 4369 ut
1556 4313 1601 4370 si
1630 4313 1760 4371 boni

149 4407 367 4477 aliquid
392 4406 619 4476 faciunt,
650 4406 703 4463 in
724 4407 977 4479 prtescnti
1000 4416 1435 4473 remunerentur,
1451 4422 1557 4461 non
1581 4418 1764 4461 recor-

150 4498 327 4554 datur
363 4497 433 4553 ad
472 4500 609 4566 hoc,
661 4508 717 4556 ut
748 4498 955 4571 ﬂagella
983 4490 1084 4569 pro
1117 4500 1232 4555 suis
1257 4498 1557 4554 sceleribus
1597 4497 1760 4554 susti-

146 4597 350 4646 neant.
385 4590 444 4647 in
484 4589 668 4646 futuro
692 4606 824 4648 vero
846 4591 1052 4662 judicio
1080 4590 1536 4656 recordabuntur,
1564 4598 1624 4644 ut
1651 4603 1754 4660 pro

149 4680 283 4736 suis
309 4681 549 4751 peccatis
574 4682 683 4754 igni
712 4691 979 4755 perpetuo
1006 4684 1328 4745 tradantur;
1362 4696 1469 4737 non
1501 4682 1751 4738 recorda-

146 4772 370 4829 buntur
390 4772 459 4828 ad
486 4772 608 4837 hoc,
643 4781 705 4829 ut
737 4788 837 4845 pro
870 4775 1053 4845 aliquo
1075 4775 1224 4831 bono
1251 4789 1419 4847 opere
1447 4787 1760 4831 remunera-

152 4860 372 4918 tionem
396 4860 720 4933 percipiant.
750 4862 900 4917 Unde
921 4871 979 4917 et
1004 4863 1093 4918 hic
1117 4863 1254 4919 bene
1278 4863 1504 4919 dicitur:
1522 4860 1761 4934 Babylon

148 4968 361 5023 magna
387 4954 528 5009 venit.
542 4954 596 5008 in
615 4954 919 5009 memoriam
940 4963 1060 5008 ante
1073 4953 1265 5019 Deum,
1291 4954 1421 5009 dare
1446 4953 1525 5008 illi
1549 4952 1764 5009 calicem

149 5044 275 5101 vini
303 5044 679 5116 indignationis
705 5046 801 5101 irte
820 5045 954 5116 ejus.
985 5045 1091 5101 Per
1114 5045 1339 5101 calicem
1360 5044 1765 5117 indignationis,

149 5149 333 5210 prmia
375 5134 696 5209 intelligitur
742 5135 1051 5203 infernalis,
1096 5152 1216 5207 qua:
1255 5135 1509 5191 omnibus
1549 5135 1767 5192 dabitur

152 5228 418 5300 reprobis
433 5245 556 5284 cum
579 5245 678 5285 suo
692 5230 869 5301 capite
889 5228 1179 5285 damnatis.
1204 5229 1260 5284 In
1279 5229 1384 5284 hac
1401 5236 1581 5283 autem
1603 5240 1763 5298 paena

150 5318 587 5375 innumerabilia
616 5328 777 5376 erunt
803 5327 1092 5385 tormenta,
1116 5318 1258 5393 ignis
1274 5318 1545 5381 videlicet,
1570 5316 1760 5389 frigus,

152 5425 386 5467 vermes
417 5408 780 5479 immortales,
805 5419 862 5467 et
882 5410 1023 5468 fetor
1045 5408 1425 5475 intolerabilis,
1455 5415 1763 5478 cmteraque

148 5502 481 5574 huiusmodi
513 5520 637 5560 cum
665 5504 1003 5560 densissimis
1031 5503 1289 5569 tenebris,
1314 5503 1382 5559 de
1401 5502 1597 5575 quibus
1624 5500 1761 5558 scri-

148 5603 325 5668 ptum
349 5604 436 5653 est
464 5614 478 5651 :
510 5596 765 5654 inutilem
789 5611 1005 5654 servum
1031 5596 1232 5653 mittite
1252 5596 1307 5653 in
1336 5596 1589 5652 tenebras
1614 5604 1763 5650 este-

152 5701 368 5742 TIOI'CS.

244 5776 315 5832 Et
345 5781 513 5835 omnis
552 5779 727 5838 insula
750 5779 918 5851 fugit,
960 5788 1229 5837 ctmontes
1256 5792 1359 5835 non
1398 5790 1516 5835 stunt
1550 5778 1764 5835 inuenti.

1852 3298 2136 3355 descendit
2162 3300 2232 3355 de
2260 3298 2420 3357 cutio.
2465 3299 2811 3357 Descendens
2836 3308 3017 3356 autem
3056 3300 3216 3373 plaga
3247 3314 3440 3372 magna

1854 3392 2120 3461 reprobus
2148 3391 2417 3456 vulnerat,
2442 3392 2570 3462 quia
2598 3392 2712 3462 ipsa
2738 3388 2969 3448 districti
2993 3389 3195 3461 iudicis
3222 3391 3303 3448 ira
3331 3390 3441 3462 agi~

1854 3489 1965 3547 tur,
2006 3489 2067 3537 ut
2101 3481 2193 3552 qui
2220 3490 2503 3553 peccatum
2542 3482 2890 3538 commissum
2920 3496 3081 3537 manu
3110 3480 3444 3553 paenitentia:

1855 3577 1972 3632 cito
2008 3590 2114 3631 non
2144 3581 2389 3648 tergunt,
2438 3574 2492 3630 in
2525 3573 2672 3631 aliud
2699 3572 2940 3632 deterius
2972 3573 3190 3631 cadant.
3241 3574 3322 3630 Ex
3352 3574 3445 3630 illo

1856 3667 2056 3739 quippe
2077 3664 2280 3736 iudicio
2295 3708 2310 3728 .
2335 3666 2492 3738 culpa
2522 3666 2865 3738 subsequens
2884 3666 3078 3732 oritur,
3117 3681 3186 3723 ex
3206 3680 3320 3737 quo
3341 3680 3445 3723 ea-

1856 3766 1977 3812 eata
2003 3772 2157 3812 mens
2184 3758 2417 3823 ducitur,
2444 3764 2504 3811 ut
2528 3757 2682 3828 pejus
2704 3765 2762 3813 et
2793 3757 2903 3815 alio
2930 3757 3146 3829 ligetur.
3186 3756 3293 3813 Sed
3320 3772 3446 3828 pec-

1856 3855 2036 3902 catum
2081 3845 2223 3916 quod
2264 3859 2329 3900 es
2370 3853 2595 3917 peccato
2635 3845 2828 3910 oritur,
2872 3860 2979 3900 non
3014 3845 3127 3915 jam
3162 3854 3443 3915 peccatum

1858 3936 2255 4004 tantummodo,
2302 3938 2396 3993 sed
2436 3948 2718 4008 peccatum
2758 3945 2842 3992 est
2879 3935 3038 3992 simul
3085 3945 3141 3992 et
3186 3936 3342 4007 plaga
3383 3951 3448 3992 ac

1857 4044 2019 4102 ptena
2045 4031 2276 4101 peccati,
2292 4028 2421 4101 quia
2434 4026 2585 4097 justo
2599 4027 2806 4098 judicio
2821 4027 3164 4097 omnipotens
3192 4026 3335 4083 Deus
3353 4041 3448 4082 eo:

1858 4120 2136 4194 peccantis
2179 4118 2481 4183 obnubilat,
2515 4127 2575 4173 ut
2626 4117 2981 4189 prtecedentis
3015 4117 3221 4188 peccati
3254 4118 3449 4173 merito

1858 4212 2025 4269 etiam
2058 4213 2112 4268 in
2140 4211 2247 4267 alio
2275 4211 2453 4267 cadat.
2487 4209 2659 4278 Quem
2684 4209 2831 4266 enim
2861 4208 3095 4266 liberare
3123 4208 3327 4277 noluit,
3352 4211 3447 4267 der

1861 4305 2095 4363 serendo
2120 4304 2408 4376 percussit.
2433 4302 2539 4360 Sed
2567 4310 2627 4359 ut
2656 4302 2996 4359 manifestius
3024 4302 3129 4359 hoc
3158 4303 3274 4368 liat,
3305 4302 3449 4360 dica-

1864 4411 1987 4453 mus
2031 4397 2133 4453 sub
2170 4395 2420 4467 exemplo
2453 4413 2466 4452 :
2505 4394 2740 4467 Populus
2776 4393 3084 4451 Iudaeorum
3124 4395 3192 4452 de
3225 4404 3475 4466 accepta-

1866 4488 1963 4545 Dei
1990 4488 2105 4560 lege
2130 4488 2470 4560 superbiens,
2488 4503 2587 4559 per
2613 4496 2881 4545 tumorem
2908 4484 3092 4542 cordis
3118 4484 3451 4557 pervenitad

1864 4582 2067 4638 malum
2092 4580 2416 4654 negationis.
2454 4579 2512 4638 Si
2545 4580 2690 4635 enim
2723 4594 2789 4635 ex
2815 4577 3066 4650 superbia
3103 4593 3210 4649 qua
3253 4578 3452 4635 tumuit

1863 4670 2240 4743 pmnitentiam
2283 4678 2503 4740 ageret,
2536 4676 2820 4740 peccatum
2861 4667 3200 4725 solummodo
3243 4666 3451 4727 inissa.

1866 4761 1937 4817 At
1980 4762 2106 4832 quia
2134 4776 2233 4832 per
2259 4769 2529 4817 tumorem
2565 4768 2930 4831 pervenerunt
2959 4757 3025 4814 ad
3063 4757 3262 4815 Christi
3294 4773 3454 4828 nega-

1869 4854 2096 4920 tionem,
2117 4869 2225 4909 uon
2254 4851 2429 4908 solum
2454 4860 2735 4923 peccatum
2755 4859 2858 4916 est,
2881 4849 2973 4907 sed
2993 4856 3270 4920 peccatum
3292 4847 3454 4915 simul

1870 4954 1926 5004 ct
1948 4960 2111 5003 causa
2138 4944 2346 5017 peccati
2363 4985 2379 5011 ,
2407 4943 2534 5015 quia
2570 4958 2640 4999 ex
2661 4956 2721 4999 se
2745 4940 2893 4997 aliud
2912 4939 3117 5010 genuit.
3162 4937 3268 4995 Per
3293 4953 3454 5009 quam

1870 5039 2041 5095 etiam
2089 5052 2311 5095 causam
2349 5035 2483 5108 lapsi
2510 5044 2638 5092 sunt
2664 5035 2718 5091 in
2745 5048 2963 5104 pinnam
2992 5030 3232 5101 peccati,
3275 5040 3335 5087 ut
3365 5032 3455 5100 qui

1872 5128 2148 5187 Christum
2168 5127 2269 5183 sibi
2296 5128 2622 5199 promissum
2645 5124 2924 5195 suscipere
2950 5123 3263 5187 noluerunt,
3287 5121 3456 5177 susci-

1868 5222 2025 5294 piant
2042 5219 2364 5293 quandoque
2383 5218 2797 5283 Antichristum,
2822 5215 2941 5287 ipso
2960 5212 3192 5273 Domino
3211 5211 3425 5269 dicente
3444 5228 3457 5263 :

1868 5312 1985 5381 Ego
2015 5312 2135 5367 veni
2166 5310 2222 5367 in
2268 5310 2489 5367 nomine
2527 5307 2706 5365 Patris
2749 5306 2881 5372 mei,
2912 5314 2970 5362 et
2998 5319 3104 5361 non
3142 5302 3458 5374 suscepistis

1868 5420 1977 5473 me,
1997 5404 2139 5461 alius
2155 5404 2337 5462 veniet
2364 5403 2418 5459 in
2440 5401 2661 5458 nomine
2680 5414 2802 5467 suo,
2833 5399 2984 5455 illum
3008 5412 3105 5455 vos
3132 5394 3457 5468 suscipietis.

1866 5496 1927 5555 in
1980 5504 2195 5554 tumore
2233 5495 2423 5566 itaque
2459 5492 2528 5549 de
2575 5491 2710 5563 legis
2753 5489 3096 5549 observantia
3134 5485 3455 5545 Antichristi

1869 5586 2210 5659 susceptione
2254 5584 2505 5658 publicus
2539 5581 2740 5639 Christi
2795 5589 3136 5654 contemptus
3174 5587 3461 5651 peccstmn

1868 5687 1926 5737 et
1950 5679 2104 5753 plaga
2130 5686 2238 5743 est,
2266 5685 2320 5735 et
2345 5690 2508 5733 causa
2538 5673 2767 5747 peccati.
2798 5672 3090 5730 Peccatum
3112 5686 3241 5729 vero
3254 5676 3465 5739 estper

1872 5772 2224 5845 semetipsum
2243 5786 2257 5837 ;
2275 5769 2431 5843 plaga
2457 5778 2635 5826 autem
2657 5764 2867 5838 peccati
2878 5764 3123 5838 est,quia
3145 5759 3473 5843 prmwdeus.
