3990 6332
588 353 731 436 ωο

1067 346 1418 404 llAYMONIS
1456 343 1936 402 HALBERSTAT.
1979 341 2194 401 EPISC.
2235 341 2386 404 OPP.
2433 342 2612 404 PARS
2647 343 2688 399 l.
2729 373 2800 388 -—-
2834 340 3188 400 COMMENT.
3227 341 3404 400 BlBL.

3739 347 3863 409 mo

595 441 752 538 culpa
777 461 1006 521 tumoris
1037 460 1165 516 illud
1193 459 1408 515 inflixit.
1433 457 1610 516 Causa
1639 473 1771 514 vero
1800 459 2031 530 peccati,
2054 457 2180 528 quia
2209 461 2256 520 Α
2285 472 2384 528 per
2433 457 2750 528 grandinem
2807 456 3140 513 validissima
3213 457 3540 527 exprimitur
3603 463 3865 522 tribulatio

587 557 1006 626 subsequentem
1035 551 1272 621 culpam,
1313 565 1420 622 qua
1448 549 1694 606 diabolus
1739 549 1796 604 in
1829 545 2169 604 Antichristo

588 647 895 706 adorandus
913 645 1238 715 suscipitur,
1274 658 1340 699 ex
1364 657 1424 698 se
1454 643 1656 714 genuit.
1683 640 1750 694 Et
1780 639 2170 710 blasphemare-

589 748 712 794 runt
745 738 978 791 homines
1005 734 1173 790 Deum
1203 743 1416 804 propter
1443 732 1653 803 plagam
1681 730 1974 801 grandinis.
2007 729 2086 784 Ac
2124 728 2170 784 si

587 828 823 884 diceret:
854 826 938 883 lra
961 824 1190 880 districti
1215 823 1416 893 iudicis
1437 831 1615 876 actum
1645 829 1751 884 est,
1778 827 1837 873 ut
1857 819 1948 889 qui
1970 819 2173 873 verita-

587 925 697 972 tem
726 931 834 972 non
865 923 1209 985 receperunt,
1237 923 1295 968 ut
1319 913 1454 970 salvi
1483 909 1680 975 ﬁerint,
1710 910 2022 979 operatione
2047 910 2173 964 hor-

585 1006 728 1062 roris
759 1005 1082 1060 famulatum
1111 1003 1405 1060 exhibeant
1429 1011 1488 1056 ut
1519 1008 1761 1072 pereant.
1795 999 2024 1070 Propter
2051 999 2169 1069 pla.

585 1108 710 1166 gam
731 1095 931 1166 quippe
952 1091 1233 1166 grandinis
1253 1091 1422 1146 Deum
1444 1088 1822 1158 hlaspbemarc
1847 1097 1932 1142 est
1955 1097 2175 1158 propter

587 1183 900 1255 precedens
935 1181 1146 1254 peccati
1175 1181 1450 1246 meritum,
1483 1179 1564 1234 ira
1590 1177 1810 1248 superni
1828 1176 2026 1246 judicis
2053 1193 2176 1247 per—

583 1275 834 1330 mittente
856 1314 872 1340 ,
918 1271 1263 1352 blasphemiae
1315 1270 1499 1342 plagas
1545 1269 1856 1331 incurrere,
1903 1268 1982 1324 sic
2029 1268 2174 1324 enim

585 1366 816 1424 dicitur:
835 1365 1350 1436 Blasphemaverunt
1368 1362 1614 1420 homines
1634 1362 1802 1416 Deum
1819 1367 2038 1431 propter
2057 1357 2171 1428 pla-

583 1473 708 1528 gam
761 1457 1085 1529 grandinis,
1135 1466 1388 1526 tanquam
1423 1454 1693 1512 diceretur
1716 1471 1736 1512 εγ
1755 1453 1886 1508 Ideo.
1925 1451 2172 1522 blasphe-

582 1555 905 1612 maverunt,
949 1546 1073 1616 quia
1121 1545 1292 1616 ipsius
1319 1543 1666 1614 blasphemia:
1705 1543 1890 1614 plagas
1935 1558 1964 1596 a
2010 1557 2171 1612 gran-

581 1637 710 1693 dine
752 1638 1131 1704 incurrerunt,
1179 1637 1262 1696 vel
1291 1652 1388 1708 per
1433 1635 1747 1708 grandinem
1791 1635 2166 1700 incurrerunt;

2274 548 2610 618 temporibus
2654 547 2978 604 Antichristi
3023 547 3224 603 futura.
3271 549 3480 606 Mutato
3532 553 3688 608 enim
3728 557 3858 611 subi-

2274 645 2330 692 to
2363 652 2560 704 sensu,
2615 653 2738 694 cum
2775 637 3088 708 loqueretur
3119 638 3185 692 de
3223 641 3580 696 damnatione
3625 645 3858 712 reprobo-

2275 743 2394 782 rum
2420 769 2436 794 ,
2489 743 2651 798 super
2691 743 2829 798 quos
2859 729 2938 784 ira
2975 726 3072 783 Dei
3110 729 3424 796 descendit,
3475 733 3776 788 revertitur
3802 737 3856 790 ad

2273 825 2521 888 tempora
2573 818 2895 876 Antichristi
2923 860 2940 886 ,
2989 820 3190 890 quibus
3242 829 3391 876 tanta
3432 823 3548 878 erit
3604 826 3858 896 grandinis

2275 899 2522 972 atllictio,
2564 919 2623 964 ut
2649 910 2807 965 multi
2842 911 3098 967 timentes
3139 925 3330 980 pmnas
3396 913 3506 970 sibi
3551 915 3851 984 praepositas

2275 1001 2531 1056 recedant
2552 1015 2581 1054 a
2609 1001 2713 1058 [ide
2732 1001 2957 1068 Christi,
2981 1010 3036 1057 et
3057 1002 3431 1074 blasphement
3451 1003 3636 1060 Deum
3658 1017 3854 1077 propter

2275 1089 2490 1160 plagam
2516 1089 2815 1161 grandinis.
2846 1089 3002 1146 Nunc
3035 1101 3217 1146 autem
3245 1093 3367 1162 quia
3397 1093 3532 1150 ﬁnis
3562 1097 3851 1152 earumdem

2276 1183 2557 1254 plagarum
2585 1198 2708 1239 esse
2737 1182 3003 1239 affuturus
3031 1185 3255 1251 dicitur,
3279 1194 3334 1240 et
3358 1185 3446 1242 hic
3469 1185 3620 1242 liber
3641 1203 3851 1259 congruo

2278 1273 2386 1328 ﬁne
2419 1274 2756 1339 terminetur,
2787 1283 3010 1345 propter
3036 1283 3304 1330 tormenta
3337 1276 3684 1332 validissima
3708 1287 3756 1332 et
3774 1293 3849 1332 ex-

2277 1364 2497 1434 quisita.
2529 1364 2796 1429 Quoniam
2821 1381 3012 1434 magna
3039 1364 3182 1434 facta
3210 1375 3285 1419 est
3322 1365 3677 1434 uehementer,
3709 1368 3774 1422 ita
3798 1376 3846 1423 ut

2276 1467 2376 1508 nec
2415 1461 2542 1508 ante
2581 1453 2712 1510 talis
2736 1452 2926 1520 fuerit,
2975 1469 3078 1509 nec
3117 1463 3305 1523 postea
3348 1454 3548 1513 futura
3585 1458 3688 1523 sit,
3731 1459 3845 1514 sicut

2277 1543 2537 1598 Dominus
2562 1543 2613 1598 in
2636 1543 2936 1614 Evangelia
2955 1544 3088 1599 dicit
3113 1563 3126 1599 :
3153 1545 3272 1600 Erit
3295 1555 3419 1602 tunc
3440 1548 3578 1603 talis
3606 1549 3843 1607 tribulatio

2275 1631 2446 1703 qualis
2475 1649 2578 1688 non
2604 1632 2726 1703 fuit,
2756 1650 2848 1688 nec
2874 1643 3056 1706 postea
3084 1635 3170 1705 ﬁet
3203 1634 3400 1706 (Marc.
3429 1637 3584 1710 xm).

601 1795 3835 1824 WW

2194 1939 2608 2018 SEXTUS.

1995 2100 2402 2119 m

1817 1940 2114 2019 LIBER

1155 2187 1382 2247 CAPUT
1421 2188 1581 2246 X‘Vll.

651 2285 719 2342 Et
739 2284 880 2340 uenit
898 2282 974 2337 ad.
992 2297 1073 2338 me
1095 2298 1230 2336 unus
1253 2298 1316 2336 ex
1335 2279 1771 2355 septem_angelis,
1791 2279 1881 2352 qui
1904 2276 2162 2334 habebant

573 2384 769 2446 septem
791 2372 1034 2445 phialas,
1074 2371 1366 2436 etlocutus
1399 2379 1474 2424 est
1502 2387 1725 2434 mecum,
1757 2369 1966 2423 dicens:
2000 2365 2159 2432 Veni,

573 2466 962 2524 ostendamtibi
993 2463 1384 2518 damnationem
1411 2464 1698 2517 meretricis
1725 2479 1948 2532 magme.
1980 2459 2159 2531 Ange~

571 2561 660 2616 lus
686 2537 739 2614 in
762 2559 865 2616 hoc
895 2557 1014 2614 loco
1041 2571 1329 2627 personam
1355 2556 1494 2624 gerit
1522 2554 1762 2620 Christi,
1795 2555 1884 2624 qui
1917 2563 2002 2609 est
2026 2570 2161 2607 nun-

572 2649 684 2704 tius
713 2656 950 2717 paternae
971 2645 1265 2700 voluntatis
1291 2660 1305 2710 ;
1336 2643 1574 2699 Joannes
1597 2654 1778 2699 autem
1805 2657 1986 2714 typum
2016 2652 2164 2700 tenet

573 2735 861 2794 Ecclesia.
875 2734 1029 2802 Quod
1052 2733 1254 2789 dicitur
1279 2733 1472 2790 Joanni
1497 2735 1564 2790 ab
1589 2733 1796 2805 angelo,
1813 2734 2009 2790 dicitur
2031 2749 2163 2805 quo—

573 2827 710 2884 tidie
729 2827 876 2882 muni
906 2824 1169 2882 Ecclesia:
1196 2841 1228 2882 a
1266 2824 1506 2881 Christo.
1557 2825 1658 2881 Ubi
1689 2825 1984 2881 notandum
2017 2825 2162 2896 quod

569 2929 624 2976 et
646 2918 870 2990 angelus
903 2925 962 2974 ut
991 2916 1256 2974 Joannem
1305 2917 1498 2974 doceat
1525 2917 1712 2983 venit,
1749 2925 1809 2973 et
1833 2918 1971 2974 idem
1999 2915 2162 2972 Joan-

568 3027 669 3068 nes
693 3021 754 3067 ut
781 3011 1056 3067 docendus
1077 3009 1285 3076 veniat,
1315 3009 1596 3065 invitatur.
1635 3009 1798 3066 Venit
1839 3010 2064 3082 angelus
2093 3009 2158 3064 ad

567 3099 854 3168 Joannem,
888 3101 940 3156 id
972 3108 1056 3157 est
1078 3099 1331 3158 Christus
1355 3101 1426 3155 ad
1449 3099 1774 3167 Ecclesiam,
1805 3101 2018 3170 quando
2043 3101 2158 3156 sive

566 3206 667 3262 per
717 3192 987 3247 internum
1041 3190 1453 3262 inspirationem
1478 3231 1494 3257 ,
1558 3191 1674 3247 sive
1717 3206 1813 3262 per
1855 3191 2157 3247 doctrinam

566 3281 938 3352 apostolon
979 3290 1036 3337 et
1075 3290 1393 3338 ceterorum
1439 3291 1750 3338 sanctorum
1797 3297 1917 3338 eam
1963 3283 2158 3340 invitat

565 3369 820 3428 Christus
856 3373 925 3428 ad
973 3372 1367 3429 consideranda
1427 3379 1704 3428 tormenta,
1758 3376 2110 3446 reproborum
2138 3415 2154 3440 ,

2191 2190 2239 2250 Β
2267 2187 2668 2254 meretricatur,
2708 2189 2924 2259 quando
2955 2204 3118 2260 super
3146 2189 3320 2245 virum
3361 2206 3512 2248 suum
3553 2195 3840 2252 introducit

2265 2279 2537 2344 alienum,
2580 2289 2635 2336 et
2673 2281 2883 2352 prioris.
2903 2283 3086 2352 sponsi
3136 2281 3337 2338 foedera
3381 2285 3524 2338 irrita
3550 2286 3706 2354 facit,
3756 2288 3840 2344 ita

2263 2371 2440 2427 omnis
2485 2372 2773 2428 multitudo
2811 2373 3080 2430 malorum
3123 2382 3186 2429 et
3213 2374 3332 2429 facit
3353 2383 3404 2429 et
3427 2375 3576 2441 fecit,
3607 2379 3826 2448 quando

2263 2462 2451 2518 relicto
2471 2464 2725 2519 Creatore
2752 2467 3086 2521 daemonibus
3109 2481 3172 2520 se
3201 2467 3458 2530 prostituit
3480 2479 3836 2538 construpan-

2262 2554 2408 2608 dam.
2433 2553 2710 2625 Relinquit
2731 2557 2875 2611 enim
2903 2556 3072 2613 Deum
3096 2573 3253 2612 suum
3265 2598 3290 2620 ,,
3305 2557 3394 2626 qui
3421 2570 3502 2612 est
3517 2559 3601 2612 vir
3623 2560 3838 2626 animae,

2262 2653 2316 2700 et
2335 2644 2510 2716 jungit
2541 2663 2601 2702 se
2629 2647 2916 2713 adultero,
2949 2649 3002 2702 id
3028 2656 3114 2703 est
3137 2648 3360 2703 diabolo
3382 2691 3404 2714 ,
3427 2649 3568 2705 idola
3591 2652 3830 2716 colendo.

2260 2736 2346 2791 vel
2371 2736 2491 2808 plus
2517 2747 2728 2793 terrena
2754 2755 2916 2809 quam
2947 2739 3188 2794 coalestia
3219 2740 3514 2812 diligendo,
3549 2743 3659 2798 sive
3683 2744 3828 2798 etiam

2262 2826 2612 2882 immunditize
2661 2830 2842 2884 carnis
2867 2831 3176 2884 serviendo.
3232 2829 3303 2885 Et
3335 2833 3464 2901 quia
3495 2835 3721 2889 maxime
3743 2849 3829 2904 per

2261 2917 2440 2972 carnis
2465 2915 2741 2973 libidinem
2771 2959 2788 2985 ,
2826 2935 2946 2990 qua:
2975 2929 3154 2975 mater
3179 2929 3267 2976 est
3287 2923 3540 2978 omnium
3567 2925 3824 2990 vitiorum,

2259 3023 2432 3080 genus
2460 3009 2756 3065 humanum
2781 3012 2952 3082 perit,
2979 3011 3184 3068 idcirco
3211 3013 3328 3084 ipsa
3365 3014 3637 3070 malorum
3663 3016 3822 3071 multi-

2259 3099 2389 3155 tudo
2419 3101 2684 3156 meretrix
2708 3109 2947 3158 vocatur.
2983 3101 3116 3168 Qua:
3142 3104 3285 3158 sedet
3321 3122 3485 3176 super
3519 3122 3680 3178 aquas
3705 3105 3824 3159 ιιιιιις

2259 3201 2362 3248 tas.
2397 3191 2531 3261 Quia
2569 3193 2715 3250 enim
2753 3211 2908 3266 aqua:
2947 3195 3164 3262 multm,
3211 3197 3355 3251 sicut
3394 3197 3454 3253 in
3505 3197 3821 3268 sequentibus

2257 3285 2506 3357 legimus,
2527 3285 2710 3358 populi
2736 3287 2888 3343 multi
2909 3295 3076 3353 sunt;
3108 3289 3298 3344 sedere
3327 3303 3500 3360 super
3527 3305 3695 3359 aquas
3711 3288 3823 3344 mul-

2261 3388 2367 3448 tas,
2401 3381 2536 3436 nihil
2563 3392 2646 3438 est
2665 3381 2807 3437 aliud
2835 3399 2996 3453 quam
3025 3399 3254 3454 regnare
3274 3399 3439 3455 super
3461 3384 3688 3456 populos
3703 3381 3818 3437 mul-

561 3463 712 3534 justo
737 3463 832 3518 Dei
857 3462 1061 3533 judicio
1089 3472 1299 3533 parata.
1332 3462 1484 3529 Veni,
1511 3465 1708 3535 inquit,
1731 3467 2006 3536 gressibus
2029 3465 2154 3521 ﬁdei
2189 3535 2225 3543 _
2259 3481 2345 3526 tos
2363 3513 2378 3538 ,
2414 3472 2539 3543 quia
2565 3473 2818 3529 videlicet
2845 3473 3060 3529 luxuria
3089 3475 3270 3530 carnis
3300 3476 3494 3532 multis
3521 3462 3819 3538 dominatur,

561 3562 624 3609 et
649 3552 1036 3624 intelligentiae,
1052 3562 1110 3608 et
1132 3553 1417 3609 considera
1435 3535 1833 3610 damnationem
1850 3556 2152 3612 meretricis
2178 3535 2227 3602 (ἶ
2255 3571 2312 3618 et
2337 3535 2536 3620 multos
2548 3565 2615 3620 ad
2631 3581 2788 3620 suam
2811 3565 3084 3621 miseriam
3105 3567 3290 3630 trahit,
3316 3567 3410 3622 sed
3437 3575 3628 3623 tamen
3645 3535 3818 3622 diverso

567 3660 804 3716 magnae,
845 3644 898 3699 id
943 3656 1024 3700 est
1053 3663 1065 3698 :
1093 3645 1312 3700 attende
1343 3645 1744 3700 damnationem
1773 3647 2142 3718 reproborum.

567 3738 730 3796 Venit
751 3737 1014 3804 Joannes,
1037 3739 1251 3809 quando
1267 3747 1452 3794 saneta
1473 3739 1715 3796 Ecclesia
1735 3741 1938 3810 praebet
1963 3755 2150 3798 assen-

563 3848 686 3889 sum
709 3873 732 3900 ,
771 3840 832 3888 et
866 3830 1175 3903 intelligens
1199 3831 1362 3888 verba
1389 3831 1672 3888 doctorum
1696 3873 1722 3900 γ
1740 3833 1854 3888 sive
1875 3834 2147 3890 admonita

561 3923 924 3995 inspiratione
966 3924 1147 3980 divina
1175 3963 1194 3990 ,
1235 3923 1552 3980 considerat
1592 3925 1854 3997 supplicia
1903 3929 2147 3998 reprobis

486 4009 498 4016 ’
562 4023 812 4070 ventura.
847 4013 1017 4070 Porro
1047 4014 1304 4069 meretrix
1328 4014 1416 4070 hic
1455 4015 1692 4088 Babylon
1731 4016 2064 4088 intelligitur,
2094 4019 2146 4074 id

561 4115 649 4162 est
668 4106 848 4162 omnis
873 4105 1162 4161 multitudo
1185 4107 1539 4177 reproborum
1565 4124 1581 4180 ;
1629 4108 1744 4164 sive
1773 4123 1870 4178 per
1895 4109 2145 4180 angelum

559 4204 653 4275 qui
678 4205 873 4260 invitat
896 4203 1184 4270 Joannem,
1214 4203 1527 4275 intelligitur
1555 4205 1865 4274 przecedens
1894 4206 2025 4260 ordo
2053 4207 2146 4262 do-

562 4305 795 4362 ctorum,
825 4296 917 4368 qui
945 4295 1046 4351 fuit
1072 4296 1125 4351 in
1153 4296 1427 4366 apostolis,
1459 4297 1808 4368 martyribus,
1852 4306 1907 4354 et
1932 4299 2145 4354 caeteris

518 4405 538 4422 ο
561 4389 812 4447 Ecclesia:
831 4387 1166 4460 principibus
1191 4403 1206 4442 :
1240 4403 1338 4458 per
1364 4384 1626 4442 Joannem
1655 4403 1788 4442 vero
1811 4388 2144 4458 subsequens

560 4482 826 4540 Ecclesia.
852 4481 1053 4538 Invitat
1080 4479 1264 4549 itaque
1290 4477 1514 4550 angelus
1546 4477 1815 4534 Joannem
1839 4487 1898 4534 ut
1931 4479 2140 4544 veniat,

559 4582 612 4630 et
647 4574 827 4628 videat
870 4572 1272 4628 damnationem
1315 4570 1536 4641 perﬁda:
1576 4571 1844 4637 civitatis,
1893 4571 2020 4642 quia
2065 4572 2142 4627 illi

559 4666 806 4724 doctores
824 4667 914 4736 qui
936 4674 1352 4737 praeessernut,
1366 4665 1766 4722 damnationem
1789 4667 2138 4736 reproborum

557 4757 797 4815 omnium
826 4755 939 4814 suis
965 4755 1288 4826 sequacibus
1321 4758 1608 4813 ostendere
1632 4757 1982 4824 studuerunt,
2009 4773 2140 4828 qua-

557 4865 712 4906 tenus
735 4849 863 4906 dum
892 4847 1066 4905 malos
1094 4847 1148 4902 in
1177 4849 1281 4903 hae
1307 4847 1416 4901 vita
1453 4846 1680 4914 florere,
1725 4863 1892 4919 seque
1920 4850 2134 4920 conSpi-
2159 4893 2216 4956 Β

556 4943 700 4998 ciunt
722 4955 912 5012 egere,
953 4955 1019 4996 ex
1045 4954 1231 4996 eorum
1267 4940 1719 5010 prosperitatibus
1753 4939 1889 4995 nihil
1930 4953 2131 4996 concu-

556 5031 792 5099 piscant,
837 5031 965 5086 dum
1012 5030 1304 5086 attendunt
1337 5043 1457 5100 qua
1485 5029 1626 5084 mala
1659 5029 1763 5085 illis
1792 5030 2132 5086 immineant.

555 5120 705 5178 Unde
717 5117 915 5175 Paulus
928 5120 1204 5190 apostolus
1218 5119 1348 5175 dicit
1366 5136 1380 5171 :
1400 5116 1555 5172 Multi
1571 5117 1841 5173 ambulant
1855 5136 1984 5190 quos
1998 5135 2133 5190 saepe

523 5271 526 5276 _
545 5209 782 5264 dicebam
800 5209 942 5264 vobis
957 5208 1179 5280 (Philip.
1195 5209 1302 5276 ιιι).
1318 5207 1447 5262 Duze
1467 5215 1646 5262 autem
1668 5207 1917 5264 civitates
1936 5216 2064 5262 sunt
2077 5207 2130 5263 in

545 5299 650 5357 hoc
668 5301 870 5356 mundo
894 5317 1016 5357 cum
1038 5303 1152 5356 suis
1188 5302 1426 5373 regibus,
1451 5301 1590 5356 sicut
1608 5315 1770 5370 supra
1791 5300 1994 5356 dictum
2015 5309 2128 5367 est;

545 5395 599 5449 td
625 5402 710 5448 est
727 5391 1028 5449 Jerusalem
1052 5403 1106 5448 et
1126 5393 1386 5466 Babylon,
1411 5409 1536 5450 cum
1564 5392 1780 5448 Christo
1813 5402 1871 5448 et
1891 5393 2124 5450 diabolo.

544 5481 784 5548 Quarum
815 5501 922 5540 una
960 5487 1252 5541 constituta
1289 5496 1372 5542 est
1417 5501 1584 5556 supra.
1619 5483 1828 5542 ﬁrmam
1873 5494 2126 5557 petram,

534 5576 710 5654 pltera
740 5585 920 5633 autem
941 5593 1102 5650 supra
1127 5593 1368 5645 arenam,
1386 5587 1546 5648 atque
1572 5577 1774 5634 idcirco
1797 5593 1898 5632 una
1923 5586 2124 5642 manet,

533 5663 598 5722 id
617 5675 700 5725 est
723 5669 918 5728 civitas
944 5669 1176 5740 Christi,
1206 5672 1376 5728 altera
1399 5671 1571 5738 cadit,
1603 5670 1656 5726 id
1686 5679 1772 5726 est
1795 5669 1986 5727 civitas
2008 5671 2122 5728 dia-

539 5756 674 5815 boli.
717 5759 844 5827 Quae
874 5765 1128 5820 meretrix
1163 5772 1524 5833 nuncupatur,
1567 5761 1693 5829 quia
1731 5762 1890 5818 veluti
1934 5761 2124 5819 mulier

2249 3657 2430 3711 modo.
2480 3657 2619 3712 liinc
2651 3667 2737 3714 est
2780 3657 2924 3728 quod
2965 3657 3224 3714 Dominus
3261 3657 3499 3730 loquens
3535 3659 3610 3714 ad
3637 3660 3821 3714 beatum

2249 3741 2350 3800 Job
2365 3745 2430 3799 de
2445 3746 2821 3816 diabolo,dicit
2839 3766 2851 3801 :
2879 3745 3054 3801 Virtus
3069 3747 3181 3818 ejus
3203 3749 3256 3802 in
3273 3747 3470 3803 lumbis
3481 3749 3631 3819 ejus,
3644 3758 3686 3803 et
3695 3747 3821 3817 [orti-

2250 3834 2376 3890 tudo
2391 3836 2534 3890 illius
2552 3839 2606 3891 in
2620 3837 3066 3892 umbilicouentris
3083 3838 3132 3907 ej
3140 3837 3472 3908 us(Job.xL).
3489 3839 3823 3894 Seminarium

2248 3928 2447 3999 quippe
2474 3929 2651 3984 coitus
2682 3930 2925 3985 virorum
2954 3929 3008 3984 in
3040 3929 3240 3985 lumbis
3271 3938 3392 3994 est,
3421 3931 3715 3986 mulierum
3743 3944 3822 3982 au-

2248 4025 2359 4074 tem
2384 4020 2438 4074 in
2465 4021 2738 4076 umbilico.
2774 4021 2999 4090 Quando
3023 4037 3154 4093 ergo
3182 4022 3330 4078 viros
3359 4023 3596 4093 decipit,
3631 4023 3684 4079 in
3709 4021 3825 4074 lum-

2247 4110 2331 4166 bis
2357 4111 2612 4166 virtutem
2638 4113 2836 4169 habere
2866 4113 3066 4169 dicitur
3096 4132 3107 4168 :
3140 4113 3364 4184 quando
3379 4123 3572 4169 autem
3598 4113 3822 4173 feminas,

2248 4200 2304 4256 in
2318 4201 2746 4258 umbil.ico.Nam
2761 4204 2902 4274 quod
2919 4205 3053 4260 viris
3079 4206 3134 4259 in
3155 4205 3355 4261 lumbis
3374 4205 3826 4266 sitseminariumv

2246 4291 2392 4348 Deus
2411 4291 2742 4357 manifestat,
2769 4294 2860 4365 qui
2887 4293 3020 4349 dicit
3041 4293 3292 4350 ﬁdelibus
3309 4309 3334 4350 ι
3353 4294 3478 4350 Sint
3501 4294 3672 4350 lumbi
3698 4295 3830 4348 rastri

2244 4385 2513 4454 praecincti
2536 4383 2688 4456 (Luc.
2709 4384 2834 4456 xu).
2860 4385 2928 4441 Et
2955 4385 3155 4442 Paulus
3184 4387 3250 4443 de
3275 4385 3553 4459 [θυίναιιί
3578 4390 3746 4444 adhuc
3777 4387 3828 4442 in

2245 4477 2444 4534 lumbis
2468 4486 2585 4533 erat
2610 4478 2842 4535 Abrahae
2863 4522 2878 4546 ,
2906 4482 3122 4551 quando
3143 4483 3339 4540 obtulit
3362 4484 3411 4538 ei
3447 4485 3686 4540 decimas
3710 4482 3830 4538 Hel-

2245 4567 2514 4623 chisedec.
2549 4568 2701 4637 Quod
2729 4569 2947 4626 feminis
2979 4571 3032 4626 in
3061 4573 3338 4638 umbilico,
3364 4573 3645 4644 Pmpheta
3673 4573 3833 4628 manto

2245 4657 2426 4724 festat,
2449 4659 2541 4730 qui
2566 4662 2666 4716 sub
2693 4661 2862 4732 ﬁgura
2906 4662 3149 4718 mulieris
3173 4665 3483 4736 meretricis
3505 4665 3752 4736 loquitur
3769 4663 3830 4716 ad

2243 4745 2543 4806 Jerusalem
2569 4769 2582 4806 :
2613 4752 2681 4806 In
2701 4753 2788 4807 die
2820 4752 3040 4824 (inquit)
3074 4763 3220 4809 ortus
3245 4759 3323 4808 tui
3352 4772 3456 4810 non
3489 4767 3572 4810 est
3592 4755 3831 4825 precisas

2245 4841 2526 4898 umbilicus
2545 4851 2665 4898 luas
2691 4843 2764 4912 (Ε
2771 4845 2910 4898 each.
2931 4842 3066 4914 xw).
3096 4844 3422 4901 Umbilieum
3445 4845 3654 4916 quippe
3681 4846 3733 4898 in
3758 4845 3832 4898 die

2239 4942 2392 4990 ortus
2413 4935 2724 5003 prazcidenc,
2740 4944 2824 4991 est
2837 4935 3208 4990 conversionis
3225 4942 3467 5004 tempore
3482 4937 3678 4990 carnis
3689 4934 3834 4988 luxu-

2239 5029 2378 5085 riam
2393 5043 2662 5084 resecare.
2687 5027 2821 5095 Quia
2839 5043 2970 5100 ergo
2983 5025 3225 5082 diabolus
3240 5037 3536 5096 utrumque
3551 5042 3746 5082 sexum
3759 5025 3835 5078 de»

2238 5120 2388 5191 cipit,
2412 5129 2559 5177 recte
2583 5118 2634 5174 in
2659 5119 2855 5174 lumbis
2879 5119 2964 5174 vel
2989 5119 3041 5174 in
3058 5119 3314 5176 umbilico
3325 5119 3595 5175 virtutem
3611 5127 3668 5174 et
3685 5117 3830 5172 forti-

2238 5211 2480 5266 tudinem
2515 5209 2716 5266 habere
2757 5209 2974 5264 dicitur.
3003 5207 3108 5264 Sed
3131 5210 3410 5264 sciendum
3434 5208 3836 5278 quia,_pmplcr

2238 5298 2612 5355 diversitatem
2632 5314 2940 5360 causarum.
2967 5299 3183 5354 diverso
3205 5299 3363 5354 modo
3384 5299 3485 5353 hoc
3511 5297 3676 5364 facit,
3701 5298 3837 5352 sicut

2235 5393 2605 5464 supradictum
2633 5400 2755 5458 est;
2786 5391 2940 5447 verbi
2960 5392 3163 5462 gratia,
3198 5400 3329 5448 sunt
3358 5390 3582 5462 quidam
3603 5391 3718 5460 qui
3733 5389 3839 5444 vir-

2235 5485 2700 5556 ginitatemsuam
2729 5483 2842 5540 Deo
2870 5483 3226 5547 devoverunt,
3256 5484 3395 5540 sicut
3419 5482 3682 5537 monachi
3701 5523 3718 5543 ,
3749 5495 3836 5536 ca-

2231 5575 2410 5632 nonici
2431 5616 2446 5642 ,
2472 5583 2526 5631 et
2553 5573 2733 5630 caeteri
2764 5574 2816 5628 in
2847 5573 3018 5642 gradu
3043 5573 3413 5630 ecclesiastico
3437 5573 3642 5644 positi,
3669 5587 3837 5642 quam

2233 5664 2276 5720 si
2307 5673 2490 5736 postea
2527 5665 2964 5738 concupiscentia
3000 5666 3184 5722 carnis
3225 5665 3389 5723 illecti
3426 5671 3833 5732 corruperunt,

2233 5759 2468 5822 deterius
2514 5766 2784 5830 peccant,
2819 5773 2991 5828 quam
3029 5757 3072 5814 si
3120 5757 3236 5814 hinc
3277 5755 3560 5822 nunquam
3592 5754 3834 5823 professi
