3972 6438
168 348 292 407 illi

1100 351 1464 411 EXPOSITIO
1500 349 1568 406 iN
1608 349 2105 411 APOCALYPSIN.
2138 384 2207 394 -—
2245 356 2373 415 LIB.
2417 359 2503 415 Ἥ.

3292 360 3432 431 ius

170 466 413 516 tuissent.
463 457 600 527 Sunt
641 461 860 532 quidam
906 462 1213 535 conjugati,
1256 464 1350 535 qui
1375 464 1747 532 relinquentes
1852 466 2251 532 unam-emittis,
2273 483 2447 525 nonne
2463 473 2683 527 dimittit
2715 477 3000 545 rianngiuta
3025 491 3204 530 norem
3250 460 3315 530 iul
3340 475 3433 529 dea

165 550 439 622 proprium
483 550 697 607 thorum
726 592 740 617 ,
781 554 1015 611 alienum
1045 555 1288 620 violant,
1325 567 1383 612 et
1419 555 1742 611 adulterium

163 649 496 711 perpetrant,
519 648 574 695 et
598 641 686 696 isti
717 645 932 713 gravius
956 656 1188 715 peccant
1234 662 1396 717 quam
1422 647 1475 701 hi
1503 646 1594 715 qui
1614 660 1744 716 pro-

161 728 310 798 prias
344 743 540 784 uxores
566 743 670 784 non
700 730 920 788 habent.
954 734 1082 788 Tale
1105 748 1276 805 genus
1310 743 1396 789 est
1424 747 1611 788 eorum
1648 731 1743 802 qui

163 819 366 874 incesta
401 806 719 889 perpetrant
746 838 868 878 cum
903 825 1255 894 propinquis,
1298 832 1391 878 aut
1431 822 1743 888 sororibus,

159 910 305 967 sicut
342 908 471 966 fecit
498 915 727 969 Ammon
754 930 876 970 cum
902 930 1092 970 sorore
1116 930 1219 970 sua.
1240 914 1493 968 Thamar.
1524 910 1747 985 Suntet

159 1004 251 1059 alii
292 1005 476 1076 (quod
513 1015 599 1062 est
630 1009 949 1065 sceleratius
989 1018 1047 1065 et
1078 1008 1329 1080 gravius)
1376 1007 1744 1079 relinquentes

157 1096 469 1152 naturalem
494 1113 652 1155 usum
696 1100 929 1167 feminae,
959 1116 1083 1156 cum
1122 1098 1374 1156 masculis
1410 1113 1471 1154 se
1512 1097 1746 1153 miscent

156 1190 243 1245 vel
286 1192 604 1261 pecudibus.
656 1194 725 1249 Et
766 1195 894 1250 licet
930 1210 1099 1263 genus
1136 1195 1432 1249 intestinum
1479 1191 1532 1245 in
1560 1189 1746 1243 multis

154 1282 400 1338 oll‘endat
422 1283 612 1351 Deum,
639 1294 816 1341 tamen
848 1286 903 1340 in
925 1285 1074 1341 nullo
1118 1285 1336 1356 gravius
1360 1284 1473 1356 agit
1492 1296 1660 1353 quam
1688 1282 1744 1335 in

156 1375 269 1430 isto
290 1373 438 1445 quod
456 1384 648 1431 contra
671 1384 919 1433 naturam
944 1376 1102 1445 gerit.
1128 1376 1262 1443 Quia
1284 1391 1417 1447 ergo
1440 1373 1746 1439 fornicatio,

153 1481 281 1536 qua:
308 1476 392 1523 est
421 1476 596 1525 mater
623 1468 864 1526 omnium
901 1469 1155 1524 vitiorum
1179 1508 1198 1533 ,
1237 1468 1292 1523 in
1322 1468 1565 1540 reprohis
1598 1475 1747 1536 pote.

154 1565 357 1613 etatem
386 1568 609 1614 exercet
636 1600 651 1624 ,
689 1568 839 1615 recte
863 1559 1123 1615 meretrix
1150 1571 1314 1628 super
1349 1573 1517 1629 aquas
1552 1557 1748 1613 multas

152 1648 333 1701 sedet.
370 1646 437 1701 Et
463 1648 581 1702 hac
602 1648 824 1717 quidem
848 1647 1134 1703 fornicatio
1159 1648 1228 1704 ad
1253 1647 1746 1719 concupiscentiam

151 1736 363 1803 carnis,
394 1739 693 1808 spiritualis
718 1752 848 1795 vero
885 1740 1124 1810 pertinet
1160 1741 1226 1799 ad
1253 1740 1749 1812 concupiscentiam

1843 563 2004 618 serto,
2022 565 2075 610 et
2097 558 2237 612 vadit
2259 561 2329 615 ad
2348 561 2499 614 illam
2514 579 2636 630 quin
2666 573 2930 615 erraverat
2954 578 3188 631 querere
3210 561 3435 633 ("attito

1843 646 1943 719 ιιι)
1965 647 1987 700 ?
2007 648 2132 717 quia
2152 650 2400 706 videlicet
2416 661 2545 707 tunc
2564 653 2725 709 homo
2745 654 2941 710 coelum
2963 654 3226 719 deseruit,
3259 668 3432 724 quan-‘-

1843 735 1912 797 d0
1954 739 2218 805 peccavit.
2277 740 2449 797 Corda
2503 751 2816 797 sanctorum
2873 743 3159 814 significat,
3210 750 3268 798 ut
3305 753 3428 798 est:

1845 828 1980 884 Ecce
2000 829 2238 901 eleugavi
2280 832 2517 902 fugiens,
2546 844 2595 887 et
2628 836 2798 888 mansi
2835 836 2889 888 iu
2930 834 3212 888 solitudine
3253 831 3431 903 (Psal.

1846 919 1976 991 Liv),
1999 920 2179 986 idest,
2209 922 2263 977 in
2289 931 2499 979 secreto
2534 926 2747 980 mentis.
2779 924 2967 981 Sancti
2991 926 3134 980 enim
3156 933 3435 980 removent

1846 1027 1906 1068 se
1930 1012 1997 1067 ab
2034 1012 2287 1068 omnibus
2331 1014 2485 1069 istius
2528 1014 2708 1070 sreculi
2757 1015 2923 1080 curis,
2952 1024 3009 1071 et
3035 1013 3336 1071 eilicinntur
3363 1016 3439 1071 ab

1846 1102 1934 1158 his
1958 1102 2409 1159 sollicitudinibus
2424 1105 2720 1169 desertum,
2740 1105 2791 1159 in
2813 1105 3100 1161 solitudine
3110 1118 3222 1160 sua:
3238 1104 3436 1160 mentis

1848 1195 2094 1251 a-sazculi
2126 1195 2338 1252 actibus
2370 1205 2645 1253 vacantes.
2685 1196 2987 1265 Aliquando
3008 1194 3198 1262 Deum,
3222 1205 3281 1250 ut
3304 1195 3439 1250 illud
3480 1208 3485 1214 '

1847 1284 2094 1344 Jeremize
2118 1304 2130 1339 :
2164 1284 2296 1352 Quis
2321 1285 2465 1340 dabit
2497 1303 2585 1341 me
2602 1288 2656 1341 in
2679 1286 2956 1342 solitudine
2982 1286 3303 1343 diversorum
3326 1287 3437 1340 cia.

1848 1387 2019 1431 torum
2040 1376 2066 1430 7
2090 1374 2225 1446 (Jer.
2254 1378 2360 1445 rx.)
2404 1374 2689 1447 Signiﬁcat
2723 1392 2937 1447 quoque
2965 1377 3241 1432 desertum
3267 1377 3441 1431 corda

1850 1464 2225 1537 reproborum,
2258 1475 2316 1520 ιιι
2343 1476 2428 1521 est
2453 1466 2579 1520 illm!
2605 1482 2620 1520 :
2648 1465 2923 1531 Quomodo
2954 1468 3094 1521 sedet
3118 1466 3232 1521 sata
3253 1467 3437 1520 civitas

1847 1556 2001 1625 plena
2014 1555 2206 1626 populo
2225 1553 2281 1627 (7
2292 1557 2438 1610 hrcn.
2466 1555 2505 1627 ι)
2522 1556 2544 1609 ?
2559 1554 2614 1610 Si
2635 1555 2780 1609 enim
2802 1555 2934 1619 soia,
2960 1555 3228 1624 quomodo
3241 1545 3438 1624 plena?

1850 1656 1943 1701 aut
1980 1646 2025 1702 si
2071 1646 2250 1718 plena,
2280 1647 2549 1717 quomodo
2574 1646 2728 1703 sola?
2758 1646 2854 1703 sed
2898 1647 3036 1711 sola,
3086 1645 3140 1702 id
3189 1654 3274 1701 est
3319 1646 3439 1700 sine

1849 1737 1981 1792 Deo.
2009 1737 2145 1793 Hinc
2167 1745 2223 1793 et
2247 1736 2481 1794 Joannes
2500 1736 2664 1794 dicit:
2710 1736 2821 1792 Vox
2840 1736 3119 1793 clamantis
3135 1738 3192 1791 in
3213 1728 3443 1797 deserto;

153 1827 440 1882 oculorum
459 1822 515 1883 e't
536 1828 588 1882 in
615 1830 701 1884 his
715 1840 876 1885 omne
896 1830 1392 1902 peecatumagitor,
1411 1829 1745 1899 juxtaiilud:
1779 1822 1827 1883 Β
1854 1828 2064 1897 dirigite
2108 1828 2249 1882 viam
2296 1827 2508 1883 Domini
2538 1826 2722 1899 (locu.
2748 1827 2810 1897 ι).
2852 1825 2983 1882 iure
3006 1826 3161 1882 enim
3180 1835 3441 1883 vocantur:

155 1917 333 1971 Omne
365 1918 593 1988 quodin
619 1919 854 1985 mundo,
895 1931 971 1976 est
1004 1922 1423 1992 concupiscentia
1458 1922 1667 1984 carnis,
1706 1926 1754 1971 et

152 2006 581 2075 concupiscentia
617 2007 889 2064 oculorum
919 2009 973 2081 (1
1001 2010 1161 2064 Joau.
1213 2009 1296 2082 ιι).
1330 2010 1406 2065 De
1446 2011 1550 2066 hac
1590 2009 1753 2080 spiri-

157 2096 691 2168 tualijornicationc
715 2100 1000 2158 Psalmista
1028 2103 1160 2158 dicit
1192 2122 1205 2157 :
1235 2102 1434 2159 Perdes
1465 2121 1642 2159 omnes
1663 2105 1753 2173 qui

154 2186 496 2253 fornicamur
518 2190 608 2244 abs
638 2201 688 2246 te
715 2190 929 2264 (Lxxn).
957 2193 1024 2248 Et
1040 2193 1277 2251 breviter
1300 2195 1542 2250 dicamus
1565 2213 1585 2249 τ
1607 2194 1757 2264 quis-

154 2276 286 2344 quis
314 2277 433 2347 plus
459 2287 674 2335 terrena
707 2297 868 2352 quam
898 2282 1158 2350 caelestia,
1199 2294 1259 2340 et
1293 2299 1355 2340 ea
1379 2300 1500 2356 qua:
1530 2292 1655 2340 sunt
1697 2284 1754 2339 in

154 2370 365 2425 mundo
386 2373 738 2444 concupiscit,
765 2374 1175 2433 fornicationem
1206 2386 1498 2449 perpetrat.

233 2460 366 2517 Cum
394 2481 498 2535 qua
529 2465 783 2534 {amicali
803 2477 924 2524 sunt
956 2484 1097 2539 reges
1128 2478 1302 2524 terrea.
1340 2469 1447 2540 Ipsi
1498 2468 1589 2540 qui
1627 2477 1755 2525 sunt

158 2570 322 2626 rcges
350 2565 541 2622 terrm,
592 2557 693 2626 ipsi
716 2567 844 2613 sunt
871 2570 927 2614 et
958 2560 1216 2615 meretrix
1237 2600 1253 2625 ,
1300 2561 1393 2616 sed
1424 2568 1647 2630 propter
1673 2560 1755 2615 dia

159 2647 424 2702 stantiam
466 2649 880 2718 pmpositorum
926 2659 982 2705 et
1018 2650 1379 2719 subiectorum
1412 2651 1668 2706 dividitur
1698 2649 1755 2703 in

160 2737 414 2808 regibus,
460 2739 525 2793 in.
548 2749 749 2795 terram
795 2740 1247 2808 inhabitantibus,
1286 2758 1410 2797 cum
1443 2752 1627 2798 tamen
1653 2744 1756 2816 ipsi

160 2838 320 2898 reges
350 2828 457 2883 sint
484 2829 849 2886 inhabitantes
878 2839 1096 2897 terram,
1129 2832 1233 2889 hoc
1252 2842 1353 2899 est,
1389 2842 1601 2889 terrena
1627 2833 1752 2889 diii-

160 2926 381 2988 gentes,
405 2919 623 2975 libidini
639 2922 963 2978 servientes.
991 2922 1096 2992 Ipsi
1119 2938 1275 2995 rcges
1296 2924 1481 2994 itaque
1504 2924 1753 2982 fornicati

160 3019 293 3065 sunt
315 3026 438 3066 cum
467 3014 752 3070 meretrice
774 3055 790 3082 ,
841 3016 944 3072 hoc
982 3025 1064 3072 est
1107 3033 1229 3077 cum
1255 3018 1475 3089 scipsis,
1511 3029 1755 3080 terrenos

162 3099 401 3157 honores
445 3111 501 3157 et
546 3103 851 3176 voluptates
900 3109 1203 3177 appetendo
1250 3117 1307 3164 ct
1355 3110 1753 3168 immunditiam

162 3189 347 3245 carnis
389 3193 678 3261 sectando,
715 3195 841 3265 quia
872 3211 980 3266 quo
1003 3196 1234 3267 amplius
1271 3199 1561 3254 comedunt
1590 3209 1645 3256 et
1671 3202 1755 3257 bi-

166 3284 325 3353 bunt,
350 3302 416 3343 eo
443 3288 676 3360 amplius
705 3290 1067 3359 luxuriantur,
1098 3295 1237 3350 unde
1263 3304 1320 3351 et
1342 3295 1552 3366 seipsos
1581 3296 1756 3367 ipsum

162 3391 362 3448 corpus
374 3380 675 3438 meretricis
686 3381 943 3449 efﬁciunt,
955 3383 1110 3453 juxta
1126 3386 1269 3455 quod
1283 3387 1502 3458 Apostol
1515 3404 1578 3444 ns
1592 3389 1752 3444 dicit:

167 3463 394 3524 Nescitis
420 3471 559 3540 quod
588 3473 642 3531 [ti
670 3475 760 3544 qui
785 3475 1053 3530 attinerent
1075 3478 1351 3541 meretrici,
1381 3495 1542 3533 unum
1566 3497 1756 3552 corpus

165 3575 285 3613 cum
311 3576 373 3613 ea
395 3562 728 3631 eﬂiciuntur?
754 3564 806 3638 (I
830 3565 952 3622 Cor.
969 3565 1069 3640 vr.)
1084 3599 1155 3608 —
1178 3568 1244 3623 Et
1266 3571 1511 3625 inebriati
1532 3574 1757 3644 suntqui

164 3648 458 3705 inhabitant
481 3662 675 3708 terram
696 3656 759 3710 de
781 3656 898 3711 uino
919 3659 1302 3728 prostitutiouis
1317 3661 1451 3729 ejus.
1481 3662 1583 3718 Per
1600 3678 1754 3735 reges

166 3739 441 3809 principes
472 3743 595 3795 mali
627 3744 1020 3816 intelliguntur,
1044 3765 1144 3817 per
1165 3750 1530 3807 inhabitantes
1552 3762 1750 3808 terram

165 3827 395 3897 siibjecti
433 3829 645 3886 illorum
692 3836 785 3904 qui
816 3836 1157 3892 inebriantur
1182 3840 1307 3896 vino
1341 3840 1751 3908 fornicationis,

164 3920 272 3975 hoc
312 3916 397 3975 est
435 3921 685 3981 omnibus
729 3927 967 3995 peccatis
1005 3929 1313 3999 replentur;
1349 3939 1407 3988 et
1434 3947 1590 4003 reges
1630 3942 1758 3990 sunt

165 4009 430 4066 malorum
458 4020 729 4083 auctores,
753 4016 1119 4076 inhabitantes
1147 4035 1277 4076 vero
1313 4029 1543 4090 terram,
1574 4024 1756 4080 imita-’

166 4109 316 4157 tores
343 4116 530 4158 eorum
553 4105 913 4176 accipiuntur.
945 4110 1110 4166 Recte
1135 4120 1316 4168 autem
1338 4114 1605 4171 incentiva
1631 4132 1755 4173 car-

168 4191 253 4246 nis
299 4200 356 4247 et
395 4191 773 4254 fornicationis
825 4198 951 4256 vino
1017 4213 1405 4272 comparantur
1451 4204 1751 4264 ebrietatis.

169 4283 307 4341 Vino
350 4288 497 4342 enim
550 4289 734 4346 ebrius
780 4291 854 4347 ita
904 4292 1232 4350 insensibilis
1270 4295 1518 4363 cilicitur,
1561 4308 1753 4355 utnon

168 4376 343 4433 solum
369 4380 594 4447 anima),
641 4382 735 4439 sed
764 4384 928 4440 etiam
956 4386 1254 4456 periculum
1288 4389 1480 4446 mortis
1505 4405 1613 4447 non
1641 4398 1753 4448 tre-

167 4468 353 4538 pidet,
390 4471 532 4526 unde
584 4481 640 4528 et
682 4474 941 4532 audacter
985 4492 1044 4532 se
1083 4477 1136 4534 in
1175 4492 1404 4537 mortem
1447 4481 1632 4540 mittit.
1663 4482 1753 4540 Sic

1856 1920 2129 1975 desertum
2153 1919 2213 1974 hi
2256 1934 2402 1989 quos.
2430 1919 2773 1990 omnipotens
2795 1918 2935 1974 Deus
2955 1933 3053 1988 per
3076 1917 3306 1990 gratiam
3331 1930 3440 1970 non

1858 2008 2144 2064 inhabitat.
2177 2009 2233 2063 in
2289 2010 2393 2065 hoc
2445 2019 2626 2065 autem
2657 2009 2776 2067 loco
2817 2011 3092 2064 desertum
3138 2007 3443 2079 intelligere

1857 2096 2119 2153 debemus
2165 2098 2330 2153 corda
2394 2097 2772 2168 reproborum,
2824 2097 3070 2154 absentia
3128 2092 3442 2153 Divinitatis

1856 2204 2046 2244 vacuo.
2092 2189 2335 2261 Angelus
2354 2203 2484 2249 vero
2512 2204 2801 2261 petaonam
2829 2190 3033 2247 Christi
3058 2192 3216 2262 gerit,
3258 2198 3317 2243 ut
3345 2205 3444 2245 8th

1855 2295 1972 2351 pra,
2007 2279 2245 2337 Joannes
2274 2294 2561 2352 personam
2601 2279 2880 2347 Ecclesiae,
2906 2294 3027 2351 qua:
3058 2280 3114 2335 in
3166 2279 3443 2337 desertum

1746 2396 1753 2404 -
1855 2370 2093 2436 ducitur,
2123 2371 2340 2441 quando
2389 2371 2502 2427 sive
2551 2385 2650 2442 per
2680 2370 2949 2435 internam
3008 2368 3445 2440 inspirationem,

1858 2461 1973 2521 sive
2015 2461 2178 2516 etiam
2209 2476 2309 2532 per
2361 2460 2798 2532 praedicationem
2828 2459 3112 2516 doctorum
3147 2458 3214 2513 ad
3263 2458 3445 2519 censi-1

1858 2552 2090 2607 denuda
2146 2552 2502 2623 reproborum
2553 2552 2749 2608 merita
2807 2551 3059 2618 trahitur,
3114 2560 3169 2606 et
3221 2557 3443 2620 propter

1853 2657 2040 2698 eorum
2063 2658 2314 2714 perversa
2337 2658 2501 2715 Opera
2518 2640 2723 2712 justam
2748 2643 2959 2698 illorum
2986 2642 3204 2713 inspicit
3223 2645 3446 2697 damna-

1857 2732 2055 2788 tionem
2085 2732 2345 2789 futuram.
2394 2733 2466 2788 Et
2515 2734 2622 2791 uidi
2669 2733 2937 2789 mulierem
2986 2733 3246 2789 sedentem
3288 2738 3450 2804 super

1856 2822 2071 2877 bestiam
2123 2825 2435 2879 coccineum.
2492 2823 2667 2894 ipsam
2726 2832 2883 2879 vocat
2935 2824 3235 2889 mulierem,
3279 2839 3443 2894 quam

1853 2910 2014 2982 paulo
2060 2914 2307 2982 superius
2354 2912 2644 2983 appellavit
2685 2914 3063 2981 meretricem,
3107 2914 3159 2968 id
3207 2921 3289 2968 est
3327 2928 3445 2971 Oiih

1857 3002 2006 3057 nium
2044 3003 2309 3059 malorum
2347 3010 2837 3077 congregationem.
2890 2992 3070 3061 Béstia
3110 3014 3290 3061 autem
3324 3006 3442 3060 dia-

1854 3093 2035 3150 bolum
2073 3094 2361 3166 signiﬁcat,
2388 3110 2550 3167 super
2583 3110 2744 3167 quem
2770 3111 2960 3152 onmes
2986 3096 3200 3168 reprobi
3228 3098 3441 3159 sedent,

1784 3170 1830 3234 C
1860 3186 1951 3258 qui
1979 3202 2045 3243 co
2067 3187 2316 3244 hortante
2342 3203 2427 3260 per
2455 3188 2666 3245 diversa
2691 3189 2821 3244 vitia
2850 3196 3095 3244 currunt.
3125 3188 3277 3244 Sient
3297 3188 3444 3243 enim

1860 3278 2053 3335 civitas
2093 3278 2189 3335 Dei
2238 3294 2401 3351 super
2442 3279 2716 3337 Christum
2767 3289 2852 3337 est
2894 3278 3183 3347 aediﬁcata,
3243 3278 3442 3336 sicilia

1858 3367 2052 3426 civitas
2078 3372 2430 3440 rcproborum
2459 3384 2623 3442 super
2660 3371 2951 3429 diabolum.
2991 3371 3123 3439 Quze
3160 3379 3308 3427 recte
3332 3385 3446 3427 me-

1858 3459 2026 3515 retrix
2056 3460 2376 3532 appellatur,
2401 3472 2461 3518 ut
2480 3466 2796 3519 ostendatur
2814 3477 2878 3519 ex
2905 3478 3011 3534 qua
3041 3470 3195 3533 parte
3208 3476 3440 3534 regnum

1859 3549 2054 3605 diaboli
2083 3550 2312 3620 amplius
2349 3551 2654 3623 praevaleat.
2688 3553 2831 3609 Bene
2869 3553 3035 3608 etiam
3086 3551 3283 3609 mtilicr
3307 3551 3457 3606 diei—e'

1861 3649 1968 3709 tur,
2016 3642 2139 3713 quia
2169 3657 2201 3699 a
2257 3638 2484 3701 muliere
2528 3644 2738 3716 peccati
2784 3644 3025 3717 sumpsit
3062 3643 3296 3709 initium,
3343 3656 3445 3713 per

1858 3750 2018 3804 quam
2038 3735 2305 3800 cllam,ut
2326 3735 2605 3807 Scriptura
2650 3745 2897 3801 testatur,
2942 3737 3205 3793 morimur
3228 3749 3439 3791 omnes.

1860 3825 2034 3895 Super
2064 3825 2290 3880 bestiam
2317 3826 2449 3881 'htec
2479 3826 2674 3881 mulier
2720 3825 2895 3890 sedet,
2942 3828 3067 3896 quia
3095 3826 3310 3882 dialmio
3339 3825 3441 3881 du-

1860 3925 2025 3971 cente
2046 3930 2211 3987 prona
2256 3915 2429 3970 fertur
2455 3918 2522 3970 ad
2572 3918 2902 3987 peccandum
2928 3933 2941 3970 :
2976 3925 3035 3969 ut
3066 3916 3215 3971 verbi
3244 3916 3443 3986 gratia;

1859 4006 2075 4076 quando
2102 4004 2321 4076 quilibet
2356 4006 2517 4062 homo
2562 4006 2733 4079 pergit
2773 4008 2838 4062 ad
2886 4007 3315 4064 interﬁciendum
3346 4008 3447 4069 Dei

1857 4110 2096 4165 servum,
2128 4108 2221 4154 aut
2270 4098 2702 4155 succendeudam
2744 4099 3065 4167 Ecciesiam,
3092 4101 3251 4157 sicuti
3282 4102 3449 4159 modo

1861 4188 2066 4248 faciunt
2096 4193 2176 4259 hi,
2204 4194 2294 4264 qui
2323 4202 2514 4249 nostro
2558 4204 2802 4266 tempore
2839 4197 3062 4268 paganis
3095 4208 3216 4253 sunt
3241 4194 3449 4269 juncti;

1859 4284 2109 4340 diabolus
2139 4300 2261 4341 cum
2295 4290 2474 4356 poi-tat
2520 4286 2606 4341 cui
2659 4287 2772 4358 ipse
2820 4286 3037 4344 insidet.
3073 4289 3225 4356 Quod
3259 4299 3445 4349 autem

1857 4376 2028 4435 bcsua
2075 4378 2328 4434 coccinea
2356 4379 2577 4446 dicitur,
2633 4389 2747 4436 tant
2771 4381 2840 4436 ad
2868 4380 3139 4439 diabolum
3177 4392 3445 4454 quam'att

1857 4483 2016 4525 omne
2044 4467 2162 4538 ejus
2188 4482 2382 4540 corpus
2409 4469 2642 4525 refertur
2669 4489 2682 4524 :
2712 4473 2829 4527 sive
2866 4481 3087 4543 propter
3110 4484 3330 4545 peccata
3355 4473 3440 4529 hi-

166 4559 431 4615 nimirum
451 4562 617 4619 libido
648 4565 878 4622 hominis
913 4584 1131 4624 sensum
1172 4579 1230 4626 et
1261 4571 1637 4630 rationabilem
1674 4575 1754 4630 in-
1780 4546 1833 4605 D
1858 4560 2235 4629 ""mcmbilii‘»
2289 4562 2484 4632 quibus
2530 4572 2614 4618 εει
2661 4573 3039 4632 culmum“);
3069 4567 3184 4622 5W0
3221 4574 3447 4638 ντοιιιειι

169 4649 441 4706 adlectum
461 4652 661 4722 aufert,
673 4666 734 4713 ut
756 4674 870 4714 non
888 4670 1093 4717 metuat
1107 4662 1509 4721 damnationem
1529 4665 1749 4730 inferni,

168 4736 397 4811 ideoque
421 4751 477 4798 et
504 4746 762 4803 audacter
783 4751 947 4805 etiam
969 4762 1159 4809 contra
1187 4771 1340 4810 suam
1362 4756 1752 4812 conscientiam

170 4830 368 4886 malum
395 4842 678 4902 operatur,
708 4852 809 4893 nec
842 4840 1004 4896 timet
1030 4843 1194 4898 etiam
1215 4859 1318 4914 pro
1347 4853 1570 4915 peccato
1599 4846 1751 4902 dam-

169 4921 304 4986 nari,
333 4924 476 4994 quod
510 4941 618 4982 non
643 4936 821 4997 potest
853 4932 1174 4999 praevidere,
1199 4935 1328 5004 quia
1353 4936 1528 5007 ipsum
1562 4952 1753 5007 pecca-

168 5021 280 5067 tum
310 5013 489 5072 aufert
516 5016 590 5072 illi
622 5018 1000 5076 rationabilem
1025 5037 1264 5080 sensum.

180 5144 185 5151 .
238 5103 306 5161 Ει
342 5107 550 5163 abstulit
581 5127 662 5164 me
696 5111 750 5166 in
786 5113 1049 5167 desertum
1080 5114 1137 5167 in
1185 5117 1396 5186 spiritu.
1449 5118 1549 5175 llic
1577 5121 1750 5176 mani-

167 5201 303 5257 feste
351 5199 672 5266 ostenditur,
723 5204 846 5272 quia
902 5204 1016 5260 haec
1050 5205 1232 5261 omnia
1287 5207 1475 5263 beatus
1515 5207 1759 5266 Joannes

165 5300 271 5344 non
299 5302 525 5357 corpore
558 5288 712 5354 vidit,
766 5292 859 5349 sed
897 5293 1087 5363 spiritu
1126 5302 1184 5347 et
1229 5295 1433 5351 mentis
1455 5297 1746 5354 intellectu.

166 5380 471 5444 Desertum,
499 5377 552 5432 in
578 5393 734 5434 sacro
762 5378 994 5451 eloquio,
1017 5384 1317 5454 aliquando
1334 5386 1603 5457 significat
1632 5404 1746 5446 etB-

164 5470 297 5534 lum,
339 5468 627 5540 aliquando
651 5470 813 5526 corda
865 5484 1198 5542 sanctorum,
1244 5476 1531 5547 aliquando
1580 5480 1755 5536 Deum;

163 5558 607 5628 omnipotentem,
634 5560 921 5630 aliquando
948 5565 1108 5620 corda
1141 5567 1510 5638 reproborum.
1542 5568 1755 5626 Ctelum

163 5648 432 5719 signiﬁcat
453 5649 748 5717 desertum,
780 5660 839 5706 ut
865 5661 948 5708 est
975 5652 1103 5709 illud
1134 5656 1187 5711 in
1232 5658 1526 5731 Evangelio
1559 5679 1570 5714 :
1620 5659 1750 5732 Quis

164 5755 231 5797 ex,
250 5739 391 5795 vobis
412 5740 564 5796 homo
593 5741 683 5815 qui
706 5741 856 5799 habet
903 5752 1291 5819 contumaces,
1323 5760 1372 5806 et
1398 5753 1442 5824 si
1470 5752 1754 5823 perdiderit

1857 4652 2172 4724 sanguinem
2218 4663 2550 4719 sanctorum,
2595 4669 2754 4725 quem
2804 4655 3057 4713 fuderunt
3083 4673 3097 4722 ;
3127 4657 3241 4713 sive
3274 4660 3445 4714 etiam‘

1854 4759 1953 4814 pro
1969 4743 2200 4814 eloquiis
2224 4744 2524 4802 divinarum
2549 4745 2951 4817 Scripturarum
2974 4749 3445 4807 maleinteliectis;

1856 4832 1932 4889 De
1975 4848 2081 4902 qua
2127 4834 2304 4890 adhuc
2335 4835 2582 4891 subditur
2614 4854 2645 4891 ιη
2679 4836 2901 4895 Plenam
2951 4841 3246 4896 nonnullius
3297 4840 3443 4896 bina-

1852 4923 2092 4993 phemiw.
2130 4924 2208 4981 Ac
2251 4926 2295 4981 si
2322 4926 2561 4982 diceret:
2592 4925 2748 4984 Nulla
2774 4945 2902 5001 pars
2923 4932 2977 4986 in
3000 4948 3062 4988 ea
3093 4932 3442 5003 blasphemus
3470 5004 3479 5011 _

1855 5025 2033 5080 vacat,
2058 5017 2190 5086 quia
2226 5032 2361 5073 voce
2383 5018 2625 5075 simulet
2652 5034 2816 5091 opere
2844 5021 3012 5077 Deum
3036 5031 3084 5077 et
3117 5037 3303 5080 servos
3324 5024 3445 5096 ejus

1853 5103 2211 5177 blasphemat.
2246 5106 2413 5178 Magis
2466 5119 2646 5165 autem
2696 5110 2799 5167 hoc
2851 5110 2960 5174 lict,
3018 5125 3303 5183 postquam
3353 5114 3447 5171 ills

1855 5194 2138 5251 damnatus
2192 5196 2354 5252 homo
2398 5213 2629 5270 regnare
2657 5200 2904 5270 emperit,
2940 5201 3032 5271 qui
3060 5210 3133 5258 se
3163 5202 3439 5260 Christum

1854 5285 1996 5344 dicet
2045 5302 2189 5354 esse,
2218 5303 2342 5344 cum
2396 5291 2468 5346 sit
2506 5290 2887 5349 Antichristus.
2922 5293 3075 5350 Tunc
3107 5296 3250 5351 enim
3278 5298 3443 5353 omne

1854 5397 2047 5454 corpus
2069 5382 2210 5439 illius
2227 5385 2462 5454 maxime
2481 5384 2649 5441 Deum
2675 5385 3086 5458 blasphemabit,
3106 5390 3232 5459 quia
3255 5392 3441 5445 omnia

1856 5494 1975 5551 quae
2000 5487 2126 5535 ante
2167 5495 2227 5535 se
2273 5478 2513 5546 fuerunt,
2570 5480 2714 5538 dicet
2746 5482 2914 5539 fuisse
2955 5484 3250 5551 contraria,
3300 5483 3441 5540 alitr-

1858 5585 2013 5626 ntans
2040 5569 2312 5626 Christum
2349 5570 2517 5627 fuisse
2544 5570 2958 5640 Antichristum,
2988 5572 3256 5646 apostolos
3297 5572 3442 5655 illius

1858 5660 2340 5732 pseudoapostoios
2383 5669 2440 5717 et
2480 5662 2801 5719 Antichristi
2842 5665 3159 5722 ministros:
3188 5674 3261 5721 et
3288 5665 3444 5735 quid.

1860 5749 1990 5821 quid
2021 5752 2180 5810 modo
2210 5760 2457 5810 tenemus
2495 5753 2547 5809 iu
2582 5753 2829 5821 veritate,
2862 5764 3029 5812 totum
3054 5784 3055 5787 η
3077 5755 3445 5815 ilicet-metm
