3972 6456
540 355 679 412 Η·ίὸ

1018 353 1374 412 IIAYMONIS
1412 349 1896 410 llALBERSTAT.
1936 345 2110 402 EPIS(

2214 342 2349 400 JPP.
2389 343 2572 402 PARS
2610 345 2749 400 I.—
2781 343 3138 406 COMMENT.
3177 345 3347 402 BIBL.

3740 347 3861 405 liii

528 474 628 528 bra
655 472 773 541 ejus
802 469 1097 540 negabunt,
1120 475 1176 521 et
1203 467 1544 522 mendacium
1573 465 1746 520 fuisse
1772 465 1972 519 dicent.
2003 461 2122 515 Ha-
2150 461 2201 523 Α
2228 467 2372 515 tutes
2418 459 2797 532 significantur
2847 471 3178 526 sanctorum,
3232 463 3286 518 id
3333 469 3424 516 est
3489 461 3683 524 fides,
3728 479 3857 535 spes,

532 565 732 617 bentem
782 562 954 629 capita
999 568 1192 626 septem
1240 567 1288 610 et
1321 573 1518 610 cornua
1544 557 1741 610 decem.
1767 557 1888 611 ‘Pe-r
1916 564 2124 623 septem

533 653 708 721 capita
740 653 819 721 (ut
850 647 1220 717 supradictum
1259 647 1364 717 est)
1399 663 1592 702 omnes
1641 662 1796 718 reges
1847 648 1997 712 mali,
2029 647 2123 716 qui

530 745 752 798 fuerunt
797 740 866 794 ab
914 738 1138 794 exordio
1176 740 1364 792 mundi
1395 753 1566 807 usque
1610 740 1678 792 ad
1712 740 1872 792 linem
1917 737 2122 801 saeculi,

530 829 933 898 intelliguntur;
981 827 1106 895 quia
1159 826 1502 895 septenarius
1544 842 1808 880 numerus
1855 825 2124 879 universi-

529 920 866 976 tatem'solet
908 919 1224 973 ostendere.
1285 917 1392 971 Per
1429 919 1622 972 decem
1663 925 1845 970 autem
1891 931 2121 981 cornua,

526 1011 708 1066 omnia
733 1023 896 1080 regna
920 1007 1137 1062 diabolo
1154 1015 1209 1061 et
1241 1006 1581 1061 Antichristo
1611 1005 1874 1074 subjecta,
1897 1005 2043 1060 unde
2069 1013 2125 1059 et

528 1102 716 1157 Daniel
752 1101 881 1155 dicit
911 1114 928 1153 :
967 1099 1146 1152 Bestia
1174 1107 1362 1168 quarta
1400 1107 1648 1167 quartum
1695 1111 1908 1166 regnum
1937 1095 2033 1148 erit
2068 1095 2123 1149 in

525 1205 686 1258 terra,
709 1195 846 1265 quod
869 1193 1044 1262 majus
1065 1193 1161 1246 erit
1186 1191 1424 1246 omnibus
1448 1191 1616 1261 regnis
1635 1189 1797 1260 (Dan.
1816 1189 1934 1259 vn).-
1953 1188 2124 1243 Porro

526 1286 713 1341 decem
757 1301 958 1341 cornua
986 1283 1156 1354 ipsius
1181 1283 1330 1354 regni
1360 1283 1547 1337 decem
1588 1296 1746 1351 reges
1770 1287 1952 1343 erunt,
1984 1295 2124 1350 quos

525 1376 779 1432 videlicet
807 1378 924 1432 htec
945 1377 1298 1448 Apocalypsis
1326 1376 1378 1431 in
1402 1384 1608 1446 septem
1635 1375 1825 1430 bestiae
1854 1375 2122 1444 capitibus

528 1479 593 1520 ac
621 1467 805 1520 decem
831 1466 1090 1520 cornibus
1120 1474 1537 1520 commemorat.
1569 1463 1637 1518 Et
1665 1464 1764 1534 ipsi
1793 1463 1937 1518 enim
1967 1476 2122 1532 reges

526 1563 582 1608 et
617 1570 803 1625 regna,
828 1570 954 1624 pars
1012 1554 1198 1610 bestire
1229 1562 1372 1617 sunt,
1407 1553 1532 1623 quia
1560 1552 1836 1608 Christum
1867 1551 2122 1621 blasphe-

527 1653 678 1697 mani
707 1652 763 1698 et
810 1658 942 1698 voce
975 1650 1032 1699 et
1059 1658 1243 1712 opere.
1279 1643 1427 1698 Unde
1450 1641 1686 1698 Joannes
1718 1641 1858 1697 idem
1903 1642 1956 1695 in
2000 1641 2122 1710 Epi-

528 1733 670 1788 stola
699 1749 794 1788 sua
829 1734 994 1789 dicit:
1035 1733 1219 1788 Omnis
1264 1735 1480 1804 spiritus
1527 1735 1619 1804 qui
1665 1733 1814 1788 soluit
1851 1731 2034 1787 Iesum
2063 1733 2118 1787 in

2228 552 2490 616 Charitas,
2542 550 2844 616 humilitas,
2875 553 3232 607 mansuetudo
3275 561 3327 608 et
3379 565 3638 608 eastern:
3689 555 3858 623 huth-

2227 645 2392 709 modi,
2430 644 2626 714 quibus
2660 652 2926 698 ornantur
2957 644 3160 699 fideles.
3193 645 3322 712 Qua:
3348 658 3726 702 ornamenta
3751 665 3854 706 cum

2225 733 2338 788 sola
2379 735 2579 788 habeat
2609 734 2874 801 Ecclesia,
2904 735 3168 790 fallaciter
3197 737 3298 792 sibi
3327 753 3640 807 usurpare
3677 742 3855 797 nititur

2227 824 2342 879 haec
2370 825 2565 879 mulier
2591 839 2869 894 perversa.
2902 825 3110 881 Idcirco
3132 841 3190 881 se
3213 828 3319 883 hoc
3345 829 3590 884 habere
3637 830 3851 886 simulat

2179 949 2186 959 ι
2225 917 2367 986 quod
2399 933 2505 972 non
2533 918 2718 981 habet,
2749 926 2812 972 ut
2839 933 2975 987 quos
3000 933 3108 972 non
3131 922 3374 989 potuerit
3407 935 3520 992 per
3545 926 3850 990 potentiam

2224 1005 2444 1060 trahere
2473 1005 2540 1060 ad
2566 1021 2833 1073 errorem,
2861 1007 3096 1076 decipiat
3129 1023 3229 1078 per
3271 1011 3620 1066 simulatam
3661 1017 3848 1069 sancti-

2225 1100 2417 1157 tatem,
2441 1103 2495 1148 et
2526 1095 2770 1150 fraudem
2819 1097 3192 1153 verisimilem.
3219 1100 3449 1155 [labens
3468 1105 3742 1172 poculum
3765 1125 3846 1159 en-

2222 1200 2368 1237 reum
2397 1185 2454 1238 in
2502 1201 2663 1239 manu
2707 1203 2805 1240 sua
2846 1186 3057 1256 plenum
3098 1189 3514 1246 abominatione
3542 1203 3601 1248 et
3633 1196 3845 1248 inuas-

2224 1273 2355 1328 ditia
2383 1274 2752 1344 fornicationis
2799 1276 2934 1346 ejus.
2989 1279 3108 1349 ipsa
3136 1284 3404 1338 meretrix
3447 1292 3546 1339 est
3597 1288 3839 1354 poculum

2223 1378 2448 1419 aureum
2477 1374 2699 1436 propter
2725 1367 3033 1422 simulatam
3062 1372 3448 1438 sanctitatem,
3503 1389 3690 1442 quam
3718 1392 3837 1444 pm

2224 1457 2396 1511 tendit
2425 1459 2835 1525 exterius,,cum
2887 1461 2958 1516 sit
2993 1462 3219 1519 interius
3244 1464 3414 1533 plena
3452 1469 3624 1521 omni
3661 1468 3836 1536 iniqui-

2224 1556 2337 1605 tate
2361 1556 2416 1604 et
2444 1551 2866 1614 abominatione,
2897 1553 3041 1607 unde
3089 1564 3144 1608 et
3169 1555 3454 1611 Jeremias
3488 1558 3675 1612 dicit:
3703 1557 3834 1611 Cati:

2223 1656 2415 1695 aureus
2452 1641 2692 1711 Babylon
2721 1643 2778 1696 in
2823 1659 2982 1697 manu
3004 1643 3104 1698 Dei
3138 1644 3272 1715 (Jer.
3303 1651 3407 1714 ιι).
3443 1646 3677 1703 Aurum
3707 1651 3828 1703 enim

2223 1732 2489 1786 simulata:
2544 1733 2853 1788 sanctitatis
2887 1750 2957 1794 se
3001 1751 3100 1805 per
3157 1737 3510 1808 bypocrisim
3568 1740 3745 1812 lingit,
3782 1752 3828 1794 ut

527 1837 692 1877 carne
714 1822 943 1887 venisse,
972 1839 1037 1876 ex
1061 1822 1171 1876 Deo
1197 1839 1298 1876 non
1319 1832 1432 1886 est;
1465 1824 1622 1876 et'liic
1644 1831 1718 1876 est
1744 1822 2113 1886 Anticltristus,
2146 1813 2194 1874 B
2223 1822 2435 1878 facilius
2461 1823 2526 1877 ad
2555 1824 2950 1879 immunditiam
3002 1826 3382 1885 fornicationis
3413 1833 3734 1900 quemlibet
3761 1833 3825 1886 bi.

526 1915 592 1963 de
612 1926 713 1980 quo
744 1910 968 1964 audistis
996 1911 1243 1981 quoniam
1274 1912 1522 1977 veniet,et
1546 1927 1685 1964 nunc
1705 1911 1821 1980 jam
1845 1912 2115 1966 inmundo

523 2015 596 2056 est
623 2001 677 2072 (Ι
694 2001 855 2056 Joan.
877 2004 992 2074 ut);
1024 2011 1079 2056 et
1107 2002 1235 2058 alibi
1260 2021 1274 2056 :
1308 2001 1468 2055 Nunc
1492 2002 1645 2056 multi
1666 2002 1960 2056 antichristi
1990 2001 2118 2070 facti

523 2107 666 2150 sunt.
699 2082 833 2152 Nec"
861 2097 1058 2151 mirum
1095 2096 1139 2151 si
1172 2097 1276 2151 hoc
1327 2095 1633 2164 signiﬁcent
1681 2102 1883 2166 septem
1913 2095 2112 2164 capita,

523 2188 668 2257 quod
698 2189 887 2244 decem
927 2203 1150 2251 cornua,
1180 2203 1302 2243 cum
1346 2187 1542 2242 mulier
1575 2188 1856 2252 meretrix,
1885 2194 1937 2242 et
1961 2201 2114 2256 aquae

522 2278 725 2344 multae,
759 2287 816 2333 et
842 2278 1035 2344 bestia,
1060 2279 1162 2333 hoc
1189 2285 1360 2333 totum
1385 2293 1549 2333 unum
1574 2293 1771 2349 corpus
1793 2291 1913 2332 esse
1936 2285 2116 2333 osten-

524 2369 724 2436 datur;
753 2378 978 2439 propter
1001 2369 1373 2425 diversitatem
1399 2369 1541 2424 euim
1587 2368 1850 2424 scelerum
1879 2383 2020 2422 nunc
2056 2367 2113 2422 in

519 2468 729 2529 septem
781 2461 966 2514 bestiae
1007 2459 1296 2529 capitibus,
1317 2473 1462 2514 nunc
1501 2459 1552 2513 in
1601 2459 1789 2514 decem
1835 2458 2110 2523 cornibus,

522 2549 640 2620 ipsa
687 2551 857 2606 bestia
908 2551 1167 2606 dividitur
1203 2565 1323 2618 qua:
1377 2559 1431 2604 et
1479 2549 1664 2604 fraude
1716 2549 1937 2618 decipit,
1977 2556 2032 2602 et
2059 2547 2111 2602 vi

521 2641 750 2708 premit;
777 2641 830 2695 in
857 2641 1079 2706 virtute,
1098 2639 1305 2694 scilicet
1326 2655 1424 2709 per
1451 2647 1695 2708 apertam
1722 2640 2037 2709 potentiam,
2057 2639 2111 2694 in

526 2736 697 2807 signis
723 2750 853 2791 vero
889 2745 946 2790 et
992 2735 1255 2806 prodigiis
1311 2735 1663 2790 mendacibus
1701 2749 1764 2788 ac
1795 2733 2110 2788 seductione

526 2823 849 2894 iniquitatis,
883 2840 981 2895 per
1009 2825 1336 2896 hypocrisim
1375 2824 1640 2879 simulatae
1684 2824 1922 2878 virtutis.
1956 2823 2108 2889 Quod

523 2925 581 2973 et
617 2917 947 2988 generaliter
971 2919 1040 2972 de
1063 2917 1209 2972 omni
1254 2931 1483 2986 corpore
1511 2914 1773 2970 malorum
1801 2914 2110 2984 intelligere

522 3008 799 3072 debemus,
827 3007 1074 3077 quamvis
1095 3006 1312 3076 quidam
1333 3007 1437 3060 hoc
1458 3003 1696 3061 referant
1725 3005 1791 3057 ad
1816 3002 2107 3069 Neronem,

522 3107 830 3153 asserentes
857 3113 978 3152 eum
1011 3097 1079 3152 ab
1107 3095 1296 3150 inferis
1324 3095 1772 3158 resuscitandum,
1806 3101 1860 3148 ct
1882 3108 2106 3164 regnum

530 3199 759 3244 'ulurum
790 3191 1186 3260 accipiendum.

597 3281 664 3334 Et
693 3281 883 3336 mulier
906 3290 1017 3334 erat
1060 3281 1385 3334 circmndata
1420 3295 1654 3350 purpura
1692 3287 1739 3331 et
1779 3294 1952 3342 cocco,
1983 3286 2030 3330 et
2054 3278 2109 3331 iu

521 3381 715 3426 aurata
745 3389 899 3438 (mro,
933 3380 981 3426 et
1027 3371 1199 3436 lapide
1241 3365 1486 3440 pretioso,
1517 3379 1564 3423 et
1611 3370 1932 3439 margaritis.
1975 3367 2110 3421 Pur-

517 3475 655 3533 pura
703 3477 891 3534 regum
943 3470 1027 3518 est
1078 3462 1472 3525 indumentum,
1509 3468 1564 3515 et
1593 3460 1821 3530 tingitur
1849 3457 2110 3529 sanguine

518 3555 752 3624 piscium
784 3553 1201 3609 maritimorum.
1257 3552 1399 3619 Quid
1443 3553 1624 3621 itaque
1671 3566 1770 3621 per
1811 3565 2106 3620 purpuram

523 3661 630 3714 qua
663 3646 1098 3701 eircumdabatur
1129 3645 1322 3699 mulier
1349 3645 1607 3699 debemus
1656 3642 1975 3712 intelligere,
2005 3641 2108 3695 nisi

519 3736 708 3792 fucum
744 3737 1066 3808 regiminis?
1093 3735 1246 3803 Quod
1288 3735 1434 3790 enim
1475 3734 1714 3790 Ecclesia
1744 3733 1905 3788 habet
1932 3733 1986 3786 in
2017 3747 2109 3787 ve-

521 3830 704 3896 ritate,
736 3830 842 3886 boc
868 3831 954 3885 isti
993 3829 1242 3885 simulate
1267 3829 1560 3884 habebunt.
1606 3828 1843 3884 Ecclesia
1875 3841 2109 3896 namque

520 3920 689 3978 babet
733 3937 1026 3993 purpuram
1056 3929 1111 3976 et
1159 3936 1403 3985 coccum,
1434 3921 1484 3975 id
1513 3928 1596 3974 est
1623 3919 1825 3990 regiam
1871 3918 2105 3988 dignita-

519 4020 710 4075 tatem,
739 4013 866 4080 quia
913 4011 1079 4066 habet
1125 4025 1306 4080 regem
1352 4009 1655 4071 Christum,
1684 4015 1738 4062 et
1765 4007 1933 4062 habet
1956 4021 2022 4061 ex
2048 4021 2107 4062 se

518 4106 684 4161 etiam
712 4120 869 4175 rcges
894 4104 1099 4174 plures,
1137 4103 1394 4173 quoniam
1423 4110 1479 4158 et
1504 4102 1617 4172 ipsa
1647 4099 1886 4154 Ecclesia
1917 4105 2107 4169 regnat

518 4213 618 4269 per
645 4197 942 4254 Christum.
985 4197 1082 4251 Est
1119 4197 1262 4250 enim
1311 4211 1480 4266 genus
1523 4193 1754 4250 electum
1799 4201 1856 4248 et
1900 4192 2101 4263 regale.

520 4287 629 4342 Sed
661 4288 764 4341 ista
815 4285 1010 4341 mulier
1057 4286 1333 4350 meretrix,
1369 4285 1423 4338 id
1457 4292 1543 4339 est
1593 4284 1772 4338 omnis
1818 4282 2105 4336 multitudo

517 4378 809 4442 malorum,
833 4378 962 4431 dicit
983 4392 1041 4432 se
1068 4377 1268 4432 habere
1301 4390 1593 4447 purpuram
1620 4390 1743 4429 cum
1773 4388 1879 4428 non
1916 4373 2100 4438 habet,

519 4471 575 4524 id
605 4478 689 4525 est
720 4485 779 4524 sc
805 4468 958 4540 ﬁngit
982 4469 1184 4523 habere
1221 4482 1396 4538 reges,
1429 4465 1568 4521 sicut
1593 4465 1692 4520 fuit
1719 4464 1883 4531 Nero,
1913 4464 2097 4518 Domi-

519 4561 718 4625 tianus,
769 4569 824 4615 et
879 4559 1060 4615 caateri
1111 4558 1379 4613 malorum
1428 4558 1700 4628 principes
1748 4558 1839 4627 qui
1891 4557 2106 4612 divitias

519 4651 680 4705 istius
724 4650 925 4714 saeculi,
981 4664 1102 4720 quae
1140 4647 1406 4702 malorum
1455 4649 1665 4702 animos
1708 4647 1956 4712 illieiuut,
2009 4647 2106 4701 ha-

520 4740 793 4804 buerunt;
823 4739 916 4794 sed
944 4739 1000 4794 bi
1032 4737 1169 4792 tales
1193 4751 1302 4793 non
1329 4737 1544 4794 fuerunt
1570 4753 1745 4809 reges,
1778 4738 1906 4808 quia
1931 4751 2106 4808 neque

519 4847 602 4896 se,
631 4846 808 4902 neque
837 4829 974 4885 alios
993 4829 1130 4884 bene
1152 4843 1340 4900 regere
1359 4838 1670 4900 potuerunt,
1690 4829 1819 4898 quin
1844 4829 2023 4898 potius
2050 4836 2105 4881 et

519 4922 623 4993 ipsi
667 4923 816 4976 vitiis
845 4920 1171 4985 servierunt,
1200 4927 1255 4975 et
1293 4919 1428 4975 alios
1466 4935 1566 4976 suo
1599 4919 1846 4989 exemplo
1880 4918 1947 4973 ad
1973 4917 2104 4972 vitia

519 5015 880 5085 perpetranda
904 5020 1202 5068 traxerunt.
1219 5010 1393 5068 liabet
1407 5026 1621 5082 quoque
1633 5009 1872 5068 Ecclesia
1893 5011 2101 5065 inaura-

522 5115 634 5161 tam
665 5115 893 5171 vestem,
912 5106 964 5161 id
985 5115 1068 5161 est
1089 5105 1435 5170 charitatem,
1458 5104 1572 5158 sive
1589 5104 1750 5159 etiam
1776 5101 2100 5174 sapientiam

521 5199 590 5254 de
615 5213 719 5268 qua
739 5199 998 5268 scriptum
1020 5206 1131 5253 est:
1150 5197 1377 5269 Accipite
1395 5195 1704 5266 sapientiam
1720 5197 1855 5249 sicut
1877 5209 2065 5247 aurum
2082 5210 2100 5257 ,-

517 5295 577 5346 et
617 5290 936 5345 Psalmista:
969 5290 1145 5344 Astitit
1192 5290 1373 5359 regina
1397 5306 1429 5342 a
1455 5288 1653 5342 dextris
1695 5287 1796 5341 tuis
1828 5287 1883 5340 in
1913 5286 2099 5340 vestitu

520 5381 776 5434 deaurato
791 5379 961 5451 tPsal.
978 5381 1143 5452 LXIV).
1159 5380 1238 5435 ita
1259 5381 1443 5435 ethazc
1465 5377 1660 5433 mulier
1683 5378 1960 5442 meretrix,
1976 5394 2099 5434 cum

521 5471 592 5527 sit
617 5471 958 5536 stultissima,
983 5473 1156 5527 adhuc
1178 5480 1236 5526 ut
1258 5471 1494 5542 negligat
1514 5485 1634 5540 quae
1658 5470 1758 5524 sibi
1784 5471 1837 5524 in
1860 5470 2101 5526 futurum

520 5578 777 5633 prospera
811 5563 1100 5618 succedere
1121 5563 1370 5629 debeant,
1401 5563 1532 5618 dicit
1560 5579 1617 5618 se
1641 5578 1763 5618 esse
1785 5563 2100 5634 sapientem,

521 5663 579 5709 et
615 5654 879 5725 gloriatur
928 5657 980 5710 in
1037 5657 1187 5712 libris
1227 5657 1696 5728 philosophorum,
1735 5667 1789 5713 et
1840 5658 2103 5728 sapientia

525 5745 746 5802 humani
789 5749 959 5804 verbi.
991 5749 1043 5804 ln
1083 5750 1258 5810 lapide
1285 5751 1522 5809 pretioso
1561 5759 1618 5808 et
1661 5752 1969 5818 margaritis
1999 5752 2109 5806 vir-

2136 4516 2187 4576 D

2215 1915 2449 1972 bendum
2482 1917 2697 1970 invitet.
2747 1917 2972 1972 Talibus
3005 1919 3264 1976 Dominus
3294 1921 3436 1976 dicit
3472 1941 3488 1975 :
3554 1923 3648 1978 Vae
3677 1925 3826 1989 celsis,

2212 2007 2302 2078 qui
2345 2005 2539 2061 similes
2585 2007 2707 2060 estis
2762 2006 3014 2075 sepulcris
3063 2009 3323 2065 dealbatis
3373 2011 3607 2080 (Matth.
3653 2019 3821 2081 mn).

2213 2091 2529 2150 Abominari
2584 2096 2782 2165 quippe
2833 2103 2916 2150 est
2966 2097 3149 2166 abjici.
3198 2099 3354 2154 Unde
3386 2111 3445 2155 et
3507 2103 3561 2154 in
3614 2102 3826 2156 Psalmo

2214 2181 2451 2237 dicitur:
2510 2183 2696 2237 Virum
2727 2186 3034 2253 sanguinem
3064 2195 3114 2239 et
3155 2187 3398 2241 dolosam
3431 2190 3824 2243 abominabitur

2212 2270 2469 2327 Dominus
2499 2272 2671 2345 (Psal.
2705 2274 2780 2345 γ).
2811 2274 2938 2328 Ηωο
2967 2289 3097 2345 ergo
3128 2277 3326 2332 mulier
3375 2279 3532 2348 plena
3563 2290 3650 2334 est
3681 2282 3818 2334 alio-

2212 2364 2530 2432 minutione,
2583 2369 2689 2424 hoc
2740 2377 2827 2425 est
2871 2370 3030 2442 plena
3081 2378 3165 2425 est
3224 2371 3464 2440 operibus
3515 2374 3804 2442 nequitia,

2210 2472 2312 2529 pro
2339 2461 2533 2530 quibus
2561 2462 2721 2534 digna
2769 2472 2853 2519 est
2903 2464 3328 2528 abominatione,
3373 2465 3474 2519 hoc
3509 2474 3595 2518 est
3637 2465 3799 2533 abie—

2212 2551 2412 2615 ctione,
2465 2553 2609 2621 quod
2661 2553 2848 2608 statim
2903 2554 3305 2618 manifestatur,
3338 2570 3458 2608 cum
3505 2557 3754 2610 subditur
3787 2575 3803 2608 τ

2213 2649 2260 2694 et
2289 2642 2624 2696 immunditia
2653 2643 3019 2712 fornicationis
3072 2645 3210 2714 ejus.
3242 2643 3475 2700 Ponitur
3501 2645 3593 2700 hic
3641 2645 3804 2699 forni-

2212 2731 2382 2796 catio,
2403 2747 2522 2801 qua:
2553 2741 2639 2788 est
2664 2734 2818 2788 radix
2846 2735 3089 2789 omnium
3119 2735 3416 2801 malorum,
3449 2751 3552 2804 pm
3573 2735 3814 2791 omnibus.

2210 2821 2468 2890 peccatis.

2281 2912 2349 2966 Et
2372 2914 2425 2967 iu
2455 2912 2625 2982 fronte
2650 2913 2763 2983 ejus
2783 2930 2970 2969 nomen
2995 2914 3246 2985 scriptum
3269 2928 3288 2966 :
3325 2913 3645 2986 Mysteriim
3667 2929 3684 2964 :
3703 2914 3796 2967 Ba-

2212 3002 2365 3074 bylon
2406 3021 2600 3074 magna
2645 3015 2816 3060 mater
2850 3005 3258 3074 fornicationum
3284 3015 3336 3058 et
3363 3007 3794 3059 abominatioam

2211 3103 2383 3147 teme.
2408 3093 2512 3148 Per
2528 3093 2757 3150 frontem
2775 3095 3085 3166 Babylonis,
3102 3096 3491 3150 manifestatio
3509 3097 3794 3166 designatur

2134 3166 2178 3229 (ἶ
2212 3183 2410 3253 operis.
2429 3183 2578 3238 Unde
2601 3185 2859 3240 Dominus
2875 3186 3003 3240 dicit
3028 3199 3043 3238 :
3077 3185 3120 3238 A
3145 3186 3413 3256 fructibus
3427 3204 3614 3240 eorum
3635 3203 3795 3256 cogno-

2209 3274 2364 3328 scetis
2393 3290 2477 3328 eos
2505 3273 2856 3348 (Matt/um).
2886 3276 3023 3330 Nam
3040 3278 3164 3346 quia
3191 3277 3470 3347 Babylon,
3508 3277 3562 3332 id
3591 3278 3792 3332 estmi-

2213 3365 2385 3420 titudo
2415 3368 2769 3436 reproborum
2811 3384 2912 3439 per
2951 3370 3284 3441 bypocrisim
3328 3371 3570 3426 simulat
3611 3387 3664 3426 se
3696 3385 3792 3423 isse

2211 3455 2354 3524 quod
2377 3471 2484 3510 non
2512 3467 2614 3522 est,
2648 3457 2701 3512 id
2730 3466 2817 3513 est
2843 3460 3153 3515 ostenditse
3169 3475 3402 3514 aureum
3419 3461 3672 3521 calicem,
3691 3475 3788 3513 cum

2210 3549 2283 3603 sit
2302 3549 2457 3617 plena
2483 3551 2765 3619 iniquitate
2779 3559 2836 3606 et
2856 3552 3282 3616 abominatione,
3301 3568 3376 3608 ne
3391 3555 3712 3623 superstitio
3723 3567 3792 3606 er-

2210 3640 2350 3696 roris
2372 3641 2534 3710 pallio
2564 3641 2924 3699 simulationis
2967 3641 3175 3698 falleret
3223 3643 3509 3707 incautos,
3542 3661 3611 3700 ex
3662 3643 3790 3698 titulo

2210 3731 2406 3787 frontis
2436 3731 2646 3788 solliciti
2679 3735 2997 3801 redduntur,
3023 3750 3147 3790 cum
3193 3735 3268 3791 ibi
3305 3736 3586 3808 Babylon,
3634 3738 3684 3791 id
3725 3745 3793 3792 est

2209 3825 2470 3894 confusio,
2494 3825 2766 3881 scribitur.
2804 3827 2954 3882 Unde
2979 3828 3273 3883 videndum
3310 3844 3494 3897 quare
3526 3831 3692 3899 ipsum
3714 3845 3794 3883 ne-

2207 3930 2332 3971 men
2352 3918 2666 3987 mysterium
2687 3917 3003 3988 appelletur.
3032 3918 3348 3988 MySterium
3374 3921 3586 3990 quippe
3611 3920 3796 3975 occh

2208 4022 2297 4063 res
2359 4023 2478 4063 esse
2516 4008 2713 4063 dicitur
2761 4011 2813 4063 in
2871 4025 2978 4086 qua
3029 4009 3170 4064 aliud
3219 4011 3464 4074 videtur,
3523 4013 3672 4066 aliud
3724 4015 3792 4064 ia-

2209 4097 2484 4168 telligitur.
2517 4097 2692 4171 Opera
2721 4101 2920 4171 quippe
2957 4100 3253 4172 Babylonis
3302 4102 3643 4170 quibusdam
3685 4108 3796 4156 sunt

2207 4188 2262 4244 in
2299 4189 2492 4258 fronte,
2550 4193 2873 4261 quibusdam
2924 4194 2977 4248 in
3025 4195 3306 4264 mysterio.
3363 4194 3794 4266 Simplicioribas

2206 4283 2423 4354 quidem
2451 4284 2540 4353 qui
2570 4300 2634 4339 ea
2664 4285 2960 4354 praavidere
2981 4295 3036 4340 et
3061 4286 3509 4357 intelligere’non
3555 4297 3790 4356 possunt.

2206 4374 2530 4445 mysterium
2561 4383 2661 4439 est,
2694 4376 2818 4444 quia
2848 4377 3056 4432 occulta
3101 4387 3225 4432 sunt
3250 4378 3351 4442 eis,
3392 4394 3522 4447 qua:
3553 4394 3588 4432 a
3629 4377 3794 4432 multi-

2215 4470 2398 4524 tudine
2421 4472 2772 4540 reproborum
2809 4482 3067 4541 gerantur
3089 4474 3336 4528 interius.
3369 4475 3789 4530 Perfectioribus

2210 4571 2386 4618 autem
2413 4564 2465 4618 in
2497 4563 2673 4620 fronte
2700 4581 2897 4620 nomen
2927 4582 3081 4620 suum
3106 4568 3362 4630 ostendit,
3382 4569 3518 4636 quia
3545 4569 3664 4636 ejus
3689 4584 3794 4621 orn-

2208 4653 2296 4708 nia
2325 4667 2487 4722 opera
2512 4653 2670 4708 facile
2707 4665 3058 4724 cognoscunt,
3091 4655 3155 4707 Et
3195 4656 3316 4708 ideo
3343 4670 3557 4710 nomen
3596 4660 3710 4726 ejus
3747 4658 3794 4707 in

2209 4743 2388 4800 fronte
2415 4745 2632 4815 quidem
2660 4754 2762 4811 est,
2797 4747 2891 4801 sed
2921 4754 3098 4802 tamen
3129 4746 3184 4800 iu
3216 4749 3483 4818 mysterio
3510 4750 3789 4804 scribitur;

2207 4837 2333 4906 quia
2363 4837 2684 4906 quibusdam
2717 4838 2770 4892 in
2796 4847 2983 4907 aperto
3009 4838 3332 4900 ostenditur,
3382 4841 3717 4908 quibusdam
3746 4842 3790 4892 ia

2208 4927 2468 4996 mysterio
2512 4927 2798 4981 clauditur.
2838 4926 3032 4998 Magna
3071 4928 3268 4984 dicitttr
3298 4927 3548 4998 Babylon
3583 4937 3797 4999 μωρία

2206 5016 2604 5072 multitudinem
2636 5019 3009 5087 reproborum,
3050 5019 3132 5073 vel
3164 5029 3384 5089 propter
3411 5023 3798 5074 enormitatem

2205 5108 2491 5164 scelerum.
2543 5109 2712 5164 Mater
2765 5112 3191 5180 fornicatiouum,
3251 5113 3304 5167 id
3354 5124 3444 5168 est
3482 5116 3648 5168 radi:
3695 5131 3799 5168 om-

2204 5200 2353 5255 nium
2387 5200 2678 5268 malorum;
2721 5218 2846 5256 nam
2899 5211 2952 5256 et
2998 5216 3276 5271 peccatum
3304 5217 3334 5257 a
3368 5205 3613 5259 muliere
3664 5205 3799 5274 cepit

2203 5292 2444 5358 initium,
2476 5309 2595 5362 quae
2623 5294 2861 5363 suscepit
2887 5309 3070 5348 semen
3102 5295 3318 5357 diaboli,
3344 5297 3504 5364 quasi
3538 5295 3796 5360 adulteri.

2139 5455 2150 5466 ο
2206 5389 2259 5444 id
2287 5397 2371 5444 est
2401 5401 2621 5455 pravam
2651 5384 2766 5453 ejus
2795 5385 3216 5454 suggestionem,
3253 5394 3308 5441 et
3345 5388 3562 5455 peperit
3603 5400 3796 5456 pem-

2206 5487 2340 5543 tum,
2402 5487 2755 5532 contemnens
2804 5484 3132 5545 praeceptum
3174 5475 3408 5542 Domini,
3462 5493 3591 5547 qua:
3639 5479 3800 5531 etiam

2206 5580 2394 5644 postea
2435 5572 2609 5625 virum
2640 5569 2872 5640 decepit,
2903 5577 2959 5622 et
2986 5569 3066 5622 sic
3089 5563 3272 5624 sémeu
3319 5570 3533 5639 peccati
3585 5571 3659 5624 ad
3703 5582 3802 5625 ms

2207 5676 2378 5732 usque
2417 5661 2735 5716 transmisit.
2775 5660 2952 5714 Ambo
2977 5674 3106 5730 ergo
3131 5663 3338 5731 peccati
3367 5664 3653 5730 genitores
3683 5661 3798 5716 fue-

2208 5761 2356 5819 runt,
2389 5752 2514 5822 quia
2560 5752 2770 5808 adulter
2801 5763 2858 5810 et
2907 5754 3167 5811 meretrix
3217 5771 3386 5812 unum
3409 5771 3622 5828 corpus
3659 5753 3798 5814 edici
