3972 6496
225 401 373 464 Itts
1158 398 1523 460 sitposmo
1556 397 1627 456 IN
1662 396 2158 475 APOCALYPSIN.
2198 401 2435 463 —.Ltu.
2475 401 2566 461 γι.
3354 414 3497 473 ωδ

218 525 565 573 meruerunt.
585 513 685 573 Vel
708 523 857 574 certe
903 524 1076 572 mater
1107 514 1548 579 foruicationum,
1595 527 1803 583 prmce-
1828 518 1879 578 Λ
1908 512 2183 583 interﬁciat
2207 516 2396 585 spiritu
2427 517 2534 571 aris
2562 517 2645 572 sui
2674 517 2762 589 (II
2790 518 2970 575 Thess.
3002 521 3087 593 ιι).
3120 521 3272 590 Quod
3309 533 3363 581 et
3397 541 3493 598 ge-

216 605 364 663 dens
384 608 661 679 generatio
686 608 1026 680 intelligitur,
1067 624 1193 678 quae
1216 607 1522 661 inuitatione
1551 619 1805 675 perversa
1906 604 2169 673 neraliter
2198 607 2265 661 de
2289 610 2435 663 omni
2466 624 2695 679 corpore
2718 611 2984 666 malorum
3012 613 3311 686 intelligere
3332 617 3496 675 debe-

214 705 281 755 et
328 699 573 769 exemplo
627 701 771 758 malo
812 706 987 757 malos
1030 700 1251 769 reliquit
1293 700 1615 754 imitatores.
1651 696 1805 752 Sicut
1906 710 2047 761 mus,
2072 697 2325 765 quamvis
2342 699 2560 768 quidam
2590 701 2693 757 hoc
2718 701 2959 759 referant
2985 706 3053 759 ad
3080 705 3368 774 Neronem,
3403 724 3492 765 as.

214 791 369 847 enim
392 808 580 849 semen
601 792 875 863 justorum
906 794 1209 848 imitatores
1236 793 1489 847 dicuntur
1515 791 1805 856 bonorum,
1906 794 2149 840 serentes
2192 801 2325 841 eum.
2361 787 2430 843 ab
2455 788 2640 845 inferis
2687 791 3145 859 resuscitandum,
3177 804 3235 850 et
3268 812 3493 867 regnum

214 885 366 940 unde
394 894 500 951 est,
531 883 810 941 Generatio
855 897 1113 942 rectorum
1147 886 1476 941 benedicetur
1503 901 1521 939 :
1548 894 1602 939 et
1624 885 1701 940 sic
1722 899 1780 940 se

1924 874 2145 931 itturum
2199 877 2589 948 accipiendum.
2646 880 2717 936 Et
2762 883 3099 938 mirabuntur
3140 878 3492 944 inhabitantes

212 991 347 1031 men
384 977 673 1047 impiorum
701 978 958 1033 dicuntur
987 979 1198 1033 illorum
1231 978 1549 1031 imitatores.
1574 974 1780 1045 Ideoqut

1922 972 2119 1018 ‘ermm.
2151 965 2521 1023 lnhabitantes
2560 978 2787 1037 terram,
2828 975 3047 1043 reprobi
3095 975 3490 1049 intelliguntur.

213 1065 461 1138 Babylon
493 1068 548 1122 ίη
578 1077 830 1125 auctores
851 1069 1341 1142 "aggressionum
1366 1074 1540 1123 mater
1568 1067 1805 1138 appella-
1907 1055 2005 1124 qui
2021 1065 2200 1112 mente
2232 1065 2429 1113 terram
2462 1058 2783 1125 inhabitant,
2826 1072 2884 1118 et
2917 1067 3150 1122 terrenis
3190 1070 3355 1124 rebus
3404 1070 3490 1125 in-

213 1164 309 1213 tur
338 1157 777 1216 foruicationum.

1926 1156 2108 1201 luerent
2141 1163 2239 1216 per
2267 1149 2595 1206 desiderium
2620 1154 2808 1208 animi.
2837 1155 2899 1210 Hi
2931 1173 3054 1211 cum
3081 1160 3315 1214 viderint
3337 1162 3493 1216 dam-

193 1244 206 1272 '
290 1247 362 1303 Et
390 1251 791 1306 vidimuiierem
823 1252 1021 1306 ebriam
1063 1252 1129 1307 de
1175 1252 1430 1322 sanguine
1477 1258 1805 1317 sanctorum,
1905 1236 2506 1302 natumdiabolum,cui
2530 1242 2895 1309 crediderunt,
2913 1247 3037 1315 quia
3061 1249 3495 1308 maximebocad

209 1337 352 1391 etde
380 1340 635 1409 sanguine
656 1348 945 1408 martyrum
979 1339 1130 1394 Jesu.
1167 1339 1321 1407 Quod
1362 1339 1500 1394 vidit
1541 1338 1777 1395 Joannes

1921 1340 1999 1380 :os
2020 1327 2255 1395 pertinet
2274 1327 2364 1396 qui
2394 1328 2791 1386 Antichristum
2808 1348 2905 1403 pro
2932 1337 3042 1389 Deo
3057 1346 3182 1392 sunt
3197 1341 3489 1409 recepturi,

209 1425 366 1480 videt
385 1428 563 1482 omnis
588 1426 829 1482 Ecclesia
839 1467 855 1492 ν
879 1425 1034 1496 cuius
1058 1427 1146 1482 ille
1167 1428 1393 1498 ﬁguram
1420 1427 1662 1498 gerebat,
1706 1427 1804 1481 Di-
1904 1419 2318 1475 admirabuntur
2338 1420 2579 1477 dicentes
2602 1425 2669 1480 ad
2695 1424 2923 1481 invicem
2942 1428 3228 1484 intra:in
3245 1441 3356 1485 erat
3376 1448 3494 1498 spes

209 1513 296 1569 cit,
322 1528 452 1585 ergo
481 1532 495 1569 :
550 1513 667 1569 Vidi
703 1516 996 1581 mulierem,
1020 1516 1075 1570 id
1101 1524 1187 1572 est
1210 1516 1485 1571 malorum
1511 1530 1805 1586 congregat.
1905 1517 2083 1563 nostra
2100 1508 2255 1580 (Isai.
2280 1510 2399 1580 xx)?
2419 1511 2485 1564 Ει
2508 1512 2573 1566 ad
2597 1513 2773 1582 ipsum
2791 1530 2851 1570 sc
2877 1527 3255 1576 convertentes
3273 1521 3455 1576 dicent
3477 1539 3491 1575 :

208 1604 760 1671 tionem,ebriamde
786 1608 1043 1676 sanguine
1066 1617 1387 1673 sanctarum,
1414 1607 1467 1662 id
1506 1614 1590 1662 est
1632 1606 1806 1676 reple-
1904 1600 2045 1659 Ecce
2084 1603 2179 1671 qui
2229 1610 2283 1657 te
2333 1604 2644 1672 putavimus
2689 1606 2984 1673 Christum,
3027 1610 3236 1680 decepti
3279 1627 3488 1677 sumus,

208 1703 329 1751 tam
358 1698 598 1754 vindicta
625 1698 694 1754 de
719 1699 982 1769 sanguine
1018 1707 1327 1755 sanctorum
1348 1740 1365 1766 ,
1390 1707 1439 1754 et
1465 1698 1530 1754 de
1549 1699 1803 1768 sanguine
1904 1691 2030 1745 dum
2063 1692 2222 1747 modo
2245 1701 2298 1747 le
2322 1693 2568 1749 damnari
2604 1696 2873 1753 videmus.
2931 1699 3169 1765 Quarum
3214 1720 3325 1757 non
3366 1714 3491 1759 sunt

207 1797 509 1859 martyrum
528 1789 680 1843 Iesu.
721 1788 778 1843 ln
801 1789 906 1844 hoc
930 1804 1091 1845 versu
1121 1797 1232 1844 tam
1260 1789 1430 1846 Judaei
1452 1804 1616 1859 quam
1638 1789 1799 1844 etiam
1901 1785 2097 1854 scripta
2124 1786 2336 1839 nomina
2376 1786 2432 1840 in
2469 1785 2601 1840 libro
2651 1789 2768 1843 vita:
2789 1807 2823 1843 a
2867 1793 3237 1846 constitutione
3286 1794 3492 1848 mundi.

208 1878 448 1950 gentiles
489 1879 1024 1950 comprehenduntur
1048 1899 1071 1935 ξ
1093 1881 1171 1937 illi
1205 1881 1350 1936 enim
1395 1879 1651 1936 fuderunt
1677 1874 1804 1936 sau-
1829 1872 1877 1931 B
1903 1871 2066 1928 Liber
2093 1874 2218 1928 vita:
2242 1872 2336 1941 jus
2361 1876 2673 1933 divinitatis
2692 1887 2797 1943 est,
2852 1880 2907 1937 id
2952 1890 3037 1936 est
3069 1883 3407 1950 prtescientia
3438 1894 3496 1939 et

208 1969 436 2041 guinem
463 1970 875 2040 prophetarum,
904 1971 995 2025 isti
1021 1979 1202 2026 autem
1222 1971 1597 2042 apostolorum
1612 1980 1669 2025 et
1696 1986 1799 2026 cm-
1901 1964 2307 2034 praedestinatio
2351 1967 2750 2036 omnipotentis
2770 1969 2886 2024 Dei.
2917 1969 2982 2024 Hi
3028 1972 3171 2025 enim
3215 1972 3304 2042 qui
3340 1973 3495 2027 Anti-

210 2069 455 2117 terorum
485 2070 808 2132 martyrum.
836 2062 1069 2132 Ideoque
1089 2064 1384 2118 vindictam
1405 2061 1800 2133 eﬂ‘usi‘sangui-
1904 2055 2169 2110 chrislum
2193 2066 2489 2128 sequentur
2517 2075 2623 2115 non
2653 2070 2780 2116 sunt
2809 2063 2877 2116 ad
2900 2064 3064 2117 vitam
3098 2064 3495 2134 prtudestinati,

209 2153 301 2209 nis
332 2161 442 2208 tam
471 2152 642 2209 Judmi
674 2170 834 2224 quam
871 2155 1099 2226 gentiles
1123 2156 1482 2211 sustinebunt,
1513 2154 1667 2213 Unde
1690 2156 1800 2211 Do-
1902 2144 1958 2200 id
1980 2155 2065 2201 est
2091 2150 2463 2218 prmordinati,
2489 2151 2614 2220 quia
2635 2167 2701 2207 ex
2725 2154 2812 2209 bis
2840 2170 2999 2209 nemo
3020 2157 3238 2225 peribit,
3264 2171 3399 2226 quos
3421 2159 3490 2215 ab
3514 2212 3520 2220 ,

208 2243 395 2298 minus
424 2244 555 2300 dicit
582 2245 634 2298 in
656 2244 977 2316 Evangelio:
1008 2246 1181 2301 Amen
1205 2247 1335 2302 dico
1350 2246 1524 2313 vobis,
1556 2248 1801 2316 require-
1901 2237 2058 2293 initio
2086 2240 2272 2293 mundi
2308 2239 2450 2295 Deus
2476 2241 2765 2298 salvandos
2795 2245 3222 2313 praedestinavit.
3255 2247 3322 2300 de
3366 2237 3506 2317 qui?

206 2341 303 2389 tur
323 2337 544 2406 sanguis
571 2338 812 2392 omnium
840 2338 931 2408 qui
960 2338 1164 2395 effusus
1205 2340 1290 2396 est
1322 2356 1499 2411 super
1540 2349 1741 2397 terram
1767 2360 1774 2396 :

1924 2341 2002 2381 ius
2033 2325 2323 2395 Apostolus
2352 2346 2365 2382 :
2400 2328 2543 2394 Quos
2571 2333 2830 2400 praesciuit
2854 2343 2901 2386 et
2935 2334 3323 2403 pra-destinarit
3362 2353 3492 2392 con-

206 2426 476 2495 sanguine
511 2426 648 2483 Abel
672 2426 808 2496 justi
856 2444 1027 2499 usque
1072 2430 1141 2485 ad
1168 2432 1484 2503 sanguian
1523 2433 1774 2489 Zacharia

1925 2418 2092 2473 'ormes
2119 2420 2235 2488 ﬁeri
2255 2420 2519 2477 claritatis
2559 2438 2672 2479 sum
2723 2424 2905 2493 (Rom.
2935 2426 3074 2497 vin).
3132 2426 3293 2483 Novit
3345 2429 3493 2484 enim

204 2530 241 2571 a
263 2517 611 2587 generatione
634 2518 738 2573 hac
761 2519 993 2588 pessima
1019 2518 1170 2591 (Luc.
1209 2520 1308 2591 ιι).
1344 2521 1451 2578 Vel
1463 2530 1634 2586 certe,
1658 2522 1771 2577 sicu

1925 2508 2045 2563 )eus
2066 2511 2264 2578 quibus
2291 2512 2535 2567 dicturus
2557 2524 2641 2569 est
2675 2533 2687 2567 :
2716 2514 2799 2569 Ite
2819 2517 2874 2570 in
2908 2519 3080 2588 ignem
3115 2528 3367 2573 mternum
3390 2536 3411 2587 ;
3439 2529 3493 2575 et

202 2622 376 2679 supra
412 2608 616 2664 dictum
647 2620 753 2673 est,
780 2610 1001 2679 sanguis
1039 2611 1449 2681 prophetarum,
1498 2612 1798 2681 spirituaiis
1899 2600 2097 2668 quibus
2128 2617 2141 2653 :
2193 2600 2397 2666 Venite,
2441 2604 2696 2658 benedicti
2725 2606 2905 2662 Patris
2952 2609 3055 2662 mei
3105 2594 3320 2679 (Matth.
3353 2610 3492 2681 xxi).

201 2698 427 2757 illorum
454 2699 774 2771 intelligitur
802 2714 1024 2766 sensus,
1047 2716 1208 2771 quem
1234 2700 1330 2771 qui
1363 2701 1505 2757 male
1526 2702 1798 2771 interpr-eu
1909 2687 2155 2753 Υὶίίεηιεε
2190 2694 2430 2757 bestiam.
2464 2696 2515 2750 id
2544 2706 2629 2751 εει
2654 2698 2948 2754 diabolum
2983 2700 3116 2766 Ωιιιε
3151 2712 3263 2756 ενα(
3301 2702 3354 2756 in
3386 2719 3486 2773 νο·

200 2790 377 2846 tando
409 2796 726 2863 pervertere
751 2789 805 2843 in
835 2788 1107 2844 carnalem
1142 2803 1361 2846 sensum
1398 2805 1508 2845 non
1528 2797 1817 2856 metuunt,-
1902 2781 2071 2835 tentia
2091 2798 2283 2854 magna
2315 2795 2441 2840 ante
2471 2786 2762 2842 adventum
2793 2788 2917 2843 Filii
2957 2789 3073 2845 Dei.
3129 2791 3200 2845 Et
3243 2809 3354 2848 non
3391 2778 3497 2860 est,

197 2878 354 2934 sicut
379 2877 586 2934 faciunt
612 2877 803 2942 Judmi,
839 2877 1136 2933 vindictam
1171 2878 1333 2934 en‘usi
1373 2878 1650 2949 sanguinis
1677 2892 1798 2933 sus-
1901 2871 2031 2939 quia
2052 2872 2225 2926 ablata
2248 2881 2331 2929 est
2351 2874 2400 2927 ei
2440 2884 2698 2943 potestas,
2748 2878 2889 2932 sicut
2934 2894 3099 2948 supra
3134 2880 3335 2935 dictum
3384 2889 3491 2948 est,

198 2970 480 3036 tinebunt,
520 2969 739 3040 quando
784 2969 1046 3040 quidquid
1084 2970 1249 3025 vitale
1296 2970 1517 3035 habent,
1546 2970 1815 3039 perdent“
1899 2976 1999 3032 per
2022 2963 2325 3031 passionem
2343 2963 2443 3018 Flii
2468 2964 2701 3030 Dei;vel
2729 2965 2851 3032 fuit,
2866 2970 2993 3038 quia
3011 2970 3067 3024 in
3093 2972 3351 3026 membris
3374 2972 3493 3028 suis

197 3059 280 3115 Et
337 3061 558 3115 miratus
613 3076 754 3127 sum,
781 3076 900 3114 cum
942 3060 1183 3115 vidissem
1221 3060 1394 3126 illaut,
1449 3059 1798 3115 admiratione
1894 3052 2009 3121 iam
2037 3055 2304 3123 apparuit.
2334 3063 2523 3110 etnon
2551 3065 2655 3124 est,
2687 3060 2945 3128 quoniam
2987 3061 3166 3116 adhuc
3213 3062 3487 3118 membro-

197 3156 424 3222 m‘agna.
449 3152 540 3208 Sic
567 3159 623 3208 et
652 3153 827 3209 sancti
853 3152 981 3207 dum
1012 3152 1361 3208 considerant
1389 3151 1629 3221 quotidie
1650 3152 1797 3206 dam.
1903 3159 2025 3200 rum
2053 3153 2215 3214 caput
2239 3160 2338 3215 per
2366 3147 2715 3216 semetipsum
2744 3152 2977 3205 necdum
3011 3153 3281 3221 apparuit.

199 3242 485 3298 nationem
507 3243 864 3313 reproborum
895 3243 1139 3298 omnium
1163 3232 1455 3308 mirantur,
1484 3256 1583 3297 cur
1610 3242 1796 3297 miseri
1827 3222 1871 3286 C
1973 3237 2041 3291 Et
2071 3238 2154 3292 hic
2192 3248 2267 3293 est
2290 3255 2471 3294 sensus
2495 3257 2515 3295 :
2549 3239 2651 3306 Qui
2691 3242 2843 3297 habet
2868 3246 3203 3314 sapientiam,
3242 3247 3346 3302 hoc
3384 3256 3496 3315 est,

200 3351 318 3397 non
343 3336 715 3402 considerant,
741 3352 863 3406 qua:
899 3344 1169 3391 tormenta
1200 3336 1304 3392 sibi
1328 3336 1666 3391 immineant.
1902 3327 2210 3382 intellectus
2238 3338 2323 3384 est
2353 3328 2429 3382 illi
2456 3332 2799 3386 necessarius
2843 3333 2896 3386 in
2945 3332 3050 3388 hoc
3095 3333 3233 3390 loco.
3267 3336 3367 3402 Qui
3400 3337 3491 3391 ha.

280 3427 349 3482 Et
376 3429 510 3483 dixit
540 3428 668 3483 mihi
697 3426 912 3499 angelus
939 3445 961 3484 ελ
995 3427 1105 3483 cur
1127 3429 1338 3483 mirari;
1356 3429 1385 3481 γ
1402 3426 1494 3483 Sic
1517 3428 1682 3489 etiam
1712 3427 1796 3483 di-
1900 3419 1992 3474 bet
2016 3419 2357 3489 sapientiam,
2377 3421 2480 3476 hoc
2503 3430 2586 3476 est
2607 3421 3040 3495 intelligentiam.
3065 3423 3269 3496 Septem
3293 3429 3495 3497 capita,

203 3521 351 3577 citur
374 3520 629 3577 Ecclesiae
648 3536 676 3574 a
700 3519 1039 3592 Christoper
1061 3521 1329 3576 internum
1358 3520 1794 3591 inspirationcm:
1900 3520 2090 3580 septem
2116 3521 2313 3565 montes
2340 3522 2479 3577 sunt,
2528 3530 2687 3584 super
2731 3532 2861 3586 quos
2886 3516 3026 3570 sedet
3042 3516 3240 3570 mulier
3264 3528 3311 3572 et
3342 3533 3486 3588 reges

204 3612 321 3669 Cur
344 3613 562 3668 miraris
596 3620 865 3668 tormenta
897 3613 1252 3683 reproborum
1280 3621 1335 3668 et
1363 3611 1659 3683 supplicia,
1676 3626 1799 3680 qua:
1900 3613 2022 3657 εωιί
2042 3614 2259 3674 εεριεηιο
2290 3603 2631 3675 Frequenter
2674 3607 2879 3666 (“Clum
2924 3617 3027 3675 εει.
3080 3609 3133 3663 in
3170 3624 3494 3680 unaquaque

206 3704 321 3767 illis
364 3712 493 3760 sunt
542 3703 724 3759 futura
769 3704 919 3774 justo
963 3705 1061 3760 Dei
1107 3706 1350 3776 judicio?
1412 3704 1526 3777 Ego
1581 3705 1675 3759 tibi
1717 3704 1800 3759 di-
1901 3695 2085 3765 Specie
2122 3712 2294 3767 genus
2342 3697 2663 3768 plerumque
2699 3715 2860 3770 posse
2908 3701 3165 3767 inveniri,
3198 3702 3340 3757 sicut
3381 3701 3493 3757 hic.

206 3810 328 3850 cam
361 3803 750 3848 sacramentum
771 3795 1028 3860 mulieris,
1057 3806 1105 3850 et
1131 3797 1307 3850 bestiw
1326 3813 1444 3866 ιμιιε
1463 3806 1637 3867 portat
1658 3814 1796 3852 eam.
1901 3786 2056 3853 Quod
2101 3788 2243 3843 enim
2278 3787 2473 3855 bestia.
2523 3790 2629 3845 hoe
2675 3801 2883 3861 septem
2930 3793 3131 3863 capita.
3188 3801 3243 3848 et
3287 3804 3494 3863 septem

203 3881 267 3938 Id
302 3889 404 3946 est,
441 3895 542 3952 ego
570 3880 669 3936 tibi
686 3882 968 3945 ostendam
1003 3883 1132 3952 quid
1162 3884 1429 3955 signiticet
1463 3885 1549 3938 illa
1582 3885 1797 3951 mulier,
1903 3889 2138 3944 montes,
2171 3890 2488 3950 septemque
2523 3896 2700 3951 reges,
2733 3884 2785 3936 id
2815 3892 2903 3937 est
2925 3884 3182 3939 universa
3228 3883 3493 3941 malorum

205 3981 265 4029 et
290 3972 421 4043 quid
442 3973 637 4038 bestia,
667 3979 721 4028 et
748 3971 1104 4029 manifestabo
1124 3975 1287 4029 etiam
1322 3973 1536 4029 illorum
1578 3975 1809 4030 damnas
1900 3984 2046 4040 pars,
2083 3986 2205 4040 qua:
2250 3972 2304 4026 in
2332 3972 2639 4041 prtepositis
2684 3981 2941 4043 tanquam
2979 3976 3037 4030 in
3093 3975 3312 4045 regibus
3365 3991 3496 4032 con-

205 4063 435 4119 tionem.
478 4063 610 4131 Qua:
644 4064 797 4119 habet
826 4063 1000 4134 capita
1030 4079 1249 4135 septem,
1288 4074 1337 4119 et
1367 4081 1565 4121 cornua
1590 4067 1800 4133 decem;
1902 4071 2031 4128 stat,
2059 4071 2114 4118 et
2137 4060 2396 4131 subjectis
2421 4063 2689 4133 plebibus.

207 4155 267 4215 id
309 4164 394 4211 est
428 4171 619 4213 omnes
667 4171 827 4229 reges
859 4157 1159 4227 reprobus,
1202 4165 1259 4213 et
1288 4156 1471 4213 omnia
1516 4156 1593 4211 illi
1637 4171 1805 4228 regna
1976 4155 2217 4227 Quinque
2271 4156 2587 4211 ceciderunt.
2636 4156 2695 4211 lu
2752 4158 2994 4228 quinque
3040 4159 3260 4230 regibus
3308 4160 3499 4230 accipe

209 4248 472 4319 subjecta.
1901 4248 2139 4319 quinque
2167 4263 2362 4304 sensus
2391 4248 2655 4316 corporis,
2689 4250 2783 4319 qui
2814 4248 3099 4305 infantiam
3131 4258 3376 4307 nostram
3405 4266 3494 4307 re-

234 4382 243 4387 -
280 4338 459 4398 Bestia
478 4356 636 4413 quam
661 4342 841 4396 vidisti
883 4341 985 4412 fuit
1020 4350 1194 4397 etnon
1214 4349 1312 4397 est.
1336 4342 1525 4398 Bestia
1554 4341 1802 4407 diaboius
1901 4345 2051 4409 sunt,
2078 4338 2205 4408 quia
2232 4337 2555 4393 naturaliter
2579 4338 2718 4393 lenia
2750 4346 2900 4397 tactu
2933 4340 3263 4410 appetimus,
3295 4356 3492 4411 sapora

208 4440 316 4498 est,
346 4423 489 4489 sicut
533 4447 673 4503 saepe
721 4432 926 4489 dictum
965 4442 1071 4502 est,
1099 4433 1190 4503 qui
1219 4431 1321 4487 fuit
1346 4432 1416 4488 ab
1441 4433 1667 4489 exordio
1695 4448 1799 4488 δω-
1902 4445 2167 4495 amamus,
2197 4444 2395 4485 canora
2451 4437 2506 4484 et
2551 4445 2791 4487 consona
2836 4433 3151 4503 quaerimus,
3199 4433 3501 4490 odoriferis.

209 4524 317 4580 culi
352 4524 405 4579 in
438 4524 542 4579 hoc
573 4523 797 4591 mundo,
828 4524 1009 4594 ibique
1033 4524 1206 4578 tenuit
1234 4523 1595 4593 principatum
1628 4538 1800 4593 usque
1825 4576 1873 4595 n
1902 4520 2235 4577 delectamur
2255 4528 2312 4575 et
2360 4520 2601 4592 pulchris
2644 4521 3055 4595 visu..Reliqua
3092 4525 3180 4580 bis
3220 4527 3493 4582 contraria

210 4620 283 4675 ad
314 4620 523 4675 Domini
558 4619 876 4686 adventum,
899 4627 956 4674 et
982 4620 1036 4674 in
1074 4619 1331 4676 cordibus
1348 4619 1629 4676 hominum
1654 4618 1794 4674 male
1827 4611 1875 4635 ν
1900 4614 2047 4669 omni
2065 4612 2226 4668 modo
2239 4611 2682 4683 refugimus,qua:
2694 4614 3494 4681 suntamara,dissona,felida,

208 4710 520 4783 potiebatur
561 4712 845 4781 potestatis
892 4712 1143 4782 imperio.
1177 4712 1285 4767 Sed
1316 4720 1602 4783 postquam
1633 4710 1776 4768 Chri-

1924 4717 2096 4773 tspera
2124 4709 2180 4759 et
2206 4704 2404 4773 turpia.
2428 4703 2733 4760 Accedente
2768 4720 2900 4761 vero
2945 4713 3111 4761 aetate
3154 4714 3393 4772 matura,
3435 4707 3492 4762 bi

213 4814 329 4861 stus
352 4804 604 4870 venit,et
629 4804 682 4859 in
729 4819 826 4858 sua
874 4813 1056 4860 morte
1094 4804 1287 4860 mortis
1331 4803 1599 4860 destruxit
1624 4804 1795 4874 impe-
1899 4796 2138 4867 quinque
2185 4811 2342 4867 reges
2368 4797 2616 4866 superius
2646 4797 2778 4853 dicti
2821 4798 3097 4862 desinunt.
3149 4807 3204 4853 et
3250 4800 3494 4855 succedit

213 4896 376 4962 rium,
408 4894 630 4951 abstulit
672 4895 723 4951 ei
766 4903 1116 4966 potestatem,
1161 4902 1219 4952 et
1246 4895 1409 4966 ejecit
1453 4910 1579 4951 eum
1622 4894 1792 4963 foras,
1899 4885 2038 4942 alius
2078 4902 2193 4955 rex,
2236 4896 2333 4943 aut
2373 4887 2709 4954 intellectus,
2745 4898 2842 4944 aut
2868 4905 3043 4945 error.
3079 4888 3145 4944 Hi
3170 4898 3299 4944 sunt
3325 4890 3497 4947 etiam

214 4987 441 5058 ideoque
460 4988 574 5058 jam
600 5003 709 5044 non
751 4994 854 5052 est,
875 4988 999 5057 quia
1026 4989 1429 5058 comparatione
1456 4988 1655 5057 prioris
1695 5002 1796 5059 po-
1899 4978 2138 5048 quinque
2198 4979 2327 5045 viri,
2355 4979 2424 5036 de
2456 4980 2654 5051 quibus
2705 4980 2967 5036 Dominus
3010 4979 3373 5049 Samaritana:
3415 4981 3496 5037 di-

214 5080 420 5145 tenlite,
444 5094 688 5149 praesens
714 5079 863 5134 illius
884 5086 1123 5149 potestas
1143 5078 1289 5133 nulla
1313 5087 1427 5137 est.
1444 5079 1569 5135 Fuit
1588 5095 1717 5150 ergo
1739 5078 1795 5134 in
1897 5072 1971 5129 cit
1996 5088 2009 5126 :
2043 5071 2284 5144 Quinque
2319 5072 2458 5128 viros
2480 5072 2736 5139 habuisti,
2765 5082 2815 5128 et
2852 5088 2989 5127 nunc
3017 5088 3169 5144 quem
3195 5072 3352 5128 habes
3385 5088 3496 5128 non

214 5161 646 5243 praecedentibus
675 5171 959 5235 membris,
983 5184 1092 5225 non
1119 5178 1203 5226 est
1241 5170 1294 5224 in
1332 5171 1702 5240 sequentibus.
1725 5167 1797 5224 Et
1897 5174 1973 5220 est
2000 5173 2122 5219 tuus
2157 5165 2237 5219 uir
2272 5163 2454 5236 (Joan.
2485 5164 2585 5235 tv),
2632 5164 2762 5233 quia
2820 5178 2978 5221 error
3031 5162 3342 5220 dominatur
3389 5162 3495 5217 tui.

218 5276 500 5316 ascensura
527 5271 601 5317 est
621 5262 685 5317 de
703 5263 913 5334 abysso,
934 5262 1168 5327 honest,
1188 5260 1257 5316 de
1281 5259 1644 5332 profunditate
1669 5276 1797 5331 per-
1898 5259 2053 5327 Quod
2095 5258 2332 5315 diximus
2355 5258 2422 5313 de
2464 5270 2812 5333 unoquoque,
2862 5257 2966 5313 hoc
3009 5256 3174 5311 etiam
3231 5253 3502 5327 generali.

217 5353 357 5410 ﬁdite
379 5352 686 5409 Iudaeorum
709 5363 986 5421 nascetur,
1015 5352 1166 5423 juxta
1204 5353 1372 5408 illud:
1406 5351 1532 5407 Fiat
1559 5353 1685 5408 Dan
1709 5369 1798 5408 co-
1901 5362 1985 5412 ter
2018 5354 2087 5410 de
2148 5366 2347 5425 genere
2395 5352 2635 5408 humano
2693 5350 2921 5422 intelligi
2970 5357 3170 5421 potest,
3226 5349 3355 5420 quia
3428 5357 3496 5405 es

219 5444 365 5499 tuber
390 5445 445 5499 in
469 5445 550 5500 via
580 5441 732 5517 (Gen.
763 5448 934 5516 unt).
957 5444 1269 5501 Notandum
1316 5448 1496 5500 autem
1527 5446 1683 5516 quod.
1706 5445 1800 5500 dia-
1897 5464 2335 5520 unumquemque
2364 5456 2630 5514 nostrum,
2660 5455 2717 5503 et
2761 5448 2927 5503 etiam
2987 5454 3161 5502 totum
3190 5460 3363 5517 genus
3387 5445 3493 5501 bu:-

219 5536 293 5593 cit
318 5537 595 5603 ascendet,
622 5538 749 5608 quia
774 5538 1027 5594 videlicet
1050 5541 1118 5595 ab
1146 5541 1260 5610 ipsa
1296 5553 1391 5594 sua
1418 5538 1647 5594 infantia
1680 5538 1797 5594 ειε-
1899 5552 2120 5595 manum
2165 5538 2220 5594 in
2251 5545 2439 5595 tenera
2467 5545 2653 5604 aetate,
2683 5538 2739 5594 bi
2775 5539 3018 5609 quinque
3048 5552 3240 5594 sensus
3267 5540 3492 5603 regunt.

219 5627 454 5695 vabitur,
480 5628 744 5684 extollens
759 5642 819 5684 se
842 5644 1003 5699 super
1022 5645 1181 5686 omne
1222 5630 1367 5700 quod
1405 5630 1604 5686 dicitur
1640 5630 1797 5698 deus,
1899 5632 2236 5689 Adveniente
2261 5639 2455 5688 autem
2473 5639 2687 5686 matura
2731 5639 2915 5697 actate,
2940 5630 3184 5687 succedit
3202 5625 3501 5692 nutiutehL

220 5728 313 5777 aut
331 5719 470 5790 quod
490 5720 704 5776 colitur.
728 5719 797 5774 Et
820 5721 877 5774 in
896 5720 1160 5774 interitum
1185 5722 1305 5785 ibit.
1329 5723 1383 5779 id
1399 5722 1557 5779 estin
1577 5722 1800 5778 damna-
1898 5723 2073 5780 lectus
2099 5722 2371 5796 legitimus
2412 5722 2519 5789 vir,
2555 5722 3033 5787 autadulterinus,
3064 5721 3157 5790 qui
3182 5727 3285 5777 .est
3307 5733 3485 5776 error.

220 5809 419 5869 tionem
442 5818 777 5883 perpetuam.
796 5809 958 5868 Juxta
983 5812 1110 5867 illud
1136 5829 1149 5864 :
1180 5812 1344 5880 Quem
1364 5814 1621 5872 Dominus
1638 5811 1799 5874 Jes'us
1898 5814 2008 5873 Iste
2026 5822 2112 5872 est
2153 5830 2248 5871 rex
2295 5815 2363 5872 de
2403 5828 2512 5885 quo
2535 5812 2777 5886 loquitur
2813 5827 2994 5871 sermo
3033 5812 3247 5868 divinus
3270 5825 3295 5865 ζ
3315 5810 3497 5875 Unus,
