3972 6450
501 396 638 451 Ηὸῗ

983 388 1337 446 HAYMONIS
1375 379 1850 441 HALBERSTAT.
1893 379 2081 435 EPISC

2191 377 2294 433 PP.
2335 378 2514 434 PARS
2549 378 2684 433 l.—
2720 376 3079 437 COMMENT.
3120 380 3289 449 B_lBL.

3657 379 3794 434 ηιε

496 507 698 575 inquit,
720 515 821 566 est.
853 519 916 558 ac
944 503 989 558 si
1021 502 1235 556 dicatur
1264 519 1276 554 :
1308 499 1376 554 Et
1426 499 1490 554 ad
1530 496 1825 568 perfectam
1863 503 2073 549 aetatem
2106 495 2149 552 Α
2179 503 2301 565 post
2345 495 2595 559 bestiam,
2645 495 2697 550 id
2726 505 2826 559 est,
2861 497 2914 550 in
2942 495 3273 566 subiectione
3316 496 3475 552 illius
3518 505 3791 564 tanquam

497 598 829 669 intelligendi
865 600 1246 664 pervenerunt,
1283 601 1338 646 et
1379 600 1558 645 tamen
1598 603 1863 652 errorem,
1895 600 2072 639 suum

496 706 663 761 super
706 704 764 744 se
804 701 1032 757 regnare
1085 683 1388 738 voluerunt.
1421 683 1486 737 Et
1533 683 1634 736 iste
1677 691 1758 733 est
1787 693 1880 734 rex
1913 678 2083 732 totius

499 782 740 853 corporis
783 779 1000 841 diaboli,
1057 777 1303 847 quisquis
1349 776 1474 830 talis
1528 782 1649 839 est;
1682 772 1823 827 unde
1850 771 1914 824 de
1953 770 2074 838 qui-

497 874 725 931 busdam
774 872 943 927 Deum
988 870 1462 942 cognoscentibus,
1530 876 1585 922 et
1613 875 1792 920 tamen
1833 879 2075 918 errorem

496 961 845 1030 sequentibus
867 960 994 1014 dicit
1017 957 1336 1028 Apostolus:
1361 955 1491 1011 Cum
1515 955 1866 1024 cognovissent
1889 953 2075 1017 Deum,

497 1069 601 1108 non
633 1053 765 1106 sicut
798 1049 965 1103 Deum
1001 1047 1444 1119 gloriﬁcaverunt,
1487 1056 1578 1100 aut
1620 1047 1816 1114 gratias
1841 1052 2076 1113 egerunt,

489 1144 581 1198 sed
633 1150 951 1198 evanuerunt
984 1139 1158 1212 (Rom.
1210 1140 1251 1210 ι)
1303 1139 1357 1192 in
1409 1135 1737 1190 vanitatibus
1785 1135 1918 1198 suis,
1969 1143 2073 1187 etc.

490 1232 644 1300 Quod
695 1239 876 1285 autem
906 1229 1170 1300 sequitur,
1222 1227 1360 1281 alius
1411 1226 1637 1280 nondum
1669 1226 1827 1288 venit,
1851 1225 1915 1277 ad
1946 1224 2075 1278 resl-

489 1325 656 1377 duum
712 1335 911 1390 corpus
953 1316 1272 1372 Antichristi
1325 1317 1578 1386 pertinet,
1637 1313 1722 1369 vel
1779 1314 1846 1368 ad
1901 1314 2076 1382 ipsum

488 1414 912 1478 Antichristum,
958 1411 1050 1481 qui
1097 1410 1224 1465 licet
1274 1409 1433 1464 modo
1489 1416 1677 1478 regnet
1717 1408 1769 1461 in
1799 1405 2075 1471 membris,

491 1511 678 1558 tamen
727 1501 958 1572 amplius
1005 1507 1059 1555 et
1105 1497 1441 1553 manifestius
1485 1504 1808 1566 regnaturus
1855 1503 1940 1550 est
1981 1509 2079 1563 per

492 1594 756 1664 scipsum.
791 1593 866 1648 De
892 1607 999 1662 quo
1029 1591 1273 1660 sequitur
1321 1608 1334 1643 :
1382 1589 1449 1642 Et
1491 1605 1606 1642 cum
1642 1589 1856 1650 venerit,
1881 1595 2078 1655 oportet

495 1684 646 1738 illum
694 1683 830 1737 brevi
881 1691 1106 1750 tempore
1131 1693 1378 1750 regnare,
1418 1676 1470 1732 id
1497 1684 1600 1743 est,
1637 1676 1809 1730 tribus
1840 1675 1995 1728 annis
2025 1682 2080 1728 et

496 1773 738 1829 dimidio.
772 1771 923 1827 Unde
965 1780 1020 1825 et
1046 1769 1306 1824 Dominus
1336 1769 1388 1823 in
1433 1767 1724 1838 Evangelio
1751 1765 1884 1821 dicit
1913 1783 1927 1818 :
1956 1765 2090 1819 Nisi'

496 1863 778 1919 abbreviatt
821 1861 1036 1931 fuissent
1079 1861 1189 1915 dies
1230 1859 1332 1924 illi,
1361 1875 1463 1913 non
1496 1837 1680 1927 fuisset
1721 1858 1868 1910 salva
1911 1855 2077 1910 omnis
2108 1837 2160 1896 Β

496 1973 643 2020 caro,
687 1956 782 2010 sed
806 1965 1014 2026 propter
1035 1955 1224 2008 electos
1257 1952 1628 2007 breviabuntur
1656 1949 1871 2020 (Matth.
1907 1947 2076 2019 xxiv).

565 2045 635 2100 Et
679 2046 841 2099 bestia
883 2061 1000 2112 qua:
1025 2054 1139 2098 erat
1157 2052 1205 2098 et
1237 2061 1338 2097 non
1360 2053 1455 2107 est,
1480 2054 1526 2096 et
1560 2043 1672 2112 ipsa
1699 2051 1878 2095 octava
1904 2051 2002 2104 est,
2031 2050 2082 2094 et

495 2157 560 2194 ea:
581 2150 782 2208 septem
804 2147 899 2192 est.
924 2137 1104 2192 Bestia
1139 2152 1258 2207 qua:
1299 2144 1415 2191 crat
1439 2135 1493 2188 in
1519 2133 1790 2204 prioribus
1822 2133 2081 2188 membris

496 2229 719 2295 diaboli,
764 2228 820 2283 in
869 2227 1299 2298 praecedentibus
1345 2234 1400 2281 et
1430 2226 1905 2294 subsequentibus,
1954 2239 2078 2279 cum

498 2325 613 2393 ipsa
666 2335 785 2391 quae
835 2335 942 2374 non
994 2327 1078 2374 est
1133 2319 1327 2382 adhuc,
1379 2318 1473 2372 sed
1508 2326 1731 2371 ventura
1779 2324 1882 2380 est,
1943 2317 2082 2370 sicut

497 2414 752 2478 diximus,
795 2411 982 2483 juncta
1032 2410 1197 2465 fuerit
1233 2410 1444 2480 corpori
1494 2424 1611 2471 suo,
1660 2409 1762 2462 hoc
1793 2415 1874 2460 est
1922 2406 2081 2461 Anti-

497 2503 721 2566 christo,
753 2502 806 2556 in
836 2500 1134 2556 novissimo
1166 2508 1427 2567 tempore.
1463 2497 1529 2551 Et
1557 2497 1782 2566 septima
1803 2496 1926 2561 erit,
1956 2497 2082 2564 quia

497 2595 566 2650 de
593 2593 783 2649 eodem
823 2605 1060 2663 genere:
1094 2598 1148 2644 et
1201 2595 1391 2643 octava
1439 2587 1559 2649 erit,
1615 2587 1738 2655 quia
1777 2586 2084 2655 septuplum

499 2681 830 2737 transcendit
899 2680 1160 2735 malitiam
1231 2686 1284 2731 et
1330 2677 1657 2746 hypocrisim
1718 2678 2081 2730 membrorum

500 2771 719 2836 diaboli,
769 2769 862 2839 qui
910 2783 1053 2824 nunc
1091 2776 1218 2822 sunt
1257 2767 1345 2819 vel
1387 2766 1620 2820 fuerunt.
1655 2765 1736 2819 Ad
1780 2765 1914 2819 nihil
1939 2767 2081 2820 enim

499 2861 641 2916 aliud
673 2861 961 2932 appellavit
1010 2869 1277 2927 octavam,
1308 2876 1429 2930 qua:
1458 2859 1686 2929 septima
1717 2853 1836 2921 erit,
1893 2858 1996 2912 nisi
2025 2866 2084 2912 ut

499 2953 809 3008 ostenderet
855 2951 978 3020 quia
1029 2951 1227 3020 septies
1271 2957 1480 3004 tantum
1538 2956 1663 3002 tunc
1719 2945 2088 3001 dominabitur

499 3041 864 3097 Antichristus
913 3040 964 3094 in
1007 3053 1234 3108 corpore
1289 3054 1406 3103 suo,
1460 3053 1583 3092 cum
1643 3036 1852 3090 solutus
1897 3035 2080 3102 fuerit,

497 3147 766 3205 quamque
787 3148 931 3186 nunc
951 3130 1134 3185 faciat.
1159 3129 1311 3185 Sicut
1333 3138 1386 3184 et
1409 3129 1666 3184 Dominus
1686 3127 1809 3182 dum
1833 3127 1884 3181 in
1910 3127 2085 3181 Eran-

500 3187 643 3296 gelio
678 3187 749 3277 lie
775 3239 882 3279 uno
912 3221 1148 3293 maligno
1171 3220 1362 3292 spiritu
1395 3220 1723 3290 loqueretur,
1748 3226 1807 3272 ut
1833 3217 2082 3272 ostende-
2110 3187 2154 3250 Ο

499 3314 721 3385 retquia
745 3328 843 3384 pro
863 3323 1065 3383 septem
1089 3327 1229 3367 unus
1253 3319 1358 3377 est,
1383 3312 1565 3366 statim
1579 3309 1846 3365 subnectit
1870 3327 1883 3363 :
1917 3308 2084 3378 Tunc,

499 3409 696 3478 induit,
738 3407 882 3461 vadit
911 3416 960 3460 et
995 3407 1212 3461 assumit
1236 3416 1429 3476 septem
1457 3408 1589 3460 alios
1626 3406 1836 3476 spiritus
1870 3408 2084 3476 nequio-

500 3515 580 3553 res
602 3515 656 3551 se
684 3495 836 3569 (Luc.
861 3496 962 3568 χι).
992 3498 1092 3563 Qui
1117 3497 1302 3566 utique
1340 3512 1445 3549 non
1481 3496 1684 3550 diceret
1707 3506 1897 3566 septem
1931 3495 2083 3560 alios,

500 3588 603 3644 nisi
625 3587 680 3641 in
711 3603 816 3641 uno
847 3587 1009 3641 etiam
1037 3596 1240 3654 septem
1270 3586 1526 3640 voluisset
1556 3585 1797 3655 intelligi.
1833 3583 1897 3637 Et
1929 3587 1980 3637 in
2005 3586 2087 3638 in-

501 3678 708 3732 teritum
722 3677 884 3729 vadit.
899 3677 975 3730 Dc
989 3676 1176 3730 eodem
1193 3691 1418 3743 corpore
1433 3674 1630 3730 diaboli
1645 3677 1796 3738 dicit,
1815 3675 1953 3744 quod
1969 3691 2088 3744 pro-

503 3765 756 3822 cul'dubio
779 3780 900 3821 cum
917 3766 1091 3834 capite
1116 3781 1214 3820 suo
1234 3766 1430 3835 peribit
1459 3781 1579 3820 cum
1605 3763 1914 3832 diesjudicii
1931 3764 2088 3819 adve-

501 3857 670 3922 nel'it,
710 3857 921 3912 dicente
971 3857 1200 3913 Domino
1230 3875 1243 3912 :
1277 3855 1358 3912 Ite
1392 3857 1448 3912 in
1471 3859 1640 3926 ignem
1667 3866 1939 3920 veternum,
1976 3865 2083 3912 etc.

573 3947 641 4001 Et
683 3948 857 4002 decem
882 3963 1081 4002 cornua
1101 3964 1220 4018 qua:
1250 3949 1427 4002 vidisti
1465 3948 1637 4000 decem
1665 3963 1804 4016 reges
1827 3956 1966 4009 sunt,
1997 3949 2086 4017 qui

501 4059 718 4113 regnum
751 4042 979 4096 nondum
1012 4051 1338 4111 acceperunt.
1369 4041 1728 4110 Temporibus
1766 4040 2086 4095 Antichristi

501 4137 687 4191 decem
741 4149 904 4205 regna
959 4143 1121 4190 erunt
1167 4134 1221 4189 in
1256 4143 1418 4199 terra,
1471 4134 1610 4188 sicut
1667 4133 1804 4186 liber
1851 4131 2086 4186 Danielis

502 4226 779 4296 praphetze
823 4231 1074 4290 testatur,
1128 4223 1223 4279 sed
1279 4224 1418 4278 sicut
1486 4223 1627 4277 idem
1683 4221 1872 4276 Daniel
1933 4222 2083 4285 dicit,

501 4324 754 4385 quartum
779 4328 1002 4385 regnum
1025 4314 1130 4368 erit
1158 4315 1210 4368 in
1237 4321 1401 4377 terra,
1430 4313 1572 4383 quod
1589 4311 1764 4382 majus
1785 4311 1888 4366 erit
1911 4310 2086 4364 omni-

502 4408 604 4463 bus
630 4407 830 4478 regnis,
868 4415 922 4462 et
951 4407 1233 4462 devorabit
1275 4407 1584 4461 universam
1613 4413 1834 4469 terram,
1873 4414 1925 4460 et
1957 4421 2086 4459 con-

503 4495 735 4551 culcabit
774 4503 829 4551 et
881 4496 1209 4550 comminuet
1255 4511 1396 4550 eam.
1445 4494 1615 4550 Porro
1658 4510 1861 4550 cornua
1892 4496 2079 4550 decem

504 4587 675 4656 ipsius
699 4587 866 4658 regni,
901 4589 1086 4642 decem
1126 4602 1281 4658 reges
1323 4595 1504 4651 erunt,
1553 4600 1585 4641 e
1618 4587 1810 4655 quibus
1858 4585 1942 4638 ille
1971 4595 2080 4640 tres

505 4678 813 4743 interliciet,
870 4693 1049 4746 regem
1080 4678 1327 4734 videlicet
1367 4676 1608 4748 Aigypti,
1647 4690 1828 4748 regem
1863 4674 2076 4738 Africae,

503 4773 880 4845 etIEtbiopiaa,
900 4774 1080 4828 caeteri
1109 4782 1287 4828 autem
1309 4773 1538 4828 subdent
1560 4786 1617 4827 se
1643 4770 1740 4825 illi.
1764 4770 1830 4823 Et
1857 4779 2084 4839 potesta-

504 4880 609 4924 tem
631 4876 880 4938 tanquam
903 4867 958 4920 in
986 4881 1127 4935 reges
1146 4881 1249 4918 una
1275 4865 1405 4918 liora
1435 4863 1687 4934 accipient
1707 4871 1818 4931 post
1843 4861 2076 4913 bestiam.

506 4957 625 5015 Una
652 4957 786 5013 hora
820 4956 1191 5028 intelliguntur
1242 4964 1350 5010 tres
1395 4954 1521 5012 anni
1572 4962 1627 5008 et
1657 4952 1934 5018 dimidius,
1965 4951 2086 5021 qui-

504 5051 609 5106 bus
639 5047 737 5118 ipsi
785 5063 906 5104 cum
943 5047 1118 5118 capite
1167 5062 1264 5101 suo
1305 5047 1623 5116 regnabunt.
1666 5044 1796 5099 Post
1825 5045 2080 5107 bestiam,

504 5139 562 5194 id
608 5147 712 5204 est,
739 5138 958 5194 secundi
1007 5141 1074 5192 ab
1115 5153 1180 5192 eo
1212 5137 1264 5190 in
1300 5138 1503 5191 honore
1529 5143 1586 5190 et
1617 5133 1878 5206 dignitate
1902 5140 2080 5196 erunt,

503 5235 728 5297 accepta
776 5229 845 5282 ab
881 5228 996 5296 ipso
1045 5227 1238 5296 capite.
1301 5225 1367 5279 Et
1404 5226 1477 5279 illi
1525 5224 1741 5293 quidem
1796 5237 1950 5292 reges
1970 5222 2082 5291 jam

509 5326 738 5389 regnant
761 5317 816 5371 in
838 5318 952 5372 avis
981 5325 1037 5371 et
1060 5317 1292 5386 proavis,
1326 5315 1379 5369 id
1429 5323 1513 5370 est
1557 5316 1609 5369 in
1651 5314 1761 5369 suis
1795 5312 2080 5378 similibus,

507 5409 602 5465 sed
654 5419 830 5464 tamen
858 5409 924 5462 ad
947 5408 1402 5477 comparationem
1427 5406 1569 5460 illius
1593 5413 1852 5461 extrema:
1891 5412 2081 5475 poten-

510 5497 618 5561 tiae,
667 5498 892 5554 necdum
948 5501 1185 5569 perfecte
1212 5514 1435 5570 regnum
1472 5506 1816 5568 acceperunt,
1863 5497 2000 5552 sicut
2025 5504 2081 5551 et

507 5601 734 5657 regnum
769 5585 1018 5643 Ecclesia:
1067 5602 1081 5641 :
1124 5600 1241 5644 erat
1266 5590 1481 5660 quidem
1514 5596 1639 5643 ante
1665 5588 1950 5642 adventum
1977 5587 2079 5644 Re-

510 5677 806 5748 demptoris
830 5678 882 5733 in
913 5681 1127 5745 mundo,
1157 5681 1250 5736 sed
1280 5690 1407 5736 tunc
1429 5681 1658 5750 amplius
1677 5675 1929 5739 surrexit,
1955 5694 2078 5732 eum

479 5765 669 5843 caput
712 5768 827 5839 ejus
869 5769 920 5824 in
949 5785 1110 5825 carne
1148 5771 1413 5841 apparuit.
1449 5772 1551 5825 Sed
1593 5771 1730 5824 hanc
1759 5777 2078 5839 potestatem

2177 587 2438 649 membra,
2471 593 2526 638 et
2561 585 2633 639 illi
2669 586 2864 640 subditi
2895 586 3182 656 accipient.

2249 679 2322 733 Ili
2349 696 2510 732 unum
2563 681 2841 734 consilium
2885 681 3094 734 habent.
3152 680 3350 736 Contra
3405 680 3718 736 Christum
3746 690 3792 733 et

2177 777 2419 832 membra
2451 777 2614 841 illius,
2645 787 2704 832 ut
2751 787 2948 848 negent
2993 778 3288 842 Christum,
3316 786 3373 832 et
3406 778 3792 833 conﬁteantur

2177 866 2590 920 Antichristum.
2617 864 2722 920 Sed
2751 867 3030 920 consilium
3053 867 3241 922 bestia:
3263 867 3524 922 destruet
3545 867 3696 938 Agni
3718 867 3789 922 in-

2178 959 2447 1018 nocentia,
2468 958 2621 1026 juxta
2651 957 2778 1011 illud
2809 976 2820 1010 :
2860 957 3112 1012 Dominus
3136 957 3354 1025 dissipat
3380 957 3630 1011 consilia
3671 975 3787 1026 gen-

2178 1047 2306 1100 tium
2334 1045 2507 1116 (Psal.
2532 1048 2726 1116 xxx");
2758 1076 2824 1087 -—-
2857 1046 2920 1100 Et
2943 1049 3182 1101 virtutem
3204 1058 3251 1100 et
3277 1057 3620 1118 potestatem
3646 1064 3787 1100 suam

2179 1134 2354 1188 bestia
2383 1136 2612 1200 tradent,
2642 1137 2694 1189 id
2717 1145 2818 1199 est,
2848 1136 3108 1206 quidquid
3136 1137 3330 1190 virium
3357 1146 3421 1190 et
3445 1136 3786 1192 fortitudinis

2179 1227 2399 1290 habent,
2451 1227 2550 1296 ipsi
2600 1227 2836 1282 tribuent
2891 1227 3131 1282 dicentes
3186 1215 3215 1282 ε’
3253 1229 3373 1282 Tibi
3429 1231 3658 1299 gratias
3686 1232 3785 1297 agi-

2179 1334 2320 1383 mus,
2347 1321 2469 1388 quia
2494 1319 2752 1389 quidquid
2781 1321 3125 1386 habemus,.a
3153 1328 3205 1375 te
3239 1322 3595 1392 accepimus.

2249 1407 2323 1463 Hi
2344 1427 2461 1465 cum
2491 1412 2640 1480 Agna
2667 1412 2990 1482 pugnabunt,
3032 1419 3087 1465 et
3109 1411 3276 1466 verbo
3310 1421 3365 1466 et
3395 1427 3610 1481 Opere,
3647 1423 3704 1465 ut
3730 1412 3782 1464 ti-

2179 1501 2324 1557 deles
2345 1517 2374 1555 a
2399 1501 2500 1556 ﬁde
2525 1502 2668 1556 illius
2696 1509 2978 1572 separent;
3011 1513 3057 1556 et
3074 1502 3254 1572 Agnus
3279 1505 3455 1558 vincet
3484 1503 3638 1568 illos,
3669 1509 3779 1575 quia

2180 1593 2540 1647 constantiam
2581 1593 2729 1647 dabit
2750 1594 2882 1656 suis,
2909 1603 2972 1649 ut
2996 1603 3118 1648 ante
3143 1597 3355 1663 possint
3382 1597 3603 1656 occidi.
3630 1612 3776 1665 quam

2179 1698 2210 1738 a
2242 1683 2348 1738 ηδε
2371 1681 2571 1738 Christi
2602 1685 2864 1754 separari;
2915 1685 3007 1754 qui
3038 1686 3166 1739 dicit
3193 1704 3207 1739 :
3237 1683 3513 1750 Gaudete,
3542 1689 3672 1757 quia
3696 1705 3775 1756 ego

2182 1778 2280 1831 vici
2319 1777 2569 1830 mundum
2620 1776 2798 1847 (Joan.
2854 1778 2987 1846 xvi).
3030 1777 3125 1832 Vel
3168 1778 3352 1833 vincet
3407 1794 3515 1833 eos
3573 1781 3774 1848 quando

2183 1867 2458 1923 damnabit
2493 1866 2611 1921 illos
2638 1881 2758 1921 cum
2783 1867 2959 1936 capite
2980 1881 3077 1921 suo
3101 1867 3335 1922 diabolo.
3369 1867 3650 1932 Quoniam
3683 1866 3771 1921 Do-

2181 1957 2354 2010 minus
2385 1956 2714 2009 dominorum
2757 1965 2849 2017 est,
2897 1963 2944 2007 et
2975 1953 3083 2008 Rea
3111 1973 3309 2025 regum.
3340 1957 3422 2010 Ac
3457 1957 3730 2011 sidiceret
3756 1975 3780 2008 :-

2182 2046 2295 2100 Etsi
2325 2044 2540 2116 reprobi
2591 2045 2819 2114 gloriam
2868 2045 3099 2099 filiorum
3148 2045 3557 2110 Dei‘amittent,
3602 2056 3767 2100 tamen

2182 2139 2478 2193 dominium
2507 2137 2622 2206 ejus
2651 2154 2756 2192 non
2785 2141 3036 2199 evadent.
3065 2140 3157 2194 sed
3190 2155 3410 2210 semper
3436 2157 3565 2194 eum
3599 2142 3768 2194 Domi-

2183 2245 2309 2283 num
2350 2228 2730 2294 sustinebant;
2767 2230 2933 2283 utitur
2962 2230 3104 2285 enim
3135 2232 3213 2285 eis
3238 2232 3303 2284 ad
3333 2232 3620 2286 utilitatem
3647 2248 3766 2286 san-

2183 2327 2413 2383 clerum,
2463 2319 2628 2373 etiam
2673 2335 2794 2374 eum
2839 2328 3040 2389 pugnat
3086 2320 3347 2375 adversus
3377 2337 3555 2374 eorum
3595 2321 3759 2388 perti-

2184 2413 2348 2467 diam.
2383 2411 2691 2466 Secundum
2722 2411 2866 2466 hunc
2891 2427 3108 2465 sensum
3139 2410 3610 2466 Nabuchodonosor
3634 2428 3746 2465 ser—

2184 2518 2284 2556 vus
2323 2502 2415 2556 Dei
2447 2509 2692 2565 vocatur,
2742 2509 2791 2555 et
2836 2502 3058 2569 spiritus
3107 2502 3273 2555 etiam
3329 2501 3489 2554 malus
3535 2500 3758 2554 Domini-

2184 2590 2404 2658 spirilus
2436 2589 2652 2644 dicitur.
2703 2589 2871 2644 Malus
2917 2589 3123 2643 scilicet
3169 2605 3197 2642 a
3236 2605 3310 2649 se,
3350 2589 3558 2642 Domini
3586 2596 3768 2642 autem

2186 2680 2424 2750 spiritus,
2459 2679 2583 2748 quia
2631 2695 2660 2732 a
2686 2679 2798 2733 Deo
2827 2688 3061 2744 creatus,
3095 2687 3150 2734 et
3171 2680 3427 2749 potestati
3469 2680 3614 2734 illius
3647 2680 3760 2732 sub-

2177 2769 2373 2838 jectus.
2403 2768 2470 2821 Et
2512 2770 2601 2838 qui
2629 2784 2745 2822 cum
2787 2769 2877 2822 illo
2897 2779 3017 2823 sunt
3045 2769 3194 2823 electi
3226 2781 3273 2822 et
3296 2771 3471 2824 vocati
3498 2780 3546 2822 et
3576 2771 3753 2838 ﬁdeles,

2184 2866 2505 2921 subauditur
2545 2874 2826 2936 propterea
2869 2882 3026 2936 reges
3082 2876 3436 2938 exsuperant.
3499 2869 3661 2924 Electi
3711 2870 3755 2922 in

2184 2959 2278 3013 Dei
2322 2960 2793 3028 prtedestiuatione
2822 2971 2948 3016 ante
2990 2961 3172 3015 mundi
3202 2962 3653 3016 constitutionem
3675 2978 3757 3014 τοο

2185 3051 2291 3104 rati
2339 3066 2438 3119 per
2483 3053 2846 3122 apostolorum
2893 3053 3361 3122 praedicatiOnem,
3437 3053 3629 3109 ﬁdeles
3680 3068 3758 3123 per

2185 3142 2449 3196 bonorum
2471 3159 2693 3213 cperunt
2721 3145 3145 3201 exsecutionem.

2258 3234 2327 3288 Et
2367 3236 2501 3290 dixit
2548 3237 2675 3290 mihi
2703 3251 2722 3289 :
2755 3237 2930 3309 Aquas
2963 3255 3094 3307 quas
3140 3238 3335 3305 vidisti,
3395 3239 3493 3294 ubi
3535 3238 3758 3294 ueretris

2185 3326 2345 3389 sedet,
2389 3326 2566 3396 populi
2611 3337 2731 3382 sunt
2759 3338 2806 3382 et
2829 3338 3001 3398 gentes
3027 3338 3074 3383 et
3097 3329 3310 3400 linguis.
3341 3329 3452 3384 Hic
3489 3332 3768 3401 exponitur

2185 3416 2327 3484 quod
2349 3417 2596 3485 superius
2620 3416 2796 3472 fuerat
2814 3419 3170 3488 praemissum,
3198 3419 3342 3487 quod
3374 3421 3594 3476 scilicet
3615 3419 3756 3475 bestia

2187 3521 2348 3575 super
2397 3521 2563 3574 aquas
2611 3508 2805 3562 multas
2831 3508 2999 3562 sedet.
3042 3509 3171 3576 Qua:
3207 3525 3364 3579 aqua:
3405 3511 3620 3572 multa,
3646 3511 3760 3565 sicut

2187 3598 2274 3652 hic
2300 3596 2519 3662 dicitur,
2552 3598 2733 3666 populi
2784 3598 2932 3653 multi
2965 3609 3111 3662 sunt,
3139 3615 3202 3653 ex
3239 3600 3508 3656 omnibus
3537 3602 3760 3672 gentibus

2185 3695 2238 3742 et
2274 3687 2483 3757 populis
2530 3696 2584 3741 et
2622 3687 2819 3755 linguis
2841 3704 2870 3741 a
2899 3689 3112 3742 diabolo
3153 3689 3390 3758 decepti,
3419 3693 3660 3746 maxime
3683 3706 3762 3758 per

2185 3776 2481 3841 libidinem,
2511 3791 2632 3846 qua:
2662 3787 2743 3832 est
2771 3786 2944 3833 mater
2983 3779 3222 3833 omnium
3259 3779 3564 3834 malorum.
3618 3782 3759 3835 Mere-

2187 3868 2289 3922 trix
2333 3869 2478 3922 enim
2536 3885 2697 3938 super
2749 3885 2917 3940 aquas
2969 3871 3140 3934 sedet,
3208 3872 3338 3940 quia
3391 3874 3761 3928 dominationis

2187 3970 2412 4027 regnum
2439 3957 2606 4011 libido
2630 3958 2882 4012 vitiorum
2930 3961 2982 4014 in
3025 3961 3268 4028 reprobis
3309 3971 3483 4016 tenet.
3513 3961 3770 4018 Yeleertc

2186 4046 2311 4114 quia
2364 4045 2536 4115 ipsum
2571 4063 2795 4117 regnum
2857 4050 3062 4117 antiqui
3108 4051 3279 4104 hostis
3321 4067 3388 4105 ex
3436 4053 3768 4105 multitudine

2188 4137 2504 4208 populorum
2533 4138 2588 4192 in
2619 4139 2758 4192 fastu
2786 4140 3050 4210 superbia:
3077 4139 3337 4205 elevatur,
3369 4141 3497 4196 ideo
3520 4144 3766 4196 meretrix

2187 4244 2351 4298 super
2381 4244 2551 4298 aquas
2579 4229 2776 4282 multas
2805 4230 2994 4283 sedere
3024 4230 3238 4283 dicitur.

2259 4318 2325 4372 Et
2347 4317 2519 4372 decem
2547 4334 2744 4372 cornua
2765 4335 2880 4389 quae
2897 4319 3070 4373 vidisti
3087 4321 3140 4372 in
3164 4318 3350 4380 bestia,
3391 4320 3450 4372 lii
3475 4323 3656 4374 edient
3679 4321 3766 4390 for-

2187 4409 2464 4464 nicariam.
2490 4408 2622 4464 Cum
2652 4409 2764 4478 ipsa
2788 4424 2976 4478 mgna,
2996 4424 3114 4478 quae
3134 4424 3229 4479 per
3253 4425 3462 4464 cornua
3493 4412 3770 4480 designan-

2108 4527 2158 4585 Β
2188 4510 2296 4567 tur,
2339 4509 2400 4554 ut
2432 4501 2796 4570 supradictum
2841 4509 2946 4564 est,
3001 4501 3346 4560 sint‘bestia.
3381 4501 3436 4555 id
3479 4513 3570 4556 est
3624 4515 3764 4556 autne

2183 4604 2381 4658 corpus
2425 4588 2645 4652 diaboli,
2685 4597 2739 4642 et
2769 4589 2883 4658 ipsa
2915 4589 3085 4642 bestia
3140 4589 3211 4642 sit
3257 4592 3557 4653 meretrix,
3593 4592 3646 4644 id
3697 4600 3766 4645 est

2181 4679 2357 4735 omnis
2409 4678 2691 4733 multitudo
2734 4679 3104 4746 reproborum,
3161 4678 3344 4732 decem
3392 4694 3643 4744 cornua,
3697 4679 3770 4733 vel

2181 4769 2376 4835 bestia,
2429 4769 2614 4824 edient
2675 4767 3040 4828 fornicariam,
3095 4767 3197 4820 hoc
3238 4776 3345 4828 est,
3394 4767 3500 4836 ipsi
3561 4769 3767 4837 reprobi

2183 4859 2368 4915 edient
2393 4861 2615 4928 seipsos.
2647 4858 2799 4924 Quod
2845 4858 3128 4927 tripliciter
3146 4867 3320 4927 potest
3351 4859 3583 4930 intelligi
3609 4879 3624 4920 ;
3655 4862 3769 4913 dum

2186 4949 2328 5005 enim
2373 4949 2586 5020 reprobi
2643 4947 2782 5001 mala
2828 4963 2990 5016 opera
3042 4946 3262 5006 facitmt,
3295 4948 3511 5015 seipsos
3559 4949 3769 5010 odium,

2188 5041 2313 5110 quia
2339 5040 2596 5109 scriptum
2626 5045 2710 5092 est
2741 5055 2753 5090 :
2785 5038 2885 5103 Qui
2916 5037 3086 5106 diligit
3119 5037 3482 5104 iniquitatem,
3513 5038 3632 5090 odit
3664 5038 3774 5089 ani-

2187 5147 2330 5187 mam
2355 5145 2506 5188 suam
2535 5147 2550 5195 ;
2577 5130 2701 5197 quia
2733 5130 2874 5183 unde
2919 5128 3131 5196 reprobi
3169 5143 3224 5180 se
3252 5134 3434 5180 amant
3465 5126 3775 5180 voluntates

2188 5223 2480 5292 sequendo,
2519 5222 2643 5275 inde
2689 5219 2866 5274 odisse
2920 5233 2978 5272 se
3045 5219 3461 5272 convincuntur.
3517 5216 3776 5285 Quisquis

2188 5316 2334 5372 enim
2413 5313 2588 5384 diligit
2625 5339 2628 5342 λ
2667 5311 3046 5380 iniquitatem,
3111 5309 3227 5364 odit
3283 5309 3522 5362 animam
3572 5323 3774 5370 suam;

2183 5406 2440 5478 quoniam
2490 5404 2627 5460 male
2675 5403 2906 5458 amando
2947 5403 3182 5458 animam
3240 5417 3414 5465 suam,
3448 5401 3565 5456 odit
3615 5400 3776 5467 justi-

2143 5571 2146 5574 .
2189 5500 2354 5563 tiam,
2408 5506 2465 5553 et
2503 5496 2624 5552 ideo
2671 5503 2819 5564 aptat
2876 5495 3112 5549 animam
3162 5507 3315 5547 suam
3346 5492 3412 5545 ad
3465 5489 3774 5560 suscipien-

2187 5589 2310 5646 dum
2338 5586 2532 5643 futurae
2565 5584 2721 5640 famis
2748 5584 3046 5640 miseriam.
3075 5582 3247 5638 Aliter
3277 5600 3290 5636 :
3322 5595 3476 5652 reges
3504 5590 3562 5642 et
3599 5579 3772 5632 bestia

2188 5678 2372 5740 edient
2393 5675 2760 5738 fornicariam,
2788 5674 3046 5742 quoniam
3100 5681 3372 5726 amatores
3400 5668 3560 5736 hujus
3589 5665 3774 5722 εει-(τηῐί

2188 5769 2310 5828 οι]ἰο
2341 5768 2648 5825 se-inviceni
2673 5773 3088 5836 persequuntur,
3118 5763 3242 5832 quia
3272 5762 3316 5819 si
3350 5760 3468 5828 quis
3499 5760 3667 5814 alium
3702 5757 3773 5812 vi-
