3972 6452
266 376 406 434 1149

1189 375 1552 436 EXPOSITIO
1589 375 1657 434 IN
1696 376 2194 437 APOCALYPSIN.
2232 411 2304 422 —
2339 381 2468 438 LIB.
2509 380 2598 440 VI.

3393 389 3537 446 H50

259 492 350 548 det
375 493 442 550 ad
475 491 672 550 altiora
714 494 1026 560 ascendere,
1067 509 1174 564 quo
1199 494 1314 566 ipse
1354 509 1462 551 non
1486 504 1684 564 potest,
1711 494 1836 548 odio
1863 499 1911 553 A
1939 505 2160 565 pr0pter
2183 498 2577 567 praecedentem
2604 513 2791 555 eorum
2823 500 3214 570 inﬁdelitatem,
3244 510 3305 558 ut
3331 503 3533 560 faciant

259 583 406 639 illum
455 584 778 655 insequitur,
809 585 1064 657 quoniam
1121 601 1334 656 semper
1391 585 1532 640 inter
1581 584 1840 654 superbos

254 675 428 744 gurgia
453 682 595 729 sunt.
629 674 768 731 llinc
814 675 1007 730 Paulus
1045 675 1322 746 apostolus
1370 674 1502 730 dicit
1548 693 1560 728 :
1609 673 1838 727 Invicem

251 763 576 826 invidentes,
602 764 817 818 invicem
843 763 1300 835 odientes(Galat.
1319 763 1395 836 v).
1421 763 1517 820 Vel
1540 772 1687 820 certe
1713 779 1839 818 cum

250 855 486 909 viderint
506 870 564 908 se
589 855 774 911 miseri
799 855 853 910 in
870 856 1075 926 judicio
1103 854 1425 911 constitutos
1448 863 1503 910 et
1527 854 1836 920 damnatos,

246 947 432 1004 odient
453 949 660 1019 seipsos
679 951 820 1020 quod
834 958 1194 1020 peccaverunt
1211 957 1263 1003 et
1287 957 1407 1018 post
1420 957 1700 1017 peccatum
1724 963 1838 1018 pte-

247 1038 531 1094 nitentiam
553 1055 661 1094 non
684 1048 931 1112 egerunt.
959 1038 1064 1096 Sed
1087 1038 1218 1093 nihil
1243 1037 1486 1108 proderit
1509 1047 1636 1092 tunc
1656 1037 1838 1092 odisse

246 1127 451 1183 malum
478 1130 624 1199 quod
651 1128 916 1196 fecerunt,
949 1128 1164 1198 quando
1194 1126 1312 1197 ipso
1341 1126 1482 1181 malo
1511 1140 1698 1181 carere
1726 1140 1835 1180 non

243 1227 515 1290 poterunt.
540 1218 608 1273 Et
639 1218 930 1274 desolatam
953 1219 1146 1288 facient
1172 1217 1341 1272 illam.
1367 1217 1482 1272 Hoc
1504 1226 1612 1283 est,
1631 1217 1835 1288 seipsos

243 1311 447 1366 facient
476 1319 764 1368 extraneos
788 1327 818 1366 a
860 1311 971 1366 Deo
1012 1322 1237 1381 propter
1279 1318 1500 1379 peccata
1529 1310 1829 1379 prmterita.

240 1400 362 1458 lam
405 1403 551 1459 enim
582 1418 707 1458 cum
735 1403 840 1458 illis
863 1401 1006 1458 Deus
1034 1416 1141 1457 non
1169 1399 1454 1466 habitabit,
1488 1401 1580 1471 qui
1621 1409 1705 1456 est
1739 1415 1832 1472 pa-

239 1493 325 1549 cis
345 1502 400 1548 et
445 1493 729 1549 charitatis
753 1493 1048 1549 habitator.
1077 1492 1218 1548 llinc
1259 1501 1346 1548 est
1369 1494 1509 1563 quod
1537 1491 1831 1548 Jeremiam

236 1587 567 1644 lamentabili
580 1603 714 1644 voce
727 1587 990 1644 clamasse
1003 1577 1234 1660 legimus
1248 1604 1260 1642 :
1279 1588 1553 1654 Quomodo
1566 1588 1704 1643 sedet
1716 1588 1832 1643 sola

235 1681 419 1736 civitas
437 1680 592 1750 plena
609 1678 800 1750 popqu
815 1679 841 1733 Ρ
863 1679 996 1749 (Jer.
1024 1680 1122 1751 ιι.)
1141 1679 1206 1733 Ει
1222 1679 1420 1733 nudam
1435 1678 1633 1734 facient
1657 1678 1822 1745 illam,

233 1773 556 1828 subauditur
580 1788 611 1827 a
639 1771 1031 1842 superioribus.
1074 1770 1409 1840 Vestimenta
1440 1771 1675 1828 fidelium
1699 1781 1828 1827 sunt

232 1870 574 1918 sacramenta
613 1860 976 1932 baptismatis,
1014 1861 1321 1929 charitatis,
1369 1871 1533 1933 atque
1559 1863 1821 1918 innocen-

230 1952 341 2006 tiae.
371 1950 479 2008 Sed
504 1951 590 2007 bis
608 1951 944 2008 vestimentis
966 1966 1023 2008 se
1039 1952 1265 2019 nudant,
1290 1953 1597 2024 quicunque
1622 1953 1824 2023 baptis-

229 2061 383 2101 mum
411 2045 630 2112 iterant,
660 2043 746 2100 vel
788 2059 847 2101 se
877 2045 1216 2116 gravioribus
1264 2045 1586 2101 criminibus
1629 2061 1820 2101 macu-

231 2137 368 2205 lant,
399 2149 456 2195 et
502 2138 784 2194 charitatis
808 2136 933 2207 jura
964 2137 1196 2193 violant.
1240 2136 1379 2193 Sunt
1411 2147 1588 2192 autem
1617 2146 1672 2192 et
1696 2137 1821 2207 qui.

227 2231 376 2298 dam,
403 2232 494 2302 qui
517 2232 682 2287 etiam
705 2231 758 2286 in
780 2233 1031 2301 praesenti
1056 2231 1142 2286 his
1161 2231 1502 2286 vestimentis
1524 2237 1648 2286 sunt
1669 2229 1818 2296 nudi,

226 2321 370 2379 sicut
419 2321 590 2377 Judaei
625 2330 680 2376 et
736 2323 952 2392 pagani,
987 2323 1081 2393 qui
1137 2338 1312 2394 neque
1355 2322 1617 2394 baptizati
1674 2330 1817 2386 sunt,

225 2429 403 2485 neque
431 2412 712 2470 charitatis
737 2416 1053 2469 mandatum
1080 2415 1410 2471 custodiunt.
1439 2415 1585 2470 Falsi
1605 2429 1820 2486 quoque

223 2505 520 2566 Christiani
561 2505 666 2562 etsi
697 2505 900 2562 habere
929 2505 1182 2561 videntur
1215 2506 1328 2562 hzec
1353 2507 1698 2572 vestimenta,
1734 2515 1819 2560 ta-

224 2612 351 2653 men
383 2597 439 2653 in
461 2595 668 2666 judicio
709 2611 833 2654 cum
883 2596 988 2653 illis
1024 2597 1151 2653 nudi
1198 2597 1565 2668 reperiuntur,
1601 2597 1725 2668 quia
1754 2612 1818 2652 ea

221 2700 346 2758 qua
387 2687 714 2750 habuerunt,
761 2685 902 2740 male
952 2685 1180 2740 vivendo
1223 2685 1546 2742 amiserunt.
1601 2685 1819 2743 Pariter

222 2788 352 2845 ergo
392 2774 520 2829 nudi
567 2773 930 2845 reperientur,
960 2775 1086 2844 quia
1116 2775 1471 2845 reprobomm
1523 2791 1728 2845 corpus
1748 2792 1816 2832 ex

223 2867 428 2936 apertis
474 2865 782 2922 inﬁdelibus
838 2874 895 2922 et
940 2865 1092 2922 falsis
1141 2866 1402 2923 fratribus
1459 2868 1813 2923 construitur.

224 2956 294 3014 Et
333 2974 516 3013 carnes
539 2973 664 3014 suas
685 2957 1212 3026 commanducabttnt,
1253 2959 1424 3014 Isaias
1453 2959 1715 3030 propheta
1737 2959 1818 3013 di-

223 3049 300 3105 cit
325 3049 393 3106 de
421 3049 690 3120 reprobis,
720 3049 846 3120 quia
871 3050 1006 3120 ignis
1035 3067 1215 3104 eorum
1245 3067 1348 3104 non
1389 3051 1748 3120 exstinguet‘ur
1767 3059 1816 3104 et

222 3140 407 3197 vermis
428 3156 607 3194 eorum
631 3156 733 3194 non
753 3140 1004 3193 morietur
1023 3138 1216 3210 (Marc.
1232 3138 1332 3211 ix).
1356 3139 1460 3210 Ipsi
1481 3155 1610 3213 ergo
1624 3154 1816 3196 carnes

1941 587 2089 652 quod
2115 584 2220 640 illis
2248 596 2333 642 est
2359 589 2636 658 placitum.
2666 589 2822 657 Quod
2853 591 2983 660 quid
3015 593 3106 658 sit,
3145 593 3330 648 statim
3356 596 3529 664 aperit

1941 687 2064 728 cum
2111 673 2383 746 subjungit
2411 695 2424 731 :
2461 676 2529 732 Ut
2565 679 2686 732 dent
2715 695 2929 750 regnum
2958 697 3113 734 suum
3163 682 3358 738 bestiae.
3391 682 3526 738 Gra-

1942 761 2044 816 tias
2075 762 2150 817 illi
2195 773 2437 835 agentes,
2465 775 2521 821 et
2563 768 2827 823 honorem
2867 778 2922 823 et
2949 769 3325 826 fortitudinem
3371 787 3526 828 suam

1941 849 2014 904 illi
2059 851 2376 920 tribuentes,
2418 856 2574 926 quasi
2607 859 2676 912 ab
2720 873 2784 912 ea
2827 851 3526 934 perceperintomnequod

1939 940 2162 998 habent.
2208 942 2325 1000 Non
2356 954 2535 1001 autem
2587 946 2688 1003 fuit
2729 949 2821 1003 Dei
2873 950 3142 1016 voluntas,
3185 954 3278 1022 qui
3323 948 3528 1008 nullam

1939 1032 2258 1103 iniustitiam
2288 1037 2421 1104 vult,
2455 1039 2540 1093 cui
2571 1038 2856 1095 Psalmista
2882 1041 3014 1097 dicit
3040 1062 3053 1097 :
3088 1043 3332 1099 Dilexisti
3356 1046 3525 1114 justi-

1939 1126 2089 1194 tiam,
2133 1137 2180 1182 et
2231 1129 2388 1183 odisti
2433 1131 2783 1202 iniquitatem,
2815 1142 2876 1187 ut
2899 1135 3116 1204 reprobi
3136 1145 3322 1189 contra
3353 1137 3523 1190 Deum

1936 1227 2260 1288 pugnantes,
2285 1234 2510 1290 regnum
2533 1236 2689 1275 suum
2721 1220 2906 1277 bestiae
2939 1224 3235 1291 traderent,
3266 1226 3360 1280 sed
3381 1241 3521 1296 prte-

1935 1307 2242 1362 cedentium
2303 1309 2646 1379 iniquitatum
2693 1311 2909 1367 illorum
2957 1313 3152 1368 merita
3201 1316 3424 1387 exigunt
3464 1324 3526 1371 ut

1935 1395 2150 1465 reprobi
2177 1397 2230 1450 in
2252 1412 2494 1454 errorem
2525 1413 2555 1453 a
2588 1399 2698 1454 Deo
2721 1400 2799 1456 ire
2820 1401 3068 1471 permissi
3119 1403 3192 1458 ita
3211 1405 3518 1473 "ambulent,

1936 1495 1996 1542 ut
2024 1489 2398 1546 misericordia
2427 1493 2698 1562 parcentis
2725 1510 2832 1549 non
2865 1495 3161 1563 saivcntur,
3194 1499 3287 1554 sed
3311 1499 3520 1570 justitia

1932 1579 2206 1648 punientis
2247 1581 2593 1637 damnentur.
2617 1583 2696 1638 Ac
2722 1585 2767 1638 si
2803 1585 3048 1641 diceret:
3083 1587 3434 1658 Exigentibus
3456 1589 3521 1644 il-

1932 1667 2109 1726 lorum
2147 1672 2380 1739 meritis,
2413 1675 2488 1728 ita
2520 1674 2663 1729 Deus
2705 1689 2891 1731 eorum
2926 1678 3090 1732 corda
3127 1679 3379 1749 permisit
3423 1680 3520 1736 ob-

1932 1761 2162 1827 scurari,
2186 1769 2246 1816 ut
2276 1762 2357 1818 sic
2387 1772 2630 1834 agerent,
2662 1772 2717 1818 et
2764 1765 2868 1820 hoc
2912 1767 3155 1833 tamdiu,
3191 1768 3354 1823 donec
3388 1785 3519 1823 con-

1856 1843 2257 1906 Bsummentur
2299 1853 2451 1908 verba
2496 1853 2614 1908 Dei.
2666 1853 2723 1909 Id
2777 1863 2880 1922 est,
2931 1856 3103 1912 donec
3136 1872 3302 1928 opere
3356 1875 3515 1914 com-

1923 1940 2178 2012 pleantur
2220 1943 2428 2009 omnia,
2479 1959 2599 2015 qua:
2634 1953 2760 2001 ante
2798 1955 2925 2001 sunt
2965 1947 3242 2016 praedicta.
3299 1948 3417 2016 Quo
3461 1949 3520 2004 in

1921 2031 2045 2118 lpco
2081 2034 2311 2104 quaestio
2335 2035 2530 2100 oritur,
2560 2050 2736 2104 quare
2786 2036 2883 2091 Dei
2924 2038 3088 2092 verba
3138 2045 3520 2093 consummare

1923 2121 2195 2190 dicantur,
2237 2137 2368 2179 cum
2411 2125 2531 2194 ipse
2573 2125 2837 2180 Dominus
2877 2127 2930 2180 in
2982 2127 3270 2198 Evangelio
3317 2129 3457 2183 dicat
3499 2146 3517 2182 :

1897 2209 2122 2268 'Cuelum
2167 2223 2216 2268 et
2263 2223 2407 2269 terra
2457 2215 2776 2281 transibunt,
2816 2216 2966 2271 verba
3019 2227 3195 2272 autem
3243 2234 3358 2272 mea
3412 2234 3519 2272 non

1922 2306 2175 2360 transient
2217 2306 2435 2379 (Matth.
2463 2308 2634 2372 xxiv).
2667 2308 2773 2363 Sed
2809 2309 3092 2364 sciendum
3144 2311 3270 2380 quia
3315 2311 3382 2365 ad
3415 2311 3514 2366 ali;

1920 2397 2050 2467 quid
2073 2399 2234 2452 verba
2260 2399 2354 2453 Dei
2379 2408 2845 2465 consummantur,
2879 2401 2945 2456 ad
2966 2400 3166 2471 aliquid
3199 2417 3307 2457 non
3335 2410 3513 2457 trans-

1919 2495 2069 2542 eunt.
2100 2488 2560 2544 Consummantur
2584 2490 2651 2544 ad
2683 2491 2808 2556 hoc,
2841 2501 2900 2546 ut
2929 2507 3049 2561 quae
3077 2492 3342 2562 promissa
3388 2501 3516 2548 sunt

1919 2593 2083 2648 opere
2106 2580 2486 2649 compleantur
2515 2599 2528 2634 :
2555 2595 2661 2635 non
2691 2589 3141 2648 transeuntvero,
3155 2583 3280 2652 quia
3303 2597 3366 2637 ea
3387 2598 3515 2652 quae

1919 2667 2232 2738 loquuntur,
2261 2671 2592 2726 :eternaiiter
2618 2682 2994 2742 perseverant.
3028 2671 3223 2728 Sermo
3245 2674 3388 2728 enim
3415 2674 3513 2728 Dei

1917 2762 2218 2817 sententias
2246 2763 2297 2817 in
2323 2771 2585 2818 teter-num
2606 2779 2892 2818 mansuras
2911 2763 3162 2834 explicat.
3185 2763 3511 2820 Praedictum

1919 2863 2004 2909 est
2039 2855 2182 2910 enim
2209 2855 2276 2911 de
2305 2855 2546 2920 Christo,
2575 2855 2717 2924 quod
2740 2856 2964 2910 veniens
2991 2859 3056 2911 ad
3081 2856 3366 2927 judicium,
3397 2861 3510 2912 sta;

1919 2949 2035 2998 tuet
2061 2959 2094 2998 a
2124 2944 2330 2999 dextris
2362 2959 2512 3010 oves,
2562 2944 2754 2998 bardos
2787 2954 2966 2998 autem
2995 2960 3024 2997 a
3059 2945 3324 3009 sinistris,
3347 2953 3402 2998 et
3429 2944 3512 2999 di-

1918 3048 2005 3093 cct
2029 3053 2125 3093 rex
2155 3038 2240 3092 his
2267 3037 2357 3108 qui
2385 3052 2414 3090 a
2442 3035 2680 3091 sinistris
2701 3044 2860 3089 erunt
2887 3054 2900 3089 :
2939 3035 3175 3099 Esurivi,
3205 3043 3260 3089 et
3282 3051 3386 3090 non
3410 3035 3508 3090 de-i

1917 3126 2074 3182 distis
2119 3126 2249 3182 mihi
2299 3126 2652 3190 manducare,
2691 3134 2822 3189 etc.,
2865 3140 3145 3195 usquequo
3181 3124 3329 3179 dicet
3354 3124 3460 3180 illis
3489 3144 3509 3180 :

221 3246 350 3288 suas
377 3231 926 3297 commanducahunt,
958 3232 1085 3302 quia
1129 3231 1307 3304 ptenis
1343 3246 1558 3304 semper
1582 3247 1806 3304 pascen-

1917 3219 2174 3274 Discedite
2226 3237 2259 3273 a
2313 3236 2394 3274 me
2443 3220 2533 3289 qui
2569 3219 2857 3289 operamini
2915 3217 3239 3289 iniquitatem
3286 3215 3506 3287 (Matth.

220 3331 336 3389 tur,
360 3337 682 3394 semperque
721 3337 816 3379 eos
861 3338 1070 3380 vermes
1097 3324 1406 3392 comedent,
1449 3334 1504 3381 et
1533 3341 1804 3395 nunquam

218 3414 288 3470 ad
309 3412 598 3480 defectum,
629 3429 750 3470 cum
785 3415 989 3486 jugiter
1019 3415 1338 3484 defecerint,
1362 3417 1696 3488 pervenient.
1740 3416 1807 3472 Et

219 3503 347 3560 dum
373 3505 650 3561 vermibus
677 3506 1010 3562 aeternaliter
1033 3517 1245 3576 pastum
1288 3508 1621 3578 praebebunt,
1649 3507 1806 3578 quasi

217 3594 327 3666 igni
353 3609 548 3652 carnes
568 3611 694 3652 suas
721 3596 1142 3665 manducabunt,
1170 3598 1295 3669 quia
1318 3613 1534 3668 pmnam
1559 3598 1803 3654 carnium

215 3699 440 3740 suarum
483 3685 848 3740 sustinebunt.
900 3685 1222 3742 Manducant
1268 3688 1413 3742 enim
1443 3703 1636 3743 carnes
1676 3702 1804 3743 suas

213 3783 418 3828 aeterno
445 3773 710 3843 supplicio
756 3776 948 3841 dediti,
1001 3777 1094 3830 sed
1141 3777 1331 3833 alienis
1378 3778 1656 3843 dentibus,
1696 3794 1803 3833 non

215 3863 349 3928 suis,
401 3864 664 3919 vermium
715 3864 923 3919 scilicet
966 3865 1377 3930 immortalium,
1427 3880 1562 3935 quos
1589 3866 1691 3935 ipsi
1735 3867 1804 3922 ad

212 3957 580 4013 devorandum
632 3959 746 4014 suis
797 3957 1174 4028 iniquitatibus
1213 3967 1502 4014 exacuent.
1545 3959 1610 4013 Et
1635 3959 1802 4028 ipsam

212 4048 322 4120 igni
348 4053 772 4116 concremabunt,
797 4048 924 4120 quia
967 4048 1126 4104 malis
1147 4049 1402 4120 operibus
1424 4049 1801 4117 deserviendo,

211 4142 315 4215 ipsi
347 4142 450 4198 sibi
469 4151 732 4197 aeternum
766 4141 1074 4197 incendium
1103 4156 1211 4211 quo
1233 4141 1568 4208 crucientur,
1599 4155 1804 4211 przepao

212 4243 493 4298 raverunt,
537 4249 703 4305 seque
744 4233 888 4289 ultro
915 4233 1098 4304 pravis
1124 4231 1430 4288 actionibus
1469 4232 1674 4288 eisdem
1714 4231 1802 4286 in-

211 4324 421 4381 cendiis
453 4323 758 4394 praecipites
797 4323 1083 4378 dederunt.
1133 4322 1269 4378 Dum
1296 4337 1427 4394 ergo
1457 4322 1572 4378 suis
1597 4321 1798 4392 iniqui-

211 4415 433 4483 tatibus,
465 4417 618 4486 quasi
674 4415 994 4486 quibusdam
1027 4417 1186 4488 lignis
1228 4417 1406 4488 ignem
1442 4431 1550 4486 quo
1579 4417 1801 4472 combu-

211 4516 404 4562 runtur
425 4509 752 4573 accendunt,
775 4507 875 4577 ipsi
899 4523 958 4563 se
980 4518 1354 4565 concremant.
1390 4506 1480 4563 Sic
1514 4507 1658 4562 enim
1688 4507 1800 4562 usi-

1907 3308 2039 3379 vn).
2091 3307 2626 3363 Consummabnntur
2682 3307 2806 3362 luce-
2848 3307 2943 3361 Dci
2984 3308 3182 3371 verba,
3230 3321 3352 3360 cum
3392 3306 3509 3378 ipse

1906 3400 2130 3454 veniens
2174 3401 2242 3454 ad
2282 3399 2549 3470 judicium
2600 3398 2743 3453 dicet
2778 3397 3065 3468 rcprohis:
3112 3397 3195 3452 Ite
3245 3399 3302 3452 in
3332 3399 3508 3468 ignem‘

1907 3497 2179 3554 (sternunt,
2203 3489 2296 3560 qui
2314 3499 2532 3560 paratus
2546 3498 2618 3543 est
2643 3487 2873 3554 diabolo,
2891 3496 2995 3543 etc.
3030 3487 3175 3542 Tunc
3204 3488 3350 3542 ibunt
3373 3487 3429 3540 hi
3448 3489 3508 3541 in

1904 3579 2216 3649 supplicium
2237 3589 2486 3634 wternum
2510 3579 2725 3652 (Matth.
2763 3578 2910 3648 xxv).
2928 3579 3183 3633 Promisit
3208 3587 3263 3633 et
3283 3589 3506 3634 sanctos

1905 3671 2218 3726 statuendos
2242 3670 2308 3725 ad
2338 3669 2638 3736 dexteram,
2671 3677 2725 3725 et
2751 3669 2977 3740 gloriam
3026 3685 3085 3726 se
3111 3669 3197 3725 his
3223 3669 3498 3725 daturum.

1905 3762 2438 3818 Consummabnntur
2487 3763 2602 3819 haec
2645 3763 2739 3818 Dei
2795 3763 2979 3828 verba,
3027 3778 3152 3818 cum
3181 3761 3498 3818 audierint:

1915 3850 2114 3918 Venite,
2141 3853 2425 3917 benedicti,
2445 3851 2621 3906 Patris
2644 3853 2766 3917 mei,
2783 3862 2887 3908 etc.
2907 3853 3004 3908 Sic
3020 3868 3252 3924 namque
3275 3852 3499 3920 dicitur,

1905 3943 2070 3997 donec
2095 3951 2523 3997 consummentur
2565 3943 2717 3996 verba
2744 3943 2861 4005 Dei,
2898 3951 3156 4012 tanquam
3194 3943 3496 3999 diceretur:

1911 4036 2202 4108 Usquequo
2223 4033 2350 4090 boni
2378 4043 2433 4089 et
2455 4033 2579 4089 mali
2609 4034 2868 4103 recipient
2896 4035 3190 4089 secundum
3213 4035 3357 4104 quod
3380 4036 3499 4092 elo-

1903 4128 2031 4199 quia
2059 4129 2153 4182 Dei
2180 4126 2535 4199 promittunt?
2560 4124 2628 4178 Et
2666 4124 2856 4180 mulier
2883 4142 3039 4196 quam
3071 4125 3244 4180 vidisti
3273 4136 3348 4180 est
3373 4127 3500 4181 civi-

1905 4227 1987 4272 tas
2035 4233 2251 4288 magna,
2297 4216 2350 4271 id
2375 4223 2459 4270 est
2481 4215 2658 4270 omnis
2688 4215 2954 4270 malorum
3003 4214 3314 4270 multitudo.
3365 4215 3498 4284 Quae

1903 4306 2056 4361 habet
2100 4321 2315 4376 regnum
2335 4321 2492 4375 super
2519 4320 2662 4376 reges
2695 4313 2868 4358 terrm.
2897 4303 3033 4372 Quia
3060 4306 3297 4360 maxime
3325 4306 3497 4362 malo-

1903 4413 2022 4452 rum
2055 4395 2345 4450 multitudo
2372 4395 2425 4450 in
2457 4394 2676 4466 regibus
2714 4403 2771 4449 et
2812 4395 2972 4466 hujus
3023 4396 3207 4451 saeculi
3236 4397 3500 4468 principi-

1901 4486 2004 4542 bus
2033 4486 2086 4541 in
2115 4485 2422 4556 superbiam
2451 4483 2715 4539 elevatur.
2766 4482 2858 4539 Sic
2881 4483 3026 4538 enim
3054 4484 3274 4550 dicitur,
3304 4485 3499 4542 civitas

211 4605 324 4652 tata
363 4597 635 4663 locutione
688 4575 833 4670 quod
862 4598 916 4654 in
946 4598 1079 4671 ipsis
1105 4598 1414 4670 contigerit,
1462 4597 1676 4667 reprobi
1719 4595 1797 4651 fa—

1917 4594 2097 4651 nagna
2120 4579 2284 4633 habet
2303 4584 2628 4648 potestatem
2655 4592 2820 4647 super
2844 4592 3002 4647 reges
3023 4586 3212 4642 teme,
3241 4585 3496 4648 tanquam

209 4702 336 4745 cere
375 4689 744 4759 perhibentur,
782 4691 938 4747 sicuti
966 4706 1065 4746 nos
1109 4690 1403 4762 quemlibet
1431 4691 1669 4762 seipsum
1713 4691 1796 4746 in-

211 4781 490 4837 terfecisse
531 4781 784 4848 dicimus,
814 4783 906 4854 qui
929 4783 1226 4854 periculum
1258 4785 1449 4840 mortis
1474 4800 1594 4840 cum
1619 4792 1803 4854 posset

210 4887 318 4928 non
359 4871 670 4939 declinavit,
719 4873 802 4928 vel
849 4873 1087 4944 seipsum
1139 4875 1462 4942 incendisse,
1504 4875 1598 4947 qui
1627 4883 1801 4932 semet

211 4964 396 5020 volens
423 4965 480 5021 in
509 4965 688 5038 ignem
711 4965 1043 5036 praecipitem
1066 4966 1231 5021 dedit.

285 5054 426 5110 Deus
449 5056 586 5110 enim
613 5056 756 5112 dedit
780 5057 833 5110 in
859 5055 1104 5110 cordibus
1126 5072 1326 5120 eorum,
1359 5066 1411 5110 ut
1433 5057 1632 5126 faciant
1660 5057 1798 5128 quod

211 5145 318 5200 illis
356 5145 605 5216 placitum
645 5157 740 5204 est.
779 5146 932 5219 Smpe
958 5147 1100 5204 Deus
1131 5148 1474 5218 omnipotens
1500 5149 1670 5203 iratus
1699 5163 1800 5222 pro

213 5238 644 5312 przecedentibus
671 5239 950 5296 hominum
989 5239 1250 5310 peccatis,
1282 5239 1546 5310 permittit
1573 5255 1666 5295 eos
1722 5239 1800 5293 fa-

209 5343 338 5389 cere
360 5329 501 5386 unde
522 5329 670 5384 illum
701 5331 930 5403 amplius
969 5329 1264 5386 oll‘endunt.
1296 5328 1430 5384 Hinc
1459 5337 1542 5384 est
1563 5328 1710 5400 quod
1732 5329 1800 5386 de

210 5421 532 5495 quihusdam
585 5421 784 5476 dicitur
845 5423 1128 5478 veritatem
1183 5438 1288 5477 non
1351 5421 1736 5491 recipientibus
1779 5439 1794 5477 :

213 5511 440 5583 Propter
481 5512 576 5566 hoc
626 5510 768 5566 dedit
822 5511 940 5566 illos
971 5512 1111 5568 Deus
1147 5513 1199 5566 in
1248 5511 1519 5582 reprobum
1565 5527 1796 5578 sensum,

215 5615 270 5658 ut
294 5604 490 5673 faciant
517 5620 634 5676 qua:
673 5618 774 5657 non
802 5605 1108 5658 conveniunt
1151 5603 1324 5675 (Rom.
1358 5605 1420 5673 ι).
1466 5603 1602 5660 II-inc
1632 5604 1795 5660 etiam

215 5696 412 5750 dicitur
461 5695 738 5750 indurasse
766 5709 858 5750 cor
883 5695 1200 5761 Pharaonis,
1235 5699 1375 5769 quod
1405 5714 1511 5753 non
1549 5697 1796 5756 mercha—

221 5798 308 5844 tnr
339 5787 587 5846 emolliri.
619 5788 773 5845 Dedit
804 5804 932 5850 et'ao
955 5787 1095 5844 Deus
1116 5790 1167 5845 iu
1202 5791 1452 5849 cordibus
1480 5791 1792 5853 infidelium.

1901 4673 2174 4729 diceretur
2196 4670 2406 4742 :lpsum
2439 4669 2620 4726 saeculi
2652 4683 2877 4741 regnum
2903 4671 2956 4725 in
2987 4670 3202 4726 cunctis
3227 4671 3496 4742 superbia

1902 4764 2216 4836 petentibus
2251 4771 2462 4833 regnat.
3483 4775 3486 4798 ς

1909 4864 1914 4870 ’
2469 4869 2700 4926 CAPUT
2739 4868 2923 4925 XVIII.

1975 4963 2047 5018 Et
2076 4973 2189 5034 post
2234 4963 2345 5018 lucc
2370 4962 2476 5017 uidi
2525 4961 2688 5016 alium
2719 4961 2961 5031 angelum
3001 4959 3393 5015 descendentem
3427 4960 3495 5017 de

1902 5056 2048 5112 caelo.
2079 5055 2170 5111 Sic
2192 5053 2444 5112 videntur
2467 5055 2584 5110 haec
2615 5054 2776 5110 verba
2810 5069 3024 5119 sonare,
3067 5053 3222 5124 quasi
3253 5049 3492 5124 spatium

1902 5146 2120 5218 aliquod
2147 5145 2310 5201 fuerit
2339 5145 2393 5200 in
2423 5143 2525 5199 hac
2553 5143 2881 5198 revelatione
2921 5143 3065 5199 inter
3082 5143 3364 5208 visionem,
3394 5145 3492 5200 sed

1899 5253 2007 5294 non
2032 5237 2236 5292 estita.
2278 5235 2564 5292 Unocnim
2606 5236 2693 5289 die
2739 5235 2851 5290 haec
2879 5235 3060 5290 omnia
3114 5235 3252 5290 vidit
3297 5235 3493 5293 beatus

1899 5328 2160 5394 Joannes,
2203 5326 2256 5382 id
2285 5335 2389 5392 est,
2420 5326 2508 5380 die
2551 5324 2850 5380 Dominico.
2894 5324 2986 5380 Sic
3034 5325 3232 5396 quippe
3269 5326 3490 5394 dicitur:

1905 5419 2012 5476 vidi
2067 5419 2275 5485 alium,
2326 5417 2481 5489 quasi
2535 5416 2757 5482 diceret,
2816 5415 2924 5471 vidi
2983 5415 3146 5470 aliam
3198 5415 3488 5472 visionem.

1905 5512 2058 5570 Unus
2113 5513 2295 5584 itaque
2345 5509 2568 5582 angelus
2614 5510 2734 5575 fuit,
2767 5510 2857 5580 qui
2894 5510 2993 5567 has
3037 5511 3273 5567 visiones
3309 5510 3487 5566 mani‘

1905 5604 2143 5669 festavit,
2176 5603 2271 5658 sed
2299 5611 2519 5673 propter
2548 5600 2709 5656 aliam
2731 5601 2995 5657 visionem
3025 5601 3185 5656 alium
3211 5617 3270 5656 se
3292 5601 3488 5660 vidisse

1904 5695 2152 5767 angelum
2179 5693 2328 5749 dicit.
2353 5690 2446 5748 Sic
2471 5699 2525 5747 et
2547 5707 2646 5746 nos
2678 5693 2745 5749 dc
2771 5691 3011 5761 quolibet
3050 5692 3309 5746 dicimus:
3337 5689 3488 5746 Alius

1905 5791 2036 5848 mihi
2070 5788 2361 5854 videbaris,
2395 5803 2517 5843 cum
2543 5785 2630 5840 illa
2661 5795 2714 5841 ct
2756 5785 2842 5840 illa
2876 5785 3039 5840 verba
3065 5784 3272 5841 diceres
3301 5802 3312 5839 :
3351 5783 3490 5840 alius
