3972 6470
456 439 593 496 1151

450 570 598 629 nunc
647 566 893 626 appares,
947 566 1070 607 cum
1122 550 1405 606 dissimilia
1451 549 1709 618 loqueris.
1738 549 1863 605 Post
1895 546 2033 613 hrec,
2065 551 2111 609 Α

450 647 664 720 inquit,
691 647 744 702 id
767 646 870 710 est;
893 643 1423 715 postpraecedentem
1448 630 1730 707 visionem,
1745 640 1852 696 vidi
1870 639 2036 695 alium

450 724 703 812 angelum
731 736 798 793 de
835 736 974 793 coelo
1014 736 1453 792 descendentem.
1490 734 1597 791 ISte
1634 736 1857 807 angelus
1881 733 2039 790 Chri-

451 836 572 885 stus
599 834 698 891 est,
722 826 814 896 qui
858 834 940 897 est
979 826 1201 881 nuntius
1243 833 1484 896 paterna:
1510 826 1826 890 voluntatis,
1865 833 1924 879 et
1946 823 2038 894 qui

358 992 361 993 ν
449 918 618 973 vitam
646 924 908 972 aeternam
939 916 1054 971 suis
1083 916 1295 971 nuntiat
1335 916 1580 986 quotidie
1624 916 1889 971 ﬁdelibus.
1922 913 2040 980 Quo

451 1006 505 1062 in
531 1006 652 1062 loco
679 1007 960 1077 quaeritur,
989 1006 1258 1075 quomodo
1290 1006 1631 1061 descendisse
1658 1007 1723 1060 de
1749 1005 1889 1061 cmlo
1913 1020 2037 1059 eum

448 1095 686 1153 Joannes
707 1096 867 1162 vidit,
889 1111 1013 1151 cum
1041 1095 1210 1152 Filius
1251 1097 1345 1151 Dei
1375 1097 1427 1151 in
1460 1097 1759 1152 divinitatis
1784 1097 2038 1151 substan-

451 1189 528 1244 tia
571 1204 694 1243 cum
724 1188 886 1243 Patre
934 1198 991 1244 et
1018 1187 1223 1258 Spiritu
1271 1199 1459 1245 sancto
1514 1190 1717 1259 ubique
1769 1190 1858 1254 sit,
1883 1188 2041 1257 juxta

447 1279 596 1349 quod
617 1280 733 1350 ipse
756 1295 853 1351 per
872 1279 1190 1351 prophetam
1222 1280 1385 1336 dicit:
1411 1280 1617 1335 Caelum
1645 1288 1699 1335 et
1720 1289 1918 1335 terram
1941 1295 2039 1350 ego

448 1371 670 1443 impleo.
705 1372 773 1427 Et
800 1373 996 1426 iterum
1031 1388 1044 1424 :
1087 1371 1253 1425 Extra
1306 1371 1501 1428 cadum
1555 1379 1611 1425 et
1661 1380 1858 1426 terram
1889 1370 2042 1426 locus

448 1477 559 1518 non
587 1470 690 1528 est,
721 1462 810 1517 ubi
839 1478 946 1517 non
978 1462 1051 1517 sit
1087 1462 1367 1516 Dominus.
1399 1460 1506 1517 Sed
1534 1462 1813 1518 descendit
1834 1462 1898 1516 de
1923 1476 2038 1517 cae-

448 1552 524 1619 lo,
551 1568 660 1607 non
693 1568 800 1623 quo
840 1552 1053 1608 deloco
1080 1553 1145 1606 ad
1182 1552 1357 1606 locum
1398 1552 1799 1617 transiret,sed
1826 1552 2040 1622 quando

452 1642 508 1703 in
556 1650 715 1697 utero
765 1641 1014 1711 virginali
1059 1643 1296 1710 suscepit
1337 1643 1574 1697 animam
1613 1651 1669 1698 et
1697 1658 1953 1708 carnem,
1980 1652 2041 1698 ut

454 1740 637 1803 posset
666 1733 841 1811 videri
867 1734 920 1788 in
944 1742 1129 1787 nostra
1161 1742 1374 1799 natura,
1402 1734 1496 1803 qui
1533 1734 1819 1789 invisibilis
1845 1743 1964 1789 erat
1986 1735 2038 1790 in

453 1840 574 1885 sua.
606 1827 896 1883 Deseensio
923 1843 1053 1896 ergo
1089 1827 1234 1882 illius
1273 1827 1406 1881 nihil
1440 1836 1523 1881 est
1550 1828 1693 1882 aliud
1730 1844 1891 1897 quam
1920 1842 2038 1882 car-

451 1917 540 1981 nis
592 1917 910 1987 assumptio,
968 1918 1034 1972 de
1085 1933 1194 1988 quo
1231 1917 1431 1972 Paulus
1477 1918 1607 1973 dicit
1636 1932 1653 1971 :
1681 1916 1784 1983 Qui
1833 1933 1950 1971 cum
1983 1918 2037 1970 in
2070 1913 2112 1973 Β

453 2008 626 2077 {arma
640 2008 737 2063 Dei
748 2018 900 2073 esset,
917 2009 1209 2063 Itumiliavit
1231 2011 1587 2080 semetipsum,
1602 2007 1772 2080 factus
1795 2010 2039 2064 obediens

451 2115 616 2172 usque
636 2102 707 2155 ad
727 2113 944 2156 mortem
969 2101 1191 2172 (Philip.
1216 2101 1299 2172 ιι).
1329 2132 1400 2143 —-
1421 2100 1715 2157 Habentem
1731 2112 2038 2174 potestatem

450 2207 722 2261 magnam.
739 2191 865 2246 [hac
885 2201 1127 2261 potestas
1145 2192 1210 2246 ad
1229 2201 1515 2262 utramque
1534 2192 1654 2261 ejus
1669 2202 1917 2249 naturam
1944 2208 2043 2264 po-
2068 2234 2077 2241 .

451 2289 562 2337 test
590 2281 807 2348 referri,
836 2291 893 2337 et
918 2283 985 2337 ad
1001 2283 1238 2337 divinam
1263 2284 1472 2339 scilicet
1493 2291 1546 2339 et
1576 2284 1888 2338 humanam.
1914 2284 2045 2341 Fuit

451 2372 597 2427 enim
627 2372 745 2427 haec
770 2381 1012 2443 potestas
1038 2373 1091 2428 in
1123 2374 1239 2444 ipso
1265 2390 1364 2445 per
1392 2375 1729 2430 divinitatem
1760 2377 1877 2431 sine
1905 2385 2040 2431 tem-

453 2478 612 2533 pore,
661 2473 786 2519 ante
814 2466 998 2520 omnia
1044 2466 1265 2531 secula,
1299 2466 1423 2536 quia
1477 2468 1619 2521 sicut
1646 2483 1770 2521 cum
1802 2467 1964 2523 Patre
1986 2474 2042 2523 et

452 2551 659 2623 Spiritu
694 2564 884 2610 sancto
938 2564 1134 2610 cuncta
1183 2566 1487 2621 creaverat,
1518 2556 1591 2609 ita
1638 2571 1762 2611 cum
1800 2556 1962 2612 Patre
1987 2563 2043 2611 et

452 2640 658 2712 Spiritu
682 2651 875 2699 sancto
897 2645 1081 2698 omnia
1103 2645 1432 2714 possidebat.
1466 2643 1593 2699 lltec
1611 2645 1774 2698 etiam
1800 2653 2051 2713 potestas

453 2731 581 2785 data
617 2741 702 2786 est
724 2734 774 2787 ei
799 2734 853 2787 in
882 2741 1144 2804 tempore,
1173 2733 1388 2803 quando
1428 2743 1552 2804 post
1589 2735 1919 2805 triumphum
1953 2751 2041 2791 re-

453 2822 814 2881 snrrectionis
840 2823 967 2877 data
988 2834 1062 2878 est
1084 2825 1132 2878 ei
1154 2833 1382 2895 potestas
1412 2825 1467 2879 in
1491 2824 1618 2879 caelo
1648 2835 1694 2880 et
1721 2827 1775 2879 in
1800 2834 1962 2890 terra,
1986 2834 2041 2880 ut

452 2915 511 2969 in
539 2929 750 2967 nomme
772 2913 901 2968 Iesu
929 2929 1081 2968 omne
1113 2931 1247 2985 genu
1290 2917 1554 2986 ﬂectatur,
1584 2916 1893 2983 cmicstium,
1940 2927 2043 2972 ter-

454 3001 726 3069 restrium,
767 3012 815 3056 et
865 3002 1191 3073 infernorum
1239 3003 1450 3076 (Ibid.).
1503 3005 1580 3060 De
1606 3005 1708 3061 hac
1757 3007 1901 3061 enim
1928 3007 2044 3077 ipse

452 3109 746 3164 resurgens
780 3108 811 3147 a
848 3096 1078 3150 mortuis
1126 3095 1260 3150 dicit
1288 3110 1301 3148 :
1331 3095 1469 3149 Data
1497 3106 1571 3150 est
1606 3097 1736 3151 milii
1756 3099 1925 3152 omnis
1951 3114 2044 3167 po-

452 3194 615 3239 testas
663 3184 722 3238 in
770 3182 897 3239 caelo
925 3194 973 3240 et
1019 3184 1075 3238 in
1111 3194 1272 3239 terra.
1331 3184 1407 3239 De
1436 3184 1532 3239 illa
1577 3200 1707 3241 vero
1731 3201 1892 3255 quam
1919 3194 2045 3240 ante

450 3285 698 3346 tempora
726 3277 893 3332 habet
934 3292 1060 3332 cum
1107 3277 1290 3340 Patre,
1338 3278 1524 3334 Daniel
1564 3279 1696 3334 dicit
1745 3293 1760 3333 :
1794 3279 2046 3335 Potestas
2072 3265 2115 3327 C

451 3368 589 3437 ejus,
622 3376 870 3438 potestas
912 3378 1116 3424 :eterna
1144 3385 1158 3435 ;
1187 3379 1234 3422 ct
1263 3379 1427 3435 terra,
1448 3368 1501 3424 id
1538 3378 1641 3435 est,
1672 3369 1914 3425 Ecclesia
1937 3370 2045 3425 ele-

450 3470 665 3521 ctorum
697 3460 995 3515 illuminata
1015 3469 1089 3516 est
1113 3478 1146 3514 a
1168 3459 1337 3531 gloria
1360 3461 1499 3531 eius,
1523 3461 1576 3516 id
1596 3470 1699 3526 est,
1722 3477 1751 3516 a
1776 3469 2045 3533 potestate

452 3552 590 3623 ejus.
622 3552 741 3624 Ipse
787 3552 934 3608 enim
981 3551 1232 3606 tenebras
1276 3551 1608 3606 infidelitatis
1639 3564 1697 3606 et
1728 3549 2046 3622 ignorantia:

452 3655 511 3702 et
560 3652 910 3715 peccatorum
958 3644 1243 3698 evacuavit
1286 3659 1316 3696 a
1361 3644 1615 3698 cordibus
1654 3644 1924 3709 ﬁdelium,
1952 3644 2041 3714 qui

454 3745 540 3793 est
570 3736 664 3791 lux
689 3750 818 3791 vera
841 3734 1395 3791 illuminansomnem
1430 3734 1704 3790 hominem
1737 3736 2045 3791 venientem

452 3830 512 3887 in
538 3828 684 3887 hunc
726 3828 1008 3884 mundum.
1041 3826 1195 3884 Unde
1225 3836 1486 3899 scriptum
1524 3836 1607 3883 est
1635 3845 1648 3881 :
1679 3825 1915 3899 Populus
1955 3830 2047 3899 qui

455 3921 758 3981 ambulabat
788 3923 842 3978 in
889 3923 1111 3977 tenebris
1145 3922 1272 3977 cidit
1299 3922 1468 3977 lucem
1490 3937 1776 3994 magnam;
1797 3923 2044 3979 habitan-

453 4015 593 4069 tibus
619 4014 676 4068 in
697 4014 904 4083 regione
938 4013 1137 4069 umbra:
1161 4015 1366 4081 mortis,
1399 4014 1493 4069 tua:
1512 4023 1626 4068 orta
1658 4023 1732 4068 est
1760 4015 1835 4068 eis
1860 4013 2045 4086 (Isaia:

455 4103 557 4174 ts).
573 4100 707 4163 Nam
722 4103 903 4173 etipse
914 4102 982 4167 de
993 4105 1172 4175 seipso
1183 4104 1314 4159 dicit
1330 4123 1343 4160 :
1362 4104 1611 4171 Quandiu
1626 4104 1680 4158 in
1695 4105 1890 4159 mundo
1903 4120 2047 4172 sum,

455 4195 554 4251 huc
565 4212 682 4251 sum
702 4197 886 4251 mundi
901 4197 1085 4269 (Joan.
1109 4197 1210 4268 ιιι).
1235 4197 1447 4252 Etalibi
1475 4198 1541 4253 de
1561 4212 1625 4252 eo
1642 4198 1905 4268 scriptum
1926 4206 2041 4253 est:

455 4284 578 4342 Lux
589 4287 727 4341 venit
741 4287 796 4340 in
809 4288 1083 4353 mundum,
1099 4298 1147 4342 et
1161 4288 1454 4344 dilexerunt
1477 4288 1711 4344 homines
1728 4291 1892 4360 magis
1905 4298 2047 4344 tene-

456 4376 582 4433 bras
608 4395 769 4450 quam
790 4377 957 4433 lucem
984 4380 1168 4450 (Joan.
1195 4379 1302 4452 ιιι).
1329 4381 1464 4448 Quia
1495 4381 1598 4436 iste
1618 4382 1842 4453 angelus
1862 4383 1928 4437 ad
1952 4384 2046 4438 de-

454 4470 771 4527 struendam
786 4470 937 4525 venit
955 4471 1251 4541 potentiam
1269 4472 1490 4537 diaboli,
1514 4480 1661 4528 recte
1684 4471 1842 4527 fortis
1863 4472 2045 4543 perhi-

457 4563 637 4626 betur,
661 4571 850 4633 utpote
871 4571 1062 4619 contra
1083 4561 1281 4619 fortem
1302 4563 1517 4628 fortior,
1541 4572 1731 4620 contra
1761 4565 2042 4620 robustum

921 434 1281 495 HAYMONIS
1318 424 1800 491 HALBERSTAT.
1841 430 2055 487 EPISC.
2097 428 2251 488 OPP.
2294 428 2476 489 PARS
2508 431 2550 489 l.
2576 462 2647 475 -—-
2687 430 3038 491 COMMENT.
3081 432 3254 490 BlBL.

3663 431 3821 488 “5'2

2143 544 2279 601 Hinc
2310 547 2507 602 ctenim
2536 545 2771 604 Jacobus
2811 549 2943 605 dicit
2981 568 2994 603 :
3026 545 3193 604 Omne
3239 549 3431 604 datum
3477 547 3810 617 optimum,

2140 648 2186 691 et
2220 654 2372 692 omne
2418 638 2615 693 donum
2645 638 2927 708 rerfectum
2958 639 3231 694 desursum
3260 650 3364 706 est,
3418 639 3807 695 descendens

2139 745 2171 782 a
2202 726 2363 784 Putre
2390 731 2648 786 luininum
2678 730 2819 804 (Inc.
2843 736 2903 804 ι).
2927 731 3046 802 ipse
3072 749 3288 804 quoque
3306 734 3498 789 habet
3533 742 3805 801 potesta-

2138 828 2245 875 tem
2293 836 2567 891 magnam,
2620 837 2784 892 quam
2816 822 2885 877 ab
2937 823 3053 895 ipso
3090 840 3189 879 suo
3235 824 3421 894 capite
3485 826 3800 895 percepit,

2138 912 2351 981 quando
2365 911 2547 978 Petro,
2568 913 2660 982 qui
2682 922 2768 968 est
2793 913 3047 985 princeps
3063 914 3507 985 praedicatorum
3519 955 3540 978 ,
3568 914 3793 970 dictum

2138 1009 2223 1057 est
2252 1015 2267 1054 :
2302 1000 2659 1073 Quodcunque
2684 1002 2926 1073 ligaveris
2957 1020 3112 1073 super
3130 1012 3347 1069 terram,
3381 1004 3501 1058 erit
3545 1002 3794 1074 ligatus:

2138 1105 2184 1149 et
2212 1094 2265 1147 in
2294 1093 2434 1149 etelis
2460 1108 2478 1147 ε
2502 1104 2549 1148 et
2580 1095 2923 1166 quodcunque
2950 1093 3163 1149 solveris
3192 1113 3353 1166 super
3400 1104 3661 1158 terram,
3688 1098 3787 1148 erit

2140 1186 2371 1240 solutum
2427 1195 2475 1239 et
2526 1185 2578 1240 in
2624 1185 2764 1239 caelis
2806 1183 3021 1256 (Matth.
3070 1186 3251 1254 xxiii).
3306 1184 3379 1241 Et
3431 1195 3636 1244 terra,
3682 1185 3783 1238 hoc

2139 1287 2245 1340 est,
2293 1275 2535 1330 Ecclesia
2569 1274 2872 1329 illuminata
2907 1285 2989 1330 est
3018 1291 3046 1329 a
3081 1277 3372 1346 majestate
3424 1275 3591 1342 ejus,
3652 1275 3777 1344 quia

2141 1384 2237 1423 sua
2286 1369 2668 1438 przedicatione
2724 1376 2894 1423 totum
2945 1369 3204 1423 mundum
3258 1367 3640 1421 infidelitatis
3672 1367 3777 1419 cir-

2141 1462 2450 1517 cumdatum
2484 1461 2739 1524 tenebris,
2792 1461 3056 1532 repletum
3086 1460 3293 1515 lumine
3342 1459 3507 1523 ﬁdei,
3549 1459 3771 1527 quando

2141 1553 2573 1622 praedicaverunt
2620 1550 2840 1619 ubique,
2883 1550 3201 1620 incipientes
3235 1549 3305 1603 ab
3334 1548 3695 1611 Jerusalem,
3720 1558 3771 1603 et

2138 1644 2516 1715 pervenientes
2538 1656 2707 1713 usque
2730 1643 2796 1697 ad
2823 1643 3080 1698 terminos
3100 1644 3378 1697 universa:
3406 1651 3613 1705 terrm,
3640 1656 3767 1709 quo-

2143 1734 2288 1788 niam
2315 1742 2442 1787 ante
2473 1732 2670 1788 defecit
2699 1730 2781 1786 eis
2820 1742 2961 1785 terra
2991 1748 3153 1801 quam
3180 1730 3393 1803 lingua.
3435 1730 3587 1785 Hinc
3620 1729 3763 1782 Psal—

2144 1827 2303 1882 mista
2346 1825 2514 1882 dicit:
2552 1825 2617 1880 In
2650 1841 2854 1880 omnem
2884 1828 3093 1879 ‘terram
3132 1824 3291 1878 exivit
3346 1840 3525 1877 sonus
3555 1838 3756 1885 eorum,

2141 1932 2245 1977 etc.
2272 1919 2443 1993 (Psal.
2468 1918 2646 1990 svnt).

2208 2010 2275 2067 Et
2303 2012 2611 2067 exclamavit
2652 2011 2706 2065 in
2744 2008 2871 2066 forti
2892 2023 3026 2066 voce
3066 2009 3266 2063 dicens.
3301 2007 3537 2063 Fortem
3570 2022 3757 2062 vocem

2138 2104 2485 2175 intelligimus
2511 2102 2954 2174 przelicationem
2997 2092 3227 2166 Christi,
3277 2100 3373 2170 qui
3421 2101 3543 2154 ait:
3572 2098 3747 2153 Paeni-

2137 2196 2360 2250 tentiam
2400 2196 2563 2266 agite,
2602 2193 3057 2265 appropinquabit
3110 2193 3258 2245 enim
3310 2208 3545 2263 regnum
3585 2190 3748 2246 cmic—

2138 2300 2283 2339 rum.
2326 2284 2456 2351 Qua:
2499 2283 2708 2339 scilicet
2734 2299 2838 2337 vox
2871 2282 2940 2337 ab
2978 2282 3096 2350 ipso
3129 2281 3387 2343 Domino,
3426 2290 3611 2350 postea
3638 2294 3746 2350 per

2138 2375 2412 2446 apostolos
2444 2384 2616 2429 totum
2655 2375 2844 2428 orbem
2888 2373 3128 2428 cLamore
3171 2371 3473 2441 complevit.
3520 2369 3591 2423 Et
3621 2384 3728 2423 vox

2139 2466 2241 2522 ista
2267 2464 2424 2521 fortis
2451 2464 2572 2531 fuit,
2603 2464 2728 2534 quia
2755 2463 3050 2517 fortissima
3074 2461 3267 2516 limina
3303 2460 3445 2530 regni
3479 2459 3718 2528 gentium

2140 2560 2426 2616 destruxit.
2442 2558 2659 2621 Cecidit,
2681 2558 2860 2612 cecidit
2882 2555 3137 2626 Babylon.
3154 2554 3452 2625 Postquam
3470 2554 3532 2608 in
3549 2570 3733 2623 snper-

2139 2651 2285 2707 biam
2312 2666 2367 2705 se
2388 2649 2580 2705 erexit.
2600 2646 2755 2704 Unde
2777 2654 2892 2702 est:
2923 2645 3171 2715 Dejecisti
3190 2661 3278 2699 eos
3302 2645 3432 2696 dum
3457 2643 3739 2697 altercare»-

2140 2753 2228 2798 tur
2248 2740 2417 2814 (Psal.
2444 2738 2634 2810 Lxxn),
2653 2736 2739 2791 vel
2762 2733 3086 2802 ceciditjam
3111 2736 3162 2789 in
3181 2734 3279 2789 Dei
3310 2731 3736 2803 praesentia!“-

2139 2832 2220 2887 vit
2247 2832 2391 2887 enim
2420 2829 2705 2893 Dominus,
2736 2829 2827 2897 qui
2867 2827 3175 2898 pertineant
3197 2826 3265 2880 ad
3294 2824 3658 2896 Babylonem,
3684 2833 3735 2879 et

2143 2923 2318 2978 casuri
2336 2929 2461 2976 sunt
2482 2922 2533 2976 in
2550 2927 2864 2991 perpetuam
2880 2916 3311 2974 damnationem.
3331 2916 3441 2985 Qui
3459 2918 3625 2971 etiam
3639 2917 3733 2988 jam

2144 3014 2455 3071 ceciderant
2481 3013 2534 3066 in
2565 3012 2742 3082 capite
2778 3026 2880 3065 suo
2907 3009 2974 3064 de
2996 3008 3156 3071 coelo,
3180 2996 3275 3079 qui
3312 3023 3418 3078 per
3442 3010 3731 3078 superbiam

2144 3107 2213 3161 al)
2256 3106 2344 3160 illa
2368 3103 2575 3160 caelesti
2612 3102 2971 3157 mdilieatione
3021 3101 3479 3172 irreparabiliter
3530 3102 3729 3156 corruit.

2146 3196 2217 3252 Et
2243 3198 2381 3266 facta
2406 3206 2480 3251 est
2520 3195 2775 3249 habitatio
2798 3194 3202 3258 dwmoniorum,
3225 3203 3273 3247 et
3306 3194 3569 3247 custodia
3596 3193 3737 3248 omnis

2148 3287 2387 3359 spiritus,
2402 3286 2660 3340 immundi
2681 3293 2727 3339 et
2749 3283 2988 3338 custodia
3003 3284 3169 3338 omnis
3188 3282 3428 3339 volucris
3446 3285 3730 3339 immunda.

2149 3378 2422 3447 Quantum
2442 3378 2506 3431 ad
2531 3377 2764 3432 litteram
2783 3376 3037 3446 pertinet,
3066 3374 3169 3430 huc
3195 3375 3262 3430 de
3289 3375 3587 3447 Babylone
3609 3377 3731 3439 dic't.

2147 3484 2269 3540 qua:
2306 3477 2465 3539 capta
2495 3483 2524 3521 a
2556 3467 2724 3521 Medis
2760 3474 2815 3521 et
2850 3465 3055 3531 Persis,
3099 3462 3399 3520 interfecto
3444 3467 3732 3529 Balthasar,

2149 3562 2422 3617 destructa
2447 3569 2551 3628 est,
2579 3573 2680 3614 nec
2721 3559 2809 3613 diu
2841 3557 2915 3613 ibi
2944 3567 3129 3629 postea
3157 3557 3564 3612 habitaverunt
3592 3558 3736 3613 horni-

2147 3671 2271 3719 nes,
2314 3653 2443 3724 quia
2490 3653 2542 3706 in
2578 3649 2900 3706 solitudines
2946 3649 3310 3717 sempiternas
3365 3659 3457 3704 est
3518 3652 3731 3711 redacta,

2147 3748 2342 3817 viaque
2381 3753 2465 3800 est
2491 3759 2589 3814 pro
2625 3758 2687 3796 ca
2716 3741 2999 3797 aedificata.
3043 3741 3109 3817 Et
3149 3742 3240 3795 ubi
3281 3743 3577 3812 quondam
3604 3749 3737 3796 erant

2147 3837 2533 3910 pulcherrima:
2575 3845 2631 3891 et
2664 3835 2949 3907 prmcipure
2977 3816 3410 3889 inhabitationes
3450 3838 3735 3897 hominum,

2148 3926 2223 3982 ibi
2262 3934 2387 3981 sunt
2434 3925 2595 3983 modo
2645 3923 3071 3978 inhabitationes
3123 3924 3438 3978 daemonum
3465 3937 3526 3979 et
3555 3924 3735 3979 bestia-

2147 4034 2289 4083 rum,
2319 4018 2502 4088 ibiqne
2533 4017 2839 4072 inhabitant
2863 4016 3147 4079 dracones,
3177 4025 3495 4085 serpentes,
3527 4033 3585 4073 et
3604 4017 3737 4072 vole-

2148 4102 2270 4164 Cres
2299 4108 2496 4164 diversi
2545 4109 2782 4180 generis.
2826 4107 2944 4179 ipsa
2976 4117 3155 4163 autem
3206 4108 3454 4179 Babylon
3489 4111 3650 4165 istam
3671 4110 3737 4165 si-

2150 4199 2466 4271 gniﬁcabat.
2495 4215 2616 4270 quae
2653 4215 2719 4254 ex
2748 4199 3092 4254 multitudine
3121 4208 3333 4254 constat
3367 4203 3741 4271 reprobonnu,

2150 4288 2204 4342 in
2228 4305 2330 4360 qua
2363 4297 2447 4344 est
2476 4289 2651 4345 omnis
2680 4289 2922 4345 custodia
2968 4290 3149 4346 omnis
3192 4290 3423 4360 spiritus
3463 4294 3739 4353 immundi,

2148 4380 2275 4450 quia
2329 4379 2581 4435 videlicet
2632 4380 2705 4434 ibi
2752 4380 2805 4434 in
2838 4380 3092 4435 cordibus
3118 4396 3415 4451 pravorum
3445 4383 3734 4446 hominum,

2148 4475 2296 4531 velut
2324 4474 2376 4529 in
2406 4475 2738 4540 carceribus,
2770 4474 3044 4528 daemones
3088 4481 3343 4529 tenentur
3376 4475 3603 4530 inclusi.
3646 4475 3735 4543 Qui

2148 4564 2413 4620 immundi
2449 4564 2701 4619 dicuntur
2726 4572 2951 4635 propter
2987 4564 3302 4633 spurcitiam
3339 4567 3597 4620 omnium
3621 4582 3734 4636 pet-

455 4652 734 4710 rnbustior
747 4646 1029 4711 advenisse
1049 4653 1375 4710 insinuetur.
1398 4655 1534 4722 Quia
1549 4671 1679 4712 vero
1693 4656 1759 4713 ad
1777 4672 2044 4713 evacuan-
2074 4644 2124 4704 Β
2150 4665 2418 4721 calorum,
2453 4655 2505 4709 in
2539 4655 2736 4725 quibus
2772 4665 3080 4709 versantur.
3112 4654 3215 4725 ipsi
3240 4669 3461 4724 quoque
3490 4668 3623 4710 sunt
3656 4672 3736 4711 vo-

456 4744 581 4797 dam
597 4744 891 4799 humanam
907 4746 1229 4816 sapientiam
1244 4750 1498 4815 accessit,
1515 4751 1653 4806 bene
1668 4760 1812 4807 terra
1826 4766 1856 4806 a
1872 4752 2045 4823 gloria

457 4837 606 4893 illius
629 4837 932 4893 illuminata
947 4842 1348 4909 pronuntiatur,
1373 4859 1437 4899 ac
1450 4844 1494 4900 si
1511 4845 1817 4901 diceretur:
1844 4845 2045 4902 Contra

454 4937 756 4985 tumentem
777 4922 963 4987 δίρρυιῖ
989 4940 1314 5002 potestatem
1344 4950 1539 5004 magna
1564 4944 1823 5007 potestas,
1855 4946 2044 4993 contra

450 5018 607 5089 falsa:
646 5019 909 5077 doctrinm
940 5023 1195 5078 tenebras
1225 5039 1365 5079 vera:
1392 5026 1632 5081 scientia:
1655 5025 1743 5081 lux
1776 5028 2043 5098 apparuit.

437 5109 638 5195 ‘Potest
684 5112 850 5166 etiam
889 5122 946 5169 ct
992 5114 1096 5169 iste
1136 5116 1361 5188 angelus
1405 5117 1629 5190 intelligi
1675 5122 1886 5191 primus
1910 5120 2044 5176 ordo

450 5202 896 5274 prmdicatorum,
927 5207 1021 5278 qui
1048 5207 1150 5263 fuit
1175 5210 1228 5264 in
1255 5211 1513 5281 apostolis
1536 5220 1591 5267 et
1624 5214 1936 5283 apostolicis
1958 5216 2044 5272 vi-

449 5294 548 5373 ris.
590 5294 725 5351 Nam
754 5304 809 5352 et
838 5311 935 5368 per
963 5299 1109 5369 ipsos
1154 5299 1475 5371 loquebatur
1503 5302 1789 5370 Christus,
1839 5306 1932 5377 qui
1963 5315 2047 5363 est

349 5465 359 5477 .
450 5388 633 5458 magni
665 5389 878 5444 consilii
919 5390 1163 5462 angelus.
1195 5392 1332 5448 Hinc
1372 5403 1457 5449 est
1485 5396 1628 5464 quod
1659 5395 1894 5454 Joannes
1944 5416 2046 5477 vos:

451 5475 732 5537 Clementis
759 5478 964 5536 Christi
996 5482 1213 5537 dicitur.
1245 5483 1311 5539 Et
1340 5484 1538 5540 Paulus
1580 5486 1750 5542 dicit:
1783 5486 1865 5542 An
1890 5504 2042 5560 expe-

454 5567 735 5624 rimentum
775 5572 1012 5642 qumritis
1038 5573 1154 5643 ejus
1179 5575 1271 5646 qui
1318 5577 1373 5629 in
1402 5593 1483 5633 me
1508 5576 1741 5650 loquitur
1766 5577 2045 5635 Christus?

454 5656 541 5731 (11
570 5658 694 5714 Cor.
723 5661 868 5733 χιιι.)
899 5663 999 5732 Qui
1030 5665 1255 5738 angelus
1284 5666 1350 5723 :le
1383 5668 1522 5725 coelo
1544 5670 1892 5727 descendisse
1913 5670 2045 5727 dici-

456 5754 570 5813 tur,
612 5750 737 5820 quia
761 5752 1021 5825 quidquid
1066 5757 1237 5812 sancti
1269 5759 1654 5829 praedicatores
1690 5760 1924 5830 habent,
1947 5777 2044 5819 seu

454 5836 517 5899 in
556 5840 821 5911 doctrina,
854 5860 949 5903 seu
998 5848 1052 5904 in
1081 5863 1265 5918 opere,
1314 5850 1528 5908 etelitus
1577 5850 1682 5910 illis
1726 5853 1909 5909 datum
1941 5861 2042 5909 est.

2146 4749 2324 4804 lucres
2370 4747 2680 4811 immunda),
2728 4748 2819 4813 qui
2874 4760 2972 4817 per
3020 4745 3167 4800 hunc
3202 4760 3391 4801 aerem
3433 4747 3739 4803 discurrunt

2144 4856 2318 4910 usque
2350 4842 2417 4899 ad
2457 4839 2599 4893 diem
2645 4838 2857 4909 judicii,
2912 4846 3291 4907 exspectantes
3335 4838 3737 4894 damnationem

2148 4947 2324 4997 suam,
2349 4929 2505 4999 juxta
2547 4929 2676 4985 illud
2733 4928 2884 4984 Judae
2925 4927 3113 4984 Jacobi
3157 4929 3444 5000 :Angelos
3488 4944 3623 4985 vero
3654 4927 3735 4999 qui

2148 5038 2256 5081 non
2288 5030 2647 5078 servaverunt
2672 5021 3059 5093 principatum,
3088 5021 3189 5075 sub
3213 5019 3449 5088 caligine
3476 5021 3639 5091 hujus
3658 5033 3738 5075 ae.

2149 5116 2226 5171 ris
2257 5113 2477 5169 tradidit
2528 5114 2849 5170 cruciandos
2900 5114 2954 5168 in
2995 5112 3259 5184 judicium
3309 5114 3415 5169 diei
3471 5113 3626 5186 (Iud.
3665 5115 3736 5181 6].

2151 5210 2279 5266 Sive
2318 5208 2482 5265 ctiam
2512 5210 2819 5263 immundus
2853 5207 3102 5263 volucres
3127 5223 3420 5278 possumus
3442 5208 3737 5279 intelligere

2149 5300 2297 5358 leves
2323 5307 2379 5356 et
2403 5300 2666 5370 superbos
2691 5298 2960 5362 homines,
3008 5298 3101 5367 qui
3145 5297 3198 5353 in
3241 5298 3435 5353 eadem
3468 5296 3741 5370 Babylone

2151 5402 2455 5452 morantur.
2501 5390 2717 5464 Maligni
2763 5406 2895 5463 ergo
2931 5390 3157 5461 spiritus
3203 5400 3428 5462 propter
3457 5392 3741 5454 malitiam,

2153 5488 2469 5544 daemones:
2505 5498 2728 5558 propter
2772 5483 2953 5539 carnis
3000 5481 3309 5551 illecebras,
3364 5484 3595 5553 spiritus
3646 5486 3741 5538 im-

2149 5581 2335 5639 mundi
2371 5599 2385 5636 :
2414 5590 2635 5653 propter
2662 5578 2860 5634 mentis
2888 5592 3018 5633 vero
3045 5576 3359 5644 elationem,
3384 5578 3640 5635 volucres
3659 5595 3742 5649 ap-

2148 5672 2438 5745 pellantur.
2474 5672 2549 5727 De
2588 5669 2673 5727 his
2715 5668 3030 5725 volucribus
3069 5677 3123 5723 et
3154 5668 3347 5725 bestiis
3385 5669 3560 5726 Isaias
3591 5672 3740 5742 plura

2151 5762 2393 5834 loquitur
2432 5778 2448 5817 :
2481 5761 2696 5829 Omnes,
2722 5762 2919 5833 inquit,
2943 5760 3313 5817 bestiwlndent
3343 5762 3433 5827 ibi,
3462 5774 3511 5818 et
3535 5768 3637 5819 erit
3657 5756 3765 5819 (υἷ’

2154 5852 2253 5909 bile
2282 5853 2593 5916 draconum,
2640 5863 2689 5908 et
2720 5868 2916 5909 pascua
2955 5851 3331 5922 struthionum,
3368 5862 3416 5909 et
3464 5869 3737 5912 occurres:
