3972 6454
228 424 359 479 ιιδε»

1149 411 1516 474 EXPOSITIO
1552 412 1623 468 ΙΝ
1660 409 2155 468 APOCALYPSIN.
2198 441 2268 455 --—
2305 410 2564 471 LIB.'\'l.

3359 415 3499 471 Hild

222 538 481 595 dmnouia
524 544 914 601 onoceutaum,
955 539 1003 589 et
1031 528 1185 604 pilosi
1240 527 1542 587 clanwbunt
1568 525 1704 582 alter
1738 523 1807 579 ad
1835 527 1882 587 Α
1912 539 2017 577 non
2043 525 2315 595 recipietis
2347 542 2359 577 -.
2395 540 2578 581 verum
2610 525 2713 581 hoc
2738 540 2846 581 non
2873 526 3074 582 nostris
3121 526 3350 596 meritis,
3400 531 3498 587 sed

212 629 451 695 alterum
483 627 620 701 (Isa.
647 624 858 696 xxxrv).
1817 690 1829 700 ο

293 719 364 774 Et
397 719 461 774 de
488 721 569 774 ira
602 715 964 789 fornicationis
1001 714 1116 785 ejus
1138 711 1373 767 biberunt
1404 724 1582 764 omnes
1611 716 1808 779 gentes.

222 812 282 867 ιδ
318 820 401 866 est
426 811 724 871 vindictam
754 816 1101 879 peccatorum
1128 805 1272 861 illius
1294 818 1487 860 onmcs
1507 810 1699 872 gentes
1720 816 1810 855 su—

222 904 525 959 stinebunt.
560 902 631 957 Et
656 918 799 972 reges
824 911 975 955 terra:
1004 899 1094 970 qui
1122 914 1242 953 cum
1266 895 1357 950 illa
1393 894 1638 964 fornicati
1665 901 1806 947 sunt.

225 993 338 1048 lloc
359 1002 442 1048 est
487 992 762 1063 principes
786 990 943 1060 hujus
967 988 1173 1053 saeculi,
1203 986 1294 1056 qui
1337 998 1460 1039 cum
1502 981 1812 1052 semetipsis

226 1085 479 1140 fornicati
505 1092 632 1139 sunt
666 1082 937 1152 diligendo
977 1089 1191 1135 terrena
1236 1076 1520 1147 plusquam
1541 1074 1810 1137 cmlestia,

227 1176 312 1232 vel
336 1176 502 1231 etiam
528 1172 924 1229 immunditiam
951 1169 1131 1226 carnis
1156 1167 1415 1225 sectanda
1436 1174 1531 1221 aut
1558 1165 1699 1221 idola
1722 1179 1813 1220 co-

226 1264 410 1320 lendo.
432 1263 499 1318 Et
523 1263 613 1318 isti
647 1262 791 1316 enim
820 1259 1110 1314 vindictam
1136 1256 1415 1327 sanguinis
1444 1255 1811 1321 sustinebunt,

226 1358 485 1429 quoniam
525 1355 628 1425 ipsi
656 1353 928 1424 principes
955 1349 1221 1428 malorum
1276 1356 1425 1413 sunt,
1475 1347 1704 1416 ideoque
1757 1346 1812 1406 in

225 1450 489 1507 societate
539 1444 956 1517 Babyloniorum
1003 1441 1333 1497 consistunt.
1384 1437 1454 1492 Et
1500 1445 1813 1499 mercatores

226 1551 381 1596 terra:
407 1539 471 1593 de
496 1538 685 1593 virtute
731 1534 1041 1590 deliciarum
1088 1531 1204 1602 ejus
1257 1529 1442 1584 divites
1494 1527 1622 1597 {acti
1670 1535 1810 1583 sunt.

229 1631 563 1687 hlercatores
598 1637 757 1685 teme
809 1624 1173 1695 appellantur,
1210 1622 1340 1693 quia
1376 1620 1611 1676 animam
1659 1634 1813 1675 suam

226 1721 475 1778 venalem
521 1718 751 1781 faciunt,
803 1730 905 1770 nec
944 1715 1142 1770 timent
1168 1712 1517 1769 committere
1561 1717 1812 1780 peccata.

230 1822 440 1869 tantum
467 1818 528 1866 ut
550 1812 784 1866 honores
808 1805 972 1876 hujus
993 1806 1173 1862 saeculi
1197 1814 1253 1861 et
1277 1805 1569 1875 dignitates
1594 1801 1696 1857 sibi
1722 1815 1812 1856 ae,-

1902 616 2281 677 .misericordia
2312 616 2404 672 liet
2430 617 2601 687 ipsius
2624 617 2944 673 Salvatoris.

1984 706 2247 773 Quoniam
2272 719 2618 778 pervenerunt
2635 721 2846 780 peccata
2862 710 2976 780 ejus
3005 726 3168 778 usque
3192 711 3263 766 ad
3285 712 3496 770 emtum.

1904 800 2141 857 Peccata
2171 802 2383 857 illorum
2411 805 2733 873 perveniunt
2761 819 2931 873 usque
2960 804 3026 859 ad
3047 805 3266 870 caelum,
3292 807 3383 877 qui
3406 822 3501 864 no-

1900 891 2087 949 .lentes
2111 908 2273 964 agere
2295 894 2691 963 penitentiam,
2728 903 2919 951 contra
2941 895 3113 957 Deum
3139 896 3499 954 habitatorem

1911 982 2036 1038 cadi
2068 982 2366 1048 elevantur,
2405 984 2531 1051 quia
2562 983 2611 1039 si
2650 985 2917 1054 potuisset
2941 984 3080 1051 ﬁeri,
3107 986 3317 1056 justum
3349 986 3497 1057 judi-

1910 1074 2053 1131 cium
2077 1072 2193 1142 ejus
2219 1072 2511 1129 voluissent
2530 1071 2766 1128 eludere.
2804 1074 2899 1129 lsti
2931 1084 3147 1146 tempus
3180 1076 3285 1132 sibi
3315 1077 3500 1133 datum

1910 1175 1977 1223 ut
2001 1174 2166 1238 agant
2189 1165 2585 1236 pmnitent'am,
2613 1174 2832 1221 vertunt
2860 1168 2913 1222 in
2940 1177 3286 1239 augmentum
3308 1169 3498 1241 culpas,

1906 1271 1970 1317 et
1998 1261 2139 1321 unde
2166 1259 2368 1314 diutius
2385 1267 2788 1328 exspectantur,
2817 1259 2942 1319 inde
2971 1261 3273 1317 districtius
3302 1261 3503 1318 ferien-

1908 1361 2022 1409 tur.
2037 1353 2271 1423 Ideoque
2290 1361 2435 1407 recte
2454 1351 2690 1422 Babylon
2710 1366 3051 1424 nequaquam
3073 1362 3201 1409 ante
3224 1354 3294 1409 ad
3312 1355 3503 1425 plagas

1906 1443 2180 1514 pervenit,
2226 1441 2331 1497 nisi
2361 1455 2487 1496 cum
2532 1450 2757 1511 peccata
2785 1440 2905 1510 ejus
2953 1442 3023 1497 ad
3055 1442 3252 1501 cmlttm
3298 1445 3503 1514 pertin-

1907 1542 2049 1607 gunt
2088 1534 2259 1604 :quia
2300 1534 2394 1604 qui
2429 1533 2676 1588 converti
2718 1548 2753 1588 at
2796 1533 3154 1604 pravitatibus
3187 1534 3399 1600 nolunt,
3448 1542 3506 1591 et

1913 1632 2299 1696 exspectantur
2338 1623 2516 1679 adhuc
2540 1630 2601 1677 ut
2619 1622 2852 1694 amplius
2887 1624 3262 1695 delinquentes
3314 1626 3504 1683 durius

1910 1715 2198 1781 feriantur,
2212 1728 2321 1773 non
2333 1713 2436 1769 nisi
2451 1715 2843 1771 consummatis
2853 1714 3067 1770 delictis
3078 1716 3503 1772 damnabantur.

1912 1805 2068 1863 Unde
2078 1805 2509 1877 Apostolusdicit
2524 1822 2542 1859 ι
2560 1802 2627 1859 Ut
2642 1803 2888 1875 impleant
2904 1815 3113 1876 peccata
3124 1823 3224 1865 sua
3237 1823 3438 1879 semper
3451 1806 3505 1879 (ι

229 1904 451 1975 quirere
481 1900 711 1971 possint.
748 1898 842 1953 lsti
873 1898 940 1952 de
969 1897 1171 1952 virtute
1200 1895 1516 1951 deliciarum
1546 1892 1682 1963 ejus,
1712 1892 1816 1947 hoc
1836 1881 1892 1957 ,Β
1923 1897 2105 1954 Thess.
2136 1896 2222 1969 tt).
2253 1897 2323 1952 Et
2351 1898 2469 1953 hinc
2493 1897 2711 1967 quidem
2741 1897 3048 1967 specialiter
3067 1899 3134 1954 de
3157 1899 3382 1969 singulis
3404 1898 3507 1953 Ba-

227 2004 316 2050 est
343 1994 409 2049 de
430 1992 724 2047 ambitione
753 1987 1032 2045 smcularis
1058 2001 1268 2057 pompa:
1293 1985 1488 2041 divites
1512 1983 1641 2040 facti
1660 1989 1810 2049 sunt,

230 2101 341 2142 non
392 2085 708 2149 virtutibus,
752 2083 848 2138 sed
893 2082 1152 2151 peccatis.
1183 2079 1276 2135 lsti
1306 2088 1433 2135 sunt
1462 2086 1811 2145 mercatores,

230 2178 320 2247 qui
355 2192 454 2247 pro
480 2173 805 2230 abundantia
848 2171 1132 2241 temporali
1159 2186 1289 2227 suas
1317 2171 1529 2226 animos
1567 2184 1815 2224 comatu-

232 2277 350 2323 tant
374 2266 574 2322 infelici
606 2272 865 2321 mercatu.
900 2263 1209 2320 Notandum
1236 2271 1418 2318 autem
1451 2262 1596 2333 quod
1629 2262 1684 2315 in
1712 2260 1816 2316 ltoc

228 2358 349 2413 loco
377 2368 485 2412 tres
517 2370 766 2426 persona:
816 2355 1191 2423 rcproborum,
1220 2363 1278 2408 et
1306 2356 1408 2408 tria
1453 2353 1815 2423 comprehen-

230 2450 431 2505 duntur
463 2462 660 2519 genera
689 2448 1057 2516 peccatorum,
1094 2444 1153 2499 in
1182 2444 1380 2515 quibus
1417 2452 1473 2500 et
1492 2458 1682 2499 omnes
1708 2442 1815 2498 ini-

230 2540 324 2611 qui
353 2540 728 2610 designantur,
777 2547 832 2593 et
859 2536 1043 2593 omnia
1082 2544 1328 2607 peccata,
1375 2543 1565 2606 gentes
1606 2534 1815 2590 scilicet

228 2635 508 2706 subjectae,
538 2646 696 2702 reges
718 2630 956 2695 illarum,
980 2638 1036 2685 et
1058 2636 1410 2684 mercatores.
1439 2627 1554 2682 Hoc
1576 2628 1739 2684 duces
1760 2633 1818 2682 et

230 2727 530 2798 principes,
567 2724 660 2793 qui
704 2736 830 2777 suas
881 2720 1094 2774 animos
1121 2718 1342 2774 venales
1369 2716 1594 2783 faciunt,
1622 2726 1683 2773 ut
1714 2731 1820 2773 iac-

226 2819 455 2890 quirent
483 2815 776 2871 comitatus
801 2819 857 2868 et
889 2818 1250 2882 episcopatus,
1279 2817 1612 2878 ceterasque
1643 2807 1819 2876 digni-

236 2908 551 2979 tateslmjus
577 2903 777 2962 saeculi.
808 2901 935 2957 Tria
957 2909 1137 2955 autent
1159 2913 1358 2971 genera
1372 2898 1626 2954 vitiorum
1653 2905 1817 2953 sunt:

234 3000 479 3065 lascivia,
531 2995 935 3070 gastrimargia,
970 3001 1032 3049 et
1069 2992 1317 3055 avaritia,
1348 3006 1380 3045 a
1407 2985 1605 3062 quibus
1639 2991 1821 3046 omnia

232 3100 457 3164 peccata
488 3089 775 3160 prodeunt.
809 3086 866 3141 In
890 3084 1111 3141 nomine
1132 3084 1279 3139 enim
1327 3081 1708 3137 fornicationis
1742 3081 1821 3136 la-

236 3184 405 3239 scivia
435 3182 775 3252 voluptatum
828 3199 841 3234 :
875 3181 928 3235 in
958 3181 1159 3235 virtute
1182 3178 1522 3243 deliciarum,
1550 3176 1691 3247 gulze
1728 3191 1822 3248 ap-

236 3274 482 3344 petitus:
516 3272 571 3327 in
607 3271 889 3337 dilatione,
917 3281 1284 3327 mercatorum
1319 3268 1553 3324 avaritia
1580 3267 1823 3338 designa-

238 3371 345 3418 tur.
588 3398 593 3401 ι
684 3400 689 3405 π
1730 3362 1731 3369 “

308 3452 381 3508 Et
405 3452 582 3508 audiri
610 3451 1033 3510 oltera‘mroeem
1079 3451 1335 3506 dicentem
1376 3458 1396 3502 :
1423 3449 1583 3504 Exite
1602 3448 1667 3503 de
1706 3449 1822 3514 illa,

239 3543 461 3615 populus
483 3559 649 3598 meus.
678 3540 793 3597 Vox
818 3542 947 3608 ista,
972 3556 1077 3596 vox
1108 3540 1427 3612 intelligitur
1454 3540 1551 3595 Dei
1585 3539 1828 3608 omnipo-

240 3633 426 3699 tentis,
453 3633 547 3703 qui
576 3632 820 3702 quotidie
849 3631 1066 3696 clamat,
1102 3632 1327 3687 hortans
1356 3630 1559 3686 electos
1590 3630 1704 3685 sive
1729 3642 1826 3699 per

238 3730 541 3786 doctrinam
577 3727 835 3791 titlelium,
878 3728 992 3782 sive
1038 3740 1137 3795 per
1186 3727 1456 3781 internum
1512 3724 1828 3793 inspiratio—

241 3833 386 3884 nem,
419 3824 702 3872 ut'excant
728 3817 797 3870 de
823 3815 1118 3886 Babylone.
1151 3815 1259 3869 Sed
1290 3815 1436 3868 illam
1468 3827 1681 3877 vocem,
1707 3827 1828 3881 qua:

242 3913 304 3969 ﬁt
333 3913 386 3967 in
421 3925 550 3965 aure
574 3924 672 3980 per
698 3907 932 3964 ollicium
955 3906 1393 3976 praedicatorum,
1416 3904 1575 3960 simul
1604 3904 1831 3957 audiunt

220 4005 369 4062 ’Βοιιί
397 4012 453 4059 et
483 4003 609 4058 mali
638 4019 652 4055 :
684 4002 843 4057 istam
873 4007 1053 4054 autem
1076 4013 1196 4068 qua:
1220 3998 1278 4051 ﬁt
1305 3998 1358 4052 in
1383 3996 1564 4059 corde,
1596 3994 1693 4050 soli
1728 4009 1828 4047 au-

244 4096 399 4153 diunt
418 4093 574 4163 justi.
610 4092 753 4146 Dicit
792 4104 920 4160 ergo
947 4107 959 4143 :
986 4088 1140 4143 Exite
1171 4090 1237 4142 dc
1266 4087 1377 4151 illa,
1403 4086 1630 4156 populus
1652 4097 1827 4150 mens,

230 4203 350 4243 non
388 4199 635 4256 corpore,
676 4183 802 4253 quia
837 4190 941 4235 non
985 4179 1231 4249 potestis,
1274 4179 1370 4233 sed
1416 4184 1618 4231 mente.
1673 4173 1829 4241 Quod

245 4278 425 4334 statim
452 4270 759 4332 manifestat
782 4288 905 4328 eum
932 4271 1212 4342 sulijungit
1237 4289 1250 4323 :
1280 4269 1346 4324 Et
1371 4285 1434 4323 ne
1459 4267 1738 4336 participes
1759 4263 1832 4321 si-

245 4373 311 4426 tis
346 4370 656 4424 delictorum
682 4366 815 4436 ejus.
845 4366 901 4420 ln
932 4364 1183 4436 persenti
1232 4363 1375 4419 enim
1428 4362 1560 4426 vita,
1604 4373 1831 4430 corpore

245 4462 465 4532 quidem
495 4459 617 4514 boni
643 4473 765 4513 cum
790 4457 945 4512 malis
971 4465 1274 4521 morantur,
1323 4454 1418 4510 sed
1455 4462 1635 4507 tamen
1665 4449 1833 4504 mori-

230 4554 348 4609 'llllS
368 4560 423 4608 ct
446 4552 554 4605 vita
578 4550 736 4621 longe
763 4547 832 4603 ab
857 4563 1043 4604 eorum
1071 4547 1347 4604 consortio
1369 4546 1589 4601 distant.
1617 4542 1830 4597 Idcirco

248 4646 362 4716 ipsa
393 4645 499 4697 ’γοκ
524 4642 618 4697 Dei
648 4650 850 4706 monet,
880 4650 939 4694 ut
964 4648 1160 4695 exeant
1189 4640 1257 4695 de
1294 4654 1359 4695 ea
1386 4645 1566 4693 mente
1587 4645 1642 4691 et
1670 4636 1832 4690 mori-

246 4735 350 4790 bus
373 4740 429 4788 et
447 4732 577 4795 vita,
608 4745 711 4785 non
743 4744 971 4801 corpore
998 4746 1012 4784 :
1044 4739 1098 4785 et
1119 4745 1185 4784 nc
1214 4729 1505 4801 participes
1543 4726 1655 4782 sint
1699 4723 1832 4779 deli—

249 4834 460 4882 ctorum
492 4820 655 4887 illius,
685 4835 752 4877 ne
773 4820 916 4877 forte
950 4819 1307 4876 liantctsoeii
1331 4831 1641 4889 ptenarum.
1675 4813 1830 4882 Quod

249 4914 297 4970 si
324 4912 454 4969 socii
495 4909 694 4969 fuerint
728 4905 919 4978 cu'lpm,
962 4909 1169 4965 similes
1207 4917 1369 4964 erunt
1425 4913 1714 4963 tormento.
1773 4901 1831 4959 Si

254 5012 431 5057 autem
472 5000 541 5054 ab
567 5014 756 5055 eorum
781 4998 889 5053 vita
918 4997 1120 5054 fuerint
1145 4999 1407 5068 separati,
1434 4997 1834 5068 separabuntur

254 5097 309 5151 in
341 5110 516 5166 pmna.
549 5093 701 5161 Quod
748 5093 800 5147 in
854 5089 955 5147 Lot
996 5091 1224 5161 probare
1250 5105 1556 5162 possumus,
1584 5090 1678 5159 qui
1713 5101 1833 5143 eum

1916 1990 2149 2063 bylnnim
2172 1988 2434 2045 membris
2453 1988 3008 2051 dicuntur.Caetcrum
3032 1989 3360 2058 generaliter
3379 1998 3508 2045 tunc

1918 2090 2143 2154 peccata
2195 2080 2436 2152 ejusdem
2484 2081 2730 2152 corporis
2758 2096 2931 2151 usque
2961 2081 3029 2137 ad
3066 2081 3266 2138 ctutum
3310 2096 3503 2152 pene.

1917 2173 2096 2237 niunt,
2125 2186 2257 2226 cum
2282 2170 2575 2227 novissime
2613 2171 2990 2243 principaliter
3009 2171 3093 2226 vel
3116 2171 3349 2242 pleniter
3370 2186 3504 2227 cons

1916 2270 2005 2317 tra
2036 2262 2206 2317 Deum
2253 2261 2306 2316 in
2363 2262 2671 2332 superbiam
2719 2261 2968 2332 erigitur,
3012 2262 3234 2331 quando
3269 2262 3507 2316 adunata

1917 2367 2182 2425 compage
2226 2355 2593 2412 membrorum
2619 2391 2636 2419 ,
2675 2354 2964 2424 conjuncta
3005 2353 3172 2408 etiam
3208 2367 3305 2423 per
3339 2352 3499 2408 Antia

1918 2445 2186 2501 christum
2217 2445 2391 2515 capite
2414 2444 2694 2511 membris,
2726 2440 3039 2501 immanitas
3061 2446 3509 2517 transgressionis

1916 2537 2038 2607 ejus
2068 2538 2289 2604 indicat,
2316 2537 2442 2607 quia
2470 2553 2577 2593 non
2603 2546 2690 2593 est
2710 2538 2855 2593 ultra
2881 2553 2991 2608 quo
3014 2538 3288 2609 peccando
3317 2547 3501 2593 trans-

1919 2635 2030 2683 eat.
2076 2626 2187 2682 Vox
2219 2641 2351 2697 ergo
2385 2637 2494 2696 qua
2544 2626 2747 2681 dicitur
2781 2641 2796 2680 :
2847 2626 3004 2682 Exite
3036 2627 3101 2681 de
3147 2642 3233 2693 ea,
3279 2627 3506 2698 populus

1919 2733 2091 2784 naeus,
2108 2725 2175 2773 et
2197 2731 2264 2774 ne
2289 2717 2411 2772 sitis
2440 2716 2735 2787 participes
2759 2715 3103 2783 delictorum,
3142 2723 3255 2772 toto
3286 2717 3509 2787 quidem

1918 2824 2068 2863 nunc
2102 2816 2347 2877 tempore
2372 2822 2533 2862 aures
2559 2806 2856 2863 electorum
2884 2805 3088 2876 pulsat,
3120 2807 3217 2862 sed
3265 2814 3398 2861 tunc
3422 2807 3508 2862 ini»

1921 2898 2155 2954 stantius
2203 2897 2479 2959 clamabit,
2532 2910 2661 2953 cum
2683 2894 3017 2967 iamiamque
3068 2897 3280 2953 delictis
3307 2897 3506 2955 cmlum

1922 2990 2293 3063 tangentibus,
2321 2987 2527 3059 perlida
2568 2987 2763 3044 civitas
2790 2988 2860 3044 ad
2886 2989 3096 3044 debitas
3120 2989 3508 3060 suppliciorum

1921 3081 2110 3153 plagas
2156 3080 2211 3135 in
2260 3079 2490 3135 articulo
2537 3079 2646 3134 dici
2691 3081 3022 3149 pervenerit.
3070 3081 3296 3137 Dicatur
3329 3096 3506 3155 ergo:

1925 3173 2084 3228 Exite
2110 3174 2175 3229 de
2205 3190 2292 3239 ea,
2319 3171 2541 3243 populus
2578 3188 2740 3237 meus,
2784 3181 2892 3229 etc.
2935 3172 3013 3229 Ac
3043 3174 3088 3229 si
3125 3173 3422 3244 diceretur,
3450 3182 3514 3234 ut

1850 3240 1894 3303 θ
1924 3268 2146 3325 aeternis
2200 3267 2518 3323 verberibus
2577 3280 2704 3322 cum
2745 3267 2976 3338 reprobo
2997 3268 3215 3323 civitate
3271 3283 3379 3324 non
3433 3266 3514 3325 ali

1924 3359 2216 3431 tligamini,
2268 3359 2394 3415 dum
2459 3360 2640 3416 adhuc
2708 3360 2981 3441 modicum
3046 3370 3261 3433 tempus
3323 3364 3513 3435 super;

1927 3459 2035 3516 est,
2085 3449 2556 3520 participationem
2624 3450 2946 3507 delictorum
3004 3450 3190 3523 legite,
3254 3454 3513 3524 quoniam

1922 3541 2035 3612 jam
2067 3542 2329 3597 terminus
2350 3541 2823 3613 appropinquabit,
2869 3557 2977 3613 quo
3021 3551 3241 3615 peccata
3270 3545 3515 3601 debitum

1930 3636 2093 3692 linem
2124 3635 2412 3705 accipiant.
2440 3634 2507 3688 Et
2537 3635 2841 3689 recordatus
2862 3646 2935 3689 est
2963 3634 3219 3690 Dominus
3243 3636 3384 3692 Deus
3409 3637 3516 3692 ini”-

1927 3731 2189 3801 quitatum
2210 3714 2344 3799 ejus.
2369 3728 2667 3783 Rccordari
2690 3728 2888 3783 dicitur
2918 3729 3082 3796 Deus,
3107 3744 3214 3785 non
3244 3730 3388 3799 quod
3419 3729 3518 3785 ali-

1930 3818 2147 3887 quando
2178 3817 2501 3873 oblivionem
2525 3818 2786 3887 patiatur,
2826 3818 2921 3873 sed
2958 3832 3110 3873 more
3146 3827 3336 3874 nostro
3366 3818 3517 3875 Scri-

1931 3918 2089 3979 ptura
2116 3907 2375 3977 loquitur,
2415 3907 2853 3962 condescendens
2881 3906 3163 3976 fragilitati
3198 3916 3417 3973 nostrai,
3446 3910 3518 3964 si-

1931 4008 2022 4055 cut
2050 3998 2421 4070 supradictum
2465 4007 2569 4052 est.
2595 3995 2822 4053 Videtur
2848 3998 2993 4052 enim
3020 3998 3276 4055 oblivioni
3305 3999 3520 4056 tradere

1920 4091 2073 4147 'bona
2096 4091 2390 4162 iustorum,
2415 4098 2471 4144 et
2498 4088 2639 4144 facta
2672 4089 2981 4160 impiorum,
3004 4089 3220 4160 quando
3245 4088 3383 4145 istos
3398 4106 3519 4162 pars

1934 4183 2099 4239 mittit
2138 4180 2319 4251 allligi,
2370 4180 2490 4235 illos
2520 4188 2699 4234 autem
2738 4181 3033 4236 honoribus
3071 4191 3127 4236 et
3160 4181 3517 4253 dignitatibus

1932 4272 2156 4344 pollere.
2195 4270 2429 4325 Econtra
2455 4269 2507 4324 in
2531 4267 2753 4339 judicio,
2784 4267 2925 4324 facta
2955 4269 3223 4325 bonorum
3251 4270 3524 4326 videbitur

1936 4364 2240 4429 recordare,
2307 4376 2437 4416 cum
2487 4376 2580 4417 eos
2625 4376 2723 4431 pro
2768 4362 2882 4418 suis
2934 4362 3092 4418 bonis
3148 4365 3522 4420 remunerabit

1935 4455 2188 4525 operibus
2214 4469 2226 4505 :
2252 4460 2306 4507 et
2342 4451 2481 4508 bona
2522 4451 2810 4520 impiorum
2831 4451 3091 4507 oblivioni
3115 4454 3313 4519 tradet,
3343 4452 3435 4523 qui
3465 4454 3523 4509 in

1936 4544 2189 4617 prcesenti
2246 4543 2737 4599 remunerationem
2790 4542 3078 4614 recipiunt,
3110 4544 3253 4601 unde
3299 4543 3406 4600 illis
3444 4544 3525 4601 di—

1937 4638 2184 4694 centibus
2209 4655 2223 4692 :
2248 4634 2434 4690 Nonne
2449 4636 2505 4687 in
2526 4635 2733 4689 nomine
2755 4644 2843 4688 tuo
2857 4634 3296 4707 prophetavimus,
3320 4634 3529 4693 Dauno-

1940 4729 2028 4783 uia
2062 4727 2327 4798 ejeeimus,
2356 4734 2403 4780 et
2432 4726 2643 4779 virtutes
2672 4724 2864 4780 multas
2898 4725 3115 4795 fecimus
3148 4726 3364 4797 (Matth.
3389 4727 3528 4793 vlt)?

1936 4820 2079 4874 dicet
2104 4818 2209 4874 illis
2236 4835 2249 4871 :
2284 4818 2446 4871 Amen
2469 4816 2585 4870 dico
2611 4815 2783 4880 vobis,
2814 4819 2988 4871 nescio
3018 4834 3105 4873 vos
3129 4817 3341 4888 (Matth.
3373 4818 3522 4889 xxv).

2013 4911 2227 4967 Reddite
2257 4909 2336 4964 illi
2367 4910 2496 4964 sicut
2524 4909 2635 4978 ipsa
2666 4908 2893 4963 reddidit
2920 4908 3080 4964 vobis.
3104 4908 3413 4978 Alloquitur
3442 4910 3530 4964 hic

1941 5017 2122 5061 sermo
2160 5002 2373 5059 divinus
2410 5002 2637 5056 chorum
2683 5001 2984 5065 doctorum,
3031 5000 3227 5070 quibus
3261 4999 3527 5074 Babylon,

1939 5097 2043 5153 hoc
2074 5103 2178 5162 est,
2208 5094 2493 5150 multitudo
2525 5094 2876 5164 rcprnborom
2905 5092 3043 5148 mala
3074 5092 3271 5148 intulit.
3300 5093 3404 5150 Ubi
3434 5084 3525 5149 no-

254 5201 484 5259 corpore
513 5186 728 5255 quidem
754 5184 1065 5241 morabatur
1095 5183 1146 5238 in
1173 5184 1350 5238 medio
1382 5182 1710 5252 iniquorum,
1742 5179 1836 5235 sed
1942 5189 2181 5254 randum,
2225 5187 2349 5256 quia
2396 5201 2504 5241 non
2556 5186 2712 5252 dixit,
2755 5184 2914 5240 facite
2939 5184 3028 5240 illi
3068 5186 3209 5241 sicut
3254 5186 3369 5257 ipsa
3402 5184 3531 5240 fecit

256 5284 436 5333 urente
466 5275 649 5346 procul
686 5286 799 5331 erat
824 5278 894 5331 ab
922 5290 1108 5332 eorum
1138 5275 1569 5331 conversatione.
1608 5272 1839 5342 Ideoque
1942 5278 2116 5346 vobis,
2165 5278 2258 5333 sed
2308 5277 2504 5332 reddite
2530 5276 2609 5329 illi
2656 5280 2790 5331 sit-ut
2827 5278 2941 5333 issu
2987 5278 3211 5334 reddidit
3251 5274 3416 5334 'uobis.
3470 5277 3530 5332 Si

256 5364 471 5422 ceteris
511 5365 878 5433 pereuntibus.
907 5365 1021 5435 ipse
1047 5364 1195 5419 solus
1241 5363 1439 5418 meruit
1492 5362 1727 5416 liberari.
1769 5361 1837 5416 Et
1936 5370 2085 5426 enim
2113 5369 2333 5432 diceret,
2370 5369 2575 5424 reddite
2606 5368 2679 5423 illi
2707 5369 2848 5426 sicut
2878 5368 2966 5425 illa
2998 5369 3125 5427 fecit
3150 5369 3323 5438 vobis,
3353 5368 3529 5425 malil-

260 5472 363 5511 non
389 5455 659 5526 accipiatis
689 5454 753 5508 de
796 5455 965 5525 plagis
1007 5456 1143 5527 ejus.
1175 5456 1252 5512 Ac
1280 5456 1324 5512 si
1354 5456 1603 5511 diceret:
1635 5454 1840 5512 idcirco
1945 5460 2142 5515 festum
2173 5470 2334 5515 esset.
2375 5460 2618 5516 Ecclesia
2655 5462 2800 5516 enim
2849 5462 2903 5516 in
2936 5463 3050 5519 suis
3076 5463 3410 5535 principibus
3446 5464 3530 5536 ju-

259 5546 436 5603 videte
460 5560 529 5600 nc
553 5543 846 5615 participes
875 5545 995 5601 sitis
1040 5546 1359 5603 delictorum
1404 5547 1542 5619 ejus,
1593 5561 1661 5602 ne
1706 5545 1845 5602 forte
1938 5550 2151 5608 dit-abit
2201 5564 2392 5607 onmes
2447 5551 2744 5621 reprobos,
2796 5551 2993 5622 quibus
3040 5552 3298 5610 Dominus
3344 5552 3474 5609 dicit
3502 5566 3529 5610 ':

261 5652 387 5694 cum
424 5645 646 5708 peccata
676 5635 817 5691 illius
844 5635 1044 5692 fuerint
1070 5648 1466 5706 consummata,
1492 5641 1696 5711 pariter
1720 5655 1843 5697 cum
1936 5641 2201 5698 Sedebitis
2229 5658 2388 5715 super
2409 5647 2557 5699 sedes
2588 5644 2884 5712 duodecim,
2914 5646 3219 5716 judicantes
3259 5647 3534 5709 duodecim

264 5728 352 5783 illa
394 5726 664 5798 incipiatis
691 5725 872 5798 allligi.
897 5727 1136 5795 Quorum
1153 5732 1293 5786 enim
1311 5734 1477 5786 vitam
1492 5733 1722 5790 similem
1747 5728 1823 5790 ba'
1944 5735 2114 5789 tribus
2144 5734 2317 5791 Israel
2346 5735 2561 5807 (Matth.
2595 5737 2732 5809 vix).
2776 5736 2883 5793 Sed
2912 5736 3037 5810 quia
3072 5752 3215 5809 stepe
3249 5738 3391 5797 Deus
3419 5738 3549 5796 om‘.

264 5820 392 5876 bere
420 5819 471 5873 in
505 5818 738 5889 peccatis
769 5819 1039 5887 noluistis,
1067 5820 1326 5881 ultionem
1365 5839 1489 5883 cum
1540 5826 1618 5882 eis
1664 5840 1846 5896 parem
1953 5827 2201 5898 nipotcns
2228 5842 2329 5901 per
2349 5829 2607 5911 reprobus
2628 5829 2769 5888 mala
2797 5832 3061 5891 bonorum
3087 5814 3304 5906 purgat,
3330 5834 3535 5894 idcirco
