3972 6478
618 417 760 477 1155
1079 412 1450 488 [HAYMONIS
1488 410 1972 468 HALBERSTAT.
2013 405 2232 466 'EPISC.
2277 409 2429 467 OPP.
2467 408 2650 466 PARS
2687 409 2729 466 Ι.
2765 442 2838 454 --
2866 411 3226 471 COMMENT.
3263 415 3419 474 BIBL.
3673 433 3752 492 “55

614 528 814 586 dicitur
839 525 1084 583 ﬁdelibus
1111 544 1124 580 :
1161 525 1376 580 Reddite
1413 525 1514 589 illi,
1539 523 1810 580 sicut‘t'lla
1839 523 2064 578 reddidit
2108 540 2202 578 no-
2227 529 2279 591 Α
2303 524 2470 590 ciant,
2501 524 3010 594 supernis‘inhient.
3037 525 3287 594 Econtra,
3313 533 3536 604 meretrix
3556 552 3648 595 cum
3666 558 3751 602 em.

616 620 716 676 bis.
739 621 817 675 Ac
848 620 891 674 si
919 620 1206 681 diceretur,
1233 618 1373 672 sicut
1395 617 1485 670 illa
1516 624 1674 671 antea
1701 615 1996 670 vindictam
2026 629 2202 668 meam
2305 629 2410 668 nco
2442 613 2720 669 intellectu
2741 616 2808 669 ad
2833 615 3120 670 interitum
3148 617 3310 672 tendit
3329 621 3555 688 spirituali
3575 628 3750 692 intellegi

609 711 866 767 exercuit
893 710 959 763 de
989 709 1159 773 vobis,
1207 708 1286 762 sic
1310 723 1405 762 vos
1435 722 1611 761 meam
1657 706 1906 776 iniuriam
1936 705 2204 760 vindicate
2307 705 2499 759 intima
2529 705 2711 760 cordis
2739 707 2824 759 sui
2848 706 3144 777 disponere
3170 721 3227 762 se
3237 707 3414 779 jactat.
3437 711 3519 770 Hic
3535 719 3645 776 enim
3665 723 3751 782 locus

617 803 688 857 de
724 800 830 855 illa.
863 799 934 852 Et
975 799 1235 870 duplicate
1279 798 1512 868 duplicia
1545 797 1831 851 secundum
1871 813 2030 865 opera
2065 796 2200 865 ejus.
2304 796 2681 865 superioribus
2705 795 2976 868 jungitur,
3012 796 3109 850 ubi
3145 797 3350 864 dicitur,
3373 805 3497 871 quod
3517 809 3751 881 quinque”,

617 891 676 947 ld
704 900 803 954 est,
836 891 888 944 in
933 905 1159 959 corpore
1196 898 1250 944 et
1277 889 1457 943 anima
1495 888 1683 958 punite
1721 886 1867 941 illam
1901 904 1915 940 :
1947 886 2031 940 vel
2056 894 2204 942 certe
2302 900 2400 955 ges
2439 886 2777 952 ceciderunt,
2809 895 2865 941 et
2903 901 3048 942 unus
3097 898 3352 958 superest.
3391 893 3625 960 Quinarius
3647 905 3749 974 siqui.

617 983 815 1053 duplici
843 998 1003 1052 ptena
1031 982 1229 1036 tradite
1259 981 1427 1044 illam,
1457 979 1623 1034 calori
1658 977 1886 1043 scilicet,
1909 985 1966 1032 et
1989 977 2200 1048 frigori.
2304 979 2426 1033 dem
2467 993 2724 1034 numerus
2781 979 3020 1048 pertinet
3051 981 3120 1035 ad
3149 983 3376 1052 quinque
3401 990 3601 1056 corporis
3619 1007 3748 1062 sensus,

614 1072 672 1126 in
707 1072 917 1127 inferno
945 1073 1088 1126 enim
1119 1071 1334 1140 reprobi
1364 1085 1486 1124 cum
1513 1070 1694 1123 anima
1733 1078 1787 1124 et
1819 1083 2046 1137 corpore
2084 1084 2206 1124 cru-
2303 1067 2500 1145 quibus
2527 1077 2651 1137 post
2691 1069 2980 1124 infantiam
3011 1071 3328 1127 cadentibus
3365 1075 3415 1129 in
3440 1076 3746 1157 homine,an

616 1162 923 1227 ciabuntur,
953 1170 1010 1217 et
1038 1162 1234 1231 duplici
1256 1176 1415 1232 pmna
1447 1161 1862 1230 torquebuntur.
1893 1159 2028 1214 Cum
2056 1161 2203 1215 enim
2304 1159 2358 1213 in
2387 1158 2702 1214 inﬁdelibus
2735 1173 2924 1224 error,
2962 1161 3020 1215 in
3060 1161 3303 1218 ﬁdelibus
3343 1176 3498 1221 autem
3533 1172 3746 1232 rationabilis

614 1252 765 1321 impii
805 1251 859 1304 in
894 1259 1136 1322 tempore
1178 1258 1571 1320 peccaverunt,
1605 1248 1932 1304 aeternaliter
1974 1250 2207 1320 punien-
2305 1247 2632 1315 intellectus,
2674 1249 2768 1320 qui
2799 1257 2886 1306 est
2922 1252 3012 1306 vir
3048 1252 3303 1308 ﬁdelium.
3341 1254 3489 1311 Porro
3510 1262 3664 1331 reprobi
3686 1282 3743 1322 non

615 1355 728 1412 tur,
778 1347 905 1416 quia
949 1348 1091 1402 Deus
1136 1347 1205 1400 ad
1246 1345 1508 1415 judicium
1553 1345 1797 1409 veniens,
1837 1359 1948 1400 non
1998 1350 2206 1397 tantum
2301 1339 2491 1405 istum,
2527 1341 2623 1396 sed
2651 1355 2945 1396 erroneum
2990 1341 3318 1411 intellectum
3360 1346 3544 1412 habent,
3576 1354 3679 1419 quasi
3703 1356 3745 1407 ri-

614 1453 802 1507 opera,
849 1446 1112 1507 quantum
1157 1437 1488 1505 singulorum
1539 1434 1764 1490 aﬁ‘ectus
1809 1445 1864 1491 et
1901 1432 2206 1489 voluntates
2304 1446 2448 1486 rum.
2481 1430 2621 1488 Hinc
2665 1441 2748 1487 est
2785 1431 2932 1501 quod
2977 1433 3194 1488 mulieri
3242 1432 3553 1492 Samaritana
3588 1439 3741 1498 Domina

609 1527 890 1598 iudicabit.
927 1527 1164 1598 Βεντώί
1193 1528 1393 1597 quippe
1427 1527 1475 1581 si
1505 1524 1624 1582 ﬁeri
1666 1533 1849 1594 posset
1876 1524 2206 1580 teternaliler
2306 1521 2472 1576 dicit:
2509 1520 2751 1594 Quinque
2783 1523 2923 1577 enim
2951 1525 3095 1578 uiros
3121 1525 3358 1592 habuisti,
3384 1537 3428 1580 et
3447 1543 3558 1581 nunc
3575 1547 3675 1599 quem
3691 1534 3741 1586 lu-

613 1628 865 1688 optarent
891 1619 1097 1683 vivere,
1125 1627 1185 1672 ut
1219 1631 1434 1688 semper
1456 1625 1679 1688 possent
1705 1632 1933 1688 peccare
1955 1657 1971 1683 ,
2005 1625 2060 1672 et
2085 1615 2206 1672 ideo
2307 1613 2396 1666 bes
2425 1627 2532 1666 non
2561 1621 2637 1666 est
2662 1623 2782 1666 tuus
2812 1614 2893 1667 uir
2921 1611 3114 1683 (Joan.
3140 1613 3219 1684 v).
3242 1613 3392 1682 Quasi
3417 1616 3592 1684 diceret,
3610 1622 3740 1675 noniu-

616 1723 834 1779 semper
876 1709 1222 1764 sustinebunt
1255 1700 1561 1774 tormenta,
1611 1708 1704 1777 qui
1747 1721 1964 1776 semper
2005 1707 2052 1762 si
2087 1705 2206 1760 ﬁeri
2306 1702 2404 1759 bes
2454 1702 2775 1758 rationalem
2817 1703 3161 1758 intellectum
3185 1743 3202 1770 ,
3258 1706 3344 1760 sed
3385 1719 3513 1760 emr
3545 1708 3736 1763 dominatur

615 1807 804 1868 posset
849 1805 1111 1869 cuperent
1151 1807 1468 1869 perpetrare
1495 1806 1742 1868 peccata.
1789 1796 1858 1851 In
1891 1795 2078 1867 poculo
2101 1812 2206 1867 quo
2309 1792 2407 1848 tui.
2438 1790 2572 1846 Cum
2621 1792 2804 1862 itaque
2855 1792 3112 1862 improba
3141 1793 3330 1848 civitas
3367 1795 3610 1850 rationabili
3637 1809 3737 1852 cum

616 1889 825 1942 miscuit
877 1889 1017 1944 vobis
1045 1929 1060 1956 ,
1108 1890 1317 1944 miscete
1365 1889 1446 1942 illi
1500 1888 1738 1960 duplum.
1777 1888 1918 1955 Quid
1956 1889 2184 1959 poculun

2163 1904 2206 1943 [ιι
2237 1889 2283 1950 Β
2311 1880 2608 1945 intellectu,
2637 1889 2791 1952 putat
2819 1895 2882 1937 se
2925 1881 3068 1937 falsa
3095 1882 3431 1937 aestimatione
3455 1885 3604 1940 habere
3621 1888 3731 1947 rima,

614 1977 718 2034 nisi
749 1987 1075 2034 tormentum
1102 1980 1427 2050 exprimitur
1448 1979 1742 2048 passionis,
1786 1995 1894 2050 quo
1937 1988 2206 2051 martyres
2307 1973 2496 2028 dicens
2527 1991 2540 2026 :
2567 1973 2741 2028 Vidua
2768 1987 2882 2041 non
2908 1987 3060 2038 sum,
3090 1973 3217 2043 quia
3244 1973 3524 2028 intellectum
3545 1976 3734 2030 mentiti:-
3826 2039 3827 2060 χ

614 2065 922 2124 alliixerunt
970 2069 1183 2139 reprobi
1231 2070 1285 2124 in
1335 2070 1591 2141 praesenti
1640 2070 1788 2125 vita?
1813 2069 1907 2124 Ait
1947 2085 2096 2141 ergo,
2137 2069 2206 2124 In
2307 2065 2432 2131 beo,
2458 2072 2515 2119 et
2543 2064 2746 2119 luctum
2785 2079 2895 2119 non
2933 2064 3157 2130 videbo,
3185 2064 3334 2133 quasi
3358 2063 3470 2118 fulta
3490 2065 3732 2129 intellectus
3826 2079 3827 2094 π

613 2156 799 2227 poculo
839 2174 942 2228 quo
974 2158 1182 2212 miscuit
1230 2159 1403 2225 vobis,
1443 2160 1654 2214 miscete
1688 2159 1802 2226 illi,
1847 2160 1902 2215 id
1944 2168 2028 2214 est
2065 2161 2206 2215 sicut
2305 2156 2596 2211 virtutibus
2623 2156 2678 2210 in
2706 2157 2902 2227 gaudio
2922 2155 3308 2227 perseverabo.

612 2245 768 2300 vobis
803 2245 1147 2301 alliictionem
1194 2247 1560 2303 tribulationis
1608 2249 1828 2315 intulit,
1873 2249 1950 2304 ita
1987 2257 2041 2302 et
2107 2264 2206 2306 vos
2377 2244 2506 2299 Ideo
2531 2245 2587 2298 in
2616 2261 2723 2299 una
2741 2245 2830 2300 die
2848 2247 3056 2300 venient
3082 2243 3254 2316 plaga!
3275 2243 3394 2314 ejus.
3416 2243 3617 2300 Velinum
3631 2246 3726 2307 hora.

614 2337 776 2391 modo
802 2336 880 2391 illi
910 2335 1104 2392 inferte
1135 2345 1497 2404 tormenta,et
1521 2348 1701 2395 vestro
1720 2338 1926 2409 judicio
1951 2339 2206 2394 damnate
2309 2343 2555 2406 tempore
2603 2336 2812 2392 scilicet
2852 2335 3077 2405 judicii,
3132 2337 3376 2408 quoniam
3405 2337 3525 2391 subito
3550 2338 3628 2390 du
3651 2351 3719 2390 non

615 2427 786 2484 illam.
1201 2433 1225 2448 '
2183 2481 2186 2484 .
2317 2435 2556 2496 speratur
2585 2428 2762 2483 veniet
2795 2427 3053 2483 Christus
3079 2428 3149 2482 ad
3170 2428 3428 2499 judicium,
3443 2435 3482 2480 ut
3499 2426 3619 2480 reddat
3638 2425 3712 2478 uni-

614 2571 620 2577 ,
688 2519 956 2583 Quantum
983 2518 1292 2590 gloriﬁcavit
1333 2537 1408 2587 se,
1454 2529 1502 2575 et
1533 2521 1586 2574 in
1609 2519 1814 2574 deliciis
1855 2518 1976 2588 fuit,
2000 2527 2206 2572 tantum
2308 2519 2504 2588 cuique
2533 2518 2829 2574 secundum
2859 2533 3033 2589 opera
3063 2533 3185 2574 sua.
3226 2518 3350 2585 Quae
3373 2527 3470 2572 sunt
3483 2514 3717 2584 scanning:

614 2607 736 2660 date
765 2607 844 2660 illi
867 2615 1181 2674 tormentum
1211 2618 1260 2664 et
1285 2608 1504 2662 luctum.
1533 2608 1662 2664 Haec
1687 2609 1870 2664 omnia
1901 2607 2016 2676 jam
2045 2622 2208 2677 supe-
2311 2607 2428 2663 istae
2448 2649 2463 2674 ,
2489 2609 2664 2679 aperit
2701 2624 2824 2664 cum
2859 2610 3162 2680 subiungit,
3192 2624 3326 2662 mors
3347 2616 3391 2660 ct
3410 2605 3546 2658 luctu.
3565 2602 3632 2657 llas
3654 2601 3720 2671 pb-

615 2699 730 2752 rius
761 2699 901 2753 dicta
946 2699 1181 2754 fuerant.
1222 2699 1328 2755 Sed
1355 2707 1576 2771 propter
1605 2699 1942 2754 diversorum
1981 2700 2207 2754 diversae
2308 2714 2405 2770 gas
2431 2713 2528 2770 per
2561 2699 2891 2754 contrariam
2923 2711 3142 2770 partem
3181 2699 3452 2769 intelligere
3476 2690 3717 2765 possumus.“

615 2789 989 2857 signiﬁcantur
1025 2804 1290 2858 personae,
1342 2806 1448 2844 una
1492 2790 1612 2860 plus
1633 2829 1648 2855 ,
1677 2789 1778 2844 alia
1822 2791 2004 2846 minus
2031 2789 2206 2845 delin-
2307 2796 2394 2845 est
2420 2803 2489 2842 cx
2523 2789 2960 2845 consideratione
2990 2789 3354 2859 praemiorum,
3393 2799 3488 2856 qua
3518 2781 3716 2838 sanctius:

613 2896 813 2953 quens,
836 2896 901 2936 ac
921 2882 970 2936 si
1001 2883 1274 2937 diceretur
1304 2901 1316 2936 :
1349 2882 1407 2936 In
1433 2892 1696 2952 quantum
1725 2883 1848 2950 quis
1872 2882 2041 2952 gloria
2068 2891 2206 2937 tem-
2307 2882 2634 2951 percepturi.
2667 2881 2909 2937 Primum
2955 2883 3106 2937 enim
3143 2881 3458 2936 attendamus
3479 2892 3564 2946 qua
3582 2875 3626 2928 sit
3639 2885 3714 2926 non

613 2972 784 3044 porali
811 2971 1105 3043 laetitiaque
1135 2973 1367 3040 deditus,
1413 2989 1479 3030 ac
1519 2974 1886 3044 voluptatibus
1933 2974 2206 3029 resolutus
2308 2971 2572 3039 corporis,
2619 2985 2767 3026 mors
2811 2971 3065 3040 corporis
3103 2981 3186 3027 est
3224 2969 3439 3025 absentia
3470 2965 3614 3026 animt.
3640 2974 3714 3015 1³01³

613 3072 718 3128 est,
752 3063 1016 3116 intantum
1048 3063 1174 3117 date
1209 3064 1283 3117 illi
1329 3073 1655 3119 tormentum
1699 3071 1754 3118 et
1782 3063 2006 3129 luctum,
2039 3064 2092 3118 id
2121 3070 2208 3118 est
2307 3065 2504 3120 animae
2530 3063 2775 3119 absentia
2800 3063 2894 3119 Dei
2927 3083 2940 3118 :
2967 3065 3097 3136 quia
3123 3063 3417 3131 animaque
3437 3054 3714 3129 ρεαατιήινίβί

612 3153 903 3222 unicuique
945 3153 1239 3208 secundum
1285 3169 1420 3223 opus
1447 3169 1667 3209 suorum
1697 3161 1913 3209 actuum
1961 3153 2199 3209 tribuite.
2308 3157 2559 3209 morietur
2586 3154 2802 3225 (Ezech.
2838 3156 3021 3226 mn).
3052 3154 3224 3209 Electi
3261 3152 3392 3207 enim
3413 3142 3712 3202 babenti!st

612 3244 840 3314 Propter
861 3245 1242 3300 discretionem
1271 3246 1416 3300 enim
1443 3260 1723 3316 poenarum
1755 3245 1868 3299 haec
1897 3244 2010 3315 ipsa
2041 3245 2204 3314 impia
2235 3246 2280 3308 C
2313 3245 2586 3301 habebunt
2619 3246 2806 3312 vitam,
2827 3244 2990 3316 juxta
3021 3245 3152 3300 illud
3178 3263 3190 3300 :
3220 3242 3342 3297 Haec
3360 3249 3423 3295 est
3446 3238 3527 3293 vita
3543 3238 3712 3293 ctam

608 3337 805 3403 civitas
852 3345 1058 3390 tantum
1089 3336 1296 3406 recepit
1336 3344 1597 3406 quantum
1623 3335 1868 3405 deliquit,
1899 3336 1992 3390 sed
2025 3345 2206 3391 tamen
2309 3351 2621 3406 cognoscant
2642 3346 2689 3390 te
2711 3353 2882 3392 verum
2901 3336 3093 3401 Deum,
3117 3345 3164 3390 et
3182 3350 3327 3406 quem
3347 3328 3503 3385 misisti
3515 3319 3714 3379 lautiti-

613 3426 746 3481 nihil
776 3431 1061 3497 pinnarum
1089 3426 1165 3480 illi
1195 3427 1370 3482 deerit
1408 3444 1422 3481 :
1457 3436 1513 3482 et
1539 3443 1661 3498 qua:
1689 3427 2059 3496 temporaliter
2085 3442 2209 3497 pec-
2309 3438 2467 3482 stum.
2493 3426 2674 3499 (Joan.
2721 3427 2880 3500 xvrr.)
2907 3428 3146 3499 ideoque
3175 3433 3414 3496 perpetuo
3441 3408 3712 3481 vivenb‘l"hin

614 3517 1033 3601 cavil,’aeternis
1062 3517 1395 3571 cruciabitur
1435 3517 1738 3572 tormentis.
1777 3517 1918 3582 Quia
1955 3518 2010 3570 in
2055 3517 2210 3571 corde
2309 3518 2596 3588 paersentia
2625 3519 2752 3573 vitae
2773 3519 3092 3575 manebunt.
3127 3519 3292 3585 Quam
3317 3514 3476 3573 vitam.
3497 3507 3535 3562 id
3550 3502 3711 3601 ἀξίων

615 3624 712 3661 suo
769 3593 946 3662 dicit:
989 3607 1156 3663 Sedeo
1206 3610 1407 3677 regina,
1446 3609 1500 3662 id
1543 3617 1652 3672 est,
1698 3609 1750 3662 in
1796 3609 2002 3663 honore
2039 3617 2096 3662 et
2131 3609 2211 3663 di-
2310 3626 2435 3665 cum
2455 3611 2739 3666 amiserint
2771 3613 3011 3682 reprobi,
3043 3619 3271 3667 mortem
3295 3607 3540 3664 incurrent,
3560 3593 3710 3689 quiane

615 3699 821 3774 gnitate
849 3713 966 3752 sum
999 3699 1315 3763 constituta,
1348 3699 1488 3754 sicut
1525 3701 1714 3768 regina
1756 3700 1908 3754 sedet
1936 3701 1990 3754 in
2037 3700 2209 3771 gloria
2309 3717 2376 3758 eo
2416 3711 2626 3773 partem
2666 3703 2960 3768 habebunt,
3011 3705 3098 3760 cui
3135 3715 3323 3757 nomen
3364 3704 3439 3752 est
3469 3687 3617 3750 mortis,

612 3800 670 3845 et
698 3770 920 3846 honore.
960 3790 1030 3844 Et
1060 3790 1216 3844 vidua
1243 3807 1345 3845 non
1384 3809 1518 3846 sum.
1561 3793 1696 3859 Quia
1726 3792 1903 3846 virum
1934 3770 2128 3859 habeo,
2155 3799 2212 3848 et
2309 3770 2472 3863 supra
2526 3794 2797 3863 legimus:
2850 3795 2918 3850 Et
2962 3795 3170 3850 sanctis
3208 3786 3519 3864 gaudentibus
3548 3788 3596 3871 el
3619 3770 3711 3871 hii"

607 3877 732 3949 ejus
757 3879 1068 3945 amissione,
1086 3878 1281 3934 luctum
1307 3897 1411 3936 non
1442 3883 1642 3936 videbo.
1669 3880 1934 3951 Loquitur
1955 3883 2071 3937 haec
2097 3897 2207 3938 nre-
2307 3861 2543 3942 creatori
2567 3861 2666 3942 suo
2687 3886 3132 3951 decantantibus,
3153 3861 3302 3956 iusta
3323 3877 3438 3935 illud
3458 3893 3470 3928 :
3490 3868 3596 3927 Beati
3612 3861 3714 3956 μέν·
3826 3899 3827 3956 ἐ

605 3970 815 4054 ‘retrix,
855 3970 909 4024 id
951 3979 1035 4026 cst
1068 3970 1260 4036 civitas
1292 3974 1669 4042 rcproborum,
1703 3974 1828 4027 dum
1859 3973 2125 4043 gloriatur
2150 3974 2205 4029 in
2309 3975 2472 4029 bitant
2497 3976 2553 4029 in
2581 3975 2736 4031 domo
2764 3937 3211 4042 tua,Domine,in
3233 3968 3410 4027 secula
3432 3953 3712 4054 πταίοηῖιεξξ

611 4048 946 4132 principibus
982 4076 1239 4131 nequam,
1281 4037 1597 4132 et-regibus
1635 4062 1794 4132 hujus
1833 4037 2034 4130 saeculi,
2063 4065 2206 4119 sicut
2307 4067 2508 4122 dabunt
2531 4078 2582 4123 te
2611 4067 2785 4139 (Psal.
2809 4037 2883 4142 c).
2931 4037 3146 4126 bliseris
3185 4066 3288 4122 erit
3321 4061 3471 4117 luctus
3495 4037 3712 4142 intlain'd“

608 4125 713 4226 ian
741 4125 883 4208 Nero
911 4161 966 4208 et
1003 4125 1359 4208 Domitianus.
1397 4125 1678 4224 Iri-quibus
1702 4125 1908 4209 divitiis
1941 4163 1995 4209 et
2021 4125 2205 4209 nono-
2315 4159 2409 4215 γω
2434 4160 2576 4214 vobis
2615 4125 2706 4231 ὶμιε
2743 4125 2922 4215 τεαέιί.
2962 4177 3125 4226 nunc,
3157 4158 3274 4231 quia
3316 4147 3516 4222 lugebitis
3543 4139 3649 4231 (tu
3664 4125 3711 4231 r1}.

604 4223 764 4302 (ribus
789 4243 1041 4298 maximis
1074 4244 1339 4311 exaltata,
1372 4245 1597 4314 putabat
1634 4259 1692 4300 se
1717 4260 1840 4300 cum
1869 4245 1948 4300 eis
1975 4251 2205 4300 mterna-
2308 4249 2444 4317 Quia
2469 4214 3001 4321 enim.pra'sentibus
3046 4214 3294 4305 delectati
3330 4237 3504 4298 deliciis
3535 4214 3714 4321 ηοξωιιᾟξ

611 4331 737 4386 liter
766 4347 992 4402 regnare
1017 4342 1072 4404 et
1095 4335 1296 4399 vivere,
1330 4344 1384 4391 et
1411 4351 1687 4406 nunquam
1713 4351 1808 4391 cos
1843 4337 2116 4402 amittere,
2147 4345 2208 4391 ut
2307 4343 2508 4398 tionem
2539 4313 2738 4412 pavere
2764 4342 3024 4410 futuram,
3057 4343 3294 4397 laetantes
3317 4347 3423 4389 cum
3452 4313 3711 4412 ωηιείοαξηίξίξ

611 4424 668 4478 in
694 4439 884 4480 corum
912 4426 1207 4482 amissione
1235 4427 1462 4498 lugeret,
1491 4429 1631 4484 sicut
1659 4428 1842 4498 lugere
1871 4429 2050 4484 solent
2081 4445 2202 4485 mu—
2309 4435 2430 4491 ideo
2456 4436 2514 4490 in
2533 4436 2682 4491 brevi
2711 4445 2952 4508 tempore
2976 4434 3356 4493 descendentes
3389 4422 3446 4478 ad
3465 4415 3621 4472 inferos»

611 4513 772 4570 lieres
802 4517 968 4581 viros,
1021 4516 1148 4570 dum
1195 4497 1614 4571 eosramittunt.
1648 4497 1744 4573 Vel
1789 4517 1946 4572 aliter
1990 4533 2004 4571 :
2054 4517 2179 4573 Sicu

2143 4527 2207 4573 ut
2235 4593 2271 4598 _
2309 4536 2572 4598 perpetuo
2585 4497 2907 4584 maerebam.
2926 4527 2992 4581 Et
3009 4528 3194 4598 fames.
3212 4497 3711 4598 Societaliluswwmp:

611 4605 850 4660 Ecclesia
892 4608 1168 4678 proprium
1214 4609 1378 4664 habet
1431 4610 1631 4676 virum,
1677 4609 1730 4664 id
1773 4621 1860 4666 est
1902 4610 2203 4680 Christum,
2231 4593 2284 4653 D
2309 4584 2435 4678 gon;
2453 4623 2556 4678 erit
2593 4622 2978 4691 omnipotentis
3009 4584 3100 4675 hei
3126 4616 3314 4677 vultus,
3347 4609 3394 4663 in
3416 4584 3712 4691 ευῇυξαξιιεξῗ

613 4705 671 4748 ut
699 4695 772 4749 ait
797 4695 1123 4765 Apostolus:
1155 4697 1417 4769 Despondi
1438 4701 1572 4754 enim
1599 4717 1684 4755 vos
1706 4701 1798 4755 uni
1823 4703 1933 4757 viro
1957 4705 2205 4775 uirginem
2309 4699 2651 4772 satiabuntur
2669 4679 2872 4769 aeterna
2898 4712 3209 4769 refectione.
3236 4705 3380 4760 Juxta
3399 4691 3503 4750 illud
3515 4679 3710 4775 Ρεείξυίέξ

611 4799 812 4842 castam
855 4787 1097 4842 exhibere
1135 4787 1343 4843 Christo
1378 4789 1459 4861 (11
1495 4788 1620 4845 Cor.
1651 4790 1729 4861 xi)
1765 4807 1779 4846 :
1811 4792 1888 4847 ita
1917 4768 2175 4849 meretrix

2145 4811 2202 4862 Χ»
2743 4805 3164 4875 manifestabitur
3190 4796 3347 4870 gloria
3387 4800 3464 4842 tua
3498 4768 3618 4875 (l’ﬂl‘:

611 4879 665 4980 id
713 4890 838 4980 est,
893 4882 1098 4980 civitas-
1136 4858 1486 4980 reproborum
1539 4858 1842 4941 adulterino
1887 4884 2076 4954 juncta
2119 4858 2206 4944 est
2307 4858 3053 4969 enini—ergoﬁreprobiijoum
3103 4858 3429 4978 perdiderint,

611 4974 750 5039 viro,
782 4974 835 5029 id
875 4984 960 5030 est
995 4975 1230 5040 diabolo,
1263 4992 1294 5029 a
1339 4991 1448 5045 quo
1488 4986 1642 5046 putat
1666 4993 1725 5033 se
1755 4979 1902 5050 regi,
1934 4990 1990 5035 ct
2016 4980 2068 5034 in
2100 4981 2205 5036 hoc
2307 4996 2519 5042 ctorum
2542 4937 2796 5052 ltiefeciio,
2829 4986 3008 5041 famen
3035 4937 3282 5041 33.3....“
3309 4937 3713 5075 sustineb'llni:nfd.

605 5067 813 5132 mundo
865 5083 1124 5137 regnare,
1167 5084 1287 5137 qua:
1331 5069 1458 5124 dum
1499 5071 1854 5141 praesentibus
1901 5073 2202 5129 delectatur
2306 5081 2496 5134 timum
2528 5088 2707 5135 autem
2738 5044 2846 5150 igni
2875 5079 3258 5133 comburentur.
3290 5065 3409 5159 Cum

612 5113 810 5120 --~—----v
865 5113 1124 5137 -"u"'""7
1170 5113 1287 5137 -ι--υ
1332 5113 1458 5124 ν---ι-
1499 5113 1854 5141 r-ww-uww
1902 5113 2194 5129 uuww-u.
2306 5113 2496 5134 ιιωυιι.
2528 5113 2707 5135 autc...
2739 5113 2846 5150 .3...
2875 5113 3258 5133 νυιηυιυωιι--σ
3295 5113 3392 5121 ν-τν
3625 5113 3696 5187 "9!“

610 5156 838 5212 luxuriis
862 5194 876 5222 ,
933 5167 1194 5212 aeternum
1248 5176 1352 5214 non
1401 5168 1672 5230 praecavet
1714 5161 2056 5232 supplicium,
2105 5163 2202 5219 sed
2305 5172 2360 5226 in
2383 5172 2555 5241 ignem
2589 5179 2873 5237 aeternum,
2903 5171 2994 5240 qui
3029 5175 3238 5238 parum:
3265 5165 3334 5212 est
3360 5141 3529 5241 diabolo
3637 5203 3696 5241 Mi

611 5204 837 5212 ——-——--~
862 5204 876 5222 υ
933 5204 1194 5212 -υ-ν---νω
1248 5204 1352 5214 --νο-
1401 5204 1672 5230 ,ι--υν-νν-
1714 5204 2056 5232 υ-ηι--ν-ι--υ,
2105 5204 2202 5219 wu-
2305 5204 2360 5226 ...
2386 5204 2555 5241 ιυηειη
2589 5204 2873 5237 ιωωηιιηι,
2903 5204 2993 5240 .,...
3029 5204 3238 5238 ,mumw
3266 5204 3329 5212 —--
3365 5204 3372 5206 ~
3475 5235 3484 5245 .
3616 5212 3649 5227 ..
3692 5204 3696 5211 ι

611 5257 816 5304 tantum
859 5252 1241 5322 temporalibus
1279 5252 1502 5308 alllucns
1534 5253 1759 5318 deliciis,
1805 5255 1860 5308 in
1903 5255 1987 5309 his
2032 5255 2199 5310 vitam
2303 5261 2418 5330 ejus
2443 5259 3064 5330 (Matth.xxv).-—Qnia
3094 5255 3239 5329 [ortis
3264 5256 3332 5304 est
3358 5204 3712 5344 Domtuu’iml':

611 5355 764 5391 suam
794 5342 962 5391 nouit-
1006 5360 1278 5391 nummum
1323 5360 1381 5391 se
1420 5354 1617 5391 nutans
1646 5345 1813 5391 vitam
1849 5345 2198 5391 temnnralem
2305 5355 2441 5391 MM:
2467 5353 2616 5391 mn...
2669 5353 2875 5391 ΙΛρίι-ιιη
2921 5352 3073 5391 rm-rie
3107 5344 3347 5391 “ominus
3377 5329 3452 5391 αυί
3489 5304 3710 5391 βάψω..

3826 4539 3827 4588 r

3825 4669 3827 4749 Α

3825 4808 3827 4873 1

611 5355 764 5435 suam
793 5342 962 5410 ponit,
1006 5360 1279 5435 nunquam
1323 5360 1381 5399 se
1419 5354 1617 5415 putans
1646 5345 1814 5435 vitam
1849 5345 2199 5435 temporalem
2305 5355 2441 5408 cabit
2467 5353 2637 5407 illam.
2669 5353 2875 5409 idcirco
2920 5352 3074 5409 fortis
3107 5344 3347 5435 Dominus
3377 5342 3713 5435 qui,

612 5401 891 5496 amittere,
931 5440 991 5486 ut
1028 5401 1150 5503 ipsa
1181 5434 1383 5489 luctum
1411 5401 1574 5504 quem
1603 5433 1818 5504 reprobi
1848 5433 1904 5488 in
1937 5401 2180 5506 supplicit

2140 5435 2197 5494 :io
2304 5443 2412 5499 lam
2441 5443 2661 5509 dicitur,
2705 5443 2832 5514 quia
2874 5443 3072 5498 nullius
3101 5434 3289 5510 poterit
3323 5401 3708 5524 Piediﬁiﬂﬂﬁ

611 5521 944 5591 sempiterno
995 5525 1264 5580 sustineant
1315 5493 1571 5596 patiatur.
1640 5493 1813 5581 Aliter
1841 5565 1857 5593 ,
1903 5493 2179 5583 eledtorun

2144 5542 2198 5583 m
2301 5534 2508 5591 idcirco
2549 5533 2605 5588 in
2636 5493 2896 5589 aeternum
2925 5530 3268 5590 cruciabitur.
3297 5515 3403 5612 qui?
3427 5493 3709 5612 Ρξξηίῗιιῗξξηζ

612 5614 805 5669 anim
847 5615 1021 5672 virum
1071 5619 1272 5674 habent
1313 5621 1609 5690 proprium,
1651 5619 1706 5674 id
1734 5628 1820 5676 est
1861 5619 2199 5688 spiritualem
2302 5642 2448 5693 rum,
2479 5634 2575 5681 aut
2602 5626 2882 5682 hominum
2924 5625 3171 5686 audebit,
3211 5614 3288 5670 vel
3326 5581 3709 5711 valebit-£1533;
3817 5630 3820 5688 r

597 5705 965 5783 ,ίυιθυεοιυῐην
995 5726 1024 5765 ³
1052 5728 1156 5780 Quo
1181 5714 1248 5768 ad
1283 5681 1543 5769 teteriram
1573 5681 1801 5769 salutem
1830 5681 2114 5784 reguntur,
2138 5723 2200 5770 ut
2303 5681 2415 5774 Deo
2433 5681 2682 5784 Iobviare,
2731 5733 2854 5772 cum
2895 5719 3102 5794 dederit
3136 5681 3314 5769 fortem
3354 5681 3706 5752 damnationum"

611 5801 804 5862 intimo
841 5807 1182 5864 discretionis
1224 5809 1472 5867 examine
1521 5818 1736 5867 terrena
1796 5816 1992 5866 cuncta
2023 5810 2199 5878 despi-
2304 5811 2527 5866 tentiam
2558 5812 2610 5866 in
2643 5809 2922 5876 reprobus.
