3972 6442
213 436 347 495 ΗΜ

1135 421 1496 489 Exrosrrlo
1537 428 1602 476 lN
1639 418 2132 475 APUCALYPSIN.
2172 447 2243 458 -
2278 416 2407 474 LIB.
2447 413 2532 471 v1.

3317 413 3454 470 “'58

281 542 337 601 Ei
387 535 579 606 ﬂebunt
616 545 664 592 et
688 535 931 606 plangant
977 550 1032 589 se
1059 549 1205 603 super
1240 531 1387 585 illam
1427 546 1566 601 reges
1601 537 1772 582 terrae.
1807 535 1855 589 Α
1883 528 1976 581 sed
2013 527 2065 580 in
2096 526 2237 582 malo
2265 536 2320 581 et
2357 527 2408 580 in
2439 525 2811 596 persecutione
2847 533 3176 590 sanctorum,
3205 539 3342 595 quos
3367 525 3456 580 di-

209 625 308 680 llic
329 624 483 678 ﬂetus
519 640 705 696 regum
753 623 1038 694 dupliciter
1089 630 1264 692 potest
1314 620 1554 689 intelligi.
1607 617 1781 687 Reges

205 714 346 766 enim
375 715 428 767 in
465 714 662 768 malam
692 724 902 784 partem
942 724 1215 784 ponuntur
1247 713 1300 766 in
1330 712 1432 765 hoc
1464 711 1603 774 loco,
1633 715 1688 761 et
1710 706 1782 760 si-

177 803 458 874 gniﬁcant
483 805 742 874 reprobus
769 805 820 858 in
852 806 954 859 hoc
978 803 1174 859 saeculo
1205 803 1415 864 divites,
1445 808 1501 853 et
1527 800 1582 852 in
1613 807 1782 852 terre-

211 895 282 948 ris
308 894 470 949 rebus
491 909 642 950 suam
666 910 814 964 spem
840 893 1184 956 collocantes,
1212 892 1421 961 ipsique
1444 904 1617 959 reges,
1641 888 1782 941 sicut

200 981 440 1054 Babylon
481 985 674 1040 civitas
716 985 993 1040 meretrix.
1039 983 1269 1050 Ideoque
1313 979 1455 1050 quod
1483 979 1633 1042 dicit,
1677 975 1782 1041 Qui

197 1092 320 1126 cum
375 1073 470 1128 illa
525 1074 772 1144 fornicati
821 1086 942 1130 sunt
991 1073 1124 1128 nihil
1165 1079 1248 1126 est
1289 1069 1464 1132 aliud,
1510 1068 1612 1122 nisi
1657 1081 1782 1121 cum

203 1165 396 1235 Seipsis
425 1164 676 1222 fornicati
707 1175 866 1229 sunt,
891 1165 1013 1235 plus
1053 1173 1265 1217 terrena
1310 1176 1470 1230 quam
1493 1160 1660 1214 Deum
1695 1159 1780 1213 di-

203 1256 452 1326 ligentes,
494 1257 580 1314 vel
628 1255 980 1311 immunditiae
1021 1253 1207 1308 carnis
1241 1251 1558 1306 servientes.
1610 1247 1680 1302 Et
1726 1248 1782 1302 in

205 1345 410 1399 deliciis
441 1347 701 1401 vixerunt.
736 1345 849 1400 Hoc
898 1351 983 1398 est
1030 1342 1082 1397 in
1134 1341 1432 1396 honoribus
1463 1346 1518 1392 et
1551 1337 1782 1409 dignita-

203 1437 372 1500 tibus,
420 1435 764 1491 comedentes
817 1442 871 1489 et
917 1431 1187 1498 bibentes,
1230 1440 1285 1487 et
1327 1431 1632 1486 voluntates
1657 1443 1782 1484 suas

205 1535 514 1594 sequentes.
540 1525 631 1581 Isti
663 1526 846 1594 itaque
876 1525 930 1579 in
964 1525 1049 1579 die
1071 1522 1286 1593 judicii,
1320 1530 1429 1576 tota
1459 1519 1779 1591 mundi'glo-

203 1619 281 1672 ria
333 1618 388 1672 in
435 1633 541 1688 qua
584 1625 710 1672 sunt
753 1615 941 1672 conﬁsi
985 1623 1264 1686 pereunte,
1311 1613 1513 1669 ﬂebunt
1548 1619 1603 1668 et
1620 1611 1782 1681 plan-

201 1719 349 1782 gent,
395 1711 508 1766 sola
557 1710 843 1780 praeterita:
893 1709 1016 1762 vita:
1068 1707 1385 1778 poenitentia
1443 1713 1779 1770 remanente,

200 1801 445 1855 dicentes
476 1818 490 1854 :
525 1799 664 1865 Quid
717 1801 862 1854 nobis
909 1800 1106 1870 proluit
1153 1799 1396 1869 superbia
1437 1806 1650 1857 nostra,
1688 1804 1780 1849 aut

1882 618 2057 673 versis
2092 617 2281 673 aﬂlixit
2306 619 2481 674 modis
2506 627 2562 673 et
2591 616 2883 672 interfecit.
2911 616 3172 682 Quoniam
3200 634 3305 671 una
3326 618 3458 673 liora

1882 711 2014 765 venit
2036 710 2303 779 judicium
2330 721 2497 765 tuum.
2524 711 2600 765 De
2633 725 2738 779 qua
2771 711 2902 764 hora
2927 709 3159 765 Joannes
3188 710 3460 780 apostolus

1884 801 2015 856 dicit
2047 820 2060 854 :
2095 799 2300 868 Filioli,
2326 803 2603 858 novissima
2627 804 2755 856 Iura
2786 813 2862 856 est
2899 802 2950 874 (1
2978 803 3135 857 Joan.
3161 802 3244 874 ll),
3277 819 3306 857 a
3334 819 3460 874 pas-

1883 893 2035 947 sione
2077 891 2282 946 Christi
2314 893 2521 948 seilicet
2560 908 2733 964 usque
2762 893 2830 947 ad
2881 893 3042 948 ﬁnem
3087 893 3290 948 saeculi.
3325 894 3459 949 Tota
3557 933 3568 936 -

1883 1000 2116 1054 namque
2142 985 2242 1039 hac
2275 985 2428 1050 hora,
2460 985 2512 1038 id
2540 992 2644 1048 est,
2674 985 2727 1038 in
2761 985 2907 1040 omni
2938 985 3188 1055 prtesenti
3222 993 3464 1054 tempore

1883 1076 2206 1131 damnantur
2226 1075 2459 1145 reprobi.
2485 1074 2722 1141 Quorum
2746 1077 2930 1145 utique
2949 1075 3213 1144 judicium
3235 1075 3462 1146 singulis

1882 1166 2119 1231 advenit,
2149 1166 2366 1236 quando
2400 1165 2642 1235 quotidie
2678 1167 2826 1220 exuti
2855 1168 3174 1236 corporibus
3203 1167 3464 1222 damnan-

1885 1263 1972 1310 tur
2007 1254 2146 1325 apud
2197 1253 2419 1308 inferos.
2466 1253 2534 1308 Et
2570 1254 2694 1322 quia
2735 1253 2788 1307 in
2835 1255 3090 1322 prmsenti
3131 1262 3372 1324 tempore
3394 1254 3462 1310 de

1882 1345 2209 1418 perpetratis
2238 1345 2571 1400 facinoribus
2602 1345 2973 1414 temporaliter
3017 1346 3181 1400 etiam
3214 1345 3462 1400 crucian-

1884 1449 1990 1506 tur,
2022 1447 2170 1494 recte
2198 1453 2342 1493 nunc
2374 1436 2583 1492 fumare
2614 1437 2852 1508 Babylon
2886 1438 3103 1504 dicitur,
3134 1445 3194 1493 ut
3217 1437 3465 1508 quando-

1882 1548 1988 1603 que
2050 1529 2394 1602 sempiternis
2469 1537 2862 1586 tormentorum
2935 1529 3167 1585 ﬂammis
3239 1543 3464 1585 concre-

1883 1634 2029 1680 metu
2038 1641 2084 1678 Γ.

1955 1713 2023 1768 Et
2072 1718 2416 1785 negotiatores
2470 1722 2623 1768 terrae
2669 1712 2864 1782 ﬂebunt
2905 1722 2954 1767 et
3007 1712 3252 1782 lugebant
3303 1725 3462 1781 super

1882 1805 2047 1860 iilam.
2077 1805 2178 1873 Qui
2224 1806 2333 1860 sint
2381 1805 2467 1860 isti
2514 1803 2882 1874 negotiatores
2911 1817 3071 1872 supra
3096 1803 3210 1872 jam
3253 1801 3460 1856 dictum

201 1893 500 1948 divitiarum
521 1894 785 1964 jactantia
812 1893 937 1964 quid
974 1892 1188 1946 contulit
1224 1891 1413 1946 nobis?
1438 1891 1780 1944 Transierunt
1812 1885 1856 1944 Β
1882 1907 1987 1962 est,
2019 1896 2107 1966 qni
2161 1895 2367 1951 scilicet
2400 1894 2617 1949 venales
2670 1909 2796 1948 suas
2834 1892 3046 1947 animas
3090 1890 3314 1956 faciunt,
3360 1903 3464 1948 nec

187 1986 380 2039 omnia
402 1995 648 2055 tanquam
672 1984 853 2038 umbra
878 1983 1030 2054 (Sap.
1056 1984 1130 2052 v).
1160 1982 1256 2038 Vel
1282 1991 1428 2038 certe
1451 1996 1514 2036 ex
1528 1980 1778 2052 pmsenti

193 2084 450 2144 tempore
471 2075 574 2129 boc
589 2075 884 2145 intelligere
905 2090 1211 2144 possumus,
1231 2074 1282 2127 in
1305 2089 1413 2144 quo
1430 2074 1777 2143 reproboer

201 2165 544 2233 superstites,
572 2165 978 2219 considerantes
1015 2165 1200 2218 mundi
1227 2164 1452 2234 gloriam
1486 2163 1729 2232 deperire
1760 2179 1774 2215 :

203 2255 319 2309 sive
349 2270 446 2324 per
466 2270 800 2325 paganorum
846 2253 1300 2319 interfectionem,
1336 2255 1450 2309 sive
1472 2268 1570 2322 per
1596 2252 1778 2307 diver-

188 2359 382 2399 sarum
426 2347 668 2416 gentium
719 2347 1120 2408 eontritionem,
1171 2345 1386 2415 plorant
1440 2353 1494 2398 et
1560 2342 1777 2409 deﬂent,

189 2435 325 2504 quia
353 2449 506 2490 amor
535 2435 745 2492 illorum
777 2449 832 2491 et
859 2437 1028 2507 gloria
1069 2438 1284 2492 transit.
1323 2437 1585 2507 Plangent
1630 2437 1778 2490 enim

200 2529 412 2584 illorum
440 2529 740 2594 interitum,
790 2530 880 2600 qui
919 2529 1076 2584 simul
1103 2545 1226 2584 cum
1253 2529 1363 2583 vita
1403 2529 1619 2585 divitias
1646 2528 1779 2582 ami-

200 2628 410 2684 serunt,
438 2628 494 2674 et
542 2627 789 2675 metuunt
824 2637 890 2674 ne
928 2620 1008 2674 eis
1037 2619 1232 2674 similia
1258 2620 1526 2683 eveniant,
1568 2619 1694 2673 dum
1723 2627 1779 2673 et

202 2717 530 2762 tormentum
587 2708 690 2762 sibi
753 2707 993 2761 futurum
1046 2719 1100 2762 et
1154 2709 1551 2776 praeteritorum
1589 2723 1778 2778 paenae

200 2797 514 2867 inspiciunt,
550 2799 691 2851 unde
739 2796 1121 2866 subiungitur:
1163 2795 1407 2849 Jl’identes
1444 2796 1649 2862 fumum
1691 2797 1775 2850 in-

183 2885 373 2940 cendii
400 2887 536 2955 ejus.
571 2886 673 2940 Per
718 2884 924 2939 fumum
973 2886 1118 2939 enim
1162 2883 1306 2939 illius
1331 2885 1583 2948 civitatis,
1616 2885 1777 2940 dimi-

187 2977 353 3033 nutio
402 2977 718 3049 intelligitur
761 2991 944 3031 rerum
994 2975 1387 3046 temporalium.
1441 2976 1615 3042 Quam
1653 2977 1778 3030 dum

203 3067 356 3139 impii
405 3069 610 3134 vident,
646 3069 1053 3124 considerantes
1100 3076 1159 3122 ut
1188 3068 1391 3122 dictum
1421 3077 1503 3122 est
1521 3081 1779 3136 quorum-

184 3158 327 3212 .dam
359 3158 816 3223 interfectionem,
844 3166 905 3212 et
931 3159 1182 3228 gentium
1208 3159 1370 3213 etiam
1395 3158 1774 3224 vastationem,

199 3247 414 3317 plorant
440 3257 495 3304 et
527 3249 736 3320 lugent,
773 3264 840 3304 eo
869 3249 1018 3318 quod
1051 3249 1218 3320 gloria
1244 3249 1454 3304 illorum
1486 3257 1689 3318 pereat,
1722 3258 1776 3305 et
1804 3230 1847 3292 (ἶ

185 3341 318 3409 .ipsa
343 3355 590 3410 praesens
637 3341 914 3396 tribulatio
961 3341 1140 3413 ignem
1187 3350 1447 3396 aeternum
1485 3343 1773 3412 praecedat.

202 3431 354 3487 Sicut
389 3431 570 3487 fumus
614 3433 872 3488 indicium
921 3441 1005 3488 est
1047 3432 1407 3500 ﬂammarum,
1448 3435 1526 3490 sic
1559 3443 1614 3489 et
1642 3450 1778 3505 prte-

185 3536 330 3577 .sens
387 3522 664 3579 tribulatio
715 3524 986 3593 specimen
1029 3538 1150 3579 esse
1189 3525 1408 3579 videtur
1443 3525 1773 3582 futurorum.

203 3613 340 3668 Dum
367 3627 498 3684 ergo
523 3613 654 3670 tales
677 3622 968 3684 praesentes
999 3613 1374 3670 tribulationes
1400 3615 1702 3683 attendunt,
1724 3623 1781 3671 et

185 3717 418 3773 pinnam
443 3704 606 3757 etiam
635 3717 756 3770 qua:
795 3704 1043 3772 sequitur
1072 3703 1388 3773 inspiciunt,
1427 3703 1553 3758 ﬂent
1591 3713 1646 3760 et
1683 3703 1780 3760 do-

197 3791 336 3856 lent,
370 3791 622 3845 timentes
667 3805 735 3844 ne
784 3792 884 3844 sibi
940 3791 1139 3845 similia
1181 3793 1456 3855 eveniant,
1489 3802 1544 3846 ut
1575 3793 1782 3847 scilicet

201 3880 391 3935 mundi
435 3879 605 3950 gloria
653 3879 1043 3950 exspolientur,
1086 3888 1142 3936 et
1166 3881 1521 3951 pmsentibus
1546 3881 1700 3939 bonis
1727 3891 1781 3938 et

204 3971 521 4027 deliciarum
552 3971 844 4026 alﬂuentiis
871 3973 1159 4027 nudentur.

274 4065 322 4118 A
353 4064 506 4135 longe
531 4073 728 4119 stantes
749 4074 956 4135 pmpter
983 4066 1220 4118 timorem
1245 4073 1618 4119 tormentorum
1645 4065 1778 4135 ejus.

204 4156 357 4222 Quod
388 4156 444 4210 in
484 4153 690 4223 judicio
722 4155 944 4209 minime
983 4154 1168 4210 licebit
1197 4155 1276 4209 eis
1320 4153 1523 4220 facere,
1569 4155 1783 4225 quando

183 4248 368 4303 simul
391 4262 580 4303 omnes
602 4263 762 4304 casus
792 4248 1207 4318 apprehenderit
1228 4248 1413 4302 ruinze.
1443 4247 1704 4304 Cteterum
1727 4249 1782 4304 iu

207 4341 312 4394 hac
339 4339 450 4394 vita
496 4340 654 4408 longe
696 4347 862 4404 stant,
893 4355 999 4394 non
1030 4354 1282 4408 corpore,
1307 4341 1431 4409 quia
1464 4349 1586 4410 post
1608 4339 1782 4395 modi-

185 4430 628 4486 .cum‘transituri
657 4439 782 4486 sunt
818 4429 883 4484 ad
909 4444 1096 4484 eorum
1131 4429 1461 4493 societatem,
1487 4431 1582 4486 sed
1602 4429 1784 4486 animo

207 4523 334 4578 dum
363 4523 728 4592 unusquisque
757 4522 860 4578 sibi
898 4522 1107 4586 metuit,
1140 4524 1282 4591 quod
1309 4523 1536 4578 alterum
1566 4538 1664 4593 per
1687 4539 1781 4578 ca-

1875 1994 2128 2043 metuunt
2145 2002 2238 2042 eas
2257 1985 2503 2056 perdere,
2530 1992 2736 2038 tantum
2757 1992 2815 2037 ut
2839 1984 3074 2038 honores
3097 1989 3151 2035 et
3172 1981 3463 2052 dignitates

1879 2079 1979 2132 sibi
2010 2078 2219 2148 possint
2268 2076 2569 2146 acquirere.
2607 2073 2703 2128 Vel
2743 2083 2888 2128 certe
2916 2072 3280 2142 negotiatores
3310 2078 3459 2138 sunt,

1871 2158 1969 2237 (ιιῖί
1998 2167 2294 2238 utgloriam
2315 2175 2368 2220 et
2397 2164 2612 2220 divitias
2638 2163 2818 2218 saeculi
2853 2161 3011 2231 hujus
3039 2162 3142 2217 sibi
3168 2176 3463 2231 aggregare

1877 2258 2114 2324 valeant,
2147 2259 2212 2312 de
2246 2257 2368 2312 loco
2414 2255 2480 2311 ad
2533 2255 2711 2310 locum
2761 2261 3064 2318 transeunt,
3095 2266 3194 2306 nec
3217 2267 3460 2321 unquam

1877 2349 1963 2404 vel
2007 2350 2075 2404 ad
2123 2348 2393 2403 modicum
2444 2345 2611 2415 quieti
2663 2342 2962 2414 indulgent,
2993 2343 3086 2412 qui
3117 2340 3245 2395 dum
3275 2341 3462 2395 vident

1878 2441 2121 2511 quaedam
2171 2439 2286 2494 loca
2331 2437 2484 2493 clade
2539 2435 2815 2498 desolata,
2871 2425 3060 2504 gladio
3109 2438 3460 2500 consumpta,

1878 2529 2058 2584 hostili
2105 2528 2385 2582 invasione
2431 2525 2690 2596 praedata,
2745 2521 2962 2587 deﬂent,
3004 2536 3070 2576 eo
3105 2520 3246 2591 quod
3274 2519 3463 2574 mundi

1875 2619 2047 2690 gloria
2077 2626 2281 2688 pereat,
2315 2617 2382 2673 de
2429 2631 2535 2685 qua
2584 2613 2926 2669 laetabantur.
2959 2611 3224 2678 Quoniam
3265 2627 3463 2666 merces

1877 2726 2055 2765 eorum
2087 2725 2234 2763 nemo
2281 2716 2412 2762 emet
2441 2704 2688 2776 amplius.
2743 2703 2835 2759 Sic
2862 2703 3008 2758 enim
3034 2702 3223 2756 dicunt
3257 2718 3270 2754 :
3312 2700 3461 2766 Quo-

1876 2800 2023 2854 niam
2075 2799 2318 2854 omnium
2360 2797 2528 2866 gloria
2582 2803 2866 2864 pereunte,
2912 2807 3018 2848 non
3067 2799 3227 2846 erunt
3252 2805 3464 2854 merces

1877 2903 2013 2957 quas
2054 2902 2154 2942 nos
2184 2900 2449 2950 amamus,
2506 2899 2608 2939 nec
2653 2892 2814 2938 erunt
2860 2883 2953 2952 qui
3007 2891 3223 2937 nostras
3254 2895 3465 2937 merces

1877 2987 2084 3043 emant,
2118 2986 2179 3032 ut
2207 2992 2395 3034 eorum
2427 2977 2602 3046 pretio
2629 2977 2882 3032 ditemur.
2924 2975 3118 3029 Dolent
3143 2973 3288 3028 enim
3317 2974 3465 3042 quod

1877 3069 1944 3122 ad
1971 3083 2208 3139 priesens
2233 3068 2467 3137 perdunt
2497 3066 2674 3131 inviti,
2706 3081 2806 3121 nec
2831 3047 3028 3120 amant
3045 3065 3187 3135 quod
3223 3063 3280 3118 in
3305 3073 3464 3120 aiter.

1880 3175 2007 3213 num
2033 3159 2308 3228 possidere
2331 3165 2584 3228 poterant
2610 3156 2922 3211 voluntarii.
2967 3149 2970 3151 ’

1965 3250 2160 3304 Merces
2221 3250 2340 3302 auri
2397 3258 2445 3302 et
2502 3248 2740 3319 argenti,
2782 3257 2829 3303 et
2885 3247 3078 3318 lapidis
3136 3247 3351 3318 pretiosi
3410 3256 3461 3303 et

1877 3341 2200 3410 margaritae,
2242 3349 2288 3393 et
2339 3339 2478 3410 ὑμεδὶ
2527 3348 2578 3393 et
2621 3354 2870 3409 rmrpura:
2919 3349 2967 3393 et
3014 3338 3168 3393 serici
3199 3347 3248 3392 et
3297 3339 3460 3404 cocci,

1878 3441 1928 3486 et
1971 3448 2121 3486 omne
2163 3431 2362 3501 lignum
2403 3431 2662 3501 thginum,
2692 3438 2740 3484 et
2776 3430 2953 3484 omnia
2998 3445 3122 3485 uasa
3161 3429 3352 3497 eboris,
3408 3439 3460 3484 et

1880 3523 2055 3576 omnia
2085 3538 2208 3576 vasa
2237 3522 2302 3575 de
2329 3521 2503 3592 lapide
2527 3522 2755 3592 pretioso
2785 3531 2834 3576 et
2861 3529 3144 3576 (erans'ento
3168 3529 3217 3576 et
3247 3521 3389 3591 ferro
3410 3530 3464 3576 et

1879 3626 2160 3675 marmore,
2193 3611 2532 3677 subauditur,
2563 3624 2725 3666 nemo
2762 3619 2906 3666 emet
2931 3611 3179 3681 amplius.
3209 3611 3312 3666 ﬂic
3344 3625 3461 3665 ma-

1879 3700 2077 3756 nifeste
2131 3703 2452 3768 ostenditur,
2490 3703 2617 3774 quia
2658 3701 2875 3773 reprobi
2918 3717 2984 3758 ea
3029 3704 3210 3774 perire
3257 3702 3462 3770 dolent,

1881 3805 2001 3858 quae
2051 3791 2117 3844 ad
2159 3792 2398 3860 quinque
2445 3807 2639 3847 sensus
2683 3793 2929 3862 corporis
2956 3794 3250 3862 pertinent.
3280 3792 3465 3862 Neque

1877 3879 2025 3932 enim
2057 3877 2200 3932 aliud
2228 3880 2538 3944 attendunt,
2579 3878 2682 3934 nisi
2730 3889 2792 3934 ut
2825 3881 2912 3934 bis
2954 3880 3310 3945 delectentur,
3343 3898 3465 3951 quae

1879 3969 2120 4026 exterius
2168 3983 2266 4039 per
2306 3971 2550 4040 quinque
2590 3982 2784 4026 sensus
2843 3970 3084 4040 corporis
3135 3971 3461 4040 percipiunt.

1883 4061 1986 4128 Qui
2024 4060 2228 4116 idcirco
2254 4076 2314 4126 ea
2343 4057 2576 4130 quaeve]
2605 4049 2854 4116 sensibus
2871 4060 3120 4129 corporis
3143 4060 3354 4125 suavia,
3377 4061 3464 4116 vel

1879 4153 2242 4208 exterioribus
2271 4159 2398 4207 sunt
2424 4152 2610 4206 usibus
2634 4152 2986 4207 accommoda
3011 4152 3244 4208 deﬁcere
3266 4153 3462 4214 solent.

1884 4242 2102 4309 deﬂent,
2135 4243 2389 4314 quoniam
2425 4243 2479 4296 in
2515 4243 2600 4298 his
2626 4257 2843 4298 omnem
2869 4257 3022 4298 suam
3050 4244 3465 4314 prosperitatem

1880 4352 2004 4392 esse
2033 4336 2310 4406 deputant.
2348 4336 2552 4389 Aurum
2585 4334 2728 4389 enim
2764 4342 2821 4389 et
2861 4343 3143 4406 argentum
3165 4343 3218 4391 et
3243 4345 3462 4402 emtera,

1883 4426 1949 4481 ad
1978 4441 2199 4481 sensum
2243 4425 2525 4481 oculorum
2570 4425 2910 4494 rediguntur,
2955 4439 3077 4494 quae
3125 4425 3392 4480 intentum
3433 4441 3462 4488 a

1886 4516 2194 4575 carnalibus
2219 4516 2496 4572 ardentius
2535 4515 2934 4582 desiderantur,
2969 4516 3464 4586 quantumrariora

207 4611 445 4666 lumnias
488 4581 543 4666 et
590 4581 884 4680 potentiam
932 4612 1040 4680 pati
1091 4581 1257 4667 videt.
1288 4611 1515 4681 Optaret
1552 4581 1697 4667 enim
1737 4613 1782 4667 si
1811 4581 1861 4640 υ
1889 4625 1917 4664 a
1947 4608 2158 4663 caeteris
2189 4608 2552 4662 inveniuntur.
2583 4607 2736 4674 Quod
2779 4607 2832 4666 si,
2865 4581 3223 4677 spiritualiter
3252 4607 3354 4662 ista
3385 4607 3466 4661 in-

208 4701 327 4757 ﬂeri
357 4710 556 4770 posset,
588 4703 848 4771 separari,
886 4711 942 4758 et
989 4704 1057 4758 ab
1085 4718 1272 4758 eorum
1301 4705 1608 4770 tormentis,
1636 4712 1692 4760 et
1717 4705 1787 4759 ab

210 4807 398 4847 eorum
428 4792 840 4861 exspoliatione,
859 4794 931 4847 ita
951 4802 1008 4847 ut
1036 4794 1350 4863 temporalia
1379 4809 1591 4863 semper
1617 4795 1790 4864 possi-

210 4884 386 4948 deret,
429 4891 483 4937 et
527 4883 596 4937 ad
641 4883 911 4937 internum
961 4900 1067 4938 non
1117 4885 1408 4950 transiret,
1469 4899 1789 4955 semperque

209 4980 422 5043 optaret
448 4973 648 5038 vivere,
691 4981 752 5027 ut
784 4987 997 5042 semper
1025 4983 1209 5043 posset
1238 4989 1487 5044 peccare.
1520 4975 1658 5042 Quid
1687 4991 1786 5030 au-

211 5072 321 5120 tem
349 5064 415 5119 de
437 5063 624 5119 mundi
655 5063 1021 5118 destructione
1044 5063 1244 5128 dicant,
1287 5065 1572 5120 audiamur
1597 5083 1608 5118 :
1637 5065 1790 5119 aiunt

211 5159 361 5214 enim
395 5176 410 5212 :
449 5158 564 5225 Vw,
594 5175 671 5215 vce
705 5159 886 5214 civitas
935 5157 1030 5212 illa
1083 5173 1274 5227 magna
1303 5157 1562 5227 Babylon,
1608 5157 1788 5211 civitas

212 5250 307 5303 illa
337 5250 510 5319 fortis.
559 5250 782 5305 Plorant
825 5251 988 5314 enim,
1043 5249 1169 5318 quia
1199 5249 1359 5303 simul
1388 5259 1443 5304 et
1489 5249 1709 5303 divitias
1736 5258 1793 5302 et

213 5341 382 5393 vitam
413 5339 660 5406 amisisse
691 5341 938 5411 contigit,
985 5341 1112 5411 quia
1139 5341 1186 5395 si
1223 5348 1466 5410 possent,
1495 5339 1791 5396 voluissent

214 5445 430 5499 semper
460 5430 510 5484 in
541 5429 750 5484 deliciis
782 5431 981 5493 vivere,
1015 5439 1071 5486 et
1095 5445 1369 5500 nunquam
1399 5431 1538 5485 hanc
1567 5431 1794 5486 misera-

183 5521 378 5577 ..bilem
409 5523 572 5576 vitam
600 5521 866 5576 amittere.
896 5522 1085 5592 Magna
1107 5532 1285 5578 autem
1311 5522 1508 5578 dicitur
1531 5522 1792 5593 Babylon,

216 5613 342 5681 quia
375 5613 430 5667 in
460 5622 570 5669 toto
607 5614 806 5668 mundo
854 5613 1197 5680 distenditur,
1231 5613 1315 5670 vel
1356 5621 1576 5685 propter
1604 5613 1790 5669 multi-

220 5702 458 5779 tudinem
495 5705 871 5775 reproborum,
920 5703 1061 5758 sicut
1107 5703 1268 5762 etiam
1309 5713 1534 5774 propter
1553 5704 1794 5760 enormi-

223 5801 384 5846 tatem
422 5794 704 5850 scelerum.
742 5792 919 5848 Fortis
947 5806 1162 5862 quoque
1187 5792 1384 5859 dicitur
1411 5809 1517 5850 non
1549 5794 1606 5848 in
1631 5793 1796 5863 bono,

1891 4699 2127 4769 telligere
2185 4697 2469 4762 volumus,
2521 4697 2651 4752 libet
2697 4697 2850 4767 prius
2912 4697 3189 4766 inquirere
3239 4697 3471 4767 qualiter

1889 4788 2180 4844 electorum
2205 4786 2420 4842 divitias
2451 4785 2758 4856 signiﬁcent
2785 4802 3059 4857 nunquam
3088 4788 3383 4859 perituras,
3410 4796 3470 4842 et

1889 4883 1970 4937 sic
2015 4881 2231 4935 demum
2285 4879 2482 4950 quibus
2533 4879 2710 4934 modis
2752 4893 2818 4934 ea
2865 4879 2968 4934 sibi
3014 4876 3280 4933 fallaciter
3339 4893 3470 4948 pars

1891 4973 2118 5026 adversa
2134 4983 2396 5040 usurpare
2417 4971 2621 5024 nitatur
2637 4959 3029 5025 demonstrare.
3055 4968 3112 5023 In
3134 4985 3266 5024 auro
3289 4969 3474 5038 itaque

1897 5065 2114 5118 radians
2142 5062 2408 5131 sapientia
2437 5061 2792 5132 signiﬁcatur,
2826 5061 2891 5116 de
2919 5076 3023 5130 qua
3052 5061 3314 5131 scriptum
3342 5069 3467 5118 est:

1896 5155 2126 5224 Accipite
2152 5152 2459 5222 sapientiam
2487 5153 2621 5206 sicut
2665 5167 2876 5205 aurum.
2917 5151 3141 5221 Argenti
3169 5160 3349 5215 autem
3379 5164 3474 5206 no-

1897 5246 2041 5302 mine
2069 5259 2222 5301 sacra
2257 5243 2560 5314 ﬁgurantur
2587 5241 2824 5311 eloquia.
2857 5243 2932 5296 De
2956 5241 3153 5310 quibus
3181 5239 3468 5295 Psalmista

1897 5334 2026 5390 dicit
2054 5351 2066 5387 :
2100 5332 2327 5404 Eloquia
2358 5330 2572 5387 Domini
2621 5330 2827 5403 eloquia
2855 5341 3025 5395 casta,
3053 5339 3327 5401 argentum
3356 5330 3476 5400 igne

1896 5427 2252 5496 examinatum
2277 5423 2450 5496 (Psal.
2477 5429 2575 5496 ιι).
2608 5424 2826 5494 Lapidis
2852 5439 2981 5479 vero
3010 5424 3328 5480 vocabulqu
3349 5435 3474 5478 cum

1885 5517 2155 5589 singulari
2181 5531 2408 5584 numero
2433 5515 2672 5587 ponitur,
2698 5517 2811 5585 ipse
2840 5514 3090 5570 Salvator
3109 5513 3349 5566 omnium
3377 5526 3476 5580 per

1899 5623 2028 5666 eum.
2051 5609 2386 5680 designatur,
2413 5606 2481 5665 de
2519 5621 2626 5676 quo
2651 5605 2912 5676 scriptum
2941 5613 3030 5660 est
3057 5622 3070 5656 :
3099 5601 3236 5656 Ecce
3258 5601 3474 5670 pono-in

1901 5701 2028 5756 Sion
2039 5701 2265 5773 lapidem
2284 5715 2550 5757 summum
2564 5700 2865 5770 angularem
2881 5698 3097 5766 electum
3109 5696 3484 5765 pretiosum-,0,

1899 5792 2282 5863 quicrediderit
2311 5792 2363 5846 in
2388 5807 2504 5846 eum
2528 5806 2626 5853 non
2651 5789 2997 5854 confundetur
3018 5785 3070 5848 (Ι
3095 5782 3210 5841 Pet.
3229 5788 3314 5847 tt).
3342 5783 3488 5842 Cat-nt-
