3972 6460
479 410 620 471 1159

945 396 1303 459 HAYMONIS
1340 387 1822 451 HALBERSTAT.
1860 383 2078 443 EPISC.
2118 386 2270 445 OPP.
2310 384 2490 443 PARS
2526 385 2570 443 1.
2607 416 2683 427 -
2716 384 3073 444 COMMENT.
3111 385 3283 442 BIBL.

3704 379 3845 435 uec

476 532 664 580 autem
684 518 878 593 plurali
897 528 1127 571 numero
1147 510 1426 573 inseritur,
1442 505 1688 561 membra
1712 501 1954 573 ejusdem
1969 500 2074 554 Re-
2174 498 2509 570 pigmentarii
2559 496 2738 570 (Cant.
2782 496 2875 569 v)?
2912 496 2981 552 Et
3008 512 3106 567 per
3140 495 3530 552 Psalmistam
3562 496 3833 553 dicitur;

481 585 779 682 demptdris
803 623 898 677 per
923 620 1048 659 eum
1081 602 1401 673 ﬁgurantur,
1430 596 1629 666 quibus
1671 590 1947 663 apostolus
1966 588 2070 682 rPe-
2096 585 2113 601 '

483 681 793 759 trusidicit:
824 698 892 752 Et
920 713 1005 752 vos
1037 706 1289 764 tanquam
1318 687 1519 757 lapides
1547 685 1650 740 vivi
1679 681 2072 754 superrediﬁca-

482 796 612 850 mini
637 793 819 847 domos
848 785 1148 859 spirituales
1176 781 1226 853 (1
1234 778 1410 869 far.
1454 778 1539 850 ll).
1569 775 1875 869 Margaritzn
1905 773 2069 869 etiam

482 883 723 947 nomine,
775 882 831 935 in
878 876 1139 948 singumri
1187 862 1432 933 numero,
1464 868 1726 924 Dominus
1745 864 1900 921 Jesus
1918 862 2073 918 Chri-

476 985 636 1029 stus:
669 973 721 1028 in
753 970 947 1043 plurali
974 981 1100 1022 vero
1121 962 1351 1035 apostoli
1373 961 1615 1030 ejusdem
1648 958 1966 1029 ﬁgurantur.
1995 955 2071 1008 De

476 1066 676 1135 quibus
706 1064 760 1116 in
798 1063 900 1116 hac
930 1060 1121 1114 eadem
1151 1052 1474 1124 Apocalypsi
1499 1050 1699 1106 dicitur
1727 1066 1740 1102 :
1774 1046 1841 1101 Et
1873 1044 2072 1101 duode-

481 1159 581 1211 cim
630 1166 797 1225 porta:
826 1151 1100 1205 duodecim
1152 1146 1457 1216 margaritae
1501 1150 1624 1195 sunt
1669 1156 1763 1210 per
1810 1135 2067 1207 singulas.

480 1248 668 1320 (Apoc.
705 1245 886 1316 xvtn.)
933 1244 992 1298 In
1038 1244 1203 1312 bysso
1228 1252 1358 1293 vero
1395 1233 1817 1307 justiﬁcationes
1851 1238 2069 1285 sancto-

480 1354 601 1393 rum
633 1336 1038 1407 intelliguntur.
1069 1332 1127 1385 lu
1157 1343 1392 1401 purpura
1422 1326 1768 1397 martyrium.
1803 1321 1864 1376 In
1895 1322 2072 1377 serico

483 1432 789 1502 virginitas.
836 1430 894 1484 ln
945 1440 1111 1482 cocco
1139 1438 1267 1477 vera
1295 1421 1553 1476 charitas.
1591 1418 1648 1472 ln
1686 1417 1834 1487 ligno
1865 1414 2070 1484 thyino,

478 1535 549 1575 .ac
575 1520 841 1590 pretioso,
866 1514 1176 1572 constantia
1218 1509 1501 1566 durabilis.
1530 1508 1586 1562 ln
1618 1507 1784 1561 ebore
1811 1505 2071 1559 virtutum

482 1609 853 1681 pulchritudo.
904 1608 962 1661 lu
1015 1619 1123 1660 aere
1171 1602 1434 1657 fortitudo
1477 1610 1533 1654 et
1563 1597 1962 1669 longanimitas,
1990 1594 2074 1650 vel

478 1712 634 1759 certe
688 1697 1086 1771 priedicationis
1139 1694 1433 1751 souoritas.
1476 1691 1533 1746 ln
1573 1690 1720 1745 ferro
1759 1686 2072 1745 subtilitatis

482 1811 738 1855 acumen.
786 1794 845 1849 In
892 1806 1166 1847 marmore
1209 1788 1410 1843 invicta
1442 1784 1738 1840 humilitas.
1773 1780 2073 1836 Haecdeni-

2172 590 2451 662 Dirigatur
2472 593 2643 645 oratio
2666 606 2781 644 mea
2806 590 2942 643 sicut
2985 590 3258 645 incensum
3286 590 3344 643 in
3374 599 3724 660 conspectu
3746 600 3835 645 tuo

2173 679 2345 753 (Psal.
2390 681 2466 754 α).
2514 679 2787 751 Unguenti
2837 696 3055 750 quoque
3084 681 3304 737 nomine
3354 681 3500 751 ipsa
3544 679 3829 738 divinitas

2171 770 2454 826 incarnata
2485 770 2825 841 intelligitur.
2849 769 2952 826 Cui
2974 772 3027 825 in
3050 769 3293 827 Canticis
3314 771 3725 826 canticorum
3747 772 3825 825 di-

2170 863 2316 918 citur
2344 881 2358 917 :
2394 861 2730 933 Unguentum
2756 862 2985 932 eﬁ'usum
3010 879 3200 916 nomen
3223 873 3381 916 tuum
3409 861 3630 932 (Cant.
3667 860 3735 933 ι).
3761 860 3821 916 Et

2172 951 2344 1007 alibi:
2378 950 2528 1005 Odor
2555 963 2940 1021 unguentorum
2987 961 3200 1006 tuorum
3241 968 3414 1022 super
3454 952 3675 1004 omnia
3702 968 3820 1004 ero-

2172 1053 2316 1098 mata
2350 1043 2562 1116 (Ibid.).
2589 1043 2710 1099 Jam
2742 1058 2895 1111 vero,
2933 1044 2979 1099 si
3012 1046 3365 1100 attendamus
3395 1042 3678 1115 qualiter
3704 1042 3814 1098 hac

2171 1133 2544 1191 fraudulenter
2563 1151 2623 1191 se
2643 1135 2846 1192 habere
2869 1136 3014 1191 dicat
3033 1151 3162 1205 pars
3181 1137 3451 1201 adversa,
3482 1136 3810 1205 quibusque

2172 1226 2368 1282 ablatis
2389 1227 2740 1282 vehementer
2776 1216 3229 1297 videatur'atiligi,
3255 1227 3316 1281 in
3340 1228 3739 1282 cinnamomo
3757 1234 3807 1283 et

2172 1332 2390 1372 amomo
2430 1316 2692 1372 fetentem
2739 1317 2907 1373 vitam
2949 1318 3373 1383 haereticorum,
3425 1318 3547 1374 sub
3579 1317 3803 1372 obtentu

2171 1413 2376 1479 odoris,
2397 1413 2492 1484 qui
2511 1422 2696 1468 manat
2710 1427 2779 1467 ex
2800 1410 3090 1467 virtutibus
3106 1421 3443 1467 sanctorum
3467 1410 3799 1466 imitandam

2170 1505 2416 1575 opponit.
2439 1505 2513 1561 De
2534 1503 2732 1575 quibus
2745 1502 2944 1557 dicitur
2967 1510 3227 1556 econtra:
3260 1500 3333 1554 Et
3363 1503 3484 1555 erit
3513 1518 3625 1571 pro
3660 1501 3797 1555 simi

2174 1596 2335 1649 odore
2356 1591 2809 1665 fetor(lsaia:m).
2837 1592 2893 1647 ln
2923 1591 3149 1647 diversis
3170 1600 3355 1646 autem
3383 1590 3792 1656 odoramentis,

2173 1688 2356 1744 ﬁctam
2391 1686 2796 1758 hypocritarum
2828 1684 3172 1740 sedulitatem
3209 1684 3423 1739 orandi
3463 1683 3619 1738 bene
3641 1699 3788 1738 orau-

2173 1781 2307 1836 tium
2334 1779 2688 1834 similitudine
2725 1776 3126 1842 obumbratam,
3156 1776 3376 1847 objicit.
3410 1776 3479 1831 In
3513 1785 3785 1847 unguento

483 1905 591 1961 que
640 1889 821 1943 ornnia
858 1886 1179 1955 plerumque
1228 1895 1287 1936 se
1327 1879 1532 1934 habere
1573 1876 1893 1931 obumbrata
1930 1871 2078 1928 veri-
2103 1863 2152 1924 Β
2180 1889 2312 1931 vero
2335 1870 2968 1943 pseudochristianorum
2992 1869 3350 1940 asperitatem
3384 1870 3505 1924 sub
3527 1869 3784 1924 velamine

480 1982 659 2040 simile
685 1981 950 2052 gloriatur
976 1978 1170 2040 bestia,
1199 1974 1287 2029 vel
1321 1973 1514 2028 civitas
1550 1970 1830 2035 meretrix,
1861 1984 1985 2024 cunt
2015 1967 2074 2022 in

483 2088 636 2135 auro,
669 2071 754 2126 vel
783 2086 837 2124 HI
868 2076 1095 2139 argento
1123 2065 1573 2135 philosophorum
1608 2069 1665 2115 et
1696 2061 2075 2114 hmreticorum

480 2163 787 2225 doctrinam
810 2160 1071 2215 ostendit.
1104 2158 1160 2211 ln
1183 2155 1360 2225 lapide
1384 2152 1641 2223 pretioso,
1670 2166 1733 2205 ac
1757 2149 2073 2220 margarita,

484 2251 934 2322 pseudoehrislos
983 2248 1068 2302 vel
1116 2245 1638 2316 pseudoprophetas,
1689 2250 1853 2311 atque
1906 2240 2077 2295 hane-

485 2345 731 2401 siarchas
754 2341 997 2412 opponit.
1028 2340 1085 2394 lu
1110 2339 1272 2409 bysso
1312 2336 1631 2405 injustitiam
1654 2334 1881 2388 obtentu
1916 2329 2078 2400 justi-

486 2440 576 2492 tia:
597 2438 934 2507 adopertam.
967 2433 1022 2487 ln
1040 2429 1287 2502 purpura
1324 2427 1763 2485 interfectionem
1795 2425 2083 2482 haeretica:

485 2544 610 2584 rum
636 2527 877 2598 tegmine
900 2536 1204 2596 martyrum
1248 2521 1452 2578 Christi
1498 2521 1758 2575 velatam.
1802 2516 1861 2573 In
1902 2516 2080 2572 serico

485 2621 896 2688 corruptionem
941 2617 1142 2672 mentis
1170 2616 1485 2683 integritate
1535 2611 1718 2667 carnis
1760 2623 2077 2679 oppansam.

487 2709 546 2767 lu
568 2726 737 2766 cocco
778 2708 1180 2764 simulationem
1224 2704 1509 2758 charitatis
1537 2701 1860 2757 crudelitate
1892 2700 2082 2770 pallia-

490 2810 626 2856 tam.
668 2800 726 2854 ιη
758 2800 905 2870 ligno
942 2798 1127 2868 thyino
1156 2811 1221 2851 ac
1261 2792 1520 2865 pretioso,
1552 2793 1786 2848 durabili
1835 2802 2085 2849 constan-

490 2893 592 2955 tia.
631 2891 832 2947 mentis
875 2889 1294 2944 obstinationem
1349 2886 1750 2941 obumbratam.
1799 2884 1859 2939 ln
1920 2883 2084 2938 ebore

490 2981 840 3042 simulatione
893 2980 1178 3044 virtutum,
1229 2978 1485 3033 vitiorum
1542 2975 1935 3044 turpitudinem
1982 2975 2081 3029 ob-

490 3084 715 3133 tectam.
759 3073 819 3128 ln
848 3085 975 3136 rere,
1021 3069 1336 3125 fortissima:
1382 3067 1790 3137 praedicationis
1823 3064 2079 3136 tegmine,

494 3165 797 3223 durabilem
846 3172 1008 3231 atque
1052 3161 1421 3217 sonorabilem
1450 3158 1735 3228 perﬁdiam
1780 3157 2079 3228 palliatam.

2173 1964 2414 2023 lenitatis
2432 1964 2636 2021 Christi
2668 1971 2868 2019 tectam
2896 1969 3157 2017 ostentat.
3187 1961 3449 2029 Quarum
3487 1959 3783 2015 simulatio-

2174 2075 2304 2116 num
2351 2057 2645 2114 subtractis
2693 2055 3030 2120 auctoribus,
3055 2052 3321 2108 amariter
3366 2053 3622 2107 mundus
3662 2049 3780 2106 ﬁere

2174 2151 2520 2215 describitur,
2552 2150 2695 2205 sicut
2730 2146 2881 2201 ﬂevit
2914 2145 3076 2210 Nero,
3111 2153 3307 2200 necato
3339 2143 3576 2200 Simone
3603 2159 3778 2214 nugo,

2176 2250 2233 2298 et
2280 2242 2423 2297 sicut
2468 2240 2652 2295 moesti
2702 2236 2828 2293 facti
2862 2245 2991 2291 sunt
3042 2236 3287 2291 haeretici
3319 2251 3389 2291 ex
3437 2244 3620 2290 morte
3637 2234 3776 2296 Arii,

2177 2332 2270 2401 qui
2297 2346 2420 2387 eum
2448 2345 2550 2388 nec
2574 2331 2893 2385 damnatum
2924 2326 3128 2381 imitari
3155 2326 3454 2382 desierunt.
3494 2326 3688 2380 Vinum
3712 2332 3773 2380 et

2178 2422 2381 2486 oleum,
2400 2421 2580 2477 simila
2608 2429 2665 2474 et
2693 2418 2936 2473 triticum
2957 2417 3239 2487 pertinent
3258 2419 3321 2471 ad
3336 2425 3577 2487 gustum,
3600 2429 3759 2485 qum-

2179 2528 2286 2583 que
2328 2513 2405 2567 ita
2451 2512 2639 2566 fauces
2683 2510 2936 2575 illieiunt,
2968 2515 3032 2563 ut
3066 2516 3126 2563 et
3165 2521 3233 2563 ea
3271 2522 3385 2576 quae
3428 2506 3493 2561 in
3527 2506 3763 2561 veritate

2181 2603 2507 2677 signiﬁcant,
2548 2602 2848 2659 electorum
2891 2599 3239 2656 demulceant
3286 2597 3477 2654 cordis
3509 2597 3766 2668 palatum,

2181 2706 2232 2751 et
2282 2710 2347 2750 ea
2389 2708 2511 2764 quae
2550 2708 2620 2748 ex
2666 2707 2858 2748 eorum
2911 2690 3045 2746 falsa
3108 2690 3423 2745 imitatione
3472 2694 3763 2753 assumunt,

2184 2786 2373 2842 suavia
2402 2785 2698 2842 credantur
2720 2782 2995 2838 mentibus
3035 2782 3426 2852 reproborum.
3461 2780 3574 2837 Per
3602 2782 3763 2836 vim

2184 2874 2381 2944 quippe
2405 2887 2605 2928 novum
2655 2872 2972 2942 designatur
2998 2879 3418 2936 testamentum,
3460 2871 3613 2941 quod
3630 2868 3761 2924 audi-

2187 2976 2365 3022 torum
2410 2974 2620 3021 mentes
2662 2964 2936 3029 debrians,
2983 2964 3172 3019 mundi
3210 2962 3761 3033 concupiscentiisia-

2184 3055 2470 3112 sensibiles
2510 3054 2712 3119 reddit,
2760 3052 2907 3109 unde
2952 3054 3214 3110 Dominus
3250 3054 3313 3109 in
3354 3054 3572 3123 nuptiis
3601 3067 3761 3122 aqua

2186 3146 2372 3201 vinum
2395 3145 2591 3202 fecisse
2622 3150 2897 3200 narratur.
2923 3142 3064 3209 Quid
3092 3152 3277 3199 autem
3314 3159 3424 3214 per
3453 3143 3658 3206 oleum
3678 3143 3759 3196 nisi

491 3259 549 3316 In
576 3258 723 3314 ferro
753 3228 953 3321 autem,
1005 3255 1263 3309 acumine
1292 3252 1676 3308 subventionis
1702 3251 1956 3305 astutiam
1988 3250 2081 3303 de-
2107 3228 2153 3291 C
2184 3240 2371 3294 unctio
2423 3238 2662 3310 Spiritus
2708 3237 2881 3293 sancti
2930 3237 3227 3307 ﬁguratur?
3276 3236 3445 3293 Unde
3492 3236 3760 3292 Psalmis:

492 3349 757 3419 ceptionis
785 3346 1049 3402 crelatam.
1079 3346 1137 3399 In
1166 3358 1440 3398 marmore
1471 3341 1799 3396 humilitatis
1824 3338 2078 3394 similitu-

491 3445 618 3501 dine
665 3442 812 3497 falsae
855 3439 1227 3509 subjectionis,
1283 3436 1645 3505 muscipulam
1699 3434 2079 3491 obombratam

492 3534 795 3604 anteponit.
836 3532 973 3600 Quia
1028 3546 1158 3601 ergo
1211 3531 1329 3584 haec
1376 3528 1563 3584 omnia
1606 3526 1756 3582 falsa:
1802 3524 2079 3595 religionis

493 3625 721 3681 obtentu
767 3623 940 3677 velata
990 3620 1424 3683 confunduntur,
1464 3627 1629 3686 atque
1683 3616 1752 3671 ad
1800 3616 2081 3672 interitum

496 3716 782 3780 tolluntur,
834 3722 984 3769 recte
1012 3711 1246 3765 mundus
1284 3711 1341 3764 in
1370 3710 1617 3779 reprobis
1650 3709 1841 3764 iisdem
1881 3706 2083 3763 divitiis

495 3809 658 3877 inops
684 3806 912 3862 etl'ectus
938 3803 1137 3861 ﬂorere
1163 3803 1515 3859 describitur.

494 3914 503 3927 ⁴
568 3897 638 3953 El
668 3899 1053 3952 cinnamomum
1073 3902 1131 3950 Cl
1156 3909 1430 3949 amomum
1447 3903 1495 3949 et
1524 3893 2008 3952 odoramentorum.
2035 3901 2084 3947 et

496 3989 771 4060 unguenti,
800 3999 848 4043 et
889 3987 1081 4053 thuris,
1118 3995 1165 4040 et
1196 3986 1300 4041 vini
1323 3995 1371 4040 et
1399 3984 1527 4041 olere
1549 3993 1598 4037 et
1633 3983 1823 4039 simila:
1846 3992 1895 4053 et
1925 3982 2086 4037 tritici

496 4090 547 4137 et
582 4081 943 4152 jumentorunt
975 4087 1023 4133 et
1073 4078 1245 4132 ovium
1289 4086 1338 4131 et
1369 4089 1621 4147 equorum
1649 4083 1699 4129 et
1730 4075 2015 4129 raedarum
2035 4082 2085 4129 et

496 4175 884 4245 ntancipiorum
932 4183 981 4226 et
1040 4172 1337 4226 animarum
1401 4169 1693 4224 hominum.
1756 4167 2089 4223 Subauditur

498 4276 715 4332 semper
744 4277 775 4321 a
798 4260 1213 4330 superioribus,~
1236 4275 1445 4314 merces
1471 4274 1632 4314 nemo
1659 4266 1805 4314 emet
1831 4256 2083 4327 amplius.

501 4353 581 4409 Ex
634 4353 720 4407 his
762 4351 1010 4421 quaedam
1065 4351 1343 4421 pertinent
1382 4351 1450 4405 ad
1493 4349 1785 4413 olfactum,
1837 4348 2088 4420 qumdam

500 4453 680 4500 autem
717 4444 881 4499 simul
907 4445 979 4500 ad
1021 4443 1280 4500 oliactum
1319 4453 1376 4497 et
1419 4451 1643 4498 tactum.
1672 4442 2087 4520 cinnamomum

499 4537 645 4591 enim
694 4543 752 4591 et
800 4549 1077 4591 amomum
1124 4536 1574 4604 diversorumque
1598 4535 1948 4589 odoramenla
1974 4535 2089 4605 pig-

502 4637 833 4692 mentorum,
867 4636 922 4681 et
952 4628 1076 4682 thus
1109 4626 1176 4680 ad
1197 4622 1480 4689 olfactum,
1507 4634 1843 4697 unguentum
1868 4641 2000 4680 vero
2020 4626 2090 4681 ad

502 4731 706 4777 tactum
738 4720 900 4775 simul
930 4728 986 4773 et
1022 4719 1280 4773 olfactum
1326 4718 1609 4789 redigitur.
1640 4717 1838 4773 Verum
1874 4732 2088 4787 quaera-

502 4828 645 4877 mus,
687 4818 748 4866 ut
768 4810 1055 4881 cmpimns,
1093 4809 1327 4880 qualiter
1360 4809 1471 4874 illa,
1506 4824 1626 4879 qure
1658 4809 1713 4864 in
1742 4810 1944 4864 bonum
1972 4809 2091 4864 ista:

504 4905 716 4976 species
739 4902 1067 4974 signiﬁcant,
1094 4909 1319 4972 usurpet
1356 4915 1486 4971 pars
1514 4901 1763 4965 adversa,
1788 4899 2089 4971 quibusque

506 4996 704 5051 ablatis
735 4993 991 5050 amariter
1040 4991 1256 5049 deﬂeat.
1306 4991 1412 5047 Per
1452 4992 1855 5047 cinnamomum
1891 4992 2090 5062 quippe

498 5096 562 5143 et
592 5102 888 5151 amomum,
911 5086 1046 5142 odor
1072 5085 1387 5156 designatur
1420 5083 1704 5150 virtutum,
1727 5085 1871 5139 unde
1900 5082 2091 5138 Eccle-

507 5180 591 5236 sia
619 5176 751 5234 dicit
780 5193 794 5232 :
828 5176 982 5233 Sicut
1007 5178 1411 5247 cinnamomum
1452 5183 1509 5230 et
1533 5188 1804 5231 amomum
1836 5173 2094 5229 aromati-

508 5284 642 5326 zans
662 5268 885 5323 odorem
935 5263 1077 5322 dedi.
1123 5265 1262 5321 Hinc
1282 5264 1482 5319 Paulus
1505 5263 1639 5320 dicit
1666 5279 1681 5319 :
1707 5264 1901 5319 Christi
1929 5263 2093 5317 bonus

511 5361 647 5417 odor
675 5375 857 5414 sumus
890 5358 996 5413 Deo
1041 5359 1098 5412 in
1145 5358 1287 5412 omni
1308 5358 1423 5412 loco
1446 5355 1534 5427 (11
1558 5355 1680 5411 Cor.
1710 5358 1793 5429 ιι).
1826 5357 1883 5412 in
1914 5357 2095 5413 diver-

511 5464 695 5505 sorum
716 5464 848 5505 vero
869 5449 1243 5504 odoramentis
1264 5450 1664 5519 pigmentorum
1690 5456 1745 5503 et
1778 5450 1958 5513 thure,
1976 5463 2099 5503 ora-

513 5543 688 5598 tiones
706 5541 1091 5612 exprimuntur
1115 5548 1451 5597 sanctorum.
1482 5540 1622 5597 Hinc
1645 5542 1787 5596 enim
1822 5543 1873 5596 in
1907 5541 2094 5597 Canti-

511 5634 594 5688 cis
621 5632 805 5702 sponsi
827 5647 961 5687 voce
986 5632 1041 5687 in
1070 5631 1283 5687 laudem
1306 5632 1563 5688 Ecclesiae
1590 5632 1790 5688 dicitur
1819 5646 1833 5686 :
1864 5631 1997 5698 Qua:
2021 5642 2099 5686 est

513 5723 617 5779 ista
645 5741 762 5795 qua:
789 5725 1023 5779 ascendit
1059 5742 1150 5795 per
1164 5725 1441 5805 _desertum
1479 5728 1612 5781 sicut
1642 5724 1843 5795 virgula
1870 5725 2004 5794 fumi
2032 5741 2096 5779 ea:

509 5816 833 5872 aromatibus
888 5818 1114 5886 myrrha
1161 5827 1209 5875 et
1264 5818 1451 5886 rimi-is,
1505 5828 1553 5873 et
1602 5816 1830 5873 universi
1862 5815 2093 5882 pulveris

2186 3346 2317 3387 voce
2343 3330 2672 3401 redemptori
2720 3338 2910 3386 nostro
2931 3329 3131 3385 dicitur
3175 3347 3190 3383 :
3229 3328 3495 3385 [ἠλεείαὶ
3528 3330 3759 3401 juat'uisl

2183 3433 2232 3476 et
2267 3421 2424 3476 odisti
2472 3422 2820 3492 iniquitatem,
2850 3430 3122 3491 propterea
3148 3422 3303 3475 unxit
3346 3431 3403 3475 te
3446 3421 3624 3485 Beas,
3648 3419 3757 3474 Dat

2185 3522 2308 3568 tuus
2335 3512 2449 3568 oleo
2497 3511 2699 3567 lietitire
2742 3528 2855 3584 prce
2891 3511 3220 3567 consortibus
3251 3512 3365 3566 tuis
3396 3511 3583 3583 (Paul.
3625 3508 3756 3577 aut).

2183 3603 2290 3659 Per
2334 3602 2571 3659 similam
2614 3617 2747 3659 vero
2791 3611 2846 3658 et
2884 3602 3120 3658 triticum
3150 3641 3170 3668 ,
3212 3616 3355 3657 caro
3406 3600 3757 3672 Redemptor:

2184 3694 2361 3749 nostri
2409 3693 2757 3763 exprimitur,
2784 3762 2787 3765 Α
2819 3707 2929 3762 qua
2974 3692 3164 3761 ﬁdeles
3196 3692 3463 3763 quotidie
3510 3701 3755 3748 sam.

2186 3778 2319 3852 Qltrc
2339 3786 2550 3842 scilicet
2580 3786 2709 3841 dum
2751 3800 2880 3856 pars
2918 3786 3163 3855 reprobat
3191 3786 3448 3841 civitatis
3473 3786 3760 3840 obumbrata

2189 3878 2378 3935 bestia:
2428 3878 2743 3934 seductione
2797 3893 2855 3933 se
2899 3886 3056 3947 putat
3095 3877 3324 3944 habere,
3370 3887 3535 3933 tanto
3559 3877 3757 3949 amplius

2190 3970 2364 4036 dolet,
2413 3970 2461 4025 si
2503 3970 2807 4040 contigerit.
2828 3968 3164 4039 perdidisse,
3204 3976 3419 4040 quanto
3470 3982 3761 4040 magnam

2188 4080 2349 4135 opum
2380 4063 2599 4120 divitias
2626 4063 2734 4117 ista
2769 4061 3081 4133 signiﬁcare
3109 4062 3399 4117 videntur.
3428 4062 3577 4117 Nam
3606 4063 3762 4117 viaea

2185 4165 2243 4210 et
2262 4154 2442 4209 oleum
2473 4153 2725 4208 amisisse
2773 4152 2976 4217 dolent,
3009 4167 3133 4207 cum
3159 4152 3374 4206 vinacia
3410 4162 3470 4207 et
3507 4164 3764 4206 amurca-

2186 4244 2561 4316 perdiderunt.
2602 4242 2852 4299 Similem
2897 4251 2954 4296 et
2998 4242 3240 4296 triticum
3269 4242 3588 4310 perdidisse
3616 4254 3765 4312 sege-

2189 4345 2364 4403 munt,
2406 4352 2530 4392 cum
2577 4336 2788 4405 zizauia
2822 4344 2881 4401 et
2915 4334 3096 4405 paleas
3122 4334 3449 4389 amiserunt.
3489 4334 3765 4389 distillant

2187 4429 2335 4484 enim
2363 4442 2506 4484 verae
2532 4426 2655 4482 ﬁdei
2701 4425 3090 4496 praedicatores
3130 4425 3468 4489 subtractos,
3518 4421 3763 4494 spiritui

2189 4519 2440 4574 doctrina
2482 4516 2736 4587 repletos,
2778 4514 3014 4585 Spiritus
3047 4515 3224 4570 sancti
3249 4512 3765 4570 illusu-ationeala-

2114 4594 2166 4654 Ῑ)
2195 4620 2302 4676 tos,
2341 4610 2654 4667 coelestibus
2676 4607 3030 4664 sacramentis
3054 4606 3123 4662 ad
3154 4607 3320 4662 vitam
3346 4608 3767 4672 enutritos,c.

2190 4716 2374 4772 pravae
2415 4701 2686 4756 hrcreseos
2732 4701 3049 4755 seductores
3090 4707 3346 4770 corrupta
3396 4701 3671 4755 sententia
3700 4699 3767 4752 ia-

2191 4792 2389 4858 feetos,
2415 4792 2609 4862 spiritu
2654 4792 3045 4846 dmmoniorum
3090 4789 3304 4859 plenos,
3346 4790 3622 4846 abusione
3650 4788 3767 4843 rivi-

2191 4900 2389 4941 norum
2444 4892 2912 4939 sacramentorum
2950 4883 3259 4947 damnatos,
3305 4881 3557 4945 vellent,
3606 4878 3765 4935 inuti

2191 4974 2492 5046 possentde
2509 4972 2711 5028 mundo
2726 4972 2967 5028 sublatos
2986 4973 3301 5042 gauderent.
3329 4972 3510 5027 Porro
3520 4972 3769 5041 jumeuta.

2182 5080 2323 5121 oves
2369 5073 2428 5121 et
2475 5064 2622 5134 equi,
2664 5072 2723 5119 et
2763 5071 2962 5119 cietera
3020 5064 3210 5119 usibus
3254 5064 3631 5120 exterioribus
3666 5070 3773 5118 suat

2196 5166 2344 5226 apta,
2383 5157 2642 5229 quoniam
2681 5154 2875 5225 juvant
2921 5155 3174 5212 homines
3200 5155 3318 5210 sive
3369 5155 3430 5212 in
3473 5155 3774 5226 equi“.

2197 5249 2312 5304 sive
2355 5249 2412 5303 in
2442 5247 2666 5303 ferendo
2704 5260 2895 5302 onera.
2933 5247 3121 5309 liheda
3156 5254 3343 5301 autem
3365 5261 3496 5315 qua:
3516 5248 3614 5301 hic
3642 5260 3776 5301 eu-

2198 5346 2555 5402 memoratur,
2584 5352 2754 5408 genus
2776 5336 3010 5392 vehiculi
3031 5335 3138 5392 fuit
3154 5337 3299 5407 apud
3322 5339 3609 5407 antiquos,
3634 5347 3689 5392 et
3706 5342 3777 5391 est

2201 5429 2430 5486 forsitan
2459 5428 2638 5483 adhuc
2673 5427 2866 5483 similis
2895 5427 3153 5498 plaustris
3180 5427 3505 5491 rusticanis,
3526 5427 3776 5483 divitibus

2200 5518 2362 5589 hujus
2380 5517 2567 5574 saeculi
2595 5518 2662 5573 ad
2686 5518 2983 5574 sedendum
3007 5526 3329 5589 praeparata,
3354 5533 3484 5588 qua
3500 5519 3673 5574 etiam
3686 5517 3780 5572 si

2198 5612 2484 5686 vpeabulo,
2530 5625 2727 5666 currus
2770 5619 3016 5665 vocatur.
3068 5608 3388 5678 Hujusmodi
3419 5608 3577 5665 enim
3600 5622 3780 5663 curru

2198 5703 2524 5769 vendantur,
2550 5702 2761 5758 et‘inde
2801 5700 3438 5771 merces'acquiruutur,
3480 5700 3631 5756 sicut
3670 5698 3782 5770 legi-

2199 5809 2321 5855 mus
2346 5795 2399 5852 iu
2423 5795 2562 5853 libro
2586 5807 2774 5865 regum
2798 5795 2864 5852 de
2887 5794 3123 5867 Egypto
3148 5792 3300 5851 exire
3331 5792 3664 5864 quadrigam
3680 5802 3781 5864 μ
