3990 6332
222 501 356 559 1161
1160 503 1519 564 EXPOSITIO
1552 507 1620 564 ΙΝ
1656 507 2152 568 APOCALYPSIN.
2193 546 2266 558 —
2291 515 2423 576 LIB.
2464 517 2553 575 Vl.
3348 525 3480 582 “6:7.

217 618 555 677 vendebatur
611 619 884 676 sexcentis
948 619 1096 677 siclis
1150 623 1381 695 argenti.
1416 623 1573 681 'Cum
1611 632 1790 680 autem
1819 629 1872 689 Α
1896 643 2055 697 poma
2082 628 2335 689 desiderii
2379 635 2572 690 animae
2600 635 2730 692 dicit
2776 652 2896 694 esse
2930 655 2943 693 :
2988 639 3134 695 unde
3173 640 3478 695 ostenditur

217 712 368 778 dixit,
398 721 452 767 et
476 712 871 792 mancipiorum
899 729 1128 781 merces,
1159 717 1415 773 subaudis
1444 733 1606 774 nemo
1650 726 1796 775 emet
1899 720 2024 791 quia
2054 737 2161 778 non
2197 723 2367 780 solum
2409 725 2465 781 in
2507 725 2700 796 major“
2745 744 2829 794 us,
2854 730 2948 786 sed
2973 731 3137 786 etiam
3159 731 3214 786 in
3236 732 3475 788 minimis

217 803 448 872 amplius
475 821 490 858 :
523 804 718 861 merito
741 805 1022 872 quaeritur,
1050 823 1222 872 quare
1244 809 1539 872 subiungit,
1565 818 1621 866 et
1647 825 1792 865 mer-
1895 809 2052 868 valde
2085 811 2395 872 otfenditur.
2423 817 2470 872 si
2517 727 2873 872 immoirate
2909 831 2966 872 et
3007 822 3150 872 ultra
3178 839 3341 872 imam
3378 824 3474 872 de-

216 803 448 876 amplius
475 821 490 858 :
523 804 718 861 merito
741 805 1022 876 quaeritur,
1050 823 1222 878 quare
1244 809 1539 881 subjungit,
1565 818 1621 866 et
1647 825 1792 865 mer-
1895 809 2052 868 valde
2085 811 2395 880 otfenditur,
2423 817 2470 872 si
2517 803 2873 901 immoderate
2909 831 2966 878 et
3007 822 3150 877 ultra
3178 839 3342 895 quam
3378 824 3474 880 de-

212 913 306 955 ces
336 897 641 952 animarum
691 897 993 954 hominum.
1035 898 1289 974 Nunquid
1336 901 1482 956 enim
1524 901 1792 973 mancipia

212 988 332 1044 sine
365 988 649 1044 animabus
687 988 849 1044 vendi
887 1000 1114 1061 possunt
1147 999 1241 1046 aut
1264 990 1407 1046 emi?
1441 991 1558 1048 Non
1583 993 1790 1064 utique,

213 1079 307 1136 sed
347 1078 404 1134 in
453 1078 538 1135 his
587 1076 768 1135 verbis
810 1077 958 1136 aliud
1005 1079 1209 1152 aliquid
1246 1081 1584 1155 intelligitur.
1647 1082 1790 1138 Sunt

210 1171 358 1228 enim
389 1171 636 1243 quaedam
675 1173 966 1243 mancipia,
1005 1189 1126 1244 quae
1166 1176 1536 1232 tantummodo
1563 1191 1791 1248 corpore

208 1267 540 1333 vendantur,
577 1265 771 1330 animae
812 1280 939 1320 vero
971 1265 1183 1322 illorum
1213 1268 1268 1322 in
1296 1266 1548 1325 libertate
1573 1283 1791 1340 perma-

208 1365 364 1424 nent,
413 1358 555 1412 sicut
601 1356 658 1412 hi
709 1357 804 1428 qui
846 1357 1152 1414 vendantur
1191 1358 1540 1428 Christianis,
1583 1370 1787 1418 etcum

207 1461 434 1518 corpore
463 1455 588 1502 sunt
637 1448 806 1516 servi,
851 1448 1032 1504 anima
1077 1465 1175 1520 per
1204 1449 1364 1505 ﬁdem
1413 1462 1617 1508 rectam
1659 1461 1788 1509 sunt

204 1539 383 1597 liberi.
435 1538 527 1596 Sic
570 1541 717 1598 enim
748 1542 1087 1598 venundatus
1126 1551 1210 1599 est
1254 1543 1456 1615 Josepb
1489 1562 1504 1599 :
1536 1545 1628 1616 qui
1661 1561 1785 1602 eum

205 1643 350 1690 esset
379 1649 569 1690 servus
597 1649 846 1706 corpore,
875 1633 1014 1690 liber
1039 1643 1158 1690 erat
1186 1636 1390 1700 anima,
1421 1637 1565 1692 unde
1586 1645 1642 1693 et
1661 1652 1786 1694 eum

203 1721 422 1781 domina
449 1725 516 1780 ad
552 1735 838 1797 peccatum
875 1725 1094 1782 trahere
1121 1741 1231 1782 non
1262 1728 1458 1799 potuit.
1489 1727 1647 1784 Tales
1683 1728 1786 1783 ita-

203 1832 320 1888 que“
339 1831 447 1872 non
499 1817 553 1872 in
600 1817 782 1872 anima
814 1817 1144 1884 vendantur,
1185 1818 1312 1888 quia
1355 1817 1691 1875 solummodo
1716 1820 1786 1876 ad

201 1909 531 1965 exteriorem
554 1909 831 1966 servitutis
856 1908 1221 1966 conditionem
1251 1909 1445 1979 pretiis
1473 1909 1784 1966 distrahun-

1894 901 2024 958 bent
2054 913 2398 975 appetuntur.
2432 907 2599 964 Poma
2624 926 2755 967 vero
2785 913 2842 968 in
2871 929 3030 969 sacro
3060 914 3274 986 eloquio
3297 914 3474 970 virtu-

1894 1005 1978 1049 tes
2003 1004 2312 1052 sanctorum
2337 999 2664 1070 signiﬁcant,
2705 1005 2848 1059 unde
2870 1013 2952 1061 est
2976 1023 2990 1060 :
3020 1004 3342 1062 Emissiones
3367 1017 3473 1062 tua:

1891 1087 2171 1157 paradisus
2201 1090 2460 1145 malorum
2484 1094 2795 1162 punicorum
2825 1113 2944 1150 cum
2991 1114 3264 1168 pomorum
3285 1098 3474 1168 fructi-

1891 1177 1986 1232 bus
2026 1177 2203 1251 (Cant.
2259 1182 2356 1254 tv).
2417 1182 2559 1239 Dicit
2603 1201 2734 1258 ergo
2779 1202 2837 1242 se
2879 1203 3007 1258 pars
3054 1191 3240 1246 bestiae
3289 1190 3472 1245 omnia

1891 1267 2140 1327 simulate
2161 1271 2383 1340 habere,
2407 1289 2528 1344 qua:
2553 1275 2608 1331 in
2639 1277 2866 1334 veritate
2891 1281 3133 1349 possidet
3152 1281 3357 1352 Agnus.
3399 1279 3470 1334 Et

1889 1359 2066 1414 omnia
2091 1361 2328 1432 pinguia.
2361 1362 2418 1418 Id
2460 1372 2545 1419 est
2589 1380 2794 1422 crassa.
2819 1367 2888 1421 Et
2918 1368 3174 1438 praeclara
3207 1369 3470 1439 perierunt

1888 1467 1922 1505 a
1966 1460 2032 1516 te,
2089 1461 2138 1506 et
2190 1453 2415 1524 amplius
2461 1454 2556 1510 illa
2605 1456 2722 1526 jam
2781 1475 2886 1527 npn
2935 1461 3210 1514 invenient.
3259 1458 3365 1514 Ista
3403 1461 3470 1514 ad

1888 1549 2104 1614 gustum
2132 1542 2679 1617 velgastrimargiam
2727 1549 3015 1619 redigenda
3045 1550 3313 1605 videntur.
3345 1550 3472 1604 Haec

1887 1633 2072 1704 itaque
2091 1637 2293 1702 omnia,
2330 1653 2452 1708 quae
2488 1639 2788 1695 secundum
2824 1641 3064 1711 quinque
3086 1641 3327 1712 corporis
3349 1658 3471 1698 sen-

1886 1737 1982 1780 sus
2011 1727 2226 1796 reprobi
2283 1735 2542 1796 tractant,
2610 1740 2870 1800 pereunte
2917 1732 3118 1787 mundo
3170 1733 3468 1804 deplorant,

1886 1814 2014 1886 quia
2045 1816 2295 1872 nesciunt
2323 1817 2470 1874 aliud
2495 1819 2757 1888 cogitare,
2797 1819 2900 1875 nisi
2925 1836 3045 1891 quae
3074 1821 3312 1876 exterius
3343 1835 3474 1876 con-
3524 1819 3526 1821 ’

1888 1907 2152 1963 siderant.
2192 1909 2262 1964 Et
2286 1910 2416 1966 dum
2455 1911 2644 1966 vident
2687 1911 2820 1968 alios
2849 1913 3081 1967 transire
3105 1927 3203 1983 per
3238 1920 3470 1966 mortem

201 2011 295 2058 tur
324 2043 340 2070 ,
401 2012 653 2059 manente
699 2002 925 2059 interius
976 2001 1169 2056 animae
1220 2001 1489 2058 libertate.
1537 2001 1788 2073 Plerique
1814 1994 1864 2055 Β
1891 2005 1946 2053 et
1965 1998 2308 2056 aﬂlictionem
2357 2002 2426 2056 ab
2466 2001 2570 2058 hac
2599 2003 2730 2070 vita,
2778 2003 2881 2074 ipsi
2923 2018 3110 2060 eorum
3154 2004 3471 2074 superstites

201 2103 385 2151 autem
424 2094 585 2151 simul
619 2094 802 2150 anima
835 2095 1262 2164 captivantur-et
1289 2109 1540 2165 corpore,
1569 2095 1709 2152 sicut
1729 2095 1785 2150 hi

200 2185 294 2257 qui
340 2188 564 2260 paganis
611 2195 706 2242 aut
755 2185 955 2243 Judaeis
999 2187 1337 2255 venduntur,
1379 2188 1636 2258 quoniam
1681 2187 1785 2258 ipsi

197 2293 338 2349 quos
367 2287 575 2346 emunt,
605 2277 904 2335 secundum
931 2277 1106 2350 legem
1125 2265 1549 2347 circumcidunt,
1587 2286 1644 2335 et
1665 2292 1782 2334 ser-

199 2387 298 2427 vos
325 2387 430 2427 non
463 2370 636 2428 solum
659 2385 906 2442 corpore,
931 2371 1024 2426 sed
1049 2370 1216 2426 etiam
1236 2371 1292 2426 in
1321 2371 1501 2426 anima
1529 2371 1740 2427 faciunt
1765 2389 1779 2425 :

199 2471 262 2518 ut
291 2461 432 2517 sicut
459 2461 773 2527 domini,ita
800 2470 856 2516 et
875 2459 1018 2517 servi
1046 2462 1324 2521 servitutis
1358 2477 1500 2518 nexu
1528 2463 1639 2518 sint
1667 2461 1784 2517 alli-

199 2553 333 2624 gati.
352 2551 581 2623 Propter
609 2553 708 2610 has
737 2553 918 2624 itaque
939 2553 1450 2626 duasgvenditiones,
1474 2555 1781 2611 distinctio-

198 2658 324 2698 nem
353 2639 482 2698 fecit
510 2657 692 2699 sermo
716 2643 931 2700 divinus
952 2642 1094 2700 inter
1121 2659 1359 2700 mercem
1387 2645 1784 2715 mancipiorum

198 2741 258 2788 et
286 2733 592 2788 animarum
614 2733 916 2789 hominum.
950 2731 1058 2788 Sed
1091 2741 1148 2788 et
1172 2733 1287 2788 ista;
1313 2734 1534 2806 singula:
1573 2735 1784 2803 species

197 2824 404 2880 electos
425 2825 749 2895 signiﬁcant,
764 2840 898 2896 quas
911 2825 1103 2881 eadem
1117 2825 1290 2881 bestia
1306 2825 1493 2881 fraude
1509 2840 1568 2881 se
1581 2826 1785 2882 habere

197 2915 461 2982 ostendit,
487 2925 542 2971 et
565 2916 868 2986 perdidisse
895 2916 1059 2972 dolet.
1084 2915 1337 2973 iumenta
1360 2917 1558 2989 quippe
1581 2917 1783 2973 electos

196 3008 528 3080 signiﬁcant,
543 3009 636 3080 qui
658 3023 779 3064 cum
803 3007 1090 3064 Psalmista
1133 3009 1348 3074 dicunt,
1385 3007 1454 3063 Ut
1484 3009 1785 3079 jumentum

199 3099 376 3170 [actus
398 3117 516 3155 sum
545 3099 684 3170 apud
704 3109 752 3154 te
769 3098 939 3171 (Psal.
956 3098 1146 3171 Lxxn).
1165 3098 1304 3156 Oves
1331 3115 1544 3170 quoque
1567 3107 1786 3154 sanctos

196 3191 532 3263 exprimunt,
561 3192 758 3262 quibus
781 3191 1044 3246 Dominus
1070 3190 1148 3244 ait
1177 3208 1190 3244 :
1228 3188 1364 3245 Ecce
1401 3209 1493 3262 ego
1517 3192 1665 3246 mitto
1698 3207 1784 3246 vos

197 3291 338 3340 sicut
360 3299 474 3340 oves
500 3283 556 3336 in
575 3281 745 3337 medio
766 3281 1009 3352 luporum
1036 3279 1255 3352 (Matth.
1288 3282 1366 3349 χ).
1383 3281 1453 3336 Et
1469 3280 1631 3336 Petro
1652 3280 1784 3336 dici-

1889 2089 2171 2170 interitum
2204 2092 2419 2148 illorum
2461 2095 2554 2164 qui
2584 2095 2771 2150 mundi
2807 2096 3062 2167 gaudium
3113 2096 3468 2166 reliquerunt,

1887 2180 2197 2252 deplorant,
2238 2184 2492 2241 timentes
2522 2201 2589 2242 ne
2618 2185 2722 2242 sibi
2751 2186 2946 2241 similia
2972 2187 3244 2242 eveniant.
3290 2186 3471 2256 Signi-

1885 2269 2054 2326 ﬁcant
2075 2273 2240 2329 etiam
2268 2283 2324 2330 et
2349 2275 2467 2332 haec
2495 2285 2555 2331 ut
2580 2284 2778 2332 caetera
2801 2277 3003 2346 aliquid
3028 2278 3314 2343 bonorum,
3343 2278 3471 2333 dum

1885 2363 2176 2422 ostendunt
2209 2365 2608 2424 simulationem
2646 2368 2957 2438 impiorum.
2999 2369 3132 2424 Nam
3163 2385 3284 2426 cum
3317 2369 3470 2424 Psal-

1885 2457 2046 2512 mista
2065 2456 2238 2512 dicat:
2264 2455 2412 2514 Sicut
2437 2460 2592 2530 adipe
2611 2469 2657 2514 et
2679 2461 2993 2532 pinguedine
3013 2461 3470 2534 repleaturanima

1883 2562 2001 2600 mea
2047 2544 2221 2615 (Psal.
2272 2549 2427 2619 Lxu),
2463 2550 2699 2605 ostendit
2730 2551 2972 2623 saginam
2995 2552 3050 2606 in
3075 2552 3471 2622 signiﬁcatione

1885 2634 2115 2690 virtutes
2159 2652 2280 2693 esse
2302 2639 2624 2694 animarum.
2655 2639 2762 2695 Ista
2797 2643 3000 2697 etenim
3023 2642 3211 2714 sagina
3237 2644 3290 2698 in
3318 2659 3471 2699 novae

1885 2727 2013 2785 vita:
2048 2729 2498 2798 praedicatoribus
2539 2734 2807 2803 apparuit,
2857 2749 3022 2804 quam
3071 2749 3131 2791 se
3171 2735 3474 2806 perdidisse

1885 2819 1942 2874 in
1977 2820 2250 2876 haereticis
2267 2837 2396 2892 pars
2416 2823 2767 2890 reproborum
2790 2824 2951 2878 dolet.
2978 2824 3130 2880 Unde
3151 2828 3395 2894 sequitur
3420 2846 3434 2880 :

1960 2911 2299 2967 Mercatores.
2343 2912 2526 2968 Terra:
2572 2913 2639 2968 de
2683 2914 2879 2984 quibus
2921 2915 3056 2969 satis
3101 2917 3472 2986 supradictum

1886 3010 1992 3068 est,
2014 3004 2106 3074 qui
2130 3003 2317 3058 divites
2344 3002 2472 3073 facti
2491 3013 2632 3059 sunt.
2666 3003 2783 3060 Non
2813 3004 3125 3071 virtutibus,
3153 3006 3246 3061 sed
3274 2987 3472 3076 pecca-

1877 3095 1979 3151 'tis.
2004 3095 2082 3148 Ab
2115 3112 2179 3150 ea
2215 3095 2365 3166 longe
2393 3096 2623 3163 stabunt,
2669 3112 2780 3152 non
2804 3111 3050 3168 corpore,
3100 3097 3241 3152 sicut
3269 3098 3471 3153 dictum

1887 3197 1973 3244 est
2003 3188 2270 3258 superius,
2299 3188 2392 3244 sed
2412 3196 2616 3255 mente,
2645 3188 2889 3244 nolentes
2918 3203 3012 3244 eos
3043 3188 3216 3258 sequi.
3251 3186 3475 3258 Propter

1889 3277 2128 3332 timorem
2166 3287 2542 3334 tormentorum
2580 3278 2717 3351 ejus,
2747 3282 2927 3350 ﬂentes
2953 3290 3000 3352 et
3032 3280 3263 3352 lugentes
3295 3299 3357 3335 ac
3385 3282 3472 3335 di-

203 3383 298 3429 tur
328 3389 344 3428 :
369 3372 537 3430 Pasce
565 3390 682 3429 oves
711 3351 854 3428 meas
900 3351 1082 3445 (Joan.
1113 3372 1252 3444 XXI).
1290 3371 1397 3428 Sed
1433 3381 1490 3428 et
1520 3388 1784 3444 equorum

1891 3378 2057 3425 centes
2070 3383 2090 3423 ε
2105 3368 2218 3437 Vw,
2235 3388 2332 3438 vce,
2348 3372 2532 3426 civitas
2557 3371 2650 3426 illa
2662 3371 2900 3443 Babylon
2919 3351 3260 3444 magnamque:
3283 3374 3476 3428 amicta

201 3466 470 3523 vocabulo
500 3466 884 3536 praedicatores
910 3466 1135 3538 intelligi
1169 3465 1300 3522 nulli
1328 3466 1550 3522 dubium
1580 3474 1681 3531 est,
1711 3467 1789 3524 di-

203 3567 362 3615 cente
375 3559 666 3630 propheta:
683 3559 881 3616 Misisti
902 3560 958 3613 in
979 3575 1127 3614 mare
1146 3576 1304 3630 equos
1322 3569 1460 3614 tuos.
1477 3558 1789 3615 Rhedarum

202 3649 372 3706 etiam
419 3651 635 3705 nomine
676 3651 896 3706 eosdem
933 3651 1316 3721 prazdicatores
1364 3651 1612 3708 novimus
1645 3650 1790 3706 desi-

199 3742 694 3814 gnari,attestante
735 3743 936 3808 Eliseo,
957 3743 1052 3813 qui
1074 3745 1399 3800 ascendente
1444 3743 1564 3798 Elia
1591 3743 1788 3812 plorat,

206 3833 400 3890 dicens
439 3849 452 3886 :
484 3831 642 3887 Pater
663 3832 759 3898 mi,
782 3831 944 3887 Pater
985 3835 1083 3898 mi,
1113 3849 1300 3888 currus
1327 3831 1498 3898 Israel
1523 3842 1571 3887 et
1601 3834 1792 3902 auriga

203 3927 324 3998 ejus
361 3925 381 3997 (
406 3923 492 3981 IV
521 3925 649 3998 Reg.
683 3941 747 3993 ιι,
779 3941 880 3982 χιιι
910 3926 953 3997 ).
980 3925 1478 3999 Maneipiorumque
1528 3925 1792 3982 vocabulo

205 4017 314 4088 ipsi
359 4017 736 4087 exprimuntur
777 4016 972 4083 electi,
1013 4016 1104 4088 qui
1159 4024 1273 4073 toto
1333 4016 1533 4074 mentis
1582 4015 1794 4071 deside-

207 4109 296 4165 rio
333 4108 428 4164 Dei
466 4124 527 4166 se
575 4107 868 4180 subjiciunt
912 4108 1184 4176 servituti,
1207 4109 1267 4164 in
1321 4107 1476 4177 cuius
1523 4116 1794 4182 potestate

207 4201 512 4258 consistere
566 4216 626 4257 se
674 4210 964 4269 noverunt,
1023 4201 1266 4258 dicentes
1301 4215 1428 4256 cum
1454 4199 1744 4258 Psalmista
1775 4217 1790 4255 :

211 4293 367 4350 Sicut
411 4293 552 4350 oculi
597 4311 886 4364 servorum,
929 4302 986 4351 et
1025 4302 1242 4361 caetera,
1295 4308 1484 4364 usque,
1533 4295 1608 4348 ita
1655 4291 1794 4348 oculi

211 4385 384 4440 nostri
423 4385 494 4440 ad
542 4384 828 4441 Dominum
881 4384 1050 4441 Deum
1101 4394 1337 4442 nostrum
1394 4382 1570 4455 (Psal.
1599 4384 1792 4454 cxxtt).

211 4477 334 4544 Quo
381 4484 570 4532 contra
603 4491 731 4546 pars
767 4475 954 4532 bestiae
1000 4477 1249 4548 supernis
1284 4474 1505 4546 judiciis
1551 4473 1794 4531 desolato

1891 3461 2126 3532 byssina,
2149 3462 2468 3519 subauditur
2500 3463 2842 3529 vestimento,
2872 3473 2918 3518 et
2943 3480 3196 3534 purpura,
3225 3473 3275 3518 et
3300 3481 3473 3528 cocco,

1891 3561 1938 3606 et
1969 3551 2228 3606 deaurata
2250 3563 2326 3608 est
2353 3563 2570 3616 auro,et
2597 3552 2770 3624 lapide
2797 3555 3043 3625 pretioso,
3072 3564 3120 3609 et
3152 3555 3475 3626 margaritis,

1891 3644 2140 3714 quoniam
2153 3661 2262 3698 una
2275 3645 2405 3700 hora
2418 3644 2680 3704 destituta:
2701 3655 2821 3700 sunt
2837 3655 2996 3701 tanta:
3010 3646 3225 3700 divitiae.
3253 3644 3356 3714 Qui
3378 3662 3472 3702 su-

1890 3750 1990 3804 pra
2015 3735 2353 3804 appellantur
2375 3749 2547 3806 reges,
2591 3737 2694 3805 ipsi
2732 3737 2984 3792 dicuntur
3013 3736 3172 3793 modo
3205 3747 3477 3793 mercato-

1895 3842 2004 3892 res,
2034 3828 2127 3897 qui
2156 3827 2410 3883 videlicet
2453 3827 2656 3883 infelici
2697 3837 2962 3893 mercatu,
2999 3844 3100 3898 pro
3145 3829 3376 3884 terrenis
3396 3828 3478 3882 lu-

1894 3919 2004 3974 eris
2025 3919 2237 3974 animas
2254 3927 2612 3986 commutant,
2633 3920 2775 3975 unde
2805 3920 2860 3974 in
2891 3921 3240 3989 sequentibus
3257 3920 3476 3986 dicitur,

1895 4012 2216 4070 Mercatores
2255 4013 2333 4067 tui
2374 4022 2521 4068 erant
2547 4012 2804 4082 principes
2844 4023 3016 4068 terrai.
3047 4011 3348 4068 In-civitate
3376 4028 3475 4068 ειυς

1896 4112 2008 4160 tem
2027 4105 2276 4162 homines
2301 4104 2672 4173 intelliguntur
2699 4103 2902 4158 divitiis
2929 4103 3116 4170 dediti,
3145 4111 3199 4159 et
3232 4103 3478 4173 volupta-

1897 4195 2042 4251 tibus
2069 4193 2314 4272 resoluti.
2349 4191 2536 4263 Neque
2563 4193 2708 4248 enim
2739 4194 2930 4250 civitas
2956 4195 3208 4251 amicitur
3234 4210 3368 4250 auro
3392 4194 3478 4250 vel

1896 4292 2142 4356 argento,
2173 4292 2265 4339 aut
2290 4284 2504 4341 caeteris
2535 4283 2840 4355 speciebus,
2883 4285 2978 4340 sed
3009 4286 3192 4357 potius
3231 4285 3478 4342 homines

1897 4375 1952 4431 in
1977 4391 2041 4430 ea
2071 4375 2396 4431 habitantes.
2422 4373 2753 4442 Quibusdam
2779 4373 2960 4443 itaque
2980 4375 3333 4446 pereuntibus
3355 4391 3479 4431 cum

1899 4465 2130 4520 terrenis
2173 4464 2377 4534 pariter
2415 4463 2578 4520 rebus
2624 4463 2942 4534 superstites
2985 4479 3173 4521 eorum
3207 4473 3266 4519 ut
3315 4480 3477 4536 supra

212 4553 442 4635 ιιιῖιηάο,
478 4567 724 4624 amisisse
769 4582 829 4624 se
876 4567 1020 4625 ἀοιθι
1046 4568 1316 4639 iumenta,
1345 4581 1497 4632 oves,
1534 4553 1706 4636 equos
1741 4574 1797 4620 ει
1899 4555 2246 4611 meminimus
2291 4554 2496 4628 lugent,
2540 4568 2606 4610 eo
2643 4554 2786 4624 quod
2831 4555 2999 4626 gloria
3047 4555 3260 4611 illorum
3303 4556 3482 4626 perire

213 4659 433 4725 madas,
486 4659 540 4714 id
575 4667 658 4715 εει
701 4659 770 4713 ad
824 4657 1088 4730 portanda
1159 4673 1381 4714 suorum
1425 4671 1592 4713 onera
1647 4657 1794 4712 viros
1822 4710 1871 4730 ἢ
1901 4649 2168 4714 videatur,
2197 4655 2253 4704 et
2285 4663 2318 4702 a
2357 4647 2516 4720 longe
2555 4655 2723 4712 stant,
2753 4646 2878 4716 quia
2915 4647 3100 4702 nolunt
3124 4647 3230 4704 illis
3254 4647 3372 4704 ﬁeri
3399 4663 3482 4705 so-

215 4710 433 4725 ----__-,
487 4710 540 4714 __
582 4710 655 4715 ---
704 4710 769 4713 η
824 4710 1088 4730 ,πῄ---μ
1159 4710 1379 4714 --φρη
1567 4710 1590 4712 ,ν
1743 4710 1786 4712 -,
2155 4710 2164 4714 -
2452 4710 2480 4720 ν
2711 4710 2716 4712 ν
2771 4710 2787 4716 -

212 4751 386 4806 fortes
410 4759 573 4820 atque
613 4749 954 4816 innocentes,
996 4765 1120 4806 cum
1150 4747 1354 4805 debiles
1381 4747 1448 4804 ad
1471 4761 1632 4803 omne
1655 4762 1792 4818 opus
1819 4710 1872 4771 Β
1898 4741 1968 4796 cii
1990 4756 2165 4811 neque
2221 4740 2278 4795 in
2305 4739 2596 4796 amissione
2618 4748 2956 4795 terrenarum
2984 4755 3188 4807 rerum,
3219 4757 3392 4810 neque
3422 4741 3478 4795 in

211 4844 437 4910 bonum,
467 4847 524 4898 et
548 4841 739 4898 noxios
766 4842 822 4896 in
861 4841 1062 4896 malum
1089 4838 1551 4909 amiserit,.gemit
1578 4853 1636 4894 se
1665 4854 1791 4909 per-
1897 4833 2092 4903 poenis,
2146 4833 2216 4888 ad
2261 4847 2396 4903 quas
2437 4846 2531 4887 eos
2575 4831 2810 4887 transire
2857 4831 3101 4887 credunt.
3143 4829 3258 4886 Una
3293 4840 3475 4886 autem

213 4935 422 4990 didisse
468 4933 669 4990 mundo
709 4931 950 4988 exterius
975 4941 1237 4994 mortuos.
1281 4947 1405 4986 cum
1445 4929 1672 4986 interius
1700 4945 1794 4985 ne-
1899 4926 2034 4980 hora
2065 4923 2118 4978 in
2165 4939 2272 4992 qua
2309 4930 2488 4978 tantas
2539 4922 2756 5009 divitias
2799 4922 3006 4992 perisse
3031 4921 3330 4986 denuntiat,
3373 4922 3477 4976 hoc

214 5024 401 5095 quitcr
427 5025 647 5081 eosdem
674 5023 917 5078 viventes
943 5020 1261 5092 perdiderit.
1896 5015 2064 5072 breve
2088 5023 2300 5084 tempus
2345 5013 2663 5083 intelligitur
2705 5028 2735 5066 a
2773 5011 2984 5065 Domini
3014 5011 3264 5080 passione
3307 5025 3478 5080 usque

289 5117 358 5174 Et
382 5134 538 5189 poma
565 5117 810 5173 desiderii
831 5115 1020 5172 anima:
1040 5123 1144 5169 tute
1155 5113 1503 5169 discesserunt
1529 5130 1562 5167 a
1587 5122 1656 5168 te.
1683 5112 1798 5169 Hoc
1903 5107 1969 5161 ad
1989 5107 2150 5162 linem
2176 5104 2377 5162 saeculi.
2403 5103 2480 5160 De
2501 5120 2603 5174 qua
2623 5103 2860 5159 Joannes
2884 5100 3017 5157 dicit
3042 5099 3278 5165 :Filioli,
3303 5102 3476 5155 novis-

213 5209 385 5268 etiam
428 5209 509 5276 ﬁt,
557 5197 772 5279 quando
813 5209 998 5264 hostes
1033 5206 1101 5262 de
1157 5221 1324 5277 regno
1363 5205 1703 5276 insurgentes
1741 5205 1799 5261 in
1899 5201 2036 5255 sima
2065 5200 2197 5253 hora
2223 5207 2298 5252 est
2332 5196 2384 5266 (1
2408 5195 2572 5251 Joan.
2595 5195 2680 5268 ιι).
2706 5225 2778 5235 --
2807 5193 2876 5248 Et
2904 5191 3068 5248 omnis
3095 5190 3409 5260 gubernator
3427 5200 3474 5242 et

219 5315 470 5371 regnum,
501 5317 608 5357 non
644 5299 819 5356 solum
857 5297 1251 5370 depopulantur
1280 5297 1465 5360 urbes,
1504 5297 1600 5352 sed
1633 5296 1798 5352 etiam
1901 5307 2076 5346 omnes
2103 5289 2192 5360 qui
2223 5289 2278 5342 in
2323 5287 2534 5360 longum
2563 5287 2850 5356 navigant,
2895 5295 2943 5339 et
2993 5292 3184 5347 nauus,
3213 5290 3260 5336 et
3303 5281 3391 5352 qui
3423 5282 3477 5333 in

219 5393 405 5450 omnia
429 5391 574 5464 ligna
623 5389 858 5462 regionis
900 5395 1129 5454 vastant,
1163 5396 1219 5442 et
1249 5387 1499 5442 incendio
1533 5392 1795 5442 cremant.
1901 5385 2038 5438 mari
2081 5392 2382 5453 operantur,
2431 5381 2894 5451 longe-steterunt,
2941 5383 2991 5430 et
3017 5373 3368 5430 clamauerunt
3397 5373 3479 5426 vi-

220 5485 293 5540 Et
319 5485 422 5541 ista
464 5494 573 5538 tam
603 5484 670 5539 ad
697 5489 1046 5552 conspectum
1083 5495 1247 5552 quam
1273 5479 1339 5534 ad
1371 5488 1588 5551 gustum
1628 5477 1801 5549 perti-
1901 5483 2078 5538 dentes
2114 5481 2284 5536 locum
2339 5480 2565 5534 incendii
2607 5478 2744 5548 ejus.
2787 5475 2888 5544 Qui
2937 5489 3100 5544 supra
3148 5466 3482 5539 appellantur

222 5583 372 5632 nent.
409 5573 563 5631 Unde
586 5573 849 5629 habemus
876 5571 931 5626 in
971 5569 1188 5637 Genesi,
1217 5571 1362 5643 quod
1382 5569 1580 5626 viderit
1608 5568 1802 5624 mulier
1904 5573 2268 5642 negotiatores
2291 5613 2306 5637 ,
2354 5571 2443 5625 hic
2479 5569 2869 5640 gubernatores
2912 5566 3131 5622 navium
3177 5569 3235 5618 et
3278 5565 3476 5614 nauue.

225 5664 432 5736 lignum
479 5663 762 5736 pulchrum
813 5661 932 5716 visu
971 5668 1027 5716 et
1070 5660 1138 5715 ad
1165 5659 1504 5717 vescendum
1529 5672 1717 5723 suave,
1747 5664 1804 5712 et
1906 5662 2154 5735 Nunquid
2178 5663 2322 5718 enim
2351 5673 2500 5715 mare
2535 5659 2849 5729 navigantes
2875 5658 3064 5714 adesse
3104 5657 3358 5726 poterunt
3381 5688 3398 5714 ,
3423 5656 3484 5702 nt

225 5753 352 5811 tulit
382 5755 448 5812 de
477 5755 653 5811 fructu
687 5753 831 5809 illius
859 5759 916 5809 et
939 5750 1176 5808 cunnedit
1204 5764 1220 5806 :
1254 5751 1506 5823 deditque
1533 5751 1652 5808 viro
1681 5765 1798 5806 suo.
1904 5755 2125 5812 videant
2151 5753 2459 5809 incendium
2479 5750 2753 5806 civitatis?
2785 5749 2891 5806 Sed
2910 5751 2968 5804 in
2988 5749 3075 5805 bis
3095 5759 3281 5804 omnes
3303 5737 3482 5798 sreculi

223 5848 530 5905 Notandum
575 5857 754 5904 autem
790 5845 956 5931 quod.
981 5861 1106 5902 cum
1154 5844 1207 5900 in
1249 5844 1462 5900 caeteris
1507 5842 1804 5913 majoribus
1907 5845 2141 5900 cultores
2174 5842 2569 5913 exprimuntur,
2611 5839 2703 5910 qui
2729 5839 2832 5896 sibi
2861 5839 3072 5905 timent,
3102 5837 3349 5931 videntes
3367 5829 3482 5931 rui-

227 5943 414 6009 rebns,
449 5942 566 6014 plus
605 5941 815 5997 soleant
861 5921 1108 5995 homines
1155 5937 1435 5997 delectari.
1464 5935 1801 5993 solummodo
1907 5951 2034 5993 nam
2080 5949 2190 5991 sua:
2233 5931 2368 6004 spei.
2412 5929 2614 5987 Locum
2665 5941 2844 5986 autem
2889 5927 3121 5986 incendii
3158 5925 3275 5999 ejus
3301 5921 3486 5977 videre

668 6036 939 6098 Ρλτιιοι..
987 6034 1234 6097 CXVII.
