3972 6456
478 520 614 579 Ηὃὸ
937 508 1289 567 HAYMONIS
1328 496 1805 560 HALBERSTAT.
1849 492 2060 549 El‘ISC.
2103 492 2121 547 (

2227 499 2252 545 ι.
2296 486 2478 547 PARS
2512 478 2557 545 ι.
2594 514 2666 528 -
2701 480 3053 541 contum.
3095 457 3285 538 BtBL.‘
3668 468 3813 529 not

482 634 729 689 licuntur
766 642 860 699 per
912 622 1217 678 incendium
1263 617 1418 681 fumi,
1443 615 1497 669 id
1526 621 1608 669 est
1655 624 1750 682 per
1773 612 2065 680 praesentes
2090 607 2143 693 ρ
2168 617 2272 655 non
2314 599 2387 699 de.
2409 597 2724 699 perditi-pne.
2750 594 3105 699 reprobprum
3141 589 3313 699 laturi
3343 580 3813 699 iube‘mgz:

912 668 1204 784 angustias
1248 668 1553 764 futurarum
1592 668 1878 775 prunarum
1922 694 2059 750 noti-
2090 670 2111 693 ’
2162 690 2341 784 potius
2355 687 2578 758 dejusto
2595 682 3099 784 Dei‘judicio.Unde
3120 695 3243 736 cum
3262 676 3531 784 disisset,

480 766 1137 882 Eiiﬁagiglssiis
1161 800 1341 857 omla
1369 812 1530 868 supra
1554 766 1717 848 latius
1740 797 1864 844 sunt
1892 800 2061 857 expo-
2165 783 2359 882 (ξωιιηξι
2398 789 2452 835 ει
2487 778 2716 882 {tremit
2761 786 2832 882 ei
2857 775 3156 882 ριόιξιιίξξπξ,
3199 766 3814 882 ιποιῖιξυεξυξὶῆξε

482 856 608 970 Et:
1206 856 1515 960 tanguntur.
1538 886 1705 941 Aiunt
1727 897 1826 952 ego
1842 878 2061 933 ﬂentes:
2170 873 2429 970 Quoniam
2472 872 2737 970 judicavit
2778 869 2945 970 Deus
2964 867 3227 969 judicium
3277 856 3676 970 vestrunsfc
3694 872 3814 970 ﬁt

644 1000 751 1057 est,
780 987 1098 1044 subauditur
1129 957 1347 1046 civitas,
1375 978 1559 1034 similis
1590 971 1784 1029 civitati
1815 969 1934 1023 huic
1952 984 2067 1021 ma-
2171 961 2268 1063 γει
2314 964 2474 1063 etiam
2518 961 2573 1017 in
2629 962 2731 1018 boc
2770 959 2948 1063 laetari
2997 957 3427 1063 praecipiuntur,
3482 957 3644 1021 Quia
3694 957 3816 1063 Ὺ

484 1054 638 1158 quae?
663 1054 827 1150 Quasi
859 1079 1040 1133 dicant
1066 1094 1079 1128 :
1107 1074 1262 1128 Nulla
1286 1072 1479 1127 civitas
1503 1067 1579 1121 illi
1604 1067 1657 1121 in
1686 1058 2072 1158 magnitudinis
2176 1056 2575 1158 damnatiottem
2610 1054 2966 1158 mproborum
2992 1060 3222 1158 veptnra
3252 1056 3817 1158 est‘cort:ltl_fillil:

488 1130 989 1240 b'o‘nore‘coicqu—a—ri
1027 1173 1224 1236 potest.
1262 1160 1413 1217 Oculi
1443 1159 1586 1213 enim
1617 1130 1914 1210 carnalium
1943 1146 2077 1204 nihil
2177 1149 2405 1205 neratio.
2449 1147 2636 1219 Neque
2680 1146 2826 1201 enim
2867 1151 2993 1198 ante
3032 1140 3189 1198 electi
3245 1136 3721 1240 sulrlevabplltur
3751 1130 3816 1186 ad

768 1226 1055 1323 noverunt,
1083 1255 1184 1309 nisi
1210 1252 1351 1324 quod
1375 1248 1649 1319 corporeis
1677 1244 1849 1300 oculis
1880 1239 2078 1297 intueri
2181 1243 2428 1314 gloriam,
2469 1255 2633 1312 quam
2665 1236 2879 1308 reprobi
2912 1235 3236 1291 damnentur
3251 1241 3393 1336 ,ἐξιῇ
3414 1230 3469 1283 in
3526 1226 3816 1334 infernam

490 1322 746 1425 pos‘mmt,
777 1355 832 1403 et
869 1346 992 1400 ideo
1019 1322 1427 1412 comparatione
1451 1333 1733 1407 praesentis
1760 1332 1885 1385 vitae
1914 1328 2081 1384 etiam
2184 1335 2588 1406 demergantur,
2633 1333 2760 1402 quia
2793 1329 3055 1425 scriptum
3102 1334 3187 1382 est
3218 1344 3231 1380 :
3273 1322 3813 1425 Tollat-ur-iatpists,

491 1416 734 1504 cmlestia
784 1441 1108 1512 despiciunt.
1162 1435 1290 1491 Plus
1347 1433 1491 1487 enim
1548 1428 1779 1500 diligunt
1823 1425 2086 1480 mundum
2188 1446 2250 1484 ne
2278 1428 2441 1482 videat
2477 1426 2699 1497 gloriam
2732 1423 2849 1477 Dei.
2880 1420 3131 1478 Gaudent
3166 1435 3317 1491 ergo,
3358 1419 3503 1489 quia
3554 1417 3717 1512 justo
3737 1416 3815 1512 ju-

497 1553 661 1610 quam
683 1536 852 1591 Deum
883 1508 1043 1603 iplus
1082 1534 1266 1582 amant
1297 1524 1434 1578 lilios
1469 1536 1631 1591 quam
1682 1517 1919 1589 angelos.
1950 1513 2087 1568 Ter-
2189 1518 2296 1574 dici
2336 1518 2686 1573 concordant.
2725 1514 2840 1585 Non
2888 1515 3033 1569 enim
3064 1512 3138 1568 illi
3183 1512 3627 1610 concordare!“
3661 1511 3709 1610 si
3755 1508 3814 1563 tle

499 1601 688 1686 renam
718 1601 1209 1698 peregrinationem
1242 1630 1340 1687 pro
1369 1611 1703 1667 habitatione
1737 1603 1973 1662 cmlestis
2003 1616 2093 1672 pa-
2192 1608 2307 1677 ejus
2342 1609 2487 1680 justo
2524 1606 2728 1675 judicio
2772 1621 2878 1661 non
2922 1604 3238 1681 gauderent.
3287 1601 3573 1658 Gaudent
3610 1601 3809 1698 etiam:

503 1720 619 1775 tria:
649 1694 925 1787 deputant.
965 1708 1205 1765 Salutem
1245 1702 1487 1773 corporis
1521 1701 1724 1755 ducunt
1759 1711 1857 1766 pro
1881 1704 2093 1748 summa
2194 1700 2321 1771 quia
2349 1700 2477 1754 dum
2504 1699 2579 1754 iiii
2608 1706 2838 1771 pereunt
2858 1739 2873 1763 ,
2903 1698 3073 1770 gloria
3118 1696 3334 1751 ium-um
3366 1694 3807 1787 appropinquat.

505 1784 766 1864 felicitate
796 1822 808 1857 :
838 1816 1068 1865 aurum,
1101 1806 1402 1866 argentum,
1447 1798 1501 1845 et
1545 1787 1750 1859 lapides
1779 1786 2095 1856 prazpomlnt
2199 1789 2351 1847 Unde
2393 1790 2655 1845 Dominus
2696 1804 2821 1843 cum
2862 1787 3075 1842 ruinam
3115 1787 3399 1859 pereuntis
3452 1786 3665 1840 mundi
3709 1784 3809 1839 sn'n

502 1901 626 1958 vitm
650 1894 880 1958 coronis,
909 1900 965 1947 et
1001 1890 1123 1945 ideo
1152 1883 1559 1955 comparatione
1588 1876 1935 1951 praesentium
1965 1886 2097 1943 gau—
2200 1882 2478 1954 discipulis
2521 1883 2884 1953 exposuisse,’
2932 1881 3118 1937 statim
3165 1880 3403 1953 subjecit
3435 1899 3452 1935 ζ
3482 1879 3595 1934 "is
3644 1889 3809 1934 am

505 1990 716 2048 diorum
740 1983 875 2041 nihil
902 1982 1130 2038 credunt
1163 1992 1283 2033 esse
1312 1967 1415 2029 illa.
1430 1982 1486 2028 et
1512 1972 1718 2033 diem“,
1747 1967 1875 2033 Qua?
1901 1962 2093 2019 Similis
2121 1960 2170 2021 Β
2196 1976 2311 2045 ﬁeri
2338 1973 2722 2047 incipientibus,
2739 1973 2974 2044 respicite
3001 1984 3050 2028 et
3075 1972 3240 2027 levate
3260 1973 3446 2043 capita
3474 1983 3678 2037 vestra,
3696 1985 3791 2038 quo

507 2082 710 2142 civitati
736 2079 865 2135 huic
889 2073 1137 2147 magnae?
1166 2072 1244 2126 Ac
1275 2069 1320 2124 si
1352 2068 1612 2129 dicerent,
1659 2060 1835 2115 Nulla.
1870 2058 1946 2113 De
1973 2055 2095 2127 qui-
2144 2054 2150 2063 ’
2199 2066 2343 2120 niam
2373 2065 2753 2136 appropinquat
2802 2063 3085 2135 redemptio
3129 2075 3299 2118 vestra
3349 2062 3516 2137 (Luc.
3552 2062 3698 2132 ιιι).
3738 2060 3807 2117 At

508 2180 609 2235 bus
646 2175 826 2232 adhuc
862 2169 1116 2227 δυδάίίυν
1159 2185 1171 2219 ε
2200 2157 2480 2213 si'diceret
2497 2175 2509 2210 :
2526 2156 2661 2211 Cum
2685 2172 2752 2212 ex
2779 2156 2965 2211 mundi
2991 2155 3348 2221 desolatione,
3374 2155 3548 2210 ﬁnem
3570 2154 3694 2224 ejus
3719 2169 3806 2223 sp-

581 2268 648 2321 Et
690 2264 941 2320 miserunt
982 2258 1240 2329 pulverem
1284 2262 1440 2307 terra:
1479 2264 1635 2319 super
1672 2246 1843 2316 capita
1885 2260 2001 2307 sua,
2051 2248 2101 2296 et

2227 2249 2564 2318 tropinquare
2599 2248 2841 2308 cernitis,
2885 2247 3139 2317 respicite
3179 2257 3235 2301 et
3276 2246 3458 2301 levate
3501 2247 3684 2315 capita
3718 2259 3797 2299 re-

512 2358 866 2413 clamavcrunt
894 2352 1074 2421 ﬂentes
1114 2364 1173 2400 ac
1207 2345 1456 2416 lugentes.
1489 2340 1692 2411 Capitis
1721 2337 1938 2392 nomine
1958 2346 2102 2404 saepe
2203 2349 2336 2405 stra,
2366 2340 2418 2396 id
2443 2351 2548 2404 est,
2579 2338 2879 2394 exhilarate
2900 2339 3086 2402 corda,
3117 2336 3243 2407 quia
3271 2336 3393 2390 dum
3423 2336 3614 2388 Enitar
3636 2349 3799 2387 man-

515 2448 572 2502 in
594 2460 750 2502 sacro
771 2439 984 2510 eloquio
1008 2434 1382 2508 principalitas
1410 2432 1609 2486 mentis
1635 2426 1969 2497 intelligitur.
1998 2422 2112 2505 Per
2204 2431 2326 2494 dus,
2353 2430 2438 2484 cui
2465 2429 2624 2483 amici
2652 2443 2757 2485 non
2786 2428 2918 2483 estis
2942 2469 2957 2494 ,
2985 2441 3157 2498 prope
3196 2426 3257 2481 ﬁt
3291 2426 3573 2496 redemptio
3614 2438 3795 2494 quam

516 2547 716 2593 terram
765 2540 979 2595 autem,
1023 2536 1237 2583 terrena
1284 2520 1721 2594 concupiscentia
1771 2518 2100 2588 designatur-
2205 2518 2492 2590 qumsistis.
2526 2516 2582 2572 In
2611 2517 2750 2573 caelo
2776 2558 2790 2584 ,
2834 2517 3093 2588 apostolis
3129 2525 3187 2571 et
3226 2516 3495 2587 prophetis
3538 2528 3784 2584 compre-

520 2626 797 2697 Beprobos
824 2622 1006 2691 itaque
1034 2633 1194 2688 super
1223 2616 1398 2685 capita
1429 2628 1524 2666 sua
1551 2610 1826 2682 pulverem
1856 2606 2103 2697 mittere,
2208 2608 2465 2663 henditur
2517 2607 2695 2661 omnis
2740 2606 2979 2661 Ecclesia
3012 2623 3043 2661 a
3080 2605 3355 2677 principio
3633 2616 3805 2671 usque

517 2695 845 2773 est—terreno
880 2725 1065 2765 amore
1105 2723 1171 2761 ne
1211 2704 1450 2760 coelestia
1487 2699 1685 2755 intueri
1719 2696 1949 2768 possit“,
1979 2708 2108 2748 0011'
2209 2701 2276 2756 ad
2315 2699 2475 2754 linem
2522 2701 2833 2754 decurrens.
2882 2697 3144 2764 Quoniam
3176 2698 3447 2767 judicavit
3500 2695 3639 2751 Deus
3669 2697 3804 2765 judi-

520 2811 600 2866 los
641 2823 753 2864 sua:
804 2804 1001 2859 mentis
1046 2810 1411 2865 corrumpere.
1464 2791 1670 2848 Deﬂent
1715 2804 1845 2860 ergo
1892 2783 2111 2855 reprobi

523 2900 732 2955 ruinam
765 2892 997 2950 civitatis
1026 2902 1255 2958 magum,
1288 2885 1382 2941 sed
1412 2890 1595 2937 tamen
1621 2880 1720 2952 ipsi
1760 2893 1866 2932 non
1895 2881 2113 2931 cessant

521 3001 738 3046 terrena
766 2982 1145 3053 concupiscere
1167 3020 1180 3043 ,
1216 2977 1448 3045 dumque
1486 2972 1839 3028 immoderate
1879 2966 2110 3023 terrenis

528 3082 687 3137 rebus
709 3078 942 3141 inhiant,
968 3073 1119 3145 quasi
1148 3070 1365 3141 pulvere
1393 3075 1551 3121 terra:
1576 3080 1702 3120 suos
1727 3062 1912 3118 oculos
1940 3074 2112 3116 exote—

524 3182 679 3237 eant,
712 3185 781 3227 ne
824 3167 1063 3224 cmlestis
1106 3163 1294 3236 patriae
1325 3160 1517 3231 gaudia
1566 3158 1832 3229 inspicere
1874 3154 2107 3209 valeant.

524 3264 697 3319 Aliter
750 3280 764 3315 :
820 3258 1009 3328 Capita
1057 3257 1407 3324 reproborum
1457 3265 1744 3324 possumus
1812 3246 2111 3319 intelligere

2210 2789 2349 2843 cium
2391 2798 2616 2842 vestrum
2660 2788 2724 2842 de
2758 2804 2843 2853 ea,
2886 2789 2988 2843 hoc
3015 2796 3100 2843 est
3128 2787 3260 2842 illud
3294 2787 3575 2859 judicium
3603 2788 3665 2842 de
3700 2801 3800 2856 quo

2210 2880 2458 2950 superius
2482 2879 2710 2951 legimus
2738 2879 2884 2950 quod
2915 2880 3111 2935 anima:
3152 2889 3481 2936 sanctorum
3524 2882 3624 2936 sub
3649 2879 3800 2932 altare

2211 2972 2307 3027 Dei
2334 2972 2641 3027 clamabant
2670 2962 2912 3027 dicentes
2938 2989 2951 3026 :
2979 2962 3277 3044 Uiqueqao,
3324 2972 3590 3037 Domine,
3612 2983 3797 3026 sanctas

2212 3070 2261 3115 et
2281 3078 2453 3127 verus,
2474 3078 2576 3117 non
2593 3061 2808 3131 judicas
2829 3074 2877 3117 et
2898 3064 3133 3119 vindicas
3152 3066 3478 3134 sanguines:
3504 3075 3723 3119 nostra:
3744 3064 3798 3117 is

2214 3154 2315 3220 his,
2330 3156 2420 3225 qui
2439 3154 2674 3209 habitant
2698 3156 2753 3209 in
2774 3165 2916 3210 terra
2939 3154 3551 3230 (Apoc.v1)‘l.ludicavit
3566 3157 3689 3227 judic
3706 3158 3795 3209 in

2216 3253 2484 3311 nostrum,
2522 3244 2576 3300 id
2603 3254 2689 3300 est
2716 3246 2991 3300 damnavit
3019 3245 3163 3300 illam
3186 3244 3369 3315 juste,
3392 3262 3529 3318 qua
3556 3262 3649 3302 nos
3670 3249 3794 3300 dam-

530 3354 801 3427 principes
830 3321 1061 3405 illorum.
1093 3321 1225 3401 (lum
1253 3345 1399 3411 enim
1424 3321 1482 3399 se
1509 3343 1743 3399 viderint
1767 3339 1982 3412 reprobi
2002 3336 2116 3407 jam
2144 3321 2190 3391 C
2221 3345 2445 3389 naverat
2491 3335 2709 3405 injuste.
2763 3336 2831 3392 Et
2868 3352 2989 3407 qua:
3028 3337 3184 3393 nobis
3232 3339 3610 3407 temporalem
3649 3336 3795 3392 intuit

529 3446 582 3500 in
607 3442 806 3513 judicio
837 3441 1161 3496 constitutos
1200 3445 1253 3491 et
1278 3437 1582 3499 damnatos,
1611 3441 1812 3504 ponent
1841 3431 2117 3501 pulverem

533 3545 690 3589 terrae
719 3547 879 3603 super
905 3530 1078 3599 capita
1106 3543 1221 3593 sua,
1252 3529 1356 3583 hoc
1377 3536 1481 3590 est,
1510 3526 1705 3579 faciem
1730 3538 1949 3578 suorum
1975 3521 2120 3591 prin-

531 3626 710 3697 cipum
737 3622 1157 3694 exprobrabant,
1207 3636 1237 3672 a
1270 3619 1466 3687 quibus
1508 3615 1714 3671 seducti
1739 3621 1885 3677 sunt,
1918 3621 1976 3666 ut
2006 3619 2117 3666 ter-

535 3710 664 3770 rena
692 3713 997 3782 diligerent,
1028 3725 1124 3780 pro
1146 3709 1342 3779 quibus
1378 3714 1507 3761 tunc
1533 3704 1810 3774 peribunt,
1835 3704 2076 3759 dicentes
2102 3720 2115 3756 :

542 3805 656 3870 Vw,
710 3821 807 3871 va',
835 3802 1014 3856 civitas
1057 3798 1146 3853 illa
1176 3815 1368 3868 magna
1422 3796 1679 3867 Babylon,
1713 3797 1765 3849 in
1808 3812 1911 3867 qua
1939 3795 2122 3849 divites

533 3897 663 3969 facti
704 3904 823 3950 sunt
854 3909 1027 3947 omnes
1056 3892 1145 3961 qui
1186 3890 1377 3943 habent
1405 3903 1558 3942 naves
1604 3887 1658 3940 in
1688 3888 1823 3940 mari
1850 3887 1914 3939 de
1942 3886 2121 3955 pretiis

536 3988 671 4058 ejus.
705 3984 839 4040 Nam
868 3984 1020 4038 multi
1048 3981 1411 4052 negotiatores
1441 3979 1492 4032 in
1529 3980 1633 4034 hoc
1660 3978 1855 4034 smculo
1883 3979 2125 4032 ditantur

537 4095 603 4135 ex
638 4078 720 4132 his
748 4073 1131 4146 qum'iiavigio,
1161 4087 1267 4126 non
1297 4069 1471 4125 solum
1500 4069 1567 4124 de
1592 4068 1711 4125 loco
1741 4069 1809 4124 ad
1834 4068 2007 4123 locum
2037 4081 2126 4122 ve-

534 4173 760 4234 huntur,
809 4168 902 4223 sed
953 4166 1116 4221 etiam
1168 4164 1234 4220 de
1276 4162 1497 4234 regione
1544 4160 1613 4216 ad
1639 4161 1932 4231 regionem,
1961 4160 2121 4224 sicut,

538 4262 689 4317 verbi
719 4261 912 4331 gratia,
954 4258 1115 4313 [iebat
1156 4257 1489 4329 temporibus
1533 4254 1867 4319 Salomonis,
1908 4253 2124 4323 quando

541 4353 745 4409 classes
789 4342 937 4405 ibant
977 4348 1142 4405 semel
1173 4349 1225 4402 in
1259 4348 1433 4404 tribus
1462 4346 1618 4401 annis
1647 4346 1699 4399 in
1746 4345 1932 4414 Ophir,
1965 4352 2019 4398 et
2042 4342 2123 4396 af-

539 4443 785 4499 ferebant
825 4441 949 4495 inde
994 4438 1109 4494 auri
1155 4437 1354 4493 talenta
1403 4437 1755 4506 quadraginta
1785 4475 1800 4499 ,
1845 4445 1900 4489 et
1930 4433 2125 4489 multas

540 4532 674 4587 alias
720 4530 930 4601 species
984 4543 1103 4598 qua:
1152 4543 1258 4582 non
1302 4535 1557 4597 poterant
1606 4525 1830 4594 reperiri
1877 4526 1929 4580 in
1982 4535 2125 4580 terra

539 4622 701 4677 Israel
734 4639 748 4674 :
801 4621 879 4674 sic
920 4619 980 4672 lit
1021 4619 1187 4673 etiam
1233 4633 1405 4687 usque
1435 4616 1615 4682 hodie,
1646 4618 1786 4671 unde
1812 4634 1878 4672 ex
1904 4618 2119 4672 Graeco-

542 4728 659 4767 rum
694 4711 908 4782 regione
938 4709 1097 4780 pallia
1135 4719 1190 4763 et
1216 4718 1533 4764 ornamenta
1564 4709 1713 4763 varia
1747 4711 1800 4764 in
1830 4712 1914 4765 his
1945 4712 2124 4781 regio-

538 4804 699 4859 nibus
732 4800 1067 4854 del'eruntur.
1123 4799 1385 4865 Quoniam
1430 4817 1538 4854 una
1581 4801 1710 4854 hora
1763 4801 1996 4854 desolata
2027 4811 2121 4856 est.

538 4894 593 4948 ω
630 4900 714 4948 est
755 4893 935 4947 subito
969 4890 1290 4946 adveniente
1332 4890 1418 4944 die
1446 4890 1656 4961 judicii.
1692 4890 1926 4945 Attende
1948 4931 1963 4957 ,
1999 4891 2127 4962 quia

537 5001 647 5040 non
702 4983 875 5039 solum
926 4982 1197 5053 jacturam
1250 4981 1562 5036 divitiarum
1594 5023 1609 5049 ,
1661 4983 1753 5038 sed
1814 4983 1979 5037 etiam
2036 4998 2124 5038 re-

538 5076 814 5147 pentinam
865 5074 1318 5144 improvisamque
1355 5074 1552 5129 deﬂent
1602 5075 1814 5130 ruinam
1842 5077 2003 5147 htijus
2029 5090 2129 5131 sm-

540 5168 667 5224 culi.

614 5264 835 5319 Exsulta
862 5282 1019 5336 super
1042 5282 1157 5319 eam
1186 5265 1368 5319 caelum
1395 5276 1443 5320 et
1477 5268 1645 5320 sancti
1676 5267 1901 5337 apostoli
1925 5277 1973 5321 et
1996 5284 2123 5338 pro-

539 5356 724 5424 phelw.
756 5355 991 5421 Quaestio
1022 5356 1194 5409 oritur
1219 5354 1273 5408 in
1310 5355 1573 5431 hoclocp,
1611 5371 1732 5411 cum
1770 5357 2031 5413 Dominus
2070 5358 2126 5413 in

542 5445 649 5498 Eva
658 5445 831 5513 ngelio
846 5446 1140 5516 praecipiat,
1154 5445 1349 5515 diligite
1363 5446 1599 5500 inimicos
1613 5459 1831 5515 vestros,
1846 5450 2129 5520 benefacite

540 5535 619 5589 his
635 5536 723 5607 qui
737 5537 952 5590 oderunt
976 5536 1083 5601 vos,
1102 5547 1148 5591 et
1172 5550 1316 5592 orate
1325 5556 1418 5607 pro
1434 5541 1853 5610 persequentibus
1868 5552 1914 5595 et
1929 5544 2129 5594 calum-

544 5624 806 5678 niantibus
832 5643 939 5691 vos,
956 5636 1011 5679 ut
1030 5628 1147 5680 sitis
1164 5627 1261 5704 ﬁlii
1287 5626 1465 5682 Patris
1488 5629 1639 5683 vestri
1674 5629 1763 5699 qui
1786 5631 1841 5682 in
1861 5631 1999 5683 caelis
2028 5638 2123 5697 est,

543 5717 631 5783 qui
664 5716 821 5770 solem
852 5734 1003 5772 suum
1027 5721 1157 5774 oriri
1179 5720 1303 5788 facit
1329 5738 1485 5792 super
1513 5722 1673 5776 bonos
1701 5731 1749 5775 et
1777 5721 1943 5775 malos
1975 5723 2124 5793 (Luc.

544 5806 715 5875 xxvn),
746 5810 872 5879 quid
904 5820 986 5865 est
1012 5812 1153 5881 quod
1188 5809 1273 5865 hic
1305 5812 1550 5867 hortatur
1585 5812 1803 5879 caelum,
1836 5815 2127 5884 apostolos,

543 5907 596 5951 et
633 5901 921 5970 prophetas
948 5914 1006 5959 ut
1035 5903 1339 5976 gaudeant?
1389 5906 1493 5959 Sed
1543 5907 1817 5962 Sciendum
1852 5890 1955 5975 est,
2001 5909 2130 5979 quia

2222 3437 2449 3483 mortem
2473 3470 2488 3491 ,
2542 3442 2687 3483 nunc
2736 3438 2995 3483 aeternam
3038 3429 3236 3483 sentiet
3270 3430 3553 3499 gehennae
3590 3442 3791 3501 pws

2221 3517 2421 3572 Verum
2477 3518 2583 3574 ista
2636 3520 2819 3575 omnia
2863 3520 3056 3575 beatus
3120 3520 3432 3576 Ansbertus
3507 3520 3793 3575 Ambmils

2222 3611 2388 3667 etiam
2419 3614 2485 3666 ad
2511 3627 2607 3667 eos
2637 3610 2825 3677 refert,
2853 3612 2945 3681 qui
2976 3612 3062 3668 his
3091 3611 3247 3668 malis
3272 3614 3562 3679 exterriti,
3593 3617 3707 3669 du:
3729 3620 3793 3666 αν

2224 3703 2450 3757 tendunt
2479 3717 2599 3773 qua:
2635 3701 2740 3758 sibi
2780 3702 2961 3758 futura
3002 3712 3148 3769 sunt,
3181 3704 3251 3759 ad
3272 3704 3623 3762 fructuosam
3650 3704 3796 3776 peni-

2223 3794 2448 3850 tentiam
2475 3809 2541 3850 ex
2571 3796 2670 3851 hac
2691 3795 3017 3850 contritione
3038 3793 3383 3865 confugiunt.

2295 3886 2363 3940 Et
2391 3885 2600 3943 sustulit
2643 3900 2778 3940 unus
2818 3886 3031 3957 angelus
3062 3887 3214 3957 fortis
3245 3890 3486 3957 lapideus
3523 3891 3675 3962 qusi
3706 3905 3796 3943 ns-

2223 3977 2383 4032 larem
2410 3992 2679 4048 magnum,
2707 3987 2754 4033 et
2779 3977 2919 4033 misit
2948 3979 3004 4032 in
3028 3996 3196 4046 mare,
3219 3981 3405 4036 dicens
3429 3996 3449 4034 :
3483 3982 3608 4037 Hoc
3633 3984 3801 4051 ἰιρα

2225 4068 2455 4122 mittetur
2477 4068 2716 4139 Babylon
2746 4085 2937 4140 magna
2965 4068 3061 4123 illa
3087 4071 3297 4135 civitas,
3323 4082 3378 4126 et
3408 4073 3559 4128 ultra
3580 4075 3696 4145 jam
3722 4088 3802 4125 ιη

2223 4161 2530 4217 invenietur.
2563 4162 2670 4217 Iste
2706 4161 2929 4233 angelus
2960 4163 3219 4219 Dominus
3247 4164 3411 4221 Iesus
3434 4166 3690 4221 Christus
3718 4172 3801 4226 est.

2226 4254 2318 4323 qui
2345 4263 2427 4308 est
2457 4256 2681 4310 nuntius
2709 4263 2947 4325 paternae
2974 4253 3289 4312 voluntatis.
3319 4257 3400 4313 De
3422 4274 3538 4328 quo
3558 4259 3804 4329 Propheta

2227 4347 2358 4402 dicit
2393 4366 2406 4401 :
2449 4345 2731 4403 Vocabitur
2765 4350 2941 4420 magni
2977 4349 3183 4403 consilii
3224 4350 3466 4421 angelus.
3506 4351 3643 4407 Cum
3673 4351 3801 4413 dicit,

2226 4436 2441 4493 sustulit
2487 4439 2712 4510 lapidem
2753 4440 3005 4494 molarem
3046 4457 3328 4511 magnum,
3366 4441 3475 4496 tale
3507 4451 3632 4507 est,
3671 4438 3806 4512 quasi

2228 4531 2411 4586 dicat:
2441 4529 2672 4585 Sustulit
2708 4532 2905 4586 molam
2944 4548 3213 4607 magnam.
3255 4533 3430 4591 Recte
3467 4545 3658 4591 autem
3690 4551 3807 4588 nus

2227 4625 2443 4695 angelus
2483 4625 2646 4681 fuisse
2674 4627 2907 4693 dicitur,
2936 4628 3063 4700 quia
3092 4644 3230 4683 unus
3265 4637 3351 4685 est
3396 4629 3692 4696 Dominus,
3720 4644 3805 4683 am

2207 4715 2394 4782 ﬁdes,
2424 4730 2591 4770 unum
2640 4716 2929 4787 baptisma.
2980 4717 3120 4771 Bene
3153 4716 3329 4788 fortis,
3370 4721 3503 4789 quia
3536 4721 3607 4775 ad
3640 4716 3805 4773 debel-

2230 4804 2419 4861 landas
2468 4821 2656 4860 aereas
2701 4815 3000 4877 potestates
3038 4807 3203 4862 venit.
3249 4806 3326 4863 De
3373 4824 3486 4879 quo
3538 4809 3807 4865 Psalmis

2231 4887 2361 4949 dicit
2391 4913 2404 4949 :
2440 4894 2690 4950 Dominus
2731 4896 2885 4966 fortis
2923 4906 2971 4951 et
3013 4902 3215 4967 poteris,
3254 4896 3523 4953 Dominus
3552 4913 3732 4969 potens
3766 4899 3812 4951 in

2230 4986 2412 5057 prwlio
2455 4985 2628 5061 (Psal.
2668 4987 2848 5059 uin).
2897 4986 3001 5057 Per
3043 4988 3263 5055 molam,
3307 4990 3625 5047 volubilitas
3667 4991 3812 5059 hujus

2234 5077 2416 5133 saeculi
2468 5078 2806 5147 intelligitur,
2852 5078 2907 5133 in
2961 5095 3067 5150 qua
3118 5081 3300 5135 multae
3348 5079 3591 5147 farina,
3638 5084 3691 5136 id
3743 5092 3815 5136 es

2233 5171 2415 5224 multa:
2445 5170 2799 5237 cogitationes
2831 5180 2888 5226 et
2929 5186 3074 5227 cura:
3108 5170 3437 5242 temporales
3471 5172 3636 5228 ﬁunt.
3666 5172 3815 5243 Lapis

2233 5271 2413 5318 autem
2438 5262 2658 5319 molaris
2684 5264 2951 5335 signiﬁcat
2975 5266 3183 5336 pondus
3202 5273 3581 5336 peccatorum,
3603 5270 3746 5336 quod
3770 5266 3813 5320 Ta

2234 5357 2422 5413 eadem
2452 5359 2663 5414 actione
2685 5359 3045 5419 contrahitur.
3066 5360 3135 5413 ab
3158 5356 3426 5413 elﬁciente
3450 5359 3671 5413 scilicet
3694 5357 3817 5412 ωιι

2234 5450 2377 5521 quod
2390 5448 2637 5505 elllcitur.
2657 5451 2732 5521 Ex
2750 5450 2851 5504 hac
2866 5449 3005 5505 mola
3019 5450 3274 5505 Dominus
3287 5450 3419 5505 dicit
3430 5450 3499 5505 de
3512 5450 3820 5505 hominibus

2236 5515 2289 5598 in
2314 5515 2832 5612 extremitatehujus
2853 5542 3033 5598 saeculi
3054 5543 3270 5615 positis:
3288 5542 3461 5597 Erunt
3482 5543 3613 5599 durs
3627 5544 3819 5598 ιιιυιει-

2231 5645 2326 5702 tes,
2358 5652 2464 5689 una
2502 5646 2816 5701 assumatur,
2839 5643 2887 5688 et
2908 5634 3078 5689 altera
3118 5633 3441 5706 relinquetur
3469 5634 3636 5708 (Luc.
3668 5634 3814 5705 xm).

2234 5720 2310 5781 De
2340 5727 2442 5782 hac
2467 5724 2630 5781 etiam
2660 5724 2801 5779 mola
2827 5726 3025 5780 dicitur
3054 5744 3066 5779 :
3100 5723 3238 5791 Quia
3262 5725 3353 5797 qui
3378 5726 3817 5782 scaudaliuurit

2234 5804 2395 5870 unum
2424 5815 2489 5870 de
2516 5813 2720 5873 pusillis
2745 5815 2860 5880 istis
2891 5815 3213 5870 credentibus
3240 5817 3292 5869 in
3319 5832 3427 5882 me,
3459 5818 3674 5887 expedit
3701 5822 3747 5871 ei
3769 5828 3815 5866 st

2232 5910 2581 5979 suspendatur
2622 5907 2765 5962 mola
2810 5908 3046 5963 asinaria
3085 5909 3139 5963 in
3180 5907 3312 5963 collo
3355 5909 3496 5980 ejus,
3536 5923 3589 5963 et
3620 5913 3813 5964 deuer-
