3972 6442
540 441 678 499 1167

533 738 696 794 vitale
724 738 947 803 habent,
976 737 1248 793 amittunt.

602 827 671 882 Et
695 828 885 882 iterum
905 827 1153 882 dixerunt
1180 844 1198 883 :
1228 827 1482 884 Alleluia.
1512 827 1820 887 Geminatio
1848 832 2117 889 sermonis

529 917 875 974 conﬁrmatio
893 925 998 974 est.
1020 917 1264 974 Ecclesia
1287 920 1432 975 enim
1456 935 1671 991 semper
1689 921 2012 1004 indesinenti
2039 921 2118 977 af-

528 1011 671 1070 fectu
693 1014 862 1068 Deum
886 1012 1090 1077 laudat,
1113 1027 1180 1068 ex
1200 1011 1354 1081 cujus
1379 1028 1612 1085 persona
1630 1013 1916 1070 Psalmista
1942 1016 2073 1072 dicit
2099 1034 2112 1070 :

523 1102 843 1160 Benedicam
857 1102 1142 1170 Dominum
1162 1104 1217 1157 in
1232 1105 1372 1158 omni
1392 1114 1639 1176 tempore,
1653 1123 1851 1176 semper
1866 1106 1983 1161 laus
2001 1108 2115 1177 ejus

521 1197 580 1250 in
610 1211 699 1249 ore
727 1211 842 1249 meo
869 1193 1044 1267 (Psal.
1077 1193 1295 1266 χχχιιι).
1327 1194 1552 1264 Duoque
1585 1196 1889 1253 meretricis
1925 1197 1982 1252 in
2012 1199 2114 1254 hoc

519 1284 639 1341 loco
667 1284 812 1341 facta
841 1292 1370 1351 commemorantur,
1411 1287 1553 1355 quod
1590 1286 1842 1343 videlicet
1879 1297 2110 1358 terram,

518 1376 624 1434 hoc
669 1385 776 1444 est,
801 1375 1040 1448 seipsam
1068 1375 1228 1431 malis
1257 1375 1511 1446 operibus
1539 1377 1865 1447 corruperit,
1890 1388 1947 1434 et
1969 1380 2113 1450 quod

517 1471 839 1542 sanguinem
883 1478 1198 1526 sanctorum
1248 1469 1466 1538 fuderit,
1503 1487 1605 1544 pro
1633 1473 1828 1544 quibus
1853 1475 2113 1545 gehennae

516 1563 828 1620 incendium
898 1561 1228 1619 aeternaliter
1287 1563 1596 1619 sustinebit.
1646 1564 1717 1618 Et
1765 1566 1941 1635 fumus
1993 1574 2108 1620 tor-

514 1664 825 1712 mentorum
868 1655 981 1726 ejus
1017 1654 1250 1716 ascendit
1288 1655 1345 1709 in
1390 1655 1588 1712 scecula
1629 1657 1964 1713 saeculorum.
2011 1659 2111 1715 llic

513 1745 696 1802 fumus
721 1761 830 1802 non
856 1745 1140 1816 praesentis
1165 1745 1349 1802 saeculi
1379 1747 1802 1817 tribulationem,
1827 1751 1922 1806 sed
1951 1760 2109 1807 aeter-

511 1859 640 1899 nam
689 1839 974 1913 signiﬁcat.
1020 1840 1174 1896 Unde
1233 1841 1590 1908 intuendum,
1645 1844 1770 1914 quia
1819 1859 1927 1900 non
1978 1845 2109 1902 dicit

997 440 1351 498 HAYMONIS
1387 441 1874 501 HALBERSTAT.
1914 444 2092 503 EPlS(

2197 443 2326 504 )PP.
2362 447 2543 506 PARS
2579 450 2622 507 Ι.
2653 482 2723 494 -
2755 453 3112 513 ΟΟΜΜΕΝΤ.
3148 457 3323 517 BlBL.

535 556 665 626 quia
691 519 820 611 illud
847 553 990 626 quod
1015 555 1179 610 vitale
1205 564 1325 611 erat
1354 555 1411 610 in
1437 555 1637 612 divinis
1661 556 1889 628 eloquiis
1919 557 2120 615 ell‘ude—
2145 563 2198 624 Α
2226 561 2450 620 thronos
2477 564 2706 636 ideoque
2730 585 2791 624 se
2827 571 3060 627 invicem
3103 573 3406 642 hortantes,
3437 576 3689 643 dicunt,
3731 582 3855 637 Alle-

535 655 683 714 runt,
711 657 766 701 et
790 647 844 701 in
866 646 1138 701 carnalem
1161 662 1381 702 sensum
1401 655 1698 715 verterunt,
1724 649 1830 718 ipsi
1856 649 2119 720 quidquid
2145 657 2164 682 ⁸

2223 653 2353 720 luia,
2396 655 2449 710 id
2479 667 2582 726 est,
2620 658 2861 717 Laudate
2902 663 3208 720 Dominum.

2290 743 2363 798 Et
2407 763 2509 801 vox
2559 749 2625 803 de
2661 751 2849 806 throno
2885 755 3063 820 exivit,
3114 756 3289 812 dicens
3313 775 3336 813 :
3383 758 3659 816 Laudent
3703 765 3850 818 dicite

2220 831 2331 888 Deo
2368 845 2568 908 nostra,
2613 856 2790 897 omnes
2827 845 2999 898 sancti
3018 845 3155 915 ejus.
3201 847 3317 904 Hoc
3363 866 3480 906 non
3513 853 3734 918 semel,
3762 857 3845 910 sed

2219 926 2382 980 etiam
2413 930 2652 986 secundo
2701 931 2760 987 in
2806 935 3091 1004 praamissa
3123 937 3403 997 locutione
3448 942 3686 999 factum
3733 943 3843 1016 legi-

2218 1032 2360 1084 mus,
2391 1020 2536 1088 quod
2564 1021 2657 1076 hic
2685 1023 2886 1080 iterum
2919 1027 3038 1082 ﬁeri
3054 1028 3296 1098 jubetur.
3324 1031 3440 1088 Sed
3469 1044 3540 1089 ut
3585 1035 3713 1106 ipsa
3735 1037 3839 1095 laus

2220 1107 2542 1166 indeliciens
2567 1127 2782 1184 semper
2823 1127 3156 1187 perseveret,
3190 1121 3308 1191 ipsa
3347 1127 3628 1181 membra
3661 1141 3834 1187 mutua

2217 1201 2600 1260 exhortatione
2636 1205 3021 1275 informantur,
3051 1222 3112 1266 ut
3149 1227 3341 1272 omnes
3377 1217 3436 1272 ei
3486 1217 3728 1276 laudem
3763 1224 3830 1278 di-

2216 1300 2364 1357 cant,
2402 1293 2632 1351 thronus
2660 1296 2806 1352 enim
2842 1299 2946 1368 ipsi
2991 1310 3118 1356 sunt
3139 1305 3283 1359 servi
3316 1305 3442 1362 Dei.
3501 1307 3660 1364 Cum
3712 1328 3826 1383 ergo

2213 1377 2282 1433 de
2307 1379 2506 1438 throno
2527 1385 2694 1439 exivit
2713 1401 2839 1454 vox,
2867 1397 2924 1443 et
2958 1406 3116 1447 aures
3152 1397 3393 1452 secundo
3420 1411 3727 1468 penetrat,
3751 1377 3820 1458 ni-

2212 1469 2414 1526 mirum
2442 1474 2585 1529 servi
2634 1475 2704 1530 ad
2737 1493 3036 1536 conservos
3076 1483 3487 1544 exhortationis
3543 1492 3819 1560 proferunt

2210 1562 2459 1618 verbum.
2495 1565 2697 1621 Verum
2724 1568 2779 1622 in
2806 1569 2911 1626 hoc
2938 1573 3082 1642 quod
3121 1577 3388 1646 sequitur,
3434 1589 3493 1634 et
3536 1584 3640 1654 qui
3681 1586 3812 1638 tine-

2210 1651 2279 1704 tis
2304 1651 2495 1721 Deum,
2518 1659 2746 1726 quaestio
2773 1661 2970 1730 oritur,
2996 1679 3166 1735 quare
3201 1667 3470 1727 timentes
3501 1651 3688 1730 Dirum
3714 1675 3811 1732 lau-

2210 1743 2340 1800 dare
2355 1748 2761 1819 praecipiantur,
2777 1769 2899 1812 cum
2929 1756 3047 1827 ipse
3059 1757 3296 1817 Joannes
3316 1763 3476 1819 dicat
3495 1765 3556 1822 in
3585 1769 3806 1839 Epistula

2208 1847 2302 1888 sua
2329 1853 2342 1888 :
2377 1835 2645 1903 Quoniam
2676 1842 2836 1900 timor
2858 1861 3077 1917 poenam
3117 1851 3300 1920 habet,
3343 1864 3460 1911 etc.
3488 1856 3602 1925 Qui
3634 1835 3802 1928 timet,

509 1933 784 2000 ascendet,
818 1933 914 1988 sed
940 1931 1193 1998 ascendit,
1228 1933 1354 2003 quia
1383 1933 1635 1990 videlicet
1669 1935 1721 1990 in
1760 1935 1986 2007 singulis
2012 1953 2092 1992 re-

2205 1940 2313 1980 non
2326 1935 2411 1982 est
2424 1929 2694 1998 perfectus
2723 1933 2778 1988 in
2811 1937 3095 1995 charitate.
3129 1940 3274 1997 Alibi
3297 1959 3526 2016 quoque
3550 1952 3799 2022 scriptum

506 2025 693 2098 probis
723 2023 963 2098 quotidie
995 2024 1224 2094 reproba
1254 2024 1449 2080 civitas
1477 2025 1794 2094 damnatur,
1827 2035 1882 2083 et
1909 2029 1978 2083 ad
2013 2029 2099 2084 in-

506 2118 646 2174 ferni
694 2129 885 2189 poenas
917 2115 1231 2181 deducitur,
1261 2116 1415 2188 .sicut
1466 2116 1706 2186 quotidie
1761 2117 2097 2174 Hierusalem

507 2207 706 2262 transit
729 2207 787 2262 in
815 2204 1040 2278 singulis
1065 2204 1253 2260 electis
1284 2205 1352 2260 ad
1377 2206 1607 2275 patriam
1639 2206 1938 2276 caelestem,
1972 2224 2098 2264 nam

507 2297 596 2354 hic
637 2312 734 2368 per
777 2294 986 2351 fumum
1029 2295 1247 2352 ﬂamma
1291 2306 1507 2353 interna:
1551 2313 1726 2369 preme
1764 2301 2096 2374 designatur,

504 2392 631 2463 quia
674 2391 862 2448 miseri
901 2391 957 2447 in
992 2402 1255 2449 aeternum
1295 2400 1423 2448 sunt
1465 2395 1772 2462 torquendi.
1803 2394 1904 2450 Hic
1947 2395 2098 2452 locus

503 2485 649 2542 valet
674 2492 866 2541 contra
895 2499 990 2541 eos
1015 2484 1109 2554 qui
1135 2483 1324 2540 dicunt
1348 2483 1491 2555 quod
1515 2485 1730 2555 reprobi
1756 2494 1880 2556 post
1900 2487 2097 2542 multos

504 2593 676 2633 annos
704 2576 774 2632 ad
797 2576 1028 2648 gloriam
1062 2577 1173 2632 sint
1216 2581 1512 2644 reversuri,
1539 2586 1730 2634 contra
1772 2581 2096 2637 sententiam

502 2667 740 2733 Domini,
763 2683 868 2737 qua
890 2667 1135 2722 dicturus
1159 2675 1245 2722 est
1269 2667 1375 2722 illis
1403 2686 1416 2722 :
1450 2667 1531 2722 Ite
1559 2668 1617 2721 in
1644 2670 1813 2739 ignem
1843 2681 2095 2726 wternum

501 2758 721 2831 (Matth.
748 2759 897 2829 xxv).
922 2758 1192 2828 Quidquid
1216 2759 1360 2814 enim
1387 2768 1652 2817 aeternum
1675 2771 1779 2829 est,
1806 2765 2093 2821 terminum

502 2867 611 2908 non
638 2852 836 2918 habet,
857 2859 913 2907 et
946 2851 1050 2906 hoc
1074 2859 1159 2907 est
1201 2852 1344 2923 quod
1370 2854 1458 2910 hic
1495 2853 1719 2923 dicitur,
1742 2853 1949 2912 Fumus
1977 2859 2094 2928 ejus

499 2941 733 2996 ascendit
779 2940 838 2994 in
883 2939 1080 2995 saecula
1125 2941 1472 3011 surculorum,
1518 2945 1647 3015 quia
1681 2946 1934 3003 videlicet
1979 2958 2091 3004 tor-

498 3041 702 3100 menta,
735 3031 931 3104 quibus
965 3032 1150 3089 miseri
1181 3041 1311 3089 tunc
1337 3034 1634 3101 tradentur,
1667 3037 1831 3094 ﬁnem
1859 3055 1968 3095 non
1999 3057 2090 3097 ac-

495 3123 721 3196 cipient.

2203 2025 2306 2082 est,
2329 2019 2455 2087 quia
2479 2037 2584 2076 non
2608 2033 2683 2078 est
2709 2027 2942 2106 speciosa
2966 2028 3084 2084 laus
3105 2032 3161 2086 in
3183 2049 3273 2089 ore
3295 2042 3598 2106 peccatoris
3620 2019 3792 2111 (Eccli.

2204 2107 2316 2179 xv).
2335 2108 2443 2165 Sed
2457 2113 2736 2170 sciendum
2749 2127 2833 2173 est
2847 2120 2974 2189 quia
2992 2122 3098 2178 duo
3111 2133 3238 2180 sunt
3254 2127 3507 2197 timores,
3523 2107 3789 2192 servorum

2203 2197 2452 2256 videlicet
2469 2211 2524 2258 et
2544 2204 2794 2262 ﬁliorum.
2819 2207 2975 2266 Servi
2999 2215 3142 2270 enim
3171 2216 3368 2274 timent
3385 2224 3789 2296 neﬂagellentur

2203 2304 2234 2344 a
2259 2290 2520 2349 dominis:
2551 2295 2647 2352 ﬁlii
2678 2309 2881 2370 autem,
2897 2318 2968 2360 ne
2994 2307 3182 2365 oculos
3203 2309 3469 2369 oﬁ‘endant
3482 2290 3563 2387 pii
3580 2323 3769 2389 patris,

2201 2391 2256 2438 et
2269 2383 2589 2445 haereditate
2603 2405 2791 2448 eorum
2822 2397 3123 2467 priventur.
3154 2403 3238 2459 lta
3262 2420 3377 2478 ergo
3401 2383 3550 2466 aliter

2202 2478 2448 2546 reprobi,
2480 2489 2645 2553 atque
2669 2486 2830 2544 aliter
2851 2490 3006 2560 justi.
3035 2495 3276 2566 Reprobi
3306 2500 3502 2567 timent,
3515 2519 3592 2570 ne
3615 2506 3758 2560 dam-

2203 2579 2402 2624 nentur
2427 2571 2483 2628 in
2515 2573 2728 2633 inferno
2753 2594 2855 2650 pro
2878 2581 2992 2638 suis
3014 2589 3287 2654 peccatis:
3323 2588 3463 2647 Justi
3489 2604 3685 2661 autem,
3705 2613 3768 2653 ne

2199 2654 2400 2727 aliquid
2421 2673 2668 2732 peccent,
2691 2670 2949 2726 etoculos
2974 2674 3056 2727 sui
3081 2680 3351 2736 creatoris
3374 2681 3657 2740 oﬂ’endant.
3671 2654 3770 2743 isto

2198 2745 2380 2818 itaque
2397 2750 2589 2812 timore
2609 2756 2862 2817 timentes
2878 2765 3267 2836 praecipiuntur
3277 2771 3510 2831 laudare
3527 2776 3702 2843 Deum,
3721 2786 3768 2833 et

2198 2838 2265 2894 de
2281 2855 2387 2911 quo
2405 2842 2694 2904 Psalmista
2716 2852 2880 2909 dicit:
2912 2854 3091 2914 Timor
3105 2859 3322 2921 Domini
3347 2879 3570 2924 sanctus

2197 2947 2324 3009 nens
2344 2935 2398 2989 in
2427 2939 2682 2996 saeculum
2713 2946 2894 3000 seculi
2924 2946 3100 3020 (Psal.
3125 2935 3655 3027 xvm.)—Pusillivet
3674 2980 3764 3017 uts-

2195 3025 2302 3095 gni.
2327 3025 2513 3086 Pusilli
2545 3041 2688 3101 sunt,
2719 3037 2812 3106 qui
2841 3054 2950 3096 non
2986 3053 3214 3113 possunt
3261 3025 3567 3118 penetrare
3605 3053 3762 3110 altiora

2197 3118 2473 3186 mysteria,
2497 3122 2693 3191 quibus
2724 3125 3014 3197 Apostolus
3033 3133 3196 3189 dicit:
3217 3136 3346 3192 Non
3365 3144 3524 3209 potui
3557 3144 3682 3198 vobis
3703 3144 3763 3197 io-

3733 465 3858 529 “63

568 3214 641 3270 Et
686 3214 984 3272 ceciderunt
1031 3217 1211 3288 viginti
1251 3227 1479 3290 quatuor
1524 3221 1752 3276 seniores
1787 3234 1836 3277 et
1863 3234 2092 3296 quatuor

2197 3210 2284 3280 qui
2307 3213 2461 3282 quasi
2484 3217 2867 3290 spiritualibus,
2893 3226 2985 3279 sed
3022 3235 3274 3300 tanquam
3294 3235 3546 3302 parvulis
3566 3239 3616 3292 in
3635 3239 3758 3291 Citri-

497 3306 779 3374 animalia,
805 3319 853 3362 et
883 3308 1238 3364 adoraverunt
1263 3308 1434 3365 Deum
1467 3311 1730 3368 sedentem
1756 3331 1916 3385 super
1945 3317 2091 3372 thro-

2197 3311 2300 3371 sto,
2322 3303 2408 3359 lac
2430 3306 2573 3362 vobis
2591 3320 2772 3380 potum
2796 3316 2939 3384 dedi,
2964 3335 3069 3374 non
3089 3337 3263 3377 escam
3282 3323 3374 3396 (II
3399 3325 3531 3383 Cor.
3565 3329 3760 3401 ut).Nec

497 3415 647 3465 num,
677 3397 902 3453 dicentes
928 3412 946 3450 :
974 3398 1159 3465 Amen,
1187 3397 1438 3454 Alleluia.
1463 3400 1618 3469 Quod
1646 3403 1834 3475 viginti
1863 3415 2094 3476 quatuor
2197 3403 2424 3464 Possum
2447 3398 2611 3454 etiam
2639 3401 2868 3474 implere
2893 3408 3107 3467 Domini
3126 3415 3442 3484 consilium,
3465 3436 3585 3491 quo
3603 3397 3692 3477 ait:
3708 3421 3755 3477 Si

495 3491 766 3557 seniores,
793 3490 899 3546 hoc
929 3489 1239 3562 signiﬁcant
1267 3500 1323 3548 et
1343 3501 1578 3563 quatuor
1605 3496 1882 3566 animalia,
1928 3499 1983 3554 id
2009 3507 2093 3556 est
2195 3491 2274 3583 vi"
2294 3493 2556 3562 Ρενῖεεεαε
2576 3514 2708 3567 ⁸³³6»
2737 3503 2867 3559 vade
2889 3514 2938 3559 ει
2961 3507 3119 3562 vende
3143 3512 3320 3566 οπιηία
3340 3489 3502 3583 σιιαί
3521 3517 3690 3582 “ita.
3719 3527 3756 3570 εί

495 3598 715 3640 omnem
745 3581 1044 3638 electorum
1089 3583 1408 3639 Ecclesiam.
1454 3585 1590 3652 Quia
1634 3589 1779 3643 enim
1817 3589 2091 3660 subjecto—
2194 3581 2264 3676 ξίξι
2292 3588 2630 3676 Ραγυρενὶδιιδ,
2655 3601 2706 3646 εἰ
2731 3595 2872 3662 veni.
2911 3606 2961 3651 et
3013 3615 3225 3672 sequere
3267 3581 3363 3658 me:
3393 3605 3621 3674 (Matth.
3651 3609 3753 3676 In).

494 3691 619 3732 rum
652 3673 796 3729 facta
823 3672 1118 3740 examinat,
1161 3681 1310 3728 recte
1355 3689 1453 3744 per
1500 3676 1783 3734 seniores:
1822 3680 1947 3749 quia
1986 3697 2086 3751 pa-
2192 3670 2373 3767 rflagiti
2399 3689 2528 3734 vero
2546 3688 2692 3767 sunt,
2721 3682 2788 3738 de
2817 3685 3012 3755 quibus
3035 3670 3148 3758 illse
3173 3670 3444 3750 Dominlts
3463 3697 3647 3752 dicit:
3679 3697 3756 3764 03'

495 3781 627 3824 scua
655 3774 873 3822 aeternae
896 3763 1190 3820 viriditatis
1229 3765 1475 3836 inquirit,
1511 3767 1670 3838 digne
1705 3784 1804 3840 per
1831 3771 2087 3828 animalia
2192 3763 2371 3861 fecerit
2393 3777 2444 3861 et
2465 3763 2722 3841 docuerit,
2738 3774 2824 3830 hic
2850 3793 3072 3850 magnus
3108 3783 3382 3839 vocabitur
3405 3787 3464 3840 in
3505 3806 3661 3861 regno
3683 3806 3762 3844 ac»

495 3857 781 3930 ﬁguratur.
823 3854 884 3910 In
905 3853 1164 3910 vicesimo
1210 3863 1394 3911 autem
1437 3864 1632 3927 quarto
1665 3874 1911 3928 numero,
1945 3863 2088 3918 sicut
2191 3856 2363 3913 10mm
2416 3859 2634 3933 (Μαιιιι-
2664 3866 2742 3939 ν).
2789 3867 2858 3924 Hi
2907 3885 3098 3929 omnes
3126 3874 3299 3934 Deum
3325 3853 3589 3949 Midam:
3615 3883 3762 3940 CUI“

493 3965 660 4021 supra
705 3947 912 4004 dictum
941 3953 1046 4012 est,
1070 3961 1261 4003 omnes
1288 3954 1472 4018 patres
1496 3956 1608 4003 tam
1640 3947 1852 4006 Veteris
1891 3949 2084 4007 Testa-
2189 3949 2246 4046 in
2276 3950 2542 4022 Ecclesia,
2572 3957 2628 4012 in
2665 3973 2774 4030 qua
2809 3964 3016 4032 pariter
3053 3969 3383 4038 consistunt,
3432 3947 3599 4046 juxta
3627 3976 3758 4032 illud:

491 4040 664 4098 menti
698 4034 863 4112 quam
900 4037 1040 4094 Novi
1078 4039 1456 4107 ostenduntur,
1497 4048 1722 4112 propter
1749 4043 2082 4114 duplicatum

491 4130 902 4195 duodenarium,
935 4129 1003 4186 de
1024 4131 1178 4202 cujus
1204 4137 1400 4187 natura
1428 4132 1560 4187 satis
1589 4133 1839 4203 superius
1875 4135 2080 4194 dictum

490 4235 598 4284 est.
642 4222 754 4279 Iste
797 4209 979 4279 autem
1029 4239 1190 4280 casus
1235 4224 1512 4282 seniorum
1537 4233 1592 4280 et
1619 4226 1934 4283 animalium
1973 4245 2082 4287 non

487 4314 729 4386 pertinet
767 4315 837 4370 ad
882 4315 1115 4381 ruinam,
1175 4315 1270 4372 sed
1314 4315 1384 4370 ad
1430 4315 1812 4375 humilitatem.
1868 4319 2082 4378 Cadunt

488 4405 638 4463 enim
662 4416 790 4462 ante
814 4406 1091 4462 sedentem
1106 4406 1161 4461 in
1191 4407 1407 4473 throno,
1430 4406 1485 4461 id
1505 4414 1586 4462 est
1613 4417 1741 4465 ante
1768 4409 1965 4478 Deum,
1987 4414 2079 4483 qui

487 4502 746 4574 praesidet
768 4517 879 4562 suae
915 4501 1188 4570 Ecclesiae,
1210 4503 1337 4574 quia
1357 4503 1676 4575 semetipsos
1709 4507 2079 4576 humiliantes,

434 4597 445 4670 λ
488 4592 753 4663 quidquid
779 4594 982 4650 habent
1003 4593 1057 4648 in
1088 4593 1194 4650 ﬁde
1222 4602 1277 4649 et
1322 4608 1501 4664 opere,
1556 4597 1661 4666 ipsi
1714 4599 1996 4669 deputant,
2045 4617 2077 4657 a

2187 4042 2396 4144 Parvus
2423 4058 2481 4105 et
2507 4067 2738 4125 magnus
2784 4057 2862 4114 ibi
2907 4071 3054 4130 sunt,
3107 4042 3447 4124 subauditur
3482 4071 3545 4126 in
3603 4087 3761 4144 regno,

2189 4137 2284 4194 ﬁlii
2312 4140 2638 4202 dilectionis.

2256 4227 2328 4284 Et
2349 4232 2528 4290 audivi
2548 4252 2724 4294 vocent
2749 4245 2902 4312 quasi
2922 4247 3062 4302 tuba
3094 4265 3321 4322 magna,
3360 4263 3417 4308 et
3440 4256 3590 4311 sicut
3617 4274 3760 4313 voces

2185 4337 2443 4393 aquarum
2473 4329 2781 4401 multarum,
2805 4346 2855 4391 et
2879 4339 3017 4394 sicut
3045 4357 3218 4396 vocem
3264 4347 3634 4404 tonitruum
3669 4367 3759 4404 Its-

2184 4430 2429 4488 gnorunt,
2451 4421 2736 4480 dicentium
2755 4444 2775 4482 :
2798 4429 3044 4486 Alleluia.
3069 4432 3263 4506 Magna
3281 4453 3381 4493 vox
3408 4443 3756 4510 canticorum,

2184 4523 2378 4580 magna
2405 4521 2490 4569 est
2517 4515 2730 4574 devotio
2757 4531 3088 4579 sanctorum.
3127 4524 3258 4594 Qdae
3283 4539 3436 4587 recte
3461 4533 3618 4591 tuba:
3637 4550 3760 4591 cor

2185 4612 2429 4670 paratur,
2459 4605 2587 4674 quia
2617 4622 2812 4681 magna
2840 4613 3122 4683 praedicat.
3153 4617 3306 4674 Unde
3332 4637 3435 4691 per
3460 4623 3667 4682 Isaiam
3688 4627 3758 4682 rii-

440 4685 445 4690 ’
487 4706 599 4764 quo
626 4691 746 4748 haec
771 4701 1152 4763 perceperunt,
1177 4693 1270 4763 qui
1298 4693 1466 4749 dicit:
1513 4694 1641 4751 Sine
1663 4713 1746 4751 me
1784 4699 1914 4754 nihil
1933 4709 2076 4770 pote—
2103 4675 2156 4734 D
2179 4693 2362 4750 οίιιιτι
2391 4696 2558 4763 Ωιιαεὶ
2598 4675 2736 4758 τιιΙηι⁷
2765 4675 2942 4763 exalia
2986 4727 3160 4767 vocent
3202 4675 3523 4774 tuannVox
3561 4735 3758 4792 quoque

485 4783 583 4840 stis
609 4783 803 4854 facere.
834 4782 1002 4838 Aiunt
1029 4798 1160 4854 ergo
1200 4785 1510 4852 adorantes,
1546 4787 1734 4852 Amen,
1767 4788 1820 4844 id
1861 4799 1948 4846 est
1996 4807 2080 4845 ve-

487 4894 606 4933 rum
632 4886 733 4947 est,
759 4877 885 4948 quia
912 4877 1024 4932 Deo
1053 4885 1240 4933 nostro
1263 4886 1347 4934 est
1377 4878 1496 4935 laus
1516 4889 1571 4935 et
1596 4881 1764 4952 gloria
1803 4891 1859 4938 et
1883 4883 2076 4952 virtus,

485 4971 579 5044 qui
601 4969 863 5040 judicavit
895 4969 963 5025 de
1006 4970 1295 5026 meretrice
1327 4987 1554 5044 magna;
1589 4973 1798 5044 justum
1821 4984 1904 5031 est
1933 4977 2075 5032 enim

483 5073 548 5120 ut
569 5063 662 5134 qui
686 5062 1001 5133 sanguinem
1024 5071 1335 5120 sanctorum
1357 5063 1518 5132 fudit,
1544 5066 1864 5135 sanguinem
1899 5067 2071 5135 bibat,

484 5155 591 5210 hoc
616 5161 724 5220 est,
749 5152 1043 5209 vindictam
1090 5152 1370 5226 sanguinis
1412 5155 1700 5210 sustineat.
1748 5156 1817 5211 Et
1870 5155 2075 5213 idcirco

484 5243 787 5300 laudandus
815 5252 921 5311 est,
955 5245 1050 5315 qui
1092 5246 1209 5302 sive
1252 5253 1473 5318 propter
1511 5245 1849 5317 voluptatum
1891 5248 2073 5305 illece-

483 5335 637 5401 bras,
684 5349 780 5392 seu
829 5343 1050 5406 propter
1094 5338 1372 5408 sanguinis
1420 5336 1762 5405 effusionem,
1805 5357 1914 5398 non
1969 5341 2072 5398 nisi

478 5427 625 5498 juste
645 5429 909 5500 reprobos
928 5430 1170 5499 damnat,
1193 5448 1285 5488 seu
1307 5435 1650 5489 condemnat.
1671 5434 1843 5492 Amen
1873 5436 2071 5509 quippe

484 5522 875 5597 interpretatur
916 5541 1097 5580 verum
1143 5544 1162 5582 :
1207 5525 1455 5594 Alleluia,
1503 5527 1718 5583 laudate
1761 5529 2067 5585 Dominum.

483 5613 620 5672 Cum
650 5625 833 5673 autem
856 5617 1083 5674 thronus
1109 5626 1166 5674 et
1203 5618 1392 5690 viginti
1419 5629 1658 5690 quatuor
1685 5621 1931 5678 seniores
1966 5636 2072 5678 una

484 5706 560 5761 sit
594 5706 860 5776 Ecclesia,
900 5709 1249 5783 distinguitur
1291 5711 1388 5776 ita,
1433 5711 1560 5782 quia
1609 5723 1666 5768 et
1691 5712 2015 5785 generaliter
2041 5730 2070 5768 a

481 5795 723 5865 Christo,
769 5807 829 5853 ut
856 5816 993 5856 unus
1041 5802 1285 5866 thronus,
1329 5812 1381 5858 et
1411 5804 1723 5874 specialiter
1775 5805 1828 5860 in
1877 5805 2072 5876 quibus

483 5888 597 5944 suis
640 5879 1085 5948 eminentioribus
1133 5891 1389 5950 membris
1435 5895 1668 5968 mystice
1706 5897 1858 5953 sedet
1906 5912 2067 5967 super

2179 4800 2440 4858 aquarum
2467 4791 2783 4862 multarum,
2814 4814 2916 4855 vox
2965 4811 3051 4858 est
3088 4805 3406 4875 populorum
3451 4813 3755 4877 multorum,

2177 4896 2331 4953 aquae
2353 4885 2496 4941 enim
2527 4888 2712 4944 multae
2739 4893 2921 4963 populi
2951 4906 3080 4952 sunt
3113 4899 3284 4962 multi,
3315 4900 3460 4957 sicut
3489 4919 3660 4974 supra
3689 4904 3756 4961 le-

2176 4976 2371 5047 gimus.
2394 4977 2455 5033 In
2477 4993 2611 5037 voce
2638 4991 2818 5040 autem
2850 4988 3214 5046 tonitruorum
3242 5007 3572 5064 magnorum
3601 5009 3761 5053 terror

2173 5067 2500 5138 exprimitur
2533 5069 2746 5140 iudicii.
2789 5077 3049 5136 Tonitrua
3097 5083 3294 5154 quippe
3347 5099 3552 5158 magna
3602 5104 3671 5145 ex
3709 5103 3760 5143 se

2174 5158 2450 5227 emittunt,
2480 5165 2697 5234 quando
2723 5166 2904 5238 impiis
2933 5179 3197 5228 terrorem
3232 5173 3400 5230 divini
3431 5176 3638 5246 iudicii
3677 5195 3759 5235 aa-

2173 5252 2440 5307 nuntiant.
2471 5252 2673 5312 Omnes
2703 5257 2904 5328 itaque,
2934 5261 2987 5316 id
3011 5271 3096 5317 est
3124 5265 3513 5333 praedicatores
3540 5279 3605 5324 et
3649 5270 3763 5326 sub-

2171 5344 2268 5402 diti
2305 5346 2581 5405 auditores
2628 5350 2860 5409 invicem
2905 5369 2964 5411 se
3011 5356 3296 5414 hortantes
3339 5361 3567 5417 dicunt:
3631 5363 3762 5418 Alle-

2169 5433 2298 5500 luia,
2329 5436 2382 5490 id
2431 5447 2516 5494 est
2544 5438 2786 5497 Laudato
2813 5443 3117 5501 Dominum.
3143 5478 3214 5488 —
3239 5448 3504 5515 Quoniam
3528 5453 3760 5523 regnauit

2176 5526 2434 5584 Dominus
2453 5530 2597 5588 Deus
2617 5545 2795 5592 noster
2813 5539 3155 5611 omnipotens.
3182 5543 3261 5598 Ac
3296 5545 3340 5598 si
3373 5545 3591 5602 dicant:
3620 5549 3680 5604 In
3700 5562 3764 5605 eo

2175 5620 2333 5676 nobis
2391 5623 2780 5684 collaudandus
2832 5637 2941 5696 est,
2993 5633 3247 5703 quoniam
3299 5635 3438 5691 sicut
3493 5639 3565 5694 ab
3611 5641 3761 5697 initio

2172 5712 2359 5768 mundi
2408 5716 2656 5787 regnavit
2691 5717 2746 5774 in
2794 5720 2951 5778 nobis
2995 5721 3262 5792 diabolus,
3311 5726 3394 5783 sic
3421 5727 3493 5784 ab
3522 5731 3757 5788 adventu

2171 5819 2269 5859 suo
2299 5807 2545 5878 regnavit
2563 5808 2678 5879 ipse
2700 5809 2972 5878 Christus,
2997 5821 3054 5869 et
3072 5829 3172 5870 nos
3195 5815 3288 5887 qui
3318 5831 3538 5874 eramus
3560 5819 3756 5876 dudum

2167 5910 2394 5965 regnum
2439 5899 2656 5966 diaboli,
2711 5902 2987 5960 transtulit
3028 5904 3084 5961 in
3131 5919 3357 5977 regnum
3383 5906 3573 5980 gloria
3624 5923 3752 5974 suae,

3937 663 3941 788 l
