3990 6332
260 457 403 515 1169

1163 457 1530 516 EXPOSITIO
1568 458 1634 514 IN
1675 456 2172 514 APOCALYPSIN.
2214 487 2282 497 -
2321 456 2449 512 LIB.
2493 455 2579 510 Vl.

3398 458 3538 513 1170

254 580 508 645 moriens,
536 586 590 634 et
621 577 777 634 tertia
825 577 913 632 die
953 591 984 630 a
1029 578 1258 631 mortuis
1303 591 1613 648 resurgens.
1671 567 1836 642 Cuius
1862 575 1918 635 Α
2011 572 2083 626 Et
2103 573 2286 627 datum
2310 582 2386 627 est
2405 571 2486 626 illi
2517 582 2574 625 ut
2614 573 2875 642 coaperiat
2916 587 2969 625 se
2999 572 3208 642 byssina
3235 569 3535 641 splendenti

253 675 416 730 etiam
451 671 695 743 potentia
722 669 779 726 in
818 670 923 726 hoc
945 669 1320 742 principaliter
1339 669 1664 734 ostenditur,
1699 681 1836 738 quo-

251 767 400 822 niam
438 765 534 836 qui
575 764 755 836 potuit
791 764 850 819 in
879 763 1148 834 principio
1199 763 1523 818 mirabiliter
1563 761 1840 817 hominem

255 857 512 920 formare,
543 854 658 926 ipse
687 851 988 908 mirabilius
1016 852 1256 908 moriens
1291 853 1346 907 in
1377 853 1486 907 ﬁne
1511 860 1838 921 temporum,

251 965 395 1013 eum,
423 946 515 1017 qui
539 946 799 1016 perierat,
828 944 1006 1016 potuit
1031 942 1351 1000 reformare.
1379 943 1448 998 Et
1471 943 1527 998 in
1553 942 1638 998 his
1663 941 1843 998 omni-

251 1041 352 1096 bus
375 1038 534 1094 simul
561 1037 806 1108 potentia
842 1035 986 1092 illius
1013 1034 1320 1090 ostenditur
1351 1042 1408 1090 et
1443 1033 1840 1089 misericordia.

319 1129 658 1186 Gaudeamus
679 1140 727 1185 et
755 1128 1074 1185 exsultemus
1098 1135 1148 1182 et
1166 1127 1350 1182 demus
1377 1125 1604 1198 gloriam
1624 1126 1692 1180 ei.
1716 1126 1845 1184 Haec

249 1237 356 1277 vox
380 1236 488 1278 non
511 1228 593 1276 est
610 1216 1024 1283 extraneorum,
1052 1217 1108 1272 id
1136 1225 1240 1284 est,
1268 1230 1377 1270 non
1405 1223 1492 1270 est
1509 1202 1842 1282 ladanum,

248 1329 612 1386 paganorum,
653 1313 802 1383 quia
831 1311 936 1368 ﬁde
964 1309 1172 1368 Christi
1191 1317 1248 1365 et
1289 1306 1563 1364 consortio
1604 1305 1843 1362 ﬁdelium

249 1405 412 1477 longe
448 1413 595 1473 sunt,
638 1405 735 1461 sed
759 1418 868 1460 vox
896 1403 1141 1459 omnium
1168 1409 1487 1458 sanctorum
1520 1398 1756 1482 invicem
1785 1415 1845 1456 se

250 1497 584 1554 hortantium
606 1507 666 1554 ut
684 1497 955 1569 gaudeant
970 1503 1028 1550 et
1047 1494 1339 1562 exsultent,
1361 1496 1596 1565 dentque
1619 1493 1845 1566 gloriam

245 1588 605 1659 omnipotenti
633 1589 766 1654 Deo,
794 1587 889 1658 qui
914 1587 1032 1643 sine
1055 1586 1188 1642 ullis
1218 1572 1642 1658 praecedentium
1666 1574 1842 1640 bono-

248 1695 370 1736 rum
398 1688 617 1735 actuum
647 1679 882 1744 meritis,
924 1677 1041 1734 sola
1067 1691 1164 1732 sua
1192 1676 1568 1732 misericordia
1616 1675 1684 1731 ad
1726 1684 1845 1731 tan-

248 1779 357 1826 tam
381 1784 478 1827 eos
500 1771 756 1842 perduxit
790 1769 1135 1841 dignitatem.
1168 1767 1433 1836 Quoniam
1455 1777 1703 1824 venerunt
1718 1791 1724 1802 ο
1741 1785 1843 1823 nu-

243 1863 364 1932 ptiae
390 1862 546 1932 Agni.
565 1861 791 1932 Nuptias
815 1861 870 1916 in
894 1875 1051 1916 sacro
1074 1859 1290 1930 eloquio
1307 1874 1449 1931 saepe
1475 1859 1704 1931 legimus
1723 1873 1846 1916 esse

1942 676 1991 720 et
2010 665 2256 720 candido.
2284 665 2425 732 Quid
2452 666 2524 722 sit
2549 666 2852 738 byssinum,
2895 667 3010 736 ipse
3037 665 3214 736 aperit
3237 681 3360 721 cum
3401 667 3532 722 sub-

1937 753 2115 828 iungit
2140 775 2152 810 :
2175 756 2459 828 Bgssinum
2485 759 2621 814 enim
2642 767 2764 812 sunt
2778 742 3188 830 justificationes
3208 768 3531 815 sanctorum.

1942 847 2369 905 Justiﬁcationes
2421 858 2599 906 autem
2656 857 2972 906 sanctorum
3024 849 3162 906 ﬁunt
3201 865 3301 920 per
3346 849 3533 918 ﬁdem,

1937 941 2093 1012 juxta
2125 941 2269 1010 quod
2289 939 2574 1011 Apostolus
2597 941 2766 996 dicit:
2792 939 3084 1011 Justiﬁcati
3113 958 3206 1012 per
3229 941 3406 1010 ﬁdem,
3433 959 3534 1012 pa-

1945 1048 2055 1087 cem
2074 1030 2360 1086 habeamus
2383 1031 2453 1085 ad
2496 1032 2688 1102 ipsum.
2731 1031 2899 1088 Fiunt
2924 1032 3090 1087 etiam
3119 1029 3536 1101 iustiﬁcationes

1943 1139 2042 1196 per
2069 1125 2296 1196 gratiam
2335 1123 2694 1194 baptismatis,
2721 1139 2820 1195 per
2859 1125 3327 1196 eleemosynarum
3361 1125 3540 1195 largi-'

1943 1223 2134 1280 tatem,
2153 1231 2254 1286 per
2276 1214 2620 1280 charitatem,
2643 1229 2763 1284 qua;
2783 1216 2961 1284 operit
2981 1215 3383 1273 multitudinem
3406 1229 3536 1287 pec-

1947 1313 2212 1361 catorum.
2247 1304 2314 1360 Et
2341 1304 2467 1374 quia
2499 1304 2598 1360 has
2617 1305 2851 1362 virtutes
2878 1306 3121 1363 Ecclesia
3143 1321 3174 1362 a
3204 1320 3263 1361 se
3288 1320 3398 1362 non
3433 1307 3536 1362 lia-

1945 1396 2058 1461 bet,
2101 1397 2196 1451 sed
2236 1409 2268 1449 a
2291 1394 2403 1450 Deo
2434 1395 2686 1465 percipit,
2713 1396 2919 1453 idcirco
2946 1397 3183 1453 dicitur:
3229 1397 3413 1452 datum
3460 1407 3536 1454 est

1945 1485 2047 1552 illi,
2084 1502 2116 1541 a
2147 1487 2258 1543 Deo
2301 1485 2528 1554 scilicet,
2576 1503 2608 1542 a
2641 1502 2749 1558 quo
2797 1503 2957 1544 omne
3004 1488 3207 1544 bonum
3252 1489 3534 1556 tribuitur,

1940 1588 2096 1661 juxta
2123 1580 2291 1636 illud:
2319 1578 2486 1636 Omne
2514 1580 2698 1637 datum
2732 1583 3006 1653 optimum,
3047 1592 3094 1638 et
3138 1600 3289 1640 omne
3331 1584 3530 1639 donum

1947 1675 2233 1745 perfectum
2255 1673 2531 1729 desursum
2553 1683 2652 1741 est,
2681 1673 2996 1730 descendens
3023 1693 3055 1731 a
3077 1674 3242 1730 Patre
3275 1675 3536 1730 luminum

1949 1765 2090 1839 (Jac.
2125 1766 2188 1838 ι).
2233 1765 2371 1822 Hinc
2411 1775 2469 1822 et
2511 1765 2712 1822 Paulus
2741 1766 2854 1822 ait:
2886 1765 3028 1832 Quid
3063 1767 3221 1822 habes
3245 1768 3385 1838 quod
3430 1783 3537 1822 non
3597 1777 3606 1784 '

1949 1859 2194 1930 accepisti
2209 1857 2304 1930 γυ
2333 1856 2456 1914 Cor.
2481 1858 2584 1930 tv.)
2612 1847 2672 1914 In
2701 1859 2807 1914 hac
2837 1859 3020 1929 itaque
3041 1859 3153 1914 vita
3174 1872 3274 1931 per
3295 1858 3457 1914 ﬁdem
3483 1868 3540 1916 et

246 1953 570 2022 appellatam
595 1950 797 2007 Christi
830 1960 885 2005 et
919 1950 1178 2007 Ecclesia:
1199 1950 1662 2022 coniunctionem,
1695 1950 1838 2006 unde
1865 1953 1916 2016 Β
1942 1951 2268 2006 charitatem
2293 1947 2608 2019 cooperitur
2635 1947 2902 2014 Ecclesia,
2951 1947 3010 2002 in
3054 1948 3145 2004 illa
3194 1956 3376 2002 autem
3419 1948 3538 2003 sola

246 2051 369 2098 est:
419 2041 604 2099 Simile
644 2053 718 2098 est
766 2059 984 2114 regnum
1029 2041 1279 2098 caelorum
1333 2041 1534 2097 homini
1575 2043 1706 2113 regi,
1745 2042 1836 2113 qui

246 2135 368 2205 fecit
389 2136 599 2206 nuptias
623 2132 768 2189 Filio
796 2151 892 2190 suo
925 2133 1142 2206 (Matth.
1194 2133 1352 2206 xm).
1395 2133 1647 2205 Sponsus
1690 2133 1836 2190 enim

245 2233 330 2282 est
362 2225 628 2290 Christus,
661 2239 858 2296 sponsa
904 2224 1167 2290 Ecclesia,
1199 2224 1326 2295 quia
1355 2225 1457 2280 sibi
1492 2215 1840 2296 desponSavit

246 2325 302 2373 et
347 2333 445 2388 per
484 2317 646 2391 ﬁdem
690 2326 748 2374 et
799 2317 1032 2389 gratiam
1080 2317 1444 2388 baptismatis.
1495 2316 1656 2373 Dedit
1706 2332 1838 2388 ergo

247 2408 494 2464 Christus
531 2409 655 2463 huic
697 2423 912 2480 sponsae
957 2408 1200 2475 arrham,
1234 2409 1288 2466 id
1316 2417 1401 2465 est
1443 2409 1626 2476 ﬁdem,
1663 2423 1836 2480 spem,

247 2499 604 2559 charitatem:
641 2508 698 2556 et
723 2514 821 2571 per
846 2501 964 2556 haec
989 2508 1106 2556 toto
1140 2501 1247 2556 isto
1276 2508 1523 2570 tempore
1553 2500 1838 2572 coniungi-

248 2602 336 2650 tur
357 2592 455 2658 illi,
489 2592 545 2648 in
570 2590 753 2648 futuro
778 2600 963 2648 autem
992 2590 1107 2662 iam
1136 2592 1189 2647 ei
1229 2605 1329 2663 per
1359 2606 1477 2648 rem
1513 2591 1836 2648 sociabitur.

248 2681 316 2740 Et
345 2701 482 2740 uxor
500 2685 614 2756 ejus
634 2683 951 2756 ρηεραναυίε
980 2700 1053 2738 se.
1081 2684 1199 2738 Duo
1225 2682 1378 2749 dicit,
1407 2698 1662 2754 sponsam
1683 2684 1838 2739 vide-

247 2774 391 2843 licet,
441 2783 498 2832 et
556 2789 785 2831 uxorem
833 2789 982 2830 nunc
1032 2773 1178 2829 enim
1227 2782 1414 2828 sancta
1467 2772 1712 2828 Ecclesia
1757 2780 1844 2829 est

245 2882 466 2938 sponsa,
497 2881 620 2923 cum
663 2874 846 2922 autem
875 2863 944 2920 ad
987 2863 1268 2934 amplexus
1291 2863 1394 2918 viri
1417 2863 1500 2918 sui
1527 2862 1692 2918 fuerit
1717 2878 1841 2934 per-

241 2959 429 3027 ducta,
457 2969 514 3014 et
535 2959 681 3030 quod
719 2973 863 3014 nunc
883 2957 1111 3013 videtin
1141 2972 1258 3028 spe,
1280 2956 1479 3012 viderit
1509 2957 1566 3012 in
1601 2971 1683 3023 re,
1711 2965 1839 3014 tunc

245 3051 352 3106 erit
388 3066 543 3106 uxor.
586 3049 938 3106 Consuetudo
985 3049 1186 3120 quippe
1213 3056 1298 3104 est
1325 3062 1494 3104 sacrae
1522 3045 1838 3117 Scriptum,

245 3151 304 3198 ut
347 3143 642 3214 aliquando
678 3157 909 3214 sponsas
957 3139 1194 3212 appellet
1241 3126 1464 3205 uxores,
1511 3147 1568 3195 et
1610 3153 1840 3212 sponsos

244 3237 429 3292 viros:
460 3236 767 3306 iterumque
809 3247 1040 3304 sponsas
1069 3247 1286 3297 uxores,
1325 3240 1382 3286 et
1426 3231 1653 3286 maritos
1679 3245 1842 3302 spon-

243 3343 353 3384 sos.
384 3326 537 3383 Unde
560 3325 894 3398 evangelista
918 3339 1044 3381 cum
1073 3324 1325 3395 superius
1360 3323 1589 3378 dixisset
1633 3322 1701 3378 de
1728 3321 1837 3376 Do-
1865 3313 1912 3377 C

246 3419 382 3476 mini
431 3429 645 3476 matre:
683 3417 816 3474 Cum
864 3427 998 3473 esset
1025 3417 1340 3489 desponsata
1382 3426 1553 3471 mater
1587 3414 1702 3486 ejus
1741 3413 1839 3470 Ιο-

242 3513 388 3584 seph,
429 3513 484 3568 in
516 3513 866 3583 sequentibus
889 3511 1118 3578 addidit,
1148 3510 1346 3582 Ioseph
1371 3517 1549 3566 autent
1597 3509 1677 3564 vir
1719 3509 1836 3578 ejus

244 3619 364 3659 cum
385 3613 516 3658 esset
534 3603 737 3674 justus,
764 3612 813 3658 et
854 3601 1014 3658 nollet
1052 3618 1168 3657 eam
1213 3601 1506 3678 traducere,
1548 3598 1711 3654 voluit
1753 3614 1840 3652 oc-

243 3692 384 3748 culte
421 3693 682 3746 dimittere
708 3693 879 3748 illam.
921 3693 1022 3749 Cui
1064 3701 1122 3748 et
1149 3691 1372 3764 angelus
1397 3692 1573 3747 dixit:
1606 3689 1734 3744 Noli
1773 3691 1842 3745 ti-

243 3801 387 3841 mere
435 3784 667 3854 accipere
717 3781 951 3836 Mariam
989 3783 1265 3853 coniugem
1308 3792 1455 3836 tuam
1505 3779 1720 3848 (Matth.
1773 3778 1838 3848 l),

245 3890 373 3930 cum
413 3872 645 3928 necdum
693 3870 902 3927 scilicet
948 3880 1096 3927 esset
1136 3870 1254 3940 ejus
1297 3885 1457 3925 uxor.
1500 3867 1629 3924 Tale
1669 3875 1842 3924 estet

245 3967 416 4022 illud:
452 3963 514 4021 Si
552 3965 802 4020 invenerit
842 3963 1073 4036 puellam
1116 3962 1484 4035 desponsatam
1522 3963 1578 4017 in
1608 3977 1761 4032 agro,
1788 3971 1840 4016 et

245 4057 520 4112 dormierit
540 4073 659 4111 cum
684 4073 765 4122 ea,
782 4065 951 4112 morte
970 4057 1249 4123 moriatur,
1267 4057 1391 4128 quia
1403 4054 1698 4110 humiliauit
1713 4069 1840 4109 uxo-

246 4167 359 4205 rem
382 4150 608 4220 proximi
650 4149 848 4222 (Exod.
895 4149 1054 4223 xxu).
1087 4148 1400 4220 Appetiatur
1431 4163 1651 4219 quoque
1676 4148 1763 4202 vir
1783 4153 1841 4203 et

248 4257 407 4309 uxor,
431 4257 661 4312 sponsus
686 4251 741 4298 et
759 4257 978 4312 sponsa,
1004 4241 1145 4297 sicut
1175 4241 1293 4297 Joel
1320 4241 1486 4297 dicit:
1517 4239 1840 4311 Egrediatur

245 4353 471 4408 sponsus
495 4335 560 4390 de
599 4334 760 4390 cubili
787 4351 906 4401 suo,
939 4343 988 4390 et
1009 4350 1201 4406 sponsa
1226 4333 1290 4388 de
1316 4332 1548 4388 thalamo
1573 4347 1668 4387 suo
1697 4329 1841 4403 (Joel

247 4430 336 4503 ιι).
355 4427 508 4496 Quod
524 4434 704 4482 autem
719 4425 852 4482 dicit
871 4443 884 4480 :
901 4424 1051 4481 Uxor
1075 4425 1190 4495 ejus
1211 4424 1528 4495 preparavit
1547 4440 1622 4490 se,
1645 4437 1752 4479 non
1775 4423 1842 4478 de

247 4521 353 4577 ista
387 4535 508 4591 qua:
545 4535 688 4576 nunc
717 4520 896 4592 agitur
924 4518 1319 4589 prcharatione
1345 4531 1444 4588 per
1493 4516 1655 4573 ﬁdem
1681 4516 1841 4574 intel-

249 4612 454 4684 ligitur,
498 4611 596 4668 sed
639 4611 826 4683 potius
860 4612 925 4668 de
969 4609 1060 4666 illa
1089 4610 1158 4666 de
1199 4623 1307 4680 qua
1354 4608 1617 4666 Dominus
1665 4609 1836 4667 dicit:

1939 2041 2205 2098 charitate
2231 2041 2512 2107 vestietur,
2555 2055 2676 2110 qua:
2700 2039 2874 2110 major
2899 2039 3094 2095 horum
3119 2054 3244 2096 esse
3272 2040 3534 2110 perhibe-

1941 2143 2048 2190 tur.
2075 2132 2146 2190 Et
2172 2134 2228 2189 in
2257 2133 2360 2190 hac
2389 2133 2656 2190 charitate
2683 2142 2873 2187 omnes
2916 2131 3153 2186 maxime
3191 2130 3538 2202 iustiﬁcatio-

1939 2240 2038 2282 nes
2063 2227 2390 2294 consistunt,
2426 2233 2648 2299 propter
2671 2239 2836 2296 quam
2867 2233 3065 2281 cuncta
3086 2238 3188 2296 per
3217 2223 3382 2280 ﬁdem
3409 2239 3538 2296 ope-

1941 2327 2151 2375 rantur.
2182 2319 2326 2376 Bene
2363 2327 2542 2375 autem
2573 2318 2857 2390 hyssinum
2906 2317 3198 2388 splendens
3245 2326 3302 2374 et
3345 2317 3536 2374 candi-

1941 2411 2072 2467 dum
2113 2411 2335 2479 dicitur,
2360 2413 2487 2482 quia
2525 2410 2781 2467 videlicet
2826 2409 2990 2467 nullis
3027 2416 3380 2482 peccatomm
3409 2419 3538 2465 tunc

1941 2502 2172 2559 maculis
2197 2503 2551 2560 offuscabitur
2577 2503 2879 2560 electorum
2908 2503 3264 2570 conscientia,
3302 2517 3424 2575 quae
3449 2502 3538 2558 hic

1938 2609 2040 2666 per
2066 2595 2250 2663 ﬁdem,
2280 2610 2451 2666 spem,
2481 2605 2537 2652 et
2556 2597 2877 2653 cbaritatem
2914 2595 3078 2653 fuerit
3105 2604 3320 2652 ornata.

2013 2684 2086 2741 Et
2113 2685 2241 2741 dicit
2279 2686 2448 2740 mihi:
2475 2685 2680 2743 Scribe.
2711 2685 2975 2744 Videlicet
2999 2687 3057 2744 in
3101 2689 3266 2745 corde
3309 2697 3423 2756 tuo,
3450 2689 3538 2746 vel

1943 2777 2110 2833 etiam
2133 2777 2308 2832 scribe
2335 2778 2392 2833 in
2425 2777 2588 2844 libro,
2620 2787 2681 2833 ut
2705 2780 2990 2848 perveniat
3017 2780 3086 2835 ad
3106 2788 3376 2852 posteros.
3405 2780 3538 2836 Nam

1941 2878 2001 2926 et
2025 2871 2170 2941 quod
2190 2869 2385 2926 Joanni
2410 2871 2628 2937 dicitur,
2655 2871 2804 2928 omni
2837 2872 3096 2928 Ecclesiae
3125 2871 3348 2938 dicitur,
3381 2874 3540 2945 cujus

1944 2960 2038 3017 ille
2064 2969 2193 3018 tunc
2221 2969 2407 3033 typum
2429 2962 2672 3034 gerebat.
2704 2960 2862 3018 Beati
2879 2966 2972 3036 qui
3005 2964 3076 3019 ad
3106 2982 3306 3021 caenam
3328 2970 3540 3038 nuptia-

1944 3070 2064 3108 rum
2105 3053 2240 3125 Agni
2277 3054 2446 3108 vocati
2492 3062 2636 3109 sunt.
2678 3053 2799 3110 Non
2841 3055 2912 3110 de
2940 3055 3028 3112 his
3075 3057 3278 3127 nuptiis
3326 3073 3448 3130 quae
3483 3062 3539 3117 in

1943 3144 2194 3214 praesenti
2235 3150 2491 3216 aguntur,
2537 3145 2641 3200 ista
2671 3145 2945 3214 dicuntur,
2989 3147 3059 3203 ad
3093 3163 3231 3220 quas
3267 3149 3422 3206 multi
3458 3152 3540 3208 in-

1945 3245 2092 3293 trare
2113 3235 2365 3292 videntur
2384 3251 2484 3308 per
2503 3237 2664 3293 ﬁdem
2691 3245 2746 3293 et
2766 3238 3123 3308 baptismum,
3149 3240 3248 3296 sed
3287 3256 3396 3297 non
3419 3242 3542 3300 ideo

1942 3335 2068 3385 sunt
2088 3327 2256 3395 beati,
2281 3328 2409 3398 quia
2441 3327 2604 3385 ﬁdem
2629 3344 2791 3401 quam
2817 3331 3018 3389 habere
3045 3333 3320 3402 videntur,
3341 3331 3543 3408 cperi-

1941 3423 2042 3478 bus
2068 3420 2364 3484 maculant,
2403 3421 2547 3477 unde
2569 3423 2834 3495 scriptum
2857 3433 2942 3480 est
2966 3443 2981 3480 :
3009 3425 3169 3482 Multi
3191 3437 3314 3482 sunt
3346 3429 3538 3494 vocati,

1940 3514 2096 3584 pauci
2114 3530 2235 3568 vero
2249 3512 2398 3568 electi
2412 3511 2630 3584 (Matth.
2644 3514 2762 3586 xx).
2788 3512 2896 3571 Sed
2917 3515 2985 3572 de
3004 3517 3090 3573 his
3108 3517 3315 3589 nuptiis
3330 3518 3436 3574 hoc
3459 3518 3543 3574 in-

1941 3603 2221 3676 telligitur,
2246 3604 2301 3658 in
2329 3619 2466 3675 quas
2490 3603 2829 3661 solummodo
2846 3607 2974 3662 boni
2998 3607 3298 3676 intrabunt,
3317 3610 3410 3665 ubi
3426 3607 3544 3680 iam

1941 3714 2050 3753 non
2077 3699 2182 3753 erit
2203 3699 2492 3768 quisquam
2514 3699 2610 3770 qui
2637 3699 2831 3772 dignus
2851 3700 2921 3756 sit
2938 3702 3154 3772 proiici,
3181 3718 3291 3759 non
3331 3703 3544 3760 habens

1940 3795 2147 3844 vestem
2177 3789 2494 3858 nuptialem,
2527 3791 2623 3844 sed
2665 3805 2855 3846 omnes
2895 3793 3142 3847 candidis
3167 3794 3322 3850 stolis
3343 3795 3540 3862 induti,

1940 3880 2253 3952 gaudebunt
2295 3880 2351 3934 in
2388 3887 2654 3936 aeternum
2698 3895 2823 3936 cum
2857 3879 3095 3938 Christo.
3139 3882 3248 3938 llas
3272 3885 3428 3940 multi
3454 3901 3544 3941 ex-

1939 3971 2071 4027 ituri
2093 3971 2318 4038 intrant,
2364 3971 2460 4026 sed
2499 3971 2623 4027 illas
2647 3972 2896 4043 quisquis
2921 3974 3090 4030 semel
3113 3975 3422 4042 intraverit,
3462 3977 3544 4032 ul-

1939 4063 2112 4119 terius
2138 4077 2247 4118 non
2296 4062 2486 4118 exibit.
2515 4062 2691 4134 Beati,
2746 4063 2802 4119 id
2831 4073 2916 4121 est
2962 4065 3175 4134 felices,
3216 4069 3308 4139 qui
3344 4069 3415 4122 ad
3443 4085 3544 4124 cte-

1941 4170 2067 4210 nam
2098 4154 2402 4225 nuptiarum
2441 4154 2600 4225 Agni,
2637 4155 2693 4211 id
2733 4165 2840 4224 est,
2880 4157 2950 4212 ad
2974 4174 3270 4230 supernum
3313 4158 3444 4216 illud
3484 4169 3542 4216 et

1941 4245 2164 4304 caeleste
2184 4245 2516 4314 convivium,
2541 4248 2710 4303 vocati
2731 4257 2854 4304 sunt
2896 4249 2952 4305 in
2980 4248 3077 4306 Dei
3116 4252 3457 4321 praescientia
3486 4260 3545 4307 et

1941 4338 2434 4410 praedestinatione,
2465 4337 2522 4394 id
2572 4346 2658 4394 est
2685 4339 2754 4394 ad
2784 4339 3102 4396 societatem
3130 4341 3450 4414 angelorum
3483 4351 3541 4398 et

1943 4438 2258 4487 sanctorum
2280 4428 2584 4496 hominum,
2611 4428 2686 4484 ibi
2707 4429 2815 4485 erit
2835 4429 3064 4487 refectio
3084 4431 3389 4487 animarum
3415 4446 3542 4506 san:

1945 4532 2178 4588 ctarum,
2195 4521 2247 4577 id
2275 4529 2359 4578 est
2383 4535 2626 4592 praesens
2647 4517 3036 4592 omnipotentis
3054 4521 3152 4578 Dei
3171 4521 3368 4578 vultus.
3384 4521 3542 4600 Unde

1945 4612 2232 4669 Psalmista
2274 4611 2444 4667 dicit:
2479 4609 2732 4666 Satiabor
2756 4610 2884 4666 dum
2924 4612 3349 4682 manifestabitur
3369 4612 3542 4685 gloria

250 4702 430 4764 Media
475 4713 622 4759 nocte
667 4703 868 4758 clamor
911 4703 1082 4774 factus
1119 4711 1218 4768 est,
1252 4717 1368 4757 ecce
1413 4717 1637 4774 sponsus
1677 4703 1837 4770 venit,
1870 4685 1920 4748 ί)
1945 4715 2038 4760 tua
2059 4703 2234 4778 (Psal.
2260 4703 2396 4774 xvi).
2422 4702 2499 4759 De
2519 4703 2626 4759 hac
2645 4717 2802 4761 omna
2823 4713 2878 4761 et
2901 4705 2956 4761 in
2979 4705 3272 4778 Evangelio
3291 4693 3536 4763 dicitur}

249 4797 386 4851 exite
426 4795 634 4850 obuiam
677 4797 745 4850 ei.
791 4795 939 4850 Tunc
993 4803 1333 4852 surrexerunt
1386 4811 1564 4850 omnes
1617 4796 1841 4867 virgines

249 4884 380 4951 illas,
417 4895 464 4941 et
497 4875 1120 4956 ornaueruntlampades
1149 4902 1296 4940 suas.
1326 4884 1476 4940 Tunc
1520 4886 1657 4942 venit
1685 4901 1843 4956 spon-

250 4995 364 5046 sus,
387 4989 435 5034 et
459 4995 578 5051 quia
609 4986 812 5050 parata:
831 4984 1004 5043 erant,
1025 4978 1354 5032 intrauerunt
1376 4977 1448 5032 ad
1486 4978 1696 5048 nuptias
1721 4993 1843 5030 cum

249 5090 311 5129 eo
348 5071 564 5145 (Matth.
620 5069 770 5143 xxv).
803 5070 910 5126 lsta
957 5077 1042 5126 est
1073 5069 1408 5142 coniunctio,
1456 5069 1674 5140 quando
1720 5082 1843 5139 qua:

252 5165 537 5222 dicebatur
561 5177 780 5234 sponsa,
827 5163 1022 5219 transit
1067 5161 1123 5217 in
1169 5159 1477 5235 coniugem.
1531 5160 1598 5216 Et
1623 5175 1748 5216 cum
1784 5160 1843 5216 in

253 5259 366 5314 ﬁne
386 5257 569 5315 saeculi
590 5257 696 5314 ista
720 5257 1031 5329 coniunctio
1049 5264 1106 5312 et
1127 5255 1454 5329 prmparatio
1478 5257 1670 5312 debeat
1698 5254 1842 5323 ﬁeri,

247 5350 366 5424 iam
389 5350 533 5407 facta
557 5365 679 5408 esse
721 5349 958 5406 refertur
997 5349 1055 5406 in
1099 5349 1196 5405 Dei
1225 5347 1720 5422 praedestinatione.
1777 5347 1848 5404 Et

253 5439 382 5498 ideo
403 5456 590 5498 omnes
607 5439 743 5510 iusti
767 5440 836 5496 ad
877 5441 1019 5496 hanc
1046 5439 1448 5513 coniunctionis
1478 5439 1715 5512 speciem
1744 5455 1843 5494 an-

254 5531 466 5599 helant,
499 5539 557 5587 et
591 5529 828 5587 invicem
873 5545 933 5587 se
977 5530 1260 5586 hortantes
1306 5530 1535 5588 dicunt:
1586 5528 1840 5585 Gaudea-

253 5640 377 5680 mus
400 5634 452 5680 et
475 5621 791 5678 mallemus
821 5630 873 5678 et
901 5622 1083 5678 demus
1120 5621 1343 5693 gloriam
1365 5623 1433 5678 ei.
1467 5621 1655 5678 Potest
1677 5622 1842 5678 etiam

256 5728 316 5774 et
343 5717 416 5773 ita
443 5715 690 5788 intelligi,
714 5714 862 5786 quod
903 5729 1026 5772 cum
1073 5713 1201 5770 illuc
1226 5714 1470 5772 Ecclesia
1511 5714 1842 5788 pervenerit,

258 5809 369 5866 ista
397 5807 467 5863 sit
487 5807 720 5863 dictura.
749 5805 820 5862 Et
842 5805 948 5862 hoc
973 5805 1274 5876 praevidens
1303 5806 1528 5876 spiritus
1569 5821 1671 5878 pro
1694 5812 1848 5863 certo

259 5899 506 5964 futurum
528 5899 602 5957 ita
629 5907 840 5968 narrat,
871 5897 1028 5976 quasi
1060 5896 1172 5972 iam
1205 5898 1275 5970 sit
1303 5897 1525 5974 factum.

1945 4794 2143 4851 Beatus
2161 4795 2250 4866 qui
2272 4793 2610 4849 manducabit
2629 4811 2821 4865 panem
2841 4796 2898 4850 in
2919 4813 3078 4868 regno
3098 4796 3199 4850 Dei
3220 4795 3374 4868 (Luc.
3397 4797 3536 4870 xlv).

1946 4887 2006 4942 In
2024 4887 2128 4942 hac
2149 4901 2306 4942 cmua
2329 4887 2448 4957 ipse
2475 4886 2739 4944 Dominus
2767 4888 2882 4944 suis
2909 4888 3242 4944 ministrabit
3267 4887 3538 4957 ﬁdelibus,

1941 4978 2097 5051 iuxta
2125 4977 2256 5032 illud
2279 4995 2292 5032 :
2321 4974 2615 5050 Prwcinget
2633 4995 2708 5044 se,
2732 4987 2783 5034 et
2803 4979 2963 5050 faciet
2981 4978 3102 5034 illos
3121 4979 3466 5048 discumbere,
3487 4991 3540 5037 et

1947 5069 2206 5123 transiens
2227 5068 2543 5124 ministrabit
2578 5068 2685 5123 illis
2707 5067 2860 5141 (Luc.
2887 5068 3008 5142 xu).
3045 5067 3193 5127 Bene
3216 5079 3398 5126 autem
3429 5086 3538 5128 non

1953 5160 2276 5225 convivium,
2306 5161 2402 5218 sed
2429 5175 2586 5217 omna
2614 5171 2859 5228 vocatur,
2887 5163 3013 5233 quia
3056 5163 3317 5218 nimirum
3343 5164 3400 5219 in
3431 5163 3540 5220 ﬁne

1951 5251 2134 5310 saeculi
2156 5251 2557 5323 adimplebitur.
2585 5253 2718 5310 Post
2754 5255 3040 5326 prandium
3083 5255 3231 5312 enim
3263 5269 3422 5312 omna
3447 5270 3537 5312 re-
3593 5283 3596 5286 -

1950 5351 2078 5411 stat,
2119 5352 2242 5416 post
2266 5359 2479 5402 caenam
2515 5354 2698 5402 autem
2740 5346 3047 5404 convivium
3095 5347 3302 5405 nullum
3331 5356 3535 5417 restat;

1949 5438 2045 5510 qui
2069 5453 2222 5508 ergo,
2243 5437 2398 5496 ﬁnito
2431 5437 2716 5508 praesentis
2740 5439 2868 5496 vita:
2908 5439 3162 5508 termino,
3189 5440 3255 5496 ad
3285 5439 3541 5498 refectio-

1951 5544 2076 5585 nem
2115 5543 2364 5600 supernae
2403 5531 2877 5602 contemplationis
2904 5531 3154 5600 veniunt,
3193 5533 3440 5606 profecto
3469 5535 3540 5591 ad

1948 5636 2160 5680 cwnam
2185 5621 2324 5694 Agni
2353 5629 2636 5677 vocantur.
2664 5620 2736 5676 Et
2760 5622 2887 5678 dicit
2919 5623 3069 5690 mihi,
3095 5622 3228 5679 Haec
3243 5624 3400 5680 verba
3439 5623 3541 5682 Dei

1947 5731 2068 5773 uera
2089 5724 2231 5770 sunt.
2283 5715 2340 5770 ld
2378 5723 2463 5770 est
2493 5715 2620 5785 quia
2642 5716 2787 5772 Deus
2806 5729 2975 5772 verax
3003 5724 3110 5783 est,
3129 5711 3229 5787 qui
3250 5731 3358 5773 non
3381 5732 3536 5773 men-

1949 5805 2084 5860 titur
2125 5804 2436 5874 aliquando,
2486 5811 2542 5859 et
2581 5805 2695 5862 htec
2721 5805 2884 5862 verba
2934 5821 3058 5878 quas
3107 5807 3228 5863 dico
3271 5807 3375 5864 tibi
3440 5807 3540 5864 Dei

1925 5899 2118 5984 rverba
2143 5906 2290 5976 sunt,
2318 5907 2376 5958 et
2415 5898 2540 5960 ideo
2581 5914 2681 5978 pro
2729 5909 2884 5964 certo
2927 5899 3151 5960 venient
3191 5914 3313 5976 quae
3355 5897 3541 5992 futura
