3990 6332
528 365 668 424 “75

999 361 1352 421 HAYMONIS
1389 357 1865 418 HALBERSTAT.
1904 358 2118 419 EPISC.
2157 357 2310 418 OPP.
2350 359 2530 418 PARS
2564 358 2607 416 Ι.
2633 390 2706 403 -
2727 360 3082 420 COMMENT.
3122 359 3296 423 BIBL.

3660 371 3787 434 H76

527 485 635 540 hile
661 486 714 539 in
743 499 840 540 sua
865 491 1076 550 natura,
1105 482 1306 538 factum
1330 491 1415 537 est
1432 479 1644 538 visibile
1664 495 1764 552 per
1787 480 2110 552 assumptio—
2135 482 2187 544 Α
2211 479 2372 535 mista
2397 479 2464 534 ad
2490 479 2662 551 ipsum
2691 477 2821 536 dicit
2850 497 2864 535 :
2905 477 3068 552 Virga
3090 489 3232 536 recta
3250 487 3327 536 est
3349 481 3504 554 uirga
3527 488 3677 557 regni
3699 491 3780 545 sui.

527 595 652 636 nem
680 579 858 634 carnis
886 578 941 633 in
970 586 1172 633 nostra.

599 670 670 724 Et
695 668 952 734 eaercitus
987 670 1076 738 qui
1104 676 1224 722 sunt
1262 665 1318 720 in
1343 664 1491 732 caelo,
1519 665 1867 736 sequebantur
1887 679 2007 717 eum
2050 664 2109 717 in

527 761 668 829 equis
708 760 860 815 albis.
897 759 1185 815 Exercitus
1220 758 1309 813 hic
1357 757 1643 813 multitudo
1696 755 2014 826 intelligitur
2039 753 2107 808 ii-

525 853 743 909 delium.
796 851 1006 908 Caelum
1055 866 1268 922 quoque
1305 850 1547 906 Ecclesia
1585 857 1700 915 est,
1743 848 1883 903 sicut
1924 846 2108 916 saepis-

523 949 660 1004 sime
701 947 906 1002 dictum
943 956 1046 1002 est.
1095 946 1187 1001 Sic
1225 960 1355 1018 ergo
1404 945 1658 1000 dicuntur
1695 937 1967 995 exercitus
2014 937 2108 1007 qui

522 1046 650 1094 sunt
675 1038 729 1093 in
751 1037 918 1093 enatos
943 1036 1095 1106 sequi
1123 1035 1419 1098 Christum,
1445 1048 1568 1088 cum
1585 1030 1686 1102 ipsi
1713 1028 1987 1085 exercitus
2000 1027 2109 1083 sint

521 1132 743 1197 emtum,
774 1131 916 1186 sicut
951 1129 1204 1185 dicuntur
1231 1129 1286 1184 in
1317 1127 1516 1184 castris
1549 1124 1686 1180 inire
1715 1121 1964 1178 homines
1991 1135 2108 1177 cer-

422 1246 428 1253 -
524 1231 726 1286 tamen,
751 1235 874 1276 cum
903 1219 1017 1290 ipsa
1044 1227 1224 1275 castra
1249 1220 1360 1274 sint
1386 1217 1487 1288 ipsi
1517 1215 1610 1286 qui
1638 1222 2014 1286 praeparantur
2040 1214 2108 1267 ad

519 1313 740 1369 bellum.
787 1311 956 1368 Recte
1002 1321 1184 1367 autem
1231 1310 1503 1367 exercitus
1559 1314 1937 1378 nuncupantur
1964 1304 2106 1359 mul-

518 1406 778 1462 titudines
803 1414 1136 1472 sanctorum,
1155 1405 1280 1476 quia
1311 1405 1364 1458 in
1389 1404 1492 1458 hoc
1519 1401 1718 1458 saeculo
1746 1401 2028 1466 dimicant,
2054 1407 2112 1455 et

517 1512 733 1570 semper
763 1499 816 1553 in
847 1499 1143 1553 certamine
1166 1497 1471 1553 consistunt
1499 1506 1688 1550 contra
1721 1495 1924 1558 hostes,
1953 1493 2110 1549 vide-

515 1576 646 1644 licet
684 1587 945 1659 malignos
989 1589 1234 1660 spiritus,
1260 1587 1345 1644 vel
1373 1601 1658 1657 perversos
1683 1586 1955 1651 homines,
1995 1586 2110 1641 sive

515 1679 680 1734 etiam
727 1687 913 1733 contra
956 1679 1087 1734 vitia
1135 1679 1335 1734 carnis.
1377 1677 1516 1746 Equi
1557 1683 1738 1732 autem
1777 1676 1884 1732 albi
1913 1677 2109 1747 quibus

515 1771 754 1827 insident
798 1786 1025 1842 corpora
1074 1771 1293 1827 illorum
1338 1771 1537 1826 munda
1567 1770 1636 1825 ab
1678 1769 2104 1840 omni‘peccato.

515 1861 701 1932 Equus
745 1831 941 1932 quippe
972 1869 1056 1916 est
1095 1861 1388 1931 unicuique
1428 1868 1628 1915 sanctas
1673 1831 1881 1914 anima:-
1909 1874 2108 1930 corpus
2134 1831 2183 1892 Β

514 1971 670 2011 suum
692 1957 707 2021 ,
733 1953 874 2025 quod
914 1953 1164 2010 videlicet
1199 1954 1300 2008 scit
1338 1959 1395 2009 et
1433 1953 1502 2007 ab
1531 1951 1731 2007 illicitis
1761 1952 2108 2008 continentia

513 2063 572 2102 se
597 2045 749 2102 freno
776 2047 1125 2118 restringere,
1154 2053 1211 2100 et
1237 2058 1424 2100 rursus
1448 2043 1730 2100 charitatis
1765 2042 2018 2113 impulsu,
2052 2042 2108 2096 in

512 2135 960 2191 exercitationem
1031 2137 1160 2191 boni
1224 2134 1406 2205 operis
1465 2133 1730 2188 relaxare.
1798 2131 2110 2202 Sequuntur

513 2226 810 2292 Christum,
839 2228 965 2299 quia
989 2227 1284 2282 imitantur
1311 2225 1428 2296 ejus
1457 2224 1778 2280 munditiam
1803 2232 1860 2279 et
1889 2224 2111 2278 castita-

512 2326 656 2384 tem,
685 2320 1075 2375 mortiiicantes
1113 2335 1172 2375 se
1206 2333 1331 2374 cum
1359 2317 1509 2374 vitiis
1549 2323 1603 2371 et
1632 2315 2106 2386 concupiscentiis,

502 2406 661 2478 juxta
699 2408 830 2464 illud
863 2408 1106 2482 Apostoli
1139 2428 1152 2465 :
1185 2408 1503 2477 Mortiﬁcate
1538 2406 1772 2461 membra
1797 2414 1965 2460 vestra
1990 2419 2108 2475 qua:

509 2510 633 2555 sunt
675 2517 830 2570 super
859 2511 1082 2567 terram,
1115 2508 1222 2556 etc.
1253 2497 1403 2572 (Col.
1447 2498 1563 2571 ut).
1597 2495 1863 2568 Superius
1903 2496 2108 2575 dictum

508 2599 594 2646 est
620 2591 686 2646 de
712 2590 1032 2662 virginibus,
1062 2591 1208 2661 quod
1235 2599 1453 2646 centum
1485 2588 1845 2659 quadraginta
1875 2595 2108 2656 quatuor
2150 2631 2160 2639 .

509 2679 680 2735 millia
707 2690 1009 2751 sequuntur
1037 2680 1187 2735 illum
1215 2694 1540 2750 quocunque
1568 2678 1714 2733 ierit.
1750 2677 1904 2734 Unde
1933 2678 2109 2732 scien-

511 2771 641 2827 dum
657 2811 674 2838 ,
701 2772 830 2842 quia
864 2781 1164 2841 sequuntur
1189 2786 1314 2828 eum
1341 2779 1400 2825 et
1425 2767 1552 2835 alii,
1576 2768 1682 2824 hoc
1702 2775 1787 2823 est
1813 2776 2104 2839 martyres.

505 2863 880 2930 confessores,
914 2864 1186 2937 conjugati
1213 2865 1379 2920 etiam
1411 2864 1540 2920 boni
1560 2904 1575 2930 ,
1605 2862 1913 2934 specialiter
1939 2863 2107 2934 virgi-

510 2969 628 3012 nes.
651 2955 984 3028 Qui'gradus
1011 2966 1216 3026 quanto
1242 2955 1614 3022 excellentior,
1638 2962 1788 3010 tanto
1809 2963 1895 3010 est
1920 2955 2108 3024 utique

507 3062 735 3106 numero
779 3050 976 3105 minor.
1013 3047 1197 3105 Vestiti
1233 3051 1441 3121 byssina
1475 3049 1595 3104 albo
1639 3057 1688 3104 et
1729 3049 1946 3104 mundo.
1991 3047 2105 3105 Hoc

505 3152 592 3200 est
638 3143 946 3200 innocentia
991 3145 1294 3209 castitatis,
1338 3153 1395 3200 et
1432 3141 1711 3198 munditia:
1750 3143 1952 3198 ornati.
1982 3140 2104 3198 Jam

505 3234 652 3289 enim
692 3249 856 3305 supra
899 3235 1103 3292 dictum
1147 3245 1270 3304 est,
1316 3235 1448 3308 quid
1480 3235 1553 3291 sit
1577 3235 1885 3308 byssinum,
1921 3235 1975 3291 id
2016 3244 2102 3292 est

501 3317 921 3394 iustificationes
947 3334 1282 3383 sanctorum.

576 3416 647 3471 Et
670 3418 736 3473 de
755 3435 844 3473 ore
866 3419 1030 3490 ipsius
1051 3419 1285 3490 procedit
1314 3417 1524 3490 gladius
1567 3435 1634 3474 ea;
1677 3427 1902 3489 utraque
1950 3426 2101 3489 parte

505 3521 715 3568 acutus.
767 3510 992 3568 Gladius
1022 3527 1179 3568 sacra
1230 3511 1513 3582 Scriptura
1561 3511 1881 3584 intelligitur
1903 3553 1918 3578 ,
1941 3513 2098 3583 juxta

508 3602 641 3658 illud
662 3603 906 3672 Apostoli
933 3621 946 3656 :
978 3602 1048 3656 Et
1074 3602 1309 3672 gladium
1330 3603 1566 3672 spiritus,
1599 3602 1740 3673 quod
1782 3609 1859 3656 est
1887 3602 2098 3658 verbum

512 3691 608 3746 Dei
663 3691 882 3763 (Ephes.
934 3691 1035 3763 vi).
1081 3690 1160 3746 De
1190 3691 1296 3747 isto
1323 3691 1503 3762 gladio
1555 3691 1670 3762 ipse
1727 3691 1989 3748 Dominus
2043 3693 2110 3767 in,

507 3784 804 3855 Evangelio
822 3785 938 3840 ait:
973 3781 1098 3839 Non
1138 3785 1252 3840 ueni
1273 3799 1455 3855 pacem
1495 3785 1720 3850 mittere,
1748 3785 1838 3841 sed
1863 3783 2100 3855 gladium

507 3874 723 3949 (Matth.
764 3875 842 3949 x).
891 3875 1040 3931 Sicut
1091 3875 1238 3931 enim
1287 3875 1464 3947 gladio
1515 3876 1739 3947 ancipiti
1787 3876 2102 3932 inciduntur

505 3983 719 4036 carnes,
743 3977 800 4024 et
818 3969 1065 4024 membra
1091 3983 1124 4022 a
1149 3969 1410 4024 membris
1433 3977 1757 4040 separantur
1773 4010 1789 4036 ,
1814 3969 1893 4025 sic
1921 3968 2102 4040 gladio

503 4059 658 4115 verbi
681 4059 775 4114 Dei
825 4059 1139 4116 dividuntur
1165 4060 1294 4116 boni
1324 4075 1356 4115 a
1382 4060 1560 4126 malis,
1593 4059 1784 4116 ﬁdeles
1806 4060 1875 4116 ab
1901 4059 2098 4116 inﬁde-

505 4151 670 4208 libus.
703 4150 802 4207 Hic
841 4152 1005 4207 etiam
1049 4151 1258 4224 gladius
1284 4153 1342 4208 in
1363 4161 1598 4224 utroque
1624 4151 1975 4210 Testamento
2012 4153 2096 4208 in-

506 4241 787 4313 telligitur,
839 4242 967 4312 quia
1015 4242 1268 4300 videlicet
1321 4241 1451 4300 hinc
1509 4252 1734 4314 peccata
1787 4245 1987 4316 operis,
2043 4254 2102 4300 et

507 4333 656 4390 illinc
702 4342 1020 4390 resecantur
1064 4345 1287 4406 peccata
1339 4335 1698 4408 cogitationis.
1755 4335 1832 4391 De
1880 4350 1976 4392 ore
1999 4336 2098 4392 Dei

507 4426 774 4498 procedit,
791 4426 956 4498 juxta
971 4429 1117 4498 quod
1139 4428 1254 4500 ipse
1275 4427 1538 4484 Dominus
1557 4427 1689 4483 dicit
1715 4445 1732 4482 :
1763 4426 1888 4483 Non
1909 4429 1967 4483 in
1983 4429 2097 4484 solo

2133 3193 2178 3262 ὃ

2207 571 2446 640 thuasi
2477 571 2793 641 exponendo
2839 572 2967 643 quid
3010 581 3156 628 esset
3205 573 3322 630 haec
3370 575 3554 646 virga,
3577 580 3781 638 subdit:

2205 665 2452 721 Dilexisti
2493 667 2751 735 iustitiam
2788 677 2839 722 et
2879 668 3040 724 odisti
3084 669 3436 737 iniquitatem.
3479 700 3559 716 —
3592 672 3658 727 Et
3687 677 3782 744 ipse

2207 755 2371 811 calcat
2397 757 2633 812 torcular
2651 758 2755 814 vini
2779 759 2976 829 furoris
2995 761 3093 815 ira:
3120 759 3218 816 Dei
3237 763 3638 832 omnipotentis.
3662 765 3780 834 Quia

2206 858 2428 921 propter
2469 859 2694 921 peccata
2741 851 2964 908 humani
2999 853 3215 925 generis
3251 854 3459 924 quibus
3502 863 3779 927 promeruit

2207 938 2344 994 iram
2370 939 2488 1007 Dei,
2515 948 2759 997 mortuus
2783 949 2868 998 est
2895 941 3167 998 Christus.
3196 943 3366 1000 Nemo
3395 947 3553 1002 enim
3580 949 3777 1018 viveret,

2207 1035 2312 1092 nisi
2326 1035 2440 1108 ipse
2455 1043 2772 1092 moreretur.
2797 1035 2911 1092 Nisi
2923 1038 3066 1092 enim
3081 1047 3359 1108 peccasset
3377 1039 3598 1110 primus
3620 1043 3776 1110 homo,

2208 1127 2530 1184 immortalis
2557 1129 2863 1184 mansisset.
2897 1127 3006 1186 Sed
3052 1129 3181 1200 quia
3230 1131 3326 1186 Dei
3364 1141 3645 1202 praecepta
3673 1149 3779 1190 con-

2208 1219 2446 1290 tempsit,
2478 1220 2660 1274 statim
2712 1221 2850 1276 iram
2893 1219 2992 1276 Dei
3043 1221 3295 1288 incurrit,
3319 1230 3376 1278 et
3425 1233 3671 1282 mortuus
3691 1237 3771 1282 est.

2207 1308 2381 1377 Quam
2417 1319 2647 1366 mortem
2696 1325 2798 1382 pro
2827 1311 2982 1368 nobis
3029 1313 3472 1370 misericorditer
3493 1315 3658 1373 Filius
3697 1319 3771 1376 Dei

2208 1402 2527 1473 suscipiens,
2560 1402 2616 1456 in
2645 1417 2752 1472 qua
2783 1402 3024 1458 calcatus
3057 1411 3172 1468 est,
3209 1403 3478 1468 calcavit,
3502 1406 3624 1476 quia
3653 1408 3764 1463 hanc

2209 1509 2240 1549 a
2270 1494 2498 1549 mortuis
2547 1509 2862 1566 resurgens,
2889 1495 3096 1565 potenti
3133 1495 3336 1551 virtute
3362 1496 3653 1566 depressit.
3695 1498 3766 1552 Vel

2207 1601 2306 1657 per
2329 1585 2566 1642 torcular
2596 1601 2885 1656 possumus
2907 1587 3213 1658 intelligere
3235 1586 3641 1644 tribulationem
3661 1605 3766 1659 pra-

2207 1679 2380 1736 sentis
2409 1679 2557 1734 vitae.
2609 1677 2799 1735 Calcat
2847 1679 3113 1735 Dominus
3159 1680 3428 1747 torcular,
3458 1682 3562 1738 hoc
3587 1693 3662 1738 est
3692 1685 3762 1755 qui

2209 1775 2337 1824 sunt
2372 1767 2428 1822 in
2462 1766 2726 1823 torculari
2747 1806 2769 1833 ,
2793 1767 2848 1823 id
2901 1776 2986 1823 est
3027 1783 3218 1824 omnes
3245 1769 3486 1836 electos,
3517 1787 3646 1842 quos
3663 1788 3762 1843 pur-

2209 1867 2301 1930 gat
2327 1874 2428 1929 per
2450 1858 2612 1928 hujus
2656 1859 2782 1914 vitae
2813 1861 3113 1931 angustias.
3147 1859 3287 1916 Hinc
3313 1862 3600 1933 Apostolus
3622 1864 3760 1920 dicit:

2209 1946 2316 2004 Per
2352 1948 2546 2018 multas
2590 1948 2952 2004 tribulationes
2982 1959 3184 2020 oportet
3216 1967 3311 2006 nos
3344 1952 3543 2008 intrare
3585 1970 3763 2024 regnum

2209 2041 2326 2097 Dei.
2353 2041 2422 2096 Et
2441 2041 2698 2098 Salomon
2723 2060 2738 2096 :
2768 2040 3036 2114 Flagellat
3056 2042 3202 2098 Deus
3225 2059 3430 2098 omnem
3455 2044 3617 2113 filiam
3635 2061 3762 2114 qua:

2210 2135 2411 2205 recipit.
2442 2133 2597 2190 Sicut
2622 2135 2769 2189 enim
2811 2135 2867 2190 in
2916 2133 3176 2190 torculari
3225 2150 3349 2190 uva:
3386 2137 3688 2201 tunduntur,
3715 2145 3767 2191 ut

2208 2227 2334 2282 vino
2382 2228 2752 2297 promptuaria
2813 2227 3150 2300 repleantur,
3211 2231 3290 2285 sic
3336 2230 3576 2286 nimirum
3618 2230 3761 2285 electi

2208 2335 2584 2391 pressurarum
2622 2320 3004 2378 aillictionibus
3047 2329 3404 2387 conteruntur,
3439 2330 3492 2378 ut
3525 2323 3580 2378 in
3605 2323 3754 2378 cele-

2209 2413 2384 2469 stibus
2432 2413 2760 2470 habitaculis
2803 2415 3190 2471 recondantur.
3235 2415 3295 2470 Et
3334 2415 3452 2486 quia
3498 2415 3752 2486 patienter

2208 2505 2366 2562 electi
2390 2507 2526 2562 iram
2557 2507 2656 2564 Dei
2680 2509 2976 2574 sustinent,
2999 2525 3122 2579 quae
3149 2510 3511 2581 peccatoribus
3529 2509 3762 2574 debetur,

2208 2595 2412 2652 idcirco
2435 2596 2574 2652 bene
2621 2598 2736 2669 jam
2781 2599 2969 2654 vinum
3000 2599 3204 2656 furoris
3259 2601 3358 2656 ira
3377 2599 3473 2656 Dei
3496 2607 3762 2656 vocantur.

2209 2687 2494 2744 Sustinent
2538 2689 2686 2745 enim
2739 2690 2879 2746 iram
2907 2691 3003 2747 Dei
3030 2699 3256 2762 propter
3299 2699 3542 2762 peccata,
3593 2691 3768 2760 quibus

2206 2781 2385 2853 primo
2412 2780 2645 2848 homini,
2669 2790 2732 2836 ut
2764 2784 2966 2839 dictum
2996 2791 3106 2850 est,
3134 2785 3310 2840 iratus
3331 2792 3420 2840 est
3440 2784 3597 2849 Deus,
3621 2791 3672 2838 et
3700 2781 3766 2838 ei-

2208 2870 2465 2928 ilciuntur
2489 2873 2676 2928 vinum
2697 2875 2843 2944 quod
2871 2875 2926 2931 in
2971 2876 3262 2932 dominicis
3305 2877 3582 2949 apothecis
3607 2891 3767 2932 rectm

2207 2961 2372 3019 ditur.
2402 2963 2629 3019 Vinacia
2655 2972 2859 3032 autem,
2891 2965 2946 3020 id
2975 2975 3061 3022 est
3085 2981 3278 3023 omnes
3301 2968 3540 3039 reprobi,
3567 2981 3678 3021 cum
3702 2966 3761 3020 si-

2206 3053 2411 3110 militer
2438 3065 2776 3126 premantur,
2805 3056 2953 3114 foras
2973 3059 3358 3130 projiciuntur,
3387 3069 3448 3115 et
3485 3060 3554 3115 ab
3587 3059 3765 3116 illorum

2205 3146 2465 3202 societate
2494 3157 2832 3218 separantur.
2872 3148 2979 3205 Sed
3012 3149 3170 3206 electi
3212 3150 3425 3206 tamdiu
3451 3152 3629 3206 vinum
3647 3148 3766 3204 iuro-

2209 3241 2286 3296 ris
2310 3249 2459 3307 sunt,
2483 3255 2767 3313 quousque
2794 3242 2850 3298 in
2889 3243 3154 3300 torculari
3193 3243 3316 3300 vice
3345 3259 3474 3300 uvas
3491 3244 3762 3308 tunduntur,

2203 3339 2258 3388 et
2295 3347 2328 3386 a
2351 3332 2581 3389 vinaciis
2609 3343 2956 3404 separantur.
2983 3335 3056 3391 At
3089 3335 3182 3392 ubi
3207 3337 3586 3406 promptuaria
3603 3347 3762 3392 aeterm

2203 3423 2558 3491 intraverint,
2581 3424 2695 3494 jam
2724 3426 2991 3484 desistunt
3033 3442 3154 3484 esse
3196 3429 3398 3485 vinum
3431 3429 3646 3496 futuris,
3668 3427 3764 3500 quia

2203 3515 2402 3572 desinit
2432 3503 2662 3574 caleaiio
2686 3518 2995 3576 torcularis.

2273 3608 2343 3662 Et
2389 3609 2542 3664 habet
2577 3611 2634 3665 in
2672 3612 2976 3668 vestimenta
3007 3622 3057 3668 et
3087 3613 3144 3668 in
3167 3613 3363 3684 femore
3385 3631 3490 3670 suo
3522 3615 3766 3684 scriptu:

2202 3696 2314 3754 Rex
2335 3715 2514 3770 regum
2536 3709 2586 3756 et
2613 3699 2871 3758 Dominus
2917 3704 3326 3760 dominantium.
3368 3704 3479 3762 Per
3521 3706 3769 3763 vesnum-

2203 3796 2317 3845 tum
2346 3789 2582 3860 Domini,
2614 3792 2758 3848 sicut
2783 3808 2947 3864 supra
2970 3794 3230 3861 diximus,
3261 3811 3468 3868 corpus
3493 3796 3626 3853 illud
3649 3791 3769 3848 intel-

2200 3883 2414 3953 ligitur,
2445 3884 2590 3954 quod
2635 3884 2868 3942 Verbum
2915 3886 3012 3942 Dei
3061 3887 3234 3958 patris
3284 3887 3474 3943 anima
3537 3886 3771 3944 mediante

2202 3977 2438 4048 suscepit
2465 3976 2520 4032 in
2549 3985 2706 4034 utero
2728 3978 2977 4050 virginis.
2997 3978 3105 4034 Per
3127 3978 3308 4036 femur
3326 3995 3458 4037 vero
3487 3976 3774 4051 propagatio

2201 4071 2383 4126 carnis
2412 4071 2756 4142 exprimitur,
2792 4072 2936 4128 unde
2983 4073 3262 4130 Abraham
3311 4075 3548 4132 mittens
3586 4088 3771 4132 semini

2201 4175 2357 4216 suum
2397 4169 2459 4215 nt
2481 4162 2754 4234 acciperet
2787 4179 3016 4220 uxorem
3050 4164 3164 4222 tilio
3201 4181 3302 4222 suo
3325 4167 3396 4222 de
3425 4169 3596 4223 domo
3632 4163 3777 4238 patris

2200 4254 2337 4324 ejus,
2370 4255 2508 4312 dixit
2535 4257 2586 4313 ei
2613 4271 2630 4312 :
2663 4255 2811 4313 Pone
2843 4275 3060 4314 manum
3100 4269 3247 4314 tuam
3289 4259 3385 4314 sub
3429 4259 3634 4330 {more
3663 4273 3774 4320 meo,

2198 4358 2245 4402 et
2261 4347 2393 4417 jura
2412 4348 2542 4403 mihi
2559 4365 2654 4419 per
2687 4349 2972 4405 Dominum
2992 4349 3107 4406 mli
3125 4361 3174 4406 et
3197 4362 3352 4406 teme
3379 4350 3548 4423 (Gen.
3592 4351 3775 4420 xxxiv).

2199 4437 2454 4495 Praevidit
2473 4440 2620 4496 enim
2643 4441 2933 4498 Dominum
2965 4442 3091 4498 caeli
3113 4457 3182 4498 ex
3209 4458 3310 4499 suo
3357 4443 3580 4502 femore
3623 4445 3773 4500 nasci-

505 4520 781 4627 panenvivit
802 4521 956 4575 homo
977 4561 992 4587 ,
1021 4521 1112 4576 sed
1137 4521 1197 4576 in
1223 4519 1366 4577 omni
1401 4519 1556 4575 verba
1589 4517 1728 4592 quod
1768 4520 2000 4591 procedit
2027 4522 2094 4576 ab
2117 4563 2174 4627 Β
2199 4538 2403 4599 turum,
2434 4546 2534 4603 per
2574 4547 2736 4604 quem
2763 4531 3033 4602 adjuravit
3081 4549 3300 4590 servum
3326 4553 3342 4602 ;
3371 4533 3555 4594 Iacob
3583 4549 3776 4609 quoque

509 4625 599 4664 ore
620 4608 717 4664 Dei
747 4611 964 4682 (Matth.
995 4613 1092 4684 tv).
1123 4612 1233 4668 Isto
1267 4619 1451 4668 autem
1481 4612 1660 4685 gladio
1683 4612 1872 4671 ﬁdeles
1903 4614 2096 4671 vulne-

509 4710 702 4758 rantur
727 4703 794 4758 ad
820 4701 1049 4758 salutem
1096 4720 1272 4771 suam,
1313 4704 1559 4762 infideles
1605 4720 1738 4762 vero
1763 4714 1822 4761 et
1851 4715 2096 4781 contem-

507 4802 693 4865 ptores
719 4795 788 4850 ad
814 4795 1235 4852 damnationem.
1263 4796 1400 4853 Hinc
1421 4805 1478 4853 et
1503 4797 1812 4868 Apostolus,
1832 4801 1924 4870 qui
1954 4793 2096 4859 unus

509 4895 630 4940 erat
655 4899 723 4940 ex
749 4886 836 4942 his
868 4886 962 4958 qui
995 4885 1231 4959 gladium
1271 4888 1422 4943 verbi
1456 4888 1553 4944 Dei
1580 4891 1894 4960 portabant,
1921 4892 2088 4950 dicit:

512 4975 643 5031 Aliis
683 4992 864 5032 sumus
898 4977 1030 5033 odor
1055 4980 1172 5034 vita
1207 4979 1264 5033 in
1305 4979 1486 5046 vitam,
1525 4979 1646 5037 aliis
1675 4983 1807 5038 odor
1831 4984 2014 5039 mortis
2035 4985 2094 5039 in

511 5079 731 5126 mortem
753 5070 839 5144 (II
860 5071 984 5128 Cor.
1015 5074 1098 5144 ιι).
1143 5072 1296 5130 Unde
1329 5075 1609 5144 sequitur:
1639 5085 1696 5132 ut
1733 5078 1788 5132 in
1829 5079 1944 5149 ipso
1982 5095 2099 5149 per-

513 5165 678 5219 cutiat
702 5173 896 5234 gentes.
923 5163 1125 5221 Gentes
1147 5166 1199 5220 in
1223 5167 1326 5221 hoc
1354 5165 1474 5221 loco
1505 5181 1613 5222 non
1641 5175 1703 5223 ut
1725 5183 1888 5239 supra
1923 5168 2096 5226 malas

515 5265 702 5327 gentes
729 5256 1066 5327 signiﬁcant,
1092 5257 1188 5313 sed
1227 5258 1428 5325 bonas,
1453 5268 1677 5331 propter
1705 5261 1808 5316 hoc
1835 5262 1978 5332 quod
2008 5276 2096 5317 se-

515 5347 718 5418 quitur.
747 5347 818 5402 Et
837 5350 944 5420 ipse
968 5358 1104 5419 reget
1133 5365 1222 5404 eas
1244 5351 1302 5405 in
1326 5351 1473 5421 virga
1516 5351 1709 5421 ferrea.
1750 5353 1827 5408 De
1854 5353 1939 5410 his
1963 5369 2092 5424 gen-

514 5437 662 5495 tibus
685 5439 736 5494 ei
763 5447 818 5494 et
852 5456 952 5510 per
978 5440 1321 5497 Psalmistam
1351 5458 1382 5497 a
1411 5441 1572 5498 Patre
1600 5442 1797 5499 dicitur
1822 5462 1836 5499 :
1868 5444 2093 5502 Postula

512 5545 551 5586 α
569 5546 652 5584 me
675 5539 724 5584 et
743 5531 877 5584 dabo
907 5531 999 5586 tibi
1025 5542 1201 5602 gentes
1229 5533 1586 5590 hwreditatem
1611 5545 1755 5590 tuam
1785 5534 1958 5607 (Psal.
2005 5539 2089 5610 ιι).

513 5618 679 5693 Virga
725 5631 905 5679 autem
932 5623 1106 5680 ferrea
1146 5633 1385 5696 potestas
1431 5628 1746 5700 intelligitur
1786 5630 2095 5688 inﬂexibilis

514 5723 573 5771 et
601 5715 820 5795 invicta.
847 5716 904 5772 In
943 5717 1093 5790 virga
1117 5718 1293 5776 ferrea
1337 5731 1486 5794 reget
1533 5733 1757 5795 gentes,
1785 5724 1890 5780 hoc
1932 5728 2090 5783 estin

514 5807 673 5880 regni
710 5793 1052 5881 lenitudine,
1081 5811 1170 5869 vel
1195 5793 1471 5872 inﬂexibili
1495 5793 1727 5900 justitia.
1775 5815 1918 5900 Hinc
1941 5819 2093 5878 Psal-

2198 4623 2335 4679 dixit
2365 4622 2540 4705 :‘Non
2558 4625 2828 4695 auferetur
2865 4635 3128 4697 sceptrum
3166 4625 3233 4681 de
3271 4625 3443 4694 Iuda,
3489 4637 3548 4684 et
3593 4629 3698 4705 du
3727 4627 3782 4682 ds

2197 4703 2414 4786 femore"
2435 4715 2574 4787 ejus,
2617 4717 2781 4772 donec
2829 4718 3002 4773 ueniat
3045 4719 3138 4789 qui
3183 4717 3474 4780 mittendus
3519 4703 3617 4778 esti
3643 4718 3780 4792 (Ges.

2196 4809 2366 4878 χιιι).
2395 4809 2458 4864 ιιι
2492 4824 2590 4864 suo
2619 4810 2804 4880 itaque
2827 4811 3177 4878 vestimento,
3223 4811 3329 4866 hoc
3357 4819 3448 4868 est
3469 4813 3536 4899 ip
3565 4815 3784 4868 humano

2194 4915 2446 4972 corpore,
2475 4899 2610 4955 etin
2644 4899 2872 4970 femore,
2901 4903 2956 4958 id
2997 4912 3083 4958 est
3123 4902 3179 4958 in
3205 4901 3413 4973 carnali
3438 4904 3783 4976 propagatio-

2192 5005 2282 5058 ne,
2307 4991 2470 5046 habet
2505 4991 2766 5061 seriptum
2791 4991 2937 5062 quod
2965 4991 3038 5048 sit
3078 5006 3176 5048 rex
3201 4991 3411 5064 Regum
3445 5005 3512 5049 et
3541 4995 3791 5050 Dominus

2199 5081 2610 5138 dominantium.
2671 5080 2825 5138 Unde
2851 5079 3138 5138 Matthieus
3185 5083 3606 5153 generationem
3661 5084 3791 5140 illius

2195 5189 2295 5246 per
2328 5190 2484 5248 reges
2511 5175 2794 5241 describit,
2815 5175 2872 5231 id
2898 5183 2984 5233 est
3001 5190 3100 5246 per
3125 5176 3296 5232 David
3319 5184 3377 5232 et
3387 5177 3512 5250 ejus
3524 5188 3790 5250 posteros.

2197 5264 2364 5334 Cujus
2387 5266 2530 5321 dicta
2565 5281 2690 5322 cum
2713 5265 2962 5338 legimus,
2993 5275 3050 5321 et
3067 5267 3337 5323 veraciter
3361 5283 3492 5325 eum
3526 5285 3604 5326 ex
3631 5269 3792 5340 stirpe

2197 5355 2368 5414 David
2421 5356 2786 5423 descendisse,
2831 5371 3016 5430 regem
3056 5373 3248 5414 verum
3297 5362 3718 5432 cognoscimus,
3745 5368 3796 5416 et

2195 5447 2488 5514 credimus,
2522 5447 2580 5503 in
2609 5446 2822 5504 Domini
2841 5447 3049 5504 femore
3074 5449 3345 5506 credendo
3369 5451 3635 5522 legimus,
3657 5455 3796 5525 quod

2199 5541 2316 5612 ipse
2335 5541 2409 5598 sit
2435 5556 2534 5597 rex
2564 5557 2777 5614 regum.
2827 5541 3062 5598 Maxime
3106 5543 3256 5599 enim
3289 5545 3702 5614 promissiones
3737 5549 3800 5603 de

2197 5634 2314 5706 ejus
2363 5634 2740 5691 incarnatione
2791 5635 2865 5692 ad
2914 5634 3084 5692 David
3137 5633 3298 5692 factae
3323 5645 3488 5706 sunt,
3526 5653 3562 5694 e
3593 5639 3798 5710 quibus

2197 5743 2307 5784 una
2335 5737 2419 5785 est
2452 5748 2465 5786 :
2495 5728 2633 5786 Cum
2661 5729 2946 5786 dormieris
2993 5743 3124 5786 cum
3165 5729 3416 5801 patribus
3447 5731 3584 5799 tuis,
3621 5735 3801 5791 suscic

2199 5823 2324 5881 tabo
2371 5823 2441 5880 de
2489 5825 2697 5882 semine
2735 5833 2829 5894 tuo
2851 5863 2867 5892 ,
2904 5823 3051 5896 quod
3107 5822 3420 5900 egredietur
3465 5823 3534 5884 de
3585 5825 3801 5896 lumbis
