3972 6446
162 393 300 452 1177

1116 388 1483 448 EXPOSITIO
1516 388 1584 446 IN
1618 383 2124 448 APOCALYPSIN.
2161 387 2294 444 LIB.
2330 386 2444 444 VII.

3298 383 3435 440 H78

162 509 293 577 tuis,
320 518 376 567 et
395 509 700 566 stabilictur
725 523 950 581 regnum
977 505 1095 577 ejus
1118 507 1171 562 in
1192 506 1602 578 sempiternum.
1629 503 1747 574 Ipse
1771 503 1827 565 Α
1849 503 2101 572 apparuit
2123 503 2454 573 hominibus,
2481 504 2638 576 quasi
2664 503 2799 560 nihil
2821 513 3002 560 esset:
3033 504 3128 560 sed
3147 511 3434 574 postquam

161 603 268 660 erit
305 601 440 656 mihi
470 601 524 656 in
555 599 725 654 ﬁlium
753 639 768 666 ,
809 609 864 654 et
891 613 991 670 ego
1039 613 1135 653 ero
1174 596 1251 652 illi
1301 597 1355 653 in
1394 603 1604 668 patrem
1658 590 1743 664 (II

163 696 294 768 Reg.
342 694 462 766 vn).
494 692 670 764 Reges
696 691 787 747 isti
815 706 1045 762 quorum
1081 705 1179 746 rex
1208 688 1458 746 Christus
1486 695 1569 742 est
1591 727 1608 753 ,
1631 698 1746 741 om-

158 802 260 846 nes
297 785 470 843 sancti
497 792 643 851 sunt,
673 783 766 855 qui
803 798 863 840 se
889 790 944 840 et
967 783 1100 839 alios
1136 783 1273 839 bene
1297 789 1506 853 regunt.
1541 777 1748 846 Quibus

158 881 356 939 Petrus
385 879 516 936 dicit
541 897 554 933 :
604 875 710 932 Vos
741 878 866 933 estis
910 892 1072 948 genus
1099 874 1341 938 electum,
1367 870 1540 944 regale
1573 885 1749 925 sacer-

161 977 369 1032 dotium
417 973 471 1045 (ι
502 972 650 1028 Petr.
699 970 783 1044 ιι).
831 970 938 1042 Ipsi
983 977 1110 1026 sunt
1158 969 1324 1025 etiam
1358 965 1745 1029 dominatores,

160 1071 257 1143 qui
278 1067 706 1126 dominationem
730 1072 988 1123 exercent
1029 1077 1194 1134 super
1224 1058 1489 1125 subditos,
1525 1064 1750 1127 accepta

161 1170 432 1236 potestate
471 1162 527 1216 in
559 1160 724 1216 Petro
765 1157 1042 1231 apostolo,
1085 1153 1174 1211 cui
1200 1153 1464 1210 Dominus
1487 1152 1602 1206 ait:
1635 1149 1750 1204 Tibi

163 1255 301 1311 dabo
325 1253 492 1310 claves
512 1253 658 1324 regni
686 1249 932 1307 caelorum
955 1247 1172 1321 (Matth.
1194 1243 1331 1314 xvi).
1348 1243 1446 1299 Vel
1467 1243 1632 1298 etiam
1653 1255 1752 1312 per

165 1345 380 1404 Domini
428 1345 813 1402 vestimentum
866 1339 1110 1397 Ecclesia
1166 1336 1484 1409 intelligitur
1509 1377 1526 1401 ,
1585 1348 1751 1406 quam

165 1439 419 1496 Christus
447 1436 598 1494 fonte
630 1431 971 1507 baptismatis
1006 1429 1205 1494 abluit,
1240 1436 1298 1484 et
1326 1442 1436 1483 non
1462 1426 1752 1482 habentem

167 1533 438 1590 maculam
467 1537 563 1587 aut
588 1544 778 1601 rugam
802 1526 905 1583 sibi
929 1521 1300 1594 desponsavit.
1324 1519 1430 1576 Per
1451 1519 1631 1575 femur
1657 1533 1754 1573 au-

168 1634 278 1682 tem
308 1636 499 1679 omnes
524 1619 896 1690 intelliguntur
923 1614 1237 1680 Christiani,
1264 1613 1359 1684 qui
1386 1612 1669 1668 credentes
1697 1609 1753 1666 in

167 1716 469 1782 Christum,
492 1713 622 1769 facti
650 1719 776 1768 sunt
815 1711 912 1766 ﬁlii
963 1709 1096 1775 Dei,
1117 1707 1274 1778 juxta
1308 1707 1439 1763 illud
1477 1704 1703 1762 Joannis
1735 1720 1752 1760 :

172 1808 437 1880 Quotquot
463 1815 637 1862 autem
659 1803 991 1860 crediderunt
1021 1802 1078 1856 in
1103 1817 1244 1866 eum,
1266 1799 1410 1854 dedit
1431 1799 1506 1853 eis
1529 1805 1757 1869 potesta-

1852 596 2088 650 surrexit
2115 612 2146 650 a
2185 598 2436 664 mortuis,
2467 595 2644 654 factus
2675 606 2758 651 est
2804 596 2969 652 arbor
3009 611 3227 668 magna,
3270 596 3347 650 ita
3378 603 3440 651 ut

1851 687 1909 742 in
1944 687 2110 744 ramis
2146 687 2283 757 ejus,
2306 689 2410 746 hoc
2434 698 2516 746 est
2541 689 2594 744 in
2630 688 2894 744 doctrinis
2920 687 3283 760 Evangelicis,
3311 701 3441 744 aves

1852 779 1976 836 εωιί
1999 780 2262 848 habitent,
2298 783 2354 838 id
2399 790 2484 838 est
2508 781 2682 838 sancti
2713 781 3074 851 requiescant.
3101 777 3206 848 Qui
3237 779 3440 836 idcirco

1854 889 1982 930 aves
2025 874 2150 936 coeli
2177 874 2536 946 appellantur,
2568 875 2826 946 quoniam
2866 883 3050 932 mente
3079 873 3322 931 cmlestia
3346 890 3440 946 pe-

1854 973 1996 1031 tunt,
2026 973 2085 1021 ut
2114 981 2238 1020 cum
2265 966 2525 1036 Apostolo
2550 967 2731 1022 dicere
2760 967 2969 1038 possint
3000 985 3013 1021 :
3066 966 3266 1022 Nostra
3311 983 3438 1022 con-

1853 1058 2074 1113 versatio
2097 1057 2154 1112 in
2181 1057 2320 1112 caelis
2345 1067 2420 1113 est
2445 1055 2667 1130 (Philip.
2693 1060 2799 1130 ιιι).
2838 1059 2982 1115 Aves
3002 1058 3186 1129 itaque
3209 1058 3444 1130 appellat

1855 1158 2074 1207 sanctos
2098 1151 2155 1206 in
2195 1151 2400 1208 ccelesti
2430 1152 2538 1207 vita
2569 1152 2843 1224 degentes.
2873 1151 3006 1221 Quae
3028 1152 3166 1208 bene
3196 1168 3293 1224 per
3322 1167 3440 1209 me-

1855 1241 2002 1297 dium
2028 1241 2227 1298 ctelum
2255 1242 2440 1298 volare
2465 1242 2736 1310 dicuntur,
2760 1244 3017 1314 quoniam
3059 1259 3166 1300 non
3209 1245 3446 1300 terrenis

1855 1337 2020 1392 rebus
2046 1337 2332 1403 inhaerent,
2363 1338 2458 1393 sed
2485 1346 2684 1404 mente,
2733 1345 2795 1391 ut
2823 1337 3026 1392 dictum
3055 1345 3158 1403 est,
3202 1336 3444 1393 caelestia

1853 1435 2068 1508 petunt,
2096 1436 2152 1484 et
2196 1428 2400 1499 ubique
2438 1428 2782 1500 praedicando
2821 1428 3154 1485 discurrunt.
3205 1427 3320 1484 Hoc
3365 1434 3450 1485 est

1857 1515 2003 1591 quod
2034 1520 2165 1576 dicit
2188 1537 2282 1591 per
2304 1521 2534 1576 medium
2555 1519 2763 1588 cretum,
2791 1521 2847 1577 id
2872 1529 2957 1577 est
2973 1536 3072 1592 per
3089 1522 3326 1578 mediam
3346 1521 3451 1578 Ec-

1857 1613 2099 1669 clesiam.
2130 1613 2206 1669 De
2231 1614 2428 1684 quibus
2454 1613 2621 1670 Isaias
2644 1613 2812 1670 dicit:
2836 1612 2940 1680 Qui
2979 1624 3100 1670 sunt
3150 1615 3240 1668 isti
3265 1614 3355 1685 qui
3385 1622 3443 1666 ut

1859 1705 2019 1761 nubes
2066 1705 2262 1772 volant,
2293 1716 2343 1761 et
2387 1707 2541 1777 quasi
2579 1704 2833 1760 columbw
2860 1706 2929 1759 ad
2970 1706 3225 1775 fenestras
3271 1719 3396 1758 suas
3423 1702 3450 1758 ἵ

1861 1799 2000 1872 (lsa.
2033 1800 2164 1870 1.x.)-
2180 1798 2395 1854 Clamat
2420 1807 2602 1854 autem
2647 1797 2869 1869 angelus
2896 1797 3107 1862 avibus,
3139 1797 3195 1851 id
3224 1803 3328 1862 est,
3355 1808 3454 1865 per

169 1911 272 1957 tem
291 1901 429 1970 filios
452 1899 550 1954 Dei
596 1897 713 1968 ﬁeri
738 1895 934 1967 (Joan.
961 1894 1025 1967 ι).
1069 1893 1130 1950 in
1159 1908 1259 1949 suo
1276 1906 1408 1964 ergo
1429 1891 1754 1946 vestimento
1779 1891 1832 1954 Β
1858 1891 2127 1949 internam
2178 1891 2589 1963 inspirationem
2619 1890 2858 1961 loquitur
2885 1891 2986 1957 eis,
3020 1889 3205 1945 dicens
3231 1906 3242 1942 :
3268 1885 3452 1942 Venite

169 1994 302 2050 etin
323 2008 422 2049 suo
449 1991 676 2057 femore,
706 1990 812 2046 hoc
833 1996 917 2044 est
946 1987 1004 2043 in
1036 1986 1294 2044 cordibus
1317 1984 1612 2041 electorum
1633 1998 1759 2039 suo-

169 2105 316 2154 rum,
354 2086 520 2144 habet
550 2085 838 2156 scriptum,
867 2080 1024 2155 quod
1039 2081 1113 2138 sit
1137 2079 1250 2136 Rea:
1278 2095 1458 2151 regum
1499 2087 1549 2134 et
1576 2077 1760 2133 Domi-

171 2197 269 2236 nus
291 2179 696 2236 dominantium.

243 2266 312 2325 Et
349 2270 459 2324 vidi
490 2267 656 2324 alium
699 2266 942 2338 angelum
985 2273 1209 2320 stantem
1247 2263 1302 2318 in
1330 2261 1457 2318 sole.
1499 2260 1760 2332 Angelus,

171 2368 233 2416 ut
275 2374 416 2430 saepe
467 2359 671 2415 dictum
717 2355 1111 2422 est,Christus
1155 2352 1508 2423 intelligitur,
1553 2351 1622 2406 de
1654 2363 1780 2422 quo.

171 2451 443 2522 Propheta
474 2449 626 2516 dicit,
653 2447 869 2504 vocabit
907 2461 1104 2502 nomen
1153 2444 1271 2516 ejus
1313 2443 1498 2515 magni
1549 2441 1764 2498 consilii

173 2545 412 2619 angelus.
466 2544 620 2600 Alius
659 2550 839 2599 autem
881 2541 1080 2598 dicitur
1122 2548 1344 2611 propter
1388 2537 1571 2602 aliam,
1597 2550 1764 2606 quam

173 2639 411 2696 ostendit
430 2636 713 2703 visionem,
739 2650 805 2691 eo
829 2634 990 2691 modo
1023 2647 1132 2704 quo
1164 2640 1220 2689 et
1270 2632 1520 2702 superius
1559 2629 1765 2685 dictum

174 2740 282 2797 est,
305 2730 432 2802 quia
451 2728 616 2785 alium
638 2743 759 2784 esse
788 2727 1016 2784 dicimus
1042 2724 1340 2790 hominem,
1354 2724 1592 2794 priorem
1611 2722 1763 2778 locu-

176 2829 378 2883 tionem
397 2823 466 2880 ad
489 2839 589 2879 nos
617 2820 816 2878 factam
837 2827 1258 2892 permutantem.
1285 2816 1380 2874 Sol
1400 2817 1456 2872 in
1477 2830 1634 2872 sacra
1655 2815 1768 2872 elo-

176 2919 307 2990 quio
328 2917 571 2972 diversas
594 2915 757 2971 habet
791 2904 1236 2984 signiﬁcationes.
1275 2909 1579 2980 Aliquando
1622 2908 1769 2964 enim

177 3010 447 3084 signiﬁcat
474 3009 651 3080 ipsum
685 3007 996 3073 Dominum,
1011 3005 1154 3062 unde
1181 3003 1444 3075 scriptum
1463 3009 1576 3058 est:
1610 2999 1770 3056 Vobis

179 3103 481 3162 timentibus
506 3117 694 3157 nomen
714 3117 889 3155 meum
909 3099 1109 3154 orietur
1132 3095 1213 3152 sol
1225 3095 1452 3167 justitire
1484 3092 1642 3168 (Mal.
1667 3093 1766 3165 ιν).

178 3192 480 3264 Aliquando
510 3189 912 3247 tribulationem
940 3186 1397 3259 persecutionum,
1423 3193 1485 3240 ut
1507 3183 1770 3240 Dominus

1859 1996 1908 2042 et
1944 1986 2334 2057 congregamini
2363 1985 2432 2039 ad
2469 2001 2667 2040 mnam
2712 2000 2958 2056 magnam
2987 1982 3086 2038 Dei
3123 1982 3453 2052 omnipoten-

1860 2080 1945 2136 tis.
2001 2078 2144 2147 Quid
2198 2094 2296 2150 per
2341 2092 2578 2141 orenam,
2606 2077 2713 2132 nisi
2769 2077 3077 2133 convivium
3135 2073 3454 2144 intelligitur

1783 2218 1789 2225 .
1861 2180 2079 2227 aeternae
2099 2170 2448 2227 refectionis?
2466 2168 2636 2226 Vocat
2649 2185 2780 2241 ergo
2799 2184 2928 2224 aves
2945 2169 3013 2224 ad
3035 2181 3265 2229 scenam,
3295 2165 3350 2221 id
3370 2173 3456 2221 est

1861 2277 2054 2319 omnes
2081 2270 2301 2318 sanctos
2329 2263 2397 2318 ad
2425 2261 2612 2332 epulas
2643 2260 2796 2331 regni
2831 2259 3069 2326 venturi,
3101 2259 3322 2314 dicens:
3351 2254 3456 2310 γε·

1865 2355 1978 2412 nite
2006 2355 2279 2412 credendo
2299 2363 2354 2410 et
2377 2355 2520 2410 bona
2550 2353 2815 2410 faciendo.
2844 2350 3246 2423 Congregamini
3266 2348 3333 2403 ad
3358 2364 3454 2402 cm-

1865 2463 1990 2501 nam
2010 2446 2109 2502 Dei
2131 2446 2520 2517 omnipotentis,
2554 2445 2608 2501 id
2635 2453 2720 2501 est
2745 2443 2814 2500 ad
2837 2456 3127 2500 commune
3150 2439 3455 2497 convivium

1867 2547 2086 2596 teternae
2111 2538 2446 2595 refectionis.

1941 2629 2009 2686 Ut
2050 2631 2371 2687 manducetis
2400 2647 2582 2685 carnes
2608 2645 2789 2700 regum
2831 2638 2880 2684 et
2921 2644 3104 2683 carnes
3130 2626 3456 2680 tribunorum

1866 2737 1912 2783 et
1935 2741 2119 2781 carnes
2141 2725 2380 2795 fortium,
2409 2734 2459 2780 et
2481 2740 2666 2778 carnes
2693 2738 2969 2794 equorum,
2999 2731 3046 2775 et
3075 2720 3366 2776 sedentium
3404 2718 3460 2771 in

1867 2822 2014 2892 ipsis.
2049 2818 2188 2875 Hinc
2215 2828 2299 2874 est
2321 2819 2466 2888 quod
2492 2816 2656 2873 Petro
2683 2816 2820 2871 dixit
2845 2833 2858 2869 :
2896 2813 3091 2869 Occide
3115 2821 3162 2866 et
3197 2811 3459 2865 manduca

1871 2915 2012 2987 (Act.
2036 2913 2117 2985 x),
2149 2912 2203 2968 id
2225 2920 2331 2978 est,
2360 2911 2549 2966 occide
2575 2911 2630 2965 in
2655 2905 3386 2978 hominibusginﬁdelitatem,
3409 2909 3464 2956 et

1871 3007 1927 3062 in
1955 3020 2156 3076 corpus
2180 3013 2356 3067 tuum,
2385 3001 2532 3074 quod
2555 3011 2641 3057 est
2679 3000 2925 3055 Ecclesia
2953 2997 3162 3068 trajice.
3211 2995 3316 3050 Per
3339 3009 3464 3050 car-

1874 3110 2002 3151 nem
2030 3102 2213 3150 autem
2237 3094 2294 3149 in
2323 3093 2426 3148 hoc
2455 3092 2594 3157 loco,
2627 3099 2774 3146 totus
2805 3087 3122 3159 intelligitur
3147 3087 3330 3143 homo.
3358 3083 3464 3139 Ali-

1873 3187 2090 3260 quando
2138 3187 2282 3242 enim
2306 3186 2360 3241 in
2391 3184 2694 3256 Scriptura,
2728 3197 2826 3254 per
2863 3181 3101 3237 animam
3131 3188 3276 3235 totus
3303 3179 3466 3234 homo

182 3261 422 3344 diei—Vde
466 3283 764 3341 seminibus
812 3296 931 3352 (ιυω
963 3279 1281 3336 calidarum
1330 3291 1493 3346 super
1527 3283 1770 3345 Ρθιτοδῑιν
1797 3261 1844 3326 C
1875 3280 2158 3350 accipitur,
2205 3285 2266 3334 ut
2315 3277 2492 3332 illud:
2533 3275 2603 3330 Et
2649 3275 2837 3329 videbit
2883 3273 3050 3327 omnis
3084 3286 3207 3326 caro
3232 3268 3466 3324 salutare

181 3379 308 3449 quia
332 3377 542 3434 oriente
561 3374 675 3432 sole
693 3377 1078 3430 aestuaverunt.
1099 3367 1407 3439 Aliquando
1431 3363 1773 3421 manifestam

183 3488 299 3528 rem
353 3479 413 3526 ut
462 3467 613 3535 illud,
645 3466 790 3538 quod
841 3464 1090 3532 Nathan,
1145 3477 1213 3518 ex
1271 3473 1503 3531 persona
1556 3455 1773 3512 Domini

183 3568 319 3624 dixit
337 3565 406 3621 ad
429 3563 600 3619 David
627 3581 640 3616 :
675 3559 754 3615 Tu
784 3559 953 3630 fecisti
972 3555 1294 3617 abscondite.
1317 3570 1411 3624 ego
1432 3567 1550 3608 vero
1575 3549 1778 3620 faciam

185 3666 237 3722 in
255 3663 426 3721 oculis
447 3661 576 3719 solis
587 3659 746 3731 hujus
767 3656 852 3730 (II
867 3654 993 3728 Reg.
1009 3653 1134 3726 xu),
1150 3652 1204 3709 id
1219 3659 1303 3708 est
1317 3650 1373 3706 in
1393 3655 1602 3721 aperto.
1616 3644 1774 3715 Quod

185 3768 316 3814 tunc
343 3752 624 3823 impletum
652 3759 756 3814 est,
787 3748 1004 3819 quando
1026 3746 1264 3804 Absalon
1296 3743 1608 3799 videntibus
1637 3755 1776 3795 cun-

188 3850 293 3908 ctis
321 3847 601 3918 ingressus
623 3849 707 3898 est
737 3840 803 3894 ad
827 3852 1026 3892 uxores
1052 3836 1227 3906 patris
1261 3833 1367 3889 sui.
1394 3831 1464 3886 Et
1484 3829 1778 3886 Psalmista

188 3945 245 4001 in
292 3938 482 3996 eodem
511 3949 673 3992 sensu
707 3931 839 3988 dicit
887 3947 900 3984 :
951 3927 1020 3984 In
1047 3927 1156 3983 sole
1185 3926 1357 3996 posuit
1384 3920 1778 3978 tabernaculum

189 4049 344 4091 suum
378 4027 557 4103 (Psal.
599 4024 780 4096 xvm).
812 4022 890 4078 Ac
932 4020 978 4077 si
1016 4020 1261 4084 diceret,
1290 4013 1645 4072 humanitatis
1687 4028 1780 4068 as-

190 4127 418 4198 sumpta!
487 4126 888 4178 sacramentum
947 4115 1002 4170 in
1055 4111 1260 4167 lumine
1323 4105 1779 4165 manifestationis

190 4221 447 4281 ostendit.
479 4217 558 4272 ita
597 4229 728 4288 ergo
755 4214 815 4268 in
861 4212 966 4266 hoc
1000 4207 1120 4264 loco
1146 4204 1228 4262 sol
1256 4202 1626 4260 ostensionem
1659 4212 1780 4254 ma-

193 4313 402 4370 nifestae
424 4309 651 4366 visionis
709 4303 998 4377 signiﬁcat.
1029 4299 1089 4354 In
1127 4295 1241 4353 sole
1269 4295 1452 4364 itaque
1492 4298 1600 4347 stat
1625 4288 1782 4346 Chri-

192 4416 328 4472 stus,
372 4404 428 4461 id
469 4400 640 4459 estin
671 4395 963 4454 manifesta
1012 4391 1153 4456 luce,
1186 4395 1245 4444 et
1286 4385 1393 4441 ﬁde
1436 4383 1779 4456 populorum,

193 4503 450 4578 quoniam
479 4495 650 4570 gloria
698 4491 844 4548 illius
886 4489 943 4544 in
968 4493 1084 4542 toto
1112 4482 1248 4540 orbe
1275 4488 1549 4536 terrarum
1589 4472 1784 4531 diffusa

193 4569 297 4658 est.
325 4569 576 4652 Surrexit
602 4588 745 4644 enim
773 4601 804 4640 a
830 4579 1077 4643 mortuis,
1109 4574 1432 4647 praedicatus
1456 4578 1541 4626 est
1561 4569 1630 4624 ab
1653 4583 1782 4638 apo-

1872 3373 1972 3429 Dei
1998 3371 2156 3446 (Luc.
2182 3372 2290 3444 ιιι).
2315 3369 2502 3441 Neque
2521 3369 2667 3426 enim
2687 3376 2781 3423 aut
2799 3367 2994 3422 animae
3012 3366 3131 3421 sine
3149 3363 3470 3436 corporibus

1875 3465 2139 3536 ingressae
2176 3472 2304 3520 sunt
2336 3465 2392 3519 in
2419 3459 2738 3534 IEgyptum,
2771 3467 2867 3515 aut
2894 3473 3022 3514 caro
3048 3457 3167 3513 sine
3184 3454 3472 3512 animabus

1871 3556 2071 3614 Filium
2103 3557 2198 3613 Dei
2227 3556 2414 3611 videre
2441 3554 2674 3626 poterit;
2693 3553 2790 3609 sed
2819 3551 3000 3607 carnis
3030 3548 3120 3606 vel
3151 3549 3346 3604 animae
3373 3562 3474 3603 no-
3544 3565 3550 3570 ‘

1873 3649 2021 3705 mine
2065 3657 2212 3704 totus
2240 3648 2405 3704 homo
2451 3645 2788 3716 intelligitur,
2821 3643 2875 3698 id
2905 3650 2988 3698 est
3016 3655 3047 3696 a
3090 3647 3245 3711 parte
3274 3647 3469 3694 totum.

1872 3741 1952 3796 lta
1982 3755 2112 3810 ergo
2139 3747 2195 3794 et
2223 3739 2312 3793 hic
2339 3738 2400 3792 ﬁt
2419 3752 2544 3792 cum
2579 3735 2797 3799 dicitur,
2829 3742 2887 3787 ut
2919 3730 3246 3787 manducetis
3284 3744 3469 3784 carnes

1875 3846 2054 3901 regum
2083 3839 2131 3882 et
2153 3829 2504 3882 tribunorum.
2538 3825 2657 3892 Quo
2687 3825 2744 3879 in
2784 3823 2905 3877 loco
2932 3823 3162 3876 diversae
3188 3819 3471 3876 hominum

1877 3919 2167 3994 qualitates
2209 3917 2278 3972 ad
2331 3915 2608 3972 Christum
2659 3910 3092 3974 convertentium
3120 3907 3474 3979 comprehen-

1878 4015 2115 4071 duntur:
2149 4008 2288 4065 Sunt
2312 4007 2513 4078 quippe
2555 4005 2612 4060 in
2640 4002 2884 4060 Ecclesia
2925 4016 3096 4072 reges,
3145 4007 3271 4054 sunt
3294 4008 3351 4053 et
3376 3998 3474 4052 tri-

1877 4103 2028 4170 buni,
2077 4101 2133 4157 id
2175 4108 2260 4156 est
2286 4097 2515 4154 comites
2545 4103 2600 4150 et
2629 4091 2814 4150 caeteri
2855 4089 3129 4163 principes
3156 4086 3471 4153 nobiliores,

1879 4206 2006 4256 sunt
2030 4195 2202 4253 fortes
2231 4193 2335 4248 viri
2376 4185 2776 4247 bellicosissimi
2812 4171 2880 4240 ad
2903 4181 3178 4238 Christum
3203 4178 3470 4236 conversi.

1879 4293 1982 4349 Per
2023 4303 2192 4362 equos
2233 4294 2415 4341 autem
2461 4283 2518 4339 hi
2561 4279 2932 4352 designantur,
2983 4276 3073 4346 qui
3119 4275 3271 4346 prius
3316 4281 3475 4330 erant

1879 4381 2189 4454 voluptuosi
2210 4387 2266 4436 et
2286 4375 2503 4432 luxuria
2524 4369 2881 4441 coinquinati,
2904 4368 2972 4423 de
2993 4367 3189 4438 quibus
3213 4364 3475 4437 propheta

1881 4475 2012 4534 dicit
2032 4489 2048 4528 :
2066 4470 2205 4544 Equi
2227 4466 2487 4525 emissarii
2509 4463 2638 4535 facti
2657 4469 2779 4516 sunt
2802 4459 3134 4516 insanientes
3162 4458 3217 4512 in
3245 4456 3478 4512 feminas

1886 4569 2018 4643 (Jer.
2042 4569 2118 4640 v).
2135 4565 2204 4621 Et
2223 4563 2278 4617 in
2299 4557 2530 4616 Psalmis
2550 4557 2666 4628 ipse
2677 4553 2938 4609 Dominus
2957 4550 3231 4615 admonet,
3255 4549 3473 4604 dicens:

195 4632 651 4754 Exiguggaiiﬂ:
674 4632 843 4735 .mOdO
871 4675 930 4732 in
959 4632 1076 4728 tom,
1101 4632 1328 4733 l-nundos
1354 4674 1410 4728 ει
1454 4663 1509 4718 in
1537 4663 1640 4718 hac
1665 4632 1782 4715 lilce
1809 4632 1861 4691 D
1889 4632 2208 4727 Nolite'ﬁeri
2228 4655 2362 4710 sicut
2390 4667 2551 4722 equus
2573 4657 2621 4703 et
2646 4644 2822 4701 mulus
2848 4643 3035 4716 quibus
3061 4658 3166 4697 non
3185 4649 3259 4696 est
3278 4639 3478 4696 intelle-

197 4783 324 4842 ﬁdei
357 4752 486 4837 stat.
534 4773 604 4829 Et
632 4769 873 4828 clamavit
919 4780 1042 4822 voce
1081 4777 1275 4832 magna
1320 4755 1559 4812 omnibus
1603 4752 1784 4809 avibus

196 4893 315 4951 qius
339 4871 579 4930 volabant
606 4881 698 4938 per
729 4861 958 4918 medium
986 4857 1190 4913 cretum.
1227 4854 1370 4909 Aves
1405 4847 1657 4951 similiter
1688 4847 1787 4950 ali-

199 4938 418 5038 quando
444 4959 514 5016 in
562 4957 760 5013 bonam
804 4957 1014 5024 partem
1042 4954 1342 5018 ponuntur,
1390 4939 1680 5012 aliquando
1729 4938 1787 4992 in

201 5035 418 5124 malam,
450 5053 678 5122 ideoque
723 5061 823 5117 pro
879 5043 1121 5098 locorum
1167 5035 1522 5107 qualitatibus
1553 5039 1682 5088 sunt
1703 5044 1792 5085 ac-

201 5150 481 5225 cipiendae.
527 5147 587 5202 1n
624 5141 768 5200 malo
815 5137 1033 5210 quidem
1079 5139 1376 5205 ponuntur,
1422 5137 1485 5184 ut
1529 5125 1792 5183 Dominus

203 5223 336 5303 dicit
365 5245 431 5298 de
471 5239 634 5310 jactis
661 5231 977 5297 seminibus,
1009 5242 1128 5298 quae
1157 5241 1188 5280 a
1216 5223 1526 5280 volucribus
1549 5225 1790 5310 comesta

202 5340 349 5394 sunt.
377 5330 438 5385 In
464 5305 609 5384 bono
634 5333 814 5379 autem
838 5329 898 5377 ut
922 5321 975 5376 in
1017 5311 1310 5386 Evangelia
1335 5310 1568 5367 dicitur:
1601 5305 1792 5363 Simile

204 5434 290 5482 est
328 5433 555 5493 regnum
581 5414 841 5472 caelorum
868 5424 1037 5483 grano
1063 5405 1288 5478 sinapis,
1319 5402 1463 5474 quod
1506 5399 1790 5456 minimum

206 5525 294 5576 est
329 5490 582 5590 omnibus
623 5506 880 5564 oleribus.
934 5502 1043 5558 Sed
1081 5515 1206 5558 cum
1247 5498 1361 5568 jam
1403 5494 1601 5552 factum
1630 5490 1795 5547 fuerit

208 5613 264 5669 in
293 5584 496 5666 terram
530 5601 748 5667 crescit,
775 5607 831 5654 et
857 5611 1050 5669 magna
1091 5595 1152 5650 ﬁt
1185 5592 1370 5657 arbor,
1417 5589 1493 5644 ita
1531 5594 1596 5641 ut
1641 5584 1798 5640 volu-

208 5717 331 5760 cres
351 5697 475 5754 οωιί
519 5694 765 5752 habitent
810 5690 864 5745 in
909 5685 1078 5742 ramis
1106 5683 1222 5753 ejus
1251 5679 1465 5754 (Matth.
1490 5676 1633 5748 xm).
1660 5673 1797 5730 Gra-

211 5807 343 5851 num
369 5789 596 5861 sinapis,
624 5783 886 5841 Dominus
919 5789 1005 5835 est
1031 5775 1190 5833 Iesus
1217 5773 1488 5839 Christus,
1537 5769 1630 5841 qui
1661 5777 1797 5823 tem-

211 5904 343 5960 pore
383 5903 494 5946 sua:
521 5883 786 5944 passionis
828 5874 1188 5964 despicabilis,
1237 5879 1292 5928 et
1327 5870 1507 5934 minor
1545 5863 1798 5927 omnibus

1885 4764 1999 4808 ctus
2050 4748 2222 4824 (Psal.
2248 4744 2421 4816 xxxi).
2472 4741 2577 4797 Per
2601 4753 2842 4795 sessores
2877 4746 3058 4792 autem
3088 4733 3477 4790 haeresiarchas

1886 4842 2188 4913 intelligere
2217 4841 2530 4910 pessumus,
2572 4830 2666 4902 qui
2691 4829 2820 4885 dum
2867 4827 3209 4898 eloquiorum
3251 4825 3478 4880 scientia

1887 4932 2196 4992 carnalibus
2228 4929 2472 4986 eminent
2501 4924 2657 4996 quasi
2709 4935 2871 4992 super
2899 4919 3058 4973 bruta
3095 4914 3350 4971 animalia
3394 4915 3479 4970 in-

1890 5025 2087 5090 sident,
2119 5021 2306 5090 eisque
2340 5015 2464 5086 jure
2504 5010 2791 5084 potestatis
2834 5008 2902 5063 ad
2947 5005 3222 5077 quodlibet
3269 5003 3478 5061 facinus

1891 5116 2206 5171 abutuntur.
2236 5108 2344 5164 Sed
2384 5101 2676 5175 aliquando
2703 5099 2840 5156 tales
2887 5096 3059 5154 sancti
3109 5110 3206 5151 sua
3233 5093 3479 5150 doctrina

1893 5211 1962 5268 ad
1991 5209 2152 5265 ﬁdem
2175 5203 2377 5262 Christi
2399 5206 2741 5262 convertunt,
2768 5203 2825 5250 et
2863 5193 2930 5248 ad
2954 5190 3251 5246 bonitatem
3290 5187 3478 5244 Eccle-

1893 5303 1988 5358 siae
2014 5300 2258 5365 trahunt,
2285 5295 2472 5364 sicque
2501 5288 2656 5361 quasi
2702 5291 3000 5341 mactantes
3041 5297 3134 5338 eos
3167 5280 3476 5337 comedunt.

1894 5392 1964 5449 Et
1998 5407 2181 5448 carnes
2206 5387 2440 5443 omnium
2493 5382 2776 5437 liberorum
2810 5394 2874 5433 ac
2916 5391 3182 5432 servorum
3223 5384 3271 5429 et
3315 5371 3480 5445 pusil-

1897 5487 2071 5544 lorum
2111 5499 2174 5538 ac
2204 5491 2535 5550 magnorum.
2581 5470 2788 5528 Liberti
2836 5475 2962 5525 sunt
3012 5455 3252 5537 virgines
3291 5479 3476 5520 carne.

1901 5580 2056 5640 Servi
2071 5587 2250 5634 autem
2270 5572 2520 5644 conjugio
2536 5567 2775 5640 obligati,
2799 5565 2996 5637 quibus
3010 5561 3300 5633 Apostolus
3317 5560 3476 5615 dicit:

1901 5675 2034 5732 Cum
2061 5671 2194 5728 servi
2218 5665 2396 5724 essetis
2417 5661 2634 5736 peccati,
2669 5657 2819 5713 liberi
2857 5655 3029 5725 fuistis
3047 5651 3270 5722 justitia:
3305 5647 3478 5719 (Rom.

1899 5767 1996 5839 vl),
2029 5763 2084 5820 id
2105 5769 2189 5819 est
2216 5756 2376 5814 alieni
2407 5752 2584 5810 fuistis
2609 5766 2640 5806 a
2656 5747 2886 5820 justitia.
2915 5743 3021 5799 Per
3039 5739 3262 5813 pusillos
3286 5738 3483 5796 intelli-

1900 5834 2047 5946 gitur
2065 5857 2257 5932 vulgus
2291 5849 2546 5928 ignobile,
2591 5855 2648 5906 et
2678 5841 2969 5920 multitudo
3011 5835 3200 5920 plebis.
3237 5834 3341 5902 Per
3365 5850 3484 5910 ma»
