3990 6332
546 381 688 438 1185

1053 374 1408 433 HAYMONIS
1441 373 1923 431 HALBERSTAT.
1963 370 2134 428 EPlS(

2234 370 2370 426 DPP.
2411 370 2650 426 PARS].
2679 371 3108 430 -αοιιιιΕΝΤ,
3147 359 3317 434 Βιθι.

3713 385 3833 444 1188

546 502 660 572 ipse
695 498 916 555 Petrum
944 496 1046 551 sub
1067 509 1155 559 se,
1183 493 1401 564 quando
1435 491 1653 562 negavit
1702 489 1978 546 Christum
2013 505 2026 541 :
2072 493 2128 540 et
2153 483 2207 544 Α
2230 483 2515 541 Psalmista
2541 487 2672 542 dicit
2702 504 2716 542 :
2742 486 2862 542 Illic
2890 490 3135 543 sederunt
3159 491 3326 546 sedes.
3357 493 3484 565 Ipsi
3513 497 3679 553 enim
3722 511 3832 558 sunt

552 589 743 656 David,
768 587 985 660 quando
1019 585 1345 641 adulterium
1394 583 1557 640 simul
1602 583 1935 654 perpetravit
1953 589 2007 635 et
2035 580 2132 635 ho~

549 680 847 746 micldium,
878 679 973 734 sed
999 677 1211 747 signum
1241 675 1476 746 positum
1505 674 1607 729 fuit
1625 688 1789 745 super
1812 671 1984 737 illum,
2005 671 2134 742 quia

546 773 840 846 przevidere
869 784 976 824 non
1005 768 1197 840 potuit,
1222 765 1366 837 quod
1390 775 1618 836 uterque
1641 762 2134 836 per'pmnitentiam

546 865 616 920 ad
661 864 827 938 vitam
878 876 1194 918 reversurus
1245 867 1422 925 esset,
1453 867 1508 913 et
1557 857 1654 912 Dei
1704 855 2137 911 misericordiam
2179 903 2197 930 ,

548 959 957 1011 consecuturus.
991 950 1126 1018 Quia
1156 950 1338 1021 itaque
1362 949 1560 1015 nescit,
1593 948 1687 1018 qui
1717 947 2023 1018 pertineant
2065 947 2135 1003 ad

545 1043 722 1108 illum,
771 1043 862 1113 qui
899 1041 968 1096 ad
997 1039 1269 1096 Christum
1297 1081 1313 1106 ,
1343 1040 1546 1095 idcirco
1583 1039 1746 1094 etiam
1776 1053 1840 1094 ea
1870 1053 1990 1108 quae
2032 1038 2134 1094 sub

546 1141 663 1212 ipso
685 1149 811 1196 sunt
829 1138 983 1210 quasi
995 1140 1096 1193 sub
1109 1137 1386 1208 signaculo
1411 1135 1618 1190 reclusa
1643 1133 2038 1190 custodiuntur.
2057 1134 2136 1191 Ac

547 1247 646 1304 per
665 1233 770 1288 hoc
781 1232 1046 1303 agitur,ut
1065 1245 1166 1286 nec
1179 1230 1266 1285 ille
1279 1230 1369 1299 qui
1385 1226 1621 1298 sintejus
1633 1230 1700 1284 ad
1713 1227 1927 1299 plenum
1944 1241 2137 1299 cogno-

549 1334 688 1391 scat,
708 1340 806 1379 nec
820 1339 917 1379 nos
933 1323 1024 1394 qui
1043 1332 1168 1378 sunt
1185 1321 1386 1378 Christi
1400 1321 1859 1385 scire'valeamus,
1875 1335 2064 1375 verum
2077 1320 2134 1374 in

549 1415 652 1470 hoc
666 1415 810 1484 quod
822 1414 1066 1483 sequitur
1081 1431 1094 1467 :
1113 1411 1180 1466 Ut
1194 1429 1298 1468 non
1311 1413 1526 1466 seducat
1547 1411 1771 1482 amplius
1783 1421 1956 1485 gentes
1971 1413 2134 1466 donec

547 1512 972 1559 consummentur
994 1502 1136 1558 mille
1147 1503 1293 1558 anui.
1321 1501 1516 1558 Gravis
1540 1502 1608 1558 ad
1625 1502 1940 1559 solvendum
1957 1503 2136 1558 oritur

549 1596 776 1664 quaestio
809 1612 823 1650 :
857 1595 902 1650 si
932 1595 1077 1649 enim
1105 1603 1158 1650 et
1193 1594 1282 1648 ille
1324 1594 1528 1650 idcirco
1565 1593 1761 1666 ligatus
1801 1604 1918 1659 est,
1951 1610 2021 1650 ne
2049 1610 2135 1651 se-

549 1683 967 1756 ducat-amplius
994 1693 1202 1754 gentes,
1259 1684 1532 1754 quomodo
1562 1684 1804 1754 quotidie
1834 1693 2022 1740 contra
2055 1693 2136 1741 tot

549 1777 796 1833 homines
823 1785 1046 1847 pugnat,
1068 1793 1206 1848 quos
1233 1784 1290 1833 et
1314 1777 1543 1844 seducit,
1570 1777 1697 1832 dum
1727 1776 1795 1832 ad
1818 1778 1946 1833 vitia
1973 1793 2132 1836 ruere

2237 576 2414 642 sedes,
2441 577 2569 646 quia
2597 578 2651 632 in
2677 592 2866 632 eorum
2910 579 3167 636 cordibus
3214 580 3357 640 Deus
3417 586 3614 654 sedet,
3658 599 3713 644 et
3747 592 3831 662 ipsi

2197 700 2214 717 .
2236 667 2503 722 sedebunt
2545 668 2602 722 in
2619 667 2845 738 judicio,
2877 669 3006 740 quia
3032 670 3260 727 aliorum
3289 673 3444 730 facta
3495 677 3826 746 judicabant

2237 756 2305 814 Et
2331 759 2420 814 isti
2446 774 2570 814 cum
2597 760 2826 815 Domino
2854 762 3069 818 venturi
3097 772 3226 819 sunt
3253 765 3322 820 ad
3352 767 3668 837 judicium,
3689 771 3826 840 juxta

2235 850 2380 920 quod
2399 851 2482 906 eis
2501 851 2618 921 ipse
2639 852 2771 907 dicit
2794 871 2805 906 :
2829 851 3086 910 Sedebitis
3103 873 3261 927 super
3279 858 3437 913 sedes
3457 860 3738 917 duodecim
3748 867 3824 936 ja-

2237 942 2470 997 dicantes
2491 943 2767 998 duodecim
2787 947 2955 1000 tribus
2971 945 3142 1002 Israel
3157 948 3548 1023 (Matt/1.111).
3565 952 3685 1008 Jam
3703 960 3822 1013 nunc

2237 1033 2406 1088 etiam
2446 1035 2634 1089 sedent
2657 1044 2714 1090 et
2746 1034 3014 1105 judicant,
3051 1039 3562 1110 quia-potestatem
3601 1045 3655 1099 in
3683 1045 3822 1103 Petro

2237 1125 2480 1196 apostolo
2506 1137 2850 1197 acceperunt,
2865 1129 2955 1184 cui
2983 1130 3188 1186 dictum
3203 1139 3286 1187 est
3307 1149 3424 1188 una
3443 1149 3577 1189 cum
3600 1141 3814 1195 caeteris:

2239 1217 2598 1288 Quodcunque
2619 1217 2859 1290 ligaveris
2879 1237 3036 1291 super
3058 1230 3274 1288 terram,
3296 1225 3400 1279 erit
3429 1224 3660 1296 ligatum
3695 1238 3737 1281 et
3770 1230 3815 1284 is

2238 1311 2399 1378 caelis,
2417 1321 2522 1367 etc.
2543 1313 2763 1386 (Matth.
2789 1317 2927 1386 xvi.)
2945 1315 3140 1372 Datum
3169 1317 3347 1374 est'eis
3367 1320 3666 1391 judicium,
3681 1325 3728 1378 id
3747 1337 3812 1381 est

2236 1410 2476 1474 potestas
2503 1403 2700 1475 ligandi
2722 1414 2884 1477 alque
2912 1407 3175 1464 solvendi.
3202 1408 3492 1477 Quaeritur
3511 1422 3685 1469 autem
3704 1431 3809 1485 qua-

2237 1507 2298 1547 re
2328 1494 2576 1563 superius
2615 1495 2962 1567 singulariter
2991 1515 3155 1554 unam
3175 1502 3330 1572 ponit
3354 1503 3579 1570 sedem,
3607 1507 3767 1562 dicens
3792 1530 3802 1561 :

2239 1579 2375 1638 Ecce
2401 1586 2548 1639 sedes
2577 1586 2748 1656 posita
2787 1598 2899 1642 erat
2929 1591 2983 1643 iu
3012 1591 3140 1645 cmlo
3163 1592 3351 1664 (Apoc.
3385 1598 3496 1667 IV),
3523 1607 3582 1652 et
3607 1599 3684 1654 hic
3707 1601 3802 1670 plu-

2236 1677 2424 1734 raliter
2444 1679 2601 1736 sedes
2621 1682 2992 1738 enuntiantur.
3024 1683 3144 1741 Non
3162 1698 3345 1743 autem
3363 1688 3480 1745 hoc
3505 1693 3722 1759 pertinet
3745 1697 3800 1750 ad

2238 1769 2368 1825 illud
2393 1773 2644 1842 generale
2668 1775 2954 1844 judicium,
2977 1777 3072 1833 sed
3101 1777 3186 1834 ad
3196 1794 3442 1850 praesens
3474 1791 3696 1854 tempus,
3716 1802 3801 1855 quo

547 1866 712 1924 facit?
735 1866 863 1931 ,Sed
891 1868 1168 1926 sciendum
1199 1868 1325 1937 quia
1372 1883 1518 1922 nunc
1545 1877 1732 1939 gentes
1770 1868 1827 1924 in
1853 1867 2131 1926 Christum
2157 1865 2209 1927 Β
2231 1859 2479 1931 ,ἱυάίοθηῑ
2519 1862 2662 1918 me"
2685 1864 2856 1924 ικπιοίε
2883 1875 2940 1922 ει
2967 1867 3157 1923 111³108·
3197 1866 3268 1922 El
3304 1873 3518 1927 αηέπιαε
3555 1874 3800 1930 “collato-

545 1959 850 2023 eredentes,
877 1967 933 2015 et
959 1960 1006 2015 si
1043 1959 1111 2015 ad
1137 1968 1347 2032 tempus
1373 1960 1587 2016 videtur
1608 1963 1866 2018 seducere
1883 2004 1899 2030 ,
1926 1979 2032 2020 non
2055 1972 2133 2019 ta-

546 2067 669 2108 men
718 2053 929 2109 seducit
973 2061 1032 2108 ut
1080 2056 1412 2111 aeternaliter
1437 2065 1662 2126 pereant
1710 2058 1786 2124 hi,
1814 2059 1908 2130 qui
1937 2061 1990 2115 in
2037 2061 2134 2118 Dei

545 2146 1022 2217 praedestinatione
1064 2155 1192 2202 sunt
1220 2147 1486 2213 salvandi,
1535 2156 1591 2205 et
1619 2149 1740 2204 ideo
1789 2165 1822 2204 a
1859 2159 1973 2207 toto
2005 2167 2136 2224 pars

547 2237 898 2308 intelligenda
924 2246 1026 2305 est,
1059 2253 1179 2308 quae
1206 2239 1412 2296 scilicet
1439 2254 1547 2296 non
1575 2249 1752 2311 potest
1779 2243 1990 2298 seduci.
2013 2243 2136 2298 Istae

548 2331 694 2386 enim
725 2340 854 2387 sunt
889 2339 1100 2402 gentes,
1145 2331 1214 2387 de
1239 2331 1435 2402 quibus
1478 2333 1547 2389 ad
1593 2347 1719 2390 eum
1763 2335 1927 2392 Pater
1957 2337 2129 2394 dicit:

549 2420 772 2477 Postula
819 2439 954 2478 ante
987 2433 1037 2478 et
1063 2424 1197 2479 dabo
1238 2424 1331 2479 tibi
1363 2435 1536 2497 gentes
1569 2423 1741 2496 (Psal.
1775 2428 1858 2498 ιι).
1903 2459 1976 2469 --
2003 2425 2134 2484 Post

548 2516 685 2580 lucc,
717 2515 771 2572 id
802 2523 886 2572 est
917 2525 1041 2587 post
1065 2516 1214 2572 mille
1256 2532 1455 2584 annos,
1487 2527 1549 2573 ut
1586 2534 1618 2573 a
1653 2526 1768 2574 toto
1794 2521 1939 2576 sicut
1971 2535 2136 2591 supra

549 2616 760 2676 partem
789 2607 1178 2680 intelligamus,
1213 2611 1470 2679 quoniam
1497 2613 1565 2666 de
1588 2611 1736 2668 mille
1764 2613 1924 2668 annis
1957 2615 2136 2671 adhuc

551 2707 762 2754 restant
791 2707 903 2755 tres
937 2701 1134 2756 anniet
1151 2702 1428 2770 dimidius,
1457 2715 1653 2774 oportet
1682 2706 1837 2761 illum
1859 2708 1992 2763 solvi
2015 2725 2132 2764 mo-

547 2789 666 2844 dico
685 2800 931 2862 tempore.
987 2791 1047 2849 ld
1073 2801 1159 2849 est
1193 2810 1294 2864 per
1343 2803 1455 2852 tres
1498 2812 1704 2863 annos,
1736 2799 1830 2854 sed
1857 2815 1960 2856 nec
2007 2811 2137 2858 tunc

547 2879 812 2936 seducere
837 2883 1037 2952 poterit
1060 2898 1156 2940 eos
1187 2885 1278 2955 qui
1302 2887 1368 2941 ad
1403 2887 1571 2942 vitam
1591 2897 1717 2944 sunt
1740 2891 2132 2960 praedestinati,

547 2972 642 3027 sed
681 2987 775 3029 eos
801 2989 937 3044 quos
961 2983 1248 3048 antequam
1279 2977 1602 3047 solveretur,
1625 2981 1876 3038 seductos
1895 2985 2129 3040 tenebat.

547 3063 688 3132 Quia
721 3065 862 3121 sicut
898 3082 1044 3123 nunc
1074 3067 1347 3140 alligatus,
1377 3086 1408 3124 a
1438 3070 1659 3128 laesione
1702 3071 1942 3129 ﬁdelium
1977 3074 2132 3131 cohi-

2233 1968 2371 2007 rum.
2405 1953 2739 2012 Subauditur
2761 1951 2890 2014 vidi.
2917 1959 3024 2016 Per
3049 1962 3257 2018 animas
3283 1979 3414 2021 vero
3437 1967 3798 2025 decollatorulu

2231 2041 2512 2112 plenitudo
2538 2045 2857 2120 intelligitur
2881 2051 3126 2106 omnium
3155 2062 3498 2124 sanctorum,
3529 2060 3642 2115 sive
3677 2060 3801 2116 scili~

2233 2145 2320 2192 cet
2350 2138 2442 2208 qui
2471 2139 2822 2209 spiritualiter
2847 2144 2902 2198 in
2925 2145 3109 2200 anima
3137 2157 3263 2203 sunt
3291 2152 3516 2218 mortui,
3545 2154 3662 2209 sive
3688 2171 3800 2211 cor-

2234 2231 2491 2300 poraliter
2517 2249 2616 2304 pro
2650 2234 2880 2293 Domino
2915 2236 3148 2310 jugulati
3181 2256 3278 2311 per
3309 2244 3527 2316 ingentis
3560 2250 3800 2320 martyrii

2234 2321 2480 2392 gloriam.
2507 2321 2732 2396 Propter
2756 2328 3111 2382 testimonium
3137 2329 3270 2395 Iesu,
3293 2343 3341 2386 et
3363 2345 3564 2405 propter
3585 2338 3797 2392 uerbum

2233 2412 2353 2468 Dei.
2384 2413 2496 2472 Hac
2521 2417 2666 2472 enim
2702 2417 2817 2474 sola
2846 2435 3014 2476 causa
3045 2421 3313 2479 interfecti
3335 2434 3488 2491 sunt,
3518 2429 3648 2498 quia
3673 2444 3802 2486 con-

2235 2503 2529 2560 ﬁtebantur
2563 2506 2838 2565 Christum
2876 2509 3045 2566 Deum
3071 2521 3129 2567 et
3164 2514 3456 2582 hominem,
3479 2525 3536 2572 et
3563 2520 3688 2588 quia
3711 2536 3801 2575 no-

2234 2593 2418 2652 lebant
2443 2597 2672 2655 adorare
2699 2601 2991 2658 diabolum.
3017 2603 3173 2661 Jesus
3199 2607 3398 2678 quippe
3426 2610 3696 2679 proprium
3715 2627 3798 2668 no-

2235 2703 2362 2744 men
2383 2683 2474 2745 est
2499 2691 2735 2748 hominis
2762 2697 3046 2766 assumpti,
3071 2708 3125 2753 et
3155 2698 3552 2769 interpretatur
3569 2701 3793 2768 salvator,

2235 2794 2302 2835 eo
2348 2781 2492 2850 quod
2537 2783 2746 2838 salvum
2801 2783 2962 2841 faciet
3015 2788 3270 2858 populum
3317 2805 3476 2845 suum
3516 2807 3550 2846 a
3593 2794 3796 2864 peccatis

2235 2886 2444 2928 eorum.
2474 2873 2708 2929 Verbum
2748 2885 2931 2933 autem
2951 2879 3045 2935 Dei
3071 2880 3333 2938 divinitas
3367 2884 3677 2957 intelligitur

2235 2962 2361 3029 Dei,
2393 2965 2447 3019 in
2474 2980 2580 3035 qua
2604 2967 2829 3038 aequalis
2870 2980 2954 3026 est
2994 2971 3162 3028 Patri.
3197 2973 3434 3046 Propter
3471 2977 3792 3034 testimonium

2234 3072 2364 3130 ergo
2391 3057 2548 3126 Jesu,
2599 3070 2655 3116 et
2691 3072 2914 3134 propter
2957 3065 3182 3121 verbum
3223 3068 3350 3134 Dei,
3401 3070 3460 3125 id
3496 3080 3579 3126 est
3615 3081 3794 3142 propter

547 3155 725 3222 betur,
755 3155 837 3212 sic
876 3157 1042 3213 etiam
1084 3167 1211 3215 ωηο
1239 3159 1464 3226 solutus,
1496 3176 1528 3215 ε,
1551 3161 1866 3219 εθάυοιίοηθ
1918 3163 2131 3221 morum
2169 3219 2203 3229 _
2238 3151 2397 3206 ﬁdem
2427 3151 2778 3209 humanitatis
2810 3164 2866 3210 et
2890 3156 3189 3214 divinitatis
3217 3160 3356 3229 ejus,
3380 3161 3648 3218 interfecti
3677 3175 3789 3219 sunt.

546 3219 768 3302 virtutis
793 3249 1037 3317 potentia
1067 3250 1416 3320 deprimetur.
1449 3219 1518 3308 Et
1550 3252 1696 3308 mille
1723 3255 1941 3324 quidem
1979 3219 2131 3323 anni,
2159 3219 2207 3284 Ο
2235 3244 2345 3302 Cur
2383 3255 2563 3303 autem
2601 3249 2989 3308 decollalorum
3025 3255 3219 3310 anima!
3255 3260 3579 3329 specialiter
3603 3264 3713 3318 visa:
3732 3263 3791 3317 di-

546 3347 807 3408 quantum
857 3341 925 3396 ad
965 3341 1167 3398 electos
1205 3345 1474 3414 pertinet,
1513 3360 1679 3410 omne
1718 3353 1929 3417 tempus
1977 3348 2134 3406 istius

545 3431 670 3487 vitae
713 3432 1052 3503 signiﬁcant,
1083 3450 1257 3507 usque
1283 3436 1351 3493 ad
1395 3436 1555 3494 ﬁnem
1597 3437 1780 3494 saeculi
1813 3457 1826 3493 :
1862 3438 2134 3505 Quantum

545 3534 725 3582 autem
755 3528 825 3583 ad
859 3529 1154 3599 reprobos,
1183 3545 1354 3599 usque
1376 3531 1442 3584 ad
1471 3531 1760 3586 adventum
1789 3530 2129 3587 Antichristi.

547 3616 700 3674 Tunc
735 3617 826 3674 ille
852 3621 1009 3688 quasi
1055 3621 1202 3675 exiet
1245 3621 1526 3686 seducere,
1555 3623 1683 3692 quia
1729 3625 2135 3695 comparatione

545 3707 692 3763 illius
743 3708 1249 3776 seductionis,-ista
1286 3727 1407 3782 qua
1463 3729 1608 3770 nunc
1666 3715 1843 3785 agitur
1893 3715 2134 3773 seductio

544 3815 666 3856 esse
695 3800 1010 3873 denegatur.
1057 3802 1212 3872 Quod
1265 3805 1312 3862 si
1362 3806 1486 3876 quis
1539 3806 1785 3879 inquirit,
1832 3825 1944 3866 cur
1992 3812 2135 3869 Deus

543 3908 706 3963 quem
736 3893 904 3951 semel
933 3894 1195 3967 alligavit,
1225 3897 1362 3953 solvi
1387 3897 1602 3954 modico
1635 3907 1877 3971 tempore
1901 3902 2070 3958 voluit
2116 3921 2130 3959 :

547 3983 606 4039 Si
627 4000 658 4038 a
686 4000 774 4040 me
797 3987 1018 4056 quaeris,
1041 3986 1173 4043 dicit
1201 3987 1392 4044 beatus
1411 3988 1752 4057 Ambrosius,
1779 3993 1888 4049 cito
1917 4009 2136 4065 respon-

545 4076 668 4143 deo,
691 4085 828 4132 etut
860 4075 957 4132 Dei
986 4077 1180 4146 virtus,
1208 4087 1264 4135 et
1287 4080 1486 4138 diaboli
1513 4082 1800 4140 inﬁrmitas
1829 4085 2136 4143 manifeste-

547 4178 638 4223 tur
665 4168 840 4224 virtus
869 4169 989 4235 Dei,
1019 4170 1074 4225 in
1114 4170 1244 4237 hoc,
1287 4173 1432 4242 quod
1461 4174 1633 4230 sancti
1671 4175 1836 4232 etiam
1866 4177 2010 4233 inter
2041 4177 2136 4234 ﬁa-

545 4259 683 4332 gella
716 4269 772 4314 et
797 4259 1206 4318 tribulationum
1247 4264 1530 4336 angustias
1578 4275 1894 4324 constanter
1941 4269 1999 4324 in
2029 4269 2137 4326 ﬁde

544 4362 912 4424 perseverant.
946 4354 1240 4414 lnﬁrmitas
1267 4367 1449 4416 autem
1493 4359 1694 4416 diaboli
1734 4363 1788 4417 in
1841 4361 1946 4419 hoc
1991 4365 2136 4434 quod

543 4443 705 4498 etiam
735 4459 766 4498 ιι
793 4443 989 4515 puellis
1013 4454 1069 4502 et
1097 4446 1394 4505 infantibus
1445 4451 1704 4507 vincitur.
1747 4451 1805 4508 Si
1831 4453 1977 4510 enim
1998 4470 2136 4512 nun-

545 4553 708 4607 quam
757 4539 1059 4596 solveretur
1084 4581 1100 4608 ,
1129 4542 1310 4598 minus
1337 4553 1624 4614 appareret
1649 4544 1765 4614 ejus
1794 4547 2030 4616 maligna
2060 4557 2136 4605 at-

545 4644 651 4698 que
679 4629 915 4686 crudelis
939 4635 1207 4701 potentia,
1235 4634 1414 4692 minus
1457 4635 1620 4692 etiam
1659 4639 1980 4708 probaretur
2007 4656 2132 4697 san-

544 4730 758 4777 ctarum
775 4723 1020 4794 gentium
1043 4725 1355 4782 ﬁdelissima
1383 4729 1662 4800 patientia.
1700 4730 1953 4787 Solvetur
1986 4734 2132 4790 enim

544 4811 758 4869 modico
779 4822 1054 4886 tempore,
1083 4824 1140 4872 et
1167 4817 1297 4875 totis
1323 4819 1531 4877 viribus
1578 4822 1763 4879 saeviet
1797 4832 1991 4880 contra
2017 4825 2130 4882 ele-

544 4913 682 4972 ctos,
710 4915 770 4962 ut
799 4907 854 4962 in
883 4907 988 4964 illis
1013 4917 1071 4964 et
1116 4908 1214 4965 Dei
1263 4912 1506 4982 potentia
1558 4922 1688 4970 nota
1721 4914 1818 4971 ﬁat
1871 4917 1965 4988 qui
2022 4933 2131 4975 non

544 5007 804 5067 poterunt
833 5001 976 5057 vinci
999 5010 1151 5060 tanto
1197 5005 1315 5077 ejus
1346 5005 1570 5078 impetu,
1601 5016 1656 5065 et
1685 5009 1775 5066 ille
1801 5027 1956 5068 suam
1979 5012 2130 5069 inﬁr-

543 5092 790 5147 mitatem
828 5101 884 5149 et
920 5095 1193 5166 propriam
1242 5098 1617 5170 impotentiam
1667 5103 1974 5172 erubescat,
2004 5115 2126 5164 tan-

544 5201 708 5257 quam
733 5186 783 5242 ei
819 5187 1030 5243 dicatur
1056 5205 1090 5244 a
1111 5189 1222 5247 Deo
1244 5194 1621 5263 exprobrantis
1639 5210 1793 5265 voce,
1809 5198 1946 5256 Vide
1962 5215 2126 5270 quam

565 5275 794 5334 nfirmus
821 5278 918 5345 sis,
943 5280 1037 5350 qui
1066 5296 1097 5335 a
1127 5281 1320 5352 puellis
1352 5285 1609 5342 vinceris.

541 5403 544 5406 ~
614 5369 687 5426 Et
709 5371 814 5426 vidi
835 5373 982 5428 sedes
1002 5383 1051 5428 et
1071 5375 1317 5432 sederunt
1347 5395 1506 5450 super
1525 5397 1615 5436 eas
1650 5390 1699 5436 et
1723 5383 1993 5452 judicium
2037 5388 2130 5443 da-

545 5471 656 5515 tum
679 5469 753 5516 est
775 5460 902 5516 illis.
942 5462 1194 5522 Thronus
1231 5466 1421 5524 Graece
1453 5469 1646 5527 Latine
1687 5472 1894 5530 dicitur
1928 5478 2126 5535 ‘sedes.

549 5551 654 5608 Per
675 5552 832 5608 sedes
863 5568 992 5609 vero
1041 5557 1311 5625 generalis
1355 5559 1598 5618 Ecclesia
1626 5564 1971 5634 exprimitur.
2027 5568 2134 5625 Per

548 5657 788 5701 sessores
838 5655 1020 5702 autem
1067 5649 1242 5706 sancti
1298 5650 1670 5726 intelliguntur
1713 5659 2128 5730 praedicatores,

547 5732 606 5790 id
653 5745 736 5792 est
769 5739 1052 5795 duodecim
1093 5742 1344 5812 apostoli,
1381 5753 1436 5801 et
1465 5760 1667 5804 .omnes
1712 5751 1804 5820 qui
1834 5751 2131 5822 perfectam

549 5825 722 5903 vitam
755 5828 972 5906 illorum
1023 5842 1154 5916 sunt
1199 5835 1418 5920 imitati.
1477 5837 1616 5920 Nam
1671 5853 1726 5902 et
1781 5845 1868 5920 his
1913 5848 2134 5910 sedibus

2157 4597 2213 4660 D

2236 3346 2464 3405 cuntur,
2503 3354 2626 3395 eum
2672 3357 2780 3398 non
2819 3343 2876 3400 hi
2917 3343 3254 3404 solummodo
3293 3365 3428 3406 eum
3474 3351 3674 3408 Christo
3707 3354 3790 3409 sint

2237 3430 2562 3501 regnaturii
2607 3430 2873 3489 Nimirum
2911 3446 3135 3508 prepter
3161 3439 3620 3508 [excellentiam
3657 3446 3791 3514 digni-

2236 3522 2362 3576 tatis
2389 3523 2636 3593 gradum.
2675 3525 2850 3582 Erunt
2886 3529 3086 3601 quippe
3116 3532 3360 3602 virgines
3403 3536 3520 3600 ibi,
3550 3539 3791 3610 eonjugsti,

2235 3620 2292 3666 ct
2339 3614 2563 3680 caeteri,
2610 3615 2705 3672 sed
2737 3618 2997 3688 majorem
3045 3620 3273 3692 gloriam
3318 3624 3610 3684 habebunt
3640 3629 3687 3683 hi
3719 3630 3793 3698 qui

2236 3703 2556 3775 martyrium
2599 3721 2700 3776 pro
2747 3705 2950 3764 Christi
2998 3713 3217 3768 nomine
3265 3726 3399 3771 sunt
3445 3721 3699 3790 perpessi.
3739 3720 3794 3774 De

2235 3796 2432 3866 quibus
2453 3797 2630 3853 adhuc
2649 3799 2900 3856 subditur
2917 3811 2966 3856 et
2985 3805 3074 3874 qui
3099 3821 3205 3860 non
3220 3807 3586 3866 adoraverunt
3609 3813 3796 3876 bestiast,

2235 3906 2400 3961 neque
2437 3890 2715 3962 imaginem
2746 3893 2885 3964 ejus,
2915 3895 2969 3950 id
2993 3904 3079 3952 est
3106 3897 3518 3957 Antichristum
3537 3946 3552 3970 ,
3583 3921 3666 3959 nec
3690 3919 3800 3956 arceo

2234 3989 2421 4052 perunt
2457 3983 2811 4039 characterem
2852 3987 2969 4057 ejus
3009 3989 3065 4042 in
3107 3988 3370 4058 frontibus
3404 3994 3551 4049 suis.
3589 3995 3642 4050 id
3667 3995 3802 4051 estin

2235 4069 2375 4135 ﬁde,
2405 4072 2548 4127 sicut
2586 4071 2756 4129 Judaei
2793 4059 3019 4133 faciunt.
3048 4079 3155 4134 Αιιε
3192 4081 3249 4135 in
3278 4084 3557 4140 manibus.
3588 4085 3643 4141 id
3669 4097 3737 4141 est
3763 4086 3802 4138 in

2234 4180 2418 4236 opere,
2444 4167 2585 4222 sicut
2611 4166 2816 4224 faciunt
2845 4185 2954 4225 non
2982 4171 3156 4228 solum
3180 4176 3378 4243 pagani
3406 4178 3512 4246 qui
3541 4193 3696 4248 Opera
3719 4179 3805 4232 dia-

2234 4259 2341 4316 boli
2371 4271 2706 4332 perpetrant,
2737 4265 2835 4320 sed
2861 4266 3026 4322 etiam
3051 4265 3174 4323 falsi
3196 4267 3540 4338 Christiani,
3567 4273 3656 4343 qui
3680 4271 3803 4326 ﬁdem

2235 4365 2400 4421 quam
2439 4352 2646 4410 habent
2684 4355 2942 4427 Operibus
2988 4357 3306 4426 destruunt,
3347 4361 3421 4416 de
3463 4361 3672 4432 quibus
3703 4360 3806 4416 satis

2235 4458 2400 4516 supra
2424 4445 2630 4501 dictum
2653 4454 2759 4502 est.
2783 4446 3079 4508 Possumus
3101 4450 3460 4523 etimaginem
3487 4453 3679 4510 bestiae
3700 4450 3807 4506 seci-

2235 4552 2369 4608 pere
2391 4552 2552 4594 omne
2573 4553 2772 4610 corpus
2795 4539 3019 4608 diaboli,
3050 4543 3104 4598 id
3135 4551 3222 4600 est
3243 4558 3435 4601 omnes
3459 4547 3724 4618 reprobus
3739 4541 3810 4613 qui
3889 4575 3900 4596 .

2241 4628 2392 4685 illum
2429 4630 2728 4688 imitantur.
2763 4631 2936 4700 Quam
2967 4635 3257 4706 imaginem
3275 4635 3414 4706 justi
3444 4654 3565 4694 non
3597 4640 3808 4698 adorant.

2240 4723 2367 4795 quia
2398 4724 2454 4779 in
2485 4724 2634 4781 nullo
2669 4727 2929 4796 reprobos
2956 4728 3260 4784 imitantur.
3305 4728 3504 4801 Neque
3549 4732 3693 4787 enim
3717 4731 3814 4784 bes-

2239 4817 2373 4874 tiam
2399 4817 2650 4884 adorant,
2677 4835 2856 4892 neque
2884 4821 3258 4879 characterem
3283 4823 3432 4878 illius
3455 4823 3520 4880 in
3551 4825 3725 4882 fronte
3741 4831 3813 4876 aut

2238 4908 2294 4964 in
2338 4922 2504 4964 manu
2535 4927 2634 4966 sua
2679 4900 2990 4983 accipiunt,
3025 4915 3154 4984 quia
3188 4929 3290 4970 nec
3328 4913 3655 4972 Judaornm
3689 4914 3818 4970 Anti-

2236 4999 2501 5056 ehristum
2527 5001 2962 5072 exspectantium
2989 5003 3293 5075 perﬁdiam,
3321 5020 3423 5062 nec
3450 5004 3816 5062 haereticorum

2237 5091 2455 5164 dogma,
2485 5107 2550 5148 ac
2579 5093 2821 5164 gentium
2857 5105 3160 5166 sequuntur
3183 5103 3446 5153 errorem.
3495 5097 3664 5155 Unde
3700 5097 3820 5168 Apo-

2235 5182 2408 5239 stolus
2427 5183 2683 5240 admonet
2706 5185 2892 5242 dicens
2916 5204 2928 5241 :
2955 5185 3134 5242 Nolite
3150 5191 3344 5259 jugum
3355 5188 3556 5244 ducere
3576 5205 3698 5244 cum
3719 5186 3819 5255 inﬁ-

2235 5272 2437 5328 delibus
2478 5273 2565 5344 (II
2607 5273 2733 5330 Cor.
2774 5277 2869 5345 vi).
2917 5275 3036 5332 Non
3075 5277 3223 5332 enim
3265 5278 3501 5334 adorant
3543 5279 3821 5351 imaginem

2234 5365 2457 5433 bestiae,
2485 5366 2539 5421 id
2567 5375 2652 5422 est
2685 5383 2794 5422 non
2826 5367 3109 5424 imitantur
3143 5369 3549 5426 simulationem
3582 5371 3824 5443 reprobo-

2237 5473 2378 5524 rum,
2407 5458 2501 5528 qui
2531 5458 2654 5515 ﬁdei
2686 5459 3086 5518 confessionem
3113 5476 3210 5518 ore
3235 5460 3522 5532 proferunt
3541 5504 3558 5531 ,
3587 5466 3690 5520 sed
3723 5460 3826 5519 inli-

2235 5550 2428 5607 deliter
2453 5552 2682 5608 vivunt:
2712 5551 2782 5608 Et
2810 5553 3055 5610 vixerunt
3083 5563 3132 5632 et
3159 5564 3509 5632 regnaverunt
3534 5573 3666 5612 cum
3687 5554 3826 5612 Clui-

2233 5652 2314 5698 sto
2358 5642 2500 5698 mille
2542 5644 2717 5700 armis.
2769 5643 2958 5702 Sancti
2998 5655 3054 5702 et
3087 5631 3144 5702 in
3179 5647 3437 5726 praesenti
3463 5649 3581 5714 vita
3611 5651 3832 5718 ne.ng

2234 5750 2356 5791 eum
2393 5735 2609 5794 Christo
2654 5745 2710 5792 et
2753 5737 2809 5792 in
2857 5737 3038 5796 futura
3086 5741 3413 5812 regnabunt.
3459 5741 3707 5815 Ideoque
3746 5752 3830 5811 per

2235 5830 2596 5903 millenarium
2625 5847 2911 5910 numerum
2949 5842 3008 5908 et
3037 5843 3362 5919 praesentem
3390 5835 3562 5902 vitam
3595 5845 3662 5898 et
3693 5835 3834 5900 full?
