3972 6448
104 474 254 538 “85

1036 467 1402 528 EXPOSITIO
1431 466 1502 526 IN
1540 462 2041 524 APOCALYPSIN.
2077 488 2150 501 -—
2185 457 2318 516 LIB.
2358 454 2472 514 Vll.

3243 443 3384 530 sise

102 613 223 654 ram
266 591 613 666 intelligimus
645 607 660 646 :
697 591 835 660 Quia
877 602 1104 662 regnum
1146 596 1458 644 sanctorum
1501 587 1558 641 in
1581 585 1689 642 'die
1713 586 1769 649 Α
1791 581 1975 637 anima
2002 579 2143 635 sicut
2176 577 2433 634 diximus.
2462 572 2645 629 Altera
2674 583 2795 640 quae
2814 569 2870 624 iu
2899 566 3080 666 futuro
3098 571 3380 666 exspecta-

93 689 287 760 judicii
326 703 433 744 non
474 686 878 751 terminabitur,
911 684 1007 740 sed
1047 691 1398 755 augmentum
1440 678 1688 750 accipiet.

100 781 223 836 Jam
252 779 398 835 enim
442 786 673 850 regnant
698 793 798 848 per
824 777 1018 842 ﬁdem,
1047 785 1106 831 et
1135 775 1300 829 etiam
1344 772 1400 828 in
1429 771 1568 836 illis,
1600 768 1693 841 qui

100 871 345 942 quotidie
371 872 441 926 ab
466 871 570 926 hac
592 864 700 925 vita
732 875 1018 923 transeunt
1044 881 1142 936 per
1169 872 1414 934 apertam
1433 861 1689 932 speciem,

100 965 200 1018 sed
219 971 349 1020 tunc
371 960 600 1032 amplius
620 959 941 1032 regnabunt,
964 956 1182 1027 quando
1200 953 1362 1010 simul
1382 952 1436 1007 in
1461 965 1689 1020 regnum

102 1052 534 1118 introducentur,
560 1057 618 1106 et
649 1050 747 1104 erit
779 1049 920 1104 Deus
947 1049 1124 1104 omnia
1151 1047 1206 1100 in
1226 1043 1465 1098 omnibus
1489 1040 1542 1113 (Ι
1563 1040 1687 1096 Cor.

101 1144 221 1218 xv).
255 1142 408 1200 Unde
455 1150 511 1197 et
549 1140 693 1197 idem
721 1139 958 1196 :loannes
1006 1139 1062 1192 in
1102 1134 1344 1208 Epistula
1375 1149 1472 1190 sua
1516 1132 1692 1188 dicit:

103 1233 439 1299 Charissimi,
469 1249 604 1287 nunc
627 1231 732 1302 filii
757 1232 856 1288 Dei
879 1245 1081 1296 sumus,
1104 1236 1154 1284 et
1181 1226 1414 1282 nondum
1442 1223 1695 1296 apparuit

103 1326 244 1400 quod
265 1326 480 1381 erimus.
523 1322 729 1380 Scimus
769 1332 968 1388 autem,
993 1321 1119 1393 quia
1145 1335 1265 1373 cum
1290 1314 1593 1388 apparuerit
1622 1317 1696 1368 si-

103 1417 256 1472 miles
285 1417 333 1471 ei
359 1417 590 1487 _erimus,
637 1416 886 1486 quoniam
928 1413 1214 1469 videbimus
1263 1427 1384 1465 eum
1425 1408 1580 1465 sicuti
1616 1413 1692 1461 est

106 1509 164 1581 (ι
197 1508 498 1581 Joan.|u).

179 1601 367 1657 Crateri
395 1611 721 1657 mortuorum
743 1617 848 1656 non
868 1601 1107 1656 vixerunt
1129 1601 1294 1654 donec
1319 1612 1685 1653 consummen-

107 1701 196 1747 tur
221 1691 366 1748 mille
383 1692 532 1750 anni.
562 1691 717 1748 Sicut
759 1707 923 1763 supra
955 1691 1129 1748 sancti
1169 1689 1566 1760 intelliguntur,
1599 1687 1692 1759 qui

109 1798 323 1854 semper
368 1799 492 1840 cum
526 1783 746 1840 Christo
773 1793 901 1840 sunt
955 1784 1250 1856 regnaturi,
1283 1783 1356 1838 ita
1386 1791 1442 1837 et
1465 1783 1555 1838 hic
1600 1796 1692 1836 re-

105 1875 286 1945 probi,
313 1875 406 1945 qui
447 1890 725 1946 nunquam
752 1884 880 1931 sunt
923 1875 1142 1931 victuri.
1199 1873 1324 1930 Ideo
1370 1874 1515 1929 enim
1559 1872 1692 1929 dicit

1795 679 1886 728 tur
1919 670 1974 725 in
1999 682 2245 740 corpore.
2275 668 2351 723 De
2376 667 2480 722 hac
2507 662 2704 734 quippe
2731 657 3149 722 resurrectione,
3177 669 3299 726 quae
3321 653 3379 710 in

1797 761 2056 834 praesenti
2079 760 2140 815 ﬁt
2169 774 2266 830 per
2293 757 2654 829 baptismum,
2679 750 2972 824 Apostolus
3014 748 3262 805 ﬁdelibus
3301 746 3382 802 di-

1795 858 1872 914 cit
1902 871 1918 912 :
1947 855 2012 912 Si
2039 851 2437 908 consurrexislis
2467 867 2586 905 cum
2610 847 2826 902 Christo
2843 886 2860 912 ,
2884 860 3001 916 qua:
3025 859 3233 898 sursum
3259 847 3382 896 sunt

1795 947 1962 1018 sapite
1983 943 2119 1017 (Col.
2154 942 2258 1014 ιιι).

1865 1037 2081 1103 Beatus,
2114 1036 2168 1092 id
2195 1044 2280 1092 est
2299 1033 2448 1089 felix.
2471 1032 2541 1088 Et
2563 1041 2774 1088 sanctus
2810 1031 2900 1102 qui
2919 1029 3072 1085 habet
3094 1037 3294 1100 partem
3326 1029 3380 1081 in

1796 1128 2172 1185 resurrectione
2197 1127 2391 1198 prima,
2414 1125 2469 1181 id
2496 1132 2582 1180 est
2611 1124 2702 1195 qui
2727 1124 2816 1179 hic
2843 1122 3079 1191 resurgit
3100 1120 3152 1175 in
3179 1119 3379 1174 anima.

1795 1219 1950 1276 Felix
1987 1227 2072 1275 est
2092 1217 2236 1274 enim
2261 1258 2278 1284 ,
2303 1215 2396 1287 qui
2436 1216 2564 1272 dum
2601 1215 2778 1270 adhuc
2804 1213 2940 1269 vivit
2977 1213 3034 1268 in
3062 1225 3319 1283 corpore,
3353 1226 3382 1264 a

1796 1319 1971 1368 morte
1993 1311 2189 1366 animae
2212 1311 2486 1380 resurgit,
2525 1307 2652 1379 quia
2681 1308 2810 1363 dum
2838 1307 3020 1363 carnis
3056 1305 3386 1362 resurrectio

1797 1402 2118 1482 advenerit,
2147 1400 2203 1456 in
2233 1411 2435 1457 aeterna
2469 1399 2661 1482 laetitia
2678 1399 2842 1482 vivet.
2873 1397 2967 1482 Ille
3005 1396 3151 1453 enim
3181 1403 3304 1482 post
3331 1395 3385 1448 in

1796 1499 1963 1540 carne
1983 1475 2212 1538 feliciter
2233 1488 2498 1552 resurget,
2525 1481 2620 1550 qui
2649 1479 2705 1534 in
2727 1480 2832 1535 hac
2853 1478 2965 1533 vita
2995 1492 3026 1531 a
3052 1475 3252 1532 mentis
3275 1488 3387 1531 suae

1795 1584 1973 1633 morte
2001 1574 2322 1632 resurrexit.
2353 1572 2425 1629 Et
2445 1574 2502 1629 in
2531 1573 2613 1627 his
2636 1573 2868 1626 secunda
2916 1586 3058 1624 mors
3099 1585 3203 1623 non
3234 1567 3386 1621 habet

1796 1676 2122 1739 potestatem.
2162 1666 2318 1721 Sicut
2346 1663 2554 1721 scilicet
2583 1663 2748 1719 habet
2775 1662 2830 1717 in
2856 1661 3102 1732 reprobis
3121 1701 3137 1726 ,
3179 1659 3246 1714 de
3268 1657 3411 1728 qui-‘

1795 1758 1898 1816 bus
1941 1759 2074 1816 satis
2113 1757 2484 1829 supradictum
2513 1764 2598 1812 est
2637 1773 2650 1809 :
2693 1753 2884 1811 Caneri
2919 1762 3248 1807 mortuorum
3283 1764 3387 1803 non

1795 1849 2058 1915 vixerunt,
2086 1858 2190 1904 ctc.
2214 1847 2354 1916 Quia
2382 1845 2527 1902 enim
2557 1844 2612 1899 hi
2639 1843 2734 1915 qui
2757 1843 2908 1915 prius
2938 1858 2969 1896 a
2988 1849 3164 1897 morte
3189 1837 3386 1894 animas

107 1965 313 2031 caeteri,
345 1966 471 2035 quia
501 1932 780 2022 et-sancti
826 1965 1133 2021 moriuntur
1179 1965 1237 2019 in
1272 1965 1526 2035 praesenti
1561 1964 1692 2018 vita.

1807 1958 2085 2015 resurgere
2123 1941 2469 2006 studuerunt,
2503 1938 2556 1993 in
2583 1937 2670 1992 his
2696 1935 2928 1992 secunda
2955 1950 3131 2000 mors,
3169 1932 3274 1987 hoc
3305 1935 3389 1984 est

107 2052 270 2110 Juxta
297 2056 440 2125 quod
475 2055 676 2113 Paulus
700 2056 833 2112 dicit
861 2075 874 2110 :
907 2055 1226 2125 Mortiﬁcate
1245 2056 1476 2110 membra
1506 2065 1696 2123 vestra,

106 2162 228 2216 qua:
265 2156 386 2202 sunt
437 2165 598 2220 super
637 2159 857 2216 terram,
891 2156 998 2205 etc.
1044 2145 1184 2220 (Col.
1208 2150 1314 2218 ιιι).
1346 2148 1412 2202 Et
1449 2147 1645 2202 iterum
1680 2165 1694 2201 :

112 2235 313 2291 Μαι·ιαί
331 2239 472 2301 estis,
497 2249 547 2293 et
589 2241 694 2294 vita
715 2249 884 2296 uestra
906 2239 1216 2294 abscondita
1235 2249 1312 2294 est
1334 2256 1452 2293 cum
1489 2237 1698 2294 Christo

109 2328 168 2381 in
205 2329 314 2382 Deo
345 2328 556 2402 (Ibid.).
586 2329 680 2386 lsti
716 2331 900 2401 itaque
923 2331 1233 2386 moriuntur
1259 2339 1504 2400 peccato,
1536 2336 1701 2401 atque

114 2419 234 2475 ideo
262 2419 320 2474 in
345 2430 609 2475 aeternum
640 2421 827 2475 vivent
856 2437 976 2476 cum
1010 2421 1248 2477 Christo.
1287 2420 1482 2477 Caeteri
1518 2429 1698 2476 autem

113 2520 451 2567 mortuorum
475 2512 568 2582 qui
617 2512 674 2567 in
715 2513 896 2567 anima
924 2528 1025 2583 per
1050 2523 1337 2584 peccatum
1383 2521 1510 2568 sunt
1557 2529 1702 2568 mor-

117 2602 213 2669 tui,
244 2618 354 2658 non
378 2602 651 2669 vixerunt,
679 2602 734 2657 id
761 2610 846 2658 est
872 2618 981 2658 non
1009 2603 1211 2658 vivent.
1249 2603 1386 2671 Quia
1433 2603 1580 2659 enim
1610 2602 1700 2658 hic

115 2711 222 2750 non
251 2695 440 2750 vivunt
461 2711 558 2765 per
583 2697 743 2751 Iidem
769 2703 825 2751 et
841 2696 1234 2766 operationem,
1259 2695 1366 2751 illic
1386 2712 1494 2751 non
1515 2697 1700 2751 vivent

112 2802 210 2858 per
258 2788 732 2846 resurrectionem.
783 2786 942 2843 Tales
987 2789 1175 2858 utique
1225 2796 1280 2844 et
1326 2789 1415 2844 hic
1456 2789 1701 2844 viventes

112 2880 316 2936 mortui
346 2889 473 2936 sunt
503 2881 555 2935 in
587 2881 769 2936 anima
787 2919 802 2945 ,
835 2891 891 2935 et
915 2880 1158 2950 quotidie
1179 2881 1346 2936 etiam
1375 2881 1442 2936 ad
1468 2889 1700 2936 mortem

116 2976 417 3038 transeunt,
443 2971 658 3042 quando
685 2972 752 3027 ab
785 2971 888 3028 hac
917 2972 1028 3026 vita
1056 2972 1368 3040 migrantes,
1404 2972 1459 3027 in
1489 2972 1702 3028 inferno

117 3064 447 3121 damnantur
463 3054 489 3131 ,³
508 3075 560 3121 et
588 3065 645 3121 in
668 3064 850 3120 futuro
889 3065 1222 3132 morientur,
1251 3063 1466 3135 quando
1491 3079 1601 3120 non
1631 3064 1701 3119 ad

116 3159 221 3216 hoc
260 3166 543 3231 resurgent
570 3169 632 3213 ut
654 3167 842 3231 postea
863 3159 1083 3222 vivant,
1112 3157 1208 3214 sed
1233 3165 1292 3212 ut
1323 3157 1560 3228 acceptis
1583 3170 1702 3213 cor-

115 3251 340 3322 poribus
370 3252 566 3307 iterum
609 3252 677 3308 ad
717 3261 951 3307 mortem
986 3259 1268 3308 transeant
1294 3251 1699 3323 sempiternam.

1803 2037 2083 2095 damnatio
2108 2042 2398 2108 perpetua,
2435 2047 2542 2087 non
2570 2030 2735 2086 habet
2759 2036 3117 2099 potestatem;
3144 2032 3206 2080 ut
3242 2022 3384 2079 enim

1805 2127 2178 2199 supradictum
2205 2132 2291 2180 est
2310 2165 2325 2191 ,
2354 2124 2494 2178 sicut
2517 2128 2642 2177 sunt
2677 2119 2798 2175 duae
2825 2116 3285 2179 resurrectioues,
3309 2113 3386 2168 si-

1802 2222 2005 2278 militer
2032 2229 2088 2277 et
2109 2221 2226 2276 duae
2253 2224 2474 2274 mortes.
2509 2215 2616 2271 Sed
2640 2221 2796 2269 erunt
2817 2211 3115 2267 sacerdotes
3159 2206 3255 2262 Dei
3283 2205 3386 2260 Pa-

1801 2317 1924 2382 tris,
1963 2324 2011 2370 et
2055 2313 2248 2369 Christi
2272 2309 2419 2380 ejus,
2457 2309 2510 2365 id
2543 2316 2632 2364 est
2665 2305 2807 2361 bilii.
2848 2304 2917 2358 Et
2947 2301 3236 2374 regnabunt
3268 2315 3387 2354 cum

1801 2411 1895 2466 illo
1933 2409 2081 2463 mille
2121 2407 2294 2462 annis.
2327 2403 2454 2459 Haec
2491 2401 2656 2458 verba
2695 2398 2900 2454 non'ad
2937 2396 3080 2452 solos
3118 2393 3391 2464 pertinent

1803 2503 2085 2572 episcopos
2117 2515 2183 2554 ac
2214 2497 2580 2569 presbyteros,
2606 2492 2700 2549 sed
2725 2491 2794 2546 ad
2823 2505 3014 2546 omnes
3038 2487 3245 2552 ﬁdeles,
3277 2483 3392 2553 qui-

1803 2609 2018 2662 cunque
2057 2590 2264 2647 scilicet
2289 2597 2417 2645 sunt
2451 2585 2694 2643 membra
2723 2583 2839 2639 veri
2871 2581 3014 2652 regis
3039 2588 3095 2635 et
3120 2573 3391 2650 pontiﬁcis

1803 2683 2026 2748 Christi,
2055 2681 2252 2752 quibus
2275 2679 2470 2734 Petrus
2503 2675 2781 2746 apostolus
2805 2673 2940 2752 dicit
2965 2690 2979 2726 :
3022 2669 3127 2724 Vos
3148 2668 3274 2724 estis
3300 2682 3391 2738 ge—

1803 2794 1902 2832 nus
1940 2775 2191 2840 electum,
2226 2771 2401 2844 regale
2441 2768 2794 2826 sacerdotium
2822 2764 2876 2836 (Ι
2899 2761 3045 2818 Petr.
3077 2759 3184 2833 ιιι).
3216 2759 3395 2830 Reges

1805 2871 2003 2942 quippe
2026 2876 2184 2934 sunt,
2209 2868 2335 2938 quia
2362 2874 2417 2921 et
2437 2865 2494 2921 in
2527 2880 2585 2920 se
2607 2870 2663 2920 et
2689 2864 2745 2917 in
2776 2860 3007 2916 subditis
3025 2899 3040 2924 ,
3070 2867 3251 2913 motus
3273 2869 3395 2912 car-

1804 2961 2010 3018 nalium
2040 2959 2428 3030 cogitationum
2464 2957 2603 3013 bene
2631 2960 2847 3024 regunt.
2881 2947 3228 3012 Sacerdotes,
3264 2946 3393 3015 quia
3497 2962 3499 2964 ·

1804 3055 2017 3126 seipsos
2039 3053 2467 3118 mortiﬁcant,ut
2482 3048 2659 3106 hostia
2679 3047 2802 3102 viva
2825 3045 2976 3099 ﬁant.
2998 3043 3070 3099 De
3087 3041 3285 3113 quibus
3297 3055 3396 3112 per

1804 3148 2128 3217 prophetam
2157 3145 2384 3202 dicitur:
2404 3143 2504 3198 Isti
2522 3149 2640 3196 sunt
2660 3138 2760 3209 ﬁlii
2785 3135 3017 3204 Sadoch,
3033 3136 3123 3206 qui
3143 3133 3394 3188 accedunt

1806 3240 1871 3295 de
1886 3239 2014 3309 ﬁliis
2039 3238 2165 3294 Levi
2187 3239 2256 3294 ad
2272 3237 2560 3292 Dominum
2582 3242 2637 3288 ut
2658 3231 2953 3287 ministrent
2975 3230 3022 3284 ei
3039 3227 3258 3300 (Ezech.
3279 3225 3392 3298 XL).

114 3319 184 3397 Et
201 3358 308 3397 non
337 3351 462 3398 sunt
485 3343 683 3398 victuri
713 3343 884 3398 donec
912 3350 1357 3398 consummentur
1382 3319 1527 3398 mille
1547 3343 1674 3397 anni
1693 3383 1708 3409 ,
1739 3322 1784 3386 (ἶ
1817 3330 1958 3386 Sunt
1983 3332 2169 3402 itaque
2193 3329 2508 3386 sacerdotes
2533 3335 2589 3383 et
2607 3340 2761 3397 reges
2787 3323 2850 3409 in,
2873 3320 3147 3393 praesenti.
3175 3319 3398 3375 Verum-

116 3433 170 3488 id
185 3440 268 3489 est
287 3448 386 3505 per
411 3434 594 3490 omnia
618 3433 800 3490 futura
822 3442 1085 3505 tempora,
1110 3434 1185 3489 ita
1208 3432 1286 3488 illi
1306 3433 1491 3488 miseri
1505 3433 1703 3488 mortui

114 3535 306 3595 erunt,
343 3537 400 3585 et
415 3545 692 3600 nunquam
720 3544 752 3583 a
788 3529 902 3584 vita
928 3528 1163 3599 separati
1191 3528 1379 3584 vivere
1419 3536 1700 3598 poterunt.

114 3623 308 3680 Mortui
329 3625 526 3696 quippe
547 3633 706 3680 erant
725 3633 880 3691 ante,
906 3625 1001 3680 sed
1025 3624 1080 3679 iu
1109 3624 1197 3679 die
1231 3621 1423 3694 iudicii
1454 3636 1605 3677 mors
1635 3619 1701 3675 il-

114 3714 290 3771 lorum
319 3731 428 3770 non
459 3715 688 3783 accipiet
711 3715 1024 3780 terminum,
1055 3714 1151 3769 sed
1180 3720 1556 3784 augmentum,
1577 3712 1704 3782 quia

113 3805 370 3863 videlicet
397 3803 453 3857 in
497 3812 612 3858 toto
656 3804 774 3872 ipso
812 3811 1052 3873 tempore
1091 3818 1199 3871 quo
1227 3803 1518 3856 volvuntur
1556 3802 1704 3856 mille

113 3896 244 3952 anni
268 3935 284 3962 ,
314 3894 604 3951 noluerunt
629 3894 817 3949 audire
842 3907 1029 3948 vocem
1056 3891 1180 3946 Filii
1206 3892 1323 3957 Dei,
1355 3900 1416 3946 ut
1439 3892 1702 3946 viverent.

115 3988 227 4043 llas
265 3994 468 4042 mortes
488 3985 622 4041 duas
657 3984 918 4040 Dominus
951 3982 1006 4038 in
1031 3981 1327 4053 Evangelio
1369 3981 1702 4036 manifestat.

113 4081 193 4136 De
214 4080 468 4152 praesenti
503 4078 648 4134 enim
669 4119 685 4145 ,
715 4078 842 4149 quia
869 4076 1040 4132 sancti
1066 4077 1122 4131 in
1151 4076 1332 4131 anima
1365 4082 1488 4146 post
1507 4089 1703 4145 pecca-

114 4181 230 4229 tum
261 4179 488 4243 surgunt
507 4171 574 4226 ad
594 4171 781 4237 vitam,
810 4169 940 4225 dicit
968 4187 981 4223 :
1019 4167 1172 4224 Venit
1193 4169 1347 4234 hora,
1377 4177 1426 4223 et
1450 4184 1587 4223 nunc
1604 4175 1699 4231 est,

114 4263 328 4338 quando
353 4263 545 4318 mortui
573 4262 790 4316 audient
822 4277 994 4316 vocem
1021 4259 1149 4314 Filii
1165 4258 1262 4313 Dei
1281 4301 1296 4326 ,
1319 4269 1368 4315 et
1399 4260 1489 4330 qui
1516 4259 1702 4313 audie-

116 4356 242 4422 rint,
263 4355 424 4410 vivent
449 4353 630 4424 (Joan.
660 4351 736 4424 v).
765 4353 842 4407 De
866 4351 955 4406 illa
983 4359 1162 4405 autem
1188 4366 1202 4404 :
1235 4349 1380 4405 Tunc
1417 4367 1593 4406 omnes
1613 4351 1704 4421 qui

116 4448 174 4502 in
200 4445 548 4501 monumentis
573 4453 718 4511 sunt,
741 4443 957 4498 audient
984 4458 1158 4498 uocem
1187 4441 1317 4496 Filii
1345 4441 1460 4497 Dei.
1487 4442 1556 4496 Et
1585 4459 1704 4513 pro-

117 4540 329 4606 cedent,
369 4539 459 4611 qui
501 4538 637 4594 bona
682 4537 948 4607 fecerunt,
994 4537 1051 4592 in
1088 4536 1518 4592 resurrectionem
1560 4535 1699 4591 vitae.

116 4631 254 4699 Quia
281 4645 411 4700 ergo
437 4629 651 4698 reprobi
675 4629 764 4684 hic
788 4627 867 4701 (id
890 4628 1052 4683 estin
1078 4628 1255 4699 prima
1279 4628 1701 4699 resurrectione)

1809 3432 1994 3480 tamen
2020 3423 2386 3480 sacerdotium
2413 3429 2468 3478 et
2490 3435 2718 3492 regnum
2751 3408 2966 3474 illo'rum
3002 3416 3058 3470 in
3082 3415 3168 3470 die
3203 3409 3397 3482 iudicii

1807 3534 1917 3574 non
1947 3517 2179 3589 accipiet
2211 3517 2524 3582 terminum,
2570 3514 2666 3570 sed
2690 3519 3036 3585 augmentum
3055 3551 3070 3577 ,
3101 3508 3319 3580 quando
3343 3513 3399 3562 et

1806 3609 2130 3681 semetipsos
2159 3618 2302 3665 totos
2329 3609 2440 3664 Deo
2463 3607 2723 3672 oll‘crent,
2755 3614 2811 3661 et
2833 3619 2999 3675 super
3023 3603 3206 3660 omnia
3232 3614 3396 3672 regna

1806 3701 2226 3760 constituentur.
2247 3699 2366 3768 Quo
2387 3709 2577 3756 contra
2604 3697 2843 3769 reprobi,
2864 3696 2960 3767 qui
2982 3696 3070 3751 hic
3092 3693 3399 3751 mercedem

1807 3805 1964 3844 suam
2004 3790 2307 3859 recipiunt,
2346 3789 2601 3844 omnibus
2634 3787 2798 3842 rebus
2831 3786 3296 3856 exspoliabuntur.
3337 3781 3397 3838 In

1807 3881 1956 3936 mille
2002 3888 2184 3934 autem
2228 3879 2386 3933 annis
2421 3877 2620 3948 quibus
2649 3877 2956 3947 regnabunt
2991 3890 3117 3930 cum
3155 3873 3396 3939 Christo,

1807 3984 1969 4024 omne
1992 3977 2203 4039 tempus
2225 3967 2465 4022 futurum
2490 3965 2830 4037 intelligitur,
2851 3964 2992 4019 sicut
3010 3978 3172 4034 supra
3194 3963 3395 4019 dictum

1806 4069 1910 4117 est.
1960 4058 2150 4130 Neque
2189 4058 2336 4114 enim
2388 4072 2663 4128 nunquam
2717 4071 2748 4110 a
2801 4054 2974 4127 gloria
3032 4053 3175 4109 illius
3220 4052 3394 4122 regni,

1808 4153 2106 4212 secundum
2147 4151 2292 4223 quod
2340 4149 2586 4207 hmretici
2620 4147 2940 4214 voluerunt,
2980 4145 3394 4217 separabuntur,

1807 4246 1904 4305 sed
1927 4259 2141 4317 semper
2171 4258 2295 4300 cum
2318 4243 2534 4300 Christo
2561 4241 2885 4312 regnabunt.
2920 4237 3082 4294 Juxta
3105 4237 3250 4310 quod
3280 4237 3389 4293 Do-

1809 4341 1993 4397 minus
2017 4338 2188 4395 dicit:
2221 4335 2382 4390 lbunt
2403 4336 2457 4390 hi
2474 4336 2531 4390 in
2554 4334 2716 4388 vitam
2735 4341 2984 4387 aeternam
3005 4329 3223 4402 (Matth.
3242 4329 3394 4399 xxv).

1878 4431 1949 4486 Et
1997 4447 2116 4485 cum
2159 4427 2507 4484 consummati
2549 4425 2742 4496 fuerint
2793 4424 2934 4480 mille
2971 4423 3130 4490 anni,
3171 4422 3400 4477 solvetur

1805 4534 2021 4582 satanas
2041 4524 2106 4578 de
2133 4537 2342 4576 carcere
2375 4536 2496 4575 suo.
2524 4516 2681 4573 Nunc
2709 4517 2852 4573 redit
2888 4516 2958 4572 ad
3008 4516 3074 4572 de
3113 4513 3395 4571 scribenda

1808 4627 2053 4690 tempora
2067 4615 2412 4672 Antichristi.
2429 4614 2844 4670 Consummatos
2856 4619 3038 4666 autem
3057 4609 3204 4665 mille
3226 4623 3396 4662 annos

117 4688 161 4776 5'
176 4688 593 4791 morteupecc-ati
629 4688 819 4774 nolunt
851 4719 1028 4775 redire
1056 4688 1125 4774 ad
1147 4719 1315 4774 vitam
1333 4759 1348 4785 ,
1379 4719 1622 4789 profecto
1647 4688 1702 4774 in
1729 4688 1784 4748 Β
1810 4688 1972 4778 dicit,
2014 4726 2045 4765 a
2093 4717 2206 4764 toto
2231 4716 2444 4778 partem
2483 4704 2964 4776 comprehendens.
2997 4701 3089 4758 Sic
3109 4701 3253 4757 enim
3291 4699 3397 4755 sol-

117 4813 354 4870 secunda
388 4811 818 4878 resurrectione,
856 4827 976 4882 qua:
1005 4812 1189 4867 carnis
1224 4820 1342 4878 est,
1374 4813 1441 4867 ad
1473 4821 1703 4869 mortem

119 4904 413 4962 secundam
439 4919 560 4960 cum
603 4903 719 4974 ipsa
753 4918 916 4958 carne
947 4903 1275 4960 transibunt.
1318 4903 1517 4975 Sicque
1543 4905 1702 4961 electi

121 4999 188 5054 de
208 4998 315 5052 vita
331 4996 576 5066 justitite,
607 4995 918 5051 transibunt
945 4994 1013 5049 ad
1042 4996 1209 5050 vitam
1231 4997 1584 5052 beatitudinis
1606 5013 1704 5068 per

119 5090 576 5145 resurrectionem
597 5088 811 5154 carnis;
847 5094 903 5142 et
930 5087 1145 5157 reprobi
1173 5086 1238 5141 de
1267 5094 1442 5143 morte
1470 5088 1699 5157 peccati,

121 5182 190 5238 ad
246 5181 509 5238 ultionem
562 5181 754 5237 mortis
807 5195 904 5251 per
953 5178 1197 5234 eamdem
1251 5180 1704 5235 resurrectionem

122 5274 326 5332 carnis.
362 5272 493 5328 Hcce
515 5282 590 5328 est
610 5273 928 5336 resurrectio
959 5271 1151 5342 prima.
1185 5269 1536 5342 Nequaquam
1561 5271 1709 5326 dlce-

123 5373 211 5422 ret
239 5379 255 5418 :
282 5361 489 5429 Prima,
521 5363 627 5417 nisi
650 5371 795 5418 esset
821 5370 876 5418 et
901 5364 1158 5418 secunda.
1176 5361 1499 5434 Primaergo
1524 5376 1708 5417 resur-

123 5459 298 5516 rectio
318 5467 423 5524 est,
456 5472 576 5528 quae
600 5457 663 5512 ﬁt
684 5456 740 5511 in
755 5455 956 5522 anima,
986 5456 1128 5528 quod
1157 5465 1263 5522 est,
1290 5455 1357 5509 ab
1389 5455 1706 5509 inﬁdelitate

126 5550 308 5607 redire
349 5549 418 5604 ad
443 5548 645 5618 ﬁdem,
674 5563 707 5603 a
734 5546 882 5602 vitiis
907 5548 973 5601 ad
998 5547 1228 5603 virtutes
1278 5562 1580 5619 resurgere.
1609 5546 1707 5602 Se-

122 5642 301 5700 cunda
339 5650 520 5697 autem
561 5641 668 5695 erit
700 5640 754 5694 in
784 5638 872 5694 die
896 5635 1116 5706 judicii,
1158 5639 1376 5709 quando
1423 5647 1708 5710 resurgent

123 5751 251 5792 cum
271 5734 590 5807 corporibus
613 5733 665 5788 in
693 5739 956 5786 :eternum
985 5730 1199 5786 victuri.
1230 5732 1384 5788 Sicut
1407 5731 1556 5790 enim
1584 5739 1712 5788 sunt

124 5832 248 5887 dua:
287 5837 527 5892 mortes,
561 5841 668 5883 una
708 5824 917 5880 scilicet
953 5824 1178 5890 animae,
1217 5825 1389 5880 altera
1423 5825 1709 5896 corporis;

127 5923 204 5979 sic
241 5929 366 5977 sunt
396 5929 452 5975 et
477 5919 596 5976 duae
642 5916 1100 5983 rcsurrectioues,
1146 5931 1252 5972 una
1281 5932 1402 5988 quae
1436 5918 1523 5974 hic
1568 5917 1624 5970 ﬁt
1657 5916 1712 5970 in

1810 4812 1967 4860 vetur
1996 4810 2057 4858 ut
2086 4816 2252 4872 super
2279 4801 2392 4856 sint
2419 4798 2546 4853 anni
2584 4805 2696 4853 tres
2733 4804 2788 4854 et
2821 4809 3037 4853 menses
3065 4811 3182 4852 sex.
3219 4793 3396 4863 Supra

1810 4895 1957 4951 enim
1982 4893 2130 4950 mille
2153 4893 2283 4948 anni
2301 4932 2318 4960 ,
2359 4907 2390 4946 a
2433 4890 2645 4947 Domini
2675 4891 2911 4946 adventu
2936 4904 3107 4960 usque
3134 4888 3204 4943 ad
3230 4888 3394 4943 ﬁnem

1809 4987 1990 5044 saeculi
2030 4986 2424 5058 intelliguntur,
2473 4985 2565 5040 hic
2611 4992 2795 5040 autem
2841 4997 3014 5054 usque
3058 4983 3125 5038 ad
3171 4996 3395 5054 regnum

1809 5080 2150 5144 Antichristi,
2192 5080 2410 5150 quando
2453 5076 2545 5134 ille
2595 5077 2835 5133 solvetur
2887 5075 2954 5131 de
3002 5090 3102 5131 suo
3151 5088 3391 5140 carcere,

1812 5174 1916 5229 hoc
1941 5181 2027 5230 est
2051 5173 2117 5229 de
2153 5172 2508 5242 reproborum
2537 5170 2815 5236 cordibus,
2847 5169 2902 5224 in
2927 5169 3124 5240 quibus
3147 5167 3308 5223 modo
3331 5165 3397 5220 li-

1812 5275 1970 5336 gatus
1992 5272 2096 5331 est,
2140 5280 2209 5319 ne
2247 5272 2455 5320 tantum
2497 5262 2704 5326 sseviat,
2737 5269 3000 5332 quantum
3028 5259 3161 5316 vult.
3191 5258 3289 5315 Vel
3329 5260 3394 5314 de

1813 5371 2036 5413 carcere
2061 5355 2304 5413 solvetur
2324 5396 2339 5420 ,
2365 5354 2490 5427 quia
2516 5353 2583 5409 de
2611 5352 2879 5423 pravitate
2921 5351 3160 5424 perﬁdiae
3184 5343 3397 5407 Iudaeo-

1814 5465 1936 5506 rum
1965 5456 2242 5505 nascetur.
2271 5447 2432 5504 Juxta
2461 5446 2589 5502 illud
2629 5461 2642 5499 :
2677 5443 2803 5500 Fiat
2830 5444 2952 5500 Dan
2970 5444 3180 5500 coluber
3215 5445 3272 5499 in
3309 5445 3398 5499 via

1818 5541 1972 5613 (Gen.
2005 5541 2172 5612 xui),
2197 5549 2302 5597 etc.
2328 5539 2399 5594 Et
2433 5539 2626 5605 exibit,
2663 5538 2734 5594 ad
2768 5547 2985 5607 apertas
3007 5537 3216 5593 scilicet
3246 5535 3393 5590 blas-

1811 5635 2058 5706 phemias
2085 5643 2140 5690 et
2166 5633 2593 5706 persecutiones.
2646 5631 2715 5685 Et
2740 5631 2949 5686 seducet
2974 5644 3150 5701 gentes
3177 5627 3395 5692 multas,

1812 5743 1933 5799 qua:
1947 5735 2069 5782 sunt
2084 5734 2478 5797 superquatuor
2495 5721 2710 5794 angelos
2726 5731 2880 5776 terra:
2900 5718 3011 5792 Gog
3023 5731 3072 5776 et
3094 5718 3306 5790 Magog.
3321 5716 3399 5772 De

1816 5818 1902 5874 his
1953 5817 2202 5890 gentibus
2236 5815 2386 5870 varie
2431 5814 2648 5886 quidam
2708 5813 3030 5884 loquuntur,
3069 5810 3398 5866 aestimantes

1818 5928 1914 5970 eas
1937 5926 2060 5970 esse
2087 5920 2275 5983 gentes
2300 5907 2643 5980 aquilonares
2660 5945 2674 5974 ,
2709 5905 2764 5961 id
2805 5913 2889 5960 est
2917 5903 3082 5961 Getas
3104 5911 3158 5961 et
3193 5903 3398 5960 Massa-
