3990 6332
600 426 741 496 ιιει

1095 430 1452 499 HAYMONIS
1488 434 1971 499 HALBERSTAT.
2008 434 2169 495 EPISl

2274 432 2413 494 ΒΗ).
2444 433 2628 494 PARS
2658 430 2782 493 1.-
2798 430 3155 493 οοιιιιΕΝτ.
3190 424 3367 490 BIBL.

592 558 764 626 getas,
794 565 915 623 quae
953 550 1221 610 Scanzam
1252 554 1481 611 insulam
1510 554 1834 612 inhabitant.
1864 552 1979 610 Sed
1999 552 2043 609 si
2073 552 2172 607 bas
2200 555 2250 615 Α
2272 560 2487 617 castra,
2515 552 2642 622 quia
2680 564 2895 623 semper
2931 549 3194 606 dimicant
3237 556 3429 605 unm
3470 545 3774 615 datalia,
3806 560 3853 606 et

591 645 969 703 tantummodo
990 648 1122 705 duas
1157 657 1345 721 gentes
1374 646 1619 705 diabolus
1652 648 1978 705 seducturus
2006 652 2173 711 esset,

590 750 932 811 nequaquam
961 740 1233 798 diceretur
1272 742 1336 799 a'd
1361 742 1464 798 hoc
1490 742 1665 808 exire,
1693 750 1754 797 ut
1784 740 2008 797 seducet
2035 737 2179 794 mni.

589 838 675 887 tas
717 840 908 903 gentes
948 848 1068 903 qua:
1110 842 1237 890 sunt
1275 846 1438 904 super
1474 841 1710 905 quatuor
1749 841 1934 902 partes
1974 840 2175 897 terrm,

587 936 712 980 cum
738 923 821 979 bat
849 933 1059 996 gentes,
1084 940 1190 980 non
1214 936 1466 996 quatuor,
1495 925 1589 979 sed
1610 938 1775 979 unam
1804 920 2179 978 tantummodo

586 1022 800 1086 partem
826 1015 1012 1071 mundi
1045 1015 1366 1072 inhabitcnt.
1392 1014 1591 1070 Dicunt
1613 1012 1775 1071 etiam
1802 1012 1890 1070 alii
1920 1014 2020 1069 bas
2046 1024 2177 1084 gen-

587 1113 673 1163 tes
720 1107 790 1162 ab
840 1105 1149 1164 Alexandro
1192 1122 1388 1179 magno
1436 1106 1491 1161 in
1546 1106 1796 1179 partibus
1846 1100 2201 1160 Macedonia"

589 1197 876 1255 conclusas
893 1239 908 1265 ,
938 1199 1027 1255 ubi
1055 1208 1113 1255 et
1139 1200 1404 1256 intentum
1436 1211 1563 1256 sunt
1590 1198 1982 1270 multiplicatae,
2008 1205 2069 1252 ut
2094 1195 2179 1251 vi-

587 1287 723 1361 ginti
759 1299 996 1361 quatuor
1026 1305 1194 1364 regna
1222 1294 1289 1347 de
1332 1308 1391 1349 se
1426 1291 1809 1348 reddidissent.
1840 1290 1949 1346 Sed
1998 1301 2178 1359 neque

588 1379 707 1437 ista:
748 1381 911 1437 etiam
959 1383 1007 1438 si
1046 1396 1237 1439 verum
1285 1393 1451 1455 esset,
1511 1396 1702 1441 omnes
1754 1380 1945 1441 mundi
1988 1388 2179 1455 partes

587 1481 773 1529 tenere
800 1484 1041 1549 possent.
1075 1474 1308 1548 Ideoque
1340 1478 1457 1534 haec
1496 1477 1762 1535 sententia
1794 1477 2029 1531 humana
2069 1481 2174 1539 est,

586 1580 694 1620 non
722 1566 924 1621 divina.
952 1562 1084 1621 Nam
1110 1567 1163 1621 in
1189 1566 1274 1623 bis
1294 1568 1504 1625 duabus
1532 1567 1803 1641 gentibus,
1826 1567 2004 1622 omnis
2035 1563 2174 1619 mul-

587 1655 763 1712 titudo
807 1656 1123 1731 intelligitur
1166 1660 1558 1730 reproborum,
1598 1660 1691 1733 qui
1734 1675 1899 1731 super
1943 1666 2179 1730 quatuor

586 1755 769 1818 partes
813 1756 971 1803 teme
999 1756 1156 1817 sunt,
1185 1750 1238 1805 id
1265 1760 1350 1807 est
1377 1767 1540 1823 super
1568 1751 1846 1809 Orientem
1864 1793 1879 1818 ,
1908 1748 2177 1807 Occiden-

584 1845 695 1895 tem
714 1879 730 1901 ,
753 1837 1075 1909 Aquilonem
1094 1850 1150 1897 et
1168 1841 1465 1899 Meridiem.
1490 1843 1608 1911 Quo
1630 1844 1683 1899 in
1712 1843 1831 1899 loco
1851 1842 2172 1906 ostenditur,

2278 645 2519 701 membra
2552 645 2687 716 ejus.
2732 643 3006 702 Sieenim
3048 643 3855 715 diciturzdsundenunupu

2278 736 2611 793 latitudinem
2637 744 2791 793 term
2809 777 2824 803 ,
2851 738 3125 792 cinxerunt
3154 744 3331 792 castra
3353 745 3707 802 noluerunt;
3737 752 3797 793 ac
3814 739 3850 795 si

2277 827 2571 896 diceretur,
2590 843 2692 901 per
2715 842 2932 885 omnem
2954 837 3116 885 terra:
3132 828 3566 891 habitationem,
3588 827 3853 887 electam

2279 922 2578 980 Ecclesium
2606 923 2882 995 pressuris
2922 930 3295 978 arctarernnt.
3324 920 3479 977 Bene
3522 922 3849 988 autetntb'eit,

2279 1016 2655 1085 ascenderunt,
2694 1024 2890 1073 contra
2918 1014 3120 1071 electos
3156 1013 3412 1070 videlicet
3438 1055 3455 1078 ,
3490 1022 3781 1077 tumentes,
3808 1024 3849 1069 rt

2279 1116 2439 1180 caput
2474 1122 2631 1164 suum
2670 1107 2981 1174 imitantes,
3019 1107 3115 1177 qui
3148 1106 3284 1163 dicit
3318 1124 3335 1160 :
3377 1106 3684 1161 Ascendere
3722 1120 3851 1176 super

2278 1201 2612 1259 altitudinem
2664 1200 2903 1266 nubium,
2946 1208 2996 1255 et
3036 1212 3127 1255 ero
3176 1198 3367 1254 similis
3413 1197 3692 1253 suam
3733 1198 3841 1269 the.

2280 1292 2414 1364 xrv).
2455 1290 2522 1348 Et
2562 1292 2654 1349 hic
2689 1291 2906 1364 quidem
2938 1304 3102 1362 super
3129 1290 3485 1347 altitudinem
3515 1292 3760 1355 nubium,
3782 1292 3843 1347 illi

2279 1398 2410 1441 vero
2430 1400 2594 1455 super
2622 1382 2964 1439 latitudinem
2991 1392 3155 1438 terra:
3177 1383 3516 1448 ascmdnnt,
3546 1384 3671 1452 quia
3694 1382 3841 1436 videli-

2281 1485 2370 1532 cet
2419 1483 2582 1546 caput
2631 1474 2941 1547 specialiter
2978 1483 3170 1529 contra
3210 1473 3403 1541 Deum,
3454 1476 3697 1530 membra
3740 1489 3839 1531 vero

2281 1569 2611 1641 generaliter
2634 1576 2823 1624 contra
2848 1568 3054 1624 electos
3077 1568 3380 1624 elevantur.
3404 1569 3493 1624 ἐι
3516 1570 3753 1625 civitates:
3774 1572 3834 1625 li-

2282 1661 2489 1717 lectam.
2530 1661 2647 1734 ipsa
2678 1660 2921 1719 Ecclesia
2958 1670 3043 1718 est
3071 1662 3265 1718 civitas
3309 1678 3339 1718 a
3387 1663 3511 1719 Deo
3546 1663 3753 1728 dilecta,
3782 1664 3831 1719 de

2282 1769 2389 1825 qua
2418 1754 2683 1809 Dominus
2714 1752 2846 1809 dicit
2885 1770 2901 1807 :
2943 1750 3069 1808 Non
3110 1763 3279 1823 potest
3312 1754 3505 1810 civitas
3542 1755 3825 1810 abscondis

2282 1856 2457 1901 monte
2475 1845 2644 1917 posita
2664 1844 2882 1917 (Matth.
2908 1844 2984 1915 ν).
3008 1845 3077 1900 Et
3099 1845 3389 1901 Psalmista
3414 1864 3430 1901 :
3460 1845 3697 1904 Gloriosa
3719 1848 3829 1901 dias

581 1938 638 1987 et
668 1930 800 1987 ﬁdes
825 1942 1136 1989 sanctorum
1170 1935 1222 1990 in
1251 1936 1504 1993 omnibus
1534 1937 1719 1992 mundi
1751 1937 1996 2008 partibus
2024 1934 2175 1990 inve—
2202 1926 2253 1991 Β
2278 1946 2401 1993 sunt
2426 1938 2492 1991 de
2528 1947 2609 2003 te,
2645 1937 2827 1992 civitas
2859 1935 2957 1992 Dei
2988 1934 3163 2009 (Psal.
3198 1938 3446 2011 un").

582 2022 779 2080 nienda
813 2036 941 2082 ante
977 2025 1138 2082 linem
1170 2028 1373 2084 saeculi.
1416 2026 1577 2084 Juxta
1613 2028 1758 2101 quod
1792 2027 2051 2083 Dominus
2090 2024 2171 2081 di-

580 2114 659 2171 cit
692 2128 709 2173 :
738 2113 967 2191 Oportet
995 2116 1344 2191 Evangelium
1372 2118 1657 2191 pradicari
1702 2119 1757 2174 in
1798 2126 1913 2175 toto
1946 2116 2167 2182 mundo,

581 2212 639 2263 et
661 2213 791 2261 tunc
818 2208 997 2263 veniet
1027 2206 1174 2274 linis,
1205 2219 1261 2264 et
1288 2209 1654 2267 numerositas
1676 2207 1988 2279 impiorum,
2021 2204 2171 2260 simi-

580 2295 707 2354 liter
730 2313 828 2369 per
849 2314 1041 2356 omnes
1078 2302 1262 2357 mundi
1294 2311 1479 2374 partes
1522 2303 1796 2357 smvitura.
1844 2296 1981 2368 Quia
2023 2298 2170 2353 enim

580 2391 782 2463 ubique
802 2401 965 2449 erunt
994 2393 1201 2460 fideles,
1232 2396 1438 2453 idcirco
1466 2397 1668 2469 ubique
1695 2412 1791 2452 eos
1814 2395 2173 2465 insequentur

580 2483 845 2541 inﬁdeles.
876 2483 992 2558 Gog
1031 2486 1230 2559 quippe
1272 2489 1664 2563 interpretatur
1694 2497 1906 2555 tectum,
1958 2484 2168 2557 Magog,

582 2573 647 2630 de
668 2585 801 2631 tecto
824 2617 839 2643 ,
871 2577 1015 2649 quod
1041 2577 1149 2634 tale
1171 2588 1291 2646 est,
1323 2580 1480 2651 quasi
1522 2580 1735 2636 dicatur
1764 2580 1957 2634 domus
1981 2591 2172 2648 proce-

581 2668 716 2725 dens
739 2669 805 2729 de
830 2672 1010 2727 domo.
1036 2670 1141 2731 Per
1162 2679 1364 2726 tectum
1391 2671 1573 2742 itaque
1605 2670 1980 2742 intelliguntur
2006 2669 2171 2724 corda

583 2763 966 2833 reproborum,
997 2764 1052 2819 in
1081 2764 1279 2837 quibus
1325 2766 1487 2822 modo
1531 2764 1662 2823 latet
1701 2764 1966 2821 diabolus.
2008 2761 2171 2819 Juxta

584 2853 732 2925 quod
757 2854 1007 2926 superius
1037 2854 1287 2931 legimus,
1308 2857 1363 2912 in
1395 2860 1593 2931 abysso
1623 2872 1747 2913 eum
1791 2870 1913 2914 esse
1946 2855 2171 2914 conclu-

583 2959 724 3000 sum.
753 2944 1007 3005 Diabolus
1029 2956 1209 3005 autem
1237 2957 1321 3005 est
1353 2949 1421 3005 de
1452 2958 1625 3019 tecto,
1673 2959 1931 3023 tanquam
1963 2949 2172 3006 scilicet

584 3036 653 3093 de
681 3036 1036 3108 reproborum
1078 3039 1336 3096 cordibus
1374 3042 1746 3113 progrediens.
1781 3040 1900 3111 Ipse
1929 3046 2016 3096 est
2041 3054 2172 3111 ergo

582 3128 745 3186 modo
770 3130 826 3187 in
856 3138 1016 3197 tecto,
1050 3140 1105 3187 et
1134 3138 1263 3187 tunc
1288 3132 1663 3207 progredietur
1689 3133 1755 3189 de
1786 3140 1947 3188 tecto.
1972 3130 2173 3187 Tectus

581 3229 667 3278 est
704 3221 849 3279 enim
896 3222 1057 3279 modo
1104 3223 1352 3281 diabolus
1400 3224 1456 3280 in
1502 3224 1642 3292 illis,
1685 3223 1780 3281 sed
1840 3223 2173 3297 temporibus

579 3312 901 3369 Antichristi
930 3314 1099 3370 exibit
1118 3315 1184 3370 de
1206 3323 1377 3383 tecto,
1407 3315 1563 3387 quasi
1594 3316 1971 3389 discoopertus
1989 3356 2005 3382 ,
2036 3314 2161 3386 quia
2191 3309 2238 3373 C

578 3406 722 3478 quod
754 3423 896 3462 nunc
926 3404 1058 3462 facit
1095 3408 1338 3476 occulte,
1370 3417 1499 3465 tunc
1532 3409 1691 3467 faciet
1730 3408 2038 3466 manifeste.
2070 3406 2167 3465 Vel

583 3505 733 3552 certe
761 3496 891 3566 ipse
918 3508 1107 3568 gentes
1149 3507 1275 3553 sunt
1310 3507 1537 3565 tectum,
1565 3500 1691 3572 quia
1733 3500 1786 3555 in
1834 3501 1967 3570 ipsis
2008 3500 2169 3555 modo

578 3584 823 3659 tetigitur
863 3598 919 3642 et
956 3588 1297 3643 concluditur
1342 3590 1608 3649 diabolus.
1654 3600 1709 3645 et
1752 3592 1880 3660 ipsa:
1920 3592 1987 3645 de
2025 3600 2169 3647 tecto

577 3684 758 3738 erunt.
807 3677 1027 3747 quando
1052 3678 1107 3731 in
1146 3687 1391 3749 apertam
1440 3681 1875 3750 persecutionem
1911 3694 2165 3753 prorum-

575 3777 724 3838 pent.
756 3766 938 3823 Exibit
966 3782 1096 3840 ergo
1134 3768 1187 3824 in
1217 3780 1460 3842 apertam
1491 3772 1959 3845 persecutionem,
1996 3782 2057 3831 ut
2083 3791 2169 3832 se-

576 3860 739 3917 ducat
764 3856 883 3933 Gog
910 3869 967 3918 et
993 3860 1201 3935 Magog,
1235 3862 1288 3920 id
1311 3872 1397 3920 est
1423 3867 1604 3921 omnia
1639 3869 1881 3923 membra
1922 3883 2041 3924 sua.
2064 3868 2169 3925 Se-

575 3953 759 4009 ductio
789 3962 971 4010 autem
1005 3955 1118 4013 haec
1156 3955 1283 4022 erit,
1313 3972 1435 4027 quae
1469 3956 1717 4015 ineitabit
1751 3974 1943 4015 omnes
1973 3977 2166 4032 repro-

576 4042 700 4111 bos,
732 4052 793 4099 ut
823 4044 1026 4101 bellent
1065 4055 1256 4103 contra
1290 4046 1591 4104 Christum.
1620 4049 1686 4104 Et
1716 4053 2047 4124 congregabit
2077 4070 2167 4109 eos

575 4139 631 4193 in
657 4136 918 4210 prwlium.
955 4136 1069 4197 Non
1103 4139 1155 4194 in
1180 4154 1346 4195 unum
1378 4141 1596 4211 locum,
1628 4142 1723 4199 sed
1763 4126 2010 4200 in'urmm
2035 4160 2167 4201 cou-

576 4243 816 4294 sensum,
848 4238 902 4283 et
927 4231 1317 4287 uuam-malam
1340 4232 1693 4296 voluntatem.
1719 4252 1815 4307 per
1849 4250 2011 4307 quam
2038 4252 2163 4293 om-

578 4330 675 4371 nes
707 4315 871 4371 Faciet
885 4320 1201 4374 concordes.
1222 4317 1461 4386 Quorum
1478 4336 1723 4376 numerus
1748 4333 1821 4377 est
1842 4322 1976 4378 sicut
2000 4340 2165 4380 arena

574 4408 758 4462 maris.
802 4404 1070 4474 'Legimus
1114 4410 1167 4466 iu
1214 4410 1412 4468 Genesi
1463 4414 1607 4483 quod
1663 4414 1862 4471 dixerit
1900 4417 2044 4472 Deus
2093 4418 2165 4474 ad

573 4498 847 4555 Abraham
892 4519 906 4556 :
948 4499 1312 4574 Multiplicabo
1372 4520 1548 4560 semen
1606 4516 1755 4561 tuum
1806 4510 1942 4563 sicut
1983 4510 2163 4566 stelias

577 4591 690 4645 cwli
708 4632 724 4656 ,
755 4601 803 4647 et
825 4593 958 4647 sicut
981 4610 1199 4649 arenam
1218 4636 1234 4662 ,
1263 4612 1382 4669 qua:
1408 4608 1483 4652 est
1514 4600 1567 4653 in
1594 4598 1771 4655 littore
1800 4604 1964 4658 maris
2002 4602 2160 4675 (Cen.

574 4683 731 4753 xm).
782 4684 881 4739 Ubi
923 4684 977 4739 in
1025 4686 1194 4741 stellis
1234 4688 1605 4761 intelliguntur
1637 4694 1846 4759 sancti;
1894 4694 1948 4750 in
1994 4668 2243 4753 arenaD

575 4772 762 4838 maris,
793 4789 984 4830 onmes
1012 4777 1227 4847 reprobi
1257 4780 1470 4837 steriles
1499 4792 1555 4838 et
1578 4782 1919 4841 infructuosi.

648 4864 718 4919 Et
768 4868 1138 4935 ascenderunt,
1170 4872 1427 4929 subaudis
1450 4873 1699 4932 diabolus
1732 4885 1788 4933 et
1817 4878 2059 4935 membra
2095 4879 2164 4937 ll-

574 4954 700 5021 lius,
746 4957 862 5031 Gog
906 4971 962 5016 et
1003 4960 1191 5037 MagOg
1240 4980 1403 5037 super
1462 4968 1801 5027 latitudinem
1841 4980 2018 5029 terrae.
2058 4970 2162 5031 Hic

575 5048 987 5105 demonstratur
1026 5054 1266 5111 Ecclesia
1326 5066 1640 5115 sanctorum
1685 5062 1739 5116 in
1775 5071 1890 5117 toto
1920 5064 2051 5118 orbe
2077 5063 2160 5118 di-

576 5138 815 5196 latanda.
865 5140 1025 5198 Juxta
1079 5147 1225 5214 quod
1276 5146 1535 5205 Dominus
1592 5150 1644 5205 in
1700 5150 1990 5225 Evangelio
2034 5154 2157 5208 ait:

577 5232 875 5302 Oportebat,
919 5233 1111 5304 inquit,
1140 5238 1253 5308 pati
1276 5238 1541 5296 Christum
1572 5253 1620 5298 et
1648 5260 1917 5316 resurgere
1945 5262 1978 5300 α
2008 5262 2160 5301 mor-

574 5323 698 5386 tuis,
729 5330 779 5376 et
804 5325 1087 5393 prtedicari
1117 5327 1171 5382 in
1200 5331 1407 5387 nomine
1447 5333 1562 5403 ejus
1592 5335 1949 5405 pcenitentiam
1982 5346 2031 5391 et
2076 5353 2161 5391 re-

572 5410 873 5467 missionem
916 5428 1248 5487 peccatorum
1287 5420 1341 5475 in
1373 5438 1550 5478 omnes
1580 5435 1755 5495 gentes
1794 5424 1944 5497 (Luc.
1974 5427 2155 5501 xxiv).

570 5504 640 5560 Et
663 5505 860 5563 iterum
888 5524 902 5562 :
925 5506 1296 5568 Prtedicabnnt
1316 5515 1414 5570 hoc
1436 5516 1775 5589 Evangelium
1798 5522 1853 5575 in
1878 5530 1985 5576 toto
2008 5521 2155 5588 orbe,

571 5606 619 5651 et
655 5608 779 5654 tunc
814 5601 983 5656 veniet
1014 5610 1415 5660 consummatio.
1458 5606 1614 5664 Sicut
1640 5625 1771 5682 ergo
1809 5612 2007 5683 ubique
2048 5614 2157 5669 erit

573 5686 843 5755 Ecclesia,
879 5692 953 5748 ita
995 5701 1053 5749 et
1088 5692 1288 5766 ubique
1324 5700 1432 5755 erit
1456 5704 1798 5772 persecutio,
1824 5712 1878 5759 et
1918 5704 1975 5761 in
2006 5706 2159 5763 nullo

571 5777 694 5885 loco
720 5782 823 5885 erit
841 5794 1090 5850 sanctus,
1128 5802 1288 5857 quem
1315 5804 1421 5846 non
1448 5802 1809 5863 persequetur
1828 5794 2046 5866 impius.
2083 5798 2155 5853 Et
2192 5788 2241 5885 ’,μ’

572 5874 889 5932 circuierunt
945 5892 1119 5936 castra
1182 5896 1501 5943 sanctorum.
1560 5888 1745 5945 Sancti
1813 5889 2155 5961 appellantur
2270 5893 2401 5963 quia
2444 5910 2549 5949 non
2596 5910 2694 5965 pro
2740 5894 3112 5953 vicissitudine
3150 5896 3256 5953 diei
3286 5911 3352 5954 ac
3378 5899 3595 5965 noctis,
3634 5895 3857 5955 licita

2343 2028 2413 2086 Et
2435 2030 2701 2085 descendit
2721 2030 2858 2100 ignis
2885 2047 2917 2083 α
2948 2028 3059 2083 Deo
3084 2029 3151 2084 de
3174 2028 3304 2086 celo
3320 2071 3336 2095 ,
3366 2041 3419 2085 et
3444 2030 3696 2086 decoravit
3715 2030 3828 2085 ilius.

2272 2122 2379 2180 Per
2429 2123 2610 2194 ignem
2658 2122 2999 2192 repentinum
3042 2121 3323 2177 interitum
3375 2122 3718 2189 Antichristi,
3760 2122 3831 2177 vel

2271 2215 2640 2272 membrorum
2668 2212 2810 2269 illius
2842 2212 3145 2284 intelligere
3171 2212 3441 2270 debemus.
3488 2214 3632 2271 Unde
3654 2213 3830 2269 Paulus

2273 2306 2447 2363 dicit:
2483 2305 2651 2372 Quem
2706 2303 2963 2359 Dominus
3010 2302 3168 2359 Iesus
3210 2304 3471 2373 interﬁat!
3502 2304 3682 2374 spirits
3726 2304 3833 2358 oris

2273 2397 2358 2453 sui
2399 2394 2485 2469 (11
2518 2394 2698 2451 Thess.
2727 2394 2812 2466 ιι).
2863 2394 2929 2449 Et
2976 2393 3031 2450 in
3073 2393 3347 2466 Evangelia
3385 2396 3493 2466 ipe
3538 2394 3825 2451 Dominus:

2275 2489 2407 2546 Cum
2436 2490 2665 2544 dixerint
2696 2503 2806 2559 pax
2831 2494 2879 2542 et
2907 2488 3185 2554 securitas,
3220 2497 3335 2542 tunc
3352 2488 3637 2557 repentinus
3662 2487 3729 2543 eis
3747 2504 3832 2543 su-

2273 2580 2535 2654 perveniet
2568 2581 2810 2636 interitus
2836 2578 2889 2648 (1
2914 2574 3097 2636 Thess.
3122 2580 3199 2652 ν).
3250 2580 3401 2637 Sicut
3425 2581 3567 2636 enim
3587 2596 3723 2636 nunc
3743 2581 3832 2636 iste

2275 2672 2512 2728 mundus
2543 2670 2736 2743 plenus
2770 2680 2856 2728 est
2900 2672 3235 2741 hominibus,
3270 2673 3352 2728 sic
3398 2672 3501 2729 erit
3542 2673 3595 2728 in
3634 2674 3830 2729 niveum

2275 2763 2400 2820 Filii
2428 2763 2684 2819 hominis.
2727 2761 2929 2835 Sicque
2967 2779 3090 2820 cum
3122 2774 3348 2836 repente
3377 2765 3632 2821 Dominus
3655 2766 3830 2820 venerit

2275 2854 2347 2913 ad
2374 2855 2660 2926 judicium,
2692 2855 2846 2927 quasi
2875 2855 3039 2929 ignis,
3071 2855 3126 2911 id
3154 2864 3241 2913 est
3272 2854 3545 2913 sententia
3572 2855 3829 2913 damstio-

2275 2948 2364 3004 nis
2392 2946 2575 3004 subito
2599 2946 2890 3004 descendet
2928 2949 2995 3003 de
3043 2948 3184 3004 ctelo
3202 2989 3219 3013 ,
3251 2956 3309 3005 et
3339 2949 3621 3019 devorabit
3650 2948 3824 3018 impios.

2276 3054 2385 3096 non
2426 3038 2602 3097 solum
2640 3039 2696 3095 in
2735 3052 2984 3109 corpore,
3034 3041 3129 3096 sed
3166 3040 3337 3095 etiam
3378 3040 3439 3096 in
3486 3040 3673 3097 anima.
3707 3038 3825 3096 lilia
3885 3090 3893 3101 .

2276 3133 2541 3188 Dominus
2586 3131 2640 3187 in
2686 3128 2977 3203 Evangelio
3021 3130 3155 3187 dicit
3184 3148 3201 3186 :
3228 3128 3391 3188 Sient
3440 3131 3549 3187 fuit
3592 3133 3642 3188 in
3680 3131 3823 3187 diebus

2276 3223 2410 3290 Noe,
2451 3223 2531 3280 sic
2574 3223 2683 3279 erit
2720 3225 2771 3278 in
2820 3223 3053 3280 adventu
3094 3221 3219 3278 Filii
3260 3223 3510 3280 hominis
3538 3223 3675 3297 (Lee.
3702 3221 3821 3291 xm).

2268 3316 2442 3371 Aliter
2489 3334 2502 3370 :
2550 3316 2725 3386 Supra
2777 3314 3005 3388 legimus
3053 3315 3121 3372 de
3168 3316 3376 3372 sanctis
3439 3316 3823 3387 pmdieatorihs

2271 3407 2419 3479 quod
2461 3406 2598 3479 ignis
2629 3406 2816 3462 exiens
2846 3406 2916 3462 de
2948 3421 3046 3462 ore
3078 3406 3294 3463 morum
3320 3405 3821 3464 devoravit

2273 3512 2484 3552 eorum.
2523 3497 2689 3564 Quam
2717 3497 2862 3553 enim
2892 3497 3033 3569 ignis
3058 3498 3127 3554 de
3152 3498 3294 3555 ctelo
3318 3500 3632 3566 desaeviat,
3652 3515 3751 3555 eam
3768 3512 3819 3552 ex

2272 3588 2440 3642 divini
2475 3588 2626 3643 verbi
2656 3588 3068 3659 prtedieatione,
3096 3591 3345 3659 mprobis
3370 3591 3532 3648 livor
3555 3590 3733 3649 inii:
3751 3604 3823 3646 ac-

2272 3680 2492 3741 crescit.
2537 3680 2724 3752 sicque
2762 3682 2876 3751 ipsa
2922 3682 3271 3752 prredieatlo,
3301 3699 3428 3754 quin
3448 3682 3820 3756 jostisestrita,

2271 3775 2520 3847 reprobis
2554 3783 2638 3831 est
2659 3777 2936 3832 damnatio
2959 3790 3244 3848 perpetua.
3296 3776 3458 3835 Unde
3484 3778 3675 3834 Paulus
3694 3795 3707 3831 :
3728 3775 3823 3830 Aliis

2273 3885 2455 3925 sumus
2484 3869 2619 3924 ador
2644 3856 2827 3925 mortis
2856 3871 2911 3925 in
2940 3880 3182 3935 mortem,
3222 3858 3367 3925 aliis.
3384 3872 3535 3926 odor
3572 3873 3681 3928 rita-
3704 3872 3747 3923 ει
3773 3868 3827 3921 ti-

2274 3969 2382 4015 tam
2415 3958 2500 4030 (11
2526 3958 2651 4015 Cor.
2684 3963 2772 4033 ιι).
2794 3988 2867 4005 ε·-
2888 3961 2957 4016 Et
2991 3962 3236 4017 diabolus
3276 3965 3365 4035 qui
3409 3965 3685 4020 «ducebat
3718 3961 3825 4025 illas,

2273 4052 2388 4107 sive
2412 4066 2511 4123 per
2533 4068 2614 4117 se,
2638 4053 2869 4125 sireper
2896 4055 3140 4110 membra
3170 4069 3288 4110 sua.
3332 4052 3547 4112 lissam
3575 4067 3647 4112 est
3682 4058 3729 4108 in
3755 4062 3829 4107 rte-

2272 4162 2432 4214 gnum
2458 4146 2595 4218 ignis
2617 4156 2665 4203 et
2690 4147 2980 4219 sulphuris,
3006 4148 3096 4203 ubi
3122 4158 3171 4203 et
3197 4149 3383 4215 bestia,
3416 4150 3473 4206 id
3500 4160 3591 4208 est
3611 4146 3830 4206 Antichri-

2274 4244 2392 4290 SlilS
2400 4273 2412 4287 ο

2346 4325 2415 4381 Et
2462 4328 2941 4400 pseudoprophettr.
2989 4328 3333 4385 Praeteritum
3376 4339 3605 4402 tempus
3647 4331 3829 4402 positura

2271 4425 2355 4473 est
2382 4418 2471 4474 hic
2498 4433 2599 4488 pro
2634 4419 2814 4475 unum
2852 4420 3051 4477 missus
3092 4432 3203 4487 est,
3251 4421 3461 4477 scilicet
3516 4440 3618 4495 pro
3648 4421 3833 4491 ecqud

2269 4516 2356 4563 est
2398 4509 2666 4563 mittetur.
2714 4509 2821 4565 Per
2850 4519 3100 4581 stagnum
3142 4527 3274 4566 vero
3306 4512 3448 4583 ignis
3470 4515 3535 4567 in
3557 4532 3628 4582 qu
3680 4514 3833 4569 misul

2269 4610 2356 4658 est
2384 4600 2652 4668 diabolus,
2684 4602 3028 4675 profunditas
3064 4604 3384 4675 intelligitur
3422 4607 3653 4671 inferni,
3688 4609 3732 4661 in
3754 4619 3835 4675 qus

2270 4693 2423 4765 impii
2462 4708 2585 4749 cum
2614 4695 2792 4765 capite
2818 4710 2919 4750 suo
2945 4695 3183 4750 damnati
3222 4696 3274 4750 in
3319 4700 3609 4767 perpetuis
3643 4696 3835 4752 tenebris

2268 4786 2645 4842 obvolventur.
2694 4785 2960 4853 Quoniam
2992 4787 3117 4843 licet
3138 4787 3211 4843 sit
3232 4789 3307 4842 ibi
3336 4789 3507 4861 ignis,
3544 4809 3653 4846 non
3674 4790 3763 4843 erit
3786 4785 3837 4839 ad

2270 4875 2589 4943 lucentium,
2604 4877 2698 4932 sed
2719 4878 2786 4932 ad
2808 4878 3373 4950 miserorumeorpcra
3385 4882 3837 4939 cuneremamisnt.

2267 4973 2509 5044 Corpora
2557 4975 2700 5029 enim
2750 4976 3105 5045 reproborum
3148 4988 3312 5032 erunt
3358 4976 3674 5034 fomentum
3710 4978 3841 5049 ignis.

2268 5066 2575 5136 Ideoqueet
2622 5066 2738 5135 ipse
2778 5067 2918 5136 ignis
2965 5069 3069 5123 erit
3114 5069 3450 5126 indeﬁciens.
3476 5073 3615 5141 quia
3643 5072 3845 5125 erantet

2273 5171 2503 5228 c0rpora
2534 5157 2856 5211 immortalia
2889 5159 3087 5230 quibus
3128 5175 3344 5232 semper
3364 5165 3719 5218 accendctnr.
3746 5160 3846 5215 Sul-

2275 5249 2417 5319 phur
2460 5258 2638 5303 autem
2688 5258 2744 5305 et
2772 5249 2949 5323 ignem
2999 5253 3244 5307 accendit
3285 5252 3609 5309 ctfetorem
3632 5258 3843 5327 general.
3950 5280 3951 5295 ι

2272 5341 2399 5410 quia
2430 5340 2571 5396 sicut
2604 5342 2811 5397 dictum
2832 5350 2937 5408 est,
2971 5350 3027 5398 et
3050 5344 3192 5415 ignis
3216 5345 3289 5400 ibi
3319 5347 3425 5401 erit
3464 5359 3786 5418 perpetuus,
3806 5350 3851 5400 et

2272 5433 2417 5489 fetor
2436 5432 2810 5489 intolerabilis.
2834 5432 2987 5490 Unde
3002 5436 3281 5506 sequitur:
3296 5434 3365 5490 Et
3387 5434 3852 5492 (κάπικωηᾶ

2271 5541 2338 5579 ac
2361 5534 2506 5579 nocte
2546 5525 2603 5578 in
2628 5524 2825 5579 strcula
2851 5526 3184 5582 mentorum.
3216 5526 3357 5583 Cum
3385 5529 3439 5584 in
3480 5530 3708 5587 inferno
3732 5543 3852 5586 seu.

2272 5630 2373 5688 per
2388 5616 2628 5671 tenebrae
2661 5618 2789 5680 sint,
2811 5617 2967 5689 juxta
2998 5619 3126 5675 illud
3153 5639 3167 5675 :
3200 5619 3447 5676 Inutilent
3468 5640 3687 5679 servum
3708 5620 3849 5693 proﬁ-

2272 5708 2375 5762 cite
2393 5706 2450 5761 in
2476 5707 2712 5762 tenebras
2732 5711 3013 5765 exteriores
3035 5708 3247 5782 (lattlt.
3280 5713 3427 5782 xxv),
3457 5712 3599 5783 quid
3622 5724 3714 5771 est
3732 5708 3853 5784 qua!

2272 5797 2365 5853 hic
2391 5797 2605 5863 dicitur,
2633 5798 3008 5854 cruciabuntur
3026 5801 3112 5855 die
3133 5818 3197 5856 ac
3216 5810 3369 5857 nocte
3389 5803 3415 5856 2
3449 5801 3561 5859 Sed
3588 5804 3849 5860 scienda!

3946 6008 3952 6069 |
