3972 6524
188 515 219 577 l
232 516 339 577 189

1124 517 1509 581 exeosrrto
1540 517 1607 579 IN
1644 500 2367 583 APOCALYPSIN.—LIB.
2412 520 2522 579 vn.

3325 529 3468 589 “90

185 643 293 690 aut
316 647 421 689 nos
453 639 748 705 ponuntur,
778 633 1125 704 sed'propter
1156 635 1571 693 mutabilitatem
1595 648 1782 705 pretia-
1808 641 1861 697 Α
1880 633 2115 693 interius
2151 636 2475 701 candescere
2518 636 2784 705 videmus.
2847 638 2983 695 Hinc
3023 648 3081 699 et
3123 640 3382 701 Dominus
3415 646 3469 703 in

184 741 337 792 rum,
356 725 553 781 caloris
579 724 1457 797 scilicetetdrigoris.Quo'contra
1486 726 1553 783 de
1578 726 1782 785 sanctis

181 815 415 884 dicitur,
439 817 565 888 quia
584 816 699 886 iam
728 827 939 889 tempus
962 834 1073 875 non
1092 820 1218 885 erit,
1241 819 1399 875 idest
1418 819 1560 877 nulla
1583 818 1781 877 immu-

182 910 450 966 tabilitas.
504 910 657 978 Quod
689 925 966 982 exponens
992 911 1196 971 Paulus
1234 913 1364 972 dicit
1394 930 1408 965 :
1438 911 1635 971 Omnes
1664 912 1783 982 qui-

181 999 313 1055 dem
364 1017 728 1071 resurgentis,
782 1002 872 1058 sed
917 1020 1021 1059 non
1069 1019 1247 1063 omnes
1292 1002 1683 1061 itnmutabimur
1727 1001 1777 1073 (ι

182 1088 319 1145 Cor.
356 1091 468 1163 xv).
520 1090 678 1161 Apud
704 1091 908 1150 electos
941 1095 1085 1155 enim
1125 1094 1325 1155 nullius
1364 1094 1447 1149 rei
1474 1094 1582 1151 erit
1620 1093 1783 1150 vicis-

182 1184 396 1250 situdo,
419 1185 513 1240 sed
542 1184 683 1241 sicut
706 1196 869 1242 erunt
892 1185 1225 1242 innnortales
1246 1191 1491 1256 carpere,
1520 1184 1603 1247 sic
1619 1195 1783 1241 erunt

182 1284 245 1331 et
283 1275 647 1334 immntabiles
681 1287 883 1334 mente.
928 1277 1164 1347 Reprabi
1226 1286 1405 1340 autem
1431 1316 1449 1342 ,
1504 1275 1631 1333 licet
1672 1276 1782 1335 sint

182 1366 528 1425 immortales
574 1385 833 1440 corpore,
885 1379 1066 1426 tamen
1105 1369 1508 1441 corruptionem
1555 1369 1784 1427 sustine—

180 1460 346 1531 bunt,
376 1462 500 1531 quia
532 1477 562 1516 a
586 1462 857 1521 vermibus
875 1463 1246 1527 comedentur,
1279 1470 1334 1516 et
1366 1461 1780 1521 mutabilitatem

181 1551 358 1607 animi
401 1552 698 1619 patientur,
726 1566 1053 1621 semperque
1099 1550 1369 1618 deﬁcient,
1406 1559 1461 1607 et
1503 1568 1779 1622 nunquam

181 1643 257 1698 ad
294 1642 561 1703 defectum
604 1645 938 1714 pervenient.
987 1644 1115 1707 Haec
1154 1645 1335 1714 itaque
1375 1644 1781 1705 immutabilitas

179 1747 470 1803 pinnarum
495 1735 582 1797 hic
604 1735 925 1805 exprimitur
946 1749 1044 1805 per
1071 1734 1214 1793 diem
1235 1743 1287 1797 et
1312 1745 1547 1799 noctem.
1586 1736 1776 1805 Aliter,

180 1823 330 1880 diem
354 1840 640 1894 possumus
671 1824 874 1883 referre
899 1824 966 1881 ad
997 1825 1223 1897 gloriam
1248 1826 1537 1897 justorum,
1563 1838 1776 1885 noctem

179 1915 257 1970 ad
300 1931 517 1985 penam
562 1917 935 1987 reproborum.
998 1916 1080 1974 illi
1133 1932 1263 1989 ergo
1308 1920 1400 1988 qui
1457 1919 1513 1985 in
1565 1919 1778 1995 inferno

1885 727 2181 799 Evangelio
2224 742 2449 800 regnum
2493 731 2758 791 ctelorum
2792 732 2985 807 testati
3039 744 3335 805 comparat.
3403 737 3469 792 Et

1883 815 2052 884 locus,
2084 818 2326 889 pristinae
2350 821 2672 876 subauditur
2696 820 2943 888 visionis,
2983 840 3087 878 non
3121 835 3196 879 est
3232 827 3468 883 inventus

1882 914 1948 968 ab
1988 916 2081 975 sis.
2131 915 2210 971 Ac
2244 915 2291 975 si
2318 916 2525 977 diceret
2552 937 2565 971 :
2594 918 2791 990 Figura
2830 922 3091 995 praeterit,
3123 930 3315 979 natura
3344 939 3469 994 per-

1883 1014 2102 1064 manet.
2139 1005 2275 1073 Hinc
2324 1005 2525 1069 Paulus
2567 1009 2743 1069 dicit:
2792 1007 3041 1083 Praeterit
3090 1012 3264 1084 ﬁgura
3311 1014 3469 1085 huius

1882 1096 2065 1155 mundi
2102 1094 2156 1166 (1
2184 1095 2306 1153 Car.
2349 1098 2452 1173 tu).
2505 1099 2800 1161 Possumus
2829 1113 2885 1173 et
2913 1118 3012 1183 per
3037 1106 3235 1169 caelum
3264 1108 3466 1167 intelli-

1882 1203 2010 1259 gere
2047 1190 2254 1247 animas
2294 1202 2625 1251 sanctorum.
2680 1195 2785 1254 Per
2826 1206 3026 1261 terram
3068 1217 3199 1258 vero
3242 1217 3471 1274 corpora

1882 1277 2114 1337 illorum.
2178 1279 2308 1349 Quae
2344 1299 2451 1340 non
2489 1284 2665 1349 solum
2702 1295 2829 1345 tunc
2862 1287 3323 1361 incorruptionem
3354 1308 3472 1351 cor-

1879 1370 2048 1438 poris,
2080 1385 2266 1431 verum
2302 1373 2468 1431 etiam
2506 1374 3100 1445 incommutabilitatem
3133 1381 3330 1437 mentis
3378 1396 3468 1438 re—

1880 1460 2090 1531 cepturi
2123 1470 2267 1528 sunt,
2304 1464 2522 1535 quando
2552 1466 2619 1523 ab
2654 1481 2717 1527 ea
2763 1467 2963 1537 specie,
3008 1484 3168 1539 quam
3202 1486 3344 1527 nunc
3374 1472 3470 1546 ha-

1880 1550 2032 1617 bent,
2085 1560 2348 1624 tanquam
2397 1563 2601 1611 terram
2652 1565 2707 1612 et
2759 1559 2959 1629 coelum
3009 1568 3365 1629 transeuntes,
3415 1564 3470 1620 in

1878 1630 2245 1738 pulchriorem
2282 1653 2481 1701 statum
2507 1650 2999 1719 commutabumur.
3047 1651 3110 1707 Et
3154 1652 3304 1710 locus
3352 1656 3468 1727 pri-

1879 1734 2033 1789 s'tinte
2056 1736 2422 1807 corruptionis
2448 1746 2504 1793 et
2534 1738 2910 1799 mutabilitatis
2940 1755 3047 1797 non
3078 1742 3384 1799 invenietur
3412 1744 3469 1801 in

1878 1826 1977 1881 eis.
2034 1826 2201 1893 Quasi
2244 1827 2390 1883 enim
2430 1825 2545 1896 jam
2574 1844 2680 1887 non
2708 1830 2810 1901 ipsi
2836 1839 2982 1901 sunt,
3015 1832 3109 1888 sed
3140 1832 3254 1900 alii,
3283 1834 3407 1890 dum
3436 1850 3468 1891 a

1881 1926 2147 1976 vetustate
2173 1920 2364 1990 prima:
2396 1922 2763 1993 corntptiunis
2785 1924 2840 1989 in
2868 1925 3161 1985 novitatem
3187 1934 3473 1995 transeunt

178 2018 364 2073 erunt,
398 2010 484 2066 die
509 2026 574 2071 ac
600 2019 758 2067 nocte
785 2009 1205 2077 cruciabuntur,
1237 2013 1583 2073 recordantes
1613 2014 1779 2075 bono-
1807 2006 1855 2069 B
1881 2010 2130 2069 secundae
2179 2012 2623 2081 regenerationis.

178 2115 307 2155 rum
329 2100 599 2169 justorum
620 2111 675 2156 et
704 2102 970 2165 malorum
998 2117 1241 2179 suorum.

257 2192 331 2248 Et
364 2194 469 2250 vidi
495 2195 739 2252 thronum
774 2210 1021 2265 magnum
1053 2193 1357 2257 candidum.
1401 2192 1652 2261 Theognis
1678 2195 1778 2251 Ec-

178 2284 351 2341 clesia
391 2293 498 2351 est,
538 2286 623 2341 cui
671 2286 920 2345 Christus
968 2286 1312 2356 singulariter
1349 2294 1404 2342 et
1453 2287 1780 2360 generaliter

178 2377 456 2447 prmsidet.
498 2377 724 2448 Magnus
762 2378 978 2447 dicitur,
1015 2379 1145 2450 quia
1169 2378 1411 2447 Ecclesia
1440 2395 1505 2439 ex
1538 2380 1778 2447 multitu-

180 2469 312 2525 dine
350 2468 533 2539 populi
567 2476 817 2535 constat,
844 2479 900 2526 et
923 2485 1022 2540 per
1048 2472 1232 2529 mundi
1272 2480 1455 2545 partes
1499 2473 1773 2539 dilatatur.

180 2559 463 2617 Candidus
508 2561 636 2631 quia
685 2561 832 2619 fonte
865 2561 1205 2631 baptismatis
1240 2554 1309 2621 ab
1351 2566 1501 2631 omni
1543 2566 1780 2633 abluitur

185 2653 396 2711 macula
418 2653 680 2715 criminis.
710 2652 780 2711 Et
814 2654 1074 2715 sedentem
1099 2671 1253 2726 super
1276 2672 1414 2713 curii.
1448 2654 1778 2715 Subauditur

181 2744 318 2799 vidi.
367 2744 473 2800 Per
511 2760 671 2815 quem
697 2745 954 2800 Dominus
989 2745 1145 2801 Jesus
1170 2746 1417 2801 Christus
1440 2748 1775 2819 intelligitur,

182 2839 278 2908 qui
318 2838 527 2897 habitat
558 2840 615 2895 in
646 2840 899 2899 cordibus
920 2832 1174 2905 fidelium.
1201 2837 1362 2897 Juxta
1384 2840 1530 2907 illud,
1560 2840 1778 2911 Inhabi-

183 2931 308 2986 tabo
332 2933 386 2988 in
411 2931 576 2989 illiset
593 2933 730 2989 inter
741 2949 829 2988 eos
848 2931 1127 2989 ambulato
1141 2920 1224 3004 (ΙΙ
1244 2930 1365 2989 Cor.
1383 2934 1478 3004 vi),
1492 2951 1606 2988 -α
1622 2934 1776 3005 cujus

182 3036 462 3095 conspectu
481 3026 612 3096 fugit
633 3035 775 3081 terra
797 3035 847 3082 et
876 3024 1082 3082 calum.
1105 3024 1221 3083 Hoc
1241 3027 1491 3098 estquod
1518 3028 1777 3089 Dominus

184 3117 319 3174 dicit
350 3117 589 3175 :Calum
624 3128 671 3173 ει
708 3126 851 3175 terra
888 3116 1211 3183 transibunt,
1249 3117 1399 3177 verba
1441 3128 1615 3191 autem
1658 3136 1775 3176 mea

184 3227 292 3267 non
321 3211 616 3269 "mittunt
651 3208 866 3281 (Matth.
900 3213 1073 3279 sxw).
1133 3207 1465 3269 Transibuut
1495 3210 1693 3268 coelum
1719 3218 1776 3269 et

183 3314 352 3367 terra,
405 3318 515 3361 non
571 3310 632 3356 ut
676 3317 800 3361 esse
848 3301 1130 3366 desinant,
1180 3302 1277 3363 sed
1320 3301 1767 3365 immutabuntur.

1953 2099 2018 2157 Et
2054 2100 2159 2156 vidi
2182 2110 2413 2157 mortuos
2452 2120 2669 2174 magnos
2695 2111 2745 2158 et
2769 2104 2987 2174 pusillos
3021 2114 3219 2169 statues
3250 2107 3306 2163 in
3334 2124 3461 2165 con-

1878 2205 2055 2266 spectu
2081 2196 2276 2267 throni.
2306 2196 2485 2270 Magni
2518 2207 2645 2257 sunt
2679 2200 2747 2256 de
2777 2201 2971 2279 quibus
3000 2202 3260 2271 Dominus
3286 2204 3458 2261 dicit:

1883 2285 1986 2353 Qui
2024 2287 2202 2358 fecerit
2237 2297 2286 2343 et
2327 2288 2583 2356 docuerit,
2624 2289 2709 2344 hic
2751 2307 2974 2361 magnus
3003 2294 3272 2351 vocabitur
3297 2293 3355 2348 in
3386 2312 3467 2350 re-

1879 2393 1982 2447 gno
2027 2377 2272 2437 caelorum
2322 2378 2538 2459 (Matth.
2585 2380 2661 2453 γ).
2710 2380 2896 2451 Pusilli
2937 2383 3028 2453 qui
3064 2382 3464 2461 simplicitatem

1878 2468 2005 2527 vita:
2028 2478 2268 2537 servant,
2298 2486 2398 2535 nec
2428 2471 2621 2539 altiora
2653 2474 2911 2544 mysteria,
2945 2490 3141 2546 capere
3171 2475 3461 2533 sufficiunt.

1880 2558 2080 2617 Omnes
2110 2562 2255 2619 enim
2286 2563 2374 2623 hic
2403 2564 2729 2635 generaliter
2758 2568 3308 2641 comprehenduntur,
3341 2570 3463 2641 qui-

1879 2665 2092 2720 cunque
2147 2652 2199 2706 in
2234 2652 2503 2721 judicium
2550 2666 2676 2711 sunt
2725 2657 2939 2723 venturi
2976 2658 3033 2714 in
3067 2659 3313 2731 gloriam.
3367 2659 3466 2717 Vel

1880 2754 2104 2813 magnos
2154 2750 2209 2797 et
2254 2744 2478 2814 pusillos
2517 2761 2806 2815 possumus
2852 2748 3169 2825 intelligere,
3222 2768 3373 2825 reges
3412 2760 3469 2808 et

1878 2834 2150 2906 principes
2191 2835 2352 2907 bnjus
2390 2837 2573 2895 saeculi
2612 2854 2734 2903 cum
2774 2839 2887 2896 suis
2928 2841 3031 2909 sibi
3070 2843 3352 2915 subjectis.
3396 2844 3462 2900 Hi

1878 2925 2025 2979 enim
2079 2941 2270 2982 omnes
2314 2936 2370 2983 et
2406 2926 2541 2998 justi
2581 2929 2789 2986 scilicet
2841 2941 2896 2986 et
2932 2932 3302 3004 perfectiores,
3340 2951 3464 2993 cum

1878 3015 2320 3088 simplicioribus,
2362 3026 2418 3074 et
2449 3020 2722 3092 principes
2759 3020 2918 3096 hujus
2961 3022 3143 3079 saeculi
3185 3040 3307 3080 cum
3355 3026 3467 3082 suis

1878 3107 1983 3164 sibi
2025 3109 2283 3183 subjectis
2329 3112 2549 3168 stabunt
2588 3113 2641 3168 in
2683 3114 2768 3183 die
2794 3113 3004 3184 judicii.
3052 3115 3130 3171 Illi
3162 3118 3377 3191 quidem
3407 3127 3468 3175 ut

1878 3209 2313 3268 remunerentur,
2369 3202 2457 3257 isti
2512 3219 2644 3263 vero
2699 3211 2759 3260 ut
2813 3206 3155 3263 damnentur.
3226 3207 3294 3261 Et
3343 3207 3465 3262 libri

1876 3296 2045 3365 aperti
2073 3306 2216 3361 sunt,
2243 3304 2291 3349 et
2324 3295 2463 3350 alius
2489 3296 2619 3351 liber
2644 3306 2854 3368 apertus
2883 3307 2983 3364 est,
3002 3299 3091 3370 qui
3114 3309 3188 3353 est
3214 3299 3347 3355 vitaz.
3375 3299 3464 3354 Li-

178 3363 347 3449 Juxta
387 3392 533 3463 quod
588 3390 789 3450 Paulus
841 3392 972 3449 dicit
1015 3411 1029 3447 :
1083 3363 1331 3448 Prmterit
1379 3363 1551 3464 ﬁgura
1608 3393 1769 3464 hujus
1798 3363 1846 3428 c
1875 3363 1961 3441 Ι)έὶ
2007 3386 2200 3457 aperti,
2243 3387 2351 3447 duo
2399 3396 2525 3459 sunt
2574 3363 2942 3461 Testamenta,
2996 3363 3116 3463 qua:
3165 3392 3219 3446 in
3260 3391 3464 3462 judicio

182 3486 367 3541 mundi
394 3487 441 3555 (Ι
470 3483 594 3540 Cor.
628 3484 749 3555 vn).
788 3485 908 3543 Erit
934 3485 1080 3545 enim
1109 3493 1239 3549 tunc
1260 3484 1459 3543 ctenim
1487 3501 1685 3543 novum
1713 3494 1770 3543 et

185 3585 325 3634 terra
353 3592 514 3635 nova.
545 3576 773 3649 Fugient
812 3577 1010 3648 quippe
1050 3594 1081 3632 a
1126 3585 1419 3647 censpectu
1459 3577 1658 3659 judicis
1701 3580 1769 3635 ab

182 3688 245 3729 ea
292 3674 492 3742 specie,
528 3688 690 3741 quam
721 3688 865 3727 nunc
894 3671 1115 3737 habent,
1144 3679 1201 3729 et
1221 3672 1505 3729 ostendent
1532 3669 1773 3742 pulchri-

180 3767 445 3828 tudinem,
472 3781 635 3832 quam
671 3780 815 3818 nunc
842 3765 1037 3819 celant.
1082 3764 1237 3821 Unde
1270 3774 1324 3818 et
1361 3766 1414 3821 in
1455 3766 1555 3820 hac
1578 3766 1769 3821 eadem

180 3855 505 3927 Apocalpr
554 3855 795 3910 dicitur:
833 3853 955 3908 Vidi
1008 3853 1193 3908 calum
1239 3871 1427 3910 nouum
1478 3865 1527 3911 et
1576 3867 1773 3911 terram

183 3964 368 4004 novam
384 3945 713 4018 (Apuani).
736 3942 980 4003 Primum
992 3944 1135 3999 enim
1148 3944 1345 3999 celum
1364 3954 1419 4000 et
1439 3945 1611 4014 prima
1629 3954 1775 4001 terra

183 4039 336 4095 abiit.
371 4037 515 4108 Ignis
544 4039 687 4093 enim
714 4036 1063 4092 comitabitur
1098 4035 1307 4092 Domini
1337 4035 1648 4101 adventum,
1678 4038 1773 4107 qui

84 4190 91 4193 _
186 4141 392 4187 tantum
419 4129 654 4201 spatium
678 4128 824 4183 aeris
845 4126 1148 4196 occupabit,
1183 4134 1444 4195 quantum
1491 4128 1776 4196 occupavit

183 4237 323 4294 aqua
361 4221 564 4284 (Μανῆ,
605 4220 819 4291 quando
867 4218 1172 4289 quindecim
1227 4217 1424 4273 cubitis
1458 4216 1571 4271 fuit
1611 4234 1775 4287 super

182 4328 371 4370 omnes
401 4323 635 4377 montes,
664 4313 756 4382 qui
786 4320 944 4367 erant
984 4312 1087 4365 sub
1125 4310 1377 4365 universo
1414 4308 1571 4367 C(BIO.
1627 4309 1774 4365 inter

1871 3477 2207 3547 aperientur,
2259 3479 2475 3551 quando
2517 3479 2712 3553 singuli
2747 3481 3037 3538 electorum
3076 3483 3357 3539 manifeste
3384 3485 3462 3539 vi-

1870 3567 2093 3632 debunt.
2142 3571 2274 3643 quid
2307 3587 2376 3627 ex
2412 3572 2497 3627 bis
2537 3572 2946 3644 compleverint,
2970 3575 3053 3630 vel
3082 3576 3209 3647 quid
3242 3586 3461 3651 praeter-

1872 3663 2138 3719 miserint.
2184 3665 2337 3722 Alius
2369 3676 2547 3722 autem
2578 3667 2739 3732 liber,
2762 3668 2852 3739 qui
2882 3678 2955 3722 est
2992 3670 3132 3736 vitae,
3170 3670 3457 3725 Dominum

1869 3751 2054 3810 Jesum
2102 3754 2380 3812 Christum
2428 3756 2725 3827 significat,
2752 3758 2845 3830 qui
2877 3758 3040 3813 vitam
3070 3761 3182 3815 suis
3214 3760 3461 3817 ﬁdelibus

1873 3846 2083 3899 tribuit.
2116 3847 2198 3901 .ln
2232 3848 2321 3902 illo
2350 3847 2675 3914 enim'libri,
2709 3851 2810 3906 hoc
2846 3860 2931 3907 est
2953 3852 3059 3906 duo
3091 3852 3456 3918 Testamenta,

1873 3935 2204 4007 aperientur,
2238 3938 2363 4009 quia
2403 3939 2455 3993 in
2492 3939 2581 3993 illo
2609 3955 2798 3996 omnes
2843 3943 3084 3996 actiones
3110 3945 3242 4013 justi
3288 3947 3466 4001 consi-

1872 4027 2160 4081 derabunt.
2220 4026 2317 4082 Vel
2367 4029 2492 4083 libri
2540 4032 2732 4099 aperti,
2762 4047 2923 4101 opera
2950 4030 3222 4101 justorum
3259 4036 3464 4107 signifi-

1873 4126 2021 4183 cant,
2048 4133 2167 4188 qua:
2190 4118 2242 4172 in
2259 4116 2466 4186 judicio
2490 4122 2742 4175 omnibus
2766 4121 3274 4179 manifestabuntur.
3308 4124 3461 4182 Nunc

1871 4208 2019 4263 enim
2066 4209 2379 4263 abscondita
2436 4218 2560 4264 sunt
2599 4210 2867 4281 justorum
2902 4228 3087 4285 opera,
3118 4217 3243 4289 quia
3271 4217 3462 4270 buma-

1873 4318 2001 4357 num
2046 4302 2217 4357 vitare
2244 4303 2522 4373 cupientes
2559 4302 2822 4371 favorem,
2854 4322 3014 4362 omne
3055 4324 3191 4379 opus
3220 4325 3378 4364 suum
3407 4309 3463 4364 in

185 4409 297 4463 haec
341 4416 543 4467 autem,
564 4406 863 4469 sciendum,
889 4404 1017 4474 quia
1049 4402 1267 4473 quidam
1301 4402 1477 4457 minus
1505 4409 1662 4457 caute
1685 4401 1770 4456 di-
1827 4412 1833 4417 ί
1874 4396 2189 4451 abscnndito
2219 4395 2442 4463 faciunt,
2477 4406 2603 4453 tunc
2631 4407 2809 4454 autem
2839 4400 3125 4458 manifesta
3157 4402 3274 4458 luce
3312 4418 3462 4458 reve-

183 4500 361 4554 vinam
387 4499 723 4568 Scripturam
752 4495 1179 4558 considerantes,
1202 4493 1354 4563 prius
1380 4493 1630 4551 dixerunt
1661 4508 1773 4549 cu:-
1873 4490 2144 4549 labuntur.
2201 4488 2354 4545 Unde
2385 4490 2674 4561 Apostolus
2704 4510 2717 4545 :
2762 4490 2936 4547 Veniet
2967 4490 3223 4563 Dominus
3258 4506 3304 4550 et
3338 4495 3463 4549 illu-

183 4588 290 4644 lum
326 4598 382 4644 et
417 4598 618 4644 terram
656 4587 886 4643 transire
926 4600 1025 4655 per
1065 4586 1261 4657 ignem,
1288 4600 1463 4654 quam
1506 4582 1772 4652 judicium
1871 4582 2089 4639 mincbit
2119 4582 2423 4637 abscondita
2451 4583 2801 4648 tenebrarum,
2833 4593 2882 4639 et
2920 4585 3464 4655 nianifestabitconsi-

186 4679 322 4735 fleri.
375 4677 603 4745 Quidam
631 4693 765 4733 vero
783 4675 1076 4741 allirmant,
1114 4676 1264 4746 prius
1312 4673 1552 4733 futuram
1594 4691 1771 4733 resur-

183 4774 477 4831 rectionem
504 4809 519 4836 ,
585 4771 778 4826 deinde
829 4769 953 4826 cceli
1016 4778 1073 4825 et
1124 4777 1287 4829 terra:
1340 4768 1764 4825 innovationem.

186 4869 289 4923 Sed
332 4873 388 4921 et
435 4865 533 4921 bos
573 4871 631 4919 et
666 4862 789 4916 illos
823 4862 1002 4916 minus
1029 4869 1188 4919 cauta
1213 4861 1525 4929 conspectio
1556 4858 1765 4929 fefellit,

185 4960 323 5032 quod
352 4957 551 5015 Paulus
587 4954 920 5018 manifestat,
961 4953 1053 5022 qui
1097 4953 1266 5009 dicit:
1288 4952 1412 5007 Dies
1444 4952 1656 5006 Domini
1684 4952 1770 5007 de-

187 5053 421 5115 clarabit,
450 5049 576 5121 qus'u
602 5049 659 5102 in
685 5047 802 5117 igne
826 5044 1133 5101 revelabitur
1153 5045 1201 5117 (1
1233 5045 1356 5100 Cor.
1387 5045 1490 5116 tu).
1530 5045 1596 5099 Et
1620 5044 1768 5099 Psal-

188 5145 340 5199 mista
369 5157 383 5195 :
416 5141 564 5212 Ignis
604 5144 659 5196 in
701 5150 979 5210 conspectu
1009 5139 1123 5208 ejus
1149 5137 1351 5197 ardebit
1376 5148 1425 5192 et
1462 5140 1517 5193 in
1544 5138 1767 5193 circuitu

187 5237 295 5306 ejus
324 5245 594 5305 tempestas
622 5234 797 5288 valida
828 5230 1001 5304 (Paul.
1034 5230 1204 5302 sunt).
1260 5228 1433 5284 Simul
1474 5230 1617 5286 enim
1656 5230 1762 5285 Do-

189 5330 361 5385 minus
410 5328 589 5381 veniet
622 5327 689 5380 ad
732 5325 1017 5394 judicium,
1053 5330 1110 5378 et
1145 5321 1343 5377 mortui
1370 5332 1671 5392 resurgent,
1709 5331 1764 5381 et

188 5421 446 5479 elementa
476 5420 596 5488 igne
622 5417 915 5482 solventur,
941 5426 1105 5487 atque
1126 5413 1330 5479 omnia,
1356 5412 1466 5468 Deo
1489 5413 1763 5481 iudicante

190 5532 281 5589 per
316 5516 512 5587 ignem,
546 5526 669 5568 cum
697 5510 1035 5566 adversarios
1071 5509 1214 5580 ignis
1260 5505 1567 5572 involverit,
1611 5514 1665 5563 et
1707 5508 1760 5564 in

191 5608 451 5666 infernum
477 5604 814 5667 demerserit,
855 5610 1016 5671 atque
1044 5603 1247 5659 eieetos
1269 5602 1338 5657 ad
1363 5615 1588 5672 regnum
1618 5614 1760 5670 pra:-

192 5700 414 5765 miserit,
448 5710 575 5755 tunc
600 5698 796 5754 coelum
820 5705 874 5752 et
903 5707 1047 5751 terra
1076 5713 1216 5754 nova
1238 5698 1594 5768 apparebunt,
1618 5694 1765 5765 quod

194 5811 283 5852 nos
315 5806 528 5864 quoque
555 5789 801 5859 exemplo
832 5788 1157 5861 colligimus,
1184 5790 1278 5859 qui
1307 5789 1620 5846 hiemalium
1651 5788 1762 5844 die-

196 5902 304 5944 rnm
364 5884 786 5942 revolutionibus
838 5898 1067 5938 vernum
1124 5891 1334 5954 tempus
1389 5882 1767 5941 abundantiori

194 5980 313 6035 solis
342 5978 541 6034 lumine
569 5976 816 6048 superius
843 5975 1249 6047 splendescere,
1282 5976 1543 6031 varietate
1573 5974 1766 6030 ﬂorum

1872 4674 1945 4730 lia
1984 4673 2245 4739 cordium,
2293 4682 2341 4728 et
2391 4683 2516 4727 tunc
2565 4672 2682 4728 laus
2728 4675 2824 4728 erit
2870 4677 3151 4743 unicuique
3189 4694 3221 4729 a
3267 4677 3374 4733 Deo
3407 4675 3463 4752 (Ι

1872 4767 1996 4837 Cor.
2047 4765 2147 4838 tv).
2192 4765 2286 4821 Vel
2342 4764 2465 4821 libri
2514 4765 2679 4833 etiam
2722 4768 3092 4841 intelliguntur
3119 4771 3462 4830 conscientia!

1871 4875 1991 4931 qua:
2010 4857 2236 4929 singulis
2257 4858 2486 4913 invicem
2512 4858 3015 4925 manifestabuntur,
3046 4862 3173 4933 quia
3200 4862 3461 4933 quidquid

1869 4967 2009 5007 unus
2037 4949 2314 5020 cogitabit,
2348 4949 2416 5003 ab
2445 4947 2616 5004 altero
2646 4948 2801 5005 facile
2832 4952 3168 5022 intelligitur.
3212 4949 3280 5006 Et
3309 4953 3461 5024 judi-

1870 5045 1974 5099 cati
1999 5052 2120 5097 sunt
2145 5042 2423 5099 mortuisa:
2448 5041 2527 5096 his
2546 5059 2664 5114 qum
2694 5046 2889 5116 scripta
2920 5056 3063 5099 erant
3101 5046 3156 5099 in
3194 5045 3341 5100 libris
3379 5064 3459 5103 se-

1870 5135 2101 5191 cundum
2148 5150 2305 5206 opera
2347 5134 2599 5204 ipsorum.
2646 5134 2703 5189 Id
2733 5146 2836 5201 est,
2881 5150 2946 5189 ex
2994 5143 3223 5206 utroque
3264 5135 3458 5192 Testa-

1871 5238 2055 5291 mento
2090 5225 2316 5297 judicati
2346 5235 2474 5281 sunt
2496 5225 2790 5291 secundum
2812 5225 2954 5301 quod
2984 5240 3063 5281 ex
3093 5227 3177 5281 his
3215 5224 3459 5282 fecerunt

1871 5331 1965 5375 aut
2008 5335 2128 5377 non.
2159 5317 2423 5376 fecerunt.
2478 5316 2573 5372 V’el
2609 5317 2770 5372 etiam
2808 5306 2875 5372 ex
2902 5316 3305 5388 comparatione
3332 5332 3459 5388 ope-

1871 5427 1990 5467 rum
2035 5420 2343 5467 sanctorum
2369 5409 2759 5482 iudicabuntur
2793 5410 3027 5482 mprobi,
3072 5410 3164 5480 qui
3206 5411 3361 5483 quasi
3401 5409 3456 5465 in

1868 5506 2199 5577 expansione
2229 5504 2494 5561 librorum
2524 5503 2709 5578 legunt
2733 5504 2931 5558 bonum
2950 5545 2965 5570 ,
2998 5503 3143 5575 quod
3172 5519 3333 5577 agere
3360 5520 3460 5561 no-

1869 5597 2127 5663 luerunt,
2185 5597 2589 5654 considerantes
2647 5595 2811 5651 vitam
2853 5594 3123 5664 justorum
3156 5638 3171 5663 ,
3226 5611 3457 5667 quorum

1865 5688 2268 5761 comparatione
2303 5685 2645 5743 damnantur.
2704 5686 3046 5765 Quapropter
3091 5684 3310 5757 expedit
3353 5684 3458 5742 illis

1867 5781 2006 5839 utin
2038 5779 2290 5852 prasenti
2320 5779 2428 5832 vita
2468 5787 2624 5834 actus
2659 5793 2846 5835 eorum
2882 5777 3253 5842 considerent,
3286 5784 3338 5830 et
3367 5775 3459 5831 de-

1869 5874 2097 5930 teriores
2124 5886 2256 5947 usus
2282 5870 2632 5927 conversione
2659 5871 2967 5939 immolent.
3020 5866 3123 5939 Qui
3162 5868 3307 5923 enim
3346 5866 3458 5938 ple-

1869 5970 2092 6025 nissime
2144 5963 2441 6034 intelligere
2488 5964 2710 6035 appetit,
2751 5960 2926 6034 qualis
2962 5970 3065 6031 est,
3097 5960 3258 6018 debet
3294 5954 3456 6014 nimi-
