3990 6332
554 438 690 500 H9!

1049 435 1403 496 HAYMONIS
1439 435 1920 495 llALBERSTAT.
1963 433 2178 494 EPISC.
2215 433 2370 494 OPP.
2409 431 2589 492 PARS
2625 433 2666 492 l.
2689 464 2762 477 —
2792 431 3150 492 COMMENT.
3187 433 3360 494 BlBL.

3712 440 3828 500 “9%

554 571 676 612 rum
715 550 850 609 tales
875 550 1206 624 conspicere,
1245 550 1421 622 qualis
1463 564 1572 606 non
1604 557 1729 606 est:
1759 556 1816 604 et
1867 547 1924 604 in
1971 546 2140 604 bono-
2165 551 2220 612 Α
2245 548 2359 603 rius
2413 547 2618 604 dictum
2666 557 2763 606 est.
2825 549 2974 606 Abiit
3011 550 3250 622 primum
3286 550 3522 620 ctelum,
3567 560 3629 611 et
3657 556 3824 627 sprima

556 661 677 700 rum
716 642 890 700 forma
929 643 1214 713 metiatur,
1255 651 1462 715 quanto
1491 642 1608 714 ipse
1637 641 1855 698 deserto
1879 640 2024 697 bono
2048 640 2140 696 de-

554 739 745 798 formis
778 747 882 796 est.
1784 784 1787 785 ν

626 831 696 886 Et
743 831 888 886 dedit
918 847 1064 887 mare
1087 839 1321 886 mortuos
1353 847 1478 886 suos
1510 830 1604 903 qui
1627 831 1685 884 in
1714 845 1774 885 eo
1802 835 1974 884 erant.
2026 825 2140 882 Hoc

439 967 446 978 .
552 923 704 996 prius
745 922 839 980 ﬂet
881 938 1046 994 quam
1093 921 1218 980 libri
1261 922 1607 994 aperiantur,
1641 929 1697 976 et
1729 936 1796 977 ex
1824 920 1911 976 his
1939 918 2137 975 mortui

543 1015 855 1090 judicentur
905 1017 1202 1074 secundum
1250 1031 1417 1089 opera
1461 1016 1720 1086 ipsorum.
1774 1013 2046 1082 Quantum
2069 1015 2137 1069 ad

551 1104 788 1163 litteram
819 1108 1073 1179 pertinet,
1103 1123 1276 1175 mare,
1301 1107 1544 1174 ﬂumina,
1596 1115 1652 1164 et
1692 1105 1874 1160 omnia
1926 1114 2134 1177 stagna,

552 1215 680 1257 suos
709 1201 802 1272 qui
829 1200 883 1256 in
912 1202 993 1257 eis
1019 1210 1273 1258 tenentur
1305 1207 1550 1255 mortuos
1576 1197 1799 1253 dabunt.
1829 1195 1926 1253 Cui
1957 1208 2136 1253 autem

551 1289 843 1357 dabuntur,
875 1290 982 1346 nisi
1010 1291 1134 1346 vita:
1151 1289 1354 1346 rTunc
1389 1288 1534 1346 enim
1561 1303 1752 1344 omnes
1778 1288 2136 1344 resurrecturi

549 1394 679 1442 sunt
705 1399 1028 1456 quacunque
1055 1391 1229 1439 morte
1256 1383 1520 1455 perempti
1561 1380 1785 1448 fuerint,
1825 1389 1880 1436 et
1916 1380 2138 1451 quibus-

549 1488 765 1544 cunque
789 1473 922 1529 locis
952 1471 1270 1529 absconditi.
1326 1472 1504 1528 Altius
1545 1480 1729 1528 autem
1748 1485 1941 1536 mare,
1974 1470 2030 1526 id
2054 1477 2138 1526 est

549 1563 639 1619 hic
665 1564 898 1619 mundus
933 1562 988 1617 in
1017 1561 1366 1618 ﬂuctuatione
1401 1561 1630 1632 positus,
1658 1560 1807 1616 dabit
1833 1575 1960 1616 suos
1993 1574 2136 1614 mor-

549 1663 694 1721 tuos,
723 1653 1045 1726 generaliter
1073 1653 1279 1710 scilicet
1304 1654 1476 1709 bonos
1519 1662 1575 1708 et
1606 1651 1778 1708 malos
1809 1651 2131 1724 producens.

545 1746 709 1805 Juxta
729 1748 874 1820 quod
893 1748 1184 1820 Apostolus
1205 1748 1338 1804 dicit
1367 1763 1382 1802 :
1407 1747 1598 1803 Omnes
1620 1748 1758 1802 enim
1782 1762 2131 1817 resurgemus.

547 1841 646 1899 Vel
687 1852 930 1900 mortuos
955 1858 1091 1914 quos
1114 1858 1266 1899 mare
1291 1841 1442 1898 dabit
1462 1882 1478 1908 ,
1507 1855 1794 1912 possumus
1837 1839 2135 1911 intelligere

2243 647 2408 704 terra,
2454 639 2558 698 hoc
2597 649 2681 698 est
2726 657 2824 714 per
2850 641 3256 699 innovationem
3291 643 3595 700 immutata
3620 656 3824 713 sunt,et

2241 745 2272 786 a
2295 731 2525 802 pristina
2553 733 2728 805 figura
2753 741 3118 790 recesserunt.
3157 731 3320 790 Juxta
3363 734 3509 792 illud
3553 737 3819 808 Apostoli:

2241 820 2487 879 Praeterit
2532 826 2709 898 ﬁgura
2761 827 2923 898 hujus
2965 828 3150 884 mundi
3199 826 3254 899 (I
3297 827 3425 882 Cor.
3477 829 3594 900 ιιι).
3645 831 3816 888 Verum

2239 918 2384 989 quod
2418 920 2682 991 sequitur,
2716 929 2767 975 et
2800 935 2948 976 mare
2973 920 3092 990 jam
3119 937 3224 975 non
3252 930 3350 986 est,
3378 929 3578 976 utrum
3605 922 3672 976 ad
3697 923 3816 980 litte-

2239 1025 2378 1077 ram,
2409 1011 2462 1067 id
2486 1021 2588 1078 est,
2615 1020 2675 1066 ut
2696 1027 2851 1069 mare
2875 1027 3002 1068 cum
3029 1011 3342 1068 ﬂuminibus
3360 1013 3693 1080 exsiccetur,
3712 1030 3812 1086 pos-

2238 1099 2312 1155 sit
2348 1099 2592 1171 intelligi,
2635 1116 2705 1156 an
2736 1101 2904 1157 etiam
2939 1101 3278 1159 solummodo
3323 1103 3687 1173 spiritualiter
3727 1106 3810 1164 hoc

2238 1191 2453 1247 dicatur
2480 1191 2703 1249 dubium
2732 1203 2838 1250 est.
2891 1195 3060 1252 Terra
3104 1196 3250 1251 enim
3287 1212 3569 1267 aquarum
3612 1200 3806 1270 conjun-

2238 1285 2417 1340 ctione
2445 1285 2710 1354 subsistit,
2743 1287 3000 1358 quoniam
3020 1297 3078 1345 et
3099 1290 3241 1345 infra
3277 1301 3334 1346 et
3369 1302 3538 1348 extra
3579 1301 3632 1350 et
3671 1311 3804 1368 supra

2237 1393 2296 1434 se
2315 1394 2485 1450 aquas
2509 1381 2773 1448 continet,
2798 1398 2868 1440 ne
2893 1383 3126 1440 naturali
3151 1385 3410 1442 ariditate
3433 1386 3670 1454 fatiscat,
3701 1406 3802 1460 quo-

2237 1471 2382 1527 niam
2415 1471 2518 1528 nisi
2549 1474 2707 1545 aquis
2737 1483 3152 1548 temperaretur,
3191 1477 3250 1533 in
3275 1477 3532 1535 cinerem
3572 1481 3796 1554 redigere-

2236 1571 2343 1618 tur.
2399 1562 2632 1636 ldeoque
2673 1576 2856 1623 utrum
2899 1569 3139 1626 maximo
3177 1568 3270 1625 illo
3302 1572 3508 1628 ardore
3535 1588 3676 1630 mare
3695 1591 3791 1630 cum

2234 1655 2545 1714 ﬂuminibus
2586 1660 2837 1729 siccetur,
2872 1677 2942 1718 an
2969 1669 3025 1718 et
3053 1662 3230 1732 ipsum
3257 1671 3514 1719 vertatur
3537 1666 3593 1721 in
3617 1666 3784 1734 melius,

2235 1764 2346 1804 non
2392 1748 2552 1806 facile
2597 1751 2916 1808 dixerimus.
2969 1753 3124 1821 Quod
3153 1761 3212 1810 et
3236 1753 3282 1809 si
3313 1753 3523 1812 factum
3549 1757 3695 1814 fuerit
3713 1775 3784 1828 per

2235 1841 2332 1896 Dei
2371 1844 2693 1914 potentiam,
2739 1844 2867 1901 licet
2894 1845 3047 1902 arida
3083 1845 3157 1901 sit
3179 1852 3350 1914 terra,
3374 1849 3509 1904 satis
3533 1851 3787 1906 sbsistere

545 1947 662 2000 eos,
688 1934 780 2005 qui
806 1934 914 1990 vivi
942 1933 998 1990 in
1025 1933 1258 1990 adventu
1279 1932 1494 1989 Domini
1524 1942 1650 1989 sunt
1685 1933 2007 2004 reperiendi,
2039 1931 2131 2002 qui
2160 1919 2208 1980 Β
2233 1925 2452 2011 poterit.
2508 1940 2754 2009 Quatuor
2795 1941 3061 2012 siquidem
3102 1949 3234 1997 sunt
3267 1941 3553 2007 elementa,
3596 1957 3656 1997 ex
3693 1941 3788 2012 qui-

544 2025 733 2096 utique
763 2027 940 2082 subito
966 2025 1167 2082 mortui
1197 2025 1324 2080 vitae
1359 2024 1676 2081 reddentur.
1708 2023 1779 2078 Et
1806 2039 1948 2079 mors
1973 2033 2020 2078 et
2049 2023 2134 2076 in-

549 2117 730 2189 fernus
747 2117 1000 2174 dederunt
1021 2127 1254 2172 mortuos
1273 2117 1364 2188 qui
1383 2117 1438 2171 in
1458 2117 1586 2188 ipsis
1607 2125 1776 2172 erant.
1801 2114 1944 2171 Mors
1957 2113 2138 2171 diabo-

545 2213 658 2270 lum
671 2215 958 2287 signiticat,
976 2215 1042 2270 de
1053 2229 1160 2285 quo
1169 2212 1369 2270 Paulus
1387 2213 1543 2269 dicit:
1563 2211 1775 2268 Invidia
1787 2209 1984 2265 diaboli
1995 2225 2134 2264 mors

544 2307 780 2364 introivit
819 2309 876 2361 in
908 2306 1083 2362 orbem
1108 2315 1366 2361 terrarum
1390 2303 1541 2377 (Sap.
1573 2299 1659 2374 ιι).
1683 2302 1932 2358 lnfernus
1954 2301 2136 2357 omnia

547 2401 792 2458 membra
821 2399 1040 2456 diaboli.
1055 2396 1154 2454 Vel
1169 2413 1267 2470 per
1279 2405 1508 2452 mortem
1523 2409 1810 2466 possumus
1832 2391 2136 2464 intelligere

550 2492 866 2565 simpliciter
901 2500 1132 2549 mortem
1185 2491 1386 2547 carnis.
1427 2488 1632 2544 Inferni
1667 2497 1848 2544 autem
1892 2487 2130 2553 nomine,

545 2587 663 2646 loca
695 2586 1067 2659 signiﬁcantur
1103 2586 1470 2640 tenebrarum.
1503 2582 1572 2637 Et
1597 2597 1744 2637 mors
1765 2581 1947 2650 itaque
1973 2589 2027 2636 et
2052 2580 2135 2634 in-

545 2677 735 2736 fernus
757 2693 884 2734 suos
907 2685 1150 2732 mortuos
1164 2674 1389 2740 dabunt,
1402 2675 1508 2729 hoc
1522 2680 1608 2728 est
1620 2671 1866 2728 diabolus
1885 2680 1940 2727 et
1952 2671 2132 2727 omnia

548 2769 789 2825 membra
813 2765 1063 2837 ejus.Vel
1079 2767 1241 2822 etiam
1257 2763 1440 2822 omnia
1468 2763 1585 2819 loca
1614 2763 1835 2830 inferni,
1864 2777 2131 2833 quoscun-

545 2876 651 2932 que
671 2878 768 2932 per
792 2869 1022 2917 mortem
1063 2857 1312 2930 corporis
1329 2858 1585 2914 astrictos
1609 2865 1809 2922 tenent,
1847 2866 1974 2912 tunc
2007 2857 2133 2911 vitae

546 2955 852 3009 restituent.
868 2952 1163 3024 Postquam
1188 2959 1368 3008 autem
1387 2967 1579 3008 omnes
1593 2951 2016 3006 resurrexerint.
2036 2947 2134 3003 Ju-

544 3045 778 3101 dicatum
801 3056 876 3102 est
909 3046 974 3101 de
993 3045 1231 3117 singulis,
1273 3059 1372 3115 pro
1412 3059 1478 3099 eo
1503 3043 1646 3114 quod
1672 3051 1755 3099 est
1780 3040 2128 3111 iudicabitur,

545 3138 832 3193 secundum
852 3155 1008 3208 opera
1032 3139 1286 3208 ipsorum.
1311 3135 1423 3192 Hoc
1446 3133 1553 3202 est,
1583 3133 1803 3190 dabitur
1840 3133 2131 3204 unicuique

543 3229 841 3286 secundum
869 3244 1005 3300 opus
1030 3244 1208 3284 suum.

2236 2032 2340 2089 bus
2381 2032 2490 2089 duo
2530 2041 2657 2089 sunt
2697 2032 3033 2089 immutanda
3065 2033 3121 2088 in
3163 2032 3377 2100 melius,
3411 2035 3546 2090 sicut
3569 2033 3651 2088 hic
3680 2031 3786 2088 dici-

2237 2131 2348 2190 tur,
2375 2131 2430 2179 et
2457 2123 2718 2180 Dominus
2743 2123 2799 2178 in
2831 2122 3123 2194 Evangelio
3164 2123 3487 2191 manifestat,
3531 2123 3712 2180 celum
3738 2130 3786 2178 et

2237 2223 2387 2270 terra
2429 2214 2771 2281 transibunt,
2801 2213 2858 2270 id
2885 2224 2970 2271 est
2997 2214 3438 2270 immutahuntur.
3486 2213 3662 2270 Utrum
3695 2227 3784 2268 au-

2236 2312 2343 2360 tem
2372 2319 2524 2362 mare
2543 2290 2630 2361 vel
2655 2291 2795 2376 ignis
2832 2311 3096 2370 transeat,
3123 2304 3179 2360 id
3205 2313 3285 2360 est
3309 2305 3612 2367 immutetur,
3638 2305 3772 2359 Deus

2234 2397 2356 2462 scit,
2408 2397 2536 2454 licet
2573 2397 2661 2453 hic
2697 2395 2958 2469 legamus,
3005 2405 3056 2452 et
3103 2413 3242 2451 mare
3272 2397 3380 2466 jam
3419 2413 3516 2451 non
3559 2405 3651 2451 est.
3703 2396 3768 2451 Et

2235 2489 2362 2546 alibi
2401 2509 2413 2544 :
2455 2489 2657 2546 Lumen
2685 2490 2915 2546 lucet-nte
2943 2507 3046 2545 non
3077 2490 3263 2546 lucebit
3291 2492 3348 2546 in
3378 2509 3454 2546 ea.
3493 2489 3621 2548 Haec
3642 2491 3775 2547 enim

2233 2586 2465 2656 qualiter
2491 2585 2626 2642 ﬂant
2645 2627 2663 2654 ,
2689 2602 2814 2643 cum
2838 2587 2966 2644 illuc
2990 2587 3395 2658 pervenerimus
3411 2629 3426 2655 ,
3452 2587 3634 2646 melius
3661 2590 3782 2644 scie-

2233 2692 2377 2731 mus.

2304 2767 2376 2822 Et
2419 2767 2679 2825 civitatem
2720 2779 2960 2825 sanctam
3006 2769 3344 2827 Hierusalem
3374 2787 3553 2827 novam
3581 2772 3678 2825 ridi
3705 2771 3780 2824 de-

2232 2859 2555 2932 scendentem
2595 2860 2660 2914 de
2703 2860 2830 2915 ctelo
2865 2877 2899 2914 a
2943 2860 3074 2916 Deo.
3131 2862 3258 2918 Hec
3284 2863 3478 2918 civitas
3505 2860 3779 2920 sancch-

2233 2944 2395 3000 clesia
2425 2956 2531 3012 est,
2557 2962 2676 3018 quae
2698 2948 2898 3005 idcirco
2923 2949 3115 3006 civitas
3138 2950 3445 3022 appellatur
3470 2992 3487 3018 ,
3513 2952 3776 3024 quoniam:

2233 3038 2418 3094 multis
2452 3041 2805 3111 inltabitatur,
2836 3052 2893 3100 et
2921 3045 2978 3100 in
3015 3054 3251 3116 quatuor
3275 3049 3468 3104 mundi
3497 3058 3665 3120 partes
3694 3049 3776 3104 dis-

2233 3132 2504 3200 tenditur,
2555 3135 2760 3193 habens
2804 3137 3165 3194 habitatorem
3201 3138 3394 3195 Deum.
3451 3139 3586 3198 Hinc
3620 3141 3775 3197 Paulus

2231 3221 2391 3277 dicit:
2413 3222 2681 3294 Templum
2699 3226 2797 3282 Dei
2815 3237 3054 3283 sanctum
3075 3238 3170 3295 est,
3194 3231 3336 3301 quod
3357 3233 3490 3287 estis
3517 3249 3598 3288 nos
3617 3231 3659 3305 (l
3678 3231 3770 3286 Cor.

614 3297 932 3386 Etinfernus
955 3327 1178 3373 etmors.
1208 3316 1323 3374 Hec
1346 3325 1430 3374 est
1458 3316 1641 3374 omnia
1663 3317 1906 3373 membra
1929 3315 2128 3371 diaboli
2156 3297 2202 3361 C
2233 3311 2337 3386 ιιι).
2390 3313 2588 3372 Sancta
2629 3317 2848 3387 dicitur,
2891 3321 3020 3392 quia
3064 3297 3306 3394 quotidie
3353 3339 3463 3394 per
3503 3297 3772 3397 baptismum
3835 3378 3841 3386 ,

540 3427 665 3468 cum
690 3411 866 3481 capite
888 3425 1004 3467 suo.
1034 3409 1186 3465 Missi
1206 3420 1325 3465 sunt
1353 3411 1409 3465 in
1438 3420 1684 3482 stagnum
1705 3410 1858 3482 ignis.
1897 3409 2012 3467 Hoc
2042 3418 2129 3466 est

542 3503 596 3558 in
647 3503 971 3574 profundam
1019 3502 1421 3559 damnationem
1465 3501 1684 3559 inferni.
1733 3504 1902 3559 Recte
1943 3513 2125 3560 autem

542 3607 638 3662 per
665 3592 933 3647 infernum
955 3608 1145 3648 omnes
1173 3591 1387 3661 reprobi
1410 3591 1728 3663 ﬁgurantur.
1777 3592 1873 3647 Vel
1899 3593 2027 3664 quia
2052 3594 2126 3650 ibi

543 3680 850 3736 habitantes
893 3695 1001 3735 una
1045 3695 1168 3736 cum
1218 3678 1430 3736 inferno
1468 3681 1524 3735 in
1567 3696 1675 3752 quo
1719 3681 1984 3749 habitant,
2019 3701 2125 3741 una

541 3779 668 3828 sunt
701 3771 891 3827 domus
917 3788 930 3826 :
965 3768 1057 3826 Vel
1085 3771 1244 3827 etiam
1266 3770 1391 3842 quia
1413 3771 1686 3827 imitantes
1713 3758 1876 3844 opera
1902 3774 2124 3844 diaboli,

541 3883 817 3939 nunquam
845 3875 1160 3925 saturantur
1197 3867 1375 3936 malis,
1414 3869 1553 3926 sicut
1576 3869 1820 3942 infernus
1849 3886 2125 3942 nunquam

541 3960 692 4025 dicit,
720 3959 945 4030 Sufﬁcit.

611 4053 679 4108 Et
710 4053 800 4125 qui
833 4069 940 4107 non
966 4061 1041 4108 est
1067 4052 1302 4108 inventus
1333 4053 1389 4108 in
1426 4052 1556 4108 libro
1583 4054 1700 4109 vita:
1719 4055 1962 4128 scriptus.
2011 4055 2126 4114 Hoc

543 4151 650 4211 est,
679 4143 772 4215 qui
811 4157 921 4200 non
950 4152 1036 4200 est
1070 4152 1196 4200 ante
1230 4143 1418 4200 mundi
1453 4145 1893 4204 constitutionem
1939 4148 2008 4204 ad
2045 4147 2126 4204 vi-

541 4243 652 4290 tam
679 4234 1112 4306 prmdestinatus.
1163 4237 1359 4293 Missus
1389 4247 1466 4294 est
1488 4241 1545 4294 in
1567 4249 1812 4312 stagnum
1840 4242 1996 4313 ignis.
2027 4241 2122 4298 Li-

540 4326 643 4384 ber
669 4327 867 4400 quippe
894 4329 1040 4395 vitae,
1067 4330 1210 4386 sicut
1237 4347 1403 4403 supra
1447 4333 1650 4390 dictum
1675 4344 1781 4402 est,
1801 4333 1893 4406 jus
1933 4337 2125 4394 divini-

542 4419 670 4474 tatis
706 4419 1040 4492 intelligitur,
1077 4420 1132 4476 id
1158 4430 1240 4477 est
1265 4423 1357 4478 Dei
1388 4424 1750 4494 praescientia,
1797 4426 1852 4481 in
1892 4442 2000 4498 qua
2028 4427 2122 4499 qui

540 4528 648 4568 non
671 4513 834 4569 fuerit
867 4515 1284 4584 praeordinatus,
1309 4516 1366 4570 in
1389 4525 1637 4586 stagnum
1670 4518 1812 4590 ignis
1851 4521 2119 4577 mittetur.

541 4604 656 4660 Hoc
681 4612 768 4659 est
793 4607 1141 4675 reproborum
1178 4607 1456 4663 hominum
1488 4609 1733 4665 societati
1759 4612 2116 4682 copulabitur.

2231 3405 2618 3463 sanctiﬁcatur.
2650 3407 2887 3467 Vocatur
2914 3427 3129 3484 quoque
3157 3413 3529 3484 Hierusalem,
3550 3434 3655 3489 qua:
3678 3417 3771 3471 uisio

2227 3502 2371 3572 pacis
2404 3501 2806 3574 interpretatur,
2830 3505 2954 3576 quia
2983 3506 3049 3561 ad
3084 3507 3188 3564 hoc
3210 3507 3450 3576 laborat,
3481 3519 3545 3564 ut
3566 3510 3772 3565 visionem

2228 3589 2323 3645 Dei
2356 3590 2410 3644 in
2450 3591 2762 3648 caelestibus
2799 3596 3077 3666 percipiat.
3140 3596 3289 3652 Nova
3341 3597 3574 3664 dicitur,
3612 3600 3710 3670 quia
3745 3612 3769 3650 a

2227 3687 2495 3735 vetustate
2526 3682 2736 3752 peccati
2781 3685 3017 3740 exuitur.
3066 3685 3284 3742 Peccati
3309 3689 3462 3744 enim
3493 3687 3774 3760 perpetran

2227 3769 2294 3826 ad
2319 3780 2554 3828 veterem
2583 3773 2758 3832 Adam
2779 3775 3034 3846 pertinet.
3076 3777 3145 3832 Et
3179 3777 3301 3834 ideo
3337 3779 3471 3834 dum
3517 3781 3726 3838 Ecclesia
3751 3794 3776 3834 a

2225 3873 2449 3933 peccato
2493 3864 2743 3936 originali
2783 3866 3092 3935 mandatur,
3130 3883 3163 3924 a
3202 3877 3474 3926 vetustate
3517 3873 3700 3943 peccati
3727 3869 3778 3924 ad

2226 3957 2519 4013 novitatem
2551 3959 2716 4014 venit.
2763 3958 2917 4016 Unde
2950 3960 3239 4032 Apostolus
3269 3979 3284 4018 :
3316 3962 3694 4036 Exspoliantes
3709 3977 3782 4017 tos

2224 4057 2462 4105 veterem
2498 4050 2792 4118 hominem,
2834 4051 3042 4108 induite
3068 4069 3289 4122 novum,
3321 4057 3414 4127 qui
3448 4056 3782 4114 renovaturiu

2226 4142 2497 4214 agnitione
2527 4143 2622 4198 Dei
2663 4141 2800 4215 (Col.
2831 4143 2940 4217 ιιι).
2990 4145 3196 4203 Idcirco
3230 4156 3415 4203 autem
3453 4150 3654 4206 civitas
3691 4149 3782 4204 huc
3887 4207 3889 4210 ι

2225 4249 2255 4288 a
2299 4233 2409 4289 Deo
2453 4234 2781 4291 descendere
2821 4235 3043 4304 dicitur,
3077 4239 3202 4308 quia
3229 4238 3300 4294 ab
3324 4240 3565 4297 exordio
3593 4240 3671 4297 sui
3695 4238 3784 4308 jam

2224 4342 2348 4383 cum
2381 4327 2554 4399 capite
2595 4343 2693 4384 suo
2738 4328 3038 4396 descendit,
3085 4346 3209 4385 cum
3243 4345 3372 4402 quo,
3416 4339 3472 4387 et
3534 4349 3629 4404 per
3671 4327 3783 4402 quod

2223 4435 2438 4478 sursum
2464 4421 2729 4489 ascendit,
2763 4421 2906 4478 unde
2956 4421 3096 4478 idem
3133 4421 3394 4479 Dominus
3429 4423 3574 4480 dicit
3603 4439 3618 4478 :
3643 4421 3776 4477 Nam

2224 4513 2453 4568 ascendit
2481 4515 2536 4567 in
2569 4512 2774 4581 calum,
2805 4521 2910 4570 etc.
2963 4514 3139 4571 Aliter
3172 4532 3185 4569 :
3223 4514 3284 4572 In
3312 4516 3418 4572 hoc
3444 4515 3524 4573 de
3553 4516 3684 4573 omlo
3708 4515 3782 4569 de-

2223 4605 2482 4662 scendere
2503 4605 2720 4669 dicitur,
2754 4606 2881 4676 quia
2911 4606 3150 4662 ctelestis
3179 4615 3260 4663 est
3283 4607 3484 4679 gratia,
3511 4611 3654 4680 quod
3673 4609 3786 4662 Deus

540 4694 696 4762 Quod
736 4694 881 4750 enim
923 4695 1074 4763 dicit,
1126 4697 1220 4768 qui
1263 4713 1372 4754 non
1413 4707 1498 4756 est
1543 4676 1993 4770 inventum—nihil
2039 4715 2123 4761 est

2231 4708 2346 4749 eam
2373 4695 2502 4750 fecit
2529 4694 2853 4764 Ecclesium,
2891 4693 3046 4766 juxta
3081 4696 3248 4752 illud:
3282 4676 3394 4769 Ego
3435 4676 3696 4755 Dominus
3726 4695 3786 4749 fa-

541 4787 708 4854 aliud,
750 4786 852 4844 nisi
880 4802 986 4844 non
1026 4789 1438 4858 praeordinatus.
1485 4791 1654 4848 Electi
1692 4801 1875 4850 autem
1914 4795 1970 4851 in
2016 4795 2120 4854 hoc
2226 4785 2376 4842 θίθιιδ
2402 4792 2472 4841 ιθο
2519 4785 2791 4858 Quidquid
2825 4786 2971 4842 enim
3013 4787 3176 4843 habet
3209 4787 3264 4842 in
3297 4788 3425 4855 ﬁde.
3451 4803 3582 4862 Spe.
3605 4801 3660 4846 ει
3681 4790 3786 4844 011³·

541 4879 680 4935 libro
723 4880 910 4952 scripti
957 4881 1050 4952 qui
1092 4889 1218 4936 ante
1264 4883 1447 4938 mundi
1500 4886 1942 4943 constitutionem
1995 4897 2121 4945 sunt
2225 4881 2405 4947 ritate.
2428 4880 2746 4952 ceterisque
2767 4879 3057 4937 virtutibus
3077 4891 3132 4938 et
3151 4883 3784 4956 baptism0.desupertlt-

537 4970 871 5038 pmcogniti,
909 4978 964 5024 et
1003 4969 1368 5042 praeordinati.
1421 4971 1574 5030 Unde
1608 4973 1898 5046 Apostolus
1927 4996 1940 5032 :
1974 4977 2117 5044 Quos
2227 4981 2341 5026 tum
2368 4983 2450 5027 est
2481 4971 2577 5027 illi.
2636 4971 2790 5028 Unde
2815 4971 3048 5029 Jacobus
3078 4991 3092 5028 :
3123 4972 3290 5028 Omne
3320 4973 3512 5029 datum
3539 4977 3788 5047 οριίπιιιι,

537 5062 793 5132 ρηεεεὶυίε
844 5071 891 5116 et
942 5064 1327 5133 praedestinavit
1382 5063 1562 5136 (Rom.
1614 5069 1753 5140 vm).
1816 5069 1886 5126 Et
1941 5069 2112 5126 alibi:
2225 5073 2273 5117 et
2300 5081 2451 5118 omne
2477 5064 2674 5120 donum
2710 5063 2997 5135 perfectum
3037 5065 3310 5120 desursum
3349 5076 3445 5133 est.
3496 5068 3792 5123 descendat

542 5152 691 5209 Sicut
720 5151 872 5225 elegit
892 5169 985 5209 nos
1005 5163 1126 5211 ante
1149 5156 1334 5210 mundi
1357 5157 1776 5215 constitutionem
1806 5159 2021 5233 (Ephes.
2055 5161 2118 5232 ι).
2227 5173 2260 5210 a
2288 5153 2449 5210 Ραινε
2478 5153 2735 5210 luminum
2772 5156 2915 5226 (Jac.
2949 5156 3010 5228 ι).
3065 5157 3338 5223 Paralam.
3372 5158 3428 5212 id
3455 5169 3547 5214 est.
3581 5160 3688 5216 ﬁde
3710 5173 3796 5214 σε-

2224 5247 2462 5317 terisque
2521 5246 2811 5304 virtutibus
2866 5257 3152 5315 ornatam,
3215 5260 3274 5304 ut
3333 5258 3646 5308 mereretur
3695 5247 3796 5304 ﬁeri

1122 5313 1350 5374 CAPUT
1387 5316 1532 5375 XXI.

611 5418 679 5476 Et
715 5423 820 5478 vidi
845 5424 1030 5479 caelum
1059 5443 1248 5482 novum
1271 5438 1319 5482 et
1347 5439 1541 5484 terram
1569 5448 1773 5487 novam.
1815 5433 1871 5488 ln
1913 5438 2121 5506 praede-

2223 5354 2438 5410 sponsa.
2496 5339 2648 5394 Sicut
2683 5356 2928 5410 sponsam
2971 5350 3212 5395 ornatam
3256 5342 3368 5396 uiro
3403 5359 3526 5398 suo.
3583 5343 3704 5400 Duo
3735 5342 3798 5396 di.

2221 5434 2313 5500 cit,
2349 5449 2603 5505 sponsam
2646 5442 2702 5488 et
2740 5430 2942 5502 virum,‘
2971 5434 3026 5489 in
3061 5449 3170 5506 quo
3195 5433 3628 5507 subintelligitur
3656 5449 3795 5496 uxor.

535 5514 829 5571 stinatione
869 5515 962 5572 Dei
1009 5519 1398 5590 omnipotentis
1443 5538 1563 5593 quae
1613 5525 1792 5580 futura
1833 5538 1957 5583 sunt
2003 5530 2114 5600 jam
2218 5525 2344 5596 quia
2366 5526 2698 5582 consuetudo
2719 5532 2802 5581 est
2820 5533 3022 5582 sanctae
3041 5525 3429 5596 Scriptura,ut
3462 5541 3701 5596 sponsos
3723 5539 3798 5596 ap

534 5609 906 5674 transierunt,
936 5611 1076 5666 unde
1101 5613 1190 5668 hic
1216 5615 1346 5670 dicit
1373 5629 1433 5671 se
1459 5618 1643 5673 videre
1679 5619 1876 5675 caelum
1913 5637 2111 5680 novum
2216 5619 2378 5691 pellet
2398 5620 2636 5685 νήπιος»βὶ
2662 5636 2889 5691 sponsas
2911 5635 3139 5684 uxores;
3162 5619 3304 5674 unde
3324 5626 3410 5676 est
3438 5637 3452 5675 ε
3483 5619 3799 5692 Εονεάίαιιτ

536 5705 593 5755 et
609 5707 807 5756 terram
833 5716 1046 5766 novam,
1079 5712 1240 5774 atque
1261 5705 1409 5762 addit
1439 5724 1452 5760 :
1487 5705 1728 5763 Primum
1752 5711 1889 5764 enim
1930 5712 2113 5767 cwlum
2216 5711 2437 5783 sponsus
2457 5711 2521 5768 de
2535 5713 2693 5768 cubili
2709 5731 2828 5779 suo,
2845 5722 2891 5768 et
2913 5730 3102 5784 sponsa
3120 5713 3184 5767 de
3205 5711 3435 5768 thalamo
3449 5730 3550 5768 suo
3563 5713 3713 5786 (laet
3727 5711 3800 5779 ιι),

533 5802 586 5852 et
613 5794 781 5864 prima
813 5806 953 5852 terra
983 5798 1129 5852 abiit.
1172 5799 1323 5866 Quod
1349 5801 1584 5871 qualiter
1623 5804 1694 5857 sit
1720 5803 1806 5859 vel
1831 5803 1984 5876 juxta
2028 5805 2116 5861 lit-

535 5892 731 5953 teram,
772 5888 856 5942 vel
886 5891 1048 5944 etiatn
1090 5891 1441 5960 spiritualiter
1485 5893 1908 5964 intelligendum,
1957 5911 2115 5968 supe-

2221 5813 2276 5861 et
2301 5804 2543 5876 Sepltora
2575 5806 2641 5860 ad
2667 5803 2883 5877 Moysen
2915 5821 2929 5860 :
2963 5804 3195 5877 Sponsus
3227 5807 3540 5875 sanguinum
3579 5817 3644 5859 tu
3686 5804 3798 5860 nisi

2218 5913 2271 5951 es
2299 5895 2495 5967 (Exod.
2527 5896 2622 5965 tv).
2647 5895 2707 5952 In
2726 5895 3016 5968 Evangelio
3037 5912 3250 5968 quoque
3271 5897 3338 5952 ab
3359 5897 3552 5966 angelo
3570 5897 3797 5952 dicitur;
