3990 6332
153 357 292 416 1195

1073 337 1438 399 EXPOSlTlO
1473 336 1540 393 IN
1589 330 2088 390 APOCALYPSIN.
2135 362 2198 371 —
2235 329 2365 386 LIB.
2411 328 2518 384 νυ.

3288 323 3433 386 1194

152 468 342 541 Joseph’
354 461 740 534 autemvirejus
769 456 984 529 (Matth.
1011 455 1072 526 ι).
1096 454 1359 526 Etinlege
1381 470 1394 505 :
1414 450 1470 506 Si
1487 445 1735 504 invenerit
1762 451 1813 504 A
1837 458 2130 513 pernorum
2172 442 2391 498 civium.
2425 439 2719 541 Postquam
2760 439 2907 540 enim
2938 437 3150 541 veniam
3169 447 3429 541 peccato—

153 565 231 618 vir
249 560 474 633 puellam
511 556 566 609 in
591 569 720 624 agro
742 551 1131 621 desponsatam,
1151 556 1198 602 et
1219 544 1490 600 dormierit
1513 557 1631 633 cum
1654 555 1738 633 ea,

153 629 318 709 morte
351 649 632 709 moriatur,
661 642 784 714 quia
814 639 1104 695 humiliauit
1134 653 1350 692 uxorem
1389 632 1616 706 proximi
1660 629 1744 684 sui

157 746 339 814 (Deut.
367 741 526 811 xm).
557 737 766 808 Sponsa
791 735 972 804 itaque
996 746 1140 786 nunc
1158 739 1241 786 est
1259 736 1445 784 sancta
1476 723 1742 786 Ecclesia,

155 853 252 909 per
285 835 468 898 tidem,
497 845 647 901 spem
681 837 737 882 et
773 815 1117 882 dileCtionem
1149 841 1162 876 :
1191 821 1285 878 sed
1305 828 1452 874 tunc
1481 815 1586 909 erit
1613 829 1748 870 uxor

159 908 374 1000 quando
400 923 468 986 ad
491 920 773 990 amplexus
801 916 926 982 viri,
963 916 1016 972 id
1045 923 1130 971 est
1152 914 1220 968 ad
1243 908 1746 1000 contemplationem

158 995 254 1075 Dei
279 1011 664 1086 omnipotentis
684 1007 1009 1080 pervenerit.
1025 1005 1178 1073 Quod
1189 1001 1432 1074 quotidie
1457 998 1676 1069 quidem
1692 995 1748 1050 in

161 1111 388 1182 singulis
419 1107 596 1179 agitur
622 1103 830 1169 electis,
854 1099 1178 1191 generaliter
1198 1105 1378 1151 autem
1401 1094 1456 1148 in
1473 1091 1752 1191 line'com-

159 1180 415 1274 plebitnr,
440 1213 563 1253 cum
583 1209 775 1251 onmes
798 1193 851 1247 in
875 1180 1159 1247 commune
1205 1185 1473 1242 audierint
1499 1198 1514 1237 :
1551 1180 1750 1248 Venite,

163 1293 440 1359 benedicti,
459 1290 638 1345 Patris
656 1288 757 1343 mei
771 1285 988 1358 (Matth.
1005 1284 1155 1355 xxx),
1180 1290 1283 1338 etc.
1313 1279 1572 1337 Ornatam
1599 1276 1752 1342 dicit,

165 1392 324 1446 idest
368 1386 618 1443 omnibus
647 1381 939 1437 virtutibus
979 1376 1370 1448 compositam,
1419 1372 1577 1443 juxta
1625 1369 1759 1426 illud

162 1479 502 1537 Psalmistze:
533 1474 710 1530 Astitit
752 1473 931 1544 regina
978 1489 1012 1525 a
1071 1469 1270 1524 dextris
1320 1467 1424 1521 tuis
1461 1466 1518 1520 in
1574 1463 1759 1520 uestitu

164 1573 418 1626 deaurato
449 1565 622 1640 (Psal.
673 1561 839 1634 κων).

241 1660 310 1714 Et
363 1658 542 1713 audivi
597 1670 772 1710 vocem
825 1669 1078 1723 magnam
1132 1650 1196 1704 de
1243 1650 1432 1704 throno
1481 1647 1756 1702 dicentem.

171 1753 426 1809 Thronus
463 1750 556 1805 hic
585 1746 958 1818 intelliguntur
977 1743 1176 1814 angeli,
1205 1751 1260 1798 et
1289 1741 1536 1796 homines
1567 1737 1760 1804 sancti,

1845 548 1968 587 rum
1994 542 2401 602 consequuntur
2419 572 2434 596 ,
2472 531 2668 586 iterum
2699 528 2964 590 incipiunt
2991 528 3154 596 itere,
3183 546 3290 587 non
3313 533 3428 602 jam

1848 625 1976 695 quia
2015 625 2205 680 timent
2245 625 2514 688 damnari,
2542 623 2640 679 sed
2678 623 2805 694 quia
2827 622 3152 679 differuntur
3177 640 3210 680 a
3238 641 3427 698 regno.

1848 719 2150 790 Aliquando
2179 735 2394 790 quoque
2422 719 2708 788 deplorant
2735 718 2968 774 aliorum
3003 730 3262 790 peccata,
3290 721 3438 778 sicut

1852 810 2072 866 Samuel
2096 809 2256 866 ﬂebat
2279 808 2407 865 Saul
2429 851 2442 876 ,
2470 825 2534 865 eo
2564 809 2709 881 quod
2733 810 3082 880 paenituisset
3121 810 3432 878 Dominum,

1851 905 1994 976 quod
2026 905 2370 960 constituerit
2403 919 2528 959 eum
2560 919 2744 975 regem
2784 919 2950 976 super
2989 904 3175 960 Israel.
3203 904 3273 959 Et
3297 906 3443 962 sicut

1853 996 2054 1052 Paulus
2086 995 2250 1050 ﬂebat
2276 993 2617 1058 Corinthios,
2657 995 2748 1064 qui
2777 1003 2899 1065 post
2940 995 3359 1050 fornicationem
3389 1003 3445 1050 et

1855 1093 2237 1160 idololatriam,
2255 1107 2364 1148 non
2386 1100 2614 1162 egerunt
2635 1093 3034 1162 paenitentiam.
3059 1092 3288 1150 Omnem
3314 1109 3445 1164 ergo

1855 1183 2151 1256 lacrymam
2195 1184 2261 1240 ab
2303 1183 2475 1239 oculis
2512 1182 2810 1239 electorum
2846 1183 3107 1240 Dominus
3147 1184 3444 1256 absterget,

1858 1277 1988 1348 quia
2031 1290 2208 1346 neque
2264 1275 2462 1331 timore
2507 1279 2868 1330 arctabuntur
2906 1291 3214 1345 pcenarum,
3271 1291 3449 1345 neque

1854 1370 1968 1442 jam
1993 1371 2316 1426 diﬂeruntur
2345 1386 2376 1424 a
2407 1383 2608 1440 regno,
2640 1369 2784 1438 quod
2831 1369 3250 1439 praesentialiter
3276 1369 3450 1440 possi-

1863 1463 2084 1526 debunt,
2109 1476 2286 1531 neque
2309 1461 2474 1516 etiam
2502 1460 2731 1515 aliorum
2757 1469 2980 1530 peccata
3004 1452 3295 1527 deﬂebant,
3323 1461 3450 1531 quia

1855 1553 2008 1626 justo
2029 1552 2345 1624 Deijudicio
2379 1555 2650 1610 damnatis
2678 1554 2925 1623 reprobis
2945 1593 2960 1620 ,
2987 1555 3170 1610 nullus
3197 1555 3453 1624 deinceps

1863 1663 2092 1720 peccare
2134 1648 2352 1718 poterit.
2395 1646 2464 1701 Et
2503 1663 2645 1701 mors
2672 1645 2814 1699 ultra
2847 1663 2951 1700 non
2997 1648 3117 1701 erit.
3160 1647 3455 1716 Postquam

1865 1737 2260 1795 enimomnes’a
2277 1737 2505 1794 mortuis
2530 1737 3010 1802 resurrexerimus,
3045 1739 3099 1792 in
3129 1737 3316 1794 electis
3344 1738 3459 1808 jam

171 1848 228 1903 in
257 1848 453 1918 quibus
478 1842 693 1899 habitat
715 1840 997 1895 Dominus.
1021 1838 1252 1906 Ideoque
1276 1835 1394 1890 haec
1418 1848 1521 1888 vox
1546 1847 1762 1903 magna,
1791 1837 1844 1899 Β
1869 1831 2013 1886 ultra
2043 1844 2190 1884 mors
2228 1845 2338 1884 non
2365 1830 2490 1894 erit,
2536 1844 2712 1899 neque
2741 1831 2984 1899 corporis
3025 1845 3200 1900 neque
3240 1830 3456 1885 animae.

171 1955 276 1995 vox
319 1936 636 2006 intelligitur
664 1932 759 1988 Dei
803 1928 1209 2000 omnipotentis.
1242 1929 1373 1995 Quae
1408 1925 1609 1980 idcirco
1640 1939 1757 1978 ma-

173 2045 282 2100 gna
309 2028 534 2092 dicitur,
567 2025 694 2095 quia
733 2023 797 2078 de
821 2021 1029 2092 magnis
1052 2019 1292 2089 loquitur
1313 2059 1328 2085 ,
1361 2018 1548 2073 dicens
1579 2034 1591 2069 :
1623 2013 1762 2068 Ecce

173 2120 572 2180 tabernaculum
611 2118 708 2172 Dei
733 2132 850 2170 cum
896 2114 1217 2168 hominibus.
1263 2111 1454 2182 Magna
1487 2117 1571 2164 est
1616 2107 1764 2163 enim

175 2217 272 2272 Dei
299 2214 494 2286 gratia,
519 2220 577 2265 ut
605 2209 852 2264 homines
879 2206 1021 2261 illius
1051 2204 1182 2258 [iant
1205 2201 1633 2265 tabernaculum,
1667 2214 1763 2255 cu-

173 2307 262 2378 jus
285 2301 710 2373 magnitudinem
741 2314 847 2352 non
873 2300 1021 2366 capit
1043 2297 1293 2351 mundus.
1333 2291 1767 2349 Tabernaculum

181 2397 277 2453 Dei
308 2411 430 2452 cum
457 2391 788 2454 hominibus,
815 2389 868 2444 id
889 2395 994 2453 est,
1025 2387 1130 2457 ipsi
1161 2385 1408 2441 homines
1433 2393 1566 2440 sunt
1587 2385 1766 2440 taber-

183 2487 432 2544 naculum
459 2485 574 2540 Dei.
599 2481 837 2538 Joannes
873 2481 928 2536 in
965 2480 1068 2535 hoc
1105 2479 1221 2534 loco
1255 2487 1438 2548 typum
1479 2484 1626 2531 tenet
1645 2491 1774 2530 san-

183 2588 284 2634 cta:
311 2576 586 2642 Ecclesiae,
621 2591 743 2645 quae
768 2573 922 2630 audit
955 2587 1144 2627 vocem
1174 2571 1443 2626 dicentem
1478 2586 1492 2624 :
1523 2568 1663 2624 Ecce
1687 2575 1770 2622 ta-

185 2668 536 2725 bernaculum
577 2667 673 2721 Dei
701 2680 825 2722 cum
867 2663 1197 2728 hominibus,
1224 2662 1442 2732 quando
1464 2677 1565 2732 per
1602 2661 1774 2714 inter-

186 2776 312 2816 nam
371 2758 781 2830 inspirationem
845 2757 1082 2827 seipsam
1149 2754 1430 2826 cognoscit
1497 2768 1618 2808 esse
1680 2750 1776 2806 Dei

187 2851 616 2910 tabernaculum.
659 2850 724 2905 Et
764 2850 1018 2904 habitabit
1039 2866 1158 2904 cum
1178 2848 1308 2902 illis.
1331 2847 1387 2902 1d
1410 2855 1494 2903 est
1519 2860 1643 2901 cum
1675 2843 1780 2899 illis

189 2947 282 3016 qui
321 2942 726 3000 tabernaculum
769 2940 865 2996 Dei
904 2954 1023 2996 esse
1069 2945 1402 2994 meruerunt.
1467 2935 1622 2994 Unde
1665 2935 1781 3004 ipse

189 3035 452 3108 apostolis
490 3035 624 3090 dicit
650 3052 662 3087 :
697 3033 832 3087 Ecce
853 3049 945 3103 ego
971 3032 1234 3086 vobiscum
1266 3046 1380 3084 sum
1403 3029 1640 3083 omnibus
1672 3026 1782 3081 die-

190 3130 290 3184 bus
312 3127 526 3190 (Matth.
553 3126 768 3196 xxvm).
799 3125 866 3178 Et
893 3126 992 3196 ipsi
1017 3124 1240 3196 populus
1269 3125 1382 3194 ejus
1417 3130 1588 3177 erunt.
1619 3118 1782 3176 Juxta

1863 1924 2080 1980 Primus
2104 1937 2340 1994 namque
2383 1922 2546 1977 homo
2576 1936 2639 1976 ea
2663 1921 2780 1992 lege
2810 1923 3059 1978 conditus
3086 1931 3170 1978 est
3199 1922 3254 1977 in
3296 1938 3461 1992 para-

1865 2018 2022 2084 diso,
2075 2025 2135 2072 ut
2180 2017 2284 2072 nisi
2337 2023 2638 2086 peccasset,
2683 2015 3006 2071 immortalis
3044 2015 3354 2080 mansisset,
3407 2023 3466 2072 et

1865 2092 2134 2180 completo
2156 2107 2452 2164 electorum
2475 2122 2724 2172 numero,
2747 2106 2816 2162 ab
2842 2106 2934 2162 illo
2962 2105 3218 2178 paradiso
3242 2116 3459 2162 terreno

1869 2201 2076 2273 absque
2093 2200 2286 2256 mortis
2309 2199 2617 2255 interventu
2650 2198 2910 2254 transiret
2933 2199 3000 2253 ad
3029 2199 3265 2269 patriam
3293 2199 3460 2255 caele-

1869 2306 2040 2362 stem;
2084 2295 2164 2351 sic
2197 2303 2380 2349 autem
2405 2300 2490 2348 est
2539 2292 2812 2359 conditus,
2843 2301 2904 2347 ut
2929 2292 2974 2347 si
3007 2299 3291 2362 peccaret,
3322 2292 3468 2346 mori

1869 2387 2154 2458 potuisset.
2179 2385 2311 2454 Quae
2331 2400 2498 2450 mors,
2527 2385 2618 2454 qui
2637 2399 2758 2440 eam
2783 2399 2880 2455 per
2902 2392 3184 2454 peccatum
3214 2383 3469 2449 incurrit,

1875 2480 2148 2536 destructa
2177 2490 2262 2535 est
2289 2493 2388 2549 per
2412 2477 2628 2532 Domini
2655 2485 2908 2532 mortem.
2932 2476 3166 2548 ideoque
3193 2475 3373 2532 locum
3414 2475 3470 2530 in

1879 2572 2069 2629 electis
2096 2587 2203 2626 non
2235 2570 2424 2634 habet,
2461 2578 2748 2640 postquam
2779 2584 2969 2624 omnes
2998 2570 3068 2626 ad
3094 2569 3258 2624 vitam
3283 2585 3471 2624 resur-

1878 2679 2100 2737 gemus,
2135 2663 2271 2717 tales
2298 2661 2474 2717 etl‘ecti
2493 2701 2508 2726 ,
2537 2669 2598 2715 ut
2625 2661 2880 2732 deinceps
2919 2676 3096 2732 neque
3137 2662 3275 2716 mori
3300 2676 3476 2731 neque

1879 2770 2109 2827 peccare
2134 2756 2424 2824 possimus.
2455 2753 2638 2825 Neque
2659 2753 2855 2820 luctus,
2882 2755 2990 2809 erit
3015 2755 3068 2808 in
3093 2755 3184 2808 illa
3203 2754 3472 2819 Ecclesia,

1881 2847 2033 2918 quia,
2076 2856 2135 2900 ut
2159 2847 2412 2917 superius
2457 2845 2664 2901 dictum
2703 2854 2808 2911 est,
2860 2845 3045 2900 multis
3098 2847 3274 2901 modis
3321 2846 3380 2899 tit
3421 2847 3476 2899 in

1882 2939 2161 3010 praesenti.
2201 2937 2384 3010 Neque
2409 2938 2632 3003 clamor,
2659 2953 2823 3008 neque
2850 2937 3004 2992 dolor
3029 2939 3128 2991 erit
3158 2942 3320 2992 ultra.
3348 2938 3474 2993 Cla-

1887 3046 2007 3086 mor
2035 3031 2090 3084 in
2119 3029 2219 3084 hoc
2238 3027 2360 3084 loco
2389 3027 2707 3099 intelligitur
2726 3027 2945 3097 querela
2968 3043 3148 3097 prava:
3173 3029 3478 3100 suggestio-

1893 3124 2000 3180 nis.
2043 3122 2201 3178 Prius
2244 3123 2390 3178 enim
2432 3136 2596 3191 quam
2645 3128 2897 3190 peccaret
2953 3119 3133 3184 homo,
3175 3119 3230 3173 in
3283 3135 3479 3190 magna

192 3221 326 3279 illud
360 3240 373 3276 :
415 3195 869 3275 Haereditasmea
915 3195 1102 3272 Israel.
1134 3215 1204 3270 Et
1229 3218 1339 3287 ipse
1378 3215 1527 3270 Deus
1554 3229 1674 3268 cum
1710 3213 1786 3268 eis
1813 3195 1860 3259 C
1891 3218 2073 3291 quiete
2093 3225 2235 3283 erat,
2277 3215 2567 3284 omniaque
2593 3213 2836 3269 membra
2863 3212 2966 3268 sibi
2989 3211 3232 3283 subjecta
3252 3219 3308 3265 et
3332 3211 3478 3266 nullo

190 3312 313 3371 eiit.
343 3313 604 3368 Habitans
632 3312 684 3366 in
705 3326 894 3366 eorum
933 3309 1040 3364 ﬁde
1072 3317 1127 3364 et
1157 3307 1475 3372 dilectione,
1506 3305 1648 3362 sicut
1673 3307 1788 3375 ipse

194 3405 332 3461 dicit
355 3421 370 3459 :
403 3404 462 3460 Si
485 3407 600 3474 qu.‘s
615 3402 788 3474 diligit
813 3419 916 3467 me,
937 3417 1229 3456 sermonem
1256 3417 1428 3455 meum
1442 3398 1686 3465 servabit,
1719 3406 1769 3451 et

195 3495 366 3552 Pater
387 3513 531 3552 meus
553 3495 731 3567 diliget
757 3511 876 3550 eum
893 3535 908 3560 ,
933 3504 982 3548 et
1006 3494 1074 3548 ad
1101 3509 1220 3548 eum
1245 3492 1530 3557 veniemus,
1555 3499 1604 3545 et
1633 3505 1788 3543 man-

196 3589 402 3644 sionem
436 3589 576 3658 apud
614 3603 731 3640 eum
758 3588 1011 3655 faciemus
1031 3585 1213 3655 (Joan.
1243 3582 1544 3654 xtv).Unde
1566 3590 1620 3636 et
1648 3581 1790 3635 idem

193 3679 439 3736 Joannes
469 3679 520 3730 in
545 3677 782 3746 Epistula
811 3691 908 3729 sua
937 3677 1014 3729 ait
1039 3694 1053 3729 :
1091 3677 1195 3740 Qui
1217 3686 1388 3728 manet
1411 3677 1466 3727 in
1492 3673 1788 3737 dilectione,

194 3772 346 3827 Deus
375 3770 429 3823 in
460 3785 519 3823 eo
544 3777 740 3822 manet.
768 3767 836 3822 Et
863 3767 1100 3837 ipsorum
1135 3766 1278 3821 Deus
1309 3775 1395 3821 est
1449 3765 1792 3834 omnipotens

198 3865 382 3929 Deus,
415 3875 538 3918 cum
575 3862 774 3932 quibus
800 3861 1046 3916 habitare
1083 3861 1366 3931 dignatur,
1395 3859 1540 3914 unde
1569 3857 1796 3913 Psalmi-

199 3965 290 4013 sta
320 3974 333 4009 :
363 3955 619 4010 Dominus
647 3970 771 4024 pars
811 3951 1132 4007 hwreditatis
1174 3967 1304 4006 mea:
1348 3950 1521 4023 (Psal.
1568 3950 1680 4020 xv).
1731 3949 1797 4003 Et

201 4047 324 4117 ipse
350 4046 402 4099 in
429 4044 546 4116 lege
578 4044 820 4114 loquitur
849 4043 1038 4098 dicens
1075 4061 1088 4096 :
1119 4041 1272 4097 Filiis
1300 4050 1480 4097 autem
1521 4041 1651 4098 Levi
1688 4057 1796 4098 non

203 4138 408 4196 dabitis
442 4136 860 4208 possessionem.
902 4135 1015 4205 Ego
1043 4135 1186 4190 enim
1227 4133 1516 4189 hzereditas
1557 4132 1794 4189 illorum.

205 4231 441 4300 Quando
465 4232 608 4286 enim
637 4232 799 4287 homo
825 4232 1103 4300 peccando
1134 4229 1338 4286 recedit
1363 4245 1394 4284 a
1425 4229 1558 4296 Deo,
1587 4246 1696 4285 non
1718 4239 1802 4286 est

207 4325 310 4383 Dei
340 4323 589 4395 populus,
633 4340 733 4380 nec
759 4325 926 4379 Deum
958 4324 1218 4396 possidet.
1249 4321 1384 4378 Dum
1416 4330 1596 4378 autem
1626 4321 1802 4393 paeni-

209 4417 378 4473 tendo
401 4417 692 4472 revertitur
712 4417 780 4471 ad
804 4415 996 4478 Deum,
1026 4413 1254 4485 populus
1275 4413 1371 4469 Dei
1393 4421 1498 4480 est,
1531 4413 1658 4484 quia
1677 4428 1803 4484 pos-

207 4509 357 4565 sidet
381 4509 570 4574 Deum,
595 4518 652 4564 et
675 4508 982 4580 possidetur
1001 4523 1030 4560 a
1057 4505 1186 4563 Deo.

296 4599 358 4654 Et
392 4601 646 4671 absterget
682 4601 822 4655 Deus
859 4617 1063 4657 omnem
1102 4600 1393 4670 lacrgmam
1427 4601 1492 4654 ab
1521 4599 1684 4654 oculis
1717 4616 1805 4654 eo-

213 4704 358 4744 rum.
389 4688 515 4744 Haac
545 4690 711 4744 verba
748 4704 856 4744 non
895 4690 964 4743 ad
1007 4698 1331 4761 praesentem
1373 4691 1540 4745 vitam
1574 4689 1722 4745 luctu
1751 4699 1808 4745 et

215 4781 473 4852 lacrymis
503 4781 716 4852 plenam
754 4782 1051 4850 pertinent,
1075 4783 1169 4838 sed
1198 4783 1266 4837 ad
1293 4782 1563 4848 futuram;
1588 4783 1807 4853 quando

216 4872 402 4930 omnis
444 4873 622 4928 luctus
662 4870 941 4928 auferetur
987 4890 1018 4928 a
1064 4873 1332 4940 ﬁdelibus,
1385 4884 1439 4930 et
1487 4882 1806 4945 perpetuum

218 4964 479 5038 gaudium
508 4964 902 5035 possidebitur,
920 4965 1076 5035 juxta
1114 4966 1244 5021 illud
1274 4985 1287 5021 :
1320 4966 1471 5022 Beati
1491 4969 1580 5038 qui
1607 4967 1807 5039 lugent,

217 5056 476 5126 quoniam
512 5055 616 5126 ipsi
657 5055 1066 5111 consolabuntur
1104 5056 1320 5128 (Matth.
1374 5056 1449 5131 v).
1490 5057 1810 5115 Intuendum

221 5157 407 5203 autem
441 5149 571 5218 quid
625 5150 867 5219 sitquod
913 5164 1130 5206 omnem
1176 5151 1474 5225 lacrymam
1522 5155 1591 5210 ab
1639 5154 1812 5212 oculis

223 5249 541 5296 sanctorum
565 5242 696 5297 dicit
716 5242 1087 5310 auferendam,
1111 5259 1236 5300 cum
1259 5242 1505 5302 sufﬁcere
1526 5246 1812 5316 potuisset,

225 5335 274 5391 si
323 5334 567 5390 diceret:
598 5335 886 5408 Absterget
923 5336 1221 5408 lacrymam
1266 5339 1334 5394 ab
1381 5339 1554 5396 oculis
1601 5357 1810 5396 eorum.

228 5427 341 5484 Sed
368 5426 645 5482 sciendum
671 5429 798 5499 quia
833 5428 1060 5484 diversa:
1081 5440 1209 5486 sunt
1235 5431 1524 5502 qualitates
1550 5431 1814 5505 lacryma-

228 5533 377 5584 rum,
415 5519 612 5590 quibus
634 5519 687 5574 in
718 5520 820 5575 hac
849 5521 958 5574 vita
984 5519 1295 5591 aﬂliguntnr
1319 5523 1503 5592 electi,
1525 5524 1818 5596 aliquando

1891 3313 2054 3369 modo
2096 3313 2152 3367 in
2195 3311 2381 3382 aliquo
2419 3309 2781 3380 repugnantia
2811 3307 3153 3379 possidebat;
3200 3308 3294 3362 sed
3333 3315 3483 3376 post-

1890 3419 2056 3475 quam
2078 3403 2353 3474 peccavit,
2386 3402 2568 3458 statim
2602 3400 2895 3456 clamorem
2919 3416 3098 3471 pravae
3119 3400 3483 3472 suggestionis

1892 3503 2080 3552 contra
2111 3509 2173 3551 se
2201 3503 2583 3566 exsurgentem
2623 3492 2811 3556 sensit,
2854 3491 3151 3560 vidensque
3194 3491 3479 3546 mulierem

1894 3584 2237 3656 concupivit;
2265 3583 2579 3652 factumque
2615 3591 2699 3638 est
2725 3582 2821 3637 Dei
2849 3582 2996 3652 justo
3027 3579 3266 3650 judicio,
3298 3592 3359 3635 ut
3395 3580 3487 3650 qui

1895 3683 2066 3738 noluit
2086 3695 2206 3736 esse
2228 3680 2506 3749 subjectus
2522 3681 2653 3743 Deo,
2680 3694 2786 3732 non
2808 3687 2992 3747 posset
3017 3677 3218 3732 habere
3246 3677 3488 3732 membra

1896 3774 2000 3828 sibi
2023 3771 2287 3844 subjecta.
2317 3771 2473 3826 Hunc
2491 3770 2784 3825 clamorem
2819 3770 3073 3840 deinceps
3098 3785 3286 3824 omnes
3318 3770 3474 3824 susti-

1899 3880 2108 3928 nemus,
2155 3880 2264 3934 quo
2312 3862 2563 3919 laborare
2607 3878 2666 3918 se
2709 3862 2946 3918 ostendit
2987 3860 3205 3926 Paulus,
3256 3863 3483 3917 dicens:

1908 3956 2074 4011 Video
2103 3955 2266 4010 aliam
2288 3955 2452 4026 legem
2482 3953 2538 4007 in
2575 3953 2819 4008 membris
2845 3953 2974 4007 meis
3001 3951 3179 4023 (Rom.
3210 3953 3307 4024 vn)
3334 3994 3348 4018 ,
3381 3962 3487 4008 etc.

1903 4050 2130 4121 Semper
2151 4049 2212 4103 tit
2244 4049 2389 4106 enim
2412 4048 2502 4104 hic
2523 4047 2752 4113 clamor,
2783 4047 2909 4116 quia
2930 4061 3148 4118 semper
3175 4063 3304 4104 caro
3329 4048 3496 4118 spiris

1878 4143 1981 4227 ’tui
2013 4143 2238 4199 resistit.
2271 4141 2380 4198 Sed
2430 4157 2557 4196 cum
2605 4139 2960 4211 corruptibile
2987 4141 3092 4196 hoc
3137 4140 3374 4197 induerit
3416 4143 3494 4196 in-

1904 4235 2342 4305 corruptionem,
2377 4243 2432 4290 et
2457 4232 2687 4288 mortale
2717 4233 2818 4288 hoc
2849 4233 3088 4287 induerit
3115 4233 3497 4289 immortalita-

1904 4336 2037 4392 tem,
2067 4325 2302 4382 cessabit
2322 4323 2530 4380 clamor
2560 4323 2878 4379 tumultuari
2907 4333 3096 4378 contra
3124 4325 3327 4381 electos
3349 4367 3362 4390 ,
3397 4327 3486 4395 qui

1905 4435 2002 4476 eos
2023 4420 2078 4474 in
2104 4418 2209 4474 hac
2233 4417 2342 4473 vita
2361 4419 2645 4488 quiescere
2667 4433 2771 4473 non
2795 4417 3028 4472 sinebat.
3056 4417 3133 4472 lbi
3154 4418 3299 4473 enim
3321 4434 3498 4474 cessa-

1906 4512 1986 4568 bit
2019 4511 2198 4567 omnis
2227 4525 2394 4580 prava
2417 4509 2720 4581 suggestio,
2753 4508 2827 4564 ibi
2855 4507 3000 4564 nulla
3026 4508 3133 4563 erit
3175 4510 3358 4567 carnis
3401 4511 3498 4566 de-

1911 4604 2152 4662 lectatio.
2182 4603 2289 4659 Sed
2311 4611 2364 4658 et
2393 4601 2546 4658 dolor
2569 4610 2691 4672 post
2715 4602 2830 4656 hzec
2857 4616 2964 4656 non
2994 4603 3120 4666 erit,
3159 4603 3285 4672 quia
3311 4603 3501 4658 videli-

1914 4706 2002 4754 cet
2030 4713 2160 4752 caro
2183 4696 2474 4753 electorum
2521 4694 2661 4748 ultra
2707 4695 2891 4764 spinas
2916 4703 2971 4750 et
2998 4695 3322 4764 punctiones
3372 4711 3500 4765 pec-

1915 4799 2160 4845 catorum
2185 4805 2283 4859 pro
2308 4788 2505 4860 quibus
2547 4787 2726 4842 dolere
2761 4788 3030 4852 debeant,
3058 4804 3166 4844 non
3199 4790 3498 4858 generabit.

1918 4882 2059 4948 Quia
2087 4882 2258 4952 prima
2308 4879 2572 4946 abierunt,
2603 4879 2728 4949 quia
2769 4880 2823 4932 in
2869 4878 3121 4948 praesenti
3162 4879 3361 4935 saeculo
3389 4881 3505 4936 haec

1917 4973 2100 5030 omnia
2145 4971 2443 5037 sustinent,
2469 4971 2564 5027 sed
2593 4985 2717 5026 cum
2759 4970 3010 5024 innovata
3039 4969 3235 5026 celum
3271 4979 3327 5025 et
3360 4979 3504 5026 terra

1918 5066 2144 5130 fuerint,
2198 5075 2324 5121 tunc
2369 5063 2527 5121 electi
2577 5063 3015 5130 innovabuntur,
3061 5071 3116 5118 et
3160 5078 3505 5136 nequaquam

1919 5157 2221 5229 prmteritas
2243 5157 2525 5227 passiones
2551 5156 2913 5212 sustinebunt.

1998 5249 2060 5302 Et
2086 5249 2220 5302 dixit
2250 5247 2338 5318 qui
2367 5246 2574 5302 sedebat
2600 5247 2654 5301 in
2680 5246 2866 5300 throno
2887 5286 2902 5312 ,
2932 5244 2985 5301 id
3022 5254 3107 5301 est
3135 5249 3277 5301 Jeus
3320 5247 3499 5301 omni-

1922 5349 2143 5412 potens,
2180 5340 2272 5409 qui
2309 5340 2563 5410 prtesidet
2586 5354 2697 5394 sua:
2718 5337 3010 5393 Ecclesiae:
3040 5338 3178 5392 Ecce
3201 5355 3332 5393 nova
3366 5338 3506 5408 facio

1923 5434 2118 5489 omnia.
2146 5434 2219 5488 Ea
2243 5433 2449 5490 scilicet
2469 5449 2588 5504 qua:
2607 5433 2856 5504 superius
2875 5433 3020 5488 dicta
3045 5442 3195 5498 sunt,
3223 5433 3364 5488 inter
3387 5449 3506 5504 quae

1923 5527 2086 5582 etiam
2125 5526 2324 5583 cmlnm
2355 5536 2410 5583 et
2442 5537 2587 5582 terra
2619 5525 3036 5582 innovabuntur.
3065 5525 3134 5580 Et
3165 5525 3292 5580 dicit
3327 5525 3459 5580 mihi
3486 5541 3506 5580 :

229 5613 444 5670 scilicet
469 5622 693 5687 propter
735 5615 988 5670 timorem
1021 5623 1446 5685 tormentorum,
1472 5634 1542 5675 ne
1569 5618 1823 5688 videlicet
1926 5619 2125 5675 Scribe.
2176 5619 2234 5674 ln
2281 5619 2443 5676 corde
2493 5628 2604 5683 tuo,
2653 5619 2739 5674 vel
2785 5619 2948 5674 etiam
2995 5617 3190 5674 litteris
3230 5632 3506 5674 commen-

231 5705 435 5762 merito
461 5705 764 5776 iniquitatis
802 5723 914 5762 sua:
957 5708 1133 5778 prunis
1175 5709 1458 5768 tradantur
1503 5711 1818 5781 ultricibus;

231 5796 531 5869 aliquando
559 5813 688 5855 vero
725 5807 950 5872 pr0pter
981 5815 1224 5858 amorem
1269 5811 1324 5858 ct
1367 5804 1696 5860 consortium
1729 5821 1822 5860 δυο

561 5892 834 5956 Pauor"
867 5892 1098 5956 CXVII

1927 5710 1992 5766 da
2013 5751 2028 5776 ,
2055 5719 2112 5765 ut
2141 5711 2209 5766 ad
2232 5710 2476 5766 notitiam
2503 5709 2786 5781 perveniat
2828 5719 3164 5780 posterorum
3185 5749 3200 5776 ,
3228 5707 3337 5767 Sed
3363 5709 3508 5780 quod

1926 5801 2123 5858 Joanni
2154 5801 2382 5870 dicitur,
2417 5800 2485 5857 ad
2517 5815 2736 5858 omnem
2768 5800 3063 5858 Ecclesian:
3088 5801 3358 5871 pertinet,
3391 5813 3510 5870 qua:

3077 5897 3155 5958 38
