3972 6450
1050 430 1404 491 HAYMONIS
1442 422 1922 485 HALBERSTAT.
1963 416 2160 476 EPISC

2265 414 2374 471 PP.
2415 412 2600 470 PARS
2632 411 2676 473 Ι.
2710 441 2779 459 -ν-
2804 408 3163 470 (ὋΜΜΕΝΤ.
3201 406 3375 464 BlBL.

559 562 619 619 in
643 557 841 615 tabulis
860 555 1038 612 cordis
1059 551 1367 609 carnalibus
1388 548 1552 603 verba
1581 545 1677 601 Dei
1714 543 1955 599 scribere
1978 537 2133 593 vide—
2161 535 2219 597 Α
2240 541 2418 589 autem
2465 533 2631 588 etiam
2656 539 2781 602 post
2812 528 2976 585 ﬁdem
3009 526 3212 584 Christi
3231 566 3247 592 ,
3276 533 3337 581 et
3359 522 3791 593 baptismum,
3820 538 3885 575 rei

562 664 672 710 tur.
699 651 829 707 Hae
856 648 1039 712 verba,
1073 662 1194 717 qum
1235 645 1303 700 ab
1330 642 1486 698 initio
1534 640 1687 695 istius
1716 636 1839 692 libri
1880 632 2145 690 divinitus

562 746 659 803 tibi
701 750 828 800 sunt
859 748 1093 801 ostensa,
1142 736 1446 806 ﬁdelissima
1493 744 1541 787 et
1594 747 1713 786 vera
1758 737 1913 792 sunt,
1965 725 2143 796 quiaa

562 839 672 894 Deo
698 847 832 891 vero
872 838 1284 903 processerunt,
1315 842 1381 882 ac
1413 826 1458 880 si
1500 824 1705 879 diceret
1733 818 1860 875 ε.Εο
1882 817 1937 871 in
1961 813 2147 871 cordis

486 936 487 939 ‘
560 926 825 985 memoria
867 924 1073 979 arctius
1118 919 1510 989 deprimantur,
1543 928 1664 984 quae
1691 911 2007 980 loquuntur,
2038 919 2146 975 quo

482 1072 485 1073 ν
560 1019 626 1075 de
675 1025 788 1073 tota
842 1014 965 1070 ﬁdei
1018 1026 1225 1068 summa
1246 1053 1262 1076 ,
1315 1009 1384 1065 de
1437 1014 1550 1063 tota
1602 1004 1717 1074 spei
1767 999 1964 1057 ﬁducia
2013 1011 2143 1067 pro-

561 1107 856 1255 fugi)
885 1195 1014 1253 mihi
1048 1211 1062 1247 :
1097 1194 1298 1263 factum
1319 1198 1417 1245 est.
1446 1185 1551 1241 Pro
1580 1199 1645 1239 eo
1671 1182 1815 1253 quod
1832 1188 1920 1237 est
1946 1179 2061 1245 ﬁet,
2092 1179 2148 1235 id

561 1298 667 1355 est,
699 1286 1113 1358 complebantur
1141 1282 1321 1339 omnia
1366 1294 1486 1349 qua
1530 1274 1778 1346 superius
1819 1278 1945 1329 sunt
1983 1271 2147 1337 dicta,

564 1382 683 1438 sive
701 1380 769 1436 de
796 1374 1234 1434 remuneratione
1254 1371 1521 1440 justorum
1539 1407 1554 1432 ,
1582 1383 1678 1424 seu
1704 1367 1772 1425 de
1800 1361 2150 1421 damnatione

563 1472 919 1543 reproborum
970 1465 1106 1534 Quia
1128 1463 1271 1519 enim
1293 1462 1407 1516 haec
1435 1459 1615 1514 omnia
1640 1465 1883 1527 tempore
1910 1467 2009 1511 suo
2049 1466 2150 1523 pro

563 1570 717 1621 certo
743 1557 1156 1629 complebuntur
1174 1593 1188 1619 ,
1210 1551 1368 1623 quasi
1393 1548 1505 1618 jam
1534 1548 1679 1603 facta
1716 1547 1824 1603 sint
1847 1545 1946 1603 Dei
1972 1544 2149 1603 omni-

561 1654 801 1728 potentis
840 1665 972 1709 voce
1014 1649 1323 1711 ﬁrmantur,
1367 1645 1420 1699 in
1463 1643 1616 1714 cujus
1645 1640 1938 1713 praesentia
1965 1636 2148 1699 omnia

563 1744 747 1803 futura
769 1740 1182 1816 praesentialiter
1203 1746 1443 1800 manent,
1457 1736 1597 1804 unde
1617 1742 1731 1788 est:
1757 1731 1859 1799 Qui
1889 1732 2013 1786 fecit
2030 1743 2151 1799 quas

2244 625 2543 682 terroribus
2599 622 2883 689 concussi,
2932 619 3021 677 vel
3084 617 3498 675 blandimentis
3546 613 3788 678 illecti,
3830 614 3884 666 ti.

2158 715 2170 727 ’
2243 728 2454 776 mentes
2483 732 2675 790 pmnas
2702 715 3030 773 recedebant
3049 729 3079 768 a
3108 711 3235 767 ﬁde.

2316 809 2554 875 Quorum
2581 823 2704 877 pars
2729 808 2830 861 erit
2857 806 2915 859 in
2937 812 3125 874 stagno
3153 799 3383 857 ardenti.
3420 796 3498 855 Id
3527 804 3637 855 est
3668 795 3728 855 in
3752 795 3877 855 da»

2246 902 2463 958 natione
2487 907 2770 970 perpetua.
2803 895 2942 952 Sunt
2956 894 3123 951 etiam
3136 891 3315 949 timidi
3331 891 3389 947 ia
3405 904 3579 961 pace
3608 887 3875 953 Ecclesia,

2248 994 2339 1066 qui
2360 1000 2509 1048 metu
2541 989 2851 1062 principum
2876 995 2933 1043 et
2955 985 3299 1043 molarium
3327 980 3667 1040 hominum
3699 981 3874 1037 bona:

2248 1082 2460 1154 operari
2474 1087 2739 1137 metuunt.
2765 1078 2844 1135 De
2858 1078 3056 1137 talibus
3075 1076 3301 1132 dicitur:
3318 1072 3461 1129 Illic
3477 1070 3873 1141 περίεισιν-ω

2250 1180 2437 1233 timore
2464 1175 2556 1230 ubi
2582 1191 2689 1229 non
2718 1181 2831 1228 erat
2862 1172 3020 1226 timor
3044 1167 3223 1242 (Paul.
3253 1167 3355 1238 ιι).
3396 1194 3493 1207 --
3545 1164 3694 1219 Cum
3731 1163 3871 1217 iure

2249 1271 2409 1336 dalis,
2448 1270 2503 1325 id
2531 1275 2617 1324 est
2653 1282 2780 1323 eum
2806 1264 3065 1336 paganis;
3102 1273 3152 1318 et
3192 1277 3322 1318 cum
3348 1259 3709 1322 meantis,
3736 1257 3867 1314 idest

2251 1378 2374 1419 cum
2425 1359 2723 1417 incredulis
2766 1356 2968 1415 Judais
2989 1397 3005 1422 ,
3051 1354 3139 1412 vel
3175 1353 3331 1410 falsis
3356 1352 3754 1416 Christianis,
3787 1352 3861 1421 qu’

2250 1463 2379 1512 sunt
2417 1450 2741 1510 exsecrandi
2770 1465 2802 1506 a
2832 1448 2965 1515 Deo,
3010 1447 3065 1503 id
3081 1454 3186 1503 oest
3226 1444 3393 1501 valde
3446 1442 3855 1503 abominah'ks

2253 1547 2408 1605 Unde
2430 1553 2517 1601 est
2541 1562 2555 1599 :
2593 1541 2773 1598 Virum
2790 1542 3109 1612 anguinum
3124 1547 3171 1594 et
3191 1538 3452 1595 Moestus
3484 1537 3855 1593 cbo-iacitur

2250 1637 2507 1693 Dominus
2536 1632 2913 1706 (Ps.v).—Et
2941 1646 3062 1686 cum
3089 1629 3398 1693 homicidis,
3428 1628 3502 1684 id
3524 1638 3625 1684 est
3650 1642 3848 1697 qm-

2251 1749 2358 1805 qu'e
2385 1732 2545 1789 modo
2568 1724 3337 1790 homineminterﬁcientibus,
3366 1722 3464 1778 vel
3499 1723 3644 1779 odio
3687 1722 3848 1791 scissas

563 1848 791 1901 ventura
825 1845 972 1895 sunt.
1004 1832 1120 1905 Ego
1148 1849 1265 1891 sum
1292 1855 1325 1889 α
1354 1840 1400 1885 et
1431 1853 1489 1893 ω,
1519 1828 1729 1883 initium
1763 1836 1809 1883 et
1847 1824 1991 1893 ﬁnis.
2029 1821 2148 1881 Non
2175 1896 2215 1905 _
2246 1825 2635 1900 jugulantibus.
2664 1822 2817 1879 Unde
2844 1828 2967 1878 est:
3002 1819 3111 1885 Qui
3154 1818 3265 1873 odit
3319 1817 3574 1887 fratrem
3606 1816 3841 1870 sua-h-

562 1898 708 2003 quod
742 1930 957 1987 initium
987 1896 1186 1983 habeat
1215 1925 1270 1981 in
1298 1932 1541 1993 tempore
1566 1920 1651 1976 vel
1676 1918 1839 1975 ﬁnem
1856 1958 1870 1982 ,
1902 1916 1998 1971 sed
2014 1914 2144 1984 quia
2174 1896 2220 1969 Β
2246 1896 2892 1988 micidaestUJoanJu).
2913 1909 3069 1965 --Et
3092 1908 3548 1979 fornicatoribus,
3568 1907 3627 1962 id
3651 1914 3733 1961 est
3755 1920 3845 1958 an

565 2024 636 2080 ab
664 2022 757 2085 illo
783 2027 978 2077 cuncta
1006 2023 1354 2087 sumpserunt
1391 2013 1601 2068 initium
1625 2051 1640 2076 ,
1670 2018 1726 2066 et
1764 2009 1820 2065 in
1851 2008 1969 2078 ipso
1995 2021 2149 2063 resu-t

563 2112 1033 2171 mentterminum.
1053 2109 1130 2164 De
1143 2107 1339 2178 quibus
1351 2105 1483 2161 satis
1496 2101 1863 2174 supradictum
1877 2108 1978 2161 est.
1995 2098 2148 2166 Quod

564 2215 749 2267 autem
787 2202 1050 2261 Dominus
1077 2202 1181 2257 hoc
1212 2200 1325 2271 jam
1352 2197 1510 2254 tertio
1534 2211 1632 2265 per
1672 2193 1924 2264 angelum
1949 2192 2006 2247 in
2044 2191 2151 2246 bac

569 2298 897 2373 Apocalypsi
934 2298 1009 2357 ita
1057 2309 1253 2353 nomen
1288 2308 1444 2350 suum
1481 2290 1718 2346 inculcat
1753 2287 1940 2344 dicens
1976 2302 1992 2340 :
2032 2282 2149 2354 Ego

561 2408 681 2453 sum
709 2415 745 2451 α
779 2400 829 2447 et
859 2412 902 2454 υ
925 2430 940 2456 ,
972 2388 1077 2445 duo
1114 2401 1213 2456 per
1234 2386 1337 2443 hoc
1358 2383 1584 2448 factum,
1611 2379 1856 2451 quaedam
1888 2375 2046 2433 nobis
2066 2375 2149 2429 in-

562 2484 748 2551 sinuat
770 2502 785 2539 :
807 2496 976 2539 unum
1008 2477 1215 2538 scilicet
1236 2491 1332 2548 per
1370 2474 1515 2545 quod
1544 2471 1943 2544 intelligamus,
1975 2480 2151 2537 neque

564 2577 631 2633 ad
672 2574 924 2646 angelum
955 2572 1205 2644 proprie,
1247 2584 1421 2638 neque
1457 2567 1526 2622 ad
1572 2565 1836 2625 Joannem
1876 2562 2151 2633 pertinere

563 2683 683 2737 qua:
711 2667 766 2723 in
798 2667 901 2721 hac
928 2662 1257 2719 revelatione
1293 2658 1660 2721 continentur;
1691 2654 1837 2715 aliud
1855 2668 1986 2709 vero
2006 2651 2152 2722 quod

565 2760 707 2816 scire
734 2757 1034 2828 possimus,
1075 2754 1252 2823 ipsum
1283 2765 1405 2807 esse
1433 2748 1601 2804 Deum
1641 2754 1767 2803 ante
1811 2754 2054 2814 tempora
2095 2749 2152 2805 et

564 2850 841 2907 hominem
892 2848 945 2903 in
984 2845 1089 2901 ﬁne
1121 2841 1460 2899 saeculorum.
1510 2836 1623 2910 Ego
1673 2836 1967 2893 sitientibus
2015 2834 2153 2888 dabo

565 2943 764 3015 fontem
789 2955 941 3012 aqua:
968 2939 1096 2994 view
1117 2937 1302 3008 gratis.
1333 2922 1691 2998 Sitientibus,
1718 2931 1772 2987 id
1792 2937 1879 2989 est
1909 2928 2153 2984 esurien-

568 3034 714 3089 tibus
758 3030 1057 3102 justitiam,
1092 3020 1430 3098 promittitur
1464 3023 1585 3079 fons
1623 3037 1795 3093 aquae.
1840 3019 1919 3075 De
1958 3018 2154 3089 quibus

564 3124 826 3181 Dominus
854 3122 987 3178 dicit
1016 3140 1028 3175 :
1060 3117 1212 3175 Beati
1231 3119 1321 3189 qui
1346 3116 1583 3173 esuriant
1615 3124 1663 3170 et
1689 3113 1872 3169 sitiunt
1888 3109 2154 3181 justitiam

565 3218 784 3292 (Matth.
807 3219 882 3288 γ).
904 3214 1051 3271 Fons
1076 3221 1258 3269 autem
1282 3225 1433 3280 aquae
1480 3210 1617 3265 vivae
1638 3202 2013 3276 inseparabilis
2033 3201 2154 3257 Tri—

568 3311 718 3367 nitas
744 3306 1081 3380 intelligitur.
1110 3304 1272 3360 Pater
1296 3301 1443 3358 enim
1478 3300 1599 3357 fons
1617 3339 1632 3367 ,
1656 3297 1827 3361 Filius
1850 3296 1973 3353 fons
1991 3336 2007 3361 ,
2040 3292 2161 3364 Spi-

567 3403 707 3459 ritus
744 3407 966 3457 sanctus
998 3397 1139 3453 fons.
1192 3393 1344 3453 Unde
1384 3391 1669 3449 Psalmista
1709 3389 1881 3446 dicit:
1916 3385 2069 3458 Apud
2115 3394 2164 3441 te

568 3501 647 3550 est
686 3491 808 3563 fons
836 3489 977 3545 vim.
1010 3484 1335 3544 Sitientibus
1363 3499 1493 3555 ergo
1520 3482 1711 3549 Deum,
1749 3479 1993 3551 seipsum
2018 3475 2167 3532 dabit

566 3586 624 3640 in
680 3579 1196 3641 remunerationem,
1247 3576 1303 3630 in
1350 3573 1503 3645 cujus
1552 3569 2014 3642 contemplatione
2053 3566 2157 3625 erit

569 3674 799 3732 reiectio
825 3679 1046 3727 aeternae
1083 3666 1367 3722 satietatis.
1404 3663 1523 3730 Quo
1558 3661 1707 3717 fonte
1748 3659 2033 3721 Psalmista
2072 3672 2163 3713 sa-

574 3766 705 3824 tiari
761 3762 1108 3827 desiderans,
1162 3757 1377 3814 dicebat
1421 3776 1433 3811 :
1483 3755 1658 3813 Sitivit
1710 3755 1891 3815 anima
1936 3768 2052 3809 mea
2093 3752 2163 3806 ad

572 3858 743 3914 Deum
766 3856 961 3927 fontem
995 3853 1166 3911 vivum
1190 3848 1363 3924 (Psal.
1398 3849 1530 3919 xu).
1566 3848 1642 3904 De
1664 3862 1772 3917 quo
1798 3844 1947 3905 fonte
1982 3843 2114 3899 dicit
2148 3861 2160 3896 :

572 3953 676 4023 Qui
704 3951 933 4016 biberit,
978 3947 1146 4003 vitam
1191 3943 1430 4001 habebit.
1481 3940 1744 3999 Habenda
1783 3939 1927 3995 enim
1972 3938 2164 4002 Deum,

573 4043 800 4101 habebit
847 4041 1013 4096 vitam
1060 4046 1352 4102 aeternam,
1402 4049 1523 4107 qua:
1555 4042 1640 4090 est
1676 4032 1842 4099 Deus,
1876 4030 2019 4086 unde
2054 4030 2169 4100 ipse

573 4135 743 4193 dicit:
776 4132 908 4193 Herc
945 4140 1020 4187 est
1069 4130 1175 4185 vita
1214 4137 1410 4183 azterna
1445 4123 1625 4201 (Joau.
1661 4122 1818 4196 xvn),
1843 4131 1951 4179 etc.
1988 4121 2170 4177 Gratis

552 4200 678 4285 ‘tste
703 4225 822 4282 fons
842 4224 1003 4280 datur
1027 4220 1296 4288 ﬁdelibus,
1321 4219 1427 4276 hoc
1451 4224 1558 4285 est,
1584 4217 1702 4273 sine
1722 4215 1846 4272 ullis
1865 4214 2171 4288 praeceden-

576 4319 724 4376 tibus
754 4315 1035 4374 hominum
1069 4312 1301 4370 meritis.

651 4410 756 4479 Qui
794 4409 973 4466 vicerit
1022 4405 1227 4464 diaboli
1279 4411 1644 4468 tentamenta,
1676 4401 1949 4459 incentiva
1988 4400 2174 4456 carnis

577 4519 709 4570 suae,
727 4500 1086 4559 adversitates
1106 4512 1396 4571 pravorum
1420 4496 1722 4561 hominum,
1738 4494 2018 4566 possidebit
2038 4494 2170 4557 haec,

578 4609 699 4667 quae
722 4593 968 4663 superius
994 4591 1139 4647 dicta
1166 4597 1311 4653 sunt,
1338 4588 1391 4642 id
1416 4595 1500 4643 est
1522 4585 1694 4642 Deum
1720 4585 2171 4658 omnipotentem,

581 4684 761 4742 carnis
790 4682 1252 4739 immortalitatem
1279 4688 1337 4735 et
1363 4679 1843 4751 incorruptionem.
1876 4677 1945 4732 Et
1977 4694 2067 4732 ero
2092 4676 2172 4732 illi

580 4779 748 4844 Deus,
778 4775 832 4832 id
861 4783 945 4832 est
978 4784 1180 4830 aeterna
1211 4774 1433 4830 satietas
1467 4783 1523 4830 et
1550 4772 1929 4829 remuneratio.
1964 4770 2034 4825 Et
2066 4772 2175 4841 ipse

581 4871 679 4926 erit
719 4867 848 4925 mihi
889 4866 1065 4937 ﬁlius,
1114 4865 1204 4936 qui
1255 4866 1524 4922 credendo
1554 4864 1610 4918 in
1652 4862 1822 4919 Deum
1870 4861 2176 4917 eﬁiciunlur

580 4963 770 5020 ﬁdeles
798 4961 894 5018 ﬁlii
927 4961 1054 5027 Dei;
1102 4960 1193 5017 hic
1235 4960 1452 5029 quidem
1480 4973 1577 5028 per
1606 4955 1797 5021 ﬁdem,
1846 4955 1955 5012 illic
1994 4964 2174 5012 autem

580 5072 682 5133 per
710 5053 1221 5112 manifestationem.
1248 5053 1404 5109 Unde
1432 5052 1573 5108 idem
1590 5049 1827 5108 Joannes
1852 5050 1907 5105 in
1937 5048 2175 5122 Epistola

583 5165 683 5207 sua
710 5148 788 5204 ait
816 5166 830 5203 :
861 5146 1193 5212 Charissimi,
1226 5162 1364 5207 nunc
1390 5142 1489 5215 ﬁlii
1522 5142 1618 5199 Dei
1643 5160 1845 5210 sumus,
1869 5153 1917 5198 et
1944 5144 2176 5205 nondum

583 5241 833 5312 apparuit
861 5240 986 5311 quid
1009 5240 1224 5295 erimus.
1258 5237 1466 5293 Scimus
1507 5245 1703 5301 autem,
1725 5236 1850 5308 quia
1871 5251 1989 5289 cum
2018 5252 2179 5307 appa-

586 5332 775 5398 ruerit,
818 5328 1018 5387 similes
1047 5330 1094 5383 ei
1125 5328 1342 5393 erimus,
1369 5337 1418 5382 et
1447 5322 1881 5383 videbimus-eum
1922 5327 2075 5382 sicuti
2102 5337 2179 5382 est

587 5424 640 5498 (I
668 5424 830 5481 Joan.
859 5422 966 5497 tu).

662 5518 884 5581 Timidis
909 5526 1082 5574 autem
1111 5526 1160 5573 et
1187 5516 1495 5581 incredulis,
1525 5524 1573 5571 et
1593 5516 1895 5580 exsecratis,
1929 5525 1977 5568 et
2013 5514 2180 5569 [tomi-

588 5613 741 5675 cidia.
772 5611 1014 5669 Timidus
1042 5625 1330 5680 possumus
1353 5624 1448 5666 eos
1480 5607 1804 5677 intelligere.
1834 5608 1960 5677 quia
1991 5608 2179 5665 volun—

589 5715 677 5762 tas
704 5713 823 5762 erat
851 5713 910 5759 ut
934 5704 1219 5760 crederent
1268 5701 1321 5757 in
1360 5701 1668 5768 Christum,
1700 5715 1888 5756 verum
1935 5702 2180 5759 videntes

582 5793 801 5856 diversa
851 5801 1245 5850 tormentorum
1276 5807 1504 5863 genera,
1559 5791 1806 5848 ﬁdelibus
1854 5801 2176 5862 prmparata,

596 5883 790 5944 timore
830 5886 1075 5943 concussi
1108 5884 1434 5942 recedebant
1477 5899 1507 5940 a
1554 5884 1655 5941 ﬁde
1695 5885 1919 5941 Christi.
1952 5883 2179 5951 Quidam

2246 2011 2404 2068 idolis
2442 2007 2831 2070 servientibus,
2862 2018 2961 2061 seu
2986 1998 3398 2059 immunditiam
3427 1999 3633 2055 carnis
3659 2003 3845 2052 sertas-

2249 2103 2412 2169 tibus,
2440 2100 2524 2158 vel
2550 2101 2716 2157 etiam
2747 2098 2870 2168 plus
2893 2102 3203 2152 creaturam
3231 2107 3409 2162 quam
3434 2090 3761 2148 Creatorem
3786 2088 3851 2143 di-

2249 2199 2569 2272 ligentibus,
2594 2204 2651 2252 et
2676 2193 2907 2251 divitias
2926 2191 3069 2247 ultra
3093 2188 3317 2244 modum
3347 2186 3688 2241 amantibus.
3716 2180 3849 2238 [inde

2248 2290 2479 2346 Paulus:
2500 2288 2570 2344 Et
2589 2287 2816 2344 auaritia
2840 2300 2959 2357 qua:
2981 2292 3058 2338 est
3079 2280 3348 2336 idolorum
3366 2280 3593 2334 set-situs
3615 2275 3763 2346 (Gal.
3779 2278 3848 2341 v).

2249 2412 2319 2429 -—-
2331 2383 2402 2438 Et
2414 2382 2673 2451 veneﬁcis,
2695 2380 2748 2434 id
2761 2384 2846 2434 est
2859 2375 3051 2448 magis,
3070 2373 3166 2445 qui
3192 2371 3580 2428 incantationes
3605 2380 3847 2439 perage-

2250 2477 2398 2533 bant.
2433 2474 2560 2531 Sive
2579 2474 2743 2529 etiam
2757 2468 3047 2535 veneﬁcos,
3063 2467 3119 2524 id
3133 2474 3224 2523 est
3246 2464 3528 2529 maleﬁcos,
3544 2475 3845 2533 ponamus

2253 2585 2346 2626 eos
2385 2567 2705 2639 intelligere,
2724 2564 2817 2636 qui
2850 2565 3085 2620 humana
3132 2566 3407 2631 potestate
3425 2557 3551 2611 aliis
3574 2555 3846 2610 dominan-

2253 2672 2361 2719 tur.
2392 2660 2546 2717 Unde
2591 2661 2644 2715 in
2672 2656 2965 2729 Evangelio
2996 2674 3009 2709 :
3049 2654 3215 2726 Reges
3244 2654 3492 2731 gentium
3524 2650 3840 2704 domin-nat

2254 2767 2435 2821 eorum
2463 2749 2680 2822 (Matth.
2697 2748 2814 2819 xx),
2831 2757 2885 2804 et
2898 2746 2992 2817 qui
3003 2751 3332 2816 potestatem
3354 2743 3834 2810 habe-turparem,

2255 2843 2478 2900 veneﬁci
2493 2850 2779 2906 vocantur,
2801 2837 2855 2897 id
2870 2847 2953 2894 est
2972 2836 3225 2893 maleﬁci.
3239 2863 3318 2879 —-
3333 2832 3409 2888 Et
3430 2831 3740 2893 “elateri-is,
3753 2827 3829 2897 qui

2257 2935 2545 2993 simulacra
2573 2933 2857 2990 hominum
2886 2938 3254 2993 mortuorum,
3281 2925 3377 2982 vel
3405 2927 3583 2981 etiam
3609 2922 3833 2991 imagis!

2258 3041 2443 3082 rerum
2460 3023 2843 3096 (piarumdam,
2857 3038 2957 3093 pro
2971 3022 3081 3076 Deo
3096 3034 3300 3074 venere
3308 3015 3621 3073 utan—Et
3637 3013 3830 3068 sui!

2262 3116 2623 3173 mendacibus.
2657 3113 2962 3171 Nominatis
2992 3112 3245 3183 superius
3272 3125 3379 3181 per
3405 3110 3663 3165 ordine-
3688 3106 3831 3175 sip-

2265 3210 2441 3266 lorum
2479 3208 2791 3264 auctoribus
2816 3205 3094 3271 vitiorum,
3126 3204 3194 3258 ad
3232 3210 3565 3259 extremum
3602 3198 3829 3261 suum

2186 3265 2236 3333 α
2267 3304 2506 3377 omnibus
2532 3300 2871 3357 mendacibus
2895 3313 2912 3351 :
2940 3298 3031 3355 ubi
3063 3265 3187 3353 cum
3222 3296 3362 3352 dicit
3386 3296 3663 3357 omnibus
3685 3300 3827 3347 ostia-

2268 3395 2348 3451 dit
2378 3392 2546 3449 inulta
2590 3405 2713 3448 esse
2755 3404 2956 3462 genera
3003 3387 3452 3444 mendaciumn.
3500 3385 3646 3441 liam
3684 3384 3825 3439 beat-

2267 3484 2601 3557 Augustinus
2626 3490 2751 3539 octo
2775 3481 2906 3536 dicit
2924 3494 3046 3537 esse
3072 3493 3277 3552 genera
3299 3478 3733 3535 mendacior“.
3752 3471 3828 3527 ad

2270 3588 2453 3632 tamen
2482 3574 2686 3631 nullum
2710 3583 2794 3630 est
2822 3571 3168 3629 mendacium
3210 3571 3362 3643 quod
3404 3581 3647 3642 peccato
3666 3572 3824 3623 cum.

2268 3667 2410 3722 unde
2455 3664 2716 3734 scriptum
2765 3671 2851 3720 est
2882 3682 2896 3717 :
2930 3660 3004 3717 0s
3035 3661 3177 3733 quod
3214 3659 3509 3726 mentitur,
3540 3658 3716 3715 accidit
3742 3652 3826 3707 ά

2269 3775 2409 3814 mam
2442 3755 2595 3831 (Sap.
2625 3756 2691 3830 ι).
2714 3755 2781 3812 Et
2806 3756 3004 3811 iterum
3034 3771 3048 3807 :
3084 3752 3282 3808 Pedes
3315 3768 3511 3808 ausus
3538 3753 3637 3821 qui
3664 3751 3827 3817 las-Ir

2271 3861 2358 3904 tur
2383 3848 2715 3904 mendacium
2759 3845 2931 3919 (Psal.
2969 3846 3046 3917 v).
3078 3843 3337 3900 Nonnulli
3360 3844 3523 3900 eni-
3556 3843 3829 3899 dic-ul

2270 3956 2393 3998 esse
2427 3949 2733 4011 peccatum,
2765 3940 2811 3995 si
2839 3952 2940 4009 pro
2966 3936 3201 3994 veritate
3220 3944 3320 3991 aut
3335 3935 3565 4007 iustitia
3598 3929 3833 4006 prd-ﬂ

2272 4032 2635 4097 mendacium,
2665 4031 2807 4089 sicut
2831 4029 3063 4101 legimus
3098 4026 3302 4084 factum
3330 4026 3391 4082 in
3418 4024 3677 4097 λείπω
3694 4019 3835 4080 διὸ

2272 4124 2609 4191 stetrleibus,
2627 4138 2749 4194 qua
2768 4124 2835 4179 ad
2851 4122 3192 4179 Pharaonem
3216 4134 3485 4186 reversa,
3507 4128 3569 4175 es
3587 4120 3837 4186 hera.

2274 4234 2373 4275 cur
2401 4218 2738 4274 viviﬁcarent
2763 4216 3039 4288 parvulos,
3067 4228 3207 4286 quos
3224 4213 3397 4285 jussu
3424 4213 3661 4268 {aut
3682 4204 3841 4266 illl-

2273 4327 2419 4377 cere,
2452 4311 2693 4369 mentita:
2720 4318 2846 4366 sunt
2866 4310 3153 4367 dicentes:
3186 4305 3313 4362 Non
3335 4307 3476 4360 sunt
3502 4303 3841 4361 M-

2273 4401 2427 4459 lieres
2463 4404 2597 4459 sicut
2636 4401 2938 4474 Ai'gyptite,
2975 4401 3065 4457 sed
3100 4401 3231 4472 ipsae
3265 4383 3464 4454 Ιιὶιόσιιι
3505 4390 3842 4452 absus-iui

2276 4496 2545 4553 scientiam
2574 4495 2772 4568 (Exod.
2798 4494 2858 4566 1).
2885 4492 3039 4550 Unde
3059 4498 3116 4546 et
3132 4489 3421 4559 Scriptura
3445 4486 3632 4545 refers
3652 4504 3672 4540 :
3692 4485 3844 4553 Qui

2280 4590 2469 4646 obrem
2514 4587 2802 4644 aediﬁcavit
2828 4586 2935 4642 illis
2972 4586 3115 4641 Deus
3150 4583 3395 4639 domum.
3450 4578 3721 4649 Non.“
3748 4587 3844 4642 etp

2192 4636 2254 4703 Β
3273 4686 3379 4742 pro
3420 4685 3539 4741 quo
3572 4636 3843 4726 nenda.
3800 4636 3818 4642 ⁷

2285 4779 2612 4843 acceperunt
2629 4787 2658 4827 a
2683 4768 2827 4826 Deo?
2854 4766 2980 4824 Fuit
3001 4766 3218 4837 quidem
3241 4770 3558 4835 peccatum,
3578 4761 3685 4817 ad
3706 4769 3845 4814 una

2283 4878 2449 4933 opere
2474 4860 2863 4919 misericordiae
2885 4845 2968 4915 est
2992 4863 3307 4928 purgatum.
3333 4853 3489 4910 unde
3504 4863 3565 4909 et
3582 4851 3733 4907 Dens
3749 4846 3850 4903 ai-

2285 4951 2467 5010 ﬁcavit
2496 4952 2603 5009 illis
2640 4950 2969 5014 mansiones,
3003 4949 3059 5004 id
3081 4956 3167 5004 est
3190 4943 3610 5002 multitudinea
3651 4943 3850 4998 ﬁlian-

2286 5046 2437 5103 dedit
2460 5045 2590 5112 illis,
2619 5044 2747 5115 quia
2773 5044 3004 5100 aliorum
3037 5040 3179 5099 ﬁlios
3196 5038 3649 5096 viviﬁcaeerant.
3682 5032 3856 5091 Sil-ii-

2286 5148 2371 5195 ter
2394 5138 2625 5209 legimus
2650 5137 2853 5193 factum
2881 5144 2938 5193 et
2963 5135 3020 5191 in
3056 5132 3210 5191 Raab
3238 5130 3565 5197 muurioe.
3590 5144 3723 5198 qua:
3750 5139 3859 5181 ..ν

2289 5233 2394 5288 tios
2417 5230 2582 5291 losue
2602 5230 2909 5295 abscondit,
2935 5237 2992 5286 et
3014 5225 3420 5297 inquirentibus
3442 5225 3523 5280 de
3548 5224 3641 5279 ei
3666 5231 3860 5291 raw-I-

2289 5325 2405 5382 dit:
2440 5321 2639 5389 Fateor
2672 5322 2926 5395 quidem,
2955 5329 3206 5385 uenerunt
3230 5317 3300 5374 ad
3324 5333 3440 5381 au,
3468 5315 3721 5372 sedcu-
3746 5312 3861 5368 sl.-

2288 5419 2501 5483 derstur
2526 5426 2702 5489 porta.
2732 5428 2781 5473 et
2808 5416 2889 5473 illi
2908 5416 3108 5487 pariter
3127 5415 3365 5471 exist-tu
3380 5408 3609 5481 (Iosue,
3638 5409 3729 5480 ιι).
3754 5402 3865 5472 οὐ

2290 5530 2428 5585 opus
2450 5510 2839 5571 misericordias
2864 5510 3010 5568 circa
3034 5522 3133 5566 eos
3152 5504 3424 5569 orbitatis,
3445 5510 3512 5558 et
3535 5518 3569 5557 a
3591 5510 3777 5557 morte
3796 5506 3866 5585 alt

2288 5584 2573 5671 liberavit,
2620 5611 2809 5676 postea
2858 5601 3058 5660 meruit
3102 5597 3408 5671 pertingere
3454 5596 3533 5651 ad
3580 5595 3756 5651 naias
3792 5584 3865 5643 Μ

2286 5697 2677 5770 cognitionem,
2706 5704 2761 5752 et
2791 5696 2934 5755 inter
2970 5691 3248 5750 lscaelitas
3294 5686 3704 5745 conumri
3723 5725 3741 5749 ,
3766 5680 3863 5753 ρ

2286 5796 2573 5860 peccatum
2612 5787 2744 5847 illud
2782 5785 3047 5847 mendacii
3087 5781 3339 5854 purgavit
3380 5793 3530 5850 opus
3564 5777 3798 5850 ω
3824 5782 3865 5826 a

2290 5883 2701 5941 misericordiae.
2726 5881 2890 5945 Peius
2924 5881 3074 5939 enim
3098 5878 3290 5935 fuisset
3321 5876 3367 5935 si
3394 5890 3494 5932 eos
3529 5875 3792 5937 nentiam
3812 5864 3864 5923 Ii
