3972 6440
96 452 256 515 "97

1046 446 1410 517 EXPOSITIO
1448 448 1514 511 IN
1553 444 2052 517 APOCALYPSIN.
2098 475 2163 485 -
2198 441 2329 509 LIB.
2370 441 2482 501 ΥΠ.

3244 438 3385 511 li”

99 581 366 639 mortem.
397 587 560 643 quam
604 574 752 645 quod
797 587 892 631 eos
936 574 1172 644 negavit,
1218 581 1275 629 et
1312 570 1541 631 mentita
1585 575 1690 627 est.
1719 567 1773 637 Α
1796 562 1874 618 De
1902 562 2005 619 hoc
2031 571 2211 619 monte
2238 561 2407 617 Isaias
2433 559 2564 616 dicit
2598 576 2611 614 :
2640 557 2698 615 In
2729 556 3043 619 novissimis
3061 556 3254 619 diebus
3280 559 3389 623 erit
3408 594 3423 605 .

107 665 293 727 Unum
338 683 469 725 sane
512 669 771 726 debemus
808 669 1078 734 retinere,
1107 668 1311 725 nullum
1347 680 1519 737 genus
1546 676 1696 723 men-

103 760 251 819 dacii
281 759 510 815 inultum
533 775 837 829 remanere,
859 764 1004 832 quod
1030 762 1118 819 hic
1142 760 1383 816 laxatum
1402 773 1509 817 non
1533 754 1693 813 fuerit

102 850 451 925 pauitantia,
482 860 579 909 aut
606 851 789 924 aliquo
812 853 1035 925 pietatis
1056 868 1241 925 opere.
1272 852 1525 910 Omnium
1550 849 1697 907 enim

102 943 342 1007 istorum
368 945 461 1015 qui
492 954 620 1005 sunt
643 947 896 1018 superius
928 945 1324 1011 eonnnmerati,
1356 960 1479 1013 pars
1514 958 1698 1001 eorum

102 1038 210 1094 erit
239 1038 295 1095 in
317 1049 503 1108 stagno
526 1040 735 1097 ardenti
763 1050 812 1097 et
834 1040 1085 1111 sulphure
1102 1079 1118 1105 ,
1161 1038 1211 1092 id
1238 1048 1322 1092 est
1348 1036 1405 1092 in
1429 1034 1696 1106 profunda

103 1127 313 1187 inferui
338 1128 709 1195 damnatione,
739 1130 831 1185 ubi
862 1138 988 1187 sunt
1010 1127 1169 1185 simul
1200 1126 1339 1198 ignis
1368 1134 1422 1183 et
1448 1125 1696 1196 sulphur.

106 1217 269 1286 Quod
302 1229 377 1275 est
414 1236 552 1275 mors
589 1221 850 1286 secunda,
880 1222 934 1278 id
973 1229 1059 1277 est
1099 1219 1346 1289 corporis
1387 1227 1444 1273 et
1479 1218 1693 1274 animus.

101 1307 294 1369 Prima
345 1310 491 1371 enim
538 1326 686 1373 mors
708 1312 768 1371 lit
800 1312 854 1371 in
884 1310 1065 1367 anima
1109 1325 1207 1381 per
1254 1318 1570 1380 peccatum,
1613 1325 1700 1365 se»

105 1400 288 1456 cunda
335 1409 515 1463 autem
556 1400 880 1471 intelligitur
919 1400 975 1459 in
1021 1401 1201 1457 anima
1228 1408 1283 1461 et
1309 1415 1559 1471 corpore.
1602 1398 1699 1457 Se-

106 1493 297 1562 quitur
324 1510 337 1546 :

183 1601 251 1658 Et
278 1603 414 1659 venit
443 1619 579 1657 unus
598 1603 665 1657 de
688 1612 881 1674 septem
911 1603 1109 1675 angelis
1140 1602 1449 1659 habentibus
1489 1603 1698 1673 phialas

106 1691 291 1762 plenas
330 1702 525 1762 septem
560 1691 730 1765 plagis
756 1694 1074 1751 novissimis.
1101 1693 1204 1771 fer
1223 1701 1427 1764 septem
1454 1692 1694 1762 angelos,

107 1781 253 1839 sicut
286 1782 536 1853 superius
577 1784 782 1840 dictum
818 1792 928 1849 est,
963 1784 1051 1840 vel
1088 1784 1410 1841 universalis
1454 1783 1697 1841 Ecclesia

106 1873 449 1947 intelligitur,
473 1875 558 1931 vel
584 1891 775 1933 omnes
812 1876 1215 1947 Nicatores,
1257 1884 1482 1948 propter
1524 1875 1696 1946 septi-

106 1965 338 2025 formem
355 1967 616 2037 Spiritum
645 1984 755 2039 quo
780 1968 1020 2025 Ecclesia
1053 1969 1340 2024 instruitur
1367 1977 1421 2024 et
1445 1969 1696 2024 doctores

105 2060 447 2115 erudiuntur.
482 2058 637 2131 Saepe
657 2061 801 2116 erum
831 2060 1034 2116 dictum
1065 2069 1150 2117 est
1175 2061 1541 2132 septenarium
1590 2076 1694 2115 nu-

106 2166 318 2208 merum
346 2153 754 2209 universitatem
781 2155 1089 2222 ostendere,
1117 2155 1243 2225 quis
1269 2170 1429 2211 omne
1454 2168 1701 2225 praesens

103 2249 325 2313 tempus
349 2253 555 2313 septem
578 2245 771 2301 diebus
803 2246 1059 2313 volvitur,
1085 2262 1226 2301 unus
1249 2262 1377 2317 ergo
1398 2262 1465 2302 ex
1485 2253 1695 2316 septem

108 2335 317 2405 angelis
346 2336 441 2404 qui
484 2336 555 2391 ad
596 2334 866 2394 Joannem
902 2340 1054 2395 venit
1086 2339 1407 2411 intelligitur
1438 2338 1699 2395 Dominus

107 2422 265 2483 Jesus
291 2423 571 2490 Christus,
600 2427 695 2499 qui
723 2437 807 2484 est
830 2430 1128 2493 secundum
1167 2430 1489 2501 prophetam
1521 2430 1699 2500 magni

108 2517 317 2575 consilii
352 2519 592 2589 angelus,
624 2519 678 2575 id
717 2529 801 2577 est
844 2523 1067 2577 nuntius
1115 2532 1355 2592 putem
1380 2522 1696 2588 voluntatis,

110 2623 252 2666 unus
291 2618 377 2665 est
404 2625 474 2665 ex
490 2610 716 2681 angelis,
746 2613 873 2682 quia
918 2620 1079 2683 caput
1111 2621 1197 2675 est
1232 2611 1474 2669 omnium
1499 2612 1700 2668 electo-

110 2716 252 2767 rum,
282 2709 335 2756 et
369 2717 466 2773 per
484 2703 907 2773 assumptionem
935 2704 1293 2758 humanitatis
1316 2702 1423 2758 illis
1457 2710 1543 2758 est
1570 2717 1699 2757 con-

100 2790 328 2862 iunctus
356 2794 411 2848 in
437 2802 594 2850 utero
624 2795 873 2865 Virginis.
912 2793 1066 2849 Venit
1094 2810 1225 2866 ergo
1253 2808 1351 2865 per
1368 2792 1701 2848 incarnatio-

111 2884 198 2942 nis
226 2886 569 2956 mysterium,
597 2886 699 2956 qui’
736 2886 938 2956 ubique
982 2893 1103 2940 erat
1140 2900 1237 2956 per
1273 2883 1571 2945 divinitatis
1604 2896 1702 2951 po-

111 2977 354 3037 tentiam.
402 2978 499 3036 lsti
536 2979 747 3051 angeli,
786 2980 892 3035 hoc
932 2988 1019 3035 est
1052 2979 1434 3050 prtedicatores
1471 2991 1699 3047 quorum

113 3080 275 3141 caput
318 3081 403 3149 est
437 3073 716 3141 Christus,
766 3074 969 3130 habent
1012 3073 1224 3145 phialas
1270 3071 1459 3142 plenas
1493 3078 1701 3141 septem

113 3165 285 3238 plagis
305 3168 635 3233 novissimis,
665 3170 769 3225 hoc
788 3178 870 3224 est
896 3168 996 3239 ipsi
1027 3175 1154 3224 sunt
1189 3165 1332 3237 pleni
1357 3163 1539 3220 divina
1566 3177 1705 3234 prte-

117 3257 422 3326 dlc'atione,
480 3275 585 3332 qua
627 3260 850 3329 quidam
900 3259 1209 3313 auditorum
1250 3256 1609 3311 vulnerantur
1633 3251 1701 3306 ad

117 3351 366 3420 salutem,
383 3354 601 3423 quidam
624 3362 806 3409 autem
826 3354 895 3409 ad
915 3353 997 3408 sui
1019 3368 1087 3424 pe

117 3440 246 3512 ipsa
281 3444 450 3515 plaga:
481 3445 791 3501 novissima;
836 3445 1119 3507 dicuntur,
1152 3443 1278 3513 quia
1316 3442 1372 3496 in
1414 3438 1705 3497 novissima

119 3533 274 3603 huius
308 3537 491 3593 smculi
529 3538 697 3604 hora,
745 3538 801 3599 id
844 3545 927 3592 est
960 3537 1029 3591 sb
1074 3533 1449 3591 incarnatione
1492 3529 1708 3586 Domini

118 3641 289 3699 usque
312 3631 382 3684 ad
410 3630 577 3685 ﬁnem
608 3628 795 3685 mundi
822 3627 1208 3683 immittuntur.

190 3741 259 3796 Et
291 3744 495 3797 locutus
525 3753 599 3795 est
631 3759 857 3805 mecum,
887 3743 1063 3795 dicens
1087 3756 1106 3792 :
1139 3740 1289 3811 Veni,
1320 3739 1590 3792 ostendam
1616 3735 1710 3788 tibi

115 3850 365 3907 sponsam
399 3848 616 3888 uxorem
634 3833 788 3902 Agni.
817 3831 1053 3886 Joannes
1079 3831 1133 3884 in
1162 3829 1268 3883 hoc
1288 3829 1407 3882 loco
1436 3825 1711 3896 signiﬁcat

114 3916 419 3985 Ecclesiam
438 3967 453 3993 ,
501 3925 588 3981 cui
626 3924 867 3995 loquitur
893 3922 1037 3979 Deus
1059 3938 1155 3993 per
1180 3920 1443 3976 occultam
1480 3917 1711 3987 inspira-

118 4023 320 4079 tionem
344 4023 399 4076 in
429 4030 609 4075 mente
633 4020 821 4075 dicens
845 4033 860 4074 :
887 4018 1030 4085 veni,
1054 4017 1304 4088 passibus
1332 4014 1480 4077 ﬁdei.
1504 4022 1558 4069 et
1586 4028 1711 4084 pas-

119 4117 270 4174 sibus
299 4115 503 4170 amoris
528 4123 583 4169 et
608 4113 879 4169 ostendam
910 4112 1003 4166 tibi
1033 4126 1277 4181 sponsam
1302 4124 1519 4163 uxorem
1550 4105 1709 4176 Agni,

121 4207 177 4266 id
200 4217 282 4264 est
303 4209 396 4262 tibi
423 4207 523 4279 ipsi
547 4206 927 4272 manifestabo,
954 4203 1130 4275 qualis
1150 4218 1293 4258 nunc
1314 4202 1389 4257 sis
1410 4216 1505 4272 per
1526 4199 1710 4264 ﬁdem,

120 4307 180 4358 et
203 4298 379 4369 qualis
402 4307 592 4368 postea
633 4297 811 4352 ﬁttura
842 4312 918 4361 es,
952 4312 1077 4351 cum
1117 4295 1183 4350 ad
1216 4293 1310 4348 Dei
1340 4292 1552 4348 veneris
1578 4306 1711 4346 con-

122 4389 554 4460 templationem.
584 4388 703 4444 Duo
730 4394 914 4442 autem
942 4386 1096 4453 dicit,
1116 4399 1361 4454 sponsam
1383 4391 1437 4438 et
1462 4399 1675 4437 uxorem
1693 4397 1712 4436 :

124 4484 251 4555 quia
271 4484 412 4539 sicut
434 4483 684 4553 superius
704 4496 826 4553 quas
853 4495 997 4535 nunc
1020 4486 1103 4535 est
1127 4493 1325 4549 sponsa
1349 4491 1445 4549 per
1468 4475 1631 4530 ﬁdem
1659 4480 1715 4529 et

126 4576 503 4641 dilectionem,
540 4576 644 4629 erit
674 4584 801 4629 tunc
832 4587 994 4638 uxor,
1028 4586 1150 4628 cum
1200 4572 1266 4626 ad
1305 4569 1584 4640 amplexus
1630 4566 1712 4623 sui

1801 671 1957 715 mons
1986 656 2177 719 domus
2203 654 2776 725 Domini-praeparatus
2802 650 2857 706 in
2878 650 3084 705 vertice
3102 648 3385 718 montium,

1801 748 1854 807 id
1895 758 1979 805 est
2012 746 2262 803 Christus
2288 748 2539 818 princeps
2564 744 2808 800 omnium
2838 741 3155 799 electorum.
3190 740 3390 808 Quam-

1800 838 2029 896 obrem?
2056 836 2195 905 Quia
2220 836 2441 908 angelus
2463 846 2520 893 et
2539 852 2695 893 mons
2716 834 2989 901 Christus,
3016 842 3070 889 et
3101 834 3155 893 in
3181 830 3390 889 Joanne

1800 932 2041 991 Ecclesia
2068 930 2405 999 intelligitur.
2436 928 2675 1001 Angelus
2695 926 2958 991 Joannem
2986 926 3133 981 ducit
3157 924 3210 981 in
3241 939 3391 1003 mon:

1801 1034 1936 1090 tem,
1966 1025 2071 1081 hoc
2100 1032 2184 1079 est
2209 1022 2459 1081 Christus
2488 1022 2786 1101 Ecclesiam
2824 1036 2976 1077 suam
3003 1033 3165 1091 super
3191 1026 3388 1083 semet-

1804 1118 1979 1189 ipsum
2009 1116 2311 1172 constituit.
2351 1114 2519 1173 Rccte
2546 1130 2677 1186 ergo
2706 1113 2956 1170 Christus
2993 1122 3047 1177 et
3083 1111 3305 1185 angelus
3339 1119 3395 1166 et

1801 1225 1959 1266 mons
1998 1209 2232 1273 dicitur,
2275 1208 2401 1283 quia
2451 1207 2674 1273 nuntius
2708 1206 2964 1262 Ecclesia:
3009 1219 3277 1277 apparens
3322 1202 3390 1259 ad

1802 1301 2077 1359 cmiestem
2122 1298 2357 1372 patriam
2393 1297 2585 1359 invitat
2619 1297 2851 1361 electos,
2900 1304 2955 1353 et
2993 1296 3108 1369 ipse
3146 1293 3390 1359 eamdem

1800 1390 2094 1455 Ecclesiam
2124 1404 2286 1460 super
2308 1404 2367 1444 se
2395 1389 2661 1459 portando
2692 1388 2759 1444 ad
2787 1386 3028 1449 cotleslia
3053 1385 3315 1442 sublevat.

1872 1482 1940 1537 Et
1965 1481 2190 1543 ostendit
2209 1482 2337 1539 mihi
2366 1481 2625 1539 civitatem
2667 1490 2904 1539 sanctam
2935 1477 3271 1535 Hierusalem
3301 1484 3391 1534 de-

1799 1575 2126 1633 scendentem
2155 1574 2219 1629 de
2254 1573 2380 1629 cmlo
2418 1590 2450 1629 a
2495 1572 2601 1628 Deo
2632 1573 2903 1626 habentem
2935 1570 3227 1626 claritatem
3269 1568 3392 1627 Dei.

1800 1665 2006 1723 Civitas
2025 1664 2266 1727 Ecclesia
2292 1671 2393 1727 est,
2426 1664 2596 1719 Deum
2620 1662 2826 1719 habens
2854 1660 3230 1716 habitatorem.
3263 1658 3395 1727 Quae

1801 1768 1985 1825 sancta
2024 1755 2245 1821 dicitur,
2277 1756 2401 1827 quia
2442 1754 2685 1826 quotidie
2711 1767 2811 1824 per
2850 1748 3397 1824 baptismum‘sancti-

1802 1846 1997 1904 ﬂcatur
2024 1846 2325 1913 Jerusalem
2355 1847 2481 1917 quia
2524 1846 2592 1901 ad
2628 1846 2731 1901 hoc
2754 1844 2987 1911 laborat,
3031 1851 3091 1898 ut
3119 1844 3187 1899 ad
3227 1841 3396 1900 visio-

1725 1934 1776 2003 I
1800 1955 1926 1995 nem
1976 1938 2166 2008 patria:
2197 1937 2433 2003 cmlestis
2466 1937 2768 2009 perveniat.
2798 1935 2876 1991 De
2926 1935 3067 1991 cmlo
3096 1934 3397 1999 descendit,

1800 2032 1926 2103 quia
1975 2044 2139 2099 omne
2179 2031 2325 2103 quod
2369 2030 2533 2087 habet
2586 2030 2786 2087 bonum
2839 2026 3056 2084 ctelitus
3104 2026 3287 2089 datum
3316 2038 3401 2083 est

1799 2121 1875 2179 illi
1901 2137 1999 2193 per
2042 2121 2139 2185 Dei
2187 2121 2442 2193 gratiam,
2484 2121 2628 2177 unde
2677 2119 2952 2177 Jacobus:
3001 2116 3168 2173 Omne
3214 2118 3399 2179 datum

1800 2217 2073 2287 optimum,
2116 2225 2164 2270 et
2195 2232 2347 2273 omne
2392 2214 2595 2270 donum
2636 2213 2925 2285 perfectum
2977 2213 3252 2268 desursum
3301 2222 3400 2277 est,

1800 2308 2117 2371 descendens
2141 2326 2174 2363 a
2203 2306 2368 2365 Patre
2391 2307 2648 2365 luminum
2676 2305 2820 2377 (Jac.
2850 2306 2952 2378 ιιι).
2983 2305 3081 2363 Vel
3109 2305 3273 2363 etiam
3299 2306 3404 2363 sic-

1800 2408 1861 2455 ut
1886 2415 2046 2469 supra
2078 2399 2281 2455 dictum
2303 2408 2410 2463 est,
2437 2398 2492 2453 in
2513 2398 2688 2468 capite
2710 2412 2808 2452 suo
2827 2395 3122 2452 descendet
3147 2396 3212 2453 de
3236 2393 3400 2459 coelo,

1813 2491 1942 2563 quia
1968 2506 2090 2547 eam
2131 2490 2186 2545 in
2216 2498 2371 2546 utero
2414 2489 2660 2561 virginali
2690 2486 2991 2557 eorijunxit,
3014 2487 3154 2543 unde
3177 2486 3409 2557 Aposto-

1816 2580 1940 2645 lus:
1967 2581 2322 2653 Desponsavit
2350 2580 2451 2639 sibi
2481 2579 2733 2635 Christus
2754 2577 3050 2634 Ecclesiam
3080 2592 3187 2635 non
3208 2577 3409 2635 haben-

1813 2683 1923 2730 tem
1950 2674 2219 2729 maculam
2248 2683 2341 2735 aut
2362 2688 2570 2745 rugam.
2600 2671 2918 2727 Claritatem
2948 2670 3043 2725 Dei
3072 2670 3257 2737 habet,
3283 2670 3409 2740 quia

1811 2780 1845 2829 s
1862 2765 2002 2822 Filio
2016 2765 2109 2821 Dei
2138 2765 2495 2831 illuminatur,
2511 2764 2604 2836 qui
2632 2762 2895 2823 illuminat
2917 2778 3120 2817 omnem
3148 2763 3412 2816 hominem

1817 2857 2106 2919 uenientem
2119 2856 2174 2910 in
2194 2856 2331 2911 hunc
2344 2856 2598 2917 mundum
2620 2854 2802 2929 (Joan.
2821 2854 2887 2927 ι).
2902 2854 3054 2910 Unde
3073 2863 3130 2909 et
3151 2854 3268 2926 ipse
3283 2861 3414 2926 apo'

1818 2947 1979 3002 stolis
2007 2947 2144 3009 dicit
2173 2964 2186 2999 :
2227 2946 2341 3020 Ego
2369 2964 2486 3003 sum
2517 2946 2612 3002 lus:
2637 2948 2822 3003 mundi
2859 2946 3042 3019 (Joan.
3082 2945 3225 3019 nn).
3259 2945 3415 3005 Unde

1816 3038 2091 3109 sequitur:
2109 3037 2179 3095 Et
2195 3038 2370 3097 lumen
2394 3039 2510 3109 ejus
2535 3038 2705 3097 simile
2731 3038 2896 3110 lapidi
2917 3039 3142 3110 pretioso
3161 3048 3413 3111 tauquam

1817 3128 1982 3200 lapidi
1989 3129 2241 3201 jaspidis.
2264 3130 2492 3196 Dicitur,
2508 3131 2632 3202 quia
2649 3131 2776 3189 dum
2790 3130 2994 3187 electos
3009 3146 3136 3189 suos
3158 3130 3413 3201 illustrat,

1818 3229 2034 3276 aeternae
2056 3221 2347 3283 viriditatis
2396 3222 2595 3293 pabulo
2620 3223 2829 3290 nutrit;
2875 3222 3011 3294 lapis
3047 3223 3194 3283 enim
3215 3222 3413 3294 jaspis,

1089 3351 1335 3419 rniciem.
1358 3349 1503 3404 Bene
1522 3354 1707 3401 autem
1735 3316 1783 3385 ϐ
1816 3311 2010 3419 Virgis
2037 3319 2120 3412 θξί
2150 3311 2367 3419 θίξίρτίει
2415 3322 2482 3415 ἐξ
2522 3312 2807 3419 ίξίθοψυςω
2844 3313 3290 3419 inconvenienter
3316 3329 3415 3414 per

1811 3402 2048 3473 lapidem
2061 3399 2355 3475 jaspideau,
2378 3403 2514 3461 visio
2536 3402 2851 3473 intelligitur
2879 3414 3082 3460 sanctae
3111 3403 3413 3470 Trinitatis,

1823 3493 1891 3548 ad
1905 3508 2071 3564 quam
2092 3493 2288 3550 anima:
2310 3504 2619 3551 sanctorum
2639 3494 2946 3567 pertingere
2959 3494 3288 3559 desiderant,
3306 3493 3416 3559 vel-

1821 3586 1899 3649 uti
1927 3584 2182 3643 animalia
2204 3586 2436 3645 virentia
2482 3601 2711 3659 quaeque
2751 3586 3088 3658 perquirunt.
3140 3585 3277 3643 Hinc
3302 3585 3419 3657 ipse

1823 3680 1993 3735 dicit:
2030 3677 2138 3735 Per
2156 3697 2239 3737 me
2251 3682 2297 3736 si
2323 3682 2440 3753 quis
2465 3682 2724 3739 introierit
2743 3682 3033 3739 saloabitur
3054 3682 3238 3755 (Joan.
3264 3682 3344 3754 ι),
3361 3694 3419 3747 et

1822 3770 2160 3841 ingredietur
2182 3786 2279 3841 per
2311 3772 2493 3838 iidem,
2528 3780 2584 3826 et
2607 3774 2913 3841 egredietur
2936 3790 2967 3829 a
3006 3773 3112 3829 ﬁde
3139 3774 3207 3829 ad
3242 3790 3417 3845 spem,

1824 3870 1883 3916 et
1915 3875 2113 3931 pascua
2137 3860 2377 3919 inveniet
2405 3869 2622 3919 aeternae
2668 3862 2953 3917 satietatis.
3007 3860 3160 3921 Unde
3189 3872 3245 3917 et
3272 3864 3418 3919 Psalo

1820 3950 1986 4006 mista
2027 3951 2193 4006 dicit:
2226 3949 2485 4007 Dominus
2503 3952 2671 4023 pascit
2700 3968 2803 4017 me,
2840 3961 2887 4007 et
2920 3950 3051 4007 nihil
3070 3952 3197 4007 mihi
3218 3952 3417 4011 deerit:

1811 4037 1869 4096 in
1888 4040 2002 4096 loco
2027 4057 2238 4112 pascua:
2263 4041 2335 4096 ibi
2363 4058 2444 4097 me
2470 4042 2742 4097 collocauit
2764 4040 2939 4114 (Psal.
2979 4043 3138 4111 nn),
3170 4072 3241 4083 —
3260 4042 3418 4105 Sicut

1813 4130 2138 4201 crystallum.
2202 4130 2306 4186 Per
2360 4132 2676 4203 crystallum
2727 4146 2860 4188 vero
2905 4132 3224 4205 intelligitur
3271 4148 3417 4205 pra:-

1815 4225 1985 4281 mium
2028 4240 2282 4296 supernas
2318 4224 2791 4289 remunerationis,
2824 4240 2946 4296 qua:
2972 4225 3026 4281 in
3064 4226 3179 4297 ipsa
3210 4226 3419 4285 visione

1815 4314 1909 4372 Dei
1938 4315 2313 4386 complebitur.
2346 4316 2510 4385 Quasi
2532 4315 2677 4371 enim
2700 4330 2838 4387 aqua
2870 4317 2923 4389 ip
2951 4316 3267 4389 crystallum
3292 4332 3417 4379 ver-

1816 4406 1974 4473 titur,
2018 4406 2147 4462 dum
2177 4406 2460 4477 prmmium
2504 4421 2570 4462 ex
2596 4421 2736 4477 aqua
2764 4414 2818 4462 ct
2860 4407 3059 4478 spiritu
3104 4416 3417 4467 renatorum

1814 4499 1932 4571 ipsa
1962 4499 2058 4556 Dei
2096 4499 2484 4571 contemplatio
2526 4497 2781 4554 edicitur.
2813 4498 2947 4556 Nam
2980 4509 3036 4557 et
3060 4501 3105 4557 si
3129 4502 3269 4567 bene
3292 4518 3417 4574 per-

1815 4592 2124 4665 pendimus,
2154 4593 2297 4664 quod
2336 4592 2607 4666 significat
2640 4590 2815 4663 jaspis
2835 4633 2849 4659 ,
2882 4593 2985 4650 hoc
3007 4602 3064 4649 et
3081 4594 3415 4665 crystallum,

124 4667 435 4742 pervenerit
479 4667 581 4721 viri
612 4684 626 4721 :
654 4666 736 4720 uir
774 4666 913 4720 enim
958 4661 1211 4719 Ecclesia:
1254 4661 1395 4717 Deus
1430 4668 1548 4731 est,
1570 4658 1704 4714 unde

1820 4684 1947 4754 quia
1988 4685 2354 4740 remuneratio
2387 4658 2723 4743 vsanctorum
2774 4660 2908 4751 nihil
2954 4685 3100 4743 aliud
3152 4687 3277 4755 erit,
3315 4687 3421 4744 nisi

128 4759 383 4815 Salomon
412 4757 543 4812 dicit
570 4775 584 4811 :
620 4755 746 4811 Non
775 4767 850 4812 est
884 4758 961 4811 vir
992 4757 1047 4810 in
1085 4755 1240 4809 domo
1261 4770 1359 4809 sua
1387 4751 1569 4825 (Prov.
1591 4750 1712 4823 vn).

200 4869 268 4925 Et
304 4868 518 4923 sustulit
553 4884 634 4924 me
670 4868 725 4920 in
773 4869 961 4940 spiritu
1010 4869 1063 4921 in
1108 4875 1335 4922 montem
1376 4881 1625 4938 magnum
1666 4872 1716 4918 et

128 4961 315 5017 altum.
346 4962 444 5017 llic
471 4960 757 5016 manifeste
803 4960 1110 5016 ostenditur
1142 4960 1286 5032 quod
1332 4958 1570 5015 Joannes
1607 4972 1714 5013 non

128 5055 406 5123 corporeis
432 5053 604 5110 oculis
624 5052 767 5109 hanc
793 5052 1022 5107 intuitus
1048 5062 1135 5108 est
1162 5053 1447 5118 visionem,
1476 5050 1573 5106 sed
1605 5051 1714 5121 spi-

128 5148 259 5211 ritu,
288 5144 390 5199 boc
412 5155 494 5201 est
519 5146 715 5201 mentis
734 5144 905 5202 oculis
932 5143 1000 5199 ad
1029 5143 1439 5215 contemplanda
1471 5141 1712 5197 cmlestia

128 5240 387 5312 mysteria
422 5247 506 5294 est
546 5239 802 5295 elevatus.
838 5238 991 5301 Mons
1014 5254 1243 5309 magnus
1262 5247 1319 5293 et
1343 5238 1505 5302 altus,
1529 5237 1582 5291 in
1607 5252 1715 5307 quo

131 5337 262 5393 dicit
303 5351 362 5392 se
395 5334 684 5402 elevatum,
715 5335 965 5393 Christus
992 5335 1333 5408 intelligitur.
1366 5333 1443 5390 De
1470 5349 1577 5405 quo
1606 5334 1715 5391 Da-

130 5427 242 5484 niel
264 5428 394 5483 dicit
422 5445 437 5485 :
467 5427 604 5497 Quia
642 5428 776 5501 lapis
807 5432 1060 5499 praecisus
1084 5429 1149 5485 de
1178 5437 1350 5485 monte
1387 5428 1499 5482 sine
1546 5428 1717 5482 mani-

133 5519 249 5585 bus,
291 5520 444 5573 crevit
472 5519 529 5574 in
552 5529 778 5576 montem
813 5537 1085 5592 magnum,
1112 5531 1158 5577 et
1190 5520 1397 5595 replevit
1422 5520 1715 5574 universam

134 5620 330 5667 terram
362 5609 523 5681 (Dan.
566 5611 648 5683 ιι).
681 5612 799 5683 Ipse
829 5627 1043 5683 quoque
1072 5612 1138 5669 de
1168 5628 1226 5671 se
1254 5614 1385 5673 dicit
1418 5630 1431 5668 :
1464 5609 1586 5665 Non
1624 5628 1717 5682 po-

136 5712 231 5758 test
249 5702 497 5763 abscondi
518 5703 700 5757 civitas
721 5719 880 5774 supra
902 5713 1126 5759 montem
1140 5706 1309 5774 posita
1324 5702 1543 5777 (Matth.
1573 5702 1715 5775 vui).

136 5794 361 5867 Magnus
383 5802 469 5850 est
493 5795 595 5850 iste
631 5809 804 5862 mons,
834 5796 958 5867 quia
1005 5804 1174 5851 totum
1222 5797 1479 5852 mundum
1529 5794 1716 5866 replet.

138 5886 312 5954 Attus,
346 5886 473 5957 quia
510 5885 582 5942 ita
617 5895 703 5943 est
740 5885 922 5953 homo,
953 5896 1012 5942 ut
1038 5887 1110 5944 sit
1145 5887 1308 5943 etiam
1356 5888 1497 5944 Deus
1538 5902 1715 5942 verus.

1819 4791 2061 4849 praesens
2089 4778 2183 4833 Dei
2212 4777 2410 4833 vultus.
2656 4844 2661 4851 ι

1892 4869 1961 4924 Et
2006 4870 2227 4925 habebat
2264 4885 2474 4924 murum
2512 4886 2760 4942 magnum
2810 4882 2859 4927 et
2890 4870 3075 4927 altum.
3108 4870 3295 4937 Murus
3319 4871 3421 4928 Ec-

1819 4960 1999 5016 clesiae
2043 4967 2128 5015 est
2178 4957 2447 5024 Christus,
2497 4962 2564 5015 de
2584 4976 2693 5031 quo
2737 4960 2904 5017 lsaias
2942 4960 3057 5016 ait:
3102 4959 3169 5018 In
3213 4961 3305 5027 illa
3333 4961 3419 5018 die

1818 5053 2121 5109 cantabitur
2137 5053 2401 5109 canticum
2416 5054 2558 5109 istud
2585 5056 2640 5109 in
2660 5064 2801 5110 terra
2831 5053 2977 5110 Iuda
3000 5067 3023 5110 :
3050 5052 3187 5119 Urbs
3208 5056 3421 5126 fortun--

1820 5144 1960 5199 diuis
1988 5154 2183 5200 nostra:
2205 5142 2335 5201 Sion
2356 5145 2607 5212 salvator,
2634 5155 2862 5217 ponetur
2887 5147 2942 5202 in
2962 5164 3025 5202 ea
3062 5164 3246 5215 murus
3277 5148 3416 5219 (Isa.

1821 5238 1993 5308 nvi).
2017 5238 2135 5309 Ipse
2157 5246 2243 5294 est
2268 5239 2432 5295 etiam
2465 5254 2711 5309 magnus,
2735 5238 2802 5294 de
2828 5254 2935 5311 quo
2956 5238 3240 5299 Psalmiste
3267 5257 3281 5294 :
3306 5240 3419 5295 Do-

1821 5331 1995 5389 minus
2035 5332 2089 5385 in
2120 5330 2251 5389 Sion
2290 5348 2510 5403 magnus
2538 5329 2712 5404 (Psal.
2744 5330 2955 5403 xcvni).
3005 5330 3161 5391 Altus
3205 5347 3421 5403 quoque
3477 5374 3484 5380 .

1824 5430 1927 5489 est,
1942 5421 2067 5493 quia
2086 5437 2115 5475 a
2131 5420 2292 5478 Patre
2306 5436 2469 5493 super
2483 5421 2664 5478 omnia
2680 5421 3023 5489 sublimatus,
3046 5429 3100 5481 et
3120 5423 3262 5479 Deus
3284 5439 3422 5494 quo-

1825 5528 1930 5595 que
1976 5514 2139 5569 etiam
2184 5530 2283 5584 per
2320 5513 2714 5571 humanitatem
2773 5521 2859 5570 est
2891 5513 3242 5583 constitutus.
3303 5514 3423 5583 Ipse

1822 5622 2035 5678 quoque
2064 5615 2150 5662 est
2197 5622 2407 5674 murus,
2463 5608 2565 5665 hoc
2621 5616 2706 5667 est
2756 5606 3000 5665 defensio
3055 5616 3110 5663 et
3153 5605 3426 5679 protectio

1822 5699 2075 5756 Ecclesiae
2125 5716 2254 5759 sum.
2320 5699 2413 5757 Vel
2458 5700 2621 5757 etiam
2686 5715 2870 5757 murus
2924 5699 3249 5771 generaliter
3312 5700 3425 5769 ipsa

1825 5790 2066 5846 Ecclesia
2107 5789 2440 5860 intelligitur,
2492 5805 2613 5860 quae
2643 5806 2830 5847 murus
2869 5789 3170 5862 appellatur
3204 5798 3425 5862 propter

1825 5883 2140 5939 ﬁrmitatem
2196 5880 2322 5938 ﬁdei
2369 5891 2421 5938 et
2457 5883 2818 5940 constantiam
2872 5882 3153 5947 virtutum.
3202 5882 3424 5949 Magnus
