3972 6456
578 480 716 544 H99

574 796 789 853 quoque
817 787 921 843 est,
955 778 1084 848 quia
1108 790 1336 846 corpore
1386 773 1656 829 inhabitat
1704 780 1928 837 terram,
1983 778 2164 823 mente

571 882 753 929 autem
792 870 1034 941 possidet
1062 867 1279 924 etclam.
1330 865 1407 919 De
1443 879 1552 934 quo
1580 864 1718 918 bene
1758 860 2044 915 subditur:
2075 858 2167 913 Ita-

570 966 773 1020 bentem
801 971 978 1033 portas
1004 959 1303 1014 duodecim.
1350 957 1457 1012 Per
1482 954 1764 1010 duodecim
1805 951 2003 1022 quippe
2031 966 2161 1021 por-

569 1063 655 1111 tas
701 1051 988 1109 duodecim
1027 1049 1407 1121 intelliguntur
1436 1044 1685 1130 apostoli.
1731 1041 1799 1096 Et
1835 1056 1933 1111 per
1961 1039 2163 1095 duode-

569 1150 675 1207 cim
706 1145 998 1218 apostolos,
1040 1144 1216 1199 omnis
1263 1142 1397 1196 ordo
1442 1139 1758 1199 doctorum,
1801 1149 1899 1205 per
1928 1148 2161 1202 quorum

566 1238 930 1295 ministerium:
972 1237 1240 1290 intramus
1275 1229 1589 1286 Ecclesiam.
1635 1226 1740 1297 Ipsi
1779 1226 1921 1281 enim
1945 1241 2046 1280 nos
2067 1225 2164 1280 ba-

565 1331 801 1403 ptizant,
825 1337 877 1383 et
900 1328 1157 1383 docentes
1178 1339 1275 1394 per
1298 1322 1457 1378 ﬁdem
1490 1318 1744 1375 Ecclesia:
1768 1317 1937 1388 portis
1967 1333 2067 1372 nos
2089 1316 2163 1371 in-

568 1423 882 1479 traducunt.
928 1419 1002 1473 De
1040 1417 1237 1488 quibus
1270 1414 1448 1469 adhuc
1467 1410 1803 1469 subinfertur
1831 1429 1843 1464 :
1868 1420 1916 1465 et
1942 1411 1996 1465 in
2039 1427 2162 1481 por-

566 1517 635 1571 tis
661 1514 876 1588 angelos
899 1513 1200 1567 duodecim.
1242 1509 1301 1564 Id
1344 1516 1427 1563 est
1452 1508 1508 1562 in
1555 1506 1817 1577 apostolis
1842 1520 2037 1561 omnes
2067 1505 2162 1560 do-

565 1618 747 1664 ctores
785 1604 1033 1673 subjecti,
1077 1603 1219 1657 sicut
1250 1608 1380 1655 sunt
1408 1599 1712 1670 presbyteri
1754 1606 1809 1653 et
1848 1596 2033 1652 eteteri
2062 1596 2157 1650 mi-

564 1699 718 1755 noris
762 1696 968 1753 ordinis
1015 1691 1272 1747 Ecclesia:
1300 1689 1611 1761 prtepositi:
1663 1689 1757 1758 qui
1803 1696 1857 1743 et
1885 1690 1930 1742 si
1966 1702 2160 1759 magna

564 1806 672 1845 non
723 1788 924 1851 valent,
971 1793 1151 1840 tamen
1206 1781 1419 1837 minora
1468 1794 1588 1851 qua:
1636 1786 1984 1849 accepemnt,
2017 1775 2160 1832 ﬁdeli

561 1878 759 1950 popqu
795 1877 1045 1932 nuntiare
1072 1890 1177 1929 non
1206 1872 1493 1928 desistunt.
1540 1871 1616 1925 De
1643 1868 1841 1939 quibus
1870 1869 1925 1923 in
1947 1867 2157 1924 Zacha-

560 1945 650 2027 ι’ξᾷ
666 1972 900 2040 legitur:
929 1968 1097 2023 Labia
1128 1965 1417 2022 sacerdotis
1440 1962 1741 2018 custodiunt
1781 1963 2075 2028 sctentiam,
2106 1971 2153 2016 et
2185 1945 2235 2007 Β

560 2066 722 2137 legem
771 2064 1042 2136 requirunt
1087 2078 1150 2116 ea:
1196 2076 1285 2113 ore
1324 2058 1477 2128 ejus,
1514 2057 1640 2128 quia
1686 2054 1901 2127 angelus
1947 2054 2161 2109 Domini

558 2155 881 2211 exercituum
925 2162 998 2208 est
1040 2149 1197 2221 (Mal.
1222 2149 1305 2221 ιι).
1362 2148 1419 2203 ln
1462 2147 1746 2203 duodecim
1796 2161 1929 2217 ergo
1964 2146 2157 2216 portis,

560 2246 846 2301 duodecim
894 2242 1071 2313 angeli
1119 2238 1457 2305 consistunt,
1507 2238 1635 2309 quia
1681 2238 1934 2293 doctores
1972 2237 2161 2293 Eccle-

559 2336 657 2391 sia:
702 2334 863 2389 ﬁdem
918 2341 975 2387 et
1018 2331 1245 2401 vestigia
1290 2329 1656 2400 apostolorum
1709 2336 2030 2399 sequuntur.
2087 2326 2160 2383 Et

558 2429 773 2484 nomina
798 2426 995 2496 scripta
1035 2441 1151 2496 qua:
1180 2432 1303 2478 sunt
1343 2424 1557 2477 nomina
1599 2422 1873 2476 duodecim
1927 2421 2158 2475 tribuum

557 2520 790 2592 filiorum
842 2517 1033 2574 Israel.
1090 2516 1258 2574 Filios
1304 2517 1471 2572 Israel
1515 2531 1622 2572 non
1666 2517 1929 2571 debemus
1962 2514 2158 2569 intelli-

556 2628 686 2685 gere
718 2610 1010 2667 carnaliter
1049 2608 1337 2664 duodecim
1378 2607 1519 2662 filios
1559 2606 1761 2673 Iacob,
1794 2622 2023 2676 quorum
2056 2605 2159 2660 fuit

557 2705 787 2775 reproba
815 2703 946 2766 vita,
980 2702 1122 2756 sicut
1150 2701 1430 2770 Scriptura
1472 2700 1802 2766 manifestat,
1847 2701 1941 2755 sed
1973 2709 2157 2770 patres

555 2794 848 2864 spiritales,
878 2808 945 2846 ex
984 2792 1100 2861 ejus
1134 2791 1393 2861 progenie
1419 2790 1832 2857 descendentes,
1874 2792 2016 2848 sicut
2055 2791 2157 2847 fuit

553 2888 740 2952 Isaias,
789 2885 1076 2951 Jeremias,
1102 2886 1393 2956 caeterique
1437 2886 1752 2956 prophetae,
1793 2902 2025 2956 quorum
2062 2902 2156 2941 no-

552 2980 698 3035 mina
738 2978 942 3047 scripta
985 2986 1111 3032 sunt
1153 2977 1207 3032 in
1251 2977 1443 3047 portis,
1491 2978 1618 3046 quia
1646 2978 1908 3033 memoria
1941 2977 2152 3033 illorum

553 3069 609 3125 in
638 3069 743 3126 ﬁde
777 3069 1086 3125 continetur
1113 3068 1501 3138 apostolorum.
1551 3067 1705 3135 Quod
1748 3069 1893 3124 enim
1938 3070 2027 3125 isti
2057 3086 2154 3126 an-

553 3160 803 3215 nuntiant
847 3161 1089 3223 factum,
1140 3158 1216 3214 illi
1266 3158 1637 3229 praedixerunt
1683 3158 1946 3215 futurum.
2014 3162 2151 3229 Quia

553 3264 682 3322 ergo
716 3250 906 3306 eadem
961 3266 1082 3321 quae
1126 3249 1200 3304 illi
1243 3250 1614 3320 praedixerunt
1644 3253 1988 3318 annuntiant,
2034 3269 2149 3310 me-

1035 474 1391 535 HAYMONIS
1426 466 1902 537 HALBERSTAT.
1947 464 2162 526 EPISC.
2201 458 2357 523 OPP.
2394 464 2579 523 PARS
2611 462 2746 522 l.-
2780 463 3139 524 COMMENT.
3176 465 3353 524 BIBL.

536 600 543 605 ‘
575 611 661 659 εει
688 600 793 655 iste
818 610 1025 659 murus,
1052 593 1180 664 quia
1226 591 1464 647 Ecclesia
1491 604 1558 644 ex
1582 588 1765 643 multis
1789 593 2002 642 constat
2024 582 2161 639 ﬁde—
2187 580 2242 643 Α
2265 581 3117 651 caeterorumqueprtedicatontm
3132 580 3335 647 edocti,
3351 580 3551 635 ﬁdem
3566 581 3909 638 διωκτό-

574 694 733 753 Iibus,
768 697 822 745 et
849 704 946 760 per
973 696 1207 759 quatuor
1230 684 1413 739 mundi
1448 682 1665 738 climata
1704 680 1981 735 dilatatur.
2008 675 2165 733 Altus
2264 674 2838 744 nitatisperceperunt.
2858 673 2923 728 Et
2939 673 3305 743 benequidem
3321 670 3903 743 primumaboricute

3796 465 3911 528 ιειι

2262 772 2433 835 porta:
2460 773 2589 829 tres,
2606 764 2803 820 deinde
2824 765 2891 819 ab
2906 764 3161 835 aquilone
3186 774 3781 828 commemorantur,
3800 768 3900 834 qua
3942 768 3943 805 ξ

2261 859 2412 925 prius
2450 854 2622 910 Judaei
2669 856 3049 922 crediderunt,
3093 856 3284 912 deinde
3313 854 3616 927 gentiles,
3653 856 3759 927 qui
3798 870 3897 913 ante

2263 957 2420 1003 erant
2440 948 2494 1003 in
2518 948 2793 1018 aquilone,
2825 951 2915 1020 qui
2941 959 3025 1005 est
3050 948 3445 1019 frigidissimus
3468 960 3545 1006 et
3580 952 3896 1007 durissima

2264 1046 2477 1105 ventus,
2535 1039 2799 1095 habentes
2834 1040 3105 1096 diabolum
3131 1082 3147 1107 ,
3183 1042 3278 1112 qui
3319 1041 3474 1097 dicit
3502 1059 3524 1096 :
3585 1037 3893 1098 Poma:-

2263 1130 2380 1186 dem
2428 1148 2599 1186 meam
2637 1134 2708 1186 ad
2761 1134 3079 1206 aquilonem.
3124 1166 3194 1176 -—
3228 1135 3295 1189 Et
3346 1136 3420 1190 ab
3479 1146 3701 1190 austro
3754 1151 3889 1206 parte

2263 1232 2387 1277 tres.
2437 1222 2538 1277 Per
2575 1232 2817 1279 austrum
2851 1226 3155 1281 claritatem
3185 1226 3310 1282 ﬁdei
3340 1226 3771 1297 intelligimus,
3793 1246 3885 1299 qn

2264 1314 2317 1369 in
2350 1323 2462 1370 toto
2490 1315 2624 1370 orbe
2645 1324 2913 1371 terrarum
2936 1317 3115 1372 lucet:
3146 1318 3275 1389 quia
3303 1318 3448 1373 dum
3488 1318 3589 1373 sol
3624 1319 3684 1373 in
3704 1334 3880 1386 austro,

2263 1407 2318 1462 id
2349 1417 2434 1464 est
2457 1409 2510 1463 in
2540 1409 2718 1466 medio
2751 1420 2938 1466 centro
2984 1411 3104 1465 caeli
3137 1412 3341 1483 ﬁgitur,
3390 1421 3604 1467 totum
3651 1416 3877 1470 mum

2262 1500 2552 1568 illuminat,
2576 1502 2890 1573 signiﬁcans
2923 1502 3220 1570 Christum,
3248 1505 3345 1575 qui
3396 1505 3553 1561 luce
3585 1505 3720 1562 ﬁdei
3740 1508 3871 1563 clari-

2263 1594 2392 1648 tatis
2419 1610 2532 1649 sua:
2570 1594 2841 1650 illuminat
2866 1597 3169 1651 universam
3203 1597 3564 1654 Ecclesiam.
3624 1601 3692 1655 In
3720 1614 3867 1657 ausus

2263 1684 2444 1756 itaque
2481 1695 2654 1757 portae
2706 1697 2819 1744 tres
2846 1698 2996 1767 sunt,
3042 1689 3171 1759 quia
3201 1688 3339 1745 ﬁdes
3376 1704 3619 1748 sancta:
3644 1694 3860 1751 Βατίεδῄ

2263 1777 2547 1847 splendore
2575 1789 2777 1835 sancta:
2812 1779 3095 1836 Trinitatis
3136 1781 3494 1837 illuminatur
3521 1784 3799 1856 baptizata
3824 1790 3857 1841 '-

2263 1870 2481 1924 nomine
2503 1869 2682 1926 Patris
2706 1880 2761 1925 et
2781 1870 2903 1927 Filii
2926 1882 2981 1928 et
3007 1872 3474 1944 Spiritussancti.
3507 1876 3586 1931 Et
3612 1878 3685 1931 οι
3705 1896 3856 1934 occsa

2261 1972 2427 2032 porttc
2447 1973 2571 2017 tres.
2618 1962 2723 2017 Per
2771 1978 3023 2019 occasum
3056 1964 3415 2021 novissimam
3446 1969 3859 2026 munditiam

2265 2056 2615 2126 accipiamus,
2647 2057 2700 2111 in
2732 2073 2838 2127 qua
2868 2074 2967 2130 per
2987 2058 3161 2114 Eliam
3187 2071 3246 2116 et
3269 2061 3492 2129 Enoch,
3543 2073 3857 2135 αιτιοι-ωηατ

2260 2148 2669 2218 praedicatores,
2694 2151 2883 2203 eadem
2907 2149 3043 2207 ﬁdes
3068 2161 3272 2208 sanctas
3299 2152 3599 2210 Trinitatis
3624 2171 3856 2226 perqua-

2262 2236 2608 2307 dripartitum
2635 2239 2823 2293 orbem
2855 2238 3204 2308 dilfuudetur,
3244 2240 3467 2299 Judaeos
3492 2256 3667 2315 atque
3687 2249 3852 2317 gaui-

2260 2330 2340 2387 les
2361 2333 2567 2403 pariter
2589 2333 2975 2404 complectens.
3005 2335 3381 2392 Duodenarius
3408 2338 3549 2392 enim
3585 2354 3854 2395 numerus

2259 2434 2562 2498 portarum,
2602 2429 2692 2497 qui
2724 2443 2822 2498 per
2842 2437 3074 2499 quatuor
3101 2431 3286 2485 mundi
3322 2441 3495 2501 partes
3521 2430 3628 2485 mh
3654 2441 3851 2489 terna-

2260 2515 2344 2570 rio
2364 2517 2859 2586 comprehenditur,
2907 2519 2976 2573 ad
3001 2520 3362 2576 ministerium
3384 2523 3623 2592 pertinet
3643 2526 3846 2581 duode-

2258 2605 2365 2661 cim
2405 2607 2794 2676 apostolorum,
2843 2624 2942 2680 per
2980 2627 3117 2682 quos
3168 2611 3304 2668 ﬁdes
3342 2623 3550 2669 sancta:
3578 2613 3848 2681 Trinitatis

2259 2711 2355 2767 per
2374 2698 2831 2770 quadripartitum
2858 2701 3045 2756 orbem
3071 2702 3265 2759 ditiusa
3304 2714 3416 2760 est.

2328 2788 2399 2844 Et
2439 2808 2623 2846 murus
2670 2792 2894 2847 civitatis
2928 2794 3123 2850 habens
3158 2796 3521 2864 fundamenta
3571 2801 3834 2854 duodecim.

2258 2880 2443 2938 Murus
2468 2883 2584 2954 ipsa
2612 2894 2698 2940 est
2732 2886 2946 2953 civitas,
2979 2904 3099 2958 quae
3147 2889 3318 2947 habet
3341 2894 3637 2950 duodecim
3677 2896 3831 2951 fanda-

2259 2983 2440 3030 menta
2468 3017 2484 3042 ,
2538 2977 2666 3049 quia
2717 2978 2774 3033 in
2824 2981 3188 3051 apostolorum
3239 2993 3303 3040 et
3346 2990 3730 3058 prophetarum
3756 2991 3831 3045 de

2257 3067 2431 3122 ctrina
2463 3069 2733 3124 consistit.
2763 3069 3003 3138 Quorum
3032 3072 3530 3135 fundamentorum
3561 3080 3827 3136 fundam-

2257 3168 2370 3214 tum
2395 3159 2644 3218 Christus
2668 3173 2752 3220 est
2769 3205 2784 3231 ,
2815 3165 2883 3220 de
2905 3182 3013 3238 quo
3057 3166 3256 3226 Paulus
3292 3171 3442 3229 dicit
3466 3193 3482 3226 :
3527 3173 3823 3229 Fat-dm

2256 3259 2368 3305 tum
2396 3251 2545 3305 aliud
2574 3270 2724 3308 nemo
2744 3266 2908 3325 potest
2936 3275 3128 3328 ponere
3155 3272 3355 3331 prteter
3378 3266 3443 3318 id
3473 3268 3615 3338 quod
3644 3270 3823 3333 ναίη-

553 3341 782 3396 moriam
810 3339 1021 3396 illorum
1065 3340 1121 3393 in
1153 3340 1268 3395 suis
1293 3340 1551 3396 cordibus
1592 3355 1651 3395 se
1677 3340 1880 3397 habere
1930 3343 2145 3398 insitam
2176 3329 2222 3393 C
2253 3350 2348 3408 est,
2407 3342 2548 3415 quod
2595 3354 2668 3399 est
2721 3343 2959 3402 Christus
3000 3329 3163 3405 Iesus
3212 3352 3266 3424 (Ι
3311 3353 3452 3409 Cor.
3486 3329 3605 3429 in).

553 3433 949 3489 demonstrant.
1000 3430 1128 3486 Sive
1162 3432 1327 3487 etiam
1380 3431 1436 3486 in
1485 3430 1769 3487 duodecim
1806 3432 1931 3488 ﬁliis
1984 3434 2151 3489 Israel

550 3541 838 3598 possumus
881 3525 1184 3596 intelligere
1210 3540 1401 3581 omnes
1430 3535 1653 3597 gentes,
1686 3526 1827 3582 sicut
1868 3528 1922 3582 in
1949 3528 2152 3584 duode—

552 3621 660 3676 cim
686 3618 944 3688 apostolis
990 3617 1344 3687 intelligimus
1363 3631 1580 3670 omnem
1622 3618 1865 3671 ordinem
1894 3619 2151 3687 praedica-

553 3721 754 3767 torum.
791 3710 848 3763 ln
876 3708 1156 3764 duodecim
1187 3720 1320 3776 ergo
1361 3706 1537 3777 portis
1585 3707 1805 3762 nomina
1860 3707 2148 3765 duodecim

552 3802 786 3859 ﬁliorum
810 3798 976 3854 Israel
1013 3798 1214 3867 scripta
1236 3805 1384 3862 sunt,
1414 3797 1542 3867 quia
1572 3796 1627 3852 in
1651 3797 1757 3853 ﬁde
1778 3806 1836 3854 et
1858 3798 2150 3855 dilectione

551 3892 941 3964 apostolorum,
967 3905 1158 3947 omnes
1201 3897 1392 3961 gentes
1416 3890 1745 3945 consistunt.
1780 3889 1919 3946 Hinc
1948 3891 2146 3949 Paulus

551 3986 722 4042 dicit:
771 3981 1012 4054 Epistola
1044 3991 1225 4037 nostra
1274 3998 1361 4036 vos
1385 3980 1508 4036 estis
1555 3983 1752 4054 scripta
1797 3983 1854 4038 in
1902 3985 2147 4040 cordibus

553 4074 743 4128 nostris
771 4071 857 4145 (II
886 4070 1013 4128 Cor.
1038 4069 1145 4143 tn).
1164 4070 1242 4125 Ab
1268 4072 1465 4126 oriente
1489 4080 1657 4139 porta:
1686 4081 1809 4128 tres.
1839 4074 1945 4129 Per
1966 4076 2146 4130 orien-

549 4173 660 4222 tem
690 4162 919 4234 populus
945 4161 1265 4232 intelligitur
1288 4160 1619 4229 Iudaeorum,
1651 4162 1718 4216 de
1743 4178 1851 4233 quo
1893 4164 2145 4222 Christus

550 4265 636 4312 est
678 4264 902 4311 exortus
953 4255 1045 4326 qui
1095 4263 1179 4311 est
1225 4269 1388 4310 verus
1443 4255 1523 4310 sol
1557 4253 1785 4325 iustitiae
1836 4257 2143 4315 illuminans

549 4345 713 4404 corda
746 4345 1106 4402 credentium.
1153 4344 1229 4401 lbi
1265 4346 1411 4400 enim
1449 4345 1669 4402 fuerunt
1710 4348 1945 4417 primum
1973 4359 2144 4420 portae

549 4448 683 4506 tres,
712 4439 816 4494 hoc
839 4446 923 4493 est
951 4437 1085 4494 ﬁdes
1108 4446 1312 4492 sanctae
1337 4435 1622 4494 Trinitatis
1641 4479 1657 4505 ,
1687 4439 1740 4494 in
1767 4440 1872 4496 illis
1904 4442 2139 4510 primum

549 4532 867 4589 annuntiata
895 4538 980 4586 est
1016 4547 1046 4584 a
1068 4531 1350 4601 prophetis
1373 4538 1427 4585 et
1452 4531 1664 4587 caeteris
1684 4531 1877 4603 justis,
1923 4536 2014 4605 qui
2043 4551 2144 4607 per

500 4694 503 4699 Γ
549 4624 813 4695 Spiritum
854 4621 1169 4686 illuminati,
1197 4621 1355 4676 ﬁdem
1389 4629 1591 4677 sancta:
1635 4620 1916 4680 Trinitatis
1943 4642 2142 4697 cogno-

498 4694 506 4725 λ
547 4687 764 4781 verunt,
815 4713 960 4768 unde
1004 4712 1169 4768 Isaias
1196 4713 1327 4769 dicit
1373 4715 1591 4771 audisse
1628 4731 1687 4772 se
1721 4687 2221 4775 cherubimvcla-D

549 4808 754 4863 mantia
777 4824 791 4861 :
818 4805 1068 4870 Sanctus,
1092 4817 1325 4872 sanctus,
1353 4819 1567 4863 sanctus
1597 4807 1735 4880 (Isa.
1761 4808 1857 4883 tv).
1881 4810 1987 4865 Sed
2009 4813 2138 4880 quia

547 4900 602 4954 iu
647 4899 893 4954 trinitate
939 4913 1295 4970 personarum
1341 4898 1663 4970 intelligitur
1710 4917 1815 4955 una
1861 4902 2136 4972 majestas,

544 5006 670 5045 cum
709 4989 994 5061 pluraliter
1018 4991 1429 5061 praemisissent,
1464 4991 1713 5057 Sanctus,
1745 5005 1980 5060 sanctus,
2023 5013 2142 5050 san-

544 5095 679 5148 ctus,
736 5084 1003 5138 unitatem
1053 5084 1369 5140 substantiae
1422 5086 1766 5142 attendentes
1819 5086 2138 5159 adjuugunt,

544 5176 805 5231 Dominus
821 5173 960 5229 Deus
977 5176 1215 5231 subaotlt.
1243 5176 1507 5232 Similiter
1521 5188 1575 5233 et
1594 5178 1881 5234 Psalmista
1903 5182 2140 5250 puemit-

544 5279 703 5325 tens:
728 5267 1021 5325 Beuedicat
1042 5286 1140 5325 nos
1168 5270 1311 5326 Deus
1338 5270 1523 5337 Pater,
1550 5272 1839 5329 benedicat
1870 5289 1968 5329 nos
1995 5275 2138 5329 Deus

543 5360 584 5417 F
590 5361 736 5428 ilius,
761 5361 1044 5418 benedicat
1056 5377 1154 5416 nos
1171 5362 1310 5417 Deus
1326 5364 1559 5434 Spiritus
1573 5376 1813 5431 sanctus,
1840 5366 2137 5423 trinitatem

543 5470 901 5527 personarum
928 5457 1194 5512 convertit
1208 5456 1274 5510 ad
1296 5458 1557 5512 unitatem
1582 5458 1901 5531 majestatis,
1917 5462 2138 5516 dicens:

541 5545 612 5602 Et
653 5556 887 5602 metuant
936 5563 1055 5601 eum
1100 5564 1277 5603 omnes
1316 5548 1449 5618 ﬁnes
1496 5559 1650 5605 teme
1709 5546 1902 5621 (Psal.
1944 5553 2131 5625 LXVI).

543 5634 619 5689 Ab
659 5636 903 5708 aquilone
929 5646 1095 5707 portae
1124 5647 1250 5692 tres.
1299 5636 1404 5694 Per
1432 5639 1739 5710 aquilonem
1763 5640 2135 5714 intelliguntur

545 5729 793 5797 gentiles,
827 5731 883 5788 in
927 5730 1100 5803 ﬁgura
1132 5732 1486 5801 inﬁdelitatis,
1513 5741 1568 5791 et
1599 5735 1921 5807 ignorantia:
1943 5740 2131 5809 positi,

545 5816 686 5872 sicut
740 5819 959 5879 fuerunt
1003 5832 1186 5894 patres
1218 5825 1410 5891 nostri.
1438 5824 1514 5880 Ibi
1550 5840 1764 5896 quoque
1813 5838 1937 5883 sunt
1961 5840 2133 5901 portae

548 5912 696 5974 tres,
738 5910 867 5979 quia
899 5921 956 5970 ct
999 5915 1227 5984 gentiles
1276 5931 1372 5986 per
1417 5917 1725 5975 doctrinam
1763 5919 2130 5992 apostolorum

2254 3432 2400 3487 enim
2458 3435 2807 3506 singulariter
2867 3437 3282 3497 fundamentum
3340 3449 3697 3509 enuntiatur,
3736 3450 3822 3518 ipse

2253 3526 2506 3585 Christus
2558 3529 2898 3602 intelligitur,
2944 3549 3108 3605 super
3160 3552 3331 3607 quem
3364 3544 3565 3598 omnis
3588 3543 3815 3598 aediﬁcati-

2251 3622 2509 3677 Ecclesia:
2552 3626 2900 3682 constituitur
2933 3646 2947 3682 :
2979 3628 3207 3696 Quando
3231 3634 3387 3688 enim
3430 3637 3715 3705 pluralita,
3745 3653 3815 3708 pa-

2254 3714 2530 3782 triarchae,
2557 3718 2810 3786 apostoli,
2858 3722 3149 3791 ceterique
3198 3723 3495 3782 doctores.
3526 3728 3675 3784 Unde
3712 3729 3817 3781 idea

2250 3805 2541 3877 Apostolus
2571 3809 2740 3865 dicit:
2793 3808 2919 3865 lum
2951 3829 3056 3867 non
3092 3816 3219 3869 estis
3244 3819 3500 3889 hospites
3550 3831 3600 3875 et
3635 3821 3817 3879 δέκα.

2249 3901 2340 3952 sed
2366 3900 2490 3953 estis
2511 3900 2643 3955 cives
2671 3911 2972 3957 sanctorum
2997 3914 3045 3958 et
3065 3904 3347 3960 domestici
3386 3907 3501 3965 Dei
3541 3909 3821 3983 “perdif-

2249 3991 2355 4046 cati
2374 4009 2530 4063 super
2560 3993 2963 4063 fundamentum
3001 3996 3368 4066 apostolorum
3392 4010 3453 4055 et
3500 4005 3824 4073 prophetam

2250 4081 2464 4154 (Ep/tes.
2497 4085 2581 4157 tt).
2631 4084 2723 4141 Sic
2762 4101 2893 4158 ergo
2939 4088 3357 4145 fundamentum
3384 4094 3631 4164 apostoli
3655 4094 3823 4151 cateri-

2247 4187 2355 4244 que
2379 4175 2629 4232 doctores
2658 4177 3051 4251 intelliguntur,
3089 4181 3147 4236 in
3174 4198 3281 4238 uno
3314 4182 3686 4243 fundamento
3706 4185 3827 4245 Chli-

2246 4276 2334 4323 sto
2361 4266 2604 4337 fundati;
2651 4270 2767 4341 ipse
2793 4272 2940 4327 enim
2967 4281 3051 4330 est
3084 4273 3521 4333 fundamentum
3550 4279 3827 4334 fundam-

2246 4369 2448 4431 torum,
2493 4363 2633 4420 sicut
2657 4372 2743 4420 est
2780 4364 2894 4421 Rex
2939 4380 3127 4437 regum
3162 4376 3220 4423 et
3262 4367 3555 4429 Dominus
3591 4374 3830 4429 dominas-

2244 4450 2401 4508 tium.
2441 4452 2524 4509 Ad
2550 4454 2655 4510 hoc
2677 4455 2821 4510 enim
2852 4455 3088 4528 pertinet
3119 4459 3265 4529 quod
3316 4462 3530 4531 etiam,
3581 4463 3828 4521 nominatis

2246 4542 2633 4611 fundamentis,
2661 4550 2783 4620 agni
2816 4565 3015 4605 nomen
3042 4565 3149 4607 non
3176 4552 3355 4621 siluit,
3400 4556 3510 4612 sed
3555 4559 3671 4613 ait:
3713 4554 3768 4611 Et
3789 4558 3827 4607 is

2243 4637 2372 4707 ipsis
2398 4638 2671 4692 duodecim
2697 4642 2908 4694 nomina
2936 4641 3210 4698 duodecim
3237 4646 3629 4715 apostolorum
3649 4659 3696 4703 et
3719 4648 3825 4718 agri.

2245 4729 2311 4784 Et
2339 4729 2393 4784 in
2425 4730 2555 4800 ipsis
2583 4730 2974 4802 fundamentis,
3018 4736 3121 4794 hoc
3164 4747 3249 4794 est
3293 4726 3351 4794 in
3382 4739 3505 4798 ﬁde
3528 4742 3829 4814 patriarch-

2245 4838 2365 4877 rum
2393 4829 2450 4877 et
2478 4818 2869 4894 apostolorum,
2899 4827 3117 4883 nomina
3138 4829 3428 4887 duodecim
3462 4839 3827 4907 apostolum.

2244 4914 2371 4986 quia
2404 4915 2656 4973 videlicet
2691 4919 2938 4989 quisquis
2964 4921 3017 4974 in
3047 4920 3287 4977 Ecclesia
3314 4925 3585 4995 reginem
3621 4927 3830 4997 cuspidi-

2242 5006 2421 5062 locum
2468 5010 2834 5078 apostolorum
2885 5020 3069 5079 tenet,
3145 5030 3377 5084 quorum
3431 5018 3750 5075 doctrinam
3793 5028 3836 5070 rt

2244 5106 2397 5154 actus
2421 5099 2682 5155 imitatur.
2714 5101 2780 5156 Et
2800 5110 2860 5156 ut
2878 5104 3176 5162 absolutius
3194 5107 3299 5163 hoc
3320 5108 3418 5173 sit,
3450 5111 3718 5167 dicamus
3739 5110 3835 5166 fon-

2243 5191 2517 5259 damenta,
2558 5192 2897 5262 patriarchas
2924 5210 3046 5251 esse
3094 5205 3149 5252 et
3193 5199 3524 5270 prophetas,
3581 5204 3640 5259 in
3669 5204 3835 5274 quibs

2238 5284 2460 5339 nomina
2516 5284 2799 5340 duodecim
2863 5287 3226 5359 apostolorum
3273 5301 3436 5357 sunt,
3503 5297 3647 5368 quia
3698 5297 3833 5352 ﬁdem

2242 5388 2406 5444 quam
2456 5383 2816 5445 perceperunt
2862 5378 3127 5450 apostoli,
3173 5382 3489 5440 habuerunt
3548 5398 3613 5445 et
3654 5389 3837 5444 illi:et

2241 5480 2400 5536 quem
2430 5466 2519 5522 isti
2544 5467 2893 5525 crediderunt
2930 5472 2985 5526 in
3014 5487 3178 5527 carne
3205 5476 3443 5542 venisse,
3469 5477 3559 5535 illi
3600 5497 3837 5552 prmana-

2240 5556 2516 5613 tiaverunt
2554 5568 2858 5616 venturum.
2910 5560 3050 5619 Hinc
3079 5563 3360 5621 Psalmista
3387 5569 3574 5625 dicit:
3631 5572 3838 5627 Fude-

2237 5660 2413 5704 menta
2441 5650 2557 5721 ejus
2582 5651 2637 5705 in
2660 5652 2926 5708 montibus
2952 5658 3147 5710 sanctis
3187 5657 3358 5728 (Psal.
3385 5665 3655 5735 Luxrt).
3700 5662 3836 5721 Iol-

2237 5749 2320 5796 tes
2349 5742 2548 5813 quippe
2570 5742 2671 5814 ipsi
2700 5753 2829 5800 sunt
2866 5747 3194 5817 patriarchae
3240 5757 3297 5806 et
3323 5753 3642 5825 prophetae,
3690 5770 3836 5828 sapa

2235 5846 2371 5903 quos
2402 5832 2537 5890 Novi
2568 5833 2900 5894 Testamenti
2929 5838 3178 5898 docmres
3224 5841 3559 5915 fundantur,
3586 5850 3724 5920 quia
3752 5862 3833 5905 ω·

2236 5941 2358 5983 rum
2384 5926 2545 5985 ﬁdem
2569 5927 2871 5988 imitantur.
2905 5929 3212 6002 Tanquam,
3260 5934 3477 5995 scilicet
3500 5938 3834 6000 fin-dum-

3344 6448 3372 6456 -ε
3440 6450 3488 6456 ~—-
3562 6452 3600 6456 ὴ-
3680 6453 3708 6456 -
3770 6445 3904 6456 -ιή
