3972 6502
180 477 326 539 ηθί

1115 479 1479 540 nxrosmo
1514 432 2118 536 lN-APOCALYPSIN.
2160 511 2231 523 .—
2271 480 2399 537 ιλιι.
2442 481 2552 536 vn.

3348 488 3483 544 1‘20‘2

178 602 313 650 tum
339 610 503 668 super
549 594 918 663 fundamenta,
973 597 1097 666 quia
1140 603 1197 651 et
1230 594 1333 666 ipsi
1362 603 1573 651 montes
1595 591 1783 648 fundaa
1811 594 1862 655 Α
1886 602 2040 662 parte
2063 594 2285 664 aequalis
2310 606 2410 650 est.
2449 594 2625 651 Tanta
2652 605 2733 649 est
2757 598 2941 667 itaque
2971 597 3250 671 longitudo
3278 612 3484 673 quanta

180 695 380 746 menta
406 702 526 744 esse
549 698 866 744 noscuntur.

261 778 339 836 Et
391 781 487 853 qui
537 780 846 852 loquebatur
893 797 1097 837 mecum
1121 821 1139 848 ,
1198 780 1420 835 habebat
1484 793 1785 833 mensuram

180 872 543 928 arundineam
586 885 822 940 auream;
866 884 925 928 ut
952 874 1222 928 metiretur
1242 873 1521 927 civitatem.
1565 868 1663 924 Hic
1688 884 1786 923 an-

180 963 345 1033 gelus
372 972 556 1035 typum
586 962 681 1018 lllii
708 964 802 1020 Dei
832 964 1067 1030 tenebat,
1091 965 1217 1035 quia
1240 964 1423 1019 omnia
1447 977 1702 1017 mensura
1729 970 1785 1017 et

181 1068 421 1109 numero
446 1054 701 1124 disponit.
744 1054 877 1109 Nam
906 1069 1005 1127 per
1029 1054 1380 1118 arundinem,
1426 1052 1663 1109 divinam
1690 1052 1785 1106 de-

179 1142 385 1199 bemus
430 1143 727 1226 intelligere
768 1146 1239 1216 praedicationem;
1287 1144 1412 1215 quia
1441 1144 1584 1199 enim
1613 1159 1780 1198 arun-

184 1236 324 1309 dine
353 1238 630 1304 scribitur,
661 1248 807 1294 recte
834 1253 932 1308 per
964 1237 1285 1295 arundinem
1339 1236 1618 1307 Scriptura
1657 1253 1781 1292 san-

180 1343 277 1389 eta
310 1334 647 1407 intelligitur.
677 1336 747 1392 ab
783 1334 1048 1390 eﬁicieute
1080 1334 1332 1389 videlicet
1356 1333 1484 1388 illud
1514 1334 1656 1404 quod
1702 1333 1781 1390 ef-

181 1424 391 1481 ﬁcitur.
442 1426 553 1482 Hac
587 1427 767 1497 itaque
810 1425 1093 1491 arundine,
1132 1424 1183 1479 id
1212 1432 1298 1480 est
1334 1425 1519 1480 divino
1564 1425 1779 1494 eloquio

180 1517 362 1588 tangit
391 1528 447 1572 et
478 1517 743 1573 illuminat
778 1518 922 1573 Deus
948 1517 1113 1572 corda
1152 1516 1413 1583 ﬁdelium,
1453 1517 1634 1587 ibique
1658 1533 1780 1589 per-

175 1610 375 1678 pendit
399 1619 453 1664 et
481 1611 701 1666 metitur
729 1609 870 1665 facta
898 1609 1235 1681 singulorum
1266 1620 1430 1680 atque
1456 1609 1733 1681 profectus
1758 1628 1773 1665 :

179 1699 315 1753 dum
340 1701 430 1755 alii
463 1701 652 1756 tribuit
675 1716 981 1757 sermonem
1006 1701 1306 1769 sapientiae,
1339 1701 1428 1756 alii
1455 1716 1653 1771 genera
1681 1702 1777 1756 lin-

176 1807 412 1862 guarum
440 1802 546 1847 etc.
572 1792 703 1861 Quae
738 1807 991 1847 mensura
1019 1793 1318 1847 arundinea
1343 1808 1507 1847 aurea
1556 1793 1773 1859 dicitur,

173 1893 403 1954 propter
440 1884 742 1940 claritatem
786 1885 979 1940 divinat
1010 1885 1309 1954 sapientite,
1340 1901 1463 1955 qua:
1491 1886 1544 1940 in
1575 1885 1773 1955 pleris-

1888 693 1945 739 et
1974 684 2240 742 latitudo:
2287 688 2419 757 quia
2459 696 2664 758 quanta
2713 699 2798 744 est
2843 689 2999 758 ﬁdes,
3048 699 3196 747 tanta
3224 702 3309 748 est
3331 708 3478 766 spes,

1890 783 2038 830 tanta
2062 776 2324 845 cbaritas,
2362 787 2511 836 tanta
2529 780 2898 840 .nibilominus
2922 790 2980 837 et
3003 785 3266 853 operatio.
3299 786 3486 855 Quan—

1888 874 2002 921 tum
2031 867 2176 922 enim
2220 870 2514 937 credimus,
2566 880 2775 927 tantum
2818 888 3088 959 amamus,
3134 886 3191 931 et
3215 887 3480 948 quantum

1885 964 2152 1026 amamus,
2182 968 2392 1017 tantum
2438 965 2506 1019 de
2532 980 2627 1036 spe
2671 969 3085 1036 praesumimus;
3134 978 3190 1024 et
3217 970 3273 1025 in
3314 987 3481 1043 quan-

1885 1058 1999 1104 tum
2041 1067 2139 1121 per
2167 1067 2318 1123 spem
2348 1053 2417 1108 ad
2441 1069 2673 1124 superna
2724 1058 3005 1128 erigimur,
3037 1067 3244 1113 tantum
3276 1077 3376 1132 per
3399 1062 3483 1118 di-

1882 1141 2172 1200 lectionem
2192 1144 2340 1200 circa
2365 1145 2530 1201 Deum
2558 1156 2611 1200 et
2633 1148 2938 1216 proximum
2967 1150 3334 1217 extendimur,
3363 1161 3481 1209 tan-

1883 1241 2107 1305 tumque
2146 1236 2316 1306 ipsam
2355 1235 2544 1301 ﬁdem,
2594 1253 2745 1307 spem
2772 1247 2828 1293 et
2873 1240 3194 1294 cbaritatem
3222 1243 3478 1313 operibus

1881 1339 2149 1380 exornare
2196 1326 2497 1382 studemus.
2557 1326 2819 1383 Similiter
2858 1332 3234 1402 unusquisque
3267 1340 3479 1389 tantum
3518 1384 3529 1391 .

1880 1419 2119 1491 prudens
2166 1430 2283 1486 est,
2331 1431 2593 1490 quantum
2640 1430 2968 1492 temperans,
3001 1422 3157 1479 fortis
3197 1430 3243 1479 et
3275 1423 3477 1494 justus.

1882 1510 2114 1566 Tantum
2146 1520 2473 1583 temperans,
2523 1522 2782 1582 quantum
2826 1514 3063 1583 prudens
3126 1516 3282 1572 fortis
3318 1515 3476 1585 etju-

1878 1612 2015 1659 stus.
2068 1604 2300 1660 Tantum
2344 1604 2519 1671 fortis,
2567 1613 2828 1675 quantum
2877 1606 3135 1676 prudens,
3166 1618 3477 1680 temperans

1877 1707 1933 1751 et
1954 1695 2153 1765 justus.
2189 1697 2421 1753 Tantum
2441 1697 2651 1768 justus,
2678 1707 2937 1768 quantum
2970 1702 3229 1770 prudens,
3267 1711 3475 1773 tempe-

1878 1806 2026 1858 rans,
2067 1792 2223 1848 fortis
2252 1791 2432 1849 fuerit.
2478 1792 2543 1846 Et
2579 1808 2786 1847 mensus
2814 1801 2888 1845 est
2923 1792 3181 1847 civitatem
3224 1793 3288 1846 de
3312 1810 3477 1847 arun-

1876 1882 1998 1937 dine
2023 1902 2185 1939 aurea
2225 1903 2316 1955 per
2348 1886 2522 1940 stadia
2568 1884 2843 1938 duodecim
2894 1884 3081 1938 millia.
3136 1884 3254 1939 Jam
3284 1885 3476 1941 civitas

175 1989 287 2043 que
317 1974 450 2030 locis
477 1991 610 2030 auro
643 1976 925 2045 ﬁguratur.
959 1974 1107 2031 Unde
1136 1984 1251 2041 est;
1300 1975 1529 2045 Accipite
1566 1977 1773 2046 sapien-
1803 1966 1850 2026 B
1877 1973 2119 2029 Ecclesia
2179 1975 2518 2047 intelligitur,
2572 1976 2778 2029 arundo
2825 1962 3072 2031 doctrina
3139 1976 3470 2049 evangelica.

173 2064 309 2117 tiam
348 2066 482 2119 sicut
512 2081 722 2119 aurum.
760 2064 873 2120 Hac
923 2065 1105 2135 itaque
1129 2064 1409 2136 {arundine
1438 2067 1660 2123 metitur
1690 2070 1770 2124 ci-

173 2156 437 2223 vitatem,
474 2156 528 2212 id
576 2169 659 2214 est
708 2159 1069 2214 universalem
1114 2159 1433 2216 Ecclesium.
1480 2161 1550 2215 Et
1593 2174 1773 2233 portas

173 2248 291 2318 ejus
312 2290 329 2316 ,
360 2249 410 2305 id
435 2260 521 2306 est
546 2252 796 2307 doctores
821 2261 878 2307 et
914 2252 1231 2322 prmpositos
1254 2253 1531 2310 Ecclesiae.
1563 2254 1631 2308 Et
1661 2272 1774 2309 mu-

174 2354 316 2399 rum,
364 2339 619 2407 civitatis,
668 2341 725 2395 in
758 2356 867 2412 quo
893 2342 1029 2397 nihil
1058 2342 1206 2399 aliud
1231 2358 1396 2415 quam
1439 2344 1555 2415 ipsa
1580 2345 1771 2403 civitas

178 2428 455 2500 intelligit.

246 2518 314 2573 Et
351 2522 531 2576 civitas
552 2523 606 2577 in
630 2523 831 2594 quadra
854 2525 1023 2594 posita
1046 2534 1142 2580 est.
1196 2525 1253 2580 in
1279 2527 1542 2597 quadrata
1571 2528 1768 2598 ﬁgura,

172 2627 283 2667 non
314 2611 458 2667 aliud
484 2611 628 2669 latus
649 2613 823 2683 majus
855 2627 959 2682 est,
1007 2617 1154 2674 aliud
1205 2618 1405 2686 minus,
1448 2621 1543 2675 sed
1573 2630 1768 2677 cuncta

174 2703 335 2761 simul
377 2713 613 2775 quatuor
637 2705 841 2773 latera,
881 2709 1074 2777 aequali
1105 2710 1283 2780 spatio
1311 2712 1625 2767 tenduntur.
1662 2713 1770 2770 Per

172 2797 290 2852 htec
343 2806 524 2853 autem
582 2806 818 2869 quatuor
867 2799 1081 2867 latera,
1136 2802 1392 2857 debemus
1444 2804 1766 2875 intelligere,

173 2905 357 2960 spem,
422 2890 621 2959 ﬁdem,
669 2892 991 2947 charitatem
1064 2902 1120 2948 et
1176 2895 1590 2964 operationem,
1648 2912 1768 2967 quae

173 2982 402 3053 aequalia
431 2994 589 3040 sunt:
619 2988 747 3057 quia
777 2988 1147 3058 unusquisque
1168 2987 1346 3045 ﬁdelis
1368 2999 1629 3059 quantum
1655 3005 1768 3048 cre-

173 3075 254 3129 dit
284 3084 490 3131 tantum
520 3087 721 3148 sperat,
756 3088 962 3135 tantum
992 3092 1140 3136 atnat
1160 3090 1217 3136 et
1243 3091 1517 3152 operatur.
1564 3082 1766 3140 Simili-

175 3174 261 3220 ter
281 3176 540 3237 quantum
568 3179 771 3240 sperat,
822 3179 1030 3226 tantum
1056 3174 1248 3237 credit,
1282 3182 1489 3230 tantum
1537 3185 1682 3232 amat
1713 3184 1768 3235 et

172 3265 448 3326 operatur.
502 3258 742 3328 Iterum,
796 3270 1003 3317 tantum
1058 3271 1207 3318 amat
1252 3273 1514 3334 quantum
1552 3267 1760 3335 credit,

174 3357 433 3419 quantum
467 3361 684 3422 sperat,
721 3363 983 3424 quantum
1004 3365 1279 3426 Operatur.
1311 3356 1545 3414 Tantum
1567 3375 1763 3431 opera-

175 3447 261 3493 tur
277 3450 539 3510 quantum
570 3444 764 3510 credit,
785 3456 1045 3515 quantum
1068 3456 1236 3512 amat,
1263 3458 1525 3518 quantum
1555 3460 1760 3523 sperat.

172 3530 315 3587 Bene
345 3544 525 3590 autem
553 3534 794 3592 Ecclesia
825 3538 878 3592 in
904 3539 1114 3608 quadro
1144 3541 1319 3611 posita
1344 3556 1465 3597 esse
1494 3558 1763 3599 memora-

174 3632 280 3690 tur,
296 3627 423 3697 quia
445 3638 529 3683 est
557 3630 776 3686 robusta
798 3646 896 3702 per
919 3633 1100 3697 ﬁdem,
1122 3633 1443 3706 longanimis
1468 3650 1565 3705 per
1585 3652 1756 3706 spem,

171 3718 343 3787 ampla
374 3734 471 3788 per
496 3721 836 3786 charitatem,
884 3723 1073 3780 efﬁcax
1102 3742 1200 3795 per
1225 3728 1617 3796 operationem.
1647 3729 1759 3785 lia-

169 3808 299 3862 bent
356 3810 520 3862 etiam
575 3810 769 3880 singuli
834 3812 1073 3866 ﬁdelium
1133 3815 1334 3881 ﬁdem,
1389 3831 1493 3885 qua
1531 3819 1760 3874 credunt

168 3916 290 3971 quae
335 3901 517 3956 videre
568 3917 675 3957 non
717 3913 959 3973 possunt,
1012 3904 1179 3959 Deum
1221 3906 1431 3961 scilicet
1457 3908 1658 3963 trinum
1705 3910 1759 3964 in

165 3995 412 4066 personis
433 4002 487 4049 et
515 4011 680 4050 unum
705 3995 759 4051 in
782 3996 1084 4067 majestate.
1117 3996 1401 4053 Habentet
1433 4013 1605 4069 spem,
1635 4001 1761 4070 quia

171 4097 387 4158 sperant
416 4103 572 4157 pose
619 4103 678 4144 se
723 4088 1031 4159 pertingere
1064 4089 1131 4144 ad
1184 4088 1314 4145 illud
1358 4092 1501 4161 quod
1528 4094 1760 4148 necdum

167 4180 364 4235 vident.
422 4179 634 4235 Habent
678 4195 893 4251 quoque
934 4181 1291 4247 charitatem,
1340 4181 1394 4235 id
1443 4191 1527 4237 est
1572 4182 1668 4238 Dei
1705 4194 1763 4240 et

168 4272 395 4342 proximi
419 4271 782 4327 dilectionem.
831 4270 1037 4338 Quibus
1080 4271 1398 4338 virtutibus,
1429 4280 1486 4326 ut
1514 4272 1755 4343 perfecta

171 4362 238 4416 sit
262 4363 371 4415 vita
393 4360 608 4418 illorum
627 4401 643 4426 ,
688 4359 1001 4433 adjungitur
1030 4362 1298 4431 operatio,
1326 4363 1444 4417 sine
1491 4379 1596 4433 qua
1624 4364 1758 4421 ﬁdes

170 4462 376 4508 mortua
404 4461 506 4512 est,
546 4453 687 4508 unde
713 4451 949 4509 Iacobus
975 4455 1252 4525 apostolus
1276 4472 1292 4511 :
1324 4453 1486 4511 Fides
1508 4457 1622 4512 sine
1642 4475 1758 4528 ope-

170 4544 307 4597 ribus
351 4544 525 4598 otiosa
569 4550 653 4598 est
693 4542 831 4612 (Jac.
875 4544 954 4615 tt).
1016 4545 1141 4599 Sive
1167 4544 1331 4599 etiam
1381 4562 1480 4616 per
1523 4557 1758 4617 quatuor

168 4634 332 4689 latera
373 4634 628 4701 civitatis,
659 4650 949 4705 possumus
974 4635 1276 4708 intelligere
1316 4647 1550 4707 quatuor
1580 4639 1752 4694 virtu-

170 4736 244 4783 tes
264 4726 607 4798 principales,
635 4732 973 4799 prudentiam
997 4733 1282 4799 videlicet,
1316 4737 1750 4806 temperantiam,

169 4819 532 4883 fortitudinem
572 4827 733 4891 atque
771 4819 1060 4890 justitiam.
1104 4823 1233 4891 Qua:
1281 4826 1353 4879 ita
1385 4826 1582 4881 debent
1630 4842 1753 4883 esse

168 4911 221 4967 in
245 4911 451 4976 electis,
491 4920 553 4966 ut
593 4926 700 4966 una
725 4912 951 4968 alteram
1003 4930 1109 4968 non
1159 4917 1406 4971 excedat.
1456 4906 1752 4973 Prudentia

169 5006 357 5077 quippe
399 5014 482 5062 est
513 5006 739 5062 scientia
774 5007 826 5061 in
871 5008 1187 5078 appetendis
1232 5010 1386 5065 bonis
1421 5020 1478 5065 et
1518 5012 1752 5068 vitandis

167 5097 335 5155 malis.
390 5096 488 5154 Cui
514 5098 674 5154 debet
699 5097 953 5169 conjungi
999 5114 1094 5155 seu
1141 5101 1411 5172 co:equari
1445 5112 1750 5173 temperau-

168 5188 255 5251 tia,
299 5188 423 5259 quia
466 5204 572 5244 non
624 5198 709 5246 est
750 5189 991 5262 perfecta
1036 5190 1321 5261 prudentia
1347 5232 1363 5259 ,
1394 5192 1496 5247 nisi
1539 5194 1753 5251 studeat

167 5283 323 5340 homo
380 5284 728 5357 semetipsum
782 5296 1088 5361 temperare
1112 5327 1129 5352 ,
1188 5295 1244 5342 et
1293 5302 1325 5342 a
1386 5288 1753 5368 voluptatibus

168 5374 317 5431 istius
357 5376 541 5431 saeculi
599 5379 897 5435 retrahere.
943 5378 1096 5447 Quod
1149 5394 1273 5436 eum
1320 5379 1549 5449 fecerit,
1591 5382 1754 5439 debet

168 5468 363 5525 habere
386 5467 776 5533 fortitudinem,
810 5479 867 5525 ut
894 5471 1020 5527 illud
1068 5473 1218 5545 quod
1266 5473 1537 5547 intelligit,
1585 5491 1750 5547 opere

166 5559 424 5632 perﬁciat.
467 5560 669 5617 Deinde
710 5561 875 5616 etiam
923 5564 1082 5619 debet
1140 5565 1419 5634 possidere
1459 5567 1749 5637 justitiam,

168 5664 426 5726 quatenus
451 5662 608 5709 actus
659 5668 788 5711 suos
836 5654 910 5708 ita
945 5664 1243 5726 temperet,
1288 5674 1359 5713 ne
1386 5659 1548 5713 nimis
1570 5659 1753 5731 justus

169 5756 222 5804 et
245 5746 524 5819 plusquam
553 5756 803 5817 oporteat
838 5746 1057 5819 sapiens
1096 5748 1197 5804 sibi
1244 5750 1509 5806 videatur.
1551 5748 1752 5822 Longi-

170 5843 290 5899 tudo
324 5839 436 5911 ejus
466 5848 613 5894 tanta
642 5849 733 5895 est.
756 5848 952 5911 quanta
980 5850 1029 5895 et
1067 5839 1311 5898 latitudo.
1356 5841 1574 5913 Repetit
1605 5843 1749 5915 quod

170 5932 555 6002 supradicumt'
580 5940 666 5991 est
692 5971 709 5999 ,
755 5932 882 6002 quia
933 5931 1198 6005 quadrata
1246 5932 1417 6005 ﬁgura
1467 5950 1535 5993 ex
1598 5935 1749 5992 omni

1878 2068 2048 2124 Porro
2084 2084 2182 2139 per
2207 2069 2381 2124 Stadia
2415 2069 2694 2125 duodecim
2730 2068 2895 2123 millia
2939 2072 3126 2123 omnes
3154 2072 3473 2139 exprimun-

1878 2171 1968 2216 tur
1993 2163 2299 2218 laborantes
2344 2164 2396 2217 iu
2434 2162 2694 2218 Ecclesia.
2728 2163 2833 2218 Per
2860 2163 3090 2217 stadium
3120 2164 3317 2233 quippe
3344 2161 3474 2218 illud

1876 2252 2193 2324 intelligitur
2211 2252 2355 2323 quod
2385 2252 2439 2307 in
2485 2252 2659 2307 stadio
2689 2252 2889 2320 agitur,
2923 2252 2975 2306 id
3015 2261 3123 2315 est,
3153 2267 3247 2321 per
3294 2250 3473 2307 locum

1874 2343 2028 2399 labor
2055 2352 2109 2398 et
2134 2346 2415 2415 praemium
2461 2345 2846 2402 laborantium.
2901 2343 3039 2399 Hinc
3071 2344 3271 2399 Paulus
3296 2345 3469 2400 dicit:

1876 2434 2105 2490 Nescitis
2142 2436 2282 2506 quod
2309 2437 2362 2489 hi
2390 2437 2480 2507 qui
2501 2438 2556 2489 in
2580 2435 2753 2490 stadio
2778 2445 3030 2500 currunt,
3059 2452 3234 2491 omnes
3262 2435 3472 2505 quidem

1873 2538 2115 2593 currunt,
2139 2527 2230 2581 sed
2270 2545 2406 2583 unus
2432 2528 2617 2595 accipit
2666 2527 2900 2583 brevium
2930 2526 2981 2595 (I
3010 2526 3133 2583 Cor.
3164 2529 3246 2599 ll).
3291 2526 3471 2583 Labo-

1874 2625 1997 2671 rant
2030 2618 2212 2688 itaque
2237 2618 2395 2674 electi
2438 2619 2492 2673 in
2534 2619 2731 2683 stadio,
2766 2620 2870 2674 hoc
2906 2629 3007 2685 est,
3043 2620 3097 2674 in
3123 2619 3306 2676 labore
3334 2635 3472 2690 pra:-

1870 2707 2043 2761 sentis
2080 2708 2224 2770 vitae,
2265 2716 2323 2762 ut
2368 2707 2616 2762 bravium
2656 2724 2902 2778 supemze
2934 2710 3307 2766 retributionis
3340 2725 3469 2781 pos-

1872 2796 1981 2853 sint
2007 2798 2307 2867 percipere.
2341 2797 2478 2852 Nam
2508 2806 2564 2852 et
2588 2813 2684 2869 per
2729 2799 3014 2855 duodecim
3062 2801 3227 2855 millia
3258 2816 3471 2857 summa

1870 2885 2167 2941 electorum
2195 2888 2538 2957 exprimitur.
2600 2888 2973 2945 Duodenarius
3015 2891 3158 2948 enim
3210 2907 3471 2949 numerus

1872 2978 2073 3035 idcirco
2094 2978 2364 3051 perfectus
2393 2980 2643 3046 habetur,
2671 2982 2799 3053 quia
2824 2998 2893 3036 ex
2922 2983 3143 3038 denario
3167 2993 3222 3039 et
3258 2985 3470 3042 binario

1870 3080 2113 3138 constat;
2152 3072 2409 3128 denarius
2437 3073 2674 3143 pertinet
2707 3074 2775 3127 ad
2796 3074 2982 3129 decem
3007 3084 3273 3146 pnecepta
3299 3075 3467 3148 legis:

1869 3160 2112 3217 binarius
2141 3164 2207 3217 ad
2247 3163 2353 3217 duo
2378 3163 2684 3219 dilectionis
2715 3174 3009 3235 prazcepta,
3039 3167 3092 3220 in
3129 3168 3325 3236 quibus
3353 3176 3467 3223 tota

1868 3253 1950 3310 lex
1992 3254 2188 3323 pendet
2225 3263 2281 3309 et
2309 3253 2607 3325 prophetae.
2641 3254 2769 3311 Sive
2804 3256 3009 3313 idcirco
3054 3258 3327 3329 perfectus
3372 3260 3469 3316 ha-

1792 3325 1840 3391 c
1869 3345 2049 3410 betur,
2102 3344 2230 3415 quia
2276 3359 2342 3399 ex
2370 3345 2616 3415 partibus
2666 3348 2959 3418 septenarii
3013 3325 3299 3404 conﬁcitur
3348 3364 3470 3419 quas

1866 3444 1995 3491 sunt
2027 3435 2127 3489 tria
2160 3443 2215 3490 et
2246 3445 2497 3504 quatuor.
2529 3435 2825 3493 Ternarius
2856 3437 3002 3494 enim
3048 3440 3116 3494 ad
3149 3439 3325 3495 ﬁdem
3338 3458 3466 3496 san-

1866 3533 1967 3581 ctae
2016 3526 2297 3582 Trinitatis
2355 3528 2626 3595 refertur;
2691 3531 3075 3600 quaternarius
3123 3532 3192 3587 ad
3234 3542 3470 3604 quatuor

1864 3617 2177 3689 Evangelia.
2216 3618 2549 3674 Millenarius
2607 3636 2823 3692 quoque
2874 3622 3147 3692 perfectus
3204 3641 3465 3682 numerus
3532 3664 3537 3670 -

1862 3711 2188 3777 ostenditur,
2239 3712 2366 3782 quia
2397 3712 2604 3767 denarii
2638 3714 2846 3769 numeri
2877 3716 3198 3785 quadratum
3229 3716 3461 3773 solidum

1864 3804 2070 3868 reddit;
2112 3804 2291 3857 decies
2342 3804 2488 3857 enim
2535 3807 2748 3860 centeni
2801 3806 2938 3861 ﬁunt
2972 3807 3135 3864 mille.
3181 3809 3357 3880 Atque
3383 3810 3467 3866 id-

1863 3891 2010 3947 circo
2043 3891 2380 3946 millenarius
2409 3908 2666 3947 numerus
2704 3894 2978 3963 perfectus
3010 3906 3110 3951 est.
3145 3897 3296 3955 Unde
3325 3900 3462 3956 dici-

1866 3990 1954 4036 tur
1996 4000 2009 4034 :
2054 3978 2207 4034 Verbi
2256 3982 2395 4052 quod
2441 3983 2708 4037 mandavit
2762 3984 2818 4038 in
2874 3986 3017 4040 mille
3066 3989 3464 4059 generationes,

1861 4087 1960 4144 per
1979 4086 2115 4141 quas
2141 4072 2550 4141 generationum
2588 4073 2917 4129 universitas
2941 4076 3283 4146 exprimitur.
3318 4078 3460 4147 Quia

1863 4163 2032 4235 igitur
2088 4162 2455 4218 duodenm-ius
2517 4163 2633 4219 sive
2696 4163 3030 4221 millenarius
3086 4183 3344 4225 numerus
3405 4173 3459 4227 in

1863 4262 2019 4309 sacro
2069 4252 2284 4324 eloquio
2337 4270 2435 4325 pro
2498 4253 2830 4325 perfectione
2883 4258 3133 4325 ponitur,
3192 4268 3340 4315 recte
3401 4260 3455 4318 in

1862 4347 2144 4402 duodecim
2191 4347 2427 4403 millibus
2480 4364 2692 4404 summa
2731 4348 3078 4420 perfectionis
3118 4351 3328 4408 illorum
3361 4370 3459 4410 ex-

1858 4439 2134 4511 primitur,
2174 4439 2264 4509 qui
2315 4439 2629 4510 decalogum
2671 4440 2805 4512 legis
2854 4457 2977 4497 cum
3038 4441 3326 4499 dilectione
3363 4445 3459 4502 Dei

1859 4539 1913 4586 et
1947 4530 2179 4600 proximi
2208 4528 2463 4599 implent,
2496 4530 2767 4602 ﬁdemque
2812 4542 3013 4589 sanctae
3051 4533 3337 4590 Trinitatis
3364 4551 3459 4591 cu-

1860 4625 2121 4688 stodiunt,
2176 4632 2231 4678 et
2280 4617 2726 4681 boc'secundum
2783 4628 3161 4683 auctoritatem
3218 4637 3455 4700 quatuor

1857 4718 2290 4789 Evangeliorum.
2339 4717 2449 4773 Hos
2498 4721 2718 4774 metitur
2745 4721 2887 4776 Deus
2913 4722 3257 4791 omnipotens
3291 4738 3457 4777 arun-

1858 4810 2004 4876 dine,
2033 4811 2161 4881 quia
2202 4810 2492 4881 unicuique
2515 4812 2811 4866 secundum
2856 4813 3209 4882 capacitatem
3241 4814 3325 4867 sui
3360 4814 3445 4868 in-

1858 4901 2106 4956 tellectus
2125 4901 2404 4956 distribuit
2427 4902 2727 4956 doterinam
2758 4902 3019 4958 scientiae.
3045 4901 3245 4957 Omnes
3263 4909 3448 4958 tamen
3536 4926 3539 4930 Α

1855 5006 1993 5061 quos
2017 4985 2259 5060 tangit'in
2286 4992 2369 5046 his
2394 5006 2514 5061 qua:
2534 5001 2859 5062 acceperunt
2886 4990 3155 5061 perfectos
3177 4993 3449 5061 ostendit;

1855 5092 1911 5139 et
1948 5084 2318 5155 unusquisque
2341 5084 2483 5154 quod
2506 5100 2613 5140 non
2636 5084 2845 5154 accepit
2862 5083 2917 5138 in
2942 5099 3022 5150 se,
3046 5100 3145 5155 per
3163 5085 3448 5143 cbaritatis

1861 5180 2099 5235 studium
2126 5178 2364 5249 possidet
2407 5179 2459 5232 in
2489 5179 2685 5242 altero,
2737 5187 2797 5233 ut
2836 5193 2901 5233 ex
2956 5178 3140 5235 multis
3188 5180 3450 5237 membris

1860 5289 2028 5328 unum
2080 5272 2342 5329 eﬁiciatur
2379 5288 2594 5345 corpus.
2626 5270 2742 5339 Vel,
2773 5273 2912 5328 sicut
2947 5273 3311 5344 supradictum
3341 5283 3445 5341 est,

1860 5366 1951 5422 alii
1978 5366 2232 5421 tribuitur
2258 5380 2436 5421 sermo
2465 5364 2725 5430 scientiae,
2757 5362 2849 5419 alii
2875 5379 3073 5435 genera
3116 5363 3444 5435 linguarum,

1858 5467 1963 5515 etc.
2013 5458 2081 5513 Et
2102 5458 2157 5512 bi
2182 5457 2305 5512 licet
2333 5473 2441 5513 non
2471 5455 2751 5527 aequaliter
2771 5498 2787 5522 ,
2820 5458 2945 5527 quia
2973 5466 3031 5511 ut
3072 5457 3333 5513 Dominus
3364 5458 3445 5513 di-

1855 5553 1968 5608 cit:
2001 5549 2071 5605 In
2098 5550 2251 5604 domo
2268 5547 2445 5603 Patris
2465 5551 2567 5603 mei
2594 5550 2892 5603 mansiones
2913 5546 3093 5601 multa:
3118 5558 3238 5602 sunt
3257 5545 3441 5619 (Ioan.

1853 5647 1991 5716 xxv),
2042 5652 2220 5698 tamen
2269 5656 2459 5696 omnes
2505 5655 2753 5711 supernae
2801 5638 3251 5695 remunerationis
3305 5653 3443 5708 pra:-

1856 5740 2023 5796 mium
2052 5732 2359 5806 percepturi
2385 5741 2530 5787 sunt.
2556 5730 2662 5786 Sed
2690 5746 2813 5787 cum
2845 5747 2879 5784 n
2900 5744 2982 5784 ito
3009 5727 3236 5785 consilio
3257 5738 3447 5783 auctor

1852 5838 1908 5886 et
1935 5829 2273 5900 dispensator
2298 5832 2483 5879 noster
2519 5824 2646 5879 huic
2670 5822 2760 5877 illa
2788 5821 3068 5893 largiatur,
3094 5835 3214 5893 quae
3236 5817 3327 5874 alii
3354 5819 3419 5875 de

1856 5932 2035 6000 negat,
2065 5932 2217 5977 extra
2264 5932 2575 5974 mensuram
2601 5916 2885 5975 arundinis
2924 5914 3109 5988 egredi
3143 5929 3251 5971 non
3285 5912 3439 5971 vidi.-
