3972 6476
577 492 600 549 l
609 493 715 549 20⁸5

1077 424 1449 541 ΗΑΫΜΟΝΙΞ⁸
1473 474 1948 535 HALBERSTAT.
1994 466 2209 528 EPISC.
2252 462 2400 525 OPP.
2441 464 2620 525 PARS
2657 464 3124 525 l.—COMMENT.
3163 467 3336 524 BIBL.

3762 470 3867 529 12434

580 617 685 662 tur.
718 603 972 675 Quisquis
1000 614 1163 671 posse
1184 597 1305 669 plus
1336 610 1496 665 quam
1522 590 1731 661 accepit
1758 595 2009 649 conatur,
2040 583 2165 638 inde
2192 580 2246 640 Α
2272 589 2531 649 quantum
2576 588 2758 675 autem
2802 580 2869 633 ad
2916 576 3162 633 altiorem
3208 577 3450 675 pertinet
3490 576 3864 675 iriteﬂectuza,

576 699 893 773 plerumque
919 693 1155 758 amittit;
1214 698 1269 745 et
1320 686 1596 757 hoc-quod
1628 688 1871 754 poterat,
1913 680 2037 773 quia
2070 692 2168 773 au-

579 769 762 846 dacter
790 803 852 843 ea
882 802 1002 858 qtne
1036 784 1349 853 contingere
1391 796 1495 835 non
1542 776 1704 843 valet,
1748 775 1987 845 arripere
2012 769 2164 826 festi—

578 886 687 937 nat.
720 880 854 936 Nam
882 888 937 935 et
966 877 1329 934 membrorum
1358 881 1666 930 nostrorum
1696 878 1825 923 tunc
1849 862 2167 923 ministeriis

576 973 712 1031 bene
752 974 976 1037 utimur,
1010 986 1133 1026 cum
1160 986 1255 1025 sua
1283 969 1361 1023 eis
1383 964 1556 1021 cilicia
1584 962 1839 1019 distincta
1865 964 2161 1015 servamus.

574 1060 779 1119 Lucem
800 1061 947 1117 enim
989 1060 1162 1117 oculis
1205 1059 1499 1121 cernimus,
1548 1064 1736 1109 vocem
1785 1065 1911 1104 vero
1948 1048 2166 1103 auribus

575 1154 843 1210 audimus.
877 1152 935 1208 Si
963 1153 1086 1224 quis
1114 1158 1296 1206 autem
1328 1156 1536 1203 mutato
1565 1136 1774 1209 ordine,
1799 1141 1968 1197 cilicia
2013 1142 2165 1195 dese-

575 1246 666 1311 rit,
700 1245 766 1299 ad
795 1244 971 1299 aliena
1025 1260 1133 1298 non
1164 1240 1417 1311 assurgit.
1464 1238 1532 1293 Et
1565 1237 1833 1307 longitudo
1864 1245 1911 1288 et
1943 1231 2165 1286 latitudo

573 1347 621 1391 et
654 1337 879 1392 altitudo
908 1336 1020 1408 ejus
1047 1332 1273 1406 wqualia
1321 1341 1459 1386 sunt.
1508 1329 1634 1385 liam
1676 1337 1759 1384 est
1790 1327 1879 1382 illa
1923 1324 2166 1379 soliditas

574 1430 852 1499 quadrata:
875 1428 1084 1501 figura},
1110 1426 1176 1480 de
1202 1441 1305 1495 qua
1337 1424 1583 1494 superius
1603 1422 1739 1476 dixit
1766 1438 1778 1474 :
1814 1419 1878 1472 Et
1904 1417 2083 1471 civitas
2114 1415 2168 1468 in

571 1521 776 1590 quartro
801 1520 971 1589 posita
990 1527 1123 1571 erat.
1148 1510 1450 1586 Longitudo
1481 1513 1716 1582 pertinet
1744 1511 1810 1565 ad
1842 1509 2025 1573 ﬁdem,
2047 1506 2167 1561 alti-

574 1610 702 1664 tudo
724 1609 790 1663 ad
811 1624 982 1678 spem,
1008 1606 1234 1661 latitudo
1248 1606 1313 1660 ad
1335 1605 1678 1667 charitatem,
1698 1604 1765 1657 de
1780 1617 1885 1672 qua
1904 1601 2166 1671 scriptum

573 1702 656 1751 est
688 1715 701 1751 :
734 1694 924 1751 Latum
954 1697 1261 1751 mandatum
1292 1705 1440 1749 tuum
1465 1695 1618 1749 nimis
1651 1691 1769 1765 (Ps.
1797 1692 2007 1765 cxvnt).
2040 1691 2166 1747 Sive

573 1790 738 1844 etiam
760 1789 1040 1860 longitudo
1067 1788 1305 1859 pertinet
1329 1786 1395 1842 ad
1420 1787 1906 1859 louganimitatem,
1937 1785 2166 1840 altitudo

573 1876 639 1933 ad
678 1879 1217 1950 contemplationem;
1277 1878 1503 1933 latitudo
1549 1878 1666 1932 sine
1709 1876 1873 1931 dubio
1922 1875 2160 1931 charito-

572 2060 639 2118 ad
665 2063 890 2127 amicos,
932 2063 1027 2117 sed
1073 2062 1236 2117 etiam
1262 2078 1436 2132 usque
1481 2061 1547 2115 ad
1576 2060 1721 2130 ipsos
1758 2059 2035 2130 perveniat
2063 2059 2165 2113 ini-

572 2150 763 2212 ttticos.
809 2154 974 2212 Juxta
1018 2156 1189 2211 illud:
1221 2155 1436 2226 Diligite
1486 2155 1725 2209 inimicos
1756 2162 1968 2220 vestros,
2015 2151 2164 2207 bene-

571 2240 730 2316 facité
753 2247 835 2300 his
867 2247 957 2317 qui
997 2245 1219 2301 oderunt
1261 2262 1350 2300 vos
1393 2243 1544 2318 (Luc.
1583 2245 1681 2315 vr).
1727 2240 2028 2315 Longitudo
2059 2243 2163 2298 ita-

568 2342 676 2408 que
696 2339 947 2403 civitatis,
1000 2346 1062 2394 et
1110 2336 1339 2394 latitudo
1370 2346 1533 2408 atque
1562 2337 1788 2392 altitudo
1818 2336 1955 2406 ejus,
1983 2350 2166 2405 aequa-

570 2428 641 2485 lia
687 2440 836 2498 sunt,
889 2432 1014 2502 quia
1079 2439 1341 2503 quantum
1392 2431 1603 2501 patiens
1663 2428 1825 2485 fuerit
1876 2446 2027 2483 mens
2070 2445 2165 2499 per

567 2522 1035 2595 longanimitatem
1059 2567 1074 2592 ,
1129 2530 1337 2580 tantum
1390 2524 1496 2579 lata
1532 2523 1636 2579 erit
1664 2538 1762 2593 per
1796 2536 2036 2578 amorem
2069 2539 2080 2574 :
2111 2527 2165 2575 et

569 2625 834 2687 quantum
861 2617 1073 2686 patiens
1111 2615 1277 2670 fuerit
1317 2630 1415 2685 per
1456 2614 1943 2685 longanimitatem,
1994 2628 2164 2682 quan-

570 2708 793 2776 tumque
827 2704 934 2780 lata
987 2721 1083 2776 per
1114 2721 1395 2771 amorem,
1444 2710 1655 2758 tantum
1704 2705 1810 2757 erit
1840 2711 1893 2757 et
1934 2702 2038 2756 alta
2068 2719 2165 2772 per

568 2798 1113 2867 contemplationem;
1153 2798 1523 2869 unusquisque
1565 2797 1632 2851 ad
1661 2797 1851 2852 altiora
1905 2812 2003 2868 per
2027 2813 2163 2853 con-

570 2888 976 2958 templationem
1014 2889 1273 2961 erigitur,
1332 2888 1648 2959 inquantum
1686 2888 2033 2957 semetipsum
2064 2888 2163 2943 hu-

569 2977 744 3035 miliat
787 2980 841 3033 in
899 2979 1180 3035 toleranda
1233 2978 1376 3034 mala
1423 2980 1814 3050 proximorum.
1859 2978 2162 3050 Longitudo

568 3056 752 3142 itaque
773 3071 1029 3128 Ecclesiae
1077 3072 1305 3127 latitudo
1343 3078 1397 3128 e't
1440 3071 1700 3136 altitudo,
1743 3072 1968 3142 aequalia
2013 3080 2161 3137 sunt,

570 3164 693 3235 quia
728 3163 1047 3233 inquantum
1096 3162 1421 3235 longanimis
1475 3171 1559 3218 est
1596 3162 1738 3218 inter
1786 3163 2034 3228 adversa,
2087 3162 2163 3216 in-

2270 686 2521 727 mensura
2554 672 2818 733 hominis,
2851 686 2970 741 qua:
3009 678 3093 726 est
3120 668 3320 742 angeli,
3362 670 3728 747 intelligitur
3748 688 3863 736 mea

2269 764 2384 834 ipse
2410 764 2651 836 angelus,
2681 763 2775 834 qui
2817 763 3117 818 Ecclesiam
3156 765 3399 828 metitur,
3444 767 3596 834 quia
3640 766 3858 825 videlicet

2269 857 2435 928 gloria
2461 856 2772 926 angelorum
2805 863 2859 909 et
2888 854 3165 909 hominum
3196 856 3245 909 in
3275 856 3505 910 caelesti
3544 854 3859 917 beatitudine

2268 949 2488 1019 aqualis
2524 947 2843 1004 erit..linde
2880 948 2935 1001 in
2976 944 3265 1017 Evangelia
3300 947 3421 1015 ipse
3472 944 3627 1002 dicit
3657 964 3672 1000 :
3703 949 3851 1020 Nega

2270 1041 2458 1094 nubent
2503 1056 2665 1110 neque
2705 1039 2984 1105 nubentur,
3018 1038 3108 1093 sed
3136 1049 3287 1093 erunt
3310 1041 3457 1093 sicut
3485 1040 3677 1111 angeli
3710 1038 3794 1095 Dei
3814 1046 3851 1099 is

2269 1130 2395 1187 ctela
2434 1128 2647 1200 (Matth.
2684 1132 2805 1204 xu).
2846 1132 2942 1187 Vel
2978 1130 3097 1188 ideo
3133 1146 3386 1187 mensura
3424 1126 3723 1201 ﬂaminis,
3756 1154 3843 1208 qua

2269 1231 2349 1278 est
2389 1224 2583 1294 angeli,
2618 1223 2836 1291 dicitur,
2864 1225 2987 1294 quia
3030 1234 3161 1295 quot
3189 1220 3365 1296 angeli
3394 1234 3785 1283 remanserunt
3806 1232 3842 1287 ia

2270 1317 2406 1371 oculo
2434 1326 2555 1386 post
2589 1332 2775 1372 casum
2816 1318 3147 1391 archangeli,
3188 1327 3266 1375 tot
3310 1319 3589 1376 homines
3615 1320 3683 1378 de
3717 1326 3835 1382 tern's

2270 1419 2397 1467 sunt
2426 1413 2703 1467 ascensuri
2736 1413 2788 1467 in
2816 1413 3001 1469 caelos.

2340 1499 2410 1557 Et
2443 1512 2555 1557 erat
2589 1506 2886 1569 structura,
2923 1504 2977 1557 id
3007 1508 3089 1558 est
3113 1500 3425 1570 tedltlcatln,
3466 1508 3625 1560 muri
3661 1508 3759 1579 ejus
3786 1529 3828 1565 α

2268 1595 2442 1665 lapide
2476 1595 2705 1665 jaspide.
2734 1592 2910 1665 .laspis
2939 1595 3074 1665 lapis
3108 1594 3294 1651 viridis
3324 1606 3411 1651 est
3437 1591 3693 1663 coloris,
3712 1610 3823 1671 atqu

2268 1686 2556 1742 Dominum
2586 1685 2771 1742 Jesum
2793 1687 3070 1743 Christum
3089 1688 3389 1759 signiﬁcat,
3417 1692 3516 1762 qui
3543 1703 3629 1748 est
3658 1696 3816 1752 retectis

2266 1788 2577 1835 sanctorum
2624 1781 2956 1836 animalium.
2996 1778 3053 1834 lu
3094 1777 3571 1850 contemplatione
3598 1786 3730 1839 enim
3758 1784 3815 1841 [ei

2267 1872 2652 1941 omnipotentis
2694 1873 2801 1928 erit
2845 1884 3056 1928 summa
3105 1871 3410 1928 electorum
3474 1874 3747 1945 perfectio,
3782 1888 3815 1933 et

572 1968 681 2024 tem
707 1942 975 2040 designat,
1021 1984 1141 2040 quae
1174 1942 1228 2023 in
1257 1977 1463 2023 tantum
1495 1967 1601 2021 lata
1626 1975 1729 2029 est,
1760 1974 1822 2020 ut
1846 1981 1951 2020 non
1989 1965 2163 2021 solum
2192 1942 2244 2007 Β
2269 1971 2472 2019 (eterna
2523 1966 2764 2033 satietas,
2801 1967 2957 2038 juxta
2997 1965 3124 2022 illud
3181 1942 3493 2024 Psalmiste
3550 1989 3565 2024 :
3614 1964 3815 2029 Damius
3908 1942 3909 2013 Ῐ

2264 2060 2432 2129 pascit
2458 2075 2539 2114 me
2568 2069 2615 2112 et
2659 2060 2790 2120 nihil
2833 2061 2961 2113 mihi
2987 2060 3168 2127 deerit,
3208 2063 3265 2115 tn
3300 2062 3419 2117 loco
3448 2072 3653 2133 pascant
3676 2067 3814 2123 ibiut

2266 2150 2537 2205 collocavit
2563 2150 2735 2224 (Psal.
2768 2155 2928 2225 xm).
2961 2152 3086 2209 Sive
3113 2155 3279 2210 etiam
3310 2166 3411 2226 per
3437 2152 3653 2230 lapidem
3676 2159 3812 2232 iaspi-

2266 2243 2409 2309 dem,
2453 2245 2611 2301 electi
2652 2248 3067 2317 exprimuntur,
3109 2265 3338 2319 quorum
3393 2250 3519 2307 rules
3569 2271 3808 2325 nunquam

2266 2338 2574 2402 marcescit,
2626 2338 2720 2393 sed
2768 2337 2821 2392 in
2854 2338 3126 2394 viriditate
3153 2336 3467 2410 operationis
3486 2354 3692 2399 constat.
3724 2345 3801 2401 Ex

2266 2428 2442 2498 lapide
2479 2443 2610 2498 ergo
2646 2428 2851 2500 iaspide
2882 2439 3154 2486 structura
3193 2433 3405 2487 civitatis
3427 2433 3655 2501 edicitur,
3676 2437 3789 2506 quia

2264 2517 2414 2588 prius
2446 2517 2498 2571 ln
2531 2516 2771 2573 Ecclesia
2810 2516 3223 2575 fundamentum
3260 2520 3452 2576 Christi
3471 2523 3794 2588 constituitur,

2265 2617 2354 2672 cui
2384 2616 2547 2671 etiam
2585 2633 2772 2672 omnes
2812 2616 2999 2672 ﬁdeles
3038 2628 3502 2690 superponuntur,
3540 2620 3671 2689 juxta
3693 2619 3797 2673 illud

2265 2707 2510 2777 Apestoli
2546 2728 2558 2763 :
2592 2710 2672 2762 Ad
2705 2727 2855 2780 quem
2893 2710 3193 2765 accedentes
3217 2713 3453 2781 lapidem
3480 2714 3795 2783 rirttm,etip;i

2267 2809 2518 2871 tanquam
2571 2800 2773 2871 lapides
2812 2803 2913 2856 vivi
2952 2804 3460 2874 supertrdiﬁcamirti
3501 2800 3657 2859 domos
3685 2806 3795 2875 spiri-

2266 2889 2434 2945 tuales
2461 2890 2515 2963 (1
2547 2890 2693 2946 Petr.
2727 2892 2811 2965 ll).
2863 2893 2999 2949 Nam
3046 2893 3188 2949 sicut
3219 2895 3275 2950 in
3326 2896 3475 2952 muri
3515 2897 3791 2951 aediﬁcatione

2263 2982 2440 3050 primo
2502 2991 2778 3053 ponuntur
2829 2985 3032 3055 lapides
3094 2988 3279 3058 magni
3351 2995 3411 3042 et
3466 2986 3699 3059 quadrati,
3729 2986 3790 3056 qui

2266 3070 2402 3129 alios
2449 3090 2615 3145 super
2648 3092 2707 3131 se
2754 3074 2961 3147 positos
3017 3086 3256 3147 portant,
3290 3079 3389 3148 qui
3450 3088 3507 3135 et
3531 3081 3617 3151 ipsi
3651 3079 3787 3133 item

2266 3168 2402 3223 alios
2446 3179 2687 3241 portant,
2747 3172 2933 3242 sicque
2972 3171 3151 3228 omnis
3187 3171 3499 3228 tediticatio
3536 3172 3788 3229 construitur

570 3266 832 3330 quantum
863 3258 1146 3314 charitate‘
1176 3274 1307 3331 erga
1361 3274 1552 3314 omnes
1595 3257 1839 3323 dilatata,
1892 3257 2158 3312 intantum
2188 3300 2233 3364 Ο
2267 3272 2547 3331 usquequo
2573 3264 2639 3317 ad
2672 3262 2919 3318 ultimum
2944 3263 3175 3335 lapidem
3204 3266 3590 3335 perveniatur,
3614 3264 3784 3335 quicum

568 3361 651 3410 est
672 3353 777 3408 alta
800 3370 897 3425 per
917 3355 1444 3425 contemplationem.

641 3428 729 3499 Et.
736 3462 944 3499 mensus
964 3456 1039 3500 est
1063 3462 1273 3501 murum
1294 3447 1408 3515 ejus
1424 3456 1629 3502 centum
1651 3447 2006 3519 quadraginta
2032 3464 2163 3518 qua-

568 3547 693 3593 tuor
711 3535 1027 3593 cubilorum.
1063 3536 1186 3594 Haec
1201 3552 1413 3595 summa
1440 3540 1831 3613 quadraturam
1848 3540 2161 3596 duodenarii

567 3628 782 3683 numeri
820 3629 1097 3695 continet;
1141 3629 1427 3685 duodecies
1466 3633 1613 3686 enim
1650 3630 1917 3696 duodeni,
1947 3640 2163 3686 centum

569 3719 927 3790 quadraginta
987 3726 1220 3790 quatuor
1264 3716 1432 3787 ﬁunt;
1501 3721 1849 3777 centenarias
1901 3737 2159 3778 numerus

569 3809 956 3883 perfectionem
981 3810 1264 3883 significat.
1296 3810 1445 3869 Unde
1469 3814 1522 3869 in
1540 3813 1826 3886 Evangelio
1861 3814 2121 3871 Dominus
2147 3833 2159 3869 :

573 3901 678 3969 Qui
705 3900 972 3975 reliquerit
997 3904 1230 3971 domum,
1278 3904 1356 3960 vel
1405 3906 1596 3976 fratres
1628 3918 1716 3961 aut
1741 3925 1996 3975 sororem,
2023 3919 2153 3976 etc.,

572 3996 739 4063 usque
768 3993 1064 4065 centuplum
1093 3996 1309 4066 accipiet
1347 3990 1562 4068 (Matth.
1596 3997 1732 4070 xu),
1775 4000 1830 4056 id
1866 4009 1949 4056 est
1988 4000 2165 4071 perfe-

570 4084 807 4140 ctionem
829 4080 1026 4140 mentis
1045 4095 1425 4156 consequetur,
1440 4096 1498 4142 ut
1521 4104 1584 4143 ea
1607 4105 1728 4158 qua:
1748 4090 1931 4146 amisit
1959 4089 2123 4145 semel
2143 4132 2157 4154 ,

572 4180 709 4236 ultra
726 4191 973 4252 repetere
991 4180 1142 4236 nolit.
1170 4181 1643 4255 Quadragenarius
1664 4199 1875 4253 quoque
1901 4201 2161 4240 numerus

573 4273 626 4328 in
655 4273 935 4343 Scriptura
981 4288 1134 4328 sacra
1164 4264 1479 4329 multimoda
1525 4258 1733 4330 ratione
1772 4272 2000 4329 habetur
2042 4292 2162 4345 per-

572 4363 785 4420 fectus:
819 4364 932 4419 sive
977 4372 1197 4434 propter
1236 4363 1444 4419 Domini
1472 4365 1768 4436 jejunium,
1802 4366 2159 4437 quadraginta

574 4460 762 4516 diebus
802 4467 1114 4532 peractmn,
1149 4460 1261 4514 sive
1295 4469 1516 4530 propter
1554 4460 1872 4532 decalogum
1914 4461 2077 4532 legis,
2108 4470 2162 4515 et

573 4562 805 4624 quatuor
836 4550 1151 4622 Evangelia,
1177 4551 1228 4605 in
1257 4551 1452 4620 quibus
1478 4552 1742 4622 perfectio
1771 4552 2011 4625 dccalogi
2038 4569 2161 4606 con-

2267 3360 2516 3426 portetur
2552 3356 2618 3411 ab
2653 3358 2922 3424 omnibus,
2966 3360 3079 3430 ipse
3117 3358 3401 3414 neminem
3454 3366 3635 3432 portat.
3670 3357 3723 3412 ita
3747 3356 3782 3408 in

2267 3442 2619 3501 fundamento
2673 3446 2950 3515 Ecclesiae,
3011 3448 3188 3519 primo
3240 3444 3415 3521 positi
3453 3460 3570 3507 sunt
3611 3446 3778 3521 aplustri.

2267 3538 2462 3595 deinde
2506 3550 2795 3612 martyres,
2844 3538 3036 3595 deinde
3073 3539 3465 3610 confessores,
3518 3538 3781 3613 virginesﬁ-

2269 3633 2409 3697 duae,
2439 3633 2733 3702 czeterique
2779 3632 2976 3697 sancti,
3023 3632 3112 3702 qui
3164 3648 3225 3688 se
3253 3646 3468 3690 omnes
3499 3633 3680 3689 invicem
3699 3645 3780 3701 pot-

2269 3734 2402 3792 tant,
2434 3726 2717 3797 passiones
2755 3742 2866 3782 suae
2900 3722 3096 3781 mentis
3136 3722 3518 3783 libentissime
3559 3727 3783 3784 tolerantes,

2259 3818 2415 3889 juxta
2462 3819 2593 3875 illud
2649 3818 2889 3890 Apostoli
2935 3818 3125 3872 :Alter
3172 3818 3410 3875 alterius
3467 3837 3613 3875 onera
3654 3824 3782 3887 parte?

2267 3909 2468 3983 (Galat.
2508 3911 2607 3983 vr).
2643 3910 2739 3967 Vel
2788 3911 2951 3966 etiam
2986 3909 3235 3981 exemplo
3273 3913 3609 3984 semetipsos
3632 3907 3785 3963 invicta

2266 4007 2531 4072 foventes,
2553 4014 2609 4061 et
2634 4005 2708 4059 ita
2740 4005 2917 4076 agitur
2944 4018 3112 4073 usque
3136 3996 3203 4057 ad
3233 4002 3412 4058 linem
3432 4002 3625 4068 saeculi,
3644 3997 3788 4072 quando

2269 4096 2490 4156 ultimus
2521 4099 2725 4156 electus
2766 4099 2819 4152 in
2851 4095 3146 4153 novissimo
3177 4096 3432 4152 culmine
3476 4096 3622 4166 hujus
3644 4090 3785 4149 adlidi

2265 4201 2498 4262 ponetur
2552 4209 2565 4245 :
2616 4190 2709 4259 qui
2758 4204 2880 4245 cum
2920 4194 3165 4260 portetur
3205 4188 3273 4243 ab
3314 4190 3581 4244 erunibus
3626 4192 3790 4241 remst

2264 4284 2716 4357 praecedentibus,
2766 4283 2880 4354 ipse
2911 4291 3090 4337 tamen
3140 4294 3245 4337 non
3294 4282 3535 4339 babebit
3559 4296 3688 4353 quem
3710 4292 3791 4349 ειη·

2266 4386 2380 4432 tare
2408 4377 2612 4448 possit,
2643 4375 2771 4447 quia
2799 4375 2852 4429 in
2883 4374 2999 4445 ipso
3024 4371 3200 4428 omnis
3230 4366 3507 4429 Ecclesia:
3532 4382 3788 4429 consumma-

2261 4469 2409 4525 bitur
2432 4467 2738 4523 aediﬁcatio.
2766 4464 2884 4521 Erit
2910 4481 3041 4521 vero
3071 4462 3319 4520 Christus
3368 4473 3433 4521 et
3464 4466 3788 4521 fundamentum

2262 4566 2316 4613 ct
2342 4557 2739 4614 consummatio
2788 4553 3064 4618 Ecclesite,
3116 4555 3207 4625 qui
3254 4564 3336 4609 est
3387 4556 3605 4611 initium
3627 4550 3789 4608 et

574 4650 794 4702 tinetur.
823 4648 1217 4714 Quaternarius
1242 4648 1492 4705 similiter
1524 4659 1874 4707 consecratus
1903 4660 2006 4716 est,
2031 4665 2159 4721 pro-
2183 4664 2238 4731 υ
2262 4651 2387 4722 Ipsa
2416 4667 2532 4705 vero
2554 4646 2738 4703 civitas
2767 4664 2958 4701 aurum
2985 4645 3257 4709 mundum,
3291 4644 3479 4701 simile
3504 4648 3623 4702 citro
3640 4640 3790 4697 munda.

573 4748 694 4811 pter
707 4746 941 4808 quatuor
955 4737 1172 4794 limnina
1191 4741 1446 4810 paradisi,
1461 4741 1545 4795 vel
1559 4751 1790 4811 quatuor
1805 4742 1972 4798 libros
1986 4743 2159 4797 Evan-

570 4830 715 4903 gelii,
755 4845 852 4886 seu
898 4830 1061 4885 etiam
1092 4842 1314 4901 propter
1348 4842 1579 4902 quatuor
1624 4834 1808 4888 mundi
1839 4843 2041 4905 partes,
2075 4835 2159 4890 vel

571 4930 805 4992 quatuor
848 4921 1080 4976 virtutes
1114 4920 1461 4991 principales.
1504 4923 1641 4991 Quia
1680 4932 1857 4979 autem
1893 4924 1945 4979 in
1972 4924 2156 4980 cubitu

572 5030 762 5070 manus
788 5024 895 5080 est,
919 5000 1065 5070 recte
1099 5031 1197 5086 per
1224 5016 1461 5071 cubitum
1489 5020 1733 5087 operatio
1762 5034 1952 5073 manus
1977 5020 2157 5089 expri-

572 5107 753 5159 mitur.
774 5106 908 5160 Muri
940 5115 1119 5161 autem
1150 5107 1263 5176 ipsa
1293 5116 1376 5162 est
1405 5107 1617 5162 civitas.
1636 5108 1851 5163 Mensus
1874 5110 2156 5179 estitaque

571 5199 792 5271 angelus
824 5215 1008 5254 muros
1030 5200 1265 5255 civitatis
1295 5209 1512 5256 centum
1535 5202 1895 5270 quadraginta
1924 5212 2157 5271 quatuor

570 5294 784 5357 cubitis,
810 5293 935 5363 quia
960 5294 1301 5363 omnipotens
1338 5293 1480 5350 Deus
1506 5296 1789 5366 perpendit
1819 5305 1875 5351 ct
1903 5297 2151 5351 conside-

570 5401 673 5455 rat,
691 5400 949 5459 quantum
970 5391 1163 5459 singuli
1179 5390 1495 5459 electorum,
1509 5408 1608 5463 per
1628 5394 2007 5449 auctoritatem
2024 5409 2153 5462 qua-

570 5499 692 5539 tuor
721 5483 1156 5554 Evangeliorum,
1179 5483 1427 5539 laborant
1453 5485 1504 5539 in
1540 5485 1674 5554 legis
1694 5484 2154 5556 decalogo,quan—

571 5584 789 5647 tamque
809 5575 1195 5645 perfectionem
1226 5576 1424 5631 mentis
1444 5586 1869 5647 consequuntur,
1891 5588 1949 5632 ut
1970 5577 2035 5631 ad
2063 5592 2155 5632 so-

570 5665 819 5720 cietatem
837 5666 1152 5737 angelorum
1175 5669 1461 5736 pervenire
1482 5670 1715 5740 possint,
1732 5670 1870 5724 unde
1884 5671 2125 5739 sequitur
2143 5687 2155 5722 :

574 5755 822 5810 Mensura
877 5757 1103 5813 hominis
1133 5776 1250 5830 qua:
1289 5770 1365 5814 est
1396 5760 1588 5834 angeli.
1646 5760 1917 5828 Quantum
1972 5762 2037 5815 ad
2067 5761 2155 5815 lit-

574 5855 744 5899 teram
768 5849 1000 5917 pertinet
1020 5890 1034 5914 ,
1080 5851 1167 5905 hic
1197 5852 1500 5907 ostenditur
1530 5853 1704 5924 ipsum
1738 5852 1985 5923 angelum
2009 5894 2022 5915 ,
2064 5856 2155 5922 qui

575 5938 689 5992 hanc
716 5938 1033 5994 ostendebat
1054 5940 1249 5997 Joanni
1268 5943 1323 5998 in
1350 5943 1522 6016 ﬁgura
1554 5944 1787 6000 hominis
1812 5943 2152 6005 apparuisse:

2266 4744 2371 4799 Per
2399 4755 2590 4796 aurmn
2622 4740 2843 4795 claritas
2884 4738 3201 4809 intelligitur
3223 4734 3497 4803 caelestis,
3528 4730 3594 4793 de
3619 4748 3700 4805 qua
3727 4729 3793 4783 Do-

2267 4835 2448 4889 minus
2477 4833 2609 4888 dicit
2662 4851 2674 4884 :
2721 4831 2952 4901 Accipite
2991 4829 3308 4900 sapientiam
3351 4830 3503 4884 sicut
3552 4840 3724 4882 aurum.
3757 4819 3793 4873 in

2266 4928 2407 4983 vitro
2455 4942 2588 4981 vero
2648 4924 2860 4998 puritas
2908 4924 3151 4978 cordium
3202 4921 3544 4993 intelligitur
3574 4938 3590 4975 :
3619 4936 3718 4975 nam
3751 4929 3795 4968 ex

2265 5021 2479 5079 creteris
2514 5019 2772 5085 metallis,
2806 5018 2850 5073 si
2883 5017 3173 5072 coniicitur
3197 5017 3427 5086 aliquod
3458 5032 3575 5082 vas,
3599 5008 3795 5085 quidquid

2265 5114 2591 5168 intrinsecus
2637 5111 2872 5182 ponitur,
2906 5109 3244 5164 extrinsecus
3280 5108 3519 5165 minime
3548 5108 3738 5162 videtur.
3760 5100 3799 5153 in

2266 5207 2406 5262 vitro
2439 5214 2641 5271 autem,
2672 5202 2935 5275 quidquid
2968 5202 3195 5256 interius
3233 5201 3483 5273 ponitur,
3511 5208 3671 5256 totum
3694 5202 3799 5252 cxte-

2265 5299 2377 5354 rius
2409 5297 2753 5370 perspicitur.
2780 5293 2957 5364 Atque
2991 5294 3113 5350 ideo
3152 5300 3251 5363 per
3292 5293 3498 5347 vitrum
3525 5290 3710 5364 puritas
3732 5287 3798 5338 Ce-

2263 5393 2510 5463 signatur
2560 5387 2741 5444 cordis
2777 5387 3020 5442 omnium
3071 5393 3408 5450 sanctorum,
3473 5398 3592 5454 qua:
3623 5379 3797 5435 invicem

2264 5483 2315 5536 in
2357 5480 2567 5535 ccelesti
2596 5476 2934 5533 beatitudine
2962 5476 3212 5531 omnibus
3239 5472 3684 5530 manii‘estabitur.
3711 5466 3799 5521 liae

2262 5574 2405 5629 enim
2457 5572 2621 5627 verba
2674 5585 2781 5626 non
2828 5568 2893 5623 ad
2944 5576 3267 5640 praesentem
3314 5564 3612 5622 Eccleslam
3654 5556 3797 5616 referri

2263 5673 2512 5738 possunt,
2551 5664 2604 5717 in
2642 5670 2750 5734 qua
2778 5660 3000 5732 singulis
3030 5660 3365 5730 singulorum
3389 5652 3717 5713 conscientia
3736 5664 3797 5700 ot-

2263 5756 2420 5812 cultaz
2471 5762 2616 5819 sunt,
2667 5753 2761 5809 sed
2790 5753 2857 5806 ad
2908 5750 3164 5815 futuram,
3210 5750 3425 5821 quando
3460 5740 3794 5803 venientem

2265 5849 2429 5911 mino,
2458 5847 2549 5916 qui
2576 5843 2900 5900 illuminahit
2926 5844 3240 5899 abscondita
3272 5844 3635 5904 tenebrarum,
3654 5836 3791 5905 siugc

2265 5940 2437 5995 lorum
2474 5937 2820 5995 conscientia:
2865 5937 3078 5993 cunctis
3129 5934 3629 5993 manifestabuntur.
3666 5920 3795 5999 00H-

3906 302 3910 459 ἑ
