3972 6440
106 432 264 494 1205

1050 436 1413 495 EXPOSITIO
1449 438 1515 492 IN
1550 433 2043 494 APOCALYPSIN.
2085 471 2153 479 —
2188 439 2312 496 LIB.
2355 441 2464 497 VII.

3254 449 3390 505 1206

103 556 254 630 quid
281 556 425 612 enim
455 557 745 629 cogitatum
797 555 957 612 fuerit
1002 554 1069 610 ab
1114 555 1315 628 aliquo,
1362 566 1531 610 totum
1558 555 1701 611 vide-
1728 555 1783 615 Δ
1806 566 1917 609 erat
1954 557 2165 612 lucerna
2209 560 2398 614 ardens
2438 570 2484 614 et
2518 559 2694 614 lucens
2736 556 2917 633 (Joan.
2957 561 3031 631 v).
3068 561 3281 619 Ardens
3311 567 3391 618 vl-

103 649 271 704 bitur
316 650 383 703 ab
419 646 610 714 altero,
654 648 840 720 sicque
884 649 1252 719 unusquisque
1284 656 1411 703 tunc
1447 647 1553 702 erit
1575 661 1704 701 con-

101 737 402 812 Spicahilis
430 738 607 804 alteri,
634 739 773 795 sicut
804 756 946 796 nunc
974 757 1095 795 esse
1123 747 1302 810 potest
1323 737 1706 812 conSpicahilis

101 832 248 888 sibi.
301 828 399 886 Vel
441 846 539 903 per
582 846 774 886 aurum
822 831 961 887 sicut
992 831 1193 887 dictum
1240 840 1343 898 est,
1393 828 1710 900 intelligitur

103 924 389 997 sapientia
441 940 695 996 superna.
744 922 863 997 Per_
890 925 1087 980 vitrum
1135 940 1265 981 vero
1311 923 1521 997 puritas
1548 918 1703 988 ﬁdei;

104 1033 247 1071 nam
274 1016 327 1071 in
352 1017 516 1082 vitro,
549 1017 691 1073 sicut
716 1017 920 1073 dictum
946 1026 1050 1083 est,
1082 1015 1346 1086 quidquid
1369 1014 1589 1086 ponitur
1620 1013 1704 1068 in-

104 1105 313 1173 terius,
363 1115 533 1162 totum
584 1107 797 1163 videtur
828 1108 1087 1174 exterius,
1126 1116 1177 1160 et
1218 1122 1316 1179 per
1361 1107 1464 1161 hoc
1500 1103 1708 1176 puritas

105 1197 249 1253 ﬁdei
274 1198 607 1272 designatur,
634 1217 797 1273 quam
827 1201 998 1257 sancti
1029 1208 1274 1255 tenentes
1307 1200 1489 1266 corde,
1537 1198 1711 1254 mani-

106 1288 328 1345 festant
353 1292 519 1346 etiam
560 1308 673 1348 ore.
728 1286 835 1348 Nec
875 1291 1169 1363 quidquam
1223 1293 1369 1347 intus
1408 1292 1585 1363 agitur
1613 1308 1712 1362 per

107 1383 544 1452 simulationem,
569 1386 711 1457 quod
735 1403 839 1442 non
871 1386 1118 1443 videatur
1131 1385 1374 1442 exterius
1394 1402 1491 1458 per
1515 1401 1707 1458 puram

106 1477 234 1532 oris
264 1486 318 1534 et
352 1480 533 1549 operis
572 1474 993 1535 confessionem.

190 1567 260 1622 Et
290 1568 634 1640 fundamenta
666 1571 802 1624 muri
830 1570 1057 1625 civitatis
1096 1568 1239 1624 omni
1281 1568 1454 1641 lapide
1484 1572 1708 1642 pretioso

110 1670 331 1714 ornata.
364 1658 735 1716 Fundamenta
763 1661 1029 1726 civitatis,
1062 1660 1114 1717 id
1154 1674 1237 1718 est
1273 1661 1551 1729 Ecclesize,
1584 1672 1710 1719 sunt

111 1748 468 1823 patriarchae,
498 1750 775 1825 prophetae
802 1760 856 1810 et
884 1753 1066 1810 caeteri
1105 1756 1509 1827 przedicatores,
1547 1772 1711 1826 super

1808 648 2004 705 delicet
2043 649 2148 705 ﬁde
2196 661 2250 707 et
2302 651 2610 718 dilectione,
2657 654 2841 708 lucens
2886 654 3051 708 verbo
3099 664 3154 710 et
3208 671 3392 726 opere.

1811 740 2071 807 Quartum
2115 747 2446 815 smaragdus.
2479 744 2806 816 Smaragdus
2846 747 3116 816 pretiosus
3155 742 3291 818 lapis
3315 757 3399 804 est

1810 830 1863 884 in
1910 847 2009 885 sua
2042 841 2263 898 natura,
2316 834 2409 889 sed
2454 835 2741 906 pretiosior
2782 836 2836 890 in
2880 836 3172 891 electorum
3200 836 3391 909 ﬁgura.

1809 919 1911 988 Qui
1952 920 2089 993 lapis
2138 931 2298 977 tanta:
2336 924 2625 981 viriditatis
2669 936 2785 993 est,
2824 935 2885 982 ut
2912 943 3126 982 omnem
3157 927 3396 984 virorem

1811 1012 2098 1067 herbarum
2131 1025 2381 1086 superet,
2413 1026 2469 1072 et
2495 1035 2675 1075 aerem
2704 1021 2868 1075 etiam
2896 1020 3288 1077 circumfusum
3314 1023 3398 1079 vi-

1810 1105 1982 1160 ridem
2014 1106 2220 1162 reddat.
2250 1106 2445 1164 Reddit
2480 1112 2642 1165 etiam
2691 1113 2954 1184 imagines
2993 1113 3397 1184 aspicientium,

1810 1198 1856 1253 si
1887 1197 2053 1253 moles
2078 1197 2197 1270 ejus
2222 1199 2381 1256 fuerit
2408 1202 2603 1274 ampla.
2636 1203 2803 1272 Hujus
2832 1205 3021 1275 lapidis
3047 1220 3243 1277 genera
3276 1208 3405 1262 sunt

1810 1292 2006 1360 multa,
2057 1292 2150 1349 sed
2194 1296 2566 1364 pretiosissimi
2620 1299 2979 1368 smaragdiuei
3010 1299 3217 1369 lapides
3250 1313 3405 1369 repe-

1808 1384 2025 1440 riuntur
2071 1385 2125 1440 in
2174 1386 2425 1459 Scythia,
2472 1390 2692 1457 regione
2740 1392 2993 1457 deserta,
3038 1408 3170 1463 quos
3219 1400 3403 1447 tamen

1811 1476 2123 1533 custodiunt
2168 1480 2425 1550 gryphes,
2472 1479 2726 1534 animalia
2767 1481 3026 1537 terribilia
3072 1494 3128 1537 et
3178 1482 3402 1546 ferocia,

1809 1585 1930 1639 qua:
1954 1585 2151 1640 corpus
2178 1570 2377 1625 habent
2404 1570 2699 1636 leonimun,
2728 1573 2894 1643 pedes
2932 1583 3135 1639 autem,
3168 1583 3405 1629 rostrum

1809 1669 1866 1716 et
1902 1661 2037 1727 alas,
2084 1669 2142 1715 ut
2184 1661 2401 1732 aquila:
2433 1663 2660 1733 ideoque
2695 1681 2795 1735 per
2837 1674 3037 1719 terram
3083 1673 3311 1720 currunt
3349 1673 3411 1720 ut

1811 1754 2024 1819 leones,
2050 1768 2148 1824 per
2178 1770 2305 1809 aera
2337 1755 2522 1810 volant
2554 1764 2609 1809 ut
2640 1772 2787 1811 aves.
2836 1756 2965 1824 Quae
3010 1759 3196 1812 bestia:
3225 1765 3409 1813 custo-

110 1859 355 1915 quorum
398 1842 702 1901 doctrinam
749 1844 831 1900 vel
878 1847 1147 1916 exempla,
1197 1856 1409 1903 constat
1455 1846 1710 1903 Ecclesia:
1812 1845 1965 1899 diunt
1992 1845 2162 1915 ipsam
2195 1845 2393 1901 deserti
2434 1848 2723 1918 regionem,
2760 1859 2812 1903 et
2840 1856 3060 1904 servant
3090 1849 3235 1919 ipsos
3264 1848 3404 1920 lapi-

111 1938 417 1991 structura.
468 1936 597 2004 Quae
640 1936 991 1992 fundamenta
1040 1937 1188 1992 omni
1230 1936 1406 2010 lapide
1446 1940 1708 2010 pretioso,
1738 1920 1790 1983 Β
1818 1936 1911 1991 des
1933 1978 1947 2001 ,
1979 1953 2084 1991 non
2118 1936 2261 2005 quod
2290 1936 2419 2006 ipsa:
2448 1936 2500 1991 in
2532 1953 2686 1992 suam
2728 1954 2822 1994 eos
2849 1948 3164 1995 convertant
3197 1939 3404 1995 utilita-

114 2026 175 2081 id
202 2035 309 2088 est.
338 2024 591 2086 omnibus
627 2029 941 2098 virtutibus,
979 2030 1085 2086 ﬁde
1115 2031 1345 2098 scilicet,
1377 2048 1492 2104 spe,
1526 2032 1711 2087 chari-

117 2127 260 2187 tate,
310 2118 697 2194 hospitalitate,
725 2123 954 2197 jejunio,
1007 2124 1357 2190 abstinentia,
1391 2123 1713 2194 ca'tcrisque

113 2223 251 2271 sunt
279 2226 471 2271 ornata
528 2217 792 2274 bonorum
842 2230 1062 2275 actuum
1090 2220 1366 2292 operibus.
1393 2220 1520 2276 Sive
1542 2219 1711 2276 etiam

114 2308 336 2379 lapides
360 2310 628 2380 pretiosos
650 2310 892 2383 intellige
920 2327 1107 2367 omnes
1147 2312 1449 2368 imitatores
1472 2311 1709 2378 illorum,

116 2399 215 2470 qui
246 2400 297 2454 in
328 2400 558 2456 rediﬁcio
585 2402 820 2457 civitatis
840 2405 1002 2474 positi
1025 2413 1173 2470 sunt,
1198 2406 1480 2475 ipsamque
1519 2403 1711 2459 civita-

116 2502 232 2548 tem
263 2492 504 2548 moribus
532 2501 586 2549 et
610 2492 720 2549 vita
745 2504 1031 2550 exornant.
1071 2496 1146 2552 De
1173 2494 1259 2551 his
1306 2494 1573 2567 lapidibus
1604 2494 1709 2551 Do-

117 2586 305 2641 minus
342 2600 439 2657 per
483 2586 797 2658 pr0phetam
831 2588 963 2644 dicit
993 2605 1007 2643 :
1041 2586 1177 2643 Ecce
1213 2605 1306 2660 ego
1347 2597 1576 2642 sternam
1618 2604 1713 2658 per

115 2678 357 2733 ordinem
388 2678 587 2748 lapides
611 2689 752 2747 tuos,
785 2688 832 2735 et
858 2680 1091 2751 fundabo
1124 2691 1171 2735 te
1198 2682 1250 2735 in
1281 2681 1541 2753 sapphiris
1572 2678 1709 2754 (Isa.

117 2769 253 2839 LIV).
288 2764 442 2827 Unde
472 2768 717 2843 sequitur
746 2786 760 2825 :
788 2770 1216 2826 Fundamentum
1259 2772 1487 2843 primum
1515 2772 1708 2846 jaspis.

120 2860 227 2932 Qui
250 2863 407 2935 lapis,
436 2874 493 2921 ut
522 2866 771 2937 superius
806 2866 1007 2921 dictum
1034 2875 1132 2929 est,
1166 2864 1353 2921 viridis
1378 2873 1461 2921 est
1490 2864 1710 2931 coloris,

122 2964 288 3028 atque
324 2946 444 3011 ideo
484 2973 590 3012 non
634 2956 929 3029 incongrue
977 2956 1264 3012 Dominum
1300 2956 1592 3029 signiﬁcat,
1620 2952 1711 3027 qui

122 3059 208 3105 εει
237 3050 489 3121 pabulum
512 3060 567 3107 et
602 3049 826 3107 refectio
859 3051 1101 3106 omnium
1130 3050 1448 3117 electorum,
1490 3048 1604 3122 ipse
1631 3057 1715 3105 cst

122 3142 359 3213 primum
408 3141 818 3201 fundamentum
876 3144 1155 3212 Ecclesire,
1178 3146 1305 3216 quia
1334 3154 1394 3200 ut
1422 3142 1713 3216 Apostolus

126 3236 258 3291 dicit
287 3256 298 3288 :
334 3233 764 3291 Fundamentum
797 3236 946 3292 aliud
974 3254 1123 3292 nemo
1148 3246 1316 3308 potest
1349 3252 1540 3307 ponere
1575 3253 1711 3308 prce-

127 3340 207 3384 ter
237 3329 291 3383 id
324 3330 463 3402 quod
505 3331 729 3400 positum
759 3340 858 3398 est,
905 3332 1045 3405 quod
1089 3284 1176 3386 esl
1204 3284 1440 3386 Chrtsius
1475 3284 1630 3385 Jesﬁs
1659 3326 1707 3399 (1
1735 3284 1788 3353 ο

130 3419 250 3476 Cor.
288 3422 394 3494 Ill).
430 3420 711 3493 Signiﬁcat
737 3440 952 3495 quoque
990 3432 1046 3478 et
1069 3422 1287 3490 electos,
1322 3439 1553 3494 quorum
1581 3420 1716 3479 ﬁdes

130 3528 402 3584 nunquam
428 3523 751 3580 marcescet,
798 3514 891 3569 sed
932 3529 1149 3585 semper
1190 3510 1245 3569 in
1277 3513 1609 3587 operationis
1636 3513 1715 3566 vi-

129 3618 251 3659 rore
302 3613 631 3675 perseverat.
686 3604 988 3663 Secundum
1017 3608 1315 3679 sapphirus.
1370 3602 1531 3679 Lapis
1593 3621 1716 3675 sap-

126 3694 317 3766 phirus
358 3695 410 3749 in
451 3710 549 3765 sua
580 3706 795 3763 natura,
825 3713 1166 3767 nequaquam
1201 3698 1470 3770 pretiosus
1494 3706 1597 3763 est,
1619 3695 1714 3752 sed

129 3786 183 3841 in
212 3784 471 3857 mysterio
500 3784 655 3839 valde
673 3787 966 3857 praeclarus
988 3788 1279 3852 invenitur,
1312 3788 1440 3859 quia
1467 3788 1717 3842 videlicet

130 3888 349 3931 aereum
372 3870 609 3929 colorem
626 3874 841 3941 retinet,
862 3882 1023 3947 atque
1039 3875 1159 3930 ideo
1182 3884 1397 3931 sanctos
1424 3868 1713 3948 signiﬁcat,

130 3966 223 4037 qui
250 3964 493 4021 cmlestia
528 3974 708 4022 mente
735 3974 947 4038 petunt,
978 3966 1223 4021 dicentes
1252 3979 1375 4022 cum
1405 3965 1664 4035 Apostolo
1698 3984 1710 4019 :

133 4058 329 4115 Nostra
360 4057 684 4113 conversatio
721 4058 776 4112 in
803 4058 944 4111 cretis
970 4066 1045 4112 est
1074 4053 1294 4130 (Philip.
1335 4056 1440 4129 ut).
1483 4055 1713 4111 Tertium

132 4148 519 4206 chalcedonius.
572 4142 965 4204 Chalcedonius
1018 4148 1154 4220 lapis
1207 4147 1377 4203 nudto
1429 4156 1512 4204 est
1560 4147 1716 4202 vilior

132 4255 295 4313 quam
323 4241 616 4312 sapphirus
643 4241 697 4295 in
725 4246 919 4295 natura
940 4282 954 4307 ,
981 4241 1075 4297 sed
1110 4241 1163 4295 in
1197 4239 1440 4313 mysticis
1467 4239 1716 4295 sensibus

134 4333 288 4389 valde
328 4333 602 4389 invenitur
629 4342 681 4389 et
729 4334 844 4406 ipse
885 4335 1177 4406 pretiosus.
1222 4333 1319 4389 Est
1361 4335 1504 4389 enim
1535 4332 1718 4388 fortis-

134 4426 280 4482 simae
321 4435 551 4492 uaturze,
603 4426 738 4482 adeo
771 4434 830 4481 ut
868 4427 1110 4481 omnium
1160 4424 1517 4497 sculpentium
1558 4441 1718 4497 argu—

137 4520 331 4577 mentis
365 4520 590 4576 resistat
622 4537 634 4574 :
668 4530 830 4591 atque
866 4518 984 4575 ideo
1030 4518 1299 4590 signiﬁcat
1341 4528 1581 4583 sanctos,
1624 4519 1716 4591 qui

138 4612 471 4669 invictissimi
505 4620 629 4669 sunt
651 4613 789 4668 inter
818 4611 1042 4667 adversa
1069 4612 1229 4684 hujus
1253 4611 1454 4667 saeculi.
1478 4611 1717 4679 Quorum

136 4722 272 4763 unus
302 4707 433 4762 dicit
472 4720 486 4760 :
533 4705 662 4773 Quis
709 4718 802 4761 nos
851 4704 1113 4773 separabit
1158 4721 1190 4758 a
1230 4703 1486 4758 charitate
1522 4698 1720 4757 Christi

139 4799 306 4873 (Rom.
332 4798 487 4870 vni)?
507 4796 576 4853 Et
598 4799 793 4854 iterum
826 4818 837 4851 :
869 4795 1055 4852 Certus
1073 4813 1189 4852 sum
1213 4798 1339 4867 quia
1368 4813 1527 4867 neque
1556 4810 1715 4861 mors,

140 4911 294 4968 neque
341 4896 473 4959 vita;
526 4909 688 4964 neque
734 4891 928 4962 angeli,
979 4898 1034 4946 et
1077 4899 1292 4957 caetera,
1337 4899 1575 4961 poterunt
1628 4904 1720 4942 nos

138 4998 377 5058 separare
420 5002 453 5039 a
495 4984 748 5041 charitate
791 4981 983 5038 Christi
1012 4981 1311 5055 (lbid.);et
1339 4982 1473 5037 tales
1504 4982 1641 5037 bene
1667 4982 1721 5035 in

142 5079 484 5137 fundamento
512 5076 765 5135 Ecclesiae
792 5076 1210 5140 constituuntur,
1239 5075 1367 5144 quia
1396 5073 1517 5129 aliis
1539 5088 1724 5129 exem-

142 5176 224 5249 pla
266 5172 596 5230 fortitudinis
643 5172 903 5245 praebent.
950 5168 1103 5226 Unde
1138 5172 1192 5224 et
1215 5170 1355 5225 idem
1389 5166 1727 5222 auditoribus

144 5270 252 5325 suis
282 5268 413 5323 dicit
451 5284 463 5320 :
495 5260 795 5320 Imitatores
821 5265 923 5319 mei
949 5273 1108 5320 estote
1150 5262 1285 5317 sicut
1330 5272 1377 5317 et
1409 5279 1501 5334 ego
1532 5256 1728 5317 Christi

90 5349 99 5357 ’
145 5360 197 5437 (1
245 5358 368 5421 Cor.
410 5359 552 5433 vui).
600 5357 772 5413 liabet
816 5374 1031 5430 quoque
1077 5357 1221 5414 idem
1253 5356 1391 5427 lapis
1415 5356 1728 5412 similitudi-

145 5470 263 5510 nem
295 5451 529 5507 lucerna:
569 5448 837 5523 pallentis,
874 5456 928 5506 et
963 5451 1017 5505 in
1059 5450 1163 5506 hoc
1196 5446 1555 5504 humilitatem
1607 5463 1733 5503 sane

145 5555 351 5601 ctorum
388 5543 671 5616 signiﬁcat,
712 5543 804 5614 qui
847 5542 901 5597 in
940 5543 1192 5615 prementi
1234 5542 1346 5599 vita
1391 5542 1577 5613 pallidi
1627 5541 1728 5598 ha-

146 5639 336 5695 bentur
364 5678 378 5703 ,
413 5637 538 5708 quia
575 5634 964 5706 despiciuntur,
1016 5645 1439 5692 contemnuntur
1492 5644 1547 5691 et
1575 5634 1718 5691 velut

149 5731 202 5787 in
260 5729 485 5785 nihilum
536 5737 875 5799 reputantur.
904 5727 1156 5784 Attamen
1201 5729 1299 5801 ipsi
1345 5732 1578 5786 obscuro
1614 5728 1732 5785 loco

150 5821 343 5885 lucent,
392 5819 624 5892 aliisque
669 5818 848 5875 lumen
904 5820 1147 5875 scientiae
1188 5832 1346 5891 atque
1382 5820 1591 5877 ardoris
1632 5822 1729 5877 de-

152 5918 468 5968 monstrant.
526 5908 679 5969 tlnde
717 5917 771 5967 et
817 5926 885 5968 ex
932 5926 1041 5968 uno
1092 5911 1304 5968 illorum
1345 5915 1542 5971 dicitur
1580 5935 1591 5969 :
1632 5914 1733 5972 Ille

1753 4652 1801 4717 υ

1816 2041 1945 2097 tem,
1977 2032 2068 2086 sed
2110 2030 2417 2087 hominibus
2461 2047 2554 2087 eos
2593 2031 2865 2089 auferunt.
2900 2034 3033 2090 Cum
3063 2035 3259 2106 quibus
3285 2034 3408 2090 Ari-

1814 2122 2023 2191 maspi,
2077 2122 2325 2177 homines
2374 2134 2541 2177 unum
2596 2124 2811 2179 oculum
2856 2125 3159 2193 habentes,
3206 2125 3408 2182 bellum

1814 2220 2036 2287 gerunt,
2069 2214 2319 2286 ipsosque
2341 2214 2544 2286 lapides
2573 2216 2690 2287 ejus
2719 2216 2990 2273 auferunt.
3015 2218 3145 2286 Quze
3178 2235 3266 2275 res
3290 2219 3408 2289 pul-

1813 2304 2006 2361 chrum
2036 2306 2089 2361 in
2116 2320 2175 2361 se
2204 2307 2441 2362 continet
2470 2308 2817 2379 mysterium:
2852 2309 3016 2381 Lapis
3039 2314 3235 2383 quippe
3265 2328 3409 2367 sma-

1816 2401 2036 2472 ragdus,
2058 2401 2171 2470 qui,
2202 2410 2261 2456 ut
2292 2401 2546 2467 diximus,
2590 2403 2771 2458 nimiae
2797 2411 2883 2458 est
2906 2403 3222 2469 viriditatis,
3247 2403 3409 2460 Chri-

1815 2503 1959 2547 stum
1989 2491 2274 2564 signiﬁcat,
2304 2495 2394 2563 qui
2438 2508 2637 2564 pascua
2682 2503 2897 2549 inerme
2942 2494 3255 2551 refectionis
3296 2496 3412 2551 suis

1815 2586 2040 2640 daturus
2081 2595 2165 2640 est
2209 2585 2474 2641 ﬁdelibus.
2519 2586 2690 2642 Porro
2734 2587 3009 2643 desertum
3051 2587 3181 2644 illud
3222 2588 3275 2644 in
3303 2604 3411 2659 quo

1813 2678 2020 2749 lapides
2048 2679 2414 2747 reperiuntur,
2445 2676 2714 2749 signiﬁcat
2754 2679 2915 2733 corda
2943 2689 3251 2735 sanctorum
3272 2721 3287 2745 ,
3316 2680 3412 2751 qui

1814 2786 1873 2826 se
1901 2786 1928 2823 a
1958 2770 2191 2826 terrenis
2222 2778 2276 2825 et
2306 2770 2462 2839 hujus
2504 2770 2689 2825 mundi
2724 2771 2869 2825 curis
2900 2770 3059 2842 longe
3085 2770 3321 2838 faciunt,
3353 2781 3413 2827 ut

1816 2861 1869 2916 in
1900 2866 2107 2915 secreta
2141 2860 2318 2914 cordis
2358 2860 2438 2914 sui
2477 2859 2659 2930 quiete
2691 2860 2917 2914 Domino
2948 2860 3146 2916 servire
3178 2862 3410 2933 possint.

1817 2951 1971 3008 Unde
2015 2967 2155 3007 unus
2191 2966 2381 3007 eorum
2419 2953 2551 3007 dicit
2588 2971 2600 3007 :
2636 2951 2771 3007 Ecce
2808 2953 3042 3025 elongavi
3076 2955 3281 3026 fugiens
3306 2997 3321 3022 ,
3365 2965 3416 3011 et

1815 3045 1986 3098 mansi
2016 3044 2070 3097 in
2105 3044 2387 3099 solitudine
2417 3041 2589 3114 (Psal.
2629 3044 2761 3117 Liv).
2802 3045 2862 3099 In
2893 3061 3124 3116 quorum
3162 3046 3417 3104 cordibus

1814 3136 2088 3191 invenitur
2132 3136 2270 3208 lapis
2321 3136 2670 3208 smaragdus,
2731 3138 2853 3207 quia
2911 3138 2966 3191 in
3017 3137 3151 3209 ipsis
3207 3137 3418 3193 habitat

1817 3228 2081 3301 Christus.
2136 3226 2243 3285 Sed
2281 3228 2479 3285 adsunt
2503 3228 2759 3302 gryphes,
2787 3229 2839 3283 id
2881 3237 2967 3284 est
3000 3226 3222 3300 maligni
3258 3228 3418 3300 spiri-

1818 3333 1943 3389 tus,
1990 3322 2081 3393 qui
2133 3321 2407 3379 Christum
2459 3323 2705 3377 nituntur
2740 3320 2928 3377 tollere
2975 3320 3258 3397 ﬁdelibus,
3305 3336 3413 3376 non

1819 3416 1962 3487 quod
1992 3414 2092 3487 ipsi
2122 3431 2244 3471 eum
2272 3416 2544 3482 habeant,
2577 3417 2670 3471 sed
2702 3432 2863 3471 causa
2895 3416 3205 3472 invidentia:
3240 3414 3414 3471 homi-

1820 3508 1980 3563 nibus
2003 3523 2125 3563 eum
2154 3508 2427 3564 auferunt.
2463 3507 2569 3564 Sed
2597 3516 2721 3564 sunt
2746 3508 3019 3579 Arimaspi
3061 3524 3227 3563 unum
3273 3522 3407 3565 ocu-

1818 3599 1927 3653 lum
1975 3599 2262 3666 habentes,
2312 3599 2366 3655 id
2409 3606 2492 3655 est
2540 3599 2697 3655 electi
2741 3616 2906 3655 unum
2953 3600 3168 3655 oculum
3213 3598 3415 3657 mentis

1817 3689 2188 3760 possidentes,
2217 3692 2309 3760 qui
2346 3690 2612 3746 bellantur
2640 3708 2762 3747 cum
2791 3690 3117 3763 gryphibus,
3150 3691 3253 3747 hoc
3289 3698 3411 3758 est,

1818 3797 1941 3834 cum
1984 3782 2235 3850 malignis
2265 3781 2563 3850 spiritibus,
2606 3780 2995 3850 Christumque
3032 3782 3134 3837 sibi
3170 3782 3409 3852 rapiunt,

1818 3874 1909 3943 qui
1957 3881 2039 3928 est
2088 3871 2225 3943 lapis
2270 3873 2558 3943 pretiosus.
2595 3873 2660 3926 Et
2709 3882 2768 3927 ut
2798 3873 3058 3928 Dominus
3095 3872 3414 3943 designatur

1818 3979 1917 4034 per
1946 3960 2090 4019 hunc
2121 3963 2373 4033 lapidem,
2407 3964 2478 4018 ita
2508 3964 2684 4030 electi,
2717 3979 2949 4035 quorum
2977 3965 3109 4020 ﬁdes
3134 3979 3412 4037 nunquam

1820 4055 2131 4110 marcescit.
2160 4054 2295 4109 Nam
2328 4062 2379 4109 et
2411 4055 2511 4125 ipsi
2542 4054 2596 4109 in
2640 4054 2991 4111 fundamento
3024 4054 3281 4114 Ecclesiae
3320 4068 3415 4130 po-

1820 4153 2043 4211 nuntur,
2072 4145 2197 4215 quia
2226 4144 2359 4200 alios
2390 4155 2444 4200 et
2468 4147 2717 4216 exemplo
2756 4155 2808 4202 et
2853 4148 3098 4203 doctrina
3126 4147 3413 4216 erudiunt,

1818 4247 1875 4292 et
1899 4238 1953 4292 in
1976 4236 2176 4293 Christi
2205 4239 2452 4293 doctrina
2484 4238 2808 4295 contortam.

1893 4331 2145 4397 Quintum
2174 4329 2461 4401 sardonyx.
2511 4330 2793 4404 Sardonyx
2836 4333 3195 4404 compositum
3236 4341 3321 4389 est
3349 4348 3419 4391 ex

1821 4423 2002 4478 sardio
2042 4431 2098 4477 et
2138 4423 2372 4493 onyche,
2416 4422 2569 4492 cujus
2608 4439 2807 4495 genera
2855 4424 3087 4495 plurima
3137 4434 3284 4492 sunt,
3319 4426 3416 4483 sed

1822 4513 2114 4584 pretiosior
2154 4513 2330 4569 tribus
2373 4512 2647 4570 coloribus
2692 4514 3041 4586 distinguitur
3086 4516 3140 4570 in
3195 4516 3417 4571 modum

1825 4604 2099 4677 unguinis,
2133 4606 2258 4675 quia
2293 4607 2348 4661 in
2375 4605 2663 4661 subteriori
2694 4614 2850 4678 parte
2880 4605 3045 4662 habet
3080 4607 3293 4678 nigrum
3328 4623 3420 4664 co-

1828 4701 2018 4765 lorem,
2045 4699 2097 4753 in
2126 4696 2305 4754 medio
2334 4698 2716 4764 rubicundum,
2742 4700 2795 4753 in
2817 4700 3084 4770 superiori
3107 4702 3417 4757 candidum.

1831 4789 1926 4845 Vel
1956 4791 2115 4847 aliter
2141 4808 2154 4846 ε
2195 4791 2426 4860 primam
2456 4800 2666 4861 partem
2710 4791 2873 4847 habet
2907 4792 3117 4863 nigram
3138 4833 3155 4861 ,
3186 4793 3422 4849 mediam

1830 4876 2139 4947 candidam,
2163 4883 2413 4953 superius
2439 4883 2659 4937 rubeam
2679 4926 2692 4948 ,
2726 4883 3039 4955 signiﬁcans
3068 4893 3303 4951 sanctos,
3328 4887 3422 4957 qui

1832 4974 2007 5047 nigri,
2037 4976 2091 5030 id
2119 4983 2204 5031 est
2234 4975 2475 5046 despecti
2502 5018 2516 5042 ,
2548 4976 3018 5047 contemptibiles,
3052 4986 3108 5033 et
3139 4978 3422 5035 abomina-

1830 5067 1988 5135 biles,
2019 5069 2291 5134 videntur,
2314 5069 2409 5124 sed
2434 5077 2612 5124 tamen
2640 5070 2877 5123 innovati
2902 5070 3244 5142 pergratiam
3268 5069 3425 5127 Chri-

1832 5162 1938 5228 sti,
1966 5176 2179 5235 semper
2215 5163 2499 5234 splendore
2534 5159 2658 5219 ﬁdei
2713 5162 3044 5220 irradiantur
3074 5162 3142 5221 ab
3168 5180 3257 5232 eo,
3287 5174 3346 5221 ut
3380 5168 3427 5223 si

1834 5257 2133 5311 necessitas
2174 5256 2443 5325 ingruerit
2467 5297 2482 5321 ,
2513 5260 2681 5313 etiam
2727 5270 2826 5326 per
2864 5257 3150 5313 charitatis
3188 5256 3425 5314 oﬁicium

1834 5349 2113 5419 proprium
2145 5350 2462 5419 sanguinem
2492 5365 2597 5404 non
2642 5349 2815 5405 solum
2853 5365 2951 5421 pro
2994 5352 3205 5419 amicis,
3234 5367 3425 5409 verum

1834 5444 1999 5498 etiam
2035 5459 2132 5514 pro
2162 5444 2291 5515 ipsis
2320 5442 2546 5499 fundere
2578 5459 2685 5498 non
2716 5451 2955 5501 metuant
2988 5442 3255 5512 inimicis,
3282 5446 3429 5517 quod

1834 5535 2172 5609 signiﬁcatur
2206 5554 2303 5609 per
2330 5535 2566 5592 colorem
2608 5530 2855 5591 rubeum.
2903 5536 3038 5593 Hinc
3086 5537 3139 5591 in
3189 5536 3429 5595 Canticis

1834 5630 2166 5686 canticorum
2210 5628 2453 5685 Ecclesia
2503 5627 2635 5683 dicit
2688 5648 2700 5682 :
2754 5626 2933 5683 Nolite
2972 5646 3052 5682 me
3096 5627 3429 5685 considerare

1832 5723 1972 5794 quod
2013 5723 2161 5793 fusca
2190 5739 2327 5789 sum,
2372 5722 2495 5793 quia
2539 5722 2856 5779 decoloravit
2897 5738 2979 5775 me
3018 5719 3098 5775 sol
3138 5719 3317 5792 (Cant.
3362 5722 3427 5791 ι).

1836 5817 1990 5873 Unde
2031 5816 2229 5873 Paulus
2256 5817 2532 5889 apostolus
2568 5817 2645 5872 ait
2675 5834 2687 5870 :
2721 5815 2833 5871 Etsi
2865 5814 3107 5871 exterior
3138 5814 3301 5869 homo
3332 5830 3430 5869 no-
3502 5804 3507 5809 ’

1836 5924 1951 5972 stcr
1978 5915 2365 5986 corrumpitur,
2391 5923 2570 5969 tamen
2595 5911 2823 5967 interior
2851 5917 3145 5967 renovatur
3170 5906 3236 5963 de
3260 5908 3346 5963 die
3374 5907 3430 5965 in
