3972 6452
524 406 669 462 tam
1005 398 1359 458 HAYMONIS
1398 392 1877 453 HALBERSTAT.
1916 388 2132 446 EPISC.
2170 388 2325 445 ora
2368 389 2548 447 rans
2586 389 2632 441 ι.
2668 414 2724 435 ς-
2772 386 3130 451 (mnuum.
3172 387 3344 442 BIBL.
3755 388 3883 442 ista

528 523 673 578 diem
699 518 748 597 (1
756 516 784 573 Ι
805 514 926 573 Cor.
946 515 1044 587 tv).
1068 513 1286 570 Sextum
1301 512 1534 568 sardius.
1560 508 1785 565 Sardius
1804 505 1944 576 lapis
1956 512 2121 597 terrm
2144 504 2196 564 Α
2222 501 2430 556 sionem
2456 501 2704 597 martyrii
2731 512 2839 597 non
2863 496 3043 597 solum
3066 513 3167 597 pro
3188 500 3403 597 amicis,
3444 498 3575 597 sed

529 591 965 681 rubrae‘spcciem
986 607 1173 671 habet,
1200 605 1429 675 ideoque
1455 602 1971 674 signiﬁcatsanctos,
1995 594 2114 665 qui,
2217 608 2433 664 quoque
2476 591 2763 663 prosiliant
2802 592 3057 648 inimicis.
3118 591 3273 648 Unde
3323 591 3645 647 Dominus
3714 591 3874 646 dicit:

524 706 660 763 licet
680 705 746 760 ad
768 701 1018 758 sublimia
1044 698 1395 771 intelligenda
1412 704 1468 752 et
1488 695 1794 752 contuenda
1825 690 2113 753 ducantur,

529 807 713 854 tamen
743 808 898 851 suam
924 805 1138 863 semper
1178 789 1398 846 student
1438 797 1831 859 recognoscere
1855 779 2117 852 fragilita-

533 898 667 953 tem,
702 887 1051 943 recordantes
1076 898 1138 940 se
1162 897 1283 938 esse
1311 881 1452 937 ﬁlios
1479 879 1630 944 Δάαι,
1657 877 1751 948 qui
1780 884 1921 929 terra
1954 871 2118 926 rubra

447 1008 466 1023 κ
530 981 939 1053 interpretatur.
984 976 1269 1033 Reducunt
1309 987 1524 1044 semper
1560 970 1629 1025 ad
1662 965 1979 1023 memoriam
2023 962 2117 1033 qui

526 1073 639 1129 sint
667 1081 721 1127 et
748 1073 891 1128 unde
929 1069 1208 1133 venerint,
1235 1065 1442 1123 scilicet
1480 1080 1550 1120 ex
1594 1062 1778 1117 radice
1817 1056 2026 1127 fragilis
2063 1063 2121 1112 et

528 1165 833 1240 peccatoris
864 1162 1119 1228 hominis,
1150 1176 1217 1216 ne
1244 1159 1495 1216 videlicet
1522 1172 1591 1212 ex
1622 1160 1847 1224 accepto
1876 1150 2120 1207 cmlestis

527 1258 715 1329 gratiae
756 1256 896 1311 dono
932 1252 1281 1310 extollantur.
1326 1249 1464 1305 Hinc
1505 1245 1758 1303 Ezechiel
1802 1257 1945 1314 saepe
1989 1256 2121 1298 con-

526 1356 687 1403 tuens
716 1344 957 1402 cmlestia
1001 1340 1286 1414 mysteria,
1330 1340 1473 1410 ﬁlius
1509 1336 1737 1393 hominis
1776 1342 2039 1400 vocatur;
2065 1340 2122 1388 et

2219 683 2480 756 Majorem
2512 684 2612 738 hac
2639 682 2972 739 dilectionem
3016 700 3164 738 nemo
3193 684 3384 748 habet,
3418 699 3627 755 quam
3665 692 3731 737 ut
3767 686 3875 737 ani-

2216 791 2361 830 mam
2380 792 2533 831 suam
2561 784 2720 846 ponat
2742 791 2857 846 quis
2879 790 2974 845 pro
3001 776 3186 829 amicis
3215 775 3327 829 suis
3347 773 3411 845 (1
3418 790 3578 827 can.
3615 774 3742 845 xv).

2290 865 2358 922 Et
2371 867 2649 922 duodecim
2661 875 2827 936 porta:
2839 866 3114 921 duodecim
3131 867 3453 937 margarita
3479 876 3635 920 sunt
3664 883 3766 931 per
3780 869 3870 922 sia-

2218 955 2391 1028 gulas.
2411 956 2682 1024 Quantum
2699 965 2880 1012 autem
2906 959 2974 1012 ad
2994 957 3234 1013 litteram
3264 958 3567 1029 pertinet,
3590 958 3709 1013 hoc
3731 958 3867 1025 dicit,

2220 1049 2363 1119 quod
2395 1049 2484 1103 illa
2508 1050 2703 1107 civitas
2748 1050 2914 1107 habet
2949 1051 3230 1106 duodecim
3272 1060 3519 1122 portas,
3557 1059 3626 1104 et
3657 1051 3865 1122 singula

2219 1154 2391 1216 portae
2417 1153 2665 1201 erantex
2693 1144 2920 1216 singulis
2941 1145 3273 1216 margaritis,
3304 1145 3359 1200 id
3381 1154 3491 1201 est
3519 1161 3861 1217 unaquaeque

2220 1245 2375 1306 porta
2403 1244 2524 1291 erat
2560 1251 2629 1292 ex
2657 1252 2763 1292 una
2788 1251 3039 1308 gemma,
3077 1244 3134 1293 et
3185 1238 3386 1292 iterum
3428 1239 3501 1293 in
3541 1253 3857 1310 unaquaqw

2221 1337 2379 1399 porta
2407 1337 2567 1384 erant
2608 1329 2891 1385 duodecim
2929 1330 3270 1401 margaritas,
3303 1347 3439 1402 qua:
3474 1340 3631 1386 sunt
3658 1342 3850 1386 centum

528 1437 805 1493 Abraham
836 1455 849 1491 :
883 1436 1095 1505 Loquar
1119 1445 1188 1488 aa
1216 1433 1496 1487 Dominum
1526 1446 1698 1484 meum
1722 1444 1841 1482 cum
1866 1427 1965 1482 sim
1999 1423 2119 1495 pul-

528 1531 603 1584 vis
638 1539 687 1584 et
730 1529 861 1584 cinis
894 1526 1069 1600 (Gen.
1126 1526 1315 1597 xvm).
1349 1525 1416 1579 Et
1452 1522 1740 1579 Psalmista
1775 1537 1791 1575 :
1833 1518 2120 1583 Memento,

470 1626 471 1629 “
532 1619 775 1685 Domine,
798 1620 920 1691 quia
940 1618 1108 1689 pulvis
1121 1634 1320 1682 sumus,
1349 1616 1502 1671 homo
1524 1615 1657 1670 sicut
1681 1615 1859 1684 fenum
1880 1611 1993 1665 dies
2005 1609 2122 1679 ejus

532 1707 705 1781 (Psal.
733 1709 849 1781 cn).
874 1709 1021 1766 Bene
1046 1719 1225 1766 autem
1256 1710 1362 1766 iste
1392 1709 1526 1780 lapis
1554 1717 1708 1764 sexto
1727 1706 1847 1761 loco
1869 1705 2125 1774 subroga-

2222 1420 2581 1490 quadraginta
2602 1428 2857 1488 quatuor.
2889 1418 3007 1477 Una
3039 1428 3220 1492 porta,
3252 1421 3343 1476 vel
3389 1424 3727 1494 margarita
3755 1424 3845 1477 sino

2222 1510 2486 1582 gulariter
2511 1511 2773 1567 Dominus
2792 1511 3112 1583 intelligitur
3124 1511 3283 1568 Iesus
3305 1512 3606 1569 Christus
3620 1516 3713 1584 qui
3733 1516 3839 1570 sicut

2223 1605 2422 1660 dicitur
2445 1604 2854 1660 fundamentum
2886 1605 3369 1663 fundamentorum
3394 1648 3414 1673 ,
3438 1608 3543 1663 sic
3570 1611 3739 1665 etiam
3764 1624 3834 1679 p-

2226 1706 2331 1754 test
2354 1698 2461 1754 dici
2488 1700 2781 1771 margarita
2809 1701 3253 1772 margaritarum.
3283 1700 3447 1757 Istud
3478 1712 3582 1758 est
3608 1705 3830 1773 margin

529 1814 640 1871 tur,
664 1806 756 1877 qui
786 1815 944 1862 terra:
971 1806 1150 1862 rubrm
1172 1805 1410 1877 speciem
1437 1813 1624 1860 tenere
1650 1803 1886 1866 videtur,
1914 1798 2040 1870 quia
2069 1803 2126 1851 et
2163 1870 2196 1877 _
2226 1799 2362 1858 tum,
2394 1792 2538 1863 quod
2562 1794 2868 1863 negotiator
2884 1793 3117 1847 venditis
3138 1792 3403 1849 omnibus
3434 1799 3615 1849 emit.
3650 1794 3709 1849 In
3736 1796 3829 1848 ὼ»-

528 1870 734 1967 primus
756 1898 916 1952 homo
937 1906 1093 1953 sexto
1118 1870 1476 1952 die-conditus
1497 1893 1788 1958 invenitur,
1809 1890 1898 1946 cui
1922 1888 2126 1943 dictum
2158 1870 2203 1930 Β
2230 1882 2407 1939 decim
2448 1894 2632 1940 autem
2661 1885 2836 1957 portis
2866 1884 3244 1955 intelliguntur
3280 1888 3475 1942 sancti
3530 1888 3760 1957 apostoli
3792 1902 3830 1941 et

478 1981 485 2007 ³
527 1998 612 2045 est
649 2008 663 2044 :
705 1988 866 2045 Terra
893 2008 946 2046 es
984 2000 1031 2046 et
1068 1992 1122 2046 in
1149 1975 1342 2045 terram
1364 1990 1463 2045 ibis
1495 1988 1652 2060 (Gen.
1684 1986 1790 2059 ιιι).
1831 1982 2127 2055 Septimum

528 2082 897 2154 chrysolithus.
943 2082 1326 2154 Chrysolithus
1372 2082 1530 2152 quasi
1576 2094 1769 2135 aurum
1818 2075 2025 2146 fulget,
2071 2080 2126 2129 et

521 2179 745 2233 Videtur
777 2179 1023 2234 emittere
1061 2194 1129 2233 ex
1165 2191 1223 2234 se
1258 2178 1523 2249 quasdam
1557 2177 1813 2231 ardentes
1834 2168 2120 2227 scintillas.

528 2267 692 2337 Cujus
718 2269 896 2339 specie
915 2267 1289 2338 signiﬁcantur
1309 2267 1365 2322 hi
1386 2267 1479 2337 qui
1502 2267 1620 2322 luce
1640 2277 1889 2335 supernae
1915 2261 2128 2329 sapien-

530 2366 620 2435 tiae
649 2364 1021 2437 resplendent,
1052 2380 1180 2421 suas
1205 2366 1433 2420 virtutes
1469 2372 1633 2434 atque
1672 2358 1974 2417 sententias
1998 2370 2125 2411 cum

528 2458 697 2513 verbo
717 2457 1110 2513 exhortationis
1127 2457 1275 2531 velut
1299 2456 1563 2512 scintillas
1583 2456 1637 2510 in
1658 2453 1939 2524 proximos
1958 2447 2126 2506 effun-

530 2548 685 2615 dunt,
713 2550 910 2620 quibus
939 2549 1005 2604 ad
1030 2564 1270 2605 amorem
1293 2549 1388 2605 Dei
1417 2556 1473 2604 et
1501 2547 1732 2617 proximi
1762 2545 1899 2601 alios
1930 2557 2123 2599 accen-

530 2639 683 2694 dunt.
721 2638 977 2694 Octavum
1000 2637 1245 2709 beryllus.
1273 2637 1520 2709 Beryllus
1544 2637 1680 2693 duos
1705 2636 1914 2692 colores
1933 2635 2120 2698 habet,

528 2729 757 2785 viridem
798 2737 854 2784 et
881 2730 1191 2798 pallentem.
1234 2728 1342 2785 Per
1384 2743 1544 2799 quem
1586 2727 1699 2782 vita
1731 2726 1947 2781 illorum
1978 2723 2122 2780 desi—

531 2829 749 2891 gnatur,
818 2820 912 2891 qui
974 2830 1303 2876 aeternorum
1353 2819 1796 2891 contemplationi
1852 2820 2121 2873 bonorum

529 2912 822 2979 inhaerent,
848 2920 905 2968 et
930 2913 1128 2967 iterum
1153 2927 1282 2968 cura
1314 2911 1570 2968 fraternae
1607 2904 2118 2971 administrationis,

527 3004 682 3075 quasi
726 3004 794 3059 ad
828 3003 1092 3075 pallorem
1121 3005 1369 3069 redeunt,
1398 3004 1526 3059 dum
1554 3003 1829 3060 exteriora
1860 3015 1957 3072 per
1979 2996 2122 3059 acti-

526 3109 650 3148 vam
683 3094 846 3149 vitam
867 3093 1128 3152 fratribus
1155 3094 1468 3150 ministrare
1487 3095 1727 3159 student,
1758 3101 1813 3149 et
1838 3094 1931 3165 qui
1959 3095 2121 3166 paulo

528 3193 654 3241 ante
679 3185 895 3242 fuerant
935 3186 1139 3242 virides
1188 3186 1242 3241 in
1288 3185 1384 3241 Dei
1434 3185 1909 3258 contemplatione,
1954 3186 2122 3257 palle-

528 3283 690 3332 scunt
715 3276 912 3332 iterum
940 3277 993 3332 in
1022 3276 1398 3347 temporalium
1427 3289 1609 3330 rerum
1640 3290 1740 3347 per
1769 3276 2124 3333 humanitatis

527 3366 762 3424 ofﬁcium
785 3369 1277 3425 administratione.
1315 3368 1535 3423 Nonum
1565 3369 1825 3440 topazius.
1857 3367 2125 3440 Topazius

528 3461 664 3533 lapis
692 3463 932 3517 omnium
981 3462 1215 3533 lapidum
1259 3461 1470 3517 colores
1500 3461 1553 3516 in
1584 3477 1644 3518 se
1675 3462 1872 3528 habet;
1902 3463 2041 3518 unde
2070 3470 2125 3517 et

526 3567 724 3608 nomen
752 3554 982 3623 accepit,
1005 3555 1129 3623 quia
1156 3571 1261 3624 pan
1283 3552 1496 3618 Graece,
1521 3552 1713 3608 Latine
1733 3570 1885 3609 omne
1904 3554 2121 3609 dicitur.

529 3640 653 3710 Quo
682 3643 817 3698 nihil
845 3644 1027 3697 carius
1050 3659 1205 3713 reges
1234 3644 1289 3697 in
1322 3644 1594 3699 thesauris
1622 3643 1735 3698 suis
1770 3642 1972 3698 habere
2002 3660 2127 3714 pos-

530 3744 688 3802 sunt;
724 3746 780 3792 et
806 3738 1051 3793 nascitur
1080 3738 1133 3793 in
1171 3738 1344 3793 insula
1390 3738 1611 3811 Egypti
1641 3755 1762 3810 qua:
1790 3740 1993 3796 dicitur
2017 3742 2126 3797 To-

526 3830 741 3900 pazion.
797 3827 1081 3899 Signiﬁcat
1126 3839 1345 3887 sanctos
1389 3833 1642 3887 omnibus
1693 3832 1987 3889 virtutibus
2033 3849 2121 3891 re-

529 3924 721 3991 fertos,
745 3932 799 3979 et
817 3925 971 3995 quasi
995 3924 1180 3979 multis
1198 3925 1492 3989 coloribus,
1518 3925 1597 3981 sic
1623 3925 1808 3980 multis
1832 3925 2124 3981 virtutibus

529 4015 793 4072 lucentes.
813 4015 1085 4092 Decimum
1113 4017 1510 4087 chrywprasus.
1543 4016 1947 4088 Chrysoprasus
1971 4018 2122 4072 aurei

531 4108 729 4163 coloris
749 4116 905 4163 estet
929 4108 1134 4167 viridis,
1166 4110 1311 4179 quod
1334 4108 1452 4179 ipso
1473 4109 1693 4166 nomine
1719 4109 2121 4177 manifestatur,

529 4214 721 4269 parum
768 4200 974 4256 distans
1014 4216 1044 4255 a
1085 4200 1309 4272 beryllo.
1358 4200 1643 4272 Signiﬁcat
1690 4211 1873 4257 autem
1921 4203 2124 4258 electos

533 4295 797 4364 sapientia
822 4295 1244 4367 resplendentes.
1270 4303 1326 4351 et
1350 4296 1632 4353 viriditate
1655 4297 1781 4355 ﬁdei
1809 4312 2026 4370 semper
2055 4298 2125 4353 ad

531 4386 773 4443 coelestia
812 4389 1116 4444 tendentes.
1149 4384 1491 4443 Undecimum
1523 4388 1856 4459 hyacinthus.
1890 4389 2125 4461 Hyacin-

530 4479 657 4535 thus
689 4480 883 4537 similis
930 4491 1014 4537 est
1039 4496 1192 4551 aqua:
1221 4480 1375 4536 radio
1397 4480 1528 4536 solis
1554 4479 1809 4551 perfusae.
1839 4481 1909 4536 Et
1938 4482 1992 4536 in
2020 4483 2124 4538 hoc

530 4571 798 4643 signiﬁcat
827 4571 1031 4629 electos
1051 4573 1316 4643 sapientia
1350 4573 1618 4644 repletos,
1666 4587 1770 4628 non
1814 4581 1994 4629 tamen
2022 4573 2125 4629 hu-

530 4679 728 4730 mana,
754 4679 861 4735 qua
893 4674 1020 4720 sunt
1058 4665 1153 4721 ﬁlii
1188 4666 1369 4722 saeculi
1398 4666 1778 4738 prudentiores
1805 4664 1930 4723 ﬁliis
1962 4664 2122 4734 lucis,

530 4758 626 4816 sed
652 4757 855 4824 divina,
883 4770 1004 4828 quae
1040 4758 1377 4830 signiﬁcatur
1416 4776 1517 4831 per
1567 4759 1748 4815 radios
1792 4759 1924 4815 solis
1967 4776 2124 4832 aqua:

530 4846 824 4904 immissos.
851 4847 1232 4904 Duodecimn»:
1263 4850 1604 4921 amethystus.
1645 4849 1998 4921 Amethystus
2026 4851 2120 4905 tri-

528 4941 630 4996 bus
658 4940 930 4997 coloribus
960 4941 1345 5013 principalibus
1364 4943 1719 5015 respergitur,
1744 4942 1797 4999 id
1820 4953 1905 4998 est
1926 4957 2123 5014 purpu-

466 5018 471 5021 ’
529 5048 647 5099 reo,
676 5033 920 5090 violaceo
964 5042 1019 5089 et
1068 5048 1243 5089 roseo.
1274 5034 1341 5096 Et
1367 5034 1420 5089 in
1456 5034 1561 5091 hoc
1597 5033 2123 5106 signiﬁcantursan-

529 5122 624 5188 cti,
663 5123 753 5193 qui
783 5124 1058 5181 caelestem
1104 5125 1348 5181 habitum
1392 5133 1587 5196 gerunt
1625 5126 1681 5180 in
1726 5126 1910 5192 terris,
1957 5133 2012 5180 et
2055 5125 2125 5181 ad

527 5213 810 5284 praemium
854 5223 910 5270 et
937 5214 1007 5271 ad
1045 5216 1380 5271 cozevitatem
1415 5215 1730 5285 angelorum
1759 5215 1973 5271 venturi
1998 5225 2127 5271 sunt

530 5305 585 5359 in
614 5304 785 5362 caulis.
828 5305 983 5362 Unde
1012 5306 1272 5361 Dominus
1305 5307 1438 5363 dicit
1468 5324 1483 5362 :
1508 5304 1582 5361 Et
1609 5317 1760 5362 erunt
1788 5308 1922 5362 sicut
1952 5306 2125 5377 mags“

527 5394 585 5450 in
611 5395 739 5451 caelo
765 5395 983 5467 (Matth.
1012 5397 1169 5468 χχιι),
1198 5397 1341 5467 quod
1370 5398 1686 5471 designatur
1709 5412 1807 5469 per
1826 5413 2124 5471 purpuram

530 5502 652 5559 quae
674 5488 976 5559 principum
1004 5494 1088 5544 est
1110 5489 1502 5546 indumentum.
1528 5489 1589 5545 In
1614 5489 1753 5546 viola
1784 5500 2124 5563 autem,qute

530 5580 751 5636 humil‘s
768 5587 851 5635 est
872 5579 1038 5636 herba
1066 5621 1081 5647 ,
1100 5590 1157 5637 et
1180 5592 1360 5638 tamen
1380 5584 1602 5640 odorem
1631 5582 1895 5656 optimum
1922 5587 2121 5656 habet,
2165 5639 2172 5646 .

532 5668 812 5727 humilitas
849 5670 1063 5727 illorum
1102 5674 1450 5745 exprimitur,
1495 5690 1621 5731 cum
1660 5676 1816 5732 bona:
1853 5677 2123 5748 opinionis

534 5765 718 5821 odore.
746 5764 807 5821 In
836 5780 1061 5824 rosaceo
1087 5777 1267 5826 autem
1303 5768 1485 5826 colore
1509 5771 1750 5827 charitas
1785 5770 2120 5844 intelligitur,

535 5873 657 5934 quae
686 5858 952 5916 intentum
989 5861 1045 5918 in
1069 5861 1176 5920 illis
1212 5865 1390 5937 viget,
1418 5873 1481 5923 ut
1504 5867 1671 5924 etiam
1704 5881 1882 5940 usque
1906 5870 1974 5925 ad
1996 5885 2121 5940 pas-

2229 1978 2411 2034 caeteri
2466 1979 2851 2048 prmdieatores
2880 2020 2895 2045 ,
2948 1978 3039 2050 qui
3082 1979 3244 2036 nobis
3293 1979 3543 2049 ianuam
3602 1982 3832 2038 Ecclesia

2228 2072 2499 2142 aperiunt,
2524 2074 2667 2129 unde
2684 2073 2972 2131 Psalmista
2993 2092 3006 2130 :
3032 2075 3247 2145 Aperite
3268 2077 3407 2130 mihi
3424 2079 3831 2148 portasjnstitie

2228 2161 2402 2236 (Psal.
2422 2165 2613 2243 cxvii).
2650 2164 2957 2236 Statimque
2989 2182 3154 2221 unam
3174 2177 3398 2237 portam
3429 2171 3701 2233 annectit,
3726 2183 3830 2238 qua

2226 2254 2574 2327 singulariter
2592 2257 2878 2312 Dominum
2893 2256 3188 2328 signiﬁcat,
3208 2258 3354 2313 sicut
3377 2249 3582 2314 dictum
3596 2272 3702 2324 est,
3718 2261 3830 2315 sine

2225 2362 2334 2417 quo
2348 2362 2510 2403 nemo
2529 2347 2677 2402 venit
2691 2348 2758 2402 ad
2770 2347 3008 2412 Patrem,
3034 2349 3229 2404 dicens
3249 2367 3263 2403 :
3282 2348 3819 2420 Herem-1409mm,

2218 2439 2352 2510 justi
2378 2440 2647 2496 intrabunt
2673 2441 2728 2496 in
2749 2458 2866 2496 eam
2888 2439 3064 2498 (Psal.
3091 2442 3555 2513 cxvu).Superius
3578 2442 3816 2513 legimus

2227 2534 2374 2603 quod
2395 2549 2617 2591 mensus
2631 2544 2715 2591 est
2741 2536 2964 2608 angelus
2984 2552 3174 2593 muros
3187 2536 3431 2593 civitatis
3451 2546 3671 2592 emtum
3693 2552 3822 2607 qua-

2226 2625 2478 2696 draginta
2500 2635 2739 2697 quatuor
2762 2628 3092 2685 cubitorum.
3126 2629 3229 2698 Qui
3260 2644 3532 2685 numerus
3558 2632 3720 2685 etiam
3744 2629 3823 2685 hic

2227 2719 2542 2788 replicatur,
2561 2736 2685 2777 cum
2709 2722 2992 2778 duodecim
3005 2723 3322 2794 margarita!
3332 2737 3440 2794 per
3452 2724 3697 2796 singulas
3707 2723 3820 2781 tho-

2226 2808 2403 2864 decim
2435 2820 2624 2880 portas
2648 2812 3063 2881 describuntur;
3096 2815 3223 2886 quia
3248 2815 3633 2872 duodeuarias
3659 2832 3819 2871 nune-

2223 2916 2320 2957 rus
2340 2903 2633 2961 duodecies
2647 2905 2863 2973 ductus,
2882 2908 3244 2963 centesimum
3268 2922 3337 2962 ac
3363 2909 3816 2981 quadragesima:

2203 3001 2478 3063 quartum
2505 3010 2787 3054 numerum
2815 3008 3184 3067 consummat,
3196 2999 3265 3054 in
3294 3014 3417 3070 quo
3449 3001 3632 3056 omnis
3659 3000 3811 3055 multi-

2227 3085 2355 3143 tudo
2377 3096 2692 3144 sanctorum
2712 3089 3073 3145 concluditur.
3105 3088 3177 3147 Et
3196 3091 3389 3161 platea
3409 3093 3645 3147 civitatis
3664 3110 3812 3146 una

2222 3177 2482 3233 mundum
2495 3188 2747 3252 tanquam
2771 3182 2960 3237 vitrum
2973 3181 3331 3254 perlucidum.
3353 3182 3636 3257 Superius
3653 3185 3810 3239 dictum

2151 3248 2198 3333 (ξ
2228 3279 2315 3325 est
2342 3272 2486 3341 quod
2518 3248 2636 3342 ipsa
2664 3273 2859 3328 civitas
2887 3248 3051 3329 fuerit
3086 3290 3154 3330 ex
3182 3290 3323 3331 auro
3351 3248 3576 3331 mundo
3601 3286 3811 3347 tanqu:

2230 3364 2430 3419 vitrum
2461 3365 2818 3436 perlucidum,
2843 3375 2899 3421 et
2923 3368 3011 3423 hic
3032 3367 3209 3438 platea
3232 3368 3497 3425 civitatis
3528 3370 3709 3426 iisdw
3729 3382 3808 3424 ne-

2232 3456 2379 3513 tallis
2403 3457 2598 3513 fertur.
2627 3458 2734 3515 Per
2760 3475 2949 3516 muros
2973 3462 3175 3532 quippe
3197 3460 3459 3518 civitatis
3476 3504 3493 3527 ,
3526 3464 3808 3519 robustius

2230 3562 2288 3606 et
2329 3554 2723 3612 eminentiores
2762 3556 2942 3612 saeculi
2987 3556 3371 3629 intelliguntur
3415 3576 3432 3611 :
3476 3574 3583 3630 per
3626 3559 3807 3631 piam

2232 3661 2382 3710 vero,
2410 3662 2532 3716 quae
2552 3663 2582 3701 a
2607 3647 2698 3703 lati
2709 3649 2891 3707 tudine
2912 3650 2984 3705 ita
3008 3660 3253 3717 vocatur,
3281 3652 3421 3720 quia
3438 3652 3633 3709 Graece
3649 3654 3810 3719 μισωι.

2230 3734 2428 3792 Latine
2445 3736 2613 3792 latum
2637 3738 2862 3806 dicitur,
2885 3730 3599 3812 simplicesintelliguntdr,

2231 3828 2461 3899 subjecti
2484 3832 2539 3886 in
2565 3832 2849 3891 latitudine
2871 3835 3157 3891 charitatis
3186 3848 3508 3893 morantes.
3538 3837 3813 3893 Dicimur

2231 3927 2341 3975 tem
2372 3920 2552 3990 platea
2590 3922 2833 3981 civitatis
2872 3940 2940 3980 ex
2977 3940 3112 3980 auro
3150 3928 3394 3994 mundo,
3434 3928 3590 3984 sicut
3624 3940 3679 3984 et
3711 3928 3815 3984 aut:

2228 4010 2399 4069 fuisse
2425 4013 2696 4083 feruntur,
2740 4018 2867 4088 quia
2912 4017 3041 4075 licet
3084 4019 3156 4075 sit
3197 4019 3273 4075 ibi
3320 4020 3603 4076 distantia
3633 4023 3816 4077 metite-

2231 4123 2375 4175 rum,
2403 4110 2532 4180 quia
2560 4111 2702 4167 sicut
2730 4111 2788 4168 in
2818 4114 2925 4169 hac
2948 4113 3062 4168 vita
3097 4113 3378 4169 invenitur
3416 4115 3569 4170 alius
3592 4116 3699 4171 alio
3718 4130 3818 4170 san-

2228 4201 2390 4268 ctior,
2418 4203 2498 4259 sic
2524 4203 2580 4259 in
2609 4204 2699 4261 illa
2729 4204 3068 4263 beatitudine
3092 4206 3232 4263 alius
3254 4207 3551 4264 invenitur
3579 4210 3687 4264 alio
3706 4209 3815 4264 em"

2228 4291 2466 4358 neutior,
2503 4303 2686 4350 tamen
2714 4296 3087 4367 unusquisque
3107 4296 3253 4366 quod
3279 4311 3393 4351 non
3422 4298 3662 4355 habebit
3684 4300 3736 4354 in
3756 4313 3819 4363 se,

2226 4384 2526 4455 possidebit
2557 4387 2610 4443 in
2642 4386 2814 4444 altero
2845 4404 2943 4459 per
2967 4390 3252 4446 charitatis
3280 4404 3562 4447 amorem.
3596 4391 3820 4462 ﬂiach

2228 4477 2447 4533 beatum
2461 4477 2563 4534 Job
2576 4480 2775 4535 dicitur
2792 4498 2806 4535 :
2825 4478 3032 4536 Parvus
3051 4490 3100 4536 et
3122 4498 3351 4551 magnus
3372 4483 3454 4537 ibi
3474 4496 3631 4551 sunt,
3648 4487 3821 4555 rupe

2149 4614 2204 4677 Β
2230 4570 2400 4627 stolus
2417 4588 2431 4626 :
2449 4569 2617 4637 Stella
2638 4589 2671 4628 a
2691 4572 2845 4639 stella
2866 4574 3047 4645 differt
3067 4576 3124 4630 in
3143 4574 3416 4644 claritate,
3431 4577 3514 4632 sic
3539 4589 3592 4633 et
3622 4594 3822 4633 ruam

2230 4665 2333 4720 otio
2347 4677 2675 4723 mortuorum
2691 4665 2741 4739 (I
2757 4666 2881 4722 Cor.
2899 4666 3013 4737 xv).
3026 4666 3162 4722 Nam
3182 4683 3282 4739 per
3301 4670 3823 4729 aurumclaritasde

2230 4757 2480 4829 signatur
2501 4766 2721 4814 aeternae
2756 4758 3154 4824 retributionis,
3184 4774 3284 4831 per
3318 4760 3533 4823 vitrum
3572 4776 3705 4816 vero
3738 4775 3822 4830 μα

2230 4855 2368 4909 ritas
2407 4854 2591 4911 cordis
2631 4854 2848 4913 illorum
2888 4854 3234 4925 exprimitur,
3276 4869 3404 4926 quae
3441 4864 3580 4912 tunc
3616 4853 3823 4925 siuﬁs

2231 4947 2462 5004 invicem
2492 4947 2946 5005 manifestabitur.
2975 4947 3170 5004 [isdem
3200 4948 3385 5019 itaque
3412 4948 3663 5005 metallis
3686 4951 3827 5005 adsr-

2229 5049 2393 5095 natur
2421 5038 2618 5109 platea,
2651 5039 2850 5110 quibus
2872 5048 2928 5097 et
2954 5040 3097 5096 muri
3123 5059 3141 5095 :
3167 5039 3293 5110 quia
3322 5055 3435 5096 non
3465 5041 3603 5096 licet
3633 5049 3826 5096 tantam

2228 5131 2466 5187 habeant
2490 5130 2719 5202 gloriam
2748 5132 3005 5201 subjecti,
3029 5140 3289 5202 quantam
3314 5131 3540 5202 praelati
3568 5143 3627 5189 et
3656 5135 3828 5189 doctio-

2229 5240 2320 5282 res
2346 5225 2626 5293 Ecclesiae,
2662 5235 2842 5283 tamen
2870 5227 2953 5299 (ut
2979 5225 3183 5282 dictum
3212 5225 3318 5297 est)
3348 5227 3503 5296 quod
3524 5227 3582 5283 in
3604 5242 3670 5284 se
3692 5231 3827 5299 quis-

2228 5331 2334 5390 que
2364 5317 2755 5387 nonghabebit,
2792 5318 3089 5390 possidebit
3115 5319 3168 5374 in
3198 5318 3373 5379 altero
3407 5333 3515 5391 per
3548 5321 3829 5377 charitatis

2228 5410 2499 5475 ardorem,
2521 5410 2739 5481 quando
2758 5409 2905 5467 sicut
2923 5409 3216 5483 Apostolus
3240 5410 3376 5465 dicit
3398 5427 3414 5465 :
3435 5411 3544 5466 erit
3565 5412 3680 5467 illis
3694 5411 3827 5467 Dm

2228 5501 2407 5557 omnia
2435 5502 2494 5555 in
2520 5501 2763 5558 omnibus
2795 5500 2848 5572 (I
2873 5499 3001 5557 Cor.
3030 5500 3145 5575 xv).
3187 5500 3343 5557 Unde
3370 5503 3635 5568 sequitur
3660 5523 3674 5558 :

2300 5593 2369 5651 Et
2408 5595 2656 5666 templum
2696 5612 2801 5653 non
2837 5595 2945 5651 vidi
2981 5598 3038 5651 in
3081 5612 3166 5652 ea.
3210 5595 3477 5652 Donatius
3508 5598 3657 5653 enim
3694 5597 3827 5653 Deus

2224 5688 2550 5759 omnipotens
2576 5685 2827 5760 templum
2856 5688 3000 5745 illius
3031 5698 3108 5745 est
3143 5698 3192 5745 et
3217 5706 3410 5761 agnus.
3438 5689 3707 5749 Praesens
3736 5691 3827 5747 Ec-

2224 5781 2389 5838 clesia
2421 5782 2680 5854 templum
2707 5781 2805 5840 Dei
2833 5790 2940 5849 est,
2964 5783 3123 5855 juxta
3149 5781 3298 5853 quod
3323 5782 3636 5854 Apostolus
3666 5787 3826 5842 dicit:

2227 5871 2497 5929 Templum
2510 5872 2651 5930 enim
2664 5871 2760 5931 Dei
2770 5882 3011 5931 sanctum
3021 5881 3099 5930 est
3108 5871 3249 5943 quod
3258 5874 3385 5931 eatis
3400 5889 3493 5931 eos
3508 5873 3567 5947 (Ι
3583 5875 3718 5933 Cor.
3732 5892 3787 5931 ιιι
3800 5899 3827 5929 ι.
