3990 6332
283 319 421 376 1909

1219 312 1582 373 EXPOSITIO
1620 315 1687 372 IN
1725 314 2229 372 APOCALYPSIN.
2272 347 2341 357 —
2382 317 2512 372 LIB.
2557 316 2667 374 Vll.

3427 317 3573 380 1210

281 434 484 490 Tamen
529 431 694 486 habet
751 430 914 485 etiam
964 429 1080 501 ipsa
1133 428 1388 500 templum
1439 426 1748 500 corporale,
1809 427 2269 494 idAvertetillud
2285 426 2620 504 (Prov.xx1).
2641 430 3571 505 lstiitaquereges,hocest,omues

279 536 365 584 est
390 523 568 579 locum
595 521 888 588 orationis,
929 537 1036 593 quo
1075 521 1401 576 conveniunt
1446 519 1632 574 fideles
1669 519 1736 574 ad
1776 533 1871 574 au-

281 619 475 677 dienda
514 619 697 674 divina
731 617 944 689 eloquia
981 625 1036 672 et
1077 616 1398 674 celebranda
1444 615 1645 672 Christi
1681 631 1869 671 sacra-

279 723 482 774 menta.
541 712 634 768 llla
679 723 859 768 autem
901 711 1143 768 caelestis
1188 711 1380 766 civitas
1417 708 1716 765 Jerusalem
1756 709 1870 779 jam

278 822 385 862 non
424 804 642 862 habebit
686 804 946 874 templum
976 803 1220 866 visibilc,
1267 801 1393 872 quia
1435 798 1692 854 Dominus
1729 799 1871 852 Deus

277 897 626 966 omnipotens
654 895 820 951 Pater
849 903 906 950 et
933 897 1116 966 Agnus
1147 895 1222 965 (id
1252 901 1336 948 est
1371 891 1540 946 Filius
1569 891 1707 962 Dei),
1738 899 1872 946 tem-

277 987 425 1060 plum
455 985 573 1056 ejus
601 996 705 1042 est.
745 987 880 1041 Hinc
908 985 1106 1040 Paulus
1133 983 1266 1038 dicit
1291 1001 1303 1036 :
1333 981 1448 1037 Non
1488 983 1633 1036 enim
1674 981 1726 1035 in
1758 997 1871 1035 ma-

276 1079 510 1136 nul'actis
542 1077 874 1134 habitaculis
898 1075 1055 1131 Jesus
1078 1074 1338 1136 introivit,
1367 1082 1422 1128 et
1451 1072 1598 1135 alibi,
1630 1070 1868 1126 Christus

274 1169 525 1225 assistens
569 1167 806 1237 pontifex
854 1165 1154 1235 futurorum
1206 1163 1480 1227 bonorum,
1522 1177 1615 1232 per
1645 1159 1868 1231 amplius

273 1273 321 1316 et
337 1259 618 1330 perfectius
634 1255 1026 1313 tabernaculum
1051 1271 1152 1308 non
1176 1258 1559 1323 manulaetum,
1586 1254 1640 1306 id
1667 1265 1742 1306 est
1765 1268 1868 1306 non

273 1351 434 1420 hujus
451 1351 751 1416 creationis,
767 1344 997 1403 introivit
1011 1347 1168 1402 semel
1195 1348 1248 1401 in
1269 1357 1450 1400 sancta
1469 1344 1656 1418 (Hebr.
1675 1346 1776 1416 Ix).
1797 1345 1864 1400 Et

272 1446 378 1501 hoc
401 1443 678 1515 templum,
711 1444 764 1498 id
791 1452 876 1498 est
898 1450 1066 1496 totam
1091 1439 1434 1503 Trinitatem,
1465 1455 1606 1495 nunc
1625 1438 1868 1495 Ecclesia
1907 1481 1910 1488 .

270 1537 515 1608 possidet
539 1551 639 1606 per
670 1536 848 1598 fidem,
893 1543 1022 1589 tunc
1066 1548 1198 1588 vero
1240 1532 1537 1603 possidebit
1563 1547 1662 1603 per
1689 1533 1864 1588 mani-

271 1626 470 1684 festam
496 1629 754 1699 speciem,
791 1627 1008 1698 quando
1035 1628 1142 1683 erit
1164 1627 1306 1683 Deus
1327 1628 1508 1684 omnia
1535 1629 1588 1682 in
1617 1629 1868 1684 omnibus

271 1729 328 1774 et
359 1723 411 1776 in
445 1721 558 1776 illo.
606 1721 724 1776 Erit
765 1722 910 1776 enim
955 1730 1083 1776 tunc
1113 1721 1372 1792 templum
1403 1721 1674 1786 Ecclesiae,
1705 1721 1867 1778 Pater

1966 520 2119 590 justi,
2147 536 2297 577 suam
2324 521 2550 593 gloriam
2587 533 2642 579 et
2686 524 2974 590 honorem,
3012 526 3158 597 quod
3194 527 3427 599 idipsum
3458 541 3560 599 est,

1970 615 2209 670 referent
2233 617 2298 670 ad
2325 616 2470 671 illam
2501 617 2781 674 caelestem
2819 616 3144 686 Jerusalem,
3181 621 3307 691 quia
3345 636 3564 682 omnem

1970 723 2124 763 suam
2152 711 2644 767 remunerationem
2667 721 2723 766 et
2743 713 3186 782 prosperitatem,
3212 722 3374 784 atque
3399 731 3564 774 onttte

1969 815 2126 858 suum
2151 802 2404 872 gaudium
2428 812 2483 858 et
2502 804 2918 860 exsultationem
2945 804 3018 859 ibi
3045 804 3310 877 recipient
3334 820 3350 860 :
3380 817 3434 862 et
3457 823 3566 878 quo

1970 892 2200 962 amplius
2226 895 2278 948 in
2315 897 2568 963 praesenti
2599 896 2707 950 vita
2743 895 3056 967 aﬂliguntur
3082 909 3137 951 et.
3163 896 3563 966 despiciuntur,

1968 999 2034 1040 eo
2059 984 2289 1054 amplius
2313 985 2384 1039 ibi
2412 985 2812 1042 exaltabuotur.
2841 987 2960 1054 Quo
2985 995 3172 1042 contra
3203 989 3439 1059 reprobi,
3471 991 3563 1062 qui

1969 1075 2024 1130 in
2054 1075 2306 1144 praesenti
2336 1091 2488 1130 suam
2524 1077 2752 1148 gloriam
2784 1088 2840 1134 et
2879 1079 3137 1134 honorem
3174 1081 3476 1150 possident,
3511 1091 3564 1138 et

1970 1165 2022 1219 in
2050 1167 2326 1237 prosperis
2353 1168 2513 1238 hujus
2535 1169 2728 1224 saeculi
2748 1185 2805 1225 se
2838 1171 3158 1235 extendunt,
3195 1171 3266 1226 lbi
3294 1173 3444 1227 vacui
3478 1189 3565 1228 re-

1969 1261 2283 1314 manebunt.
2319 1259 2472 1315 Unde
2500 1259 2761 1317 Dominus
2789 1263 2919 1317 dicit
2946 1281 2958 1316 :
2995 1261 3088 1318 Va:
3117 1264 3256 1318 vobis
3292 1263 3564 1332 divitibus,

1966 1353 2057 1424 qui
2083 1352 2167 1406 hic
2191 1353 2392 1408 habetis
2419 1355 2824 1411 consolationem
2853 1367 3072 1411 vestram
3111 1355 3265 1426 (Luc.
3293 1357 3393 1428 VI).
3427 1356 3564 1424 Quia

1969 1444 2113 1499 enim
2145 1444 2318 1498 sancti
2356 1443 2409 1498 in
2454 1445 2706 1514 praesenti
2744 1445 2856 1498 vita
2903 1445 3130 1516 gloriam
3172 1442 3329 1514 hujus
3358 1445 3561 1511 szeculi,

1968 1551 2087 1606 quae
2128 1537 2480 1606 reproborum
2520 1546 2624 1603 est,
2664 1552 2769 1592 non
2811 1546 3021 1601 amant,
3065 1537 3266 1593 idcirco
3306 1552 3459 1592 suam
3496 1538 3563 1594 ad

1967 1637 2228 1684 aeternam
2277 1627 2592 1684 felicitatem
2637 1629 2864 1701 gloriam
2907 1627 3185 1693 deferunt,
3235 1629 3448 1700 quando
3490 1629 3562 1684 ibi

1968 1723 2190 1779 exaltati
2223 1725 2733 1789 remunerabuntur,
2767 1740 2890 1779 cum
2917 1733 2972 1778 et
2999 1723 3088 1777 uni
3120 1723 3334 1778 illorum
3368 1724 3568 1779 dixerit

271 1832 395 1883 cum
433 1816 572 1872 Filio
617 1825 673 1870 et
715 1814 917 1886 Spiritu
969 1822 1190 1880 sancto“,
1236 1815 1364 1884 quia
1412 1815 1737 1870 inhabitabit
1780 1813 1867 1871 ille
1895 1807 1942 1868 Β
1972 1817 2232 1872 D..minus
2260 1835 2273 1871 :
2305 1815 2385 1871 Tu
2415 1828 2524 1872 esto
2559 1835 2721 1888 supra
2760 1817 2936 1871 decem
2972 1818 3242 1880 civitates;
3268 1816 3427 1872 alteri
3464 1832 3563 1870 au-

269 1909 572 1965 Ecelesiam
604 1908 862 1980 regendo,
891 1915 946 1962 et
993 1907 1097 1962 ista
1148 1907 1475 1962 inbabitabit
1514 1907 1664 1961 illum
1705 1908 1758 1962 in
1800 1923 1866 1964 eo

271 2000 623 2071 quiescendo.
647 2000 704 2055 ln
728 2015 834 2070 qua
860 1999 1072 2055 scilicet
1093 1999 1394 2065 mansione,
1427 1999 1480 2055 id
1504 2008 1587 2056 est
1609 2000 1661 2054 in
1685 2001 1864 2055 divina

266 2093 627 2160 protectione,
659 2093 832 2148 tribus
861 2091 1213 2162 qualitatibus
1253 2092 1480 2163 vigebit,
1510 2094 1635 2164 quia
1671 2093 1742 2148 ibi
1765 2093 1864 2149 ha-

268 2183 416 2239 bebit
441 2199 563 2240 esse
585 2185 840 2250 feliciter,
866 2164 924 2239 et
949 2199 1108 2239 nosse
1129 2192 1372 2238 sanctam
1397 2183 1719 2239 Trinitatem
1747 2201 1868 2256 per-

269 2275 427 2339 fecte,
456 2285 511 2330 et
534 2291 653 2330 eam
685 2291 848 2346 quam
877 2276 1108 2340 noverit,
1134 2275 1356 2346 diligere
1379 2284 1544 2330 caste.
1577 2275 1633 2330 ln
1663 2277 1744 2332 his
1768 2292 1865 2331 au-

270 2374 376 2422 tem
410 2367 584 2423 tribus
610 2365 1008 2421 beatitudinum
1039 2366 1394 2437 qualitatibus
1442 2369 1624 2424 omnis
1651 2384 1863 2424 summa

264 2460 625 2515 beatitudinis
651 2459 919 2516 consistit.
1775 2534 1778 2537 π

344 2550 413 2605 Ει
446 2551 629 2606 civitas
661 2567 767 2606 non
801 2561 914 2622 eget
945 2551 1056 2607 sole
1093 2568 1259 2623 neque
1287 2551 1439 2619 luna,
1480 2561 1538 2608 ut
1571 2553 1777 2609 luceant
1808 2557 1865 2611 in

263 2660 347 2700 ea.
377 2642 505 2700 Haec
541 2640 839 2699 Jerusalem
879 2659 1002 2715 quae
1043 2645 1099 2699 in
1141 2645 1398 2715 prtesenti
1434 2647 1634 2717 agitur,
1681 2648 1736 2702 in
1773 2649 1864 2706 die

263 2736 466 2792 fruitur
503 2735 707 2793 lumine
744 2737 896 2803 solis,
934 2746 1096 2795 nocte
1128 2751 1259 2794 vero
1297 2737 1501 2795 lumine
1544 2740 1681 2796 lunae
1715 2759 1728 2795 :
1769 2741 1860 2798 illa

259 2838 448 2898 autem
491 2831 730 2886 ctelestis
773 2829 1079 2888 Jerusalem
1127 2833 1262 2888 nihil
1315 2833 1508 2890 horum
1557 2833 1858 2908 indigebit,

259 2924 385 2993 quia
412 2937 603 2978 verum
628 2923 848 2979 habebit
873 2924 1074 2991 lumen,
1099 2925 1244 2995 quod
1267 2940 1374 2982 non
1404 2926 1576 2982 solum
1603 2943 1858 2998 corpora,

259 3016 349 3069 sed
381 3015 552 3070 etiam
582 3023 794 3070 mentes
821 3015 1158 3087 singulorum
1197 3017 1545 3085 illuminabit,
1586 3023 1728 3077 unde
1767 3037 1857 3078 se-

259 3109 446 3178 quitur
470 3126 483 3162 :
511 3106 655 3162 Nam
681 3107 900 3163 claritas
928 3108 1027 3164 Dei
1052 3109 1371 3165 illuminabit
1404 3129 1541 3167 eam.
1566 3113 1686 3182 Ipse
1709 3116 1855 3170 enim

1971 1915 2079 1961 tem
2110 1905 2223 1961 :Tu
2250 1918 2358 1962 esto
2385 1925 2546 1978 supra
2577 1909 2828 1980 quinque,
2864 1908 3004 1963 sicut
3043 1907 3092 1962 in
3119 1906 3410 1977 Evangelio
3448 1907 3563 1976 ipse

1969 1998 2490 2056 manifestat.Aliter
2514 2019 2526 2056 :
2554 2001 2728 2071 Reges
2753 2010 2910 2055 terra:
2932 2000 3307 2071 intelliguntur
3333 2000 3562 2070 apostoli

1969 2090 2261 2162 canorique
2285 2092 2693 2162 praedicatores,
2723 2091 2816 2162 qui
2849 2100 3067 2162 propter
3091 2091 3330 2161 regimen
3360 2091 3566 2146 anima-

1969 2199 2089 2238 rum
2115 2199 2252 2254 quas
2281 2195 2504 2256 regunt,
2536 2184 2660 2255 jure
2695 2201 2850 2256 reges
2882 2193 3164 2240 vocantur.
3202 2184 3294 2240 Isti
3337 2184 3566 2241 afferent

1967 2279 2196 2350 gloriam
2226 2288 2284 2336 et
2313 2282 2574 2336 honorem
2605 2281 2659 2336 in
2708 2280 2876 2346 illam,
2915 2281 3020 2336 hoc
3055 2288 3155 2344 est,
3200 2295 3392 2335 omnes
3426 2297 3562 2352 quos

1966 2370 2184 2427 Christo
2220 2373 2593 2444 acquisierunt
2630 2389 2724 2430 sua
2764 2374 3149 2446 praedicatione
3195 2381 3249 2429 et
3289 2373 3558 2430 doctrina.

1968 2461 2122 2518 Unde
2142 2461 2344 2520 Paulus
2366 2463 2688 2534 quibusdam
2718 2465 2850 2520 dicit
2873 2485 2886 2520 ;
2916 2462 3100 2520 Gloria
3127 2474 3305 2520 nostra
3326 2482 3416 2520 vos
3439 2466 3562 2521 estis

1965 2553 2020 2607 in
2049 2553 2134 2607 die
2170 2553 2382 2608 Domini
2414 2556 2581 2610 nostri
2613 2555 2742 2610 Jesu
2781 2554 2976 2610 Christi
3018 2553 3105 2626 (ΙΙ
3145 2552 3266 2610 Cor.
3310 2553 3372 2628 ι),
3413 2565 3563 2611 recte

1964 2646 2113 2700 enim
2143 2644 2314 2715 gloria
2345 2660 2534 2717 regum
2562 2653 2618 2701 et
2643 2647 2818 2702 honor
2852 2658 3118 2702 vocantur
3143 2645 3200 2700 hi
3235 2661 3334 2716 pro
3363 2645 3562 2716 quibus

1965 2739 2126 2795 iidem
2157 2755 2314 2812 reges
2342 2749 2692 2797 coronantur.

2035 2829 2104 2884 Et
2134 2841 2299 2900 portae
2328 2830 2442 2901 ejus
2471 2847 2574 2886 non
2605 2831 2918 2886 claudentur
2950 2848 3042 2903 per
3066 2831 3224 2888 diem.
3259 2832 3448 2906 Magna
3480 2849 3560 2890 se-

1963 2924 2170 2980 curitas
2189 2923 2294 2979 erit
2318 2924 2372 2980 in
2393 2922 2694 2980 Jerusalem
2717 2925 2951 2990 caelesti,
2976 2925 3065 2980 ubi
3091 2924 3250 2980 nullae
3263 2924 3374 2994 jam
3398 2936 3562 2984 erunt

1961 3016 2172 3072 insidia:
2195 3016 2421 3082 inimici,
2448 3025 2504 3071 et
2526 3017 2728 3072 idcirco
2749 3026 2922 3088 portae
2942 3015 3059 3086 ejus
3082 3033 3189 3072 non
3219 3017 3554 3083 claudentur,

1961 3109 2088 3180 quia
2114 3107 2365 3164 videlicet
2390 3108 2506 3163 dies
2535 3109 2641 3164 erit
2664 3109 2735 3164 ibi
2759 3119 3040 3181 perpetua,
3065 3112 3151 3166 cui
3171 3126 3280 3166 nox
3305 3125 3408 3166 non
3431 3127 3556 3166 suc-

257 3202 426 3268 Deus,
459 3201 550 3272 qui
579 3216 724 3257 nunc
753 3201 1021 3257 illuminat
1043 3213 1256 3260 mentes
1280 3205 1518 3261 ﬁdelium
1545 3222 1643 3278 per
1671 3208 1852 3276 fidem,

1965 3201 2134 3256 cedet.
2159 3197 2312 3254 Unde
2340 3199 2586 3268 sequitur
2615 3218 2628 3254 :
2662 3197 2788 3254 Nos:
2813 3217 2916 3255 non
2941 3201 3038 3255 erit
3062 3200 3191 3256 illic.
3233 3201 3340 3258 Sed
3370 3201 3554 3258 videa-

256 3294 369 3366 ipse
415 3294 529 3365 jam
573 3305 702 3351 tunc
747 3296 920 3352 multo
963 3299 1137 3369 magis
1175 3298 1522 3364 illuminabit,
1563 3317 1687 3355 cum
1729 3316 1854 3357 eum

255 3389 446 3462 videre
485 3389 784 3445 meruerint
824 3388 964 3446 facie
991 3391 1059 3445 ad
1088 3389 1304 3447 faciem.
1351 3391 1488 3447 Hinc
1527 3393 1568 3464 i1
1584 3408 1642 3448 se
1675 3393 1851 3450 dicit:

256 3480 409 3537 Beati
455 3483 654 3538 mundo
701 3483 893 3548 corde,
941 3484 1192 3555 quoniam
1246 3486 1349 3555 ipsi
1395 3485 1566 3540 Deum
1612 3488 1856 3544 videbunt

261 3575 499 3645 (Matth.
542 3577 636 3646 v).
690 3577 760 3630 Et
813 3577 1030 3631 lucerna
1079 3578 1195 3647 ejus
1241 3577 1442 3650 Agnus.
1498 3579 1742 3635 Lucerna
1787 3581 1856 3636 ad

258 3665 438 3736 ignem
466 3667 720 3734 pertinet.
750 3664 886 3720 Nam
915 3681 1157 3734 praesens
1179 3667 1421 3722 Ecclesia
1449 3679 1574 3738 eget
1609 3670 1855 3736 lucerna,

258 3758 363 3814 hoc
403 3765 490 3814 est
531 3759 654 3829 igne
700 3757 970 3828 corporali
1013 3757 1325 3813 illuminari.
1370 3758 1464 3813 llla
1515 3767 1696 3814 autem
1739 3759 1854 3829 jam

257 3865 367 3906 non
400 3851 662 3923 indigebit
698 3852 801 3906 hac
841 3851 946 3907 frui
986 3851 1230 3917 lucerna,
1263 3852 1389 3922 quia
1420 3851 1599 3909 lumen
1626 3854 1743 3925 ejus
1773 3864 1857 3912 est

260 3955 454 4012 agnus,
504 3942 556 3997 id
602 3950 688 3997 est
730 3941 869 3997 visio
914 3942 1115 3997 Christi
1161 3957 1284 3998 cum
1338 3941 1500 3997 Patre
1545 3952 1600 3999 et
1649 3945 1856 4016 Spiritu

259 4043 470 4098 sancto,
497 4034 565 4089 de
591 4033 709 4104 ipso
737 4032 882 4089 enim
901 4031 1038 4087 Filio
1063 4033 1116 4088 in
1136 4031 1273 4088 libro
1297 4032 1592 4104 Sapientiae
1619 4035 1850 4092 dicitur:

258 4127 474 4183 Candor
492 4129 629 4183 enim
643 4138 719 4183 est
733 4127 867 4182 lucis
882 4138 1092 4183 wtermr
1105 4127 1259 4200 (Sep.
1276 4127 1394 4201 vn).
1411 4127 1546 4197 Quae
1563 4130 1653 4186 lux
1668 4132 1856 4203 utique

258 4221 311 4275 in
341 4221 597 4292 praesenti
624 4221 794 4276 videri
828 4219 1198 4291 nequit.llnde
1233 4219 1497 4276 Dominus
1531 4225 1598 4276 ad
1635 4221 1855 4295 Moysen

257 4313 429 4370 dicit:
465 4312 590 4369 Non
629 4313 768 4368 enim
805 4311 1006 4367 videbit
1050 4327 1136 4368 me
1175 4313 1333 4368 homo
1379 4322 1428 4368 et
1470 4312 1601 4368 vivet
1639 4312 1850 4386 (Exod.

258 4407 480 4481 xxxm).

325 4499 394 4554 Et
431 4498 774 4555 ambulabunt
808 4508 983 4570 gentes
1015 4515 1109 4570 per
1133 4498 1308 4554 lumen
1337 4498 1470 4570 ejus.
1509 4499 1718 4556 Lumen
1744 4502 1850 4558 Ec-

1961 3307 2082 3347 mus
2121 3291 2394 3362 quomodo
2443 3291 2497 3346 in
2546 3291 2800 3362 praesenti
2843 3293 2954 3346 vita
2994 3292 3321 3347 clauduntur
3360 3299 3556 3364 portae,

1959 3401 2081 3457 quae
2117 3385 2304 3456 utique
2331 3385 2712 3465 praedicatores
2758 3384 3149 3457 intelliguntur,
3188 3401 3288 3457 per
3325 3401 3556 3457 quorum
3621 3417 3634 3422 -

1959 3478 2320 3534 ministerium
2334 3476 2630 3534 Ecclesiam
2649 3477 2937 3534 intramus.
2956 3476 3132 3533 Porta:
3152 3478 3296 3534 enim
3318 3478 3558 3536 civitatis

1959 3571 2085 3629 dum
2115 3569 2462 3635 clauduntur,
2497 3571 2927 3641 ingredientibus
2955 3570 3161 3626 aditum
3187 3585 3294 3626 non
3325 3570 3554 3642 permit-

1959 3672 2098 3718 tunt.
2126 3663 2312 3732 Itaque
2332 3662 2489 3731 quasi
2512 3663 2841 3718 clauduntur
2859 3671 3051 3733 portae,
3077 3663 3201 3718 dum
3224 3663 3398 3718 sancti
3419 3677 3557 3734 prae-

1960 3755 2232 3811 dicatores
2277 3751 2552 3808 diabolum
2593 3753 2860 3823 repellunt
2896 3770 2926 3808 a
2977 3753 3231 3808 cordibus
3275 3753 3552 3820 fidelium,

1960 3846 2169 3916 ipsique
2192 3845 2400 3900 aditum
2427 3843 2765 3916 ingrediendi
2795 3845 3083 3915 denegant,
3109 3845 3234 3900 dum
3265 3843 3447 3900 fideles
3473 3845 3553 3900 in-

1959 3944 2179 3998 struunt
2216 3937 2488 4008 quomodo
2515 3936 2633 4007 ejus
2683 3935 3073 3992 tentationibus
3100 3937 3380 3992 resistant.
3413 3936 3552 3994 Hinc

1957 4027 2155 4085 Petrus
2178 4029 2348 4085 dicit:
2380 4028 2728 4084 Adversarius
2755 4039 2921 4084 vester
2947 4038 3195 4100 tanquam
3229 4028 3310 4083 leo
3339 4035 3550 4102 rugiens

1959 4121 2162 4183 circuit,
2206 4135 2447 4191 quaerens
2481 4135 2634 4191 quem
2665 4119 2894 4186 devoret,
2930 4120 3016 4174 cui
3046 4120 3268 4174 resistite
3305 4119 3468 4189 fortes
3493 4120 3550 4175 in

1957 4211 2061 4282 ﬁde
2095 4209 2193 4281 (Il
2227 4208 2374 4266 Petr.
2406 4212 2495 4282 v).
2541 4209 2668 4266 Ideo
2701 4218 2884 4264 autem
2914 4208 2987 4264 ibi
3015 4209 3146 4264 dicit
3175 4227 3188 4263 :
3224 4207 3404 4264 Porta:
3431 4209 3548 4280 ejus

1958 4321 2061 4359 non
2083 4302 2419 4367 claudentur,
2449 4302 2575 4372 quia
2605 4301 2818 4358 sublato
2845 4300 3021 4358 noctis
3049 4300 3259 4366 timore,
3287 4312 3546 4372 perpetua

1958 4399 2074 4454 dies
2098 4399 2287 4454 electis
2313 4397 2556 4470 fulgebit.
2581 4394 2698 4451 Non
2717 4397 2834 4468 jam
2863 4396 3074 4451 dicetur
3098 4394 3171 4450 ibi
3195 4411 3211 4452 :
3243 4394 3470 4467 Vigilate
3494 4406 3545 4452 et

1959 4503 2102 4549 orate
2124 4491 2320 4565 (Marc.
2345 4492 2492 4563 XIII),
2519 4492 2662 4562 quod
2683 4492 2751 4547 ad
2775 4501 2989 4548 noctem
3011 4491 3356 4547 adversitatis
3379 4493 3546 4563 perti-

254 4593 433 4649 clesiae
459 4589 709 4647 Christus
731 4561 835 4646 est:
863 4561 1026 4647 Unde.
1040 4605 1139 4661 per
1163 4561 1624 4646 lsaiamvdicitur:
1655 4589 1846 4662 Surge,
1878 4561 1930 4622 Ῑ)
1955 4594 2066 4648 net,
2113 4561 2207 4641 sed
2237 4602 2251 4640 :
2293 4561 2488 4639 Vacate
2530 4561 2578 4639 et
2615 4584 2778 4639 videte
2829 4583 3075 4655 quoniam
3114 4599 3209 4656 ego
3245 4561 3542 4640 sum'Deiis

253 4687 576 4750 illuminare,
611 4683 928 4750 Jerusalem,
969 4683 1094 4754 quia
1132 4684 1268 4737 venit
1301 4681 1478 4736 lumen
1513 4692 1662 4736 tuum
1707 4681 1844 4753 (lsa.

253 4779 362 4850 ιχ).
397 4779 527 4835 Haec
556 4784 738 4832 autem
762 4777 926 4832 verba
958 4791 1064 4830 non
1091 4775 1159 4831 ad
1191 4773 1355 4830 futuri
1383 4775 1642 4846 temporis
1667 4790 1848 4830 remu-

255 4873 616 4936 nerationem,
669 4869 764 4926 sed
809 4869 876 4924 ad
920 4869 1205 4938 praesentis
1251 4869 1515 4935 laborem,
1562 4867 1844 4924 referenda

253 4980 373 5021 esse
400 4965 538 5022 satis
563 4964 762 5021 elucet.
789 4962 974 5032 Neque
994 4962 1139 5016 enim
1161 4961 1272 5031 jam
1300 4971 1427 5017 tunc
1447 4964 1621 5018 sancti
1652 4964 1706 5018 in
1731 4978 1846 5017 am-

255 5055 491 5112 bulando
513 5055 857 5120 laborabunt,
883 5053 978 5109 sed
1007 5061 1130 5123 post
1155 5053 1394 5109 laborem
1422 5053 1579 5109 beate
1601 5053 1850 5110 viventes

256 5147 556 5216 quiescent.
605 5145 758 5202 Nunc
796 5147 980 5216 itaque
1014 5143 1294 5199 ambulant
1341 5159 1442 5215 per
1483 5145 1664 5200 lumen
1707 5147 1846 5217 ejus,

255 5237 362 5293 hoc
393 5247 499 5304 est,
534 5252 631 5308 per
656 5236 858 5293 Christi
901 5236 1082 5302 fidem,
1123 5244 1461 5305 ceterasque
1495 5237 1747 5301 virtutes,
1789 5245 1850 5292 ut

256 5338 444 5398 postea
474 5329 852 5402 pervenientes
875 5329 942 5383 ad
972 5327 1204 5399 patriam
1233 5327 1532 5394 cmlestem,
1565 5329 1848 5399 quiescant

257 5419 312 5474 in
343 5422 462 5494 ipso
493 5424 724 5490 lumine,
768 5424 874 5479 hoc
913 5431 1016 5490 est,
1067 5424 1120 5479 in
1163 5424 1330 5495 ipsius
1371 5423 1462 5478 Dei
1506 5423 1844 5494 contempla-

217 5526 222 5531 ‘
253 5511 422 5569 tione.
456 5513 525 5571 Et
551 5533 694 5588 reges
721 5526 876 5571 terra!
909 5516 1128 5586 a/ferent
1166 5516 1389 5587 gloriam
1417 5532 1572 5571 suam
1604 5527 1652 5572 et
1681 5517 1848 5572 Itono-

255 5617 364 5657 rem
391 5605 449 5661 in
474 5606 648 5665 illam.
681 5607 858 5678 Reges
890 5615 1052 5662 terra:
1080 5607 1458 5680 intelliguntur
1481 5623 1673 5665 omnes
1689 5607 1844 5678 justi,

256 5695 348 5762 qui
372 5696 511 5755 bene
533 5713 592 5756 se
613 5714 736 5756 cum
765 5697 1025 5770 subjectis
1045 5713 1236 5770 regere
1261 5709 1530 5773 satagunt,
1559 5701 1628 5756 de
1649 5700 1847 5772 quibus

255 5782 460 5845 dictum
482 5801 568 5850 est
588 5805 604 5849 :
620 5791 728 5848 Cor
738 5791 874 5864 regis
886 5791 943 5846 in
956 5805 1120 5846 manu
1140 5789 1260 5858 Dei,
1273 5807 1584 5864 mentuque
1604 5790 1847 5860 voluerit,

1956 4678 2130 4748 (Psal.
2154 4678 2304 4750 ην),
2335 4678 2478 4748 quod
2523 4677 2592 4733 ad
2619 4677 2727 4734 diei
2758 4671 3020 4747 redigitur
3051 4677 3418 4732 securitatem.

2026 4772 2095 4826 Et
2126 4771 2348 4842 a/ferent
2379 4769 2602 4840 gloriam
2643 4778 2692 4825 et
2733 4771 2983 4824 honorem
3023 4771 3253 4842 gentium
3284 4769 3340 4822 in
3369 4768 3536 4824 illam.

1953 4863 2107 4919 Haud
2137 4862 2390 4926 dubium,
2427 4861 2531 4932 ipsi
2573 4860 2666 4932 qui
2711 4861 2959 4932 superius
3002 4859 3344 4932 appellantur
3387 4875 3542 4934 reges

1955 4965 2135 5022 terrae,
2165 4955 2220 5011 id
2246 4963 2332 5012 est
2359 4955 2532 5012 sancti
2564 4953 2968 5024 praedicatores,
2999 4953 3090 5023 qui
3121 4951 3346 5024 gloriam
3368 4962 3424 5008 et
3447 4954 3542 5009 ho-

1951 5063 2140 5105 norem
2179 5047 2420 5120 gentium
2463 5048 2519 5103 in
2559 5047 2702 5102 illam
2733 5046 3006 5100 civitatem
3033 5043 3282 5111 afferent,
3324 5046 3541 5116 quando

1951 5150 2239 5214 aggregata
2271 5139 2427 5196 turba
2459 5139 2718 5204 ﬁdelium,
2743 5139 2888 5210 ipsos
2914 5153 3050 5208 quos
3077 5139 3422 5209 praedicando
3445 5139 3541 5193 ad-

1949 5233 2227 5290 duxerunt
2250 5234 2319 5290 ad
2350 5233 2535 5300 fidem,
2571 5245 2756 5290 secum
2783 5233 2853 5288 ad
2881 5232 3114 5304 patriam
3143 5231 3420 5288 caelestem
3458 5231 3540 5288 in-

1952 5328 2259 5384 troduceut.
2311 5326 2502 5398 Magna
2551 5326 2695 5382 enim
2743 5326 2950 5398 gloria,
2993 5340 3326 5397 magnusque
3366 5323 3540 5380 honor

1949 5421 2188 5492 gentium
2226 5421 2283 5474 in
2321 5419 2466 5475 illam
2500 5419 2778 5476 civitatem
2813 5418 3090 5484 afferetur,
3132 5418 3262 5489 quia
3301 5416 3538 5472 maxima

1947 5528 2020 5568 ex
2040 5521 2201 5584 parte
2230 5526 2300 5567 ex
2329 5509 2460 5582 ipsis
2486 5511 2738 5583 gentibus
2768 5509 3136 5566 decorabitur.

2024 5603 2148 5660 Non
2185 5603 2402 5660 intrabit
2437 5604 2492 5658 in
2528 5601 2678 5658 illam
2715 5601 2912 5674 aliquid
2949 5602 3342 5672 coinqutnatum
3376 5607 3424 5652 et
3457 5597 3540 5669 fa-

1949 5701 2090 5755 ciens
2114 5697 2574 5753 abominationem.
2621 5694 2681 5750 In
2709 5695 2849 5752 hanc
2879 5693 3153 5749 civitatem
3179 5689 3536 5762 coinquinati,

1950 5795 2006 5853 id
2032 5801 2116 5851 est
2141 5790 2288 5848 vitiis
2311 5789 2594 5857 maculati,
2615 5797 2672 5846 et
2691 5787 2956 5846 facientes
2978 5783 3460 5851 abominationetn,
3483 5780 3541 5839 id
