3972 6482
469 454 604 512 1211

962 452 1055 508 ΗΑ
1066 451 1320 509 YMONIS
1357 444 1839 507 HALBERSTAT.
1881 446 2042 502 EPiSt

2145 446 2287 501 Dl‘P.
2332 442 2513 499 PARS
2552 434 3026 499 1.-(ΞΟΒΙΜΕΝΤ.
3068 441 3240 496 BIBL.

3674 436 3823 493 ηις

466 583 550 629 est
576 577 873 643 peccatum,
917 567 1079 624 simul
1104 570 1324 624 ‘intrant
1368 584 1490 624 cum
1527 567 1704 634 bonis,
1748 566 1873 637 quia
1913 566 2052 619 sicut
2080 566 2128 629 Α
2156 573 2210 617 et
2250 565 2304 617 in
2353 564 2491 616 libro
2536 562 2807 619 Geiieseos
2847 560 3095 632 legimus,
3141 563 3282 630 quod
3326 558 3538 615 fuerit
3590 557 3817 627 lignum

465 666 582 720 haec
608 663 717 719 vita
746 660 919 718 media
954 661 1096 715 inter
1124 660 1322 716 caelum
1351 669 1406 715 et
1435 667 1635 714 terram
1663 656 1938 721 consistit,
1976 656 2048 709 ita

466 757 748 828 utriusque
772 754 944 824 partis
968 753 1115 808 cives
1144 754 1198 808 in
1229 766 1287 809 se
1316 748 1573 809 continet.
1600 752 1656 807 In
1679 752 1823 806 illam
1845 758 2045 816 autem,

464 844 556 902 ubi
586 843 684 902 soli
715 852 876 900 erunt
905 840 1063 910 boui,
1114 858 1220 900 non
1262 843 1487 899 intrabit
1523 842 1928 912 coinquinatum
1952 881 1965 906 ,
1996 848 2051 895 et

463 934 670 991 faciens
699 930 1179 1001 abominationem,
1210 935 1261 990 id
1291 940 1372 990 est
1398 942 1702 1005 peccatum,
1740 932 1868 1003 quia
1905 930 2048 987 nulla

463 1028 568 1083 erit
592 1026 663 1085 ibi
689 1026 971 1099 permistio
1009 1026 1298 1093 malorum,
1339 1026 1432 1082 sed
1468 1025 1580 1081 sola
1621 1025 1853 1080 societas
1878 1022 2049 1080 bono-

464 1133 606 1175 rum.
646 1118 757 1175 Soli
802 1119 948 1174 enim
988 1117 1116 1174 boni
1159 1116 1463 1189 regnabant
1500 1100 1622 1172 cum
1652 1115 1889 1180 Christo,
1925 1128 2050 1171 cum

462 1226 569 1282 quo
599 1212 732 1267 etin
763 1220 870 1282 quo
906 1208 960 1266 in
999 1213 1190 1268 eadem
1228 1210 1529 1290 Jerusalem
1567 1210 1777 1267 cretes“
1819 1210 2051 1267 ielicitet‘

461 1305 876 1374 permanebunt.
908 1300 978 1358 Et
1013 1304 1658 1369 mendacium,subaudis,
1693 1319 1799 1359 non
1830 1303 2051 1359 intrabit

461 1394 517 1448 in
542 1408 683 1461 eam,
715 1392 769 1449 id
797 1401 881 1449 est
907 1389 1134 1464 quilibet
1158 1378 1277 1465 iam
1320 1394 1585 1450 mendacii
1624 1406 1821 1450 noxam
1861 1408 2052 1465 perpe-

461 1492 632 1541 trans.
673 1484 845 1542 Omne
886 1486 1032 1541 enim
1076 1486 1453 1552 mendacium,
1501 1486 1643 1541 sicut
1681 1487 2049 1556 supradictum

459 1586 562 1642 est,
593 1593 703 1633 non
733 1586 881 1633 caret
909 1583 1150 1648 peccato.
1192 1574 1313 1632 Nisi
1346 1578 1437 1648 qui
1471 1576 1652 1649 scripti
1686 1587 1806 1632 sunt
1830 1578 1884 1630 in
1916 1576 2048 1631 libro

462 1670 580 1724 ritu:
603 1670 760 1741 Agni,
794 1668 847 1725 id
874 1676 959 1725 est
990 1669 1043 1724 hi
1075 1669 1174 1725 soli
1202 1669 1576 1741 ingredientur
1601 1668 1875 1725 ctelestcm
1902 1667 2049 1724 Jeru-

459 1760 652 1827 salem,
691 1761 785 1832 qui
830 1761 883 1816 in
924 1759 1019 1816 Dei
1063 1761 1405 1833 przescientia
1450 1760 1517 1817 ad
1560 1761 1663 1817 hoc
1704 1771 1830 1816 ante
1869 1762 2048 1816 omnia

460 1851 654 1906 saecula
691 1859 816 1907 sunt
854 1852 1089 1923 prtesciti
1125 1861 1181 1908 et
1215 1852 1605 1923 praedestinati.
1655 1852 1814 1906 Liber
1850 1852 2049 1922 quippe

2152 654 2274 709 vitae
2304 654 2358 709 in
2387 654 2564 708 medio
2594 653 2855 724 paradisi,
2885 652 3029 723 quod
3068 651 3276 708 scilicet
3313 651 3572 724 lignum
3612 649 3817 704 Dolui-

2150 761 2276 800 num
2311 744 2494 800 Iesum
2523 744 2797 800 Christum
2827 744 3120 815 signiﬁcat,
3147 745 3238 815 qui
3266 744 3467 800 vitam
3514 751 3811 797 aeternam

2149 847 2372 910 prasstat
2407 854 2467 894 se
2510 838 2671 912 digne
2708 838 3136 894 comedentihus.
3178 837 3423 909 Lignum
3476 837 3705 903 itaque
3743 849 3808 889 es

2149 936 2377 999 utraque
2420 937 2574 1000 parte
2620 928 2856 984 [luminis
2899 935 3002 995 est,
3049 929 3177 999 quia
3218 927 3396 985 Vetus
3460 936 3538 982 et
3584 925 3805 982 Nom

2152 1022 2555 1077 Testamentum
2577 1020 2853 1077 Christum
2880 1022 3167 1076 annuntiat
3195 1040 3207 1075 :
3234 1029 3291 1076 et
3310 1020 3487 1092 quod
3514 1020 3584 1072 in
3612 1015 3803 1073 Veteri

2149 1114 2545 1184 prmnuntiatur
2602 1110 2876 1180 futurum,
2926 1112 3031 1168 hoc
3083 1110 3135 1167 in
3163 1110 3314 1168 Novo
3363 1108 3803 1167 manifestatur

2150 1205 2451 1275 impletum.
2490 1203 2596 1260 Per
2632 1218 2849 1261 menses
2882 1214 3063 1261 autem
3096 1204 3412 1268 duodecim,
3476 1204 3545 1256 in
3592 1202 3797 1272 quibus

2152 1297 2264 1367 ipse
2289 1296 2538 1352 Christus
2567 1295 2659 1367 qui
2687 1304 2771 1352 est
2800 1297 3003 1368 lignum
3027 1298 3174 1363 vitae,
3200 1310 3329 1350 suos
3351 1293 3546 1349 επεν(
3579 1292 3792 1348 fruetus

2151 1386 2432 1443 duodecim
2469 1387 2695 1459 apostoli
2714 1388 3097 1460 intelliguntur.
3117 1388 3437 1443 Dicitenim
3466 1388 3609 1456 ipse
3638 1386 3711 1440 de
3736 1400 3790 1441 se

2151 1478 2296 1532 etde
2327 1478 2455 1547 ipsis
2490 1477 2749 1548 apostolis
2787 1478 2840 1533 in
2874 1476 3202 1548 Evangelia:
3237 1476 3450 1531 Nonne
3496 1476 3785 1530 duodeci-

2150 1578 2269 1624 sunt
2293 1571 2437 1625 hanc
2465 1570 2611 1624 diei?
2654 1570 2836 1641 (Joan.
2867 1571 2943 1640 ιι)
2966 1570 3205 1641 seipsum
3234 1570 3554 1640 appellans
3603 1570 3777 1631 diem,

2150 1661 2314 1716 horas
2325 1670 2505 1717 autem
2520 1661 2800 1717 duodecim
2828 1662 3114 1733 apostolos.
3133 1662 3200 1717 Et
3214 1664 3344 1732 quia
3360 1677 3439 1717 ex
3457 1661 3777 1729 horisdics,

2151 1759 2205 1804 et
2253 1764 2319 1805 ex
2363 1751 2553 1806 diebus
2605 1764 2822 1807 menses
2849 1751 3185 1819 eﬁiciuntur,
3216 1754 3366 1823 quod
3411 1754 3777 1824 signiﬁcatu

2152 1841 2470 1912 simpliciter
2495 1854 2593 1913 per
2627 1840 2907 1898 duodecim
2940 1845 3123 1909 horas,
3141 1844 3246 1898 hoc
3265 1853 3323 1898 et
3341 1844 3770 1914 pet-duodecim

458 1943 579 1998 vitm
624 1943 762 2015 Agni
807 1943 890 2000 vis
931 1943 1249 2016 intelligitur
1315 1944 1702 2015 omnipotentis
1742 1942 1869 2012 Dei,
1909 1945 2042 2000 sicut

2151 1946 2387 1998 menses,
2417 1932 2470 1987 id
2496 1941 2575 1988 est
2601 1931 2702 2003 ipsi
2726 1933 3010 1988 duodecim
3033 1934 3283 2003 apostoli,
3310 1948 3412 2006 per
3436 1951 3597 2005 quos
3617 1935 3769 1990 Chri-

455 2038 822 2108 Snpradictum
860 2048 965 2107 est,
1004 2041 1131 2111 quia
1168 2040 1352 2097 omnia
1389 2041 1493 2097 scit
1529 2048 1817 2112 antequam
1855 2040 2006 2096 ﬁant.

1031 2174 1259 2231 CAPUT
1310 2174 1473 2232 XXII.

534 2305 601 2361 Et
637 2306 861 2362 ostendit
882 2307 1012 2361 mihi
1027 2306 1222 2378 ﬂumen
1245 2325 1396 2378 aqua:
1410 2305 1557 2375 vim,
1580 2306 1909 2378 splendidum
1933 2317 2051 2362 tan—

464 2417 621 2472 quam
652 2398 980 2470 crystallum,
1012 2400 1292 2468 procedens
1325 2400 1390 2454 de
1423 2399 1541 2454 sede
1570 2399 1727 2453 Deiet
1748 2398 1903 2470 Agni.
1928 2397 2052 2452 Flu-

463 2506 587 2548 men
620 2506 774 2563 aquae
801 2493 937 2547 vivae
966 2492 1284 2564 intelligitur
1306 2492 1551 2549 doctrina
1595 2493 1799 2549 Veteris
1826 2499 1880 2547 et
1916 2490 2051 2547 Novi

460 2582 813 2642 Testamenti.
848 2584 1001 2654 Quod
1014 2584 1159 2641 enim
1181 2602 1319 2657 aqua
1334 2585 1771 2657 praedicationem
1806 2594 2049 2639 sanctam

460 2675 752 2749 signiﬁcet,
791 2672 1045 2735 Salomon
1075 2677 1235 2735 docet
1262 2679 1353 2748 qui
1382 2678 1511 2733 dicit
1538 2697 1550 2732 :
1583 2678 1732 2750 Aqua
1760 2677 2047 2748 profunda,

458 2769 612 2824 verba
644 2785 707 2824 ea:
739 2786 829 2824 ore
869 2766 967 2825 viri
1003 2783 1022 2821 :
1061 2776 1106 2824 et
1132 2779 1332 2824 torrens
1355 2768 1674 2836 redundans,
1702 2767 1819 2839 fons
1843 2769 2052 2839 sapien-

453 2860 543 2913 tia:
573 2857 753 2927 (Prov.
780 2859 958 2931 xvm).
991 2860 1059 2914 Et
1085 2859 1347 2916 Dominus
1376 2858 1575 2916 dicitin
1602 2858 1923 2929 Evangelio:
1944 2858 2048 2924 Qui

453 2949 615 3003 credit
641 2950 695 3003 in
720 2966 819 3015 me,
853 2951 986 3005 sicut
1011 2950 1136 3005 dicit
1168 2949 1463 3024 Scriptura,
1506 2953 1728 3023 ﬂumina
1770 2951 1835 3006 de
1874 2962 2050 3008 uentre

447 3042 560 3112 ejus
592 3043 756 3112 ﬂuent
791 3058 943 3114 aqua:
979 3045 1107 3099 vivae
1143 3036 1336 3115 (Joan.
1371 3044 1503 3117 vn).
1542 3043 1649 3100 Sed
1680 3060 1804 3101 cum
1836 3057 1941 3101 una
1978 3048 2051 3100 sit

449 3132 698 3187 doctrina
720 3130 934 3189 Veteris
959 3141 1016 3189 et
1044 3133 1178 3190 Novi
1202 3134 1555 3200 Testamenti,
1580 3134 1861 3205 pluraliter
1878 3148 2050 3191 enun-

450 3222 638 3289 tiatur,
670 3224 797 3295 quia
827 3225 1038 3282 scilicet
1073 3235 1130 3282 et
1166 3226 1431 3282 unitatem
1470 3226 1594 3283 ﬁdei
1632 3228 1948 3297 annuntiat,
1991 3238 2047 3286 et

2153 2035 2268 2082 stus
2297 2025 2532 2081 fructum
2558 2041 2716 2081 suum
2746 2023 2921 2093 affert,
2952 2027 3053 2082 hoc
3083 2036 3192 2093 est,
3218 2028 3522 2092 miracula,
3562 2028 3767 2099 ριεὸ-

2152 2118 2418 2173 cationem
2456 2126 2618 2186 atque
2663 2132 2829 2189 opera
2870 2118 3135 2176 ctelestia.
3173 2119 3317 2176 Hinc
3362 2120 3417 2177 in
3462 2121 3765 2192 Evangelia

2150 2208 2364 2279 legitur,
2393 2225 2516 2281 quia
2545 2209 2777 2280 proiecti
2807 2212 3239 2282 praedicaverunt
3270 2213 3484 2283 ubique
3524 2215 3757 2269 Doluino

2150 2310 2495 2372 cooperante.
2526 2300 2662 2356 Hinc
2688 2311 2747 2358 et
2772 2302 2972 2359 Paulus
2995 2303 3128 2358 dicit
3160 2319 3175 2357 :
3213 2304 3295 2358 As
3330 2309 3745 2374 experimenta

2150 2396 2388 2466 quaeritis
2434 2395 2548 2465 ejus
2602 2396 2693 2466 qui
2752 2396 2809 2449 in
2847 2411 2929 2450 nte
2958 2394 3192 2467 loquitur
3229 2394 3447 2450 Cit-rivus
3476 2396 3569 2468 (ll
3589 2397 3718 2450 Cor.

2154 2487 2323 2558 xm)?
2352 2485 2594 2557 singula,
2626 2487 2946 2542 subauditur
2973 2486 3115 2559 ligna
3136 2527 3151 2553 ,
3204 2488 3453 2541 reddentis
3488 2488 3723 2556 (metu:

2152 2586 2325 2633 suum.
2354 2578 2506 2646 Quod
2538 2579 2858 2652 intelligitur
2888 2594 2987 2649 per
3023 2594 3263 2645 menses,
3289 2581 3394 2657 hoc
3416 2579 3735 2651 intelligitur

2152 2681 2209 2727 et
2233 2686 2330 2743 per
2353 2672 2517 2742 ligna,
2548 2686 2669 2742 quas
2693 2674 2762 2727 ab
2793 2673 2912 2744 ipso
2934 2672 3119 2743 stipite
3141 2675 3435 2744 promunt,
3460 2672 3737 2730 dimicem

2152 2763 2401 2818 videlicet
2422 2763 2674 2833 apostoli,
2706 2765 2839 2829 etin
2867 2764 3000 2835 ipsis
3025 2778 3216 2821 carnes
3240 2767 3454 2830 uncti,
3496 2768 3588 2837 qui
3626 2764 3741 2820 fru-

2152 2862 2299 2912 ctum
2340 2856 2462 2913 iidei
2506 2868 2619 2913 suae
2663 2864 2829 2928 atque
2869 2858 3201 2930 operationis
3248 2858 3489 2915 reddat!
3528 2858 3741 2915 assidua

2150 2962 2260 3004 non
2287 2957 2521 3005 cessant.
2555 2948 2624 3004 Et
2657 2949 2786 3020 {alia
2812 2948 2944 3022 ligni
2977 2947 3046 3004 ad
3074 2951 3358 3006 sanitatem
3397 2953 3650 3021 gentium.
3682 2949 3737 3009 8

2151 3054 2251 3110 per
2292 3054 2474 3096 ramos
2513 3041 2713 3111 stipitis
2755 3040 3133 3114 intelliguntur
3168 3042 3445 3114 apostoli,
3489 3058 3587 3114 per
3624 3043 3737 3100 iulia

2150 3132 2281 3205 ligni
2317 3133 2692 3205 intelliguntur
2719 3136 3085 3206 apostolorum
3110 3135 3393 3207 discipuli,
3430 3139 3528 3209 qui
3566 3139 3633 3192 ad
3663 3152 3741 3192 sa-

2152 3224 2376 3279 nitatem
2405 3226 2645 3296 gentium
2677 3227 3017 3296 perveniunt,
3064 3242 3202 3298 quas
3246 3243 3347 3285 suo
3400 3228 3653 3302 exernpio
3690 3236 3737 3286 et

454 3323 635 3370 tamen
676 3315 745 3370 ad
783 3317 981 3373 multos
1020 3319 1294 3374 auditores
1322 3320 1588 3389 pervenit,
1627 3326 1682 3374 et
1717 3330 1814 3391 per
1846 3320 2043 3377 multo-
2071 3297 2119 3361 ί)
2148 3316 2396 3373 doctrina
2435 3318 2733 3386 instmunt,
2778 3328 2836 3376 et
2874 3320 2943 3375 ad
2984 3297 3171 3376 veram
3208 3323 3520 3378 sanitatem

449 3421 568 3460 rum
596 3420 695 3461 ora
723 3406 1058 3465 diﬁunditur.
1093 3408 1237 3466 Bene
1275 3418 1457 3468 autem
1494 3414 1691 3482 ﬂumen
1729 3428 1880 3483 aquae
1916 3414 2043 3469 vivae

448 3510 696 3565 vocatur,
742 3501 871 3570 quia
914 3514 1052 3571 quos
1101 3498 1310 3574 irrigat,
1363 3503 1620 3568 viviﬁcat,
1665 3508 1722 3559 et
1762 3506 1830 3559 ad
1873 3504 2040 3560 vitam

446 3598 709 3645 aeternam
759 3591 972 3648 invitat.
1031 3582 1200 3649 Recte
1246 3606 1377 3664 ergo
1428 3593 1687 3665 crystallo
1735 3594 2043 3664 Splendenti

445 3692 792 3754 comparatur
813 3694 1037 3756 propter
1057 3687 1350 3756 puritatem
1377 3687 1520 3752 ﬁdei,
1547 3701 1669 3756 quas
1691 3686 1745 3739 in
1772 3686 2045 3755 baptismo

446 3772 765 3845 percipitur.
791 3774 936 3842 Quos
958 3775 1103 3831 enim
1122 3776 1450 3833 viviﬁcando
1470 3778 1729 3844 viviiicat,
1751 3778 1820 3833 ad
1842 3790 2041 3848 aquam

449 3865 792 3938 baptismatis
818 3866 1085 3938 perducit,
1126 3883 1327 3940 eosque
1357 3876 1412 3925 et
1441 3871 1679 3941 puritate
1706 3871 1833 3926 ﬁdei
1863 3872 2041 3942 splen-

450 3958 624 4025 didos,
652 3968 709 4015 et
739 3960 937 4018 robore
960 3960 1286 4019 fortissimos
1309 3964 1506 4020 reddit.
1536 3965 1704 4022 Sedes
1734 3975 1916 4022 autem
1943 3968 2039 4024 Dei

450 4050 627 4108 Patris
648 4061 702 4109 et
723 4053 883 4127 Agni,
910 4054 963 4112 id
982 4062 1068 4112 est
1095 4052 1217 4112 Filii
1242 4056 1362 4123 Dei,
1388 4070 1457 4113 ex
1488 4074 1594 4129 qua
1626 4060 1743 4131 ipsa
1773 4061 2036 4132 procedit,

443 4141 687 4223 Ecclesia
716 4158 801 4203 eat
832 4147 1090 4215 ﬁdelium,
1114 4148 1312 4219 quibus
1338 4149 1539 4208 Paulus
1561 4151 1693 4208 dicit
1719 4170 1732 4207 :
1766 4152 2038 4223 Templum

444 4237 580 4289 enim
604 4234 702 4289 Dei
726 4245 967 4291 sanctum
989 4240 1084 4303 est,
1109 4239 1253 4310 quod
1275 4241 1399 4294 estis
1422 4254 1510 4295 vos
1542 4240 1595 4313 (Ι
1619 4240 1738 4296 Cor.
1769 4242 1877 4314 ιιι),
1910 4242 2037 4312 quia

446 4327 498 4381 in
526 4325 741 4381 illorum
773 4326 1029 4384 cordibus
1052 4328 1301 4401 Christus
1325 4328 1476 4387 sedet
1500 4346 1622 4387 cum
1653 4330 1814 4387 Patre
1837 4341 1893 4387 et
1918 4331 2040 4403 Spi-

446 4419 551 4474 ritu
578 4428 789 4477 sancto.
816 4419 1083 4489 Quorum,
1114 4421 1242 4494 quia
1267 4424 1642 4495 inseparabilis
1661 4431 1744 4480 est
1771 4433 2036 4494 potestas,

447 4510 824 4584 inseparabilis
858 4524 942 4571 cst
976 4516 1139 4573 etiam
1169 4517 1345 4574 sedes.
1385 4516 1469 4574 Ab
1497 4518 1610 4589 ipsa
1636 4534 1766 4588 ergo
1794 4519 1885 4575 Dei
1913 4520 2043 4576 sede

446 4611 689 4677 procedit
710 4622 871 4680 aqua,
905 4611 1032 4681 quia
1058 4624 1157 4682 per
1185 4613 1357 4684 ipsam
1380 4611 1682 4669 Ecclesism
1717 4612 2041 4671 diil’unditur

447 4698 775 4769 pnedicatio.

441 4864 455 4875 .
519 4790 585 4846 In
611 4792 781 4846 medio
808 4792 994 4860 plateis
1022 4794 1154 4864 ejus.
1194 4793 1253 4851 id
1293 4802 1375 4852 est
1420 4796 1476 4851 in
1517 4797 1697 4852 medio
1725 4796 1895 4867 ipsius
1914 4797 2034 4853 .Ec-

446 4882 643 4938 clesite.
683 4881 794 4939 Nec
832 4882 1005 4939 solum
1045 4885 1160 4955 ipsa
1208 4886 1454 4941 doctrina
1498 4884 1751 4943 robustus
1788 4896 2036 4958 quosque

446 4973 658 5046 irrigat,
696 4976 793 5031 sed
826 4976 992 5031 etiam
1032 4977 1327 5048 simplices,
1362 4980 1454 5050 qui
1492 4994 1589 5050 per
1627 4981 1862 5051 plateam
1893 4983 2037 5038 desi-

445 5072 696 5134 gnantur.
741 5064 809 5119 Et
847 5078 913 5121 ex
947 5077 1167 5139 utraque
1198 5080 1346 5140 parte
1383 5071 1620 5140 ﬂuminis
1659 5072 1858 5144 lignum
1890 5075 2030 5140 vim,

443 5153 670 5225 offerens
698 5154 904 5225 fructus
932 5174 1024 5227 per
1054 5174 1259 5216 menses
1295 5160 1589 5216 duodecim.
1623 5162 1736 5218 Hoc
1759 5162 1913 5231 juxta
1944 5165 2035 5218 lit-

448 5253 618 5300 teram
662 5261 771 5303 non
813 5256 989 5319 potest
1028 5251 1273 5324 intelligi,
1320 5261 1380 5308 ut
1419 5252 1671 5310 videlicet
1716 5255 1918 5327 lignum
1963 5270 2033 5312 ex

447 5342 678 5406 utraque
706 5347 861 5408 parte
888 5337 1128 5396 ﬂuminis
1155 5342 1246 5408 sit,
1284 5342 1390 5398 nisi
1416 5342 1557 5399 forte
1583 5343 1641 5397 in
1668 5345 1845 5400 medio
1872 5344 2037 5401 ﬁsorit

444 5426 791 5494 collocatum,
820 5438 878 5483 ut
903 5432 1038 5485 rami
1073 5430 1215 5488 illius
1240 5433 1369 5491 hinc
1395 5443 1450 5490 et
1481 5435 1606 5491 inde
1639 5434 1751 5490 sint
1783 5437 2030 5508 expensi.

443 5514 643 5573 Verum
668 5520 1024 5591 spirituailter
1053 5524 1155 5580 hoc
1182 5525 1590 5597 intelligendum
1618 5536 1723 5594 est,
1762 5530 1905 5599 quod
1933 5530 2039 5591 scis

445 5604 566 5662 licet
596 5609 797 5681 lignum
830 5625 895 5665 es
921 5619 1150 5684 utraque
1190 5625 1346 5686 parte
1385 5615 1624 5675 ﬂuminis
1661 5619 1752 5674 sit.
1800 5619 2030 5690 Lignum

443 5699 638 5768 quippe
663 5703 788 5758 vita
810 5702 1062 5760 Christus
1087 5717 1170 5761 est
1194 5708 1461 5777 sapientia
1487 5710 1579 5765 Dei
1609 5709 1806 5775 Patris,
1836 5711 1903 5766 de
1923 5724 2028 5781 qua

445 5786 701 5848 Salomon
730 5795 862 5851 dicit
888 5811 902 5850 :
942 5804 1165 5868 Lignum
1194 5801 1311 5855 vitm
1347 5810 1422 5855 est
1456 5802 1538 5857 Itis
1562 5803 1653 5874 qui
1678 5803 2033 5874 apprehende-

443 5882 546 5939 rint
569 5898 708 5947 eum;
730 5896 777 5941 st
799 5890 888 5969 qui
912 5892 1139 5947 tenuerit
1163 5909 1302 5959 eam,
1331 5894 1514 5951 beatus
1551 5893 1736 5968 (Prov.
1762 5896 1867 5969 ιιι).
1895 5895 2034 5953 Hinc

2145 3411 2466 3479 perducunt.
2512 3410 2571 3466 Si
2615 3422 2799 3468 autem
2847 3414 2969 3475 haec
3011 3414 3079 3469 ad
3120 3413 3409 3471 cuiatem
3452 3415 3735 3472 lter-sall-

2147 3502 2352 3558 rei‘erre
2385 3503 2736 3569 voluerimus,
2767 3502 2969 3560 ﬂumen
3007 3520 3164 3576 aqua
3201 3507 3338 3563 vim
3374 3507 3731 3577 intuiti”

2145 3593 2660 3662 contemplationem
2688 3604 2894 3650 saan
2909 3593 3215 3663 Trinitatis,
3231 3597 3285 3651 in
3302 3612 3419 3668 qua
3432 3608 3526 3653 est
3539 3599 3736 3654 satietas

2142 3694 2357 3740 astet-nas
2407 3683 2738 3753 refectionis,
2767 3687 2925 3758 juxta
2973 3688 3103 3743 illud
3140 3688 3456 3751 Psalmists
3485 3710 3498 3746 :
3529 3693 3731 3748 salinis:

2141 3776 2271 3831 dum
2287 3776 2709 3844 mifatabitur
2724 3779 2895 3850 gloria
2908 3789 3001 3835 tua
3026 3778 3145 3855 (Ps.
3161 3782 3302 3854 ut).
3326 3782 3476 3840 Nam
3490 3795 3550 3841 et
3572 3800 3737 3856 sum.

2145 3867 2359 3924 dicente
2384 3870 2503 3938 ipso
2533 3869 2764 3926 Domino
2782 3910 2799 3939 ,
2834 3871 3103 3943 legimus:
3133 3873 3249 3945 Ego
3272 3875 3492 3933 sitienti
3517 3877 3657 3932 (hilo
3678 3876 3735 3931 ὑ

2140 3958 2291 4016 fonte
2327 3976 2482 4031 aquae
2520 3963 2661 4019 vivas
2693 3963 3054 4043 gratisJiinc
3084 3963 3375 4023 Psalmista
3414 3967 3603 4039 ipsum
3634 3981 3739 4024 esss

2142 4053 2346 4110 fontem
2368 4055 2682 4121 ostendens,
2708 4056 2873 4113 dicit:
2897 4054 3031 4112 Filii
3052 4058 3327 4113 hominum
3347 4060 3406 4113 in
3426 4062 3739 4129 ρηιεσιὺα

2141 4144 2351 4199 alarum
2376 4154 2592 4200 tuarum
2622 4147 2928 4216 sperabunt.
2960 4147 3379 4204 Inebriabaatssr
3410 4151 3483 4204 ab
3514 4151 3735 4206 ubertate

2144 4238 2333 4292 donius
2374 4247 2517 4303 tua,
2557 4248 2608 4295 et
2651 4248 2880 4295 torrente
2922 4239 3202 4311 voluptatis
3250 4250 3361 4297 tua
3407 4242 3629 4311 potabis
3661 4255 3737 4297 est

2142 4329 2316 4401 (Psal.
2335 4331 2521 4402 xxxv).
2545 4330 2605 4386 in
2624 4330 2731 4387 hoc
2753 4344 2880 4387 vero
2899 4330 3046 4387 fonte
3062 4340 3149 4389 est
3177 4332 3288 4389 vita
3311 4346 3612 4403 perpetua,
3626 4334 3737 4405 quia

2142 4424 2452 4494 quicunque
2487 4424 2555 4479 ad
2594 4423 2689 4478 Dei
2718 4423 3227 4494 contmnplationem
3259 4428 3557 4496 pet-vain
3596 4436 3735 4497 psto-

2143 4517 2234 4583 rit,
2265 4516 2472 4571 habens
2504 4516 2666 4570 vitam
2697 4524 2981 4582 aeternam,
3012 4516 3065 4571 id
3092 4527 3179 4573 est
3209 4518 3407 4583 Deum,
3451 4519 3575 4590 ipse
3615 4534 3739 4590 quo-

2145 4618 2250 4675 que
2277 4605 2423 4660 vivet
2447 4605 2500 4660 in
2527 4616 2809 4663 aeternum.
2841 4604 2998 4672 Quod
3027 4606 3280 4665 videlicet
3302 4606 3543 4675 ﬁumen,
3569 4610 3737 4679 elisa.

2145 4698 2331 4754 didum
2354 4705 2615 4768 tanquam
2636 4695 2955 4770 crystallum
2976 4698 3198 4765 dicitur,
3216 4701 3350 4770 quia
3369 4700 3633 4758 videlicet
3652 4714 3741 4757 sla

2144 4789 2601 4860 contemplatione
2626 4790 2887 4860 perducet
2920 4790 2991 4847 ad
3014 4790 3331 4847 ﬁrmitatem
3360 4793 3738 4849 itnmortalita-

2144 4880 2213 4934 tis
2262 4888 2427 4950 atque
2473 4879 3060 4941 incommutabilitatis.
3113 4881 3271 4948 Quod
3318 4883 3492 4941 etiam
3544 4882 3739 4939 ﬂumen

2141 4970 2280 5025 bene
2326 4987 2357 5025 a
2406 4971 2535 5029 sede
2568 4970 2665 5028 Dei
2703 4972 3000 5041 procedere
3033 4972 3258 5039 dicitur,
3306 4983 3362 5029 et
3408 4975 3465 5031 in
3505 4975 3737 5045 plateau

2139 5062 2377 5118 civitatis
2404 5063 2660 5122 derivari.
2707 5064 2861 5132 Quod
2900 5064 3047 5119 enim
3073 5074 3161 5121 est
3188 5066 3382 5135 sedes,
3418 5067 3531 5125 hoc
3562 5077 3657 5124 est
3688 5075 3741 5123 et

2140 5153 2317 5224 platea
2356 5156 2624 5221 civitatis,
2671 5157 2726 5214 id
2764 5165 2850 5213 est
2884 5159 3065 5215 omnis
3102 5159 3346 5219 Ecclesia
3386 5163 3737 5232 (mastiter.

2137 5244 2231 5300 sed
2271 5254 2493 5315 propter
2541 5246 2881 5307 diversorum
2926 5264 3190 5319 personas
3234 5250 3314 5307 ita
3358 5251 3733 5324 distinguitur.

2136 5334 2275 5402 Quia
2303 5337 2449 5395 enim
2479 5353 2616 5409 quos
2644 5337 2973 5409 possidendo
3000 5343 3170 5415 regit,
3213 5342 3463 5402 ubertate
3500 5361 3613 5402 suc
3655 5348 3733 5402 vi-

2137 5430 2307 5487 sieuis
2328 5432 2512 5498 satiat,
2537 5432 2677 5488 bene
2706 5432 2761 5491 in
2785 5433 2914 5493 sede
2938 5444 3197 5507 tanquam
3222 5437 3343 5495 iam
3369 5439 3664 5505 redundat.
3677 5448 3737 5495 at

2136 5525 2505 5595 unusquisque
2534 5526 2809 5583 habitator
2836 5543 2935 5597 pro
2963 5529 3175 5587 viribus
3205 5530 3334 5591 inde
3361 5532 3603 5599 hauriat,
3632 5548 3735 5603 pro

2139 5618 2350 5673 meritis
2387 5618 2619 5688 accipiat
2660 5638 2673 5675 :
2713 5619 2840 5689 quia
2874 5620 3002 5683 licet
3029 5625 3219 5683 eadem
3259 5625 3400 5683 visio
3433 5626 3601 5685 simul
3630 5627 3731 5682 ha-

2140 5713 2339 5781 beatur
2374 5714 2445 5770 ab
2479 5714 2754 5781 omnibus,
2786 5723 2967 5773 amen
2994 5733 3097 5789 pro
3134 5718 3471 5789 singulorum
3518 5720 3736 5779 meritis

2140 5805 2433 5875 unicuique
2469 5805 2832 5863 distribuitur.
2866 5804 2937 5862 Et
2960 5821 3028 5863 ea:
3056 5818 3277 5881 utraque
3309 5819 3461 5882 psus
3495 5811 3731 5871 luti-is

2142 5895 2339 5968 lignum
2553 5894 2709 5977 Quod
2746 5908 3001 5979 superius
3032 5897 3352 5974 designatur
3388 5914 3489 5973 per
3525 5910 3733 5966 suam
