3972 6490
1183 460 1551 527 EXPOSI'I'IO
1591 462 1663 523 ΙΝ
1708 462 2213 524 ΑρωΑιγΡωΝ.
2253 496 2321 511 --
2362 466 2491 527 LIB.
2534 466 2640 529 VII.

3390 476 3530 535 11111

260 594 414 652 aqua:
436 564 594 649 Viue,
622 596 724 639 noc
746 598 888 638 nunc
909 584 1075 639 etiam
1096 584 1412 656 designatur
1433 594 1532 655 per
1550 584 1753 655 lignum
1776 590 1842 636 ex
1871 582 1924 644 Α
1949 590 2129 637 autem
2156 594 2364 640 amore;
2399 585 2511 642 Hac
2541 586 2803 643 servitute
2832 587 3073 644 serviunt
3106 587 3263 646 ciccti
3292 589 3528 647 hienn-

257 682 488 746 utraque
513 683 668 745 parte
692 674 929 732 numinis
956 678 1212 747 positum,
1257 679 1313 733 id
1349 682 1434 733 est
1462 675 1845 746 contemplatio

256 775 459 823 sancta
477 764 780 835 Trinitatis,
806 782 928 840 1⁷11111
958 754 1255 843 angelicam
1288 771 1449 828 simul
1471 778 1528 827 Et
1553 772 1843 826 liuetanam

257 869 509 916 naturain
535 862 665 918 hinc
694 863 819 918 inde
846 864 1038 929 satist,
1081 865 1307 935 ipsaque
1342 864 1568 920 viﬂibnis
1593 863 1744 934 potio
1770 863 1845 918 ita

253 960 339 1008 est
355 953 691 1020 multimoda,
721 961 781 1009 ut
801 956 1065 1026 quidquid
1085 956 1335 1025 cuiquam
1354 956 1407 1010 in
1424 952 1693 1010 desiderio
1716 958 1844 1010 tunc

255 1046 487 1111 venerit,
512 1042 627 1102 huic
647 1048 836 1103 eadem
859 1048 996 1103 visio
1018 1049 1128 1113 nat,
1155 1049 1370 1118 quando
1387 1046 1529 1103 sicut
1555 1047 1844 1118 Apostolus

250 1135 403 1193 dicit:
419 1138 524 1192 erit
538 1138 679 1193 Deus
690 1141 865 1194 omnia
877 1140 931 1194 in
946 1140 1183 1194 omnibus
1194 1152 1201 1179 ι’
1215 1140 1245 1193 I
1257 1139 1380 1194 Cor.
1393 1139 1502 1213 xv).
1518 1139 1625 1197 Sed
1639 1155 1737 1196 nec
1748 1141 1844 1197 mi.

249 1239 395 1295 tum,
416 1241 537 1284 cum
562 1240 617 1285 et
642 1231 814 1301 ipsum
831 1240 1026 1286 manna
1055 1230 1178 1287 ﬁliis
1194 1231 1357 1287 Israel
1372 1232 1440 1286 de
1452 1232 1590 1287 ctelo
1615 1233 1845 1287 attribua-

251 1327 389 1385 tum,
402 1333 502 1390 per
513 1321 657 1389 quod
668 1330 869 1377 aeterna
884 1323 1105 1377 satietas
1129 1321 1410 1393 ﬁguratur,
1429 1325 1531 1380 hoc
1546 1326 1842 1381 secundum

252 1409 550 1481 Scripturte
575 1413 898 1467 sententiam
925 1414 1217 1484 unicuique
1244 1416 1483 1485 sapnerit
1513 1415 1566 1470 in
1589 1428 1703 1481 ore,
1735 1420 1844 1486 quo

248 1501 441 1560 inisset
461 1504 780 1560 delectatus.
805 1505 910 1560 Per
930 1518 1171 1571 menses,
1197 1507 1393 1576 quibus
1423 1506 1599 1578 ipsum
1634 1504 1842 1577 lignum

247 1594 456 1650 fructus
484 1594 638 1651 aﬁ'ert
657 1636 672 1659 ,
701 1597 977 1651 aeternitas
1006 1598 1326 1669 intelligitur
1354 1616 1366 1652 :
1393 1596 1499 1654 Per
1526 1612 1721 1666 annos,
1752 1606 1835 1667 ut,

246 1687 373 1738 anni
414 1688 491 1740 tui
514 1702 615 1741 non
638 1687 880 1756 deﬁcient
906 1680 1080 1757 (Ptol.
1113 1690 1188 1761 οι)
1218 1704 1237 1742 .'
1264 1704 1362 1759 per
1377 1700 1592 1746 menses
1609 1704 1760 1758 vero,
1781 1696 1842 1745 ui

246 1785 332 1831 est
362 1777 490 1831 illud
512 1776 663 1832 Isaiae
687 1779 755 1850 (ε.
781 1777 960 1849 txvt):
987 1779 1054 1835 Et
1076 1781 1170 1835 erit
1194 1782 1386 1837 mensis
1423 1796 1488 1837 ea:
1508 1796 1679 1838 mense
1703 1796 1723 1835 :
1745 1797 1843 1853 per

246 1868 409 1935 diem,
440 1879 497 1924 ut
526 1880 609 1926 est
637 1869 765 1926 illud
796 1882 811 1925 t
845 1871 1037 1928 Melior
1069 1884 1141 1928 est
1178 1874 1288 1929 dies
1313 1888 1417 1930 una
1453 1879 1511 1930 in
1546 1874 1700 1930 atriis
1734 1876 1840 1930 mis

1946 670 2210 742 nipoteuti
2234 676 2365 741 Deo,
2388 685 2757 747 prtecaventes
2775 677 3017 744 omnino,
3040 692 3110 735 ne
3130 679 3330 735 omnin
3348 680 3532 753 aliqua

1942 761 2220 821 uﬁ'eadant
2258 777 2499 837 peccato.
2540 767 2618 825 lbi
2654 777 2836 825 autem
2864 771 3104 826 servient
3130 771 3228 836 illi,
3263 772 3531 831 laudando

1945 863 2003 911 et
2030 855 2382 927 εισι-1110111110
2413 860 2587 926 illum,
2620 859 2777 929 juxta
2812 861 2975 917 illud:
2997 861 3149 917 Beati
3178 864 3270 935 qui
3296 863 3530 922 habitent

1946 946 2004 1000 iis
2027 947 2183 1002 domo
2209 957 2302 1002 tua
2329 946 2502 1021 (Psal.
2529 952 2781 1022 unm).

2019 1038 2091 1095 Et
2129 1041 2375 1096 videbunt
2405 1043 2593 1110 faciem
2633 1044 2768 1115 ejus.
2800 1044 2859 1100 ld
2895 1053 2981 1101 est
3017 1045 3311 1116 perfectam
3346 1047 3532 1120 cogitis

1946 1132 2149 1189 tionem
2180 1131 2300 1202 ejus
2345 1134 2642 1190 habebunt.
2691 1136 2877 1207 Neque
2920 1137 3064 1193 enim
3112 1138 3392 1207 pueriliter
3428 1141 3532 1196 hoc

1946 1225 2357 1297 intelligendum
2386 1230 2492 1290 est,
2520 1234 2581 1280 ut
2606 1234 2854 1298 putemus
2885 1226 3050 1283 Deum
3084 1228 3284 1284 habere
3312 1227 3527 1293 faciem,

1943 1330 2067 1387 quae
2092 1315 2372 1386 corporeis
2396 1315 2570 1372 oculis
2593 1317 2767 1386 possit
2792 1318 3005 1384 videri,
3036 1318 3131 1374 sed
3155 1320 3281 1388 quia
3312 1320 3369 1375 in
3395 1318 3533 1375 facie

1946 1406 2181 1461 hominis
2203 1406 2442 1477 cognitio
2461 1414 2563 1471 est,
2594 1407 2716 1462 ideo
2734 1407 2824 1462 hic
2847 1421 2945 1477 per
2963 1407 3155 1463 faciem
3179 1425 3341 1479 quam
3370 1410 3531 1466 electi

1942 1499 2128 1554 videte
2172 1498 2449 1563 dicuntur,
2490 1498 2627 1553 nihil
2665 1498 2811 1554 aliud
2856 1515 3018 1569 quam
3060 1501 3299 1571 cognitio
3334 1510 3531 1557 sancta

1946 1592 2234 1651 Trinitatis
2263 1593 2613 1664 intelligetur.
2657 1591 2797 1648 Hinc
2851 1593 3111 1663 scriptum
3156 1600 3241 1649 est
3273 1611 3289 1650 :
3324 1592 3530 1650 Scimus

1941 1689 2066 1758 quia
2095 1704 2213 1742 cum
2243 1687 2566 1757 apparuerit,
2593 1686 2789 1743 similes
2813 1687 2859 1742 ei
2885 1687 3099 1753 erimus,
3127 1689 3377 1758 quoniam
3398 1688 3520 1743 vide

1943 1778 2114 1832 bimus
2133 1793 2252 1831 eum
2278 1777 2433 1832 siculi
2454 1787 2529 1832 est
2550 1776 2602 1845 (Ι
2641 1776 2805 1832 Joan.
2848 1778 2954 1849 111).
2994 1777 3176 1833 Talem
3206 1778 3351 1834 enim
3381 1778 3528 1835 vide-

1942 1872 2079 1926 bunt
2116 1870 2290 1926 sancti
2336 1870 2539 1935 Deum,
2566 1870 2781 1940 qualem
2823 1884 2965 1925 nunc
3006 1870 3181 1941 angeli
3224 1870 3435 1936 vident,
3466 1870 3529 1927 de

244 1977 404 2031 super
430 1961 597 2017 millia
634 1961 807 2033 (Psal.
840 1966 1102 2037 LXXXIII);
1135 1973 1191 2021 et
1218 1967 1415 2022 iterum
1444 1985 1459 2021 2
1489 1965 1836 2023 Ordinatione
1862 1960 1911 2025 Β
1938 1966 2138 2037 quibus
2166 1964 2427 2021 Dominus
2463 1964 2595 2020 dicit
2630 1982 2644 2018 :
2687 1962 2872 2034 Ληρειὶ
2908 1976 3089 2018 eorum
3121 1977 3324 2032 semper
3360 1961 3527 2017 rident

242 2064 335 2106 tua
364 2064 688 2123 perseverant
715 2055 825 2110 dies
857 2054 1030 2127 (Psal.
1059 2061 1270 2130 cxmr).
1300 2059 1528 2131 Lignum
1556 2074 1684 2132 ergo
1707 2060 1834 2116 vive

242 2156 340 2211 per
360 2144 640 2199 duodecim
663 2156 877 2202 menses
899 2144 1109 2203 Metus
1127 2148 1326 2214 reddit,
1343 2150 1469 2220 quia
1491 2150 1607 2220 ipsa
1628 2160 1837 2205 merces

244 2236 416 2290 beate
452 2237 908 2305 immortalitatis,
956 2227 1099 2310 quat'
1116 2252 1215 2310 per
1251 2240 1464 2298 fructus
1499 2243 1831 2314 designatur,

242 2338 459 2396 quaque
488 2327 647 2381 electi
676 2327 1054 2397 perfruuntur,
1088 2330 1291 2385 nullum
1324 2331 1616 2387 terminum
1648 2333 1833 2399 habet,

241 2418 335 2473 sed
364 2418 480 2473 sine
502 2418 609 2473 ﬁne
639 2428 837 2475 manet.
867 2420 1092 2492 Singula
1123 2422 1266 2493 ligna
1302 2424 1574 2479 reddentia
1602 2423 1834 2494 fructum

237 2524 412 2567 suum.
443 2514 499 2568 ln
530 2515 632 2570 hoc
659 2513 895 2569 fructum
925 2520 1081 2569 suum
1112 2514 1358 2580 reddent,
1399 2517 1655 2585 quoniam
1687 2530 1832 2571 mer-

242 2608 431 2662 cedem
459 2622 684 2678 operum
713 2620 932 2665 suorum
964 2609 1281 2680 percipient.
1321 2608 1392 2663 Et
1431 2607 1564 2680 folia
1597 2609 1728 2681 ligni
1764 2609 1833 2664 ad

238 2697 519 2752 sanitatem
556 2700 806 2770 gentium.
843 2699 994 2754 Folia
1025 2699 1188 2769 ligni,
1232 2700 1418 2755 laudes
1458 2698 1834 2770 intelliguntur

239 2800 575 2857 sanctorum,
594 2794 676 2855 ,de
704 2793 901 2863 quibus
934 2790 1221 2847 Psalmista
1252 2810 1265 2846 :
1298 2791 1447 2846 Beati
1478 2792 1569 2863 qui
1597 2791 1831 2845 habitant

239 2881 296 2935 in
324 2881 478 2936 domo
510 2888 603 2937 tua
635 2880 811 2955 (Psat.
839 2882 1096 2953 Lxxxm).
1140 2882 1271 2950 Quae
1311 2883 1498 2938 laudes
1525 2881 1594 2937 ad
1623 2881 1831 2937 sanita-

242 2976 351 3025 tem
382 2972 622 3043 gentium
651 2973 957 3043 proﬁcient,
997 2986 1122 3027 cum
1156 2984 1349 3027 eorum
1382 2972 1544 3027 corda
1571 2977 1832 3041 perpetua

190 3092 197 3097 -
238 3063 514 3119 Creatoris
551 3060 670 3120 laus
708 3066 942 3136 replens,
984 3065 1188 3120 nullam
1235 3066 1290 3121 in
1320 3065 1401 3121 eis
1436 3064 1830 3137 fatigationem,

238 3157 440 3212 nullam
489 3157 898 3227 lassitudinem,
958 3158 1162 3215 nullam
1219 3158 1500 3215 tristitiam
1558 3161 1688 3216 sinit
1743 3161 1830 3215 in-

239 3266 379 3308 esse.

1937 2060 2128 2131 facient
2158 2056 2341 2114 Patris
2368 2059 2471 2113 mei
2492 2057 2582 2128 qui
2608 2058 2664 2112 in
2699 2058 2841 2112 catis
2875 2065 2948 2111 est
2979 2054 3199 2127 (Matth.
3243 2056 3422 2125 XVIII).
3455 2054 3525 2110 Ds

1939 2151 2042 2206 hac
2066 2158 2251 2204 autem
2273 2148 2482 2204 visione
2510 2145 2780 2219 quomodo
2802 2145 3014 2202 scilicet
3047 2145 3116 2201 sit
3152 2142 3494 2216 intelligenda
3511 2178 3527 2210 ,

1935 2243 2074 2299 satis
2099 2240 2471 2313 supradictum
2498 2248 2601 2297 est.
2634 2239 2703 2294 Et
2728 2238 2920 2294 beatus
2959 2237 3264 2293 Ansbertus
3297 2235 3522 2291 Ambro-

1935 2335 2066 2399 sius,
2102 2334 2245 2390 dicta
2276 2333 2505 2390 aliorum
2525 2334 2809 2388 doctorum
2834 2346 3097 2402 sequens,
3128 2328 3305 2400 plura,
3328 2328 3525 2398 inquit,

1935 2424 2248 2497 loquuntur,
2272 2423 2661 2496 patefacientes
2687 2421 2874 2479 oculos
2900 2420 3121 2485 utentis,
3152 2419 3244 2475 Dei
3276 2425 3526 2473 naturam

1934 2531 2059 2572 esse
2082 2515 2576 2586 contemplandam,
2619 2514 2760 2569 sicut
2802 2522 2858 2569 et
2900 2513 3142 2569 ebaritas
3186 2510 3422 2567 videtur.
3467 2509 3525 2566 Si

1933 2608 2082 2665 enim
2103 2608 2343 2664 exterior
2369 2610 2535 2663 homo
2559 2614 2748 2663 noster
2771 2607 2958 2663 videre
2977 2606 3166 2676 nequit
3185 2605 3525 2670 interiorem,

1933 2706 2138 2770 quanto
2165 2700 2339 2769 magis
2368 2698 2539 2753 Deum
2581 2698 2897 2768 conspicere
2936 2698 3153 2768 nequit,
3203 2696 3296 2767 qui
3340 2696 3527 2765 utique

1935 2793 2106 2848 multo
2145 2803 2230 2849 est
2266 2791 2518 2847 subtilior
2558 2792 2739 2847 anima
2790 2791 3013 2846 nostra?
3057 2790 3327 2846 Videbunt
3376 2788 3526 2843 illum

1935 2884 2119 2955 itaque
2162 2892 2344 2938 mente
2368 2921 2385 2949 ,
2418 2884 2471 2937 id
2498 2890 2583 2937 est
2607 2881 2907 2953 perfectam
2935 2881 3053 2949 ejus
3083 2882 3165 2950 (ut
3186 2880 3391 2936 dictum
3421 2878 3550 2950 est)‘

1934 2977 2209 3033 habebunt
2236 2975 2600 3048 cognitionem
2622 3015 2636 3041 ,
2667 2982 2728 3029 ut
2767 2973 3055 3043 impleatur
3078 2973 3222 3042 quod
3267 2971 3527 3027 Dominus

1935 3070 2098 3126 dicit:
2117 3067 2477 3123 Beatinsundo
2502 3067 2677 3132 corde,
2703 3066 2951 3138 quoniam
2974 3064 3074 3135 ipsi
3096 3063 3264 3118 Deum
3283 3062 3525 3118 videbunt

1936 3160 2151 3233 (lauit.
2166 3160 2243 3231 v).
2258 3159 2465 3216 Caetera
2478 3174 2547 3214 ex
2561 3158 2706 3213 illius
2720 3157 3118 3225 investigeatur
3131 3154 3523 3211 contractione.

1940 3253 2009 3308 Et
2032 3268 2219 3310 nomen
2250 3254 2365 3323 ejus
2389 3253 2650 3323 scriptum
2673 3252 2727 3305 in
2750 3250 3013 3321 frontibus
3033 3265 3234 3304 eorum.
3259 3246 3364 3304 Per
3385 3246 3506 3303 l‘ron

310 3343 379 3397 Et
418 3360 569 3398 omne
608 3342 945 3398 maledictum
983 3356 1089 3398 non
1127 3344 1228 3398 erit
1268 3343 1322 3398 in
1366 3357 1433 3399 ea
1472 3342 1717 3414 antpliss.
1770 3342 1831 3399 ll
1857 3325 1905 3397 (ἶ
1936 3355 2045 3402 tem
2069 3347 2231 3418 (sicut
2261 3346 2509 3417 superius
2529 3346 2732 3400 dictum
2762 3344 2871 3416 est)
2893 3342 3217 3413 exprimitur
3238 3338 3390 3397 ﬁdes.
3417 3338 3524 3411 Sed

236 3436 492 3507 praesenti
523 3435 765 3491 Ecclesia
797 3435 1147 3490 maledictum
1172 3442 1278 3501 est,
1306 3433 1514 3491 scilicet
1536 3444 1706 3506 genus
1733 3434 1830 3489 ho-

238 3528 468 3594 minum,
509 3524 600 3599 qui
628 3528 684 3583 in
710 3526 844 3583 Cain
878 3527 1313 3584 maledictionem
1348 3536 1730 3598 perceperunt.
1769 3527 1829 3581 111

237 3619 326 3674 illa
369 3621 630 3676 societate
675 3627 1015 3687 sanctorum,
1065 3621 1268 3676 nullum
1307 3620 1411 3676 erit
1457 3621 1826 3689 maledicum,

234 3714 331 3769 sed
370 3715 547 3768 omnis
586 3710 828 3769 Ecclesia
871 3715 1172 3769 electorum
1219 3714 1569 3771 benedicetur
1615 3715 1668 3769 in
1715 3715 1829 3772 suis

234 3804 652 3869 habitatoribus,
669 3814 791 3858 eum
820 3804 1119 3858 audierint:
1147 3803 1351 3869 Venite,
1380 3803 1636 3857 benedicti
1661 3806 1827 3873 patris

232 3894 338 3948 mei
362 3893 577 3966 (Matth.
609 3893 756 3965 xxv),
790 3902 895 3948 etc.
931 3891 1038 3948 Sed
1065 3893 1213 3948 sales
1250 3891 1348 3946 Dei
1386 3898 1433 3947 et
1468 3892 1602 3964 Agui
1641 3895 1699 3948 in
1731 3893 1829 3948 illa

234 3994 416 4041 erunt.
456 3984 716 4055 Superius
755 3999 920 4039 unam
962 3985 1144 4045 sedem
1190 3991 1479 4051 posuerat,
1522 3982 1591 4038 de
1624 3996 1732 4054 qua
1773 3991 1830 4040 et

239 4079 452 4134 dixerat
478 4092 536 4132 se
562 4077 762 4133 vidisse
784 4090 1044 4132 emanare
1074 4075 1271 4130 ﬁumen
1299 4090 1451 4145 aquae
1479 4072 1652 4131 vivze:
1684 4090 1827 4132 nunc

236 4179 415 4226 autem
437 4168 721 4241 pluraliter
744 4168 902 4223 sedes
929 4166 1247 4233 introducit,
1276 4167 1466 4222 dicens
1491 4185 1505 4220 :
1536 4166 1705 4222 Sedes
1731 4167 1826 4223 Dei

236 4263 290 4317 in
323 4261 403 4316 illa
440 4270 620 4317 erunt.
665 4262 772 4316 Sed
814 4269 867 4315 et
913 4261 1016 4316 hoc
1057 4260 1368 4331 signiﬁcant
1409 4259 1594 4330 plures
1634 4261 1822 4328 sedes,

230 4354 374 4423 quod
397 4368 522 4418 una,
555 4352 611 4408 id
646 4362 730 4407 est
761 4366 981 4407 omnem
1013 4352 1311 4407 electorum
1339 4351 1670 4419 Ecclesium,
1705 4368 1826 4423 qua:

231 4446 440 4501 scilicet
472 4455 694 4517 propter
724 4448 987 4502 unitatem
1025 4447 1149 4503 ﬁdei
1195 4447 1251 4503 in
1288 4460 1396 4501 una
1435 4450 1564 4505 sede
1602 4458 1826 4520 propter

235 4539 607 4594 diversitatem
637 4539 876 4610 gentium
914 4539 968 4593 in
1008 4539 1254 4609 pluribus
1282 4540 1625 4609 exprimitur.
1666 4541 1822 4597 Unde

227 4639 285 4684 et
312 4632 561 4700 superius
588 4632 779 4703 viginti
814 4640 1047 4702 quatuor
1082 4631 1241 4687 sedes
1270 4632 1401 4687 visae
1425 4647 1546 4689 esse
1571 4631 1820 4690 referun-

1935 3454 2059 3497 cum
2090 3438 2163 3495 ibi
2184 3440 2296 3511 jam
2324 3453 2432 3494 non
2462 3440 2537 3494 sit
2576 3438 2712 3494 ﬁdes
2748 3444 2843 3492 aut
2869 3451 3016 3507 spes,
3059 3435 3193 3507 quid
3240 3435 3343 3491 sibi
3386 3433 3525 3502 vult,

1934 3533 2078 3604 quod
2109 3532 2266 3588 electi
2288 3546 2485 3588 nomen
2508 3532 2603 3587 Dei
2634 3532 2689 3587 in
2718 3531 2987 3588 frontibus
3015 3531 3219 3586 habere
3238 3529 3524 3601 perhiben-

1936 3624 2056 3679 tur?
2082 3622 2188 3679 Sed
2215 3624 2517 3689 sciendum,
2540 3623 2667 3694 quia
2690 3622 2825 3678 ﬁdes
2846 3623 2936 3678 hic
2963 3636 3065 3693 pro
3088 3621 3524 3677 remuneratione

1935 3714 2060 3771 ﬁdei
2099 3715 2275 3786 posita
2318 3724 2430 3780 est,
2454 3729 2576 3785 qua:
2608 3715 2976 3770 remuneratio
3011 3713 3399 3785 contemplatio
3429 3713 3524 3769 Dei

1932 3806 2321 3875 omnipotentis
2369 3807 2493 3861 erit.
2547 3808 2683 3862 Cum
2731 3808 2875 3862 enim
2922 3809 3200 3878 acceperit
3241 3808 3521 3875 Ecclesia,

1931 3897 2073 3965 quod
2108 3911 2206 3966 per
2237 3895 2396 3952 ﬁdem
2428 3896 2678 3962 credidit,
2710 3906 2858 3952 recte
2886 3899 3059 3967 ipsum
3089 3899 3213 3953 ﬁdei
3241 3902 3524 3969 praemium

1933 4002 2032 4057 pro
2058 3986 2213 4044 titulo
2237 3987 2424 4059 gloriae
2452 3989 2505 4043 in
2538 3988 2651 4043 suis
2676 3988 2943 4044 frontibus
2970 3997 3184 4059 gestare
3224 3990 3517 4045 videbitur.

2006 4078 2074 4132 Et
2097 4095 2202 4139 nos:
2224 4079 2364 4134 ultra
2393 4096 2498 4135 non
2520 4081 2639 4134 erit.
2669 4080 2725 4135 ld
2749 4088 2833 4135 est
2865 4079 3180 4135 vicissitudo
3218 4081 3477 4151 temporis
3506 4120 3523 4150 ,

1930 4169 2014 4224 vel
2038 4170 2204 4224 etiam
2233 4169 2509 4225 tribulatio
2543 4170 2822 4240 angustias,
2866 4185 2987 4240 quae
3013 4186 3155 4241 saepe
3186 4185 3284 4241 per
3305 4178 3521 4228 noctem

1929 4261 2214 4332 ﬁguratur.
2242 4261 2370 4317 Haec
2402 4274 2636 4331 namque
2662 4278 2826 4332 supra
2846 4261 2959 4330 jam
2982 4264 3211 4328 dixerat,
3235 4263 3328 4318 sed
3354 4264 3408 4317 in
3438 4278 3523 4319 re-

1929 4354 2194 4424 petitione
2233 4354 2384 4409 verbi
2417 4355 2793 4419 demonstrat,
2842 4364 3006 4424 quare
3048 4357 3407 4427 appetendum
3450 4358 3523 4412 sit

1930 4447 2113 4503 lumen
2138 4446 2290 4513 illud,
2325 4447 2469 4516 quod
2497 4445 2696 4502 totiens
2726 4446 2995 4515 loquendo
3023 4446 3275 4502 inculcat.
3318 4446 3382 4500 Et
3416 4460 3520 4503 non

1924 4539 2142 4610 egebant
2165 4538 2363 4596 lumine
2387 4538 2615 4595 lacerate
2637 4555 2799 4610 neque
2822 4538 3020 4594 lumine
3058 4538 3205 4594 solis.
3237 4539 3393 4594 Nunc
3413 4541 3519 4595 hu-

1927 4645 2088 4685 mana
2134 4630 2426 4687 inﬁrmitas
2456 4629 2524 4686 ad
2552 4629 2855 4686 exercenda
2886 4629 3083 4703 diurna
3109 4645 3273 4701 opera
3299 4668 3315 4696 ,
3342 4630 3520 4686 noctis

231 4733 338 4779 tur.
378 4697 445 4776 Et
482 4725 617 4779 servi
648 4697 764 4795 ejus
800 4697 1023 4780 servient
1058 4723 1161 4779 illi.
1190 4724 1326 4781 Cum
1364 4724 1624 4783 Dominus
1657 4729 1819 4784 disci-
1844 4697 1899 4760 Β
1925 4725 2106 4795 quiete
2135 4724 2381 4780 redditur
2405 4724 2618 4790 idonea,
2644 4724 2817 4779 utitur
2833 4698 2998 4780 etiam
3028 4724 3084 4781 in
3112 4697 3272 4780 nocte
3299 4723 3517 4780 lucerna

225 4817 368 4888 pulis
397 4817 541 4872 dicat
567 4835 580 4871 :
611 4816 735 4873 lam
777 4834 883 4873 non
921 4819 1095 4874 dicam
1131 4835 1221 4874 vos
1261 4835 1454 4887 servos,
1493 4822 1584 4875 sed
1620 4823 1816 4877 amicos

227 4927 368 4965 meas
391 4908 573 4982 (Ioan.
601 4912 716 4983 xv),
743 4913 1015 4981 quomodo
1040 4914 1131 4969 hic
1158 4911 1438 4984 Scriptura
1455 4913 1566 4981 jam
1595 4916 1816 4971 immor-

230 5002 365 5060 tales
419 5001 640 5060 eﬁ’ectos
700 5013 854 5059 vocat
888 5007 1110 5061 servos?
1152 5006 1258 5062 Aut
1306 5007 1352 5063 si
1392 5008 1506 5079 jam
1553 5009 1815 5064 servitute

229 5090 593 5165 corruptionis
618 5097 853 5162 liberati,
884 5097 953 5151 ad
981 5098 1288 5154 libertatem
1327 5108 1384 5155 et
1416 5101 1644 5171 gloriam
1682 5100 1817 5155 ﬁlio-

228 5206 348 5245 rum
395 5191 488 5246 Dei
536 5198 666 5247 tunc
716 5193 1053 5263 pervenient,
1103 5194 1379 5263 quomodo
1414 5194 1465 5248 in
1506 5193 1595 5249 illa
1635 5195 1815 5265 quiete

227 5288 429 5334 aeterna
457 5282 664 5336 servire
689 5282 1019 5337 narrantur?
1055 5280 1160 5338 Sed
1191 5283 1469 5338 sciendum
1514 5292 1597 5340 est
1635 5284 1808 5349 nobis,

227 5370 354 5438 quia
379 5370 431 5424 in
459 5385 524 5425 eo
549 5372 690 5442 quod
707 5369 819 5440 jam
844 5374 990 5429 nullo
1010 5374 1311 5429 certamine
1337 5374 1693 5439 desudahant,
1718 5375 1813 5431 sed

225 5466 425 5514 :eterna
456 5463 635 5532 quiete
663 5462 1006 5529 invehuntur,
1036 5466 1189 5521 liberi
1217 5474 1396 5531 erunt,
1426 5480 1491 5521 ac
1514 5467 1660 5521 nulla
1689 5483 1808 5522 ser-

225 5549 396 5606 vitute
419 5552 657 5607 obnoxii.
703 5552 838 5609 Nam
867 5554 922 5610 ei
952 5570 1094 5611 nunc
1118 5573 1225 5612 non
1255 5567 1381 5613 sunt
1404 5559 1546 5613 servi
1576 5559 1807 5627 timoris,

224 5640 320 5697 sed
356 5646 575 5700 amoris.
620 5644 746 5700 Duae
784 5648 928 5702 enim
967 5656 1095 5704 sunt
1128 5652 1438 5715 servitutes,
1484 5652 1609 5722 quia
1655 5652 1811 5709 aliter

227 5732 379 5788 timet
402 5749 591 5791 servus
621 5752 687 5792 ne
716 5739 1034 5793 verberetur
1069 5756 1099 5794 a
1142 5741 1392 5805 Domino,
1432 5740 1594 5798 aliter
1627 5752 1805 5799 autem

220 5820 366 5881 ﬁlius
392 5840 460 5881 ne
489 5829 734 5899 privetur
774 5831 1091 5887 haereditate
1131 5841 1380 5904 paterna,
1422 5835 1705 5893 oﬁ'endens
1751 5837 1805 5892 in

216 5914 401 5988 aliquo
423 5920 500 5987 pii
528 5923 701 5991 patris
724 5923 928 5982 ccuba.
968 5922 1063 5983 Ille
1085 5928 1234 5983 enim
1260 5929 1430 5985 servit
1458 5930 1678 5997 umore,
1704 5931 1806 5988 istc

1924 4834 2023 4889 pro
2045 4817 2418 4874 consolatione
2448 4832 2464 4872 :
2503 4826 2629 4873 tunc
2653 4828 2836 4873 autem
2860 4818 3078 4887 quando
3100 4818 3206 4873 erit
3235 4818 3377 4872 Deus
3397 4832 3516 4872 om-

1918 4914 2010 4968 nia
2043 4914 2097 4968 in
2127 4913 2401 4977 omnibus,
2430 4912 2523 4981 qui
2552 4919 2637 4966 est
2659 4911 2750 4967 lux
2784 4925 2911 4967 vera
2934 4925 3127 4966 omnes
3162 4908 3473 4964 illuminans
3496 4950 3512 4975 ,

1921 5022 2025 5062 non
2054 5006 2233 5100 egebit
2261 5006 2462 5061 lumine
2482 5005 2719 5061 lucernae
2743 5004 2827 5060 vel
2846 5004 3051 5060 lumine
3075 5002 3224 5058 solis.
3250 5001 3405 5060 Unde
3428 5017 3513 5058 se-

1922 5092 2146 5169 quitur:
2176 5097 2440 5164 Quoniam
2473 5097 2728 5152 Dominus
2756 5096 2897 5152 Deus
2926 5093 3243 5151 illuminabil
3283 5093 3420 5148 illos.
3454 5092 3513 5150 Si

1923 5205 2051 5245 vero
2102 5198 2317 5245 noctem
2364 5189 2728 5262 intelligamus
2780 5189 3174 5261 ignorantiam,
3231 5187 3513 5245 lucernam

1921 5297 2050 5337 vero
2088 5281 2174 5338 vel
2191 5281 2393 5346 solem,
2438 5282 2605 5338 divini
2644 5282 2794 5337 verbi
2828 5280 3294 5352 praedicationem,
3336 5294 3511 5350 neque

1922 5389 2023 5430 nox
2057 5374 2161 5429 erit
2180 5384 2308 5429 tunc
2335 5374 2671 5446 ignorantiae,
2697 5388 2873 5444 neque
2895 5374 3205 5445 praedicatio
3226 5372 3509 5440 doctrina),

1916 5467 2047 5537 quia
2075 5466 2213 5522 sicut
2252 5466 2421 5522 lsaias
2451 5466 2624 5521 dicit:
2658 5464 2776 5523 Non
2820 5465 3033 5522 docebit
3076 5465 3161 5519 vir
3202 5465 3509 5536 proximum

1918 5577 2112 5627 situm,
2167 5561 2352 5617 dicens
2390 5579 2404 5615 :
2442 5559 2721 5632 Cognosce
2764 5561 3050 5616 Dominum
3075 5600 3089 5626 ,
3141 5561 3266 5630 quia
3317 5572 3509 5619 omnes

1916 5652 2089 5710 scient
2119 5664 2206 5708 me
2248 5670 2281 5729 a
2313 5653 2519 5724 majore
2544 5666 2715 5724 usque
2753 5653 2823 5708 ad
2851 5652 3116 5709 minorem
3155 5651 3292 5721 (Jer.
3331 5653 3504 5723 1111111).

1918 5746 2025 5802 Sed
2062 5761 2254 5804 omnes
2279 5756 2498 5803 aeterna:
2532 5747 2810 5820 sapientia)
2858 5747 3183 5802 inhaerentes
3205 5786 3221 5811 ,
3266 5746 3505 5818 perfecta

1914 5840 2140 5896 scientia
2181 5824 2475 5911 fulgebunt.
2526 5839 2595 5893 Et
2629 5822 2913 5909 regnabant
2955 5850 3078 5892 cum
3120 5837 3297 5908 capite
3324 5852 3422 5893 suo
3448 5839 3504 5893 in

1912 5934 2107 5993 secula
2138 5933 2471 5991 saeuior-sas.
2503 5932 2573 5989 Et
2608 5934 2743 5989 dixit
2770 5932 2921 5987 mihi.
2949 5929 3105 6009 [laud
3126 5932 3348 5990 dubiam
3369 5931 3499 6001 quin

3634 5936 3679 5995 φ
