3972 6462
502 441 642 500 1215

975 439 1330 496 HAYMONIS
1364 437 1845 496 HALBEBSTAT.
1888 436 2081 494 EPISC

2189 435 2294 495 PP.
2332 437 2514 496 PARS
2547 439 2590 495 Ι.
2617 437 3064 497 -οοΜΜΕΝΤ.
3106 440 3276 498 BIBL.

3713 440 3840 496 12η

498 551 726 624 angelus
747 551 837 622 qui
863 551 977 606 haec
1007 549 1084 605 illi
1111 549 1466 606 ostendebat:
1502 547 1634 605 Ηωε
1652 549 1805 605 verba
1824 564 1946 620 qua:
1973 549 2084 604 sci-
2109 551 2164 612 Α
2186 550 2343 608 valde
2364 559 2450 608 est
2477 567 2576 608 cur
2599 552 2840 612 Joannes
2863 565 3056 613 contra
3095 557 3460 614 interdictum
3501 559 3714 628 angeli
3757 575 3836 615 se-

499 643 631 703 lieet
651 647 720 702 ab
740 645 893 702 initio
917 645 1040 700 libri
1069 646 1210 702 dicta
1247 644 1331 700 vel
1357 655 1575 701 ostensa
1616 645 1716 700 tibi
1750 653 1895 700 sunt.
1923 642 2088 700 Fide-

497 740 699 796 lissima
725 749 848 794 sunt
873 741 998 810 quia
1023 739 1282 810 quidquid
1313 739 1408 794 tibi
1430 739 1634 794 dictum
1669 747 1783 802 est,
1820 737 2086 793 veraciter

497 833 825 904 itnplehitur.
859 833 926 887 Et
966 850 1085 888 vera
1125 844 1245 888 sunt
1274 834 1400 904 quia
1428 851 1458 888 a
1490 834 1600 890 Deo
1639 848 1770 888 vero
1804 842 1930 903 sunt
1953 847 2083 904 pro-

497 927 625 983 lata.
659 927 810 996 Quod
846 937 1024 982 autem
1055 929 1252 983 dicitur
1273 927 1468 983 Joanni
1491 969 1506 993 ,
1541 927 1774 999 pertinet
1815 927 1979 980 etiam
2015 926 2082 981 ad

494 1017 856 1074 universalem
878 1018 1191 1082 Ecclesium,
1233 1019 1320 1074 cui
1354 1034 1453 1089 per
1481 1019 1746 1074 internum
1776 1018 2083 1087 inspiratio-

494 1123 618 1164 nem
649 1109 763 1179 ipsa
793 1111 1080 1164 verborum
1107 1110 1307 1165 veritas
1334 1109 1604 1164 revelatur
1637 1128 1649 1162 :
1675 1118 1732 1164 et
1755 1109 1872 1163 ideo
1901 1109 2082 1164 nullus

495 1197 550 1253 in
579 1210 790 1254 tantum
814 1201 971 1255 debet
996 1201 1255 1272 insipiens
1282 1201 1420 1265 ﬁeri,
1446 1211 1502 1255 ut
1525 1201 1710 1270 aliquo
1741 1200 1899 1255 modo
1920 1201 2080 1256 dubi-

496 1299 575 1346 tet
605 1292 670 1346 de
699 1293 784 1346 his
804 1333 818 1357 ,
847 1309 968 1362 quae
1002 1294 1104 1347 sub
1135 1302 1281 1347 tanta
1310 1293 1699 1348 contestatione
1727 1294 2081 1363 pronuntian-

493 1390 584 1437 tur
607 1399 729 1439 esse
757 1386 1060 1440 verissima.
1094 1385 1159 1438 Et
1185 1385 1436 1439 Dominus
1460 1385 1598 1439 Deus
1619 1387 1832 1456 spiritus
1862 1387 2080 1456 prophe-

492 1485 666 1529 tarum
699 1479 839 1531 misit
883 1478 1124 1548 angelum
1167 1495 1321 1532 suum
1349 1479 1616 1532 ostendere
1661 1481 1820 1532 servis
1849 1479 1957 1532 suis
1979 1520 1995 1543 ,
2028 1479 2079 1533 id

489 1578 571 1621 est
594 1583 710 1638 Ipse
735 1571 826 1639 qui
851 1570 1058 1626 loeutus
1079 1580 1162 1625 est
1190 1571 1488 1640 prophetis,
1526 1573 1638 1642 ipse
1662 1573 1804 1626 misit
1835 1571 2079 1641 angelum

491 1675 648 1714 suum
679 1663 967 1716 ostendere
991 1661 1205 1728 Joanni,
1233 1674 1288 1718 et
1314 1665 1365 1718 in
1399 1664 1490 1718 illo
1515 1665 1662 1718 omni
1692 1664 1944 1719 Ecclesia:
1963 1681 2080 1735 quae

491 1763 690 1822 oportet
717 1753 832 1822 ﬁeri
855 1755 976 1808 cito.
1004 1753 1228 1809 Nomine
1255 1757 1600 1825 spiritustota
1625 1756 1862 1811 Trinitas
1887 1757 2082 1812 intelli-

2191 643 2366 700 cundo
2391 659 2513 701 eum
2537 646 2764 704 adorare
2788 649 3040 704 voluerit.
3085 649 3202 705 Jam
3247 651 3396 706 enim
3437 651 3646 706 simili
3675 654 3836 708 modo

2187 749 2247 791 se
2267 737 2496 794 adorare
2519 748 2782 805 vetuerat,
2801 758 3078 813 unumque
3101 743 3266 800 Deum
3294 745 3693 802 adorandum
3716 765 3830 805 esse

2185 827 2464 883 docuerat.
2493 830 2574 886 Ad
2598 831 2743 901 quod
2767 832 3076 898 dicendum,
3103 836 3228 904 quia
3257 845 3352 889 aut
3381 851 3634 905 magno
3667 839 3826 893 visio-

2185 933 2313 973 num
2343 927 2561 991 stupore
2605 922 2920 990 pereulsus,
2955 925 3155 981 oblitus
3201 925 3382 983 fuerat
3435 943 3664 982 eorum
3709 947 3822 1000 qn

2183 1025 2344 1080 supra
2367 1013 2630 1078 audierat,
2659 1025 2753 1069 aut
2775 1025 2923 1071 certe
2949 1027 3127 1088 potest
3156 1034 3277 1076 esse
3302 1023 3601 1093 repetitio
3625 1023 3816 1091 prioris

2183 1105 2484 1158 sontentiai.
2527 1104 2689 1179 Deum
2740 1108 2923 1163 adora.
2978 1110 3033 1164 ld
3069 1119 3153 1166 est
3189 1127 3294 1167 non
3339 1124 3657 1169 creaturae
3683 1158 3699 1180 ,
3731 1119 3814 1173 sed

2181 1192 2427 1249 Creatori
2455 1196 2674 1252 honoris
2703 1203 3057 1257 reverentiam
3089 1203 3244 1260 olfer.
3289 1205 3440 1261 Nota
3497 1225 3652 1263 vero
3679 1211 3810 1278 quod

2182 1303 2324 1357 saepe
2352 1289 2574 1359 angelus
2601 1288 2794 1346 Joanni
2820 1293 2996 1348 futura
3027 1298 3276 1366 pra:dixit
3294 1341 3309 1362 ,
3332 1310 3389 1354 et
3421 1301 3624 1356 multa
3651 1306 3803 1360 etiam

2182 1377 2235 1432 in
2262 1378 2363 1433 hoc
2395 1379 2532 1434 libro
2565 1383 2906 1452 reperiuntur
2931 1388 3316 1456 prophetarum
3345 1391 3562 1446 verbis
3593 1394 3796 1449 similia.

2181 1467 2314 1522 Nam
2337 1480 2389 1524 et
2414 1471 2605 1540 integri
2637 1489 2824 1529 versus
2846 1475 2997 1530 Isaiae
3017 1490 3070 1532 et
3100 1478 3403 1544 Zachariae,
3449 1482 3796 1555 aliorumque

2181 1562 2563 1630 prophetarum
2596 1564 2666 1617 ibi
2699 1568 3060 1636 reperiuntur.
3095 1567 3245 1624 Unde
3271 1582 3398 1625 est:
3459 1571 3731 1628 Videbunt
3749 1580 3791 1630 ia

2180 1667 2331 1730 quem
2357 1654 2729 1722 transﬁxerunt
2758 1658 2937 1727 (Joan.
2965 1660 3102 1731 six).

2252 1740 2319 1797 Et
2357 1746 2487 1800 dixit
2527 1749 2653 1801 mihi
2677 1761 2695 1798 :
2726 1748 2810 1802 Ne
2852 1751 3138 1820 signaveris
3179 1754 3336 1809 verba
3366 1758 3678 1826 prophetia
3704 1762 3788 1812 In-

491 1845 656 1914 gitur,
688 1861 807 1914 quae
834 1847 1006 1916 ipsum
1029 1848 1278 1919 angelum
1309 1850 1486 1915 misit,
1519 1851 1609 1920 qui
1637 1858 1829 1904 natura
1860 1851 2077 1920 quidem

2189 1837 2287 1901 ius.
2338 1839 2515 1906 Quare
2564 1842 2651 1896 hic
2671 1843 2842 1907 dixit,
2889 1862 2953 1899 ne
2995 1848 3314 1916 signaveris,
3353 1852 3406 1905 id
3451 1864 3584 1915 est,
3629 1870 3698 1908 ne
3721 1854 3784 1908 si-

491 1938 716 2006 augelus
733 1938 854 2002 fuit,
879 1941 973 1993 sed
998 1940 1263 1996 incarnati
1290 1941 1449 1997 Verbi
1471 1943 1935 2013 soliuspersonam
1955 1959 2079 2014 ges-
2111 1925 2155 1985 Β
2183 1932 2492 2000 8ί1¹³νθτίεν
2552 1950 2619 1988 ne
2684 1935 2944 1992 Clauseris
2993 1941 3157 1993 verba
3212 1942 3336 1996 libri
3393 1944 3604 2012 huius.
3668 1963 3777 2000 cum

491 2029 579 2084 sit.
604 2029 753 2086 Unde
780 2032 1138 2102 etaliquando
1156 2049 1219 2088 ex
1246 2050 1472 2103 persona
1497 2034 1695 2091 Christi
1720 2037 1978 2105 loquitur,
1997 2038 2079 2091 di-

489 2136 620 2176 cens
646 2138 658 2175 :
684 2121 797 2192 Ego
819 2141 934 2178 sum
956 2125 1178 2194 primus,
1202 2143 1295 2196 ego
1326 2127 1636 2181 novissimus
1661 2127 1760 2199 (Is.
1785 2133 1952 2199 κων),
1971 2139 2074 2185 etc.

490 2213 794 2283 Aliquando
823 2231 975 2270 suam
1015 2219 1299 2273 attendens
1328 2230 1574 2274 naturam
1593 2261 1608 2286 ,
1630 2220 1890 2276 Joannem
1931 2238 1998 2278 ne
2021 2238 2082 2278 se

490 2302 683 2358 debeat
708 2307 934 2361 adorare
961 2308 1230 2377 prohibet.
1271 2309 1579 2366 Notandum
1617 2321 1796 2366 autem
1841 2314 1982 2382 quod
2023 2315 2079 2368 in

491 2394 644 2450 initio
675 2396 832 2451 istius
876 2397 998 2453 libri
1047 2400 1184 2455 dixit
1225 2410 1280 2455 et
1323 2402 1683 2473 signiﬁcavit,
1718 2404 1957 2468 mittens,
1985 2420 2082 2475 per

491 2487 734 2555 angelum
779 2504 935 2544 suum
965 2505 1125 2546 servo
1165 2508 1264 2546 suo
1292 2491 1508 2547 Joanui.
1555 2493 1653 2548 Hic
1691 2509 1822 2550 vero
1852 2511 1958 2550 non
1989 2495 2080 2549 uni

489 2577 699 2648 singula
707 2581 859 2642 riter.
884 2583 978 2636 sed
993 2585 1166 2639 servis
1181 2584 1460 2654 pluraliter
1473 2585 1606 2640 dicit
1617 2587 1948 2642 ostendenda
1960 2603 2082 2657 qua:

489 2679 702 2738 oportet
733 2673 849 2728 ﬁeri
875 2675 1002 2729 cito.
1038 2675 1094 2730 In
1124 2677 1322 2745 quibus
1351 2678 1534 2732 verbis
1561 2680 1817 2744 ostendit,
1862 2681 2080 2749 utique,

490 2777 596 2830 non
633 2766 723 2819 uni
757 2768 1086 2836 specialiter,
1122 2768 1345 2834 Joanni,
1374 2770 1468 2824 sed
1495 2771 1736 2824 omnium
1763 2772 1816 2825 in
1848 2788 1906 2827 se
1941 2773 2085 2828 utili-

493 2853 589 2908 tati
635 2854 690 2908 in
737 2853 945 2910 Joanne
994 2858 1323 2927 generaliter
1363 2860 1729 2928 prospexisse,
1779 2862 1904 2930 quia
1941 2863 2084 2931 quod

489 2942 684 3000 Joanni
713 2947 929 3012 dicitur,
958 2950 1212 3004 omnibus
1241 2949 1495 3006 Ecclesiae
1536 2952 1781 3007 ﬁdelibus
1811 2955 2081 3022 congruit.

491 3034 622 3103 Qum
665 3047 791 3092 sunt
832 3048 1011 3094 autem
1040 3056 1159 3110 qua:
1188 3052 1402 3112 oportet
1441 3043 1556 3097 ﬁeri
1594 3044 1739 3099 cito?
1776 3045 1962 3115 utique
2001 3059 2087 3101 re-

493 3131 801 3186 muneratio
855 3142 1210 3198 sanctorum,
1273 3143 1329 3191 et
1376 3134 1655 3192 damnatio
1704 3139 2082 3207 reproborum.

496 3219 646 3276 Unde
675 3232 732 3276 et
758 3225 1006 3293 sequitur
1033 3243 1046 3279 :

2183 2023 2236 2078 in
2299 2025 2472 2079 media
2546 2025 2705 2096 hujus
2764 2029 3025 2083 orationis
3087 2033 3231 2086 serie
3294 2034 3511 2089 dictum
3568 2037 3644 2089 sit
3697 2034 3779 2089 Jo-

2182 2118 2306 2171 anni
2343 2135 2355 2170 :
2396 2116 2560 2186 Signa
2607 2135 2726 2188 qua:
2775 2112 2966 2174 locuta.
2997 2133 3118 2176 sunt
3158 2137 3355 2193 septem
3407 2131 3644 2182 tonitrua
3673 2172 3689 2193 ,
3727 2139 3773 2184 et

2184 2208 2290 2263 noli
2322 2226 2382 2263 ea
2422 2211 2685 2264 scribere?
2729 2210 2865 2278 Quia
2920 2213 3172 2270 videlicet
3213 2217 3372 2271 malis
3425 2229 3479 2273 et
3530 2231 3769 2274 contem-

2184 2301 2430 2372 ptorihus
2459 2302 2721 2373 signanda
2761 2312 2815 2358 et
2846 2304 3144 2362 claudenda
3184 2318 3348 2379 atque
3392 2312 3755 2365 abscondenda

2185 2403 2312 2446 sunt
2342 2393 2526 2446 divina
2551 2396 2825 2464 mysteria.
2861 2395 3011 2452 Unde
3032 2408 3116 2452 est
3144 2418 3156 2451 :
3192 2397 3357 2453 Notae
3369 2413 3594 2454 unctum
3614 2401 3748 2454 dare

2185 2483 2401 2536 canibus
2461 2483 2679 2554 (Hatth.
2725 2487 2846 2559 vn).
2897 2496 2953 2541 et
2995 2503 3009 2541 :
3063 2487 3147 2544 Ne
3182 2492 3412 2545 miseritis
3439 2496 3756 2563 margaritas

2185 2584 2381 2628 vestras
2428 2585 2550 2628 ante
2591 2593 2775 2645 porcos
2833 2576 3046 2649 (lbid.).
3086 2580 3366 2636 Fidelibus
3392 2593 3566 2637 autem
3597 2585 3762 2639 mani-

2186 2663 2433 2718 festanda
2463 2675 2588 2718 sunt
2617 2665 2799 2721 divina
2831 2668 3065 2738 eloquia.
3097 2671 3250 2726 Unde
3292 2673 3556 2729 Dominus
3586 2676 3709 2729 dicit
3741 2691 3758 2732 :

2195 2751 2351 2808 Vobis
2374 2753 2555 2808 datum
2577 2766 2648 2810 est
2678 2774 2830 2812 nosse
2873 2763 3176 2830 mysterium
3224 2766 3375 2834 regni
3420 2765 3540 2830 Dei,
3577 2770 3758 2820 ett-teris

2186 2855 2359 2900 autem
2388 2847 2442 2900 in
2462 2848 2729 2917 parabolis
2776 2849 2926 2915 (Luc.
2953 2856 3054 2923 ιι).
3087 2853 3298 2910 Dicitur
3325 2858 3519 2928 itaque
3565 2871 3761 2930 propter

2187 2938 2433 2995 inﬁdeles
2459 2959 2472 2995 :
2508 2941 2675 3018 Signa
2703 2960 2819 3015 qua:
2853 2943 3027 2999 locuta
3061 2957 3182 3001 sunt
3207 2961 3416 3018 septem
3445 2953 3687 3013 tonitru,
3719 2962 3760 3006 et

2189 3032 2297 3087 noli
2326 3050 2387 3087 ea
2409 3034 2654 3098 scribere,
2681 3045 2903 3106 propter
2955 3037 3138 3094 ﬁdeles
3187 3051 3401 3095 autem.
3454 3040 3628 3097 Scribe
3664 3059 3761 3113 qu

2185 3126 2350 3188 vides,
2383 3135 2439 3181 et
2465 3145 2478 3180 :
2524 3127 2607 3182 Ne
2628 3129 2914 3198 signaveris
2937 3131 3085 3185 verba
3107 3134 3408 3202 prophetia:
3452 3135 3571 3188 libri
3606 3137 3754 3203 hujus.

2188 3216 2284 3272 Vel
2314 3227 2483 3284 certe,
2511 3220 2652 3291 quod
2675 3221 2728 3276 in
2753 3222 3022 3292 principio
3052 3219 3212 3293 hujus
3255 3225 3620 3281 revelationis
3651 3227 3758 3279 dici-

565 3311 700 3368 Ecce
730 3315 875 3369 uenio
899 3316 1143 3372 velociter
1165 3318 1233 3372 ad
1259 3318 1839 3384 reddendum,scilicet
1867 3320 2078 3375 unicui-
2103 3318 2151 3383 C
2185 3320 2273 3366 ιυῐ·
2318 3310 2514 3368 Joanni
2551 3333 2561 3366 :
2594 3313 2776 3369 Scribe
2819 3332 2935 3385 quw
2981 3320 3142 3380 vides,
3185 3334 3307 3387 qua:
3338 3319 3559 3374 visurus
3596 3337 3643 3372 es
3664 3362 3678 3383 ,
3717 3321 3756 3372 in

493 3421 598 3478 que
621 3409 772 3478 juxta
806 3410 1056 3464 meritum
1082 3426 1262 3466 suum.
1287 3411 1439 3468 Licet
1462 3413 1605 3468 enim
1637 3414 2089 3482 quantulumcun-

491 3514 598 3569 que
627 3502 856 3570 spatium
882 3503 997 3558 haec
1025 3518 1264 3573 praisens
1286 3506 1394 3559 vita
1422 3506 1686 3572 videatur,
1717 3517 1896 3562 tamen
1925 3521 2088 3562 omne

489 3582 708 3660 tempus
741 3596 1023 3662 praisentis
1063 3598 1186 3651 vita:
1214 3607 1583 3668 comparatum
1623 3601 1912 3654 :eternitati
1938 3641 1952 3664 ,
1994 3615 2086 3655 ve-

496 3682 596 3738 luti
626 3697 1054 3742 momentaneum
1087 3689 1336 3756 habetur,
1376 3702 1540 3760 atque
1581 3693 1786 3748 idcirco
1829 3695 2088 3750 velociter

496 3787 558 3829 se
581 3775 767 3830 venire
794 3786 1148 3846 protestetur,
1180 3791 1240 3834 ut
1269 3782 1378 3836 cito
1420 3783 1746 3854 impleantur
1773 3801 1894 3855 quae
1928 3802 2087 3858 opor-

501 3872 577 3921 tet
610 3865 744 3922 ﬁeri.
779 3867 1002 3934 Beatus,
1051 3870 1103 3926 id
1135 3881 1218 3927 est
1244 3871 1371 3928 felix
1391 3915 1407 3939 ,
1427 3878 1517 3946 qui
1540 3877 1765 3930 custodit
1793 3878 1945 3932 verba
1965 3896 2089 3949 pro-

495 3959 683 4028 phetia:
711 3959 833 4014 libri
855 3962 1038 4033 hujus,
1067 3980 1289 4019 servans
1316 3982 1437 4036 qua:
1481 3967 1534 4021 in
1578 3982 1643 4022 eo
1690 3969 1893 4038 scripta
1919 3979 2084 4038 sunt,

499 4061 559 4107 ut
587 4055 778 4124 dignus
807 4057 1073 4112 habeatur
1100 4063 1534 4118 remuneratione
1565 4075 1845 4134 perpetua.

573 4141 640 4197 Et
664 4162 756 4215 ego
776 4146 1029 4214 Joannes,
1063 4153 1402 4216 subauditur,
1423 4155 1610 4209 beatus
1633 4172 1777 4221 sum,
1798 4159 1888 4228 qui
1908 4159 2088 4214 audivi

496 4243 546 4290 et
569 4236 672 4290 vidi
694 4239 824 4292 lucc.
850 4238 918 4294 Et
950 4253 1227 4312 postquam
1253 4245 1519 4300 audissem
1549 4256 1596 4300 et
1623 4247 1864 4302 vidissem
1884 4291 1898 4314 ,
1925 4251 2087 4304 cecidi

497 4337 619 4382 ante
628 4330 783 4400 pedes
802 4335 974 4403 angeli
995 4345 1050 4389 ut
1071 4336 1350 4391 adorarem
1371 4355 1508 4401 eum,
1525 4340 1616 4410 qui
1637 4341 1764 4394 mihi
1785 4340 1896 4395 lucc
1917 4351 2090 4396 osten-

496 4419 670 4473 debat.
696 4421 763 4475 Et
792 4422 916 4478 dicit
943 4426 1072 4480 mihi
1096 4441 1115 4478 .'
1154 4425 1279 4483 Vide
1307 4446 1370 4483 ne
1399 4430 1605 4500 feceris.
1638 4429 1930 4487 Conservus
1961 4444 2085 4489 tuus

496 4527 611 4564 sum
642 4521 690 4566 et
720 4512 948 4582 fratrum
994 4527 1208 4573 tuorum
1246 4523 1654 4591 prophetarum,
1699 4533 1747 4577 et
1791 4539 1972 4578 eorum
1997 4526 2087 4596 qui

495 4615 704 4660 servant
733 4610 888 4662 verba
904 4612 1190 4681 prophetia:
1212 4613 1334 4666 libri
1365 4614 1543 4684 hujus.
1572 4613 1684 4670 Hoc
1707 4615 1845 4681 loco,
1871 4621 2013 4672 sicut
2031 4629 2088 4674 et

2189 3405 2370 3460 medio
2397 3421 2526 3461 vero
2553 3424 2566 3460 :
2606 3406 2771 3478 Signa
2795 3425 2914 3479 qua:
2939 3409 3112 3464 locuta
3137 3422 3263 3465 sunt
3299 3425 3508 3482 septem
3539 3416 3756 3474 tonitru,

2190 3510 2353 3570 atque
2382 3501 2436 3555 in
2468 3501 2578 3556 ﬁne
2605 3519 2617 3554 :
2653 3500 2735 3555 Ne
2758 3504 3043 3572 signaveris
3082 3505 3237 3559 verba
3268 3507 3576 3577 prophetiae
3614 3509 3751 3575 hujus,

2186 3602 2367 3664 potest
2389 3594 2464 3648 ita
2487 3594 2737 3664 intelligi,
2771 3597 2913 3664 quod
2960 3595 3196 3665 Spiritus
3238 3608 3480 3653 sanctus
3529 3599 3754 3668 praevidit.

2187 3689 2364 3758 primo
2393 3697 2635 3758 tempore
2663 3690 2924 3759 quosdam
2949 3690 3002 3744 in
3022 3690 3261 3745 Ecclesia
3295 3689 3548 3757 futuros,
3563 3695 3644 3762 qui
3660 3707 3754 3745 cum

2188 3780 2387 3851 gaudio
2415 3789 2470 3836 et
2500 3781 2763 3837 aviditate
2795 3783 3063 3851 recepturi
3107 3793 3266 3837 erant
3319 3783 3547 3838 Domini
3590 3799 3759 3838 sentio-

2189 3887 2313 3926 nem
2360 3891 2373 3926 :
2428 3873 2621 3928 deinde
2662 3875 2825 3929 etiam
2876 3876 3135 3944 quosdam
3190 3875 3450 3942 futuros,
3500 3879 3557 3931 in
3607 3877 3762 3946 quibus

2191 3962 2430 4018 abundat
2455 3964 2713 4034 iniquitas
2735 3975 2791 4019 et
2814 3965 3119 4037 refrigescit
3143 3967 3389 4021 charitas
3407 4009 3424 4030 ,
3449 3969 3588 4037 quin
3619 3965 3763 4036 potius

2188 4055 2414 4110 verbum
2454 4055 2549 4110 Dei
2577 4066 2951 4121 contemnunt,
2978 4073 3140 4127 quam
3163 4059 3482 4129 suscipiunt
3507 4079 3520 4112 :
3550 4070 3765 4114 extremo

2187 4163 2320 4203 vero
2382 4155 2850 4220 appropinquante
2890 4150 3138 4220 judicio,
3195 4161 3358 4206 erunt
3413 4153 3636 4222 (verum
3685 4165 3766 4203 non

2189 4241 2363 4296 solum
2387 4243 2644 4312 gentiles,
2673 4244 2768 4298 sed
2799 4244 2963 4298 etiam
2995 4243 3190 4313 Judaei)
3225 4247 3320 4313 qui
3370 4260 3502 4299 cum
3557 4247 3768 4300 maxima

2190 4337 2449 4391 aviditate
2470 4339 2694 4392 verbum
2729 4339 2820 4392 Dei
2851 4340 3153 4409 suscepturi
3189 4348 3344 4404 sunt,
3367 4340 3768 4409 praedicantibm

2187 4427 2303 4484 Elia
2333 4437 2389 4484 et
2414 4429 2621 4494 Enoch,
2645 4430 2964 4499 exterisque
2985 4431 3466 4500 praedicatoribus.
3494 4433 3644 4500 Quia
3666 4447 3770 4501 ergo

2187 4521 2242 4576 in
2279 4523 2454 4592 primo
2478 4532 2532 4578 et
2581 4521 2772 4576 ultimo
2832 4531 3075 4591 tempore
3125 4523 3312 4579 ﬁdeles
3370 4523 3632 4588 fuerunt,
3683 4526 3768 4576 sive

2189 4615 2356 4670 futuri
2391 4625 2538 4682 sunt,
2566 4615 2789 4670 verbum
2839 4613 2932 4669 Dei
2979 4630 3103 4670 cum
3151 4616 3349 4686 gaudio
3397 4619 3769 4685 suscipientes

494 4703 763 4772 superius,
791 4701 1027 4761 Joannes
1049 4715 1106 4761 et
1133 4708 1356 4778 angelus
1375 4683 1626 4778 proprias
1645 4724 1908 4780 personas
1938 4727 2086 4766 resu-
2113 4683 2164 4742 D
2189 4710 2327 4765 bene
2353 4710 2506 4764 initio
2536 4707 2696 4776 hujus
2722 4707 2842 4762 libri
2877 4708 3078 4764 dicitur
3109 4723 3125 4762 :
3155 4683 3338 4762 Scribe
3374 4726 3500 4777 qui:
3545 4683 3708 4769 uides,
3733 4716 3774 4760 et

495 4803 669 4848 munt.
700 4793 779 4848 Ne
804 4797 950 4851 enim
983 4798 1271 4869 quisquam
1306 4799 1371 4854 de
1401 4801 1803 4870 conscriptione
1833 4801 1954 4856 libri
1988 4803 2088 4856 bu-

483 4885 576 4955 jus
599 4888 894 4955 dubitaret,
917 4905 1069 4945 suam
1107 4892 1487 4948 auctoritatem
1508 4891 1745 4948 Joannes
1771 4895 2085 4964 interponit,

491 4980 682 5036 dicens
722 4999 735 5035 :
770 4981 885 5052 Ego
921 4983 1154 5039 Joannes
1193 4986 1284 5056 qui
1314 4986 1492 5041 audiui
1535 5000 1586 5041 et
1633 4988 1740 5042 vidi
1784 4989 1916 5042 hwc.
1969 4987 2088 5058 Ipse

489 5093 707 5148 qujue
722 5081 946 5151 angelus
969 5081 1197 5136 resumit
1219 5097 1373 5137 suam
1396 5097 1706 5153 personam,
1729 5082 2087 5154 prohibetque

492 5167 755 5227 Joannem
781 5187 849 5228 ne
877 5188 936 5229 se
963 5173 1196 5229 adorare
1223 5175 1438 5240 debeat,
1457 5175 1643 5231 dicens
1672 5193 1685 5230 :
1715 5173 1840 5229 Vide
1860 5191 1922 5228 ne
1951 5174 2086 5244 fece-

493 5266 586 5319 ris.
611 5265 904 5321 Conservus
926 5278 1047 5321 tuus
1073 5285 1188 5323 sum
1207 5278 1254 5323 et
1277 5269 1505 5339 fratrum
1526 5278 1757 5324 tuorum.
1788 5267 1866 5323 Ex
1888 5266 2087 5338 quibus

493 5357 677 5412 verbis
701 5359 834 5412 satis
861 5361 1228 5430 supradictum
1260 5370 1362 5424 est,
1395 5361 1539 5434 quod
1566 5361 1820 5418 videlicet
1852 5362 1966 5432 ipse
1987 5376 2085 5415 an-

495 5447 648 5521 gelus
673 5448 970 5504 aethereum
997 5466 1195 5522 corpus
1218 5455 1553 5525 susceperit,
1581 5462 1744 5524 atque
1780 5453 1900 5508 ideo
1921 5454 2084 5523 pedes

493 5536 696 5593 habere
725 5537 945 5604 dicitur,
974 5548 1032 5594 et
1056 5544 1199 5611 quod
1233 5543 1471 5598 timuerit
1499 5553 1624 5613 post
1647 5543 1934 5599 adventum
1961 5543 2081 5598 Filii

497 5627 593 5684 Dei
629 5627 846 5684 adorari
884 5631 955 5685 ab
986 5631 1241 5697 homine,
1274 5634 1367 5703 qui
1413 5649 1574 5703 super
1622 5649 1681 5688 se
1723 5635 1931 5689 sciebat
1966 5634 2081 5702 jam

495 5729 618 5774 use
640 5719 938 5787 hominem,
968 5738 1090 5776 cum
1118 5722 1250 5776 nihil
1280 5723 1386 5777 tale
1413 5723 1654 5793 legamus
1680 5724 1732 5778 in
1768 5722 1945 5780 Veteri
1976 5725 2083 5781 Te-

497 5823 786 5881 statnento,
813 5817 904 5872 ubi
928 5816 1246 5885 frequenter
1273 5817 1490 5887 quidem
1518 5815 1746 5888 legimus
1773 5817 1992 5889 angelos
2015 5819 2084 5875 ab

497 5906 807 5964 hominibus
846 5909 1099 5976 adoratos
1125 5953 1139 5972 .
1192 5924 1304 5966 nec
1346 5908 1670 5968 prohibitos.
1721 5909 1829 5968 Sed
1885 5909 2084 5968 mirum

2189 4800 2244 4854 in
2273 4801 2377 4854 ﬁne
2410 4813 2425 4852 :
2460 4799 2543 4852 Ne
2572 4799 2854 4870 signareris
2876 4801 3027 4853 verba
3046 4800 3332 4870 prophetitr
3352 4801 3539 4869 hujus.
3571 4800 3770 4869 Atqui:

2190 4889 2245 4943 in
2295 4888 2476 4943 medio
2520 4889 2674 4942 multi
2704 4897 2833 4943 sunt
2858 4899 3261 4960 contemptores
3297 4891 3453 4944 verbi
3494 4889 3590 4943 Dei
3613 4932 3632 4954 ,
3667 4904 3773 4943 coa-

2189 4993 2322 5049 grue
2352 4993 2566 5048 quoque
2594 4987 2649 5033 et
2677 4980 2764 5034 hic
2801 4981 2854 5034 in
2909 4981 3088 5036 medio
3137 4981 3336 5036 dicitur
3383 4997 3400 5036 :
3453 4980 3631 5053 Signa
3679 4997 3774 5052 qu

2191 5070 2365 5125 locuta
2391 5081 2511 5125 sunt
2539 5083 2732 5142 septem
2779 5075 3048 5140 tonitrua,
3085 5084 3133 5128 et
3174 5074 3281 5129 noli
3320 5093 3385 5130 ea
3421 5079 3682 5132 scribere.
3721 5105 3776 5118 —

2196 5162 2420 5232 Tempus
2444 5165 2581 5218 enim
2614 5181 2775 5235 prope
2798 5175 2894 5219 est.
2925 5164 3040 5220 Hoc
3069 5166 3136 5221 ad
3181 5165 3310 5220 illud
3355 5168 3618 5235 pertinet,
3650 5166 3777 5237 quod

2190 5257 2454 5326 prtemisit
2495 5277 2506 5310 :
2533 5256 2610 5311 Ne
2636 5258 2940 5328 signaveris
2962 5260 3121 5313 verba
3147 5259 3445 5329 prophetiae
3472 5258 3663 5327 hujus,
3685 5275 3778 5329 quo

2190 5349 2305 5404 haec
2333 5349 2544 5421 impleri
2573 5351 2828 5417 debeant,
2860 5367 2887 5405 a
2919 5337 3162 5422 tempore
3185 5353 3397 5409 scilicet
3425 5357 3778 5410 resurrectio-

2189 5444 2274 5499 nis
2305 5443 2505 5499 Christi
2533 5460 2703 5514 usque
2739 5443 2805 5499 ad
2853 5446 2996 5502 diem
3042 5445 3253 5514 judicii,
3287 5449 3512 5518 quando
3559 5449 3779 5519 singulis

2183 5537 2336 5610 juxta
2363 5555 2526 5610 opera
2565 5555 2661 5595 sua
2694 5540 3046 5596 retribuetur.
3071 5541 3146 5596 De
3172 5542 3273 5596 hoc
3297 5543 3635 5597 brevissimo
3660 5554 3779 5597 tem-

2190 5645 2320 5701 pore
2352 5631 2492 5686 idem
2521 5630 2756 5686 Joannes
2785 5632 2841 5686 in
2896 5633 3137 5703 Epistola
3177 5649 3274 5688 sua
3323 5634 3459 5689 dicit
3508 5653 3522 5688 :
3575 5633 3777 5697 Filioti,

2191 5724 2470 5778 novissima
2502 5725 2632 5778 hora
2652 5735 2725 5778 est
2755 5724 2806 5793 (Ι
2831 5724 2994 5779 Joan.
3028 5727 3110 5796 ιι).

2263 5812 2368 5880 Qui
2411 5825 2576 5878 nocet,
2602 5825 2782 5869 noceat
2811 5817 2986 5870 adhuc
3012 5830 3030 5868 :
3060 5826 3110 5871 et
3155 5819 3246 5888 qui
3287 5819 3344 5872 in
3389 5817 3638 5872 sordibus
3687 5827 3775 5876 est.

2190 5909 2457 5966 sordescat
2483 5908 2678 5964 adhuc.
2719 5908 3083 5966 Permissivus
3126 5910 3322 5968 modus
3345 5919 3456 5968 est.
3479 5925 3596 5968 non
3627 5919 3776 5966 oeta-
