3972 6436
148 447 288 506 1217

1090 427 1454 488 EXPOSITIO
1489 426 1558 483 IN
1593 421 2090 482 APOCALYPSIN.
2129 453 2202 464 —
2236 420 2367 478 LIB.
2409 418 2518 480 VII.

3306 421 3447 482 ms

153 559 328 618 avus;
369 557 530 614 saepe
554 543 699 599 enim
730 543 872 599 Deus
907 540 1252 611 omnipotens
1283 537 1555 611 permittit
1582 534 1756 591 homi-
1782 544 1836 604 Α
1860 535 2014 590 bunt.
2047 534 2200 591 Unde
2227 535 2478 605 superius
2503 549 2626 590 cum
2659 535 3013 605 praemisisset
3057 549 3072 588 :
3121 532 3190 590 Et
3231 553 3322 607 ego
3375 539 3452 594 si-

155 661 280 703 nent
306 643 542 712 propter
572 643 794 705 peccata
825 634 1099 706 praeterita
1145 645 1303 686 ruere
1349 629 1418 684 ad
1465 627 1749 700 graviora;

161 737 303 792 unde
331 745 430 803 per
467 726 807 783 Psalmistam
830 725 1031 780 dicitur
1060 744 1073 778 :
1109 721 1233 776 Non
1279 720 1478 775 audivit
1534 716 1758 790 populus

165 842 310 884 meus
341 837 518 877 vocem
541 835 731 883 meam,
767 827 816 872 et
854 815 1027 872 Israel
1056 832 1162 870 non
1197 813 1417 868 intendit
1460 810 1608 874 mihi,
1650 817 1756 864 etc.

164 932 386 988 usque:
431 911 590 966 Ibunt
616 913 672 966 in
693 910 1145 966 adinventionibus
1194 909 1304 962 suis
1350 903 1523 976 (Psal.
1569 905 1758 973 Lux).

163 1013 223 1069 In
254 1024 363 1080 qua
390 1005 658 1062 sententia
684 1012 871 1074 aperte
897 1002 1201 1058 ostenditur
1248 997 1593 1070 praecessisse
1649 995 1763 1051 cul-

164 1117 292 1175 pam
336 1098 743 1163 inobedientiaa,
773 1113 870 1167 per
905 1111 1066 1166 quam
1098 1109 1128 1148 a
1181 1094 1292 1148 Deo
1343 1091 1596 1163 permissi
1637 1098 1764 1146 sunt

166 1196 250 1250 ire
280 1194 334 1248 in
359 1190 737 1245 voluntatibus
767 1190 898 1244 suis.
927 1187 1065 1242 Hinc
1092 1185 1293 1239 Paulus
1331 1184 1399 1240 de
1439 1183 1763 1254 quihusdam

167 1285 301 1341 dicit
335 1302 347 1314 °
384 1282 492 1349 Qui
514 1299 632 1336 cum
657 1281 1012 1352 cognouissent
1034 1278 1224 1343 Deum,
1258 1293 1361 1332 non
1385 1287 1439 1330 ut
1463 1276 1631 1330 Deum
1657 1275 1763 1347 glo-

167 1375 532 1443 riﬁcaverunt,
561 1384 650 1426 aut
680 1371 881 1442 gratias
913 1379 1147 1440 egerunt.
1193 1368 1414 1438 Propter
1457 1368 1600 1438 quod
1654 1377 1765 1421 tra-

110 1460 130 1586 ῑ
166 1466 301 1519 didit
329 1464 453 1517 illos
486 1463 624 1516 Deus
651 1464 706 1518 in
754 1462 1029 1533 reprobum
1062 1476 1271 1514 sensum
1291 1499 1305 1524 ,
1337 1469 1390 1512 ut
1419 1458 1619 1528 faciant
1647 1473 1765 1528 qua:

168 1577 274 1586 ...ιη
301 1559 608 1586 ---μμηὲυκι
648 1557 802 1586 PD]...
858 1560 898 1586 Α
961 1557 1181 1586 Ιὶέιιηοιηη
1209 1557 1390 1586 ἕιηηιιιι
1459 1557 1547 1586 nul.
1596 1565 1739 1586 ..Λρηι

117 1557 130 1606 7'
168 1577 275 1614 non
295 1559 608 1613 conveniunt
648 1557 822 1630 (Rom.
858 1560 918 1629 1).
960 1557 1181 1612 Dicatur
1209 1557 1409 1625 itaque,
1457 1557 1547 1626 qui
1596 1565 1764 1621 nocet,

168 1651 379 1720 sibiipsi
412 1649 758 1714 subauditur,
790 1649 840 1702 id
871 1657 975 1710 est,
1007 1648 1099 1716 qui
1132 1663 1236 1701 non
1293 1647 1402 1700 vult
1460 1647 1624 1700 verba
1671 1643 1766 1699 Dei

88 1808 96 1817 _
168 1742 384 1806 audire,
411 1750 592 1796 noceat
621 1740 819 1805 adhuc,
841 1741 893 1794 id
919 1749 1022 1802 est,
1044 1747 1363 1808 permaneat
1395 1737 1764 1807 impmuitens,

169 1844 224 1888 et
254 1834 500 1903 peccatis
530 1834 820 1903 prteteritis
847 1831 1225 1902 conjungatur.
1261 1831 1323 1883 Et
1349 1831 1441 1900 qui
1485 1830 1541 1884 in
1589 1828 1769 1885 sordi-

1862 627 2008 682 tienti
2029 628 2165 682 dabo
2191 645 2383 699 aquam
2407 628 2525 683 vitae
2545 629 2732 698 gratis,
2763 627 2909 684 illico
2935 625 3181 696 adiunxit
3210 645 3223 681 :
3251 625 3355 694 Qui
3374 629 3452 684 υἱ-

1861 720 2010 785 cerit,
2031 720 2330 790 possidebit
2349 721 2482 776 haec.
2512 719 2582 774 Et
2609 721 2793 790 portis,
2826 720 2878 776 id
2907 731 2992 776 est
3007 735 3104 790 per
3122 730 3328 791 portas,
3355 736 3453 792 per

1867 813 2141 883 apostolos
2168 813 2452 881 videlicet,
2503 823 2838 885 czeterosque
2875 814 3124 870 doctores
3166 816 3361 870 intrent
3393 817 3453 871 in

1863 904 2145 970 civitatem,
2184 904 2288 960 hoc
2313 913 2417 971 est,
2443 905 2496 960 in
2521 905 2796 962 cmlestem
2822 904 3146 961 Jerusalem.
3177 906 3284 962 Per
3311 922 3452 979 quo-

1863 1013 1983 1052 rum
2011 999 2157 1052 enim
2183 997 2546 1053 ministerium
2566 1015 2712 1054 nunc
2741 1000 3006 1054 intramus
3020 999 3339 1066 Ecclesiam,
3357 1013 3456 1072 per

1863 1089 2102 1161 ipsorum
2125 1105 2222 1145 ora
2243 1098 2300 1144 et
2324 1089 2644 1145 solutionem
2663 1091 3029 1161 ingrediemur
3049 1107 3273 1162 regnum
3289 1093 3451 1149 ccelo-

1865 1197 2008 1248 rum,
2034 1183 2100 1237 de
2127 1181 2213 1237 his
2237 1183 2408 1252 portis
2432 1181 2720 1238 Psalmista
2739 1183 2871 1238 dicit
2895 1201 2909 1236 :
2942 1183 3156 1254 Aperite
3180 1186 3307 1239 mihi
3329 1203 3456 1257 por-

1864 1272 2367 1344 tasjustitiw(Psal.
2383 1274 2576 1344 cxvu).
2604 1274 2908 1346 Statimque
2922 1291 3084 1330 unam
3102 1277 3454 1347 principalem

1863 1373 2099 1434 portam,
2117 1365 2183 1419 ad
2209 1381 2371 1434 quam
2388 1365 2550 1420 etiam
2572 1365 2688 1420 istae
2703 1365 2974 1436 pertinent
2989 1367 3318 1434 manifestat,
3339 1369 3460 1424 sub-

1866 1457 2044 1512 dendo
2079 1475 2092 1510 :
2119 1456 2251 1512 Haec
2279 1468 2431 1528 porta
2470 1456 2706 1519 Domini,
2726 1457 2862 1527 justi
2897 1458 3164 1513 intrabunt
3193 1476 3284 1530 per
3318 1477 3454 1514 eam.

1867 1551 1994 1607 Haec
2017 1553 2160 1607 enim
2189 1561 2345 1623 porta
2375 1551 2649 1608 Christum
2683 1553 2976 1623 signiﬁcat,
3002 1555 3092 1622 qui
3132 1555 3302 1610 dicit:
3343 1554 3457 1624 Ego

1867 1659 1984 1698 sum
2008 1645 2219 1708 ostium,
2250 1645 2382 1700 dicit
2408 1645 2668 1700 Dominus
2699 1660 2714 1698 :
2739 1662 2830 1714 per
2859 1661 2938 1698 me
2962 1647 3008 1699 si
3035 1647 3151 1717 quis
3175 1647 3457 1712 introierit,

1868 1736 2158 1791 salvabitur
2195 1737 2375 1807 (loan.
2420 1738 2496 1809 χ).
2549 1737 2682 1793 Cum
2739 1739 2886 1793 enim
2942 1739 3169 1808 quilibet
3220 1739 3458 1795 ﬁdelium

1869 1844 1967 1900 per
1994 1846 2090 1884 ora
2113 1830 2527 1900 praedicatorum
2550 1831 2754 1885 aditum
2779 1829 2980 1884 intrant
3001 1831 3150 1902 regni
3171 1831 3456 1898 caelorum,

169 1925 275 1981 bus
302 1927 563 1981 vitiorum
603 1935 872 1989 versatur,
900 1923 1167 1977 sordescat
1209 1922 1402 1986 adhuc,
1444 1921 1498 1976 id
1550 1930 1637 1976 est
1699 1921 1767 1974 ad
1797 1910 1845 1970 Β
1872 1922 2126 1977 nimirum
2161 1939 2256 1993 per
2297 1923 2446 1978 illum
2474 1921 2874 1994 ingrediuntur,
2916 1922 3009 1992 qui
3056 1938 3156 1993 per
3200 1939 3297 1981 ora
3345 1923 3464 1978 illo-

172 2017 454 2072 deteriora
478 2018 711 2072 labatur.
746 2018 881 2071 Dum
904 2016 1049 2070 enim
1079 2015 1202 2084 quis
1233 2023 1444 2084 tempus
1500 2013 1772 2083 poeniten-

173 2109 264 2164 tia:
293 2111 516 2180 accipit,
543 2118 597 2165 et
626 2109 971 2178 impmnitens
996 2098 1304 2177 permanet,
1340 2106 1626 2176 ipsumque
1653 2119 1778 2175 pec-

172 2212 361 2258 catum
394 2205 663 2259 convertit
701 2203 815 2272 ipse
845 2201 1144 2256 remedium
1174 2199 1361 2270 gratia:
1412 2197 1682 2252 convertit
1721 2197 1778 2250 in

173 2304 531 2362 augmentum
565 2293 753 2362 culpae.
785 2292 851 2346 Et
895 2290 1022 2359 quia
1070 2304 1175 2343 non
1203 2287 1316 2341 vult
1357 2287 1610 2341 deserere
1663 2301 1778 2339 ma-

173 2382 289 2437 lum
321 2395 381 2437 ut
403 2386 568 2448 vivat,
598 2394 757 2454 auget
782 2384 923 2437 unde
952 2381 1233 2436 moriatur.
1264 2381 1337 2434 De
1362 2380 1560 2450 quibus
1580 2378 1780 2434 Paulus

177 2473 341 2529 dicit:
362 2474 432 2529 Ut
451 2474 697 2544 impleant
711 2484 921 2544 peccata
937 2491 1034 2527 sua
1051 2489 1250 2542 semper
1264 2471 1312 2543 (1
1335 2471 1512 2526 Thess.
1529 2472 1613 2542 tt).
1628 2502 1694 2511 —
1709 2471 1779 2524 Et

172 2564 355 2634 justus
370 2581 468 2636 per
485 2567 643 2620 [idem
654 2567 980 2635 justiﬁcetur
995 2564 1166 2618 adhuc
1184 2580 1282 2632 per
1293 2565 1684 2634 operationem.
1709 2562 1780 2616 Et

176 2669 398 2712 sanctus
427 2660 782 2727 sancti/icetur
804 2659 995 2711 adhuc.
1024 2657 1185 2712 Juxta
1220 2657 1349 2713 illud
1381 2676 1394 2711 :
1428 2658 1586 2712 Ibunt
1610 2656 1779 2712 sancti

179 2749 246 2803 de
270 2752 463 2806 uirtute
484 2753 539 2806 in
581 2753 840 2805 virtutem.
889 2751 1054 2805 Electi
1096 2751 1240 2804 enim
1293 2765 1506 2819 semper
1553 2759 1682 2804 sunt
1726 2749 1781 2802 in

178 2842 430 2910 profectu
465 2843 758 2907 virtutum,
809 2843 932 2911 quia
981 2841 1222 2911 quotidie
1263 2841 1551 2907 inchoant,
1591 2849 1645 2896 et
1682 2855 1781 2911 per

180 2947 466 2994 mementa
502 2948 803 3008 temporum
839 2937 1130 2990 virtutibus
1161 2937 1384 2990 virtutes
1411 2936 1634 2990 addunt.

261 3029 396 3086 Ecce
423 3033 573 3086 venio
607 3032 730 3096 cito,
764 3031 830 3085 ad
853 3029 1202 3097 judicandum
1233 3030 1457 3085 scilicet.
1493 3027 1560 3084 Et
1588 3046 1781 3084 merces

188 3137 303 3175 mea
331 3139 540 3176 mecum
582 3131 680 3188 est,
715 3121 927 3175 reddere
970 3122 1248 3192 unicuique
1294 3121 1578 3175 secundum
1624 3138 1782 3190 opera

186 3234 303 3272 sua.
336 3220 470 3276 [lac
498 3220 698 3276 locutio
723 3228 778 3276 et
806 3220 1006 3274 electos
1042 3219 1109 3274 ad
1151 3218 1372 3273 meliora
1415 3218 1700 3289 proﬁcere,
1727 3225 1782 3272 et

1873 2029 1995 2068 rum
2024 2013 2282 2082 loquitur.

1949 2105 2104 2161 Foris
2154 2123 2332 2173 canes,
2370 2107 2423 2161 id
2469 2116 2553 2163 est
2599 2107 2800 2172 .udaei,
2853 2109 3126 2176 hmretici,
3173 2109 3467 2180 creterique

1877 2197 2160 2261 increduli,
2193 2200 2284 2269 qui
2316 2208 2506 2254 contra
2541 2200 2836 2255 Ecclesiam
2885 2200 3105 2256 latrant.
3145 2201 3213 2255 Et
3255 2202 3466 2271 veneﬁci

1879 2289 1932 2343 id
1962 2298 2067 2354 est,
2101 2289 2334 2344 maleﬁci
2365 2291 2477 2345 sive
2508 2290 2672 2362 magi,
2705 2300 2752 2344 et
2781 2290 3034 2360 impudici
3081 2291 3134 2346 id
3178 2299 3284 2356 est,
3321 2291 3468 2346 inve-

1880 2380 2116 2435 recunde
2141 2389 2448 2450 peccantes.
2470 2379 2536 2434 Et
2559 2381 2836 2434 homicida:
2864 2381 3079 2437 diverso
3108 2382 3263 2438 modt‘.
3292 2381 3466 2438 hemi-

1879 2485 1978 2526 nes
2017 2471 2422 2527 interﬁcientes.
2479 2470 2549 2524 Et
2593 2472 2748 2526 idolis
2799 2472 3096 2539 servientes,
3129 2475 3230 2528 hoc
3257 2481 3364 2538 est,
3395 2472 3470 2528 si-

1881 2562 2123 2618 mulacra
2153 2564 2400 2632 quaedam
2430 2577 2530 2632 pro
2559 2561 2670 2618 Deo
2697 2563 2958 2630 colentes,
2997 2567 3114 2619 sive
3146 2565 3313 2619 etiam
3350 2564 3471 2634 plus

1881 2663 2098 2711 terrena
2130 2673 2293 2725 quam
2325 2658 2490 2711 Deum
2519 2657 2821 2727 diligentes.
2864 2657 2930 2711 Et
2979 2659 3146 2714 omnis
3190 2659 3280 2729 qui
3326 2668 3472 2712 amat

1882 2746 2232 2808 mendacium,
2267 2757 2314 2800 et
2353 2745 2480 2814 facit
2519 2745 2672 2799 illud.
2735 2745 2883 2800 Multi
2936 2749 3079 2801 enim
3131 2749 3473 2803 mendacium

1884 2834 2110 2899 faciunt,
2136 2837 2230 2890 sed
2257 2843 2435 2889 tamen
2466 2850 2572 2889 non
2607 2845 2791 2890 amant
2821 2837 3182 2900 mendacium,
3211 2838 3338 2908 quia
3365 2848 3477 2894 stu-

1883 2929 1975 2985 dio
2004 2937 2167 2997 atque
2206 2942 2390 2983 amore
2443 2928 2698 2998 peccandi
2752 2945 2856 2984 non
2915 2930 3268 2984 mentiuntur.
3321 2930 3475 2997 Quod

1886 3020 2224 3075 mendacium
2246 3029 2480 3091 purgant
2500 3035 2665 3090 apere
2689 3019 3094 3086 misericordiae,
3112 3021 3252 3076 sicut
3269 3022 3474 3078 dictum

1887 3126 1970 3172 est
1999 3116 2248 3186 superius
2277 3117 2342 3170 de
2368 3117 2756 3171 obstetricibus
2788 3115 3156 3172 Hebraeorum.
3190 3116 3296 3170 Sed
3334 3115 3477 3171 sicut

1888 3208 1976 3264 isti
2006 3209 2060 3262 in
2094 3208 2187 3262 tali
2217 3209 2517 3271 mendacio,
2544 3209 2645 3263 nisi
2672 3209 3068 3264 emendationis
3089 3208 3327 3263 studium
3350 3209 3476 3263 sub-

190 3313 455 3380 reprobos
493 3313 741 3366 hortatur
769 3328 800 3365 a
831 3313 986 3366 malis
1017 3311 1291 3374 recedere,
1323 3325 1390 3364 ne
1417 3285 1644 3378 pereant
1666 3309 1784 3364 sine
1811 3285 1858 3359 β
1889 3309 2165 3369 sequatur,
2199 3299 2507 3368 perditione
2539 3316 2644 3354 non
2677 3310 2885 3365 carent,
2916 3300 3196 3371 Scriptura
3223 3301 3472 3357 dicente:

189 3404 562 3457 excusatione.
621 3403 750 3470 Quae
798 3403 960 3457 verba
1008 3403 1342 3472 expositione
1382 3416 1488 3457 non
1520 3401 1737 3472 indigen

192 3495 317 3562 quia
344 3497 464 3566 ipsa
495 3511 554 3550 se
581 3496 875 3566 explanant

264 3585 380 3656 Ego
411 3604 532 3642 sum
571 3612 605 3642 α
637 3597 685 3641 et
725 3612 784 3652 ω,
816 3589 1016 3657 primus
1036 3598 1084 3642 et
1115 3604 1448 3652 novissimus,
1470 3587 1787 3657 principium

194 3683 241 3728 et
273 3677 418 3743 ﬁnis.
453 3675 691 3740 Primus,
719 3687 846 3730 ante
887 3693 1046 3746 quem
1099 3678 1275 3732 nullus
1315 3696 1328 3730 :
1370 3687 1416 3730 et
1452 3677 1786 3739 novissimus,

194 3775 320 3833 post
349 3781 512 3835 quem
539 3766 734 3820 nullus.
774 3766 1119 3834 Principium,
1149 3781 1179 3818 a
1204 3783 1312 3835 quo
1341 3767 1517 3820 omnis
1539 3775 1788 3820 creatura

197 3857 435 3926 sumpsit
463 3856 674 3910 initium
701 3871 716 3920 ;
743 3865 789 3909 et
817 3856 960 3923 ﬁnis.
989 3855 1112 3924 quia
1137 3856 1190 3909 in
1220 3870 1285 3910 eo
1315 3871 1474 3909 omne
1506 3856 1786 3924 redigitur.

196 3944 376 4016 Alpha
410 3947 648 4019 pertinet
665 3947 732 4001 ad
759 3946 907 4001 verbi
931 3947 1267 4016 dignitatem.
1291 3960 1479 4016 omega
1510 3945 1576 3998 ad
1602 3960 1787 4000 susce-

199 4046 352 4107 ptam
390 4041 446 4094 in
480 4039 588 4093 (ine
629 4049 930 4108 temporum
961 4038 1374 4092 humanitatem.
1405 4036 1525 4106 Ipse
1551 4045 1637 4090 est
1661 4052 1791 4107 ergo

201 4129 391 4200 alpha,
434 4131 486 4186 id
523 4139 625 4195 est,
653 4129 979 4200 principium
1020 4144 1247 4184 manens
1291 4144 1414 4183 cum
1446 4127 1628 4182 Patre.
1675 4126 1793 4198 Ipse

201 4230 257 4276 et
285 4239 503 4296 omega,
537 4225 589 4278 id
616 4233 700 4279 est
738 4224 883 4288 linis,
906 4232 1065 4277 natus
1104 4221 1475 4291 temporaliter
1496 4236 1561 4276 ex
1594 4229 1788 4278 matre.

210 4319 364 4376 Unde
396 4319 598 4375 Paulus
642 4337 654 4372 :
685 4316 925 4372 Christus
949 4317 1073 4383 ﬁnis
1100 4315 1226 4384 legis
1265 4315 1333 4368 ad
1353 4314 1621 4384 justitiam
1652 4314 1794 4367 omni

206 4412 440 4466 credenti
458 4411 628 4483 (Rom.
646 4411 724 4480 χ).
743 4408 1074 4477 Principium
1089 4422 1306 4477 quoque
1321 4421 1426 4460 non
1444 4406 1510 4460 ad
1524 4405 1696 4476 ipsum
1710 4413 1795 4460 est

206 4503 576 4567 referendum,
601 4503 744 4572 quod
766 4499 971 4556 scilicet
999 4500 1136 4570 ipse,
1174 4497 1469 4554 secundum
1497 4497 1641 4567 quod
1681 4497 1792 4551 bae-

209 4597 368 4650 retici
407 4599 712 4660 voluerunt,
750 4611 818 4650 ex
864 4605 1105 4663 tempore
1153 4595 1398 4663 eruperit,
1433 4593 1527 4648 sed
1558 4591 1624 4646 ad
1649 4591 1794 4646 ordi-

1890 3390 2088 3445 Perdes
2126 3408 2304 3446 omnes
2341 3393 2430 3462 qui
2478 3391 2764 3464 loquuntur
2808 3393 3137 3446 mendacium
3177 3391 3349 3460 (Psal.
3390 3391 3471 3464 v),

1889 3483 1969 3537 sic
2007 3491 2061 3536 et
2089 3483 2175 3538 isti
2206 3483 2441 3552 graviori
2464 3498 2623 3554 postia
2653 3484 2919 3554 plectendi
2960 3495 3107 3550 sunt,
3139 3485 3230 3556 qui
3277 3485 3477 3552 studio,

1889 3576 2165 3631 voluntate
2227 3586 2390 3646 atque
2439 3585 2644 3643 amore,
2697 3577 2926 3633 fallaciis
2976 3577 3359 3648 illaqueantur.
3411 3576 3479 3634 Hi

1889 3678 2082 3719 omnes
2119 3680 2369 3735 superius
2400 3667 2550 3730 dicti,
2583 3677 2744 3722 erunt
2774 3667 2927 3733 foris,
2953 3669 3059 3724 hoc
3099 3679 3202 3734 est,
3235 3669 3303 3724 ab
3330 3668 3480 3724 aditu

1891 3757 2129 3812 caelestis
2185 3758 2486 3814 Jerusalem
2550 3761 2901 3830 repellentur,
2963 3779 3086 3818 cmn
3143 3762 3415 3818 audierint
3465 3779 3480 3816 :

1891 3846 2154 3901 Discedite
2181 3865 2213 3900 a
2243 3865 2346 3912 me,
2378 3848 2641 3903 maledicti
2673 3849 2887 3916 (Matth.
2913 3853 3063 3921 xxv).

1964 3937 2079 4010 Ego
2099 3940 2255 3994 Iesus
2281 3941 2398 3995 misi
2425 3941 2667 4012 angelum
2691 3958 2866 3996 meum
2896 3943 3170 4012 testiﬁcari
3202 3945 3345 4000 vobis
3370 3947 3482 4002 haec

1892 4035 1949 4087 in
1971 4030 2242 4086 Ecclesiis.
2275 4031 2390 4088 Hoc
2418 4041 2472 4088 et
2495 4047 2656 4103 supra
2677 4031 2790 4100 jam
2817 4033 3018 4088 dictum
3048 4034 3246 4090 fuerat.
3277 4036 3332 4089 lu
3365 4036 3486 4106 qui-

1894 4125 1996 4180 bus
2019 4123 2200 4178 verbis
2227 4133 2414 4194 aperte
2439 4123 2932 4192 ostenditur,cujus
2977 4128 3204 4197 ﬁguram
3247 4125 3484 4183 Joannes

1895 4217 1951 4271 in
1979 4217 2082 4272 hac
2112 4218 2440 4274 revelatione
2486 4219 2722 4274 tenuerit
2769 4237 2782 4273 :
2824 4234 2922 4274 nec
2970 4219 3142 4275 solum
3191 4219 3258 4274 ad
3307 4221 3482 4291 ipsum

1895 4311 2171 4383 pertinent
2212 4309 2495 4377 Joannem,
2541 4327 2661 4382 qua:
2690 4312 2741 4368 ei
2770 4312 2913 4368 dicta
2948 4323 3094 4376 sunt,
3129 4312 3223 4369 sed
3253 4314 3320 4369 ad
3364 4330 3484 4369 om-

1897 4420 1997 4459 nes
2020 4403 2308 4470 Ecclesias,
2342 4420 2464 4476 qua:
2490 4404 2740 4476 superius
2765 4407 3072 4477 septenario
3091 4421 3316 4461 numero
3338 4415 3488 4462 com-

1896 4496 2325 4567 prehenduntur,
2359 4497 2412 4552 in
2442 4497 2639 4568 quibus
2667 4513 2775 4552 una
2823 4497 3086 4554 catholica
3114 4540 3128 4564 ,
3161 4498 3213 4553 id
3255 4507 3338 4554 est
3366 4500 3489 4555 uni-

1898 4588 2127 4644 versalis
2152 4588 2495 4658 exprimitur.
2531 4587 2643 4660 Ego
2672 4605 2791 4644 sum
2820 4606 2980 4660 genus
3003 4600 3052 4644 et
3095 4589 3251 4644 radix
3289 4589 3481 4646 David.

212 4701 336 4741 nem
369 4696 743 4742 creaturarum
773 4651 1029 4754 pertinet,
1061 4700 1182 4755 quae
1206 4651 1273 4740 e'x
1319 4684 1410 4740 illo
1447 4692 1796 4754 sumpserunt
1823 4651 1874 4712 Β
1904 4679 2059 4747 Quod
2091 4679 2225 4735 nihil
2252 4680 2396 4746 aliud
2419 4689 2536 4748 est,
2574 4682 2678 4736 nisi
2713 4700 2725 4735 :
2759 4682 2870 4752 Ego
2900 4698 3020 4738 sum
3049 4698 3116 4739 ex
3143 4683 3255 4753 ipsa
3289 4694 3484 4739 natura

215 4775 452 4833 initium.
497 4778 571 4832 De
616 4777 775 4846 alpha
801 4775 1038 4832 Joannes
1067 4776 1200 4842 dicit
1230 4790 1244 4829 :
1282 4775 1349 4828 In
1381 4776 1639 4845 principio
1686 4782 1797 4828 erat

229 4863 475 4947 Verbum,
499 4876 573 4932 et,
596 4868 772 4920 omnia
793 4882 884 4934 per
908 4867 1077 4936 ipsum
1101 4867 1244 4936 [acta
1262 4875 1381 4919 sunt
1411 4864 1594 4934 (Joan.
1628 4864 1692 4935 ι).
1723 4865 1799 4920 De

218 4970 409 5030 omega
440 4958 696 5027 vero,qui
719 4966 799 5012 est
831 4957 953 5011 linis
975 4957 1362 5012 elementorum
1393 4959 1532 5028 apud
1558 4956 1796 5021 Graecos,

217 5044 362 5101 sicut
389 5057 443 5104 et
470 5047 626 5117 alpha
656 5047 978 5118 principium
1008 5066 1022 5100 :
1064 5045 1285 5102 Verbum
1319 5064 1442 5102 caro
1474 5047 1671 5116 factum
1698 5057 1797 5112 est,

220 5145 268 5191 et
320 5140 568 5194 habitavit
627 5143 680 5194 in
734 5140 880 5193 nobis
929 5137 1139 5209 (lbid.).
1191 5137 1248 5192 In
1288 5139 1374 5192 his
1406 5138 1571 5193 totius
1606 5137 1798 5194 salutis

1905 4770 2097 4826 David.
2123 4771 2283 4826 Beata
2315 4771 2460 4827 enim
2492 4770 2584 4827 Dei
2615 4771 2849 4842 genitrix
2881 4774 2947 4829 de
2985 4774 3154 4841 stirpe
3185 4772 3350 4826 David
3391 4773 3486 4826 de-

1905 4866 2135 4932 scendit,
2165 4877 2327 4938 atque
2357 4867 2558 4923 idcirco
2585 4867 2701 4937 ipse
2749 4867 2918 4923 Filius
2964 4867 3082 4930 Dei,
3134 4866 3276 4921 ﬁlius
3322 4866 3489 4922 David

1903 4968 2006 5015 est.
2043 4958 2196 5016 Unde
2221 4961 2334 5030 ipse
2371 4960 2711 5032 interrogans
2731 4958 2944 5015 Judmos
2975 4977 2988 5012 :
3022 4958 3163 5024 Quid
3184 4957 3326 5012 vobis
3354 4957 3492 5013 uide-

1906 5064 1996 5108 tur
2018 5056 2083 5110 de
2109 5054 2315 5109 Christo
2345 5053 2495 5120 cuius
2526 5055 2669 5124 [ilius
2700 5055 2802 5117 sit,
2830 5054 2935 5109 hoc
2966 5067 3286 5122 responsum
3313 5051 3380 5106 ab
3409 5053 3491 5107 eis

1899 5146 2148 5217 accepit:
2177 5145 2369 5208 David,
2393 5155 2447 5200 et
2480 5143 2571 5202 ille
2602 5162 2614 5198 :
2653 5143 2930 5210 Quomodo
2959 5158 3082 5213 ergo
3126 5141 3295 5196 Dauid
3340 5150 3490 5196 uocat

225 5228 552 5286 Christianae
582 5248 790 5287 summa
820 5230 1097 5295 consistit,
1129 5240 1180 5283 ut
1217 5229 1426 5284 scilicet
1456 5231 1508 5284 in
1555 5245 1662 5285 uno
1705 5244 1802 5286 θο-
1901 5254 2023 5292 eum
2068 5237 2370 5299 Dominum,
2393 5237 2571 5292 dicens
2595 5251 2612 5289 :
2635 5235 2783 5290 Dixit
2813 5235 3073 5290 Dominus
3102 5233 3326 5288 Domino
3350 5249 3488 5297 meo,

226 5319 455 5392 demque
485 5323 702 5378 Christo
729 5338 785 5378 et
809 5322 1048 5393 perfecta
1079 5321 1274 5387 deitas,
1303 5329 1360 5376 et
1395 5335 1522 5377 vera
1550 5321 1805 5378 credatur
1903 5333 2026 5386 εεάε
2044 5349 2076 5384 α
2105 5329 2302 5385 dextris
2322 5329 2490 5384 meis?
2516 5325 2733 5386 (Matth.
2762 5329 2923 5398 nu.)
2954 5326 3059 5382 Sed
3089 5325 3384 5382 secundum
3412 5325 3492 5382 di-

229 5412 554 5473 humanitas.

1908 5423 2292 5478 vinitatemcst
2322 5419 2579 5476 Dominus
2597 5419 2740 5474 Deus
2764 5416 3264 5483 David,secundum
3295 5414 3488 5470 huma-

298 5505 449 5562 Beati
477 5508 566 5580 qui
591 5508 764 5563 lavant
793 5506 954 5563 stolas
977 5523 1121 5572 tuac,
1155 5505 1206 5562 id
1258 5515 1343 5563 est
1365 5546 1381 5572 ,
1423 5520 1653 5578 corpora
1707 5521 1805 5562 sua
1908 5513 2135 5568 nitatem
2164 5526 2295 5575 vero
2324 5525 2432 5566 non
2462 5509 2622 5575 abas,
2646 5509 2740 5566 sed
2769 5509 2909 5565 idem
2941 5508 3243 5579 ipsegenus
3261 5515 3316 5560 et
3335 5503 3491 5558 radix

232 5607 288 5653 et
314 5601 478 5656 vitam
508 5600 652 5656 fonte
685 5601 1026 5671 baptismatis
1063 5609 1118 5655 et
1167 5601 1424 5672 lacrymis
1451 5602 1802 5672 paenitentiae,

1911 5601 2102 5667 David,
2129 5601 2183 5658 id
2212 5611 2316 5667 est,
2344 5600 2558 5656 natura.
2586 5599 2761 5655 Aliter
2789 5616 2804 5654 :
2835 5597 2950 5670 Ego
2974 5613 3092 5654 sum
3119 5595 3274 5650 rudia:
3297 5592 3492 5659 Dauid,

234 5702 392 5767 atque
421 5697 666 5756 custodia
717 5695 1094 5754 mandatorum
1149 5696 1266 5752 Dei.
1334 5694 1406 5752 Ut
1459 5697 1529 5751 sit
1579 5705 1808 5764 potestas
1912 5696 2038 5768 quia
2066 5711 2132 5750 ex
2163 5711 2251 5752 me
2271 5695 2438 5750 David
2465 5693 2695 5763 sumpsit
2723 5690 2955 5749 initium.
2983 5692 3048 5747 Et
3074 5707 3166 5761 ego
3191 5705 3310 5746 sum
3329 5703 3492 5760 genus

233 5801 412 5845 eorum
432 5791 488 5846 in
517 5790 658 5862 ligno
679 5791 817 5846 vita.
846 5789 908 5846 Id
930 5796 1034 5854 est,
1060 5787 1113 5845 in
1129 5787 1365 5844 Domino
1392 5785 1520 5845 Jesu
1569 5786 1805 5845 Christo.

235 5879 365 5946 Qum
391 5885 670 5957 habentes,
693 5885 880 5958 utique
911 5883 968 5942 iu
995 5882 1175 5956 capite
1213 5896 1314 5940 suo
1355 5883 1537 5941 omnia
1563 5883 1807 5954 posside-

1911 5798 1961 5845 et
1989 5790 2144 5844 radix
2170 5787 2362 5853 David,
2393 5786 2519 5857 quia
2548 5802 2616 5843 ex
2641 5785 2734 5843 illo
2760 5787 2815 5841 in
2844 5784 2952 5840 line
2977 5793 3283 5854 temporum
3311 5778 3495 5838 carnis

1914 5881 2199 5942 tuateriam
2255 5880 2484 5941 sumpsi.
2542 5879 2708 5938 Stella
2767 5877 3040 5937 splendida
3103 5885 3152 5934 et
3212 5873 3492 5930 matutina.
