3972 6478
505 439 646 502 1319

997 441 1350 500 HAYMONIS
1385 442 1862 504 HALBEBSTAT.
1903 442 2119 503 EPISC.
2161 443 2316 502 OPP.
2353 443 2536 503 PARS
2571 443 3049 505 l.—COIIIENT.
3091 446 3261 502 BIBL.

3698 448 3820 503 1218

505 559 778 629 Quantum
805 558 871 612 ad
899 557 1135 614 litteram
1186 559 1440 628 pertinet,
1475 559 1696 616 stellam
1746 559 2081 630 splendidam
2112 564 2164 626 Α
2187 575 2452 616 errorem.
2483 561 2710 632 Apponet
2731 578 2888 632 super
2907 563 3058 616 illum
3089 563 3229 616 Deus
3254 564 3468 633 plagas
3503 562 3756 630 scriptas
3778 567 3820 616 is

507 660 564 709 et
586 651 901 706 matutiuam
930 648 1509 719 appellatLuciferum,
1526 665 1644 721 quae
1661 650 1791 704 dum
1813 658 2090 706 extremas

505 743 671 800 horas
716 741 955 798 noctium
997 742 1245 805 illustrat,
1287 758 1446 801 mane
1483 743 1645 814 citius
1676 741 1966 802 aﬁ'uturum
1996 741 2092 800 der

506 835 697 891 clarat.
722 833 840 906 [pse
862 843 1025 905 atque
1054 833 1301 894 Christus
1326 845 1411 890 est
1443 835 1597 894 stella
1631 835 1934 904 splendida,
1960 833 2089 904 quia

509 925 625 994 ipse
637 934 723 979 est
739 923 833 980 tua:
854 940 974 979 vera
1000 923 1307 980 illuminaus
1329 940 1532 986 attinent
1545 926 1805 984 hominem
1825 924 2004 995 (locis.
2023 924 2086 994 ι).

506 1015 576 1073 Et
601 1017 741 1072 bene
776 1017 1057 1083 matutina,
1103 1016 1228 1086 quia
1284 1031 1441 1078 mane
1468 1016 1724 1082 surrexit,
1748 1025 1803 1072 et
1836 1016 2090 1076 tenebras

504 1109 674 1166 totius
715 1109 900 1164 mundi
947 1108 1176 1178 fugavit,
1225 1108 1489 1178 nobisque
1544 1107 1846 1164 claritatem
1899 1107 2088 1170 aeterni

505 1200 630 1266 diei,
664 1201 874 1256 devicta
904 1200 1262 1267 mortalitate,
1285 1209 1407 1270 post
1460 1199 1914 1256 resurrectionem
1964 1199 2090 1256 ulti-

459 1303 462 1306 ‘
504 1307 651 1348 mam
682 1292 1104 1358 demonstravit,
1128 1290 1283 1360 juxta
1315 1290 1444 1345 illud
1467 1290 1711 1361 Apostoli
1739 1309 1752 1344 :
1783 1291 1908 1352 Non:
1947 1307 2086 1361 prta-

503 1386 677 1451 cessit,
705 1384 816 1439 dies
846 1394 1020 1438 autem
1044 1384 1475 1454 appropinquavit
1502 1383 1679 1455 (Rom.
1705 1386 1846 1454 sui).

579 1473 649 1530 Et
663 1476 877 1546 spiritus
900 1475 952 1529 id
981 1481 1084 1537 est,
1108 1481 1217 1528 tota
1250 1472 1506 1538 Trinitas,
1523 1472 1682 1527 Pater
1701 1472 1974 1537 videlicet,
1993 1471 2088 1526 Fi-

505 1564 610 1621 lius
632 1575 688 1622 et
718 1565 949 1636 Spiritus
965 1573 1201 1619 sanctus.
1218 1562 1286 1618 Et
1300 1579 1512 1634 sponsa,
1535 1563 1684 1620 idest
1697 1572 1882 1618 sancta
1897 1562 2086 1618 Eccle-

502 1659 610 1724 sia,
627 1659 828 1724 dicunt,
847 1655 1250 1713 cuilibctﬁdeli:
1277 1655 1402 1710 Veni
1417 1657 1482 1710 ad
1500 1656 1686 1718 Deum,
1705 1655 1911 1710 scilicet
1939 1670 2088 1726 gres-

503 1753 656 1810 sibus
680 1751 804 1806 ﬁdei
826 1760 880 1805 et
913 1750 1162 1820 passibus
1181 1749 1403 1813 amoris,
1413 1748 1568 1818 juxta
1585 1747 1712 1802 illud
1731 1767 1744 1804 :
1764 1749 2003 1802 Accedite
2019 1747 2088 1802 ad

503 1860 625 1898 eum
639 1854 686 1898 et
699 1843 1072 1898 illuminamini
1095 1841 1209 1914 (Ps.
1227 1845 1445 1911 xxxrlt).
1474 1839 1729 1912 Spiritus,
1744 1841 1796 1896 id
1819 1850 1901 1896 est
1923 1840 2086 1907 Deus,

2191 652 2324 710 libro
2349 653 2471 706 isto.
2501 651 2571 708 Ut
2605 661 2726 722 post
2751 653 3033 707 innumera
3083 661 3347 707 tormenta
3408 651 3496 704 ad
3555 660 3818 706 aeternam

2188 746 2468 815 perveniat
2493 745 2915 800 damnationem.
2941 743 3206 814 Tempore
3231 759 3342 814 quo
3377 743 3621 797 beatus
3667 743 3816 798 Joan-

2191 851 2287 892 nes
2327 838 2430 894 ista
2469 838 2707 907 scripsit,
2734 845 3094 891 surrexerunt
3133 838 3383 891 haeretici
3441 838 3508 890 in
3548 836 3812 898 Ecclesia,

2191 927 2506 984 Valentinus
2529 928 2739 984 scilicet
2766 937 2821 982 et
2853 929 3044 994 Ebion,
3070 939 3124 983 et
3163 929 3487 984 Corinthus
3511 969 3530 990 ,
3589 944 3732 996 quos
3767 943 3812 982 et

2190 1018 2245 1073 in
2273 1017 2512 1088 Epistula
2536 1034 2632 1074 sua
2651 1019 3017 1078 Antichristos
3045 1028 3220 1084 vocat,
3251 1021 3486 1074 idcirco
3515 1021 3672 1073 hanc
3693 1036 3808 1074 coii-

2193 1111 2536 1168 teststionem
2572 1111 2653 1166 eis
2703 1111 2923 1181 obiecit,
2967 1126 3039 1166 ne
3082 1127 3178 1181 per
3214 1113 3577 1181 pravitatem
3619 1113 3804 1166 erroris

2193 1202 2391 1272 aliquid
2422 1203 2547 1258 huic
2573 1203 2710 1257 libro
2727 1204 3092 1272 superaddere
3116 1204 3414 1267 auderent,
3447 1205 3636 1264 sicut,
3669 1205 3800 1257 veriti

2190 1295 2388 1365 gratia,
2414 1294 2576 1350 Arius
2625 1294 2842 1350 auferre
2886 1295 3035 1350 nisus
3057 1304 3145 1350 est
3171 1311 3239 1352 ex
3287 1310 3398 1349 suo
3447 1295 3608 1350 libro
3652 1312 3665 1345 :
3703 1292 3797 1364 εῃ

2189 1396 2238 1440 et
2287 1383 2452 1441 Pater
2496 1402 2659 1442 unum
2705 1403 2886 1441 sumus
2923 1386 3103 1457 (lacn.
3133 1388 3212 1457 x).
3245 1387 3548 1442 Photinus
3599 1402 3794 1454 quoque

2191 1479 2328 1536 dixit
2359 1498 2370 1533 :
2403 1479 2516 1549 Ego
2542 1479 2866 1551 principium
2903 1480 3080 1534 tribuo
3107 1478 3233 1534 Jesu
3261 1495 3328 1535 ex
3361 1479 3594 1533 Maria.

2263 1570 2330 1626 Et
2360 1571 2406 1626 si
2433 1577 2552 1641 quis
2580 1570 2880 1626 diminuam
2902 1569 2967 1628 de
2992 1571 3157 1626 verbis
3186 1571 3344 1640 hujus
3383 1571 3541 1626 sibri
3587 1572 3784 1640 proph-

2191 1664 2279 1720 tia:
2307 1663 2391 1718 vel
2417 1677 2659 1730 sensum,
2689 1663 2772 1718 vel
2797 1663 2963 1718 etiam
2991 1663 3153 1718 verba
3201 1673 3397 1718 contra
3461 1679 3630 1717 suam
3671 1678 3780 1720 eua-

2193 1757 2496 1820 scientiam,
2525 1757 2666 1812 sicut
2694 1756 2858 1812 Arius
2885 1755 3013 1812 fecit
3034 1772 3099 1811 ex
3127 1755 3459 1825 Evangelia.
3499 1765 3566 1810 ut
3603 1757 3772 1824 pradi—

2193 1857 2338 1906 ctum
2369 1856 2475 1912 est,
2501 1848 2703 1917 auferet
2734 1847 2875 1902 Deus
2903 1857 3102 1917 partem
3130 1846 3243 1915 ejus
3292 1850 3358 1899 de
3394 1846 3549 1902 libro
3570 1846 3700 1909 site,
3734 1842 3774 1896 id

506 1935 638 1992 dicit
671 1937 773 1992 hoc
803 1951 899 2006 per
923 1935 1192 1990 occultam
1219 1934 1630 2004 inspiratiouem
1660 1934 1914 1992 cordibus
1962 1931 2087 1987 ﬁde-
2114 1932 2162 1993 B
2188 1952 2274 1998 est
2291 1943 2347 1997 in
2369 1942 2629 1997 memoria
2651 1940 3006 2010 ρτωεοίεηιίε
3027 1939 3125 1994 Dei
3152 1954 3259 1995 non
3289 1940 3598 1994 scribam»,
3635 1937 3699 1991 ει
3719 1937 3773 1989 δι

499 2028 654 2083 lium.
674 2027 880 2098 Sponsa
915 2036 1116 2092 autem,
1141 2027 1196 2081 id
1229 2034 1311 2080 est
1335 2033 1521 2080 sancta
1552 2025 1789 2080 Ecclesia
1812 2039 1909 2094 per
1933 2038 2088 2092 aper-

505 2128 615 2176 tam
638 2117 1079 2192 praedicationem
1100 2117 1374 2172 auditores
1396 2133 1522 2172 suos
1544 2116 1737 2174 invitat
1760 2116 1827 2170 ad
1856 2115 2088 2185 patriam

501 2213 798 2270 cwlestem.
830 2210 900 2268 Et
931 2211 1020 2281 qui
1039 2211 1186 2266 audit
1219 2211 1333 2265 sive
1360 2226 1455 2282 per
1479 2209 1746 2265 occultam
1781 2208 2088 2279 inspiratio-

502 2322 651 2374 nem,
679 2306 792 2363 sive
820 2321 919 2376 per
945 2305 1228 2362 doctorum
1258 2304 1697 2376 praedicationem
1736 2303 1832 2357 Dei
1876 2315 2084 2356 vocem.

500 2397 655 2454 Dicat
683 2397 838 2452 alteri
861 2396 1081 2452 cuilibet
1107 2396 1274 2451 ﬁdeli.
1316 2393 1464 2450 Veni.
1518 2395 1621 2450 Per
1667 2393 1828 2450 ﬁdem
1881 2401 2090 2454 rectam

499 2497 554 2543 et
575 2503 672 2558 per
694 2488 1060 2558 Operationem
1091 2487 1212 2544 ﬁdei
1261 2503 1575 2558 congruam.
1608 2485 1710 2554 Qui
1745 2486 1892 2540 enim
1919 2501 1951 2540 a
1977 2484 2091 2542 Deo

492 2578 606 2649 jam
637 2589 855 2634 vocatus
885 2587 987 2642 est,
1019 2593 1242 2638 necesse
1267 2586 1435 2634 estut
1486 2586 1543 2633 et
1586 2577 1750 2634 alium
1803 2584 1977 2642 vocet,
2021 2589 2091 2638 ne

499 2670 645 2726 solus
672 2671 740 2726 ad
779 2672 1271 2726 remunerationem
1325 2678 1535 2740 pergat.
1581 2669 1716 2726 Nam
1776 2677 1832 2724 et
1879 2668 1972 2738 qui
2021 2667 2091 2730 ad

496 2761 746 2817 balneum
782 2763 978 2833 pergit,
1028 2771 1088 2820 ut
1129 2761 1320 2816 beatus
1366 2760 1660 2831 Gregorius
1709 2759 1863 2824 dicit,
1913 2757 2091 2822 socios

498 2856 703 2919 habere
731 2855 1072 2921 desiderans,
1102 2855 1237 2909 alios
1263 2855 1510 2916 hortatur
1537 2863 1596 2908 ut
1624 2867 1808 2912 secum
1837 2859 2086 2923 pergant.

497 2946 568 3002 Et
598 2952 686 3018 qui
727 2947 834 3000 sitit
866 2945 1155 3017 justitiam,
1204 2945 1257 2998 id
1304 2953 1387 2999 est
1427 2945 1598 3002 Deum
1641 2943 2086 3013 omnipotentem.

514 3037 718 3106 Veniat,
752 3040 805 3095 id
823 3049 907 3095 est
931 3041 1160 3096 accedat
1193 3039 1259 3095 ad
1293 3038 1462 3104 illum,
1491 3047 1550 3096 ut
1576 3038 1884 3098 satietatem
1929 3045 2091 3092 teter-

495 3152 625 3193 nam
667 3138 919 3209 accipiat.
948 3137 1052 3204 Qui
1079 3136 1206 3202 vult,
1237 3135 1460 3202 accipiat
1501 3129 1695 3206 aquam
1736 3135 1853 3196 vita:
1899 3133 2086 3206 gratis,

495 3229 551 3286 id
581 3240 665 3286 est
691 3230 782 3301 qui
811 3231 1086 3294 desiderat
1117 3230 1220 3294 frui
1251 3230 1346 3285 Dei
1375 3228 1830 3300 contemplatione
1849 3266 1866 3294 ,
1892 3227 1948 3281 in
1979 3241 2086 3295 qua

497 3330 582 3378 est
610 3321 831 3388 refectio
860 3332 1080 3384 aeternae
1109 3321 1396 3388 satietatis,
1424 3322 1642 3384 studeat
1682 3329 1828 3380 recte
1875 3319 2080 3384 vivere,
2112 3304 2156 3367 C

495 3420 556 3468 ut
579 3420 764 3482 postea
792 3415 860 3468 ad
887 3414 1062 3485 ipsam
1102 3413 1198 3470 Dei
1240 3413 1504 3468 visionem
1551 3411 1730 3472 valeat
1773 3409 2080 3481 pervenire.

494 3506 604 3568 Sed
630 3523 754 3562 cum
777 3507 1068 3579 Apostolus
1089 3507 1232 3562 dicat
1269 3523 1282 3559 :
1316 3506 1498 3577 Neque
1521 3504 1764 3572 volentis,
1783 3520 1944 3574 neque
1965 3518 2084 3557 cur-

494 3604 671 3669 rentis,
700 3601 790 3656 sed
833 3599 1123 3658 miserentis
1167 3607 1241 3654 est
1289 3597 1384 3652 Dei
1429 3597 1607 3668 (Rom.
1642 3597 1778 3668 XVI),
1812 3595 2086 3666 quomodo

495 3698 586 3766 qui
615 3695 749 3759 vult,
773 3694 971 3761 accipit
1001 3708 1195 3762 aquam
1220 3691 1343 3745 vitae
1391 3689 1594 3759 gratis?
1650 3687 1756 3744 Sed
1805 3688 2085 3746 sciendum

494 3795 600 3852 est,
627 3784 753 3855 quia
796 3784 946 3853 prius
987 3781 1246 3853 prtevenit
1292 3779 1666 3844 misericordia
1709 3787 1766 3834 ut
1794 3777 2024 3840 velimus
2067 3793 2082 3832 ι

494 3879 688 3935 deinde
731 3878 895 3932 etiam
932 3876 1279 3947 subsequitur
1325 3886 1509 3935 nostra
1532 3875 1782 3932 voluntas
1812 3889 1908 3944 per
1937 3889 2086 3931 eam-

495 3972 617 4028 dem
640 3970 890 4041 gratiam,
921 3977 1317 4038 utoperemur.
1369 3967 1446 4026 De
1495 3967 1598 4026 hoc
1645 3965 1848 4024 Paulus
1888 3966 2021 4024 dicit
2069 3984 2080 4020 :

499 4059 604 4126 Qui
637 4071 882 4130 operatur
918 4059 973 4113 in
1015 4059 1157 4120 vobis
1186 4069 1233 4114 et
1266 4058 1390 4114 velle
1419 4069 1467 4116 et
1496 4058 1742 4129 perﬁcere
1771 4056 1994 4128 (Philip.
2022 4057 2083 4127 1).

497 4154 600 4222 Qui
635 4154 816 4225 itaque
858 4153 988 4219 sitit,
1021 4153 1073 4207 id
1109 4159 1215 4216 est,
1244 4151 1334 4220 qui
1361 4160 1592 4210 aeternas
1631 4149 1853 4207 delicias
1873 4164 2082 4219 praeve-

495 4247 676 4302 niente
723 4261 780 4302 se
819 4246 992 4315 gratia
1047 4245 1141 4301 Dei
1171 4245 1468 4310 desiderat,
1491 4244 1740 4314 passibus
1775 4244 1980 4307 amoris
2015 4243 2086 4298 ad

494 4353 588 4394 eas
621 4336 825 4402 tendat.
858 4338 926 4391 Et
948 4339 1038 4408 qui
1071 4337 1200 4404 vult,
1231 4339 1282 4392 id
1316 4347 1400 4393 est
1429 4337 1521 4408 qui
1553 4336 1737 4391 volens
1779 4351 1846 4390 ex
1874 4335 2089 4392 nolente

494 4426 722 4484 eﬁ‘ectus
740 4436 845 4496 est,
875 4443 982 4482 non
1012 4428 1126 4486 suis
1147 4427 1376 4494 meritis,
1397 4428 1491 4483 sed
1520 4427 1752 4498 gratuita
1776 4427 1871 4482 Dei
1897 4426 2090 4486 volun-

496 4528 625 4585 tate,
658 4520 874 4580 hauriat
900 4535 1097 4591 aquam
1123 4530 1340 4576 aeternae
1372 4517 1768 4580 delectationis.

571 4611 845 4674 Contestar
869 4629 1013 4682 ergo,
1041 4612 1094 4676 id
1127 4620 1232 4677 est,
1259 4610 1506 4666 obtestor
1553 4620 1608 4672 et
1659 4609 1922 4670 testiﬁcor
1945 4609 2088 4670 omni

497 4702 734 4758 audienti
765 4703 919 4762 verba
941 4705 1226 4775 prophetia:
1255 4703 1374 4758 libri
1409 4703 1587 4772 hujus.
1611 4702 1806 4775 Siquis
1830 4718 2085 4774 apposue-

492 4796 562 4850 rit
591 4795 660 4852 ad
696 4796 808 4860 hinc
835 4811 958 4869 quae
983 4797 1039 4854 in
1085 4797 1222 4858 libro
1269 4798 1377 4855 hoc
1425 4797 1796 4865 continentur,
1846 4797 2082 4867 aliquem

2190 2035 2394 2089 civitate
2423 2044 2630 2102 saneta,
2657 2033 2713 2088 id
2746 2041 2832 2088 est
2858 2034 2924 2090 de
2952 2030 3160 2088 cmlesti
3198 2031 3589 2087 Jerusalenret
3619 2031 3771 2084 soci:-

2190 2133 2302 2180 tate
2325 2135 2636 2182 sanctorum
2668 2125 2982 2196 angelorum
3029 2133 3083 2180 et
3135 2125 3443 2180 hominum.
3493 2123 3565 2180 Et
3603 2123 3665 2177 de
3694 2123 3766 2175 bis

2189 2219 2426 2289 praemiis
2452 2235 2570 2289 qua:
2597 2219 2793 2288 scripta
2820 2218 3026 2272 suntin
3075 2215 3209 2270 libro
3255 2217 3379 2269 ista.
3428 2214 3627 2272 Tamen
3672 2216 3764 2268 hoc

2190 2310 2470 2365 sciendum
2497 2319 2602 2377 est,
2633 2310 2760 2379 quia
2789 2310 2892 2364 hoc
2917 2324 3024 2363 non
3054 2316 3282 2378 propter
3313 2324 3407 2363 eos
3431 2309 3640 2371 dicitur,
3666 2308 3754 2377 qui

2190 2399 2506 2470 simpliciter
2545 2400 2690 2470 quod
2740 2399 2926 2455 dicunt
2979 2399 3244 2461 sentiunt,
3286 2399 3376 2454 sed
3419 2399 3482 2452 de
3520 2399 3606 2451 bis
3631 2397 3739 2450 uti-

2189 2509 2317 2564 que,
2338 2495 2431 2564 qui
2454 2503 2645 2548 contra
2674 2492 3065 2548 conscientiam
3095 2507 3255 2546 suam
3278 2490 3404 2546 male
3422 2489 3488 2544 de
3509 2491 3620 2544 Deo
3655 2489 3733 2542 lo-
3755 2497 3776 2510 ‘

2190 2595 2448 2658 quuntur.

2259 2678 2396 2734 Dicit
2419 2677 2509 2747 qui
2535 2678 2890 2734 testiinonium
2915 2676 3144 2747 perhibet
3171 2676 3396 2729 istorum
3413 2716 3428 2738 ,
3459 2672 3750 2729 subauditur

2190 2771 2478 2827 verborum
2527 2780 2689 2838 atque
2739 2769 2942 2825 idcirco
2987 2767 3394 2830 manifestatur,
3440 2782 3596 2836 quam
3642 2779 3750 2818 vers

2189 2863 2318 2927 sint,
2360 2863 2485 2931 quia
2527 2862 2786 2918 Dominus
2825 2862 2942 2930 ipse
2989 2860 3236 2916 Christus
3284 2860 3370 2914 eis
3411 2858 3749 2915 mummium

2187 2957 2456 3026 perhibet.
2513 2955 2666 3011 Unde
2691 2955 2936 3024 sequitur
2962 2972 2974 3008 :
3016 2953 3217 3018 Etiam,
3243 2953 3302 3010 id
3331 2964 3447 3018 est,
3469 2953 3552 3010 sie
3575 2951 3684 3013 ﬁat,
3702 2958 3748 3003 ut

2189 3047 2566 3116 coinpteantur
2593 3046 2773 3106 omnia
2799 3061 2920 3115 quae
2945 3045 3194 3113 superius
3217 3044 3368 3102 dicta
3420 3051 3572 3101 sunt.
3620 3038 3746 3101 Velio

2190 3141 2316 3206 cito,
2344 3142 2410 3194 ad
2427 3138 2780 3209 iudicandum
2827 3147 2886 3192 et
2912 3137 3242 3196 reddendum
3275 3136 3576 3205 unicuique
3594 3147 3747 3189 seruo-

2191 3233 2317 3288 dum
2360 3247 2525 3303 opera
2576 3247 2692 3288 sua.
2726 3232 2912 3297 Anien,
2941 3231 2993 3286 id
3032 3237 3138 3293 est,
3165 3245 3347 3284 verum
3375 3240 3478 3294 est,
3509 3227 3628 3298 quis
3656 3237 3746 3293 qua

2187 3326 2444 3396 praedicta
2495 3334 2654 3389 sunt,
2683 3323 2870 3392 procul
2907 3321 3072 3378 dubio
3113 3319 3564 3387 complebuntur.
3616 3314 3741 3377 Veli.

2185 3416 2409 3472 Domine
2426 3415 2576 3471 Iesu.
2595 3415 2722 3476 Haec
2746 3414 2923 3476 omnis
2944 3411 3182 3467 Ecclesia
3210 3411 3462 3480 loquitur
3483 3410 3542 3464 in
3568 3405 3744 3470 luam

2186 3519 2382 3580 optans
2409 3518 2467 3562 ut
2495 3509 2677 3563 veniat
2698 3507 2948 3562 Christus
2971 3505 3036 3558 ad
3052 3503 3342 3572 judicium.
3389 3502 3554 3558 Unde
3579 3513 3628 3556 et
3645 3512 3743 3568 qu)-

2187 3602 2319 3658 tidie
2341 3603 2395 3658 in
2421 3600 2700 3658 Dominica
2725 3597 2972 3654 oratione
3005 3595 3244 3665 postulat
3273 3593 3638 3663 suppliciter:
3661 3589 3739 3642 ΔΑ·

2186 3695 2357 3752 veuiat
2393 3709 2606 3762 regnum
2636 3702 2803 3747 tuum.
2828 3690 2896 3748 Et
2920 3689 3050 3751 illud
3088 3705 3102 3742 :
3144 3685 3377 3750 Ostende
3415 3686 3575 3742 nobis
3595 3682 3736 3752 [stin

2188 3794 2334 3846 tuam
2359 3794 2407 3838 et
2438 3782 2568 3837 salvi
2597 3782 2812 3840 erimus.

2259 3875 2443 3930 Gratia
2491 3873 2704 3926 Domini
2749 3871 2914 3930 nostri
2970 3869 3098 3923 Jesu
3142 3867 3340 3930 Christi
3392 3883 3520 3920 cum
3553 3863 3747 3924 omnia

2188 3969 2350 4026 vobis.
2379 3969 2562 4022 Amen.
2593 3966 2650 4021 ln
2681 3967 2783 4020 hoc
2816 3965 2933 4024 loco
2960 3962 3198 4020 Joannes
3229 3972 3416 4032 typum
3461 3961 3610 4030 gerit
3649 3969 3749 4026 prs-

2189 4062 2511 4125 dicatorum,
2539 4058 2631 4127 qui
2663 4058 2896 4117 scientes
2923 4055 3196 4114 hominem
3239 4068 3348 4108 non
3389 4067 3560 4120 posse
3589 4045 3749 4122 justiﬁ-

2189 4155 2305 4210 cari
2361 4169 2458 4224 per
2496 4152 2690 4223 legem,
2723 4151 2814 4209 sed
2851 4165 2946 4218 per
2985 4148 3235 4219 gratiam,
3279 4155 3442 4215 optat
3501 4155 3562 4199 ut
3605 4141 3750 4199 eadm

2190 4247 2364 4317 gratia
2391 4260 2604 4314 semper
2628 4259 2749 4298 cum
2782 4241 3021 4298 Ecclesia
3049 4249 3384 4310 permaneat.
3425 4237 3568 4292 Nota
3613 4246 3753 4290 auten

2191 4337 2334 4406 quod
2358 4336 2446 4390 hic
2471 4335 2610 4389 liber
2631 4350 2660 4387 a
2684 4333 2858 4403 gratia
2907 4331 3132 4402 sumpsit
3161 4329 3404 4393 initium,
3435 4338 3496 4384 et
3523 4329 3581 4382 in
3609 4323 3753 4395 gratia

2189 4428 2371 4499 posuit
2405 4427 2694 4484 terminum
2725 4442 2737 4477 :
2770 4423 2898 4493 quia
2929 4422 3180 4478 videlicet
3207 4429 3262 4474 et
3287 4418 3664 4492 praeveniente
3687 4410 3753 4466 Dei

2191 4521 2362 4592 gratia
2403 4519 2677 4574 salvantur
2702 4525 2758 4572 et
2780 4515 3147 4586 subsequente
3171 4510 3543 4580 justiﬁeamur
3583 4523 3603 4562 :
3651 4503 3756 4562 unde

2193 4623 2250 4669 et
2280 4613 2480 4667 Paulus
2507 4610 2668 4678 hujus
2694 4609 2984 4666 locutionis
3017 4621 3167 4661 more
3197 4605 3470 4675 Epistolas
3520 4617 3658 4659 suas
3695 4612 3756 4651 ot-

2110 4672 2165 4733 D
2192 4705 2399 4760 dinavit
2426 4672 2702 4766 Eccle'siis,
2731 4709 2790 4760 ut
2824 4715 2856 4756 a
2885 4698 3064 4772 gratia
3090 4672 3396 4762 inchoaret,
3421 4703 3483 4752 et
3510 4694 3567 4750 in
3616 4686 3758 4763 gratia

2193 4794 2487 4854 terminum
2521 4799 2768 4863 poneret.
