4132 6328
1159 406 1812 501 TRADITIO
1926 405 2753 499 CATH‘OLICA.

1392 602 1799 669 SAECULUM
1835 600 1907 664 X.
1956 599 2152 664 ANNI
2187 599 2488 663 977-990.

1492 849 1497 855 ·
1560 790 2367 942 ELENCHUS

405 1085 925 1161 AUCTOBUM
977 1084 1094 1156 ET
1138 1081 1532 1156 OPEBUM
1583 1078 1739 1160 QUI
1791 1077 1879 1149 IN
1939 1077 2037 1148 HC

1856 1077 1879 1149 ι
1939 1077 2129 1148 Hoc
2171 1074 2443 1147 τοΜο
2492 1073 2751 1148 cxvu
2802 1048 3488 1147 confusurus

1716 1293 2218 1329 ..ψ-

1274 1476 1618 1541 BASILIUS
1660 1473 2406 1539 PORPHYROGENITUS
2448 1470 2606 1535 IMP.

335 1620 735 1696 Menologium
773 1618 1167 1688 Basilianlm,
1201 1633 1272 1675 ex
1304 1617 1563 1673 editione
1591 1611 1914 1672 cardinalis
1946 1610 2189 1670 Albani.
3245 1608 3360 1667 col.
3528 1604 3571 1667 9

336 1726 543 1789 Basilii
584 1729 730 1802 imp.
767 1726 1012 1786 novellae
1055 1720 1555 1783 Constitutiones.
3449 1710 3574 1775 6.13

1404 1876 1557 1940 LEO
1599 1876 1981 1941 DIACONUS
2023 1875 2468 1940 CALOENSIS.

340 2018 631 2098 Praefatio
688 2016 761 2079 D.
839 2015 1045 2078 Caroli
1109 1992 1423 2076 Benedicti
1476 2012 1671 2085 Hasii,
1749 2010 2022 2075 lnstituti
2092 2011 2375 2074 Francia:
2477 2010 2818 2074 Academiae
2892 2009 3365 2090 Inscriptionum

381 2184 384 2187 .
455 2126 626 2199 socii,
658 2125 800 2199 etc,
846 2123 929 2185 ad
976 2121 1238 2184 Leonem
1266 2119 1637 2182 Diaconum.
3350 2157 3353 2161 .
3450 2115 3576 2181 αδδ

336 2233 555 2293 Leonis
582 2230 833 2292 Diaconi
876 2228 1149 2289 Historiae
1178 2229 1318 2288 libri
1350 2225 1585 2288 decem.
3449 2224 3576 2290 655

1725 2383 2171 2449 ANONYMUS.

342 2523 429 2586 De
470 2526 809 2586 velitatione
852 2524 1065 2583 bellica
1103 2520 1422 2598 Nicephori
1482 2519 1763 2596 Augusti,
1821 2538 1893 2580 ex
1948 2522 2209 2580 editione
2265 2519 2339 2580 D.
2405 2519 2601 2582 Caroli
2650 2521 2958 2585 Benedicti
3008 2524 3174 2586 Hasii
3228 2534 3363 2602 post

466 2630 728 2692 Leonem
759 2628 1122 2691 Diaconum.
3443 2631 3566 2694 925

341 2728 638 2803 Excerpta
683 2746 758 2789 ex
803 2729 1069 2788 historiis
1104 2725 1368 2787 Arabum
1414 2727 1486 2784 de
1534 2725 2010 2799 expeditionibus
2055 2722 2319 2805 Syriacis
2361 2723 2685 2800 Nicepho'ri
2740 2725 2958 2788 Phocea
3012 2734 3071 2790 et
3117 2727 3364 2791 Joannis

465 2833 790 2910 Tzimiscis,
822 2852 892 2894 ex
919 2837 1179 2895 editione
1208 2830 1530 2893 Christiani
1561 2829 1850 2890 Lassenii.
3411 2836 3569 2900 10οἿ

1446 2951 1946 3053 ΗγρΡοιγτῐίδ
1986 2987 2423 3051 THEBANUS.

344 3126 702 3205 Fragmenta
730 3128 804 3184 ab
835 3126 1071 3186 Andrea
1098 3122 1409 3184 Gallandio
1439 3122 1704 3183 collecta.
3415 3130 3579 3195 {025

1493 3277 1929 3344 GEORGIDES
1971 3278 2416 3344 MONACHUS.

351 3416 841 3492 Gnomologium.
962 3436 979 3454 ο
1259 3478 1267 3486 ,

3417 3425 3577 3489 1057

1546 3571 1904 3635 IGNATIUS
1959 3572 2368 3638 DIACONUS.

350 3710 571 3773 Drama
597 3712 670 3771 de
697 3710 872 3787 primi
903 3711 1163 3787 parentis
1205 3711 1398 3783 lapsu.
3418 3718 3581 3783 1163

351 3817 573 3879 Versus
599 3820 677 3878 ad
703 3815 956 3878 Paulum
984 3818 1349 3891 discipulum
1375 3832 1576 3876 suum.
3416 3826 3579 3889 {1'73

354 3926 542 3989 Iambi
568 3926 927 4001 alphabetici
939 3972 953 3987 .
3425 3934 3587 3997 11Ἷὸ

1840 4079 2090 4145 NILUS.

356 4219 581 4282 Versus
607 4218 963 4297 alphabetici
979 4262 994 4276 .
3425 4225 3584 4291 1177

1273 4371 1906 4439 CHRISTOPHOBUS
1948 4374 2647 4446 PROTOASECRETIS.

361 4512 707 4575 Exhortatio
738 4511 963 4586 duplex
994 4511 1069 4570 ad
1098 4505 1416 4569 Israelitas.
3430 4524 3591 4589 1179

1499 4665 1840 4730 MICHAEL
1880 4666 2427 4735 HAMARTOLUS.

364 4804 632 4882 Epistola
676 4805 747 4863 ad
790 4801 928 4880 Tyri
970 4804 1308 4879 praesulem.
3432 4819 3594 4886 1185

1745 4960 2192 5027 ANONYMUS.

371 5091 596 5157 Versus
627 5097 849 5171 politici
877 5099 1231 5159 catanuctici
1254 5099 1427 5174 juxta
1453 5101 1835 5178 alphabetum
1866 5116 1939 5161 ex
1968 5108 2136 5178 parte
2162 5105 2379 5165 animae
2409 5103 2667 5168 dolentis
2694 5108 2773 5169 ad
2805 5105 3204 5173 Salvatorem.
3428 5115 3588 5180 H86

1826 5257 2124 5322 SUIDAS.

367 5385 601 5448 Indices
644 5398 761 5449 tres
788 5387 1042 5450 Lexicon
1085 5386 1283 5451 Suidae
1311 5394 1731 5468 compendiose
1760 5402 2298 5470 repraesentantes.
3431 5410 3457 5471 1
3473 5409 3596 5475 193

1404 5719 2553 5757 ‘W_,

4067 353 4132 425 ἐ
