4132 6328
306 366 3650 384 “mw—mew

301 385 3651 426 __

1390 549 1856 607 SANCTISSIMO
1908 549 2189 608 DOMINO
2232 550 2513 607 NOSTRO

673 799 1420 926 BENEDICTO
1518 802 1789 925 XIII
1873 799 2558 929 PONTIFICI
2664 790 3218 932 MAXIMO

481 1098 818 1160 ANNIBAL
866 1100 1129 1162 TITULI
1166 1099 1438 1161 SANCTI
1483 1099 1926 1162 CLEMENTIS
1967 1100 2431 1162 PRESBYTER
2473 1103 2958 1166 CARDlNALlS
3004 1104 3381 1168 ALBANUS

881 1305 935 1350 S.
982 1305 1040 1350 ιι.
1090 1307 1146 1350 Ε.
1192 1305 1598 1369 ΟΑΠΕΒΔΒῙΗΒ,
1644 1305 1719 1350 ET
1773 1305 2058 1352 BABILICE
2089 1307 2406 1352 VATICANIE
2451 1306 2513 1350 ΔΙ

1373 1305 1598 1369 ιΔΒιυε,
1644 1305 1719 1350 ET
1773 1305 2058 1352 BABILICJE
2089 1307 2406 1352 VATICANIE
2451 1306 3005 1372 ABCHIPRESBYTEB,

1483 1469 1868 1526 PERENNEM
1907 1469 2416 1528 FELICITATEM.

321 1851 700 1912 Basilianum
751 1850 1200 1929 Menologium,
1263 1849 1441 1928 cujus
1485 1850 1743 1910 alteram
1803 1857 2163 1912 semestrem
2223 1857 2466 1929 partem
2518 1851 2800 1912 Clemens
2852 1852 3213 1912 undecimus
3281 1853 3648 1915 Sanctitatis

255 1932 383 1993 Tuae
437 1933 740 1993 decessor
799 1933 863 1992 in
913 1934 1047 2010 ipso
1106 1931 1544 2012 adolescentiae
1597 1930 1747 1992 flore
1806 1950 1881 1992 ex
1955 1934 2168 1992 Graeco
2217 1931 2634 1992 vetustissimo
2685 1933 2896 1992 codice
2967 1933 3329 1992 monasterii
3389 1935 3640 2012 Gryptae

255 2014 508 2074 Ferralze
559 2012 954 2094 descriptam
1013 2013 1091 2071 ab
1154 2010 1410 2094 interitu
1486 2012 1868 2094 vindicatam
1943 2013 2284 2094 Latinitate
2342 2013 2706 2089 donaverat,
2770 2013 2911 2094 tuis,
2949 2016 3344 2094 ‘BEATISSIME
3404 2010 3632 2094 Parim,

253 2094 528 2175 auspiciis
585 2095 651 2154 in
717 2091 1042 2175 publicam
1121 2092 1511 2175 eruditorum
1559 2092 2309 2175 _hominum_utilitatem
2387 2094 2741 2175 evulgatur.
2813 2093 2886 2175 Et
2938 2091 3097 2175 jure,
3138 2093 3392 2171 quidem
3454 2091 3640 2154 meri-

253 2177 441 2252 toque.
494 2174 643 2254 Ipsa
695 2172 871 2236 énim
921 2179 1285 2254 sanctorum
1343 2173 1500 2254 Acta
1555 2172 1617 2230 in
1678 2173 1891 2254 magni
1929 2173 2329 2254 imperatoris
2382 2192 2562 2233 usum
2609 2173 2742 2251 jam
2791 2173 2941 2233 olim
2982 2173 3266 2254 collecta,
3315 2180 3490 2233 tuum
3523 2175 3642 2235 sibi

251 2273 456 2314 nomen
518 2252 949 2333 praescribere
1007 2252 1303 2330 gestiunt,
1348 2253 1620 2333 tibique
1660 2253 1968 2329 gratulari
2032 2253 2343 2326 videntur,
2407 2254 2574 2332 quod
2643 2272 2924 2313 summus
2981 2253 3272 2313 Ecclesiae
3347 2254 3645 2332 magister

249 2353 310 2394 ex
363 2335 479 2394 hac
522 2331 944 2397 innocentiae
1017 2351 1090 2393 ac
1161 2331 1512 2392 sanctitatis
1589 2332 1918 2410 disciplina
1981 2334 2326 2410 prodieris;
2392 2331 2684 2413 quodque
2753 2334 2832 2394 ab
2887 2334 3143 2394 ineunte
3199 2339 3381 2394 astate
3443 2335 3637 2395 sacris

250 2415 413 2474 rebus
467 2415 808 2494 addictus,
871 2413 1070 2494 iisque
1125 2413 1486 2494 exercendis
1548 2418 1676 2473 toto
1735 2417 1862 2473 fere
1897 2413 2040 2474 vitae
2095 2415 2299 2491 spatio
2360 2421 2724 2491 occupatus,
2797 2415 2960 2474 inter
3010 2415 3320 2475 maximas
3379 2421 3634 2494 aposto-

246 2495 362 2554 licae
395 2495 736 2573 dignitatis
785 2493 967 2556 curas
1026 2493 1189 2552 hanc
1241 2493 1557 2571 praecipuo
1617 2494 1755 2554 loco
1790 2494 2046 2567 habeas,
2106 2495 2389 2573 aliosque
2449 2495 2680 2554 habere
2731 2501 3042 2572 peroptes,
3110 2501 3175 2554 ut
3233 2493 3435 2555 sacrm
3477 2496 3636 2555 anti-

247 2577 480 2657 quitatis
534 2574 1009 2657 cognoscendas
1066 2574 1582 2657 illustrandasque
1630 2575 1905 2634 studium
1951 2575 2024 2657 _in
2059 2575 2190 2635 dies
2242 2582 2568 2657 augeatur.
2643 2577 2856 2652 Neque
2909 2594 3057 2657 vero
3122 2593 3276 2657 casu
3337 2575 3638 2637 accidisse

245 2656 538 2733 existimo,
601 2654 685 2719 ut
744 2674 901 2735 opus
951 2654 1324 2732 jamdudum
1394 2655 1772 2726 absolutum,
1835 2655 2138 2733 preloque
2223 2655 2437 2714 multis
2501 2662 2645 2715 ante
2721 2657 2902 2714 annis
2978 2655 3382 2727 destinatum,
3466 2674 3635 2717 nunc

244 2738 477 2797 tandem
535 2739 723 2818 typis
781 2735 1233 2818 Urbinatibus,_
1296 2753 1452 2818 quos
1509 2754 1752 2818 summa
1810 2735 2244 2795 beneficientia
2294 2735 2659 2818 complexus
2707 2753 2793 2818 es,
2844 2736 2907 2818 in
2965 2737 3166 2795 lucem
3217 2737 3468 2818 prodire
3526 2756 3636 2818 po-

247 2819 416 2878 tuerit
473 2815 634 2878 cuni
692 2823 836 2878 octo
892 2815 1329 2894 spectatissimi
1389 2815 1677 2875 Ecclesiae
1732 2824 1960 2875 nostrae
1998 2819 2289 2875 Romanae
2360 2817 2621 2893 alumni,
2675 2817 3010 2876 virtutibus
3067 2823 3256 2893 atque
3318 2817 3634 2876 miraculis

245 2897 528 2976 insignes,
593 2896 1072 2976 sapientissimo
1137 2895 1549 2976 Beatitudinis
1605 2899 1756 2955 Tuae
1806 2895 2047 2972 judicio
2094 2895 2165 2976 in
2223 2901 2582 2955 sanctorum
2660 2913 2962 2955 canonem
3017 2897 3199 2956 relati
3251 2902 3417 2956 sunt.
3503 2900 3636 2957 Hoc

244 2975 390 3038 enim
469 2975 778 3040 Graecam
837 2976 1179 3037 Ecclesiam
1250 2975 1535 3047 decebat,
1612 2981 1679 3035 ut
1754 2982 2020 3036 matrem
2078 2975 2208 3035 ﬁlia
2265 2982 2668 3052 sequeretur;
2749 2993 3017 3055 quasque
3088 2994 3285 3036 novos
3360 2983 3632 3054 sanctos,

243 3076 382 3135 quos
411 3060 731 3136 proferat,
788 3075 918 3117 non
969 3056 1182 3130 habet,
1244 3056 1538 3134 antiquos
1623 3055 1844 3116 saltem
1905 3075 1980 3116 ex
2050 3061 2182 3117 toto
2249 3055 2503 3116 Oriente
2559 3057 2624 3116 in
2699 3075 2895 3116 unum
2972 3055 3265 3116 volumen
3312 3055 3638 3136 collectos

247 3135 589 3211 exhiberet,
648 3138 969 3216 simulque
1028 3141 1382 3217 testaretur,
1443 3136 1862 3196 feracissimae
1912 3136 2102 3197 fuisse
2159 3142 2520 3196 sanctorum
2579 3136 2783 3198 omnis
2841 3136 3069 3209 aetatis,
3119 3135 3378 3215 ordinis,
3440 3143 3635 3215 atque

247 3220 621 3280 conditionis
686 3218 1026 3279 orientales
1110 3223 1329 3289 terras,
1390 3234 1530 3276 cum
1608 3221 1889 3278 Romano
1962 3217 2240 3295 pontifici
2324 3223 2637 3296 parerent,
2698 3235 2934 3296 perque
2991 3218 3311 3296 operarios
3368 3217 3633 3278 idoneos

249 3299 624 3361 colerentur.
707 3300 842 3370 Quo
901 3297 1094 3375 igitur
1159 3296 1534 3376 patrocinio,
1593 3299 1982 3358 sanctissime
2065 3301 2274 3371 Pater,
2365 3299 2527 3358 hanc
2609 3298 3212 3374 exspectatissimam
3288 3297 3630 3359 editionem

249 3381 690 3459 complectere,
752 3380 817 3439 in
874 3397 998 3456 qua
1054 3379 1200 3437 dum
1287 3377 1654 3459 decessoris
1699 3379 1789 3438 tui
1863 3379 2200 3439 Clementis
2261 3379 2574 3439 undecimi
2651 3379 2886 3456 primos
2961 3379 3312 3459 studiorum
3388 3382 3629 3439 fructus

247 3458 474 3537 publici
525 3461 699 3540 juris
732 3459 1036 3540 facimus,
1091 3464 1200 3540 tua
1251 3458 1437 3536 plane
1493 3458 1701 3540 studia
1742 3465 2304 3540 irepreesentamus,
2365 3459 2566 3540 quia
2617 3477 2831 3540 puero,
2869 3458 3189 3536 religionis
3249 3459 3633 3540 litterarum-

245 3558 360 3618 que
415 3539 975 3601 exercitationibus
1034 3539 1315 3599 animum
1394 3539 1776 3618 applicuisti.
1832 3543 1962 3600 Hoc
2018 3540 2277 3617 insuper
2351 3539 2549 3598 enixis
2605 3539 2996 3617 assiduisque
3075 3539 3364 3616 precibus
3431 3541 3634 3599 Deum

250 3622 566 3697 Optimum
625 3621 961 3680 Maximum
1024 3638 1342 3697 rogamus,
1409 3627 1477 3678 ut
1539 3623 1902 3678 Grmcorum
1978 3619 2318 3679 Ecclesiam
2370 3638 2509 3679 cum
2590 3623 2878 3680 Romana
2948 3626 3144 3678 matre
3209 3637 3323 3679 sua
3374 3618 3639 3696 conjun-

251 3717 419 3777 gens,
477 3703 548 3761 in
596 3719 740 3761 eum
816 3706 1050 3760 statum
1127 3699 1466 3759 Benedicto
1547 3700 1682 3758 XIII
1743 3699 2038 3777 pontiﬁce
2122 3699 2397 3759 maximo
2471 3699 2644 3758 illam
2733 3699 3040 3773 restituat,
3124 3699 3231 3774 qui
3298 3701 3638 3760 Benedicto

248 3782 518 3871 septimo
576 3781 828 3871 sedente
874 3787 1007 3871 tum
1084 3785 1240 3871 erat,
1329 3779 1813 3871 cuthasilius
1869 3777 2453 3856 Porphyrogenitus
2518 3778 2863 3855 imperator
2956 3777 3380 3856 Menologium
3460 3777 3628 3840 istud

244 3859 314 3918 in
343 3878 532 3919 suum
563 3879 740 3920 usum
765 3860 1242 3922 describendum
1277 3859 1542 3920 curavit.

2393 4078 2575 4092 *ιη

1356 4208 1834 4267 TYPOGRAPHUS
1867 4207 2159 4266 CANDIDO
2193 4209 2476 4267 LECTORI
2505 4212 2547 4266 "‘.

314 4362 696 4434 Menologium
725 4361 922 4420 Basilii
972 4361 1438 4434 Porphyrogeniti
1487 4363 1845 4434 imperatoris
1897 4362 2054 4432 jussu
2088 4363 2454 4433 descriptum.
2489 4362 2766 4435 pictisque
2796 4371 3124 4419 sanctorum
3173 4361 3521 4434 imaginibus
3551 4376 3647 4419 or-

243 4460 463 4521 natum,
506 4469 616 4525 qua
670 4461 824 4523 parte
873 4454 1020 4508 vices
1067 4460 1406 4522 temporum,
1440 4451 1712 4507 barbariae
1742 4453 2085 4522 neglectum,
2125 4456 2182 4507 et
2211 4453 2536 4508 communia
2585 4452 2854 4508 librorum
2888 4453 2998 4507 fata
3028 4453 3203 4506 vitare
3242 4453 3440 4521 potuit,
3496 4452 3648 4507 Con-

252 4543 631 4612 stantinopoli
663 4542 734 4596 ad
776 4541 1123 4597 Ludovicum
1154 4541 1420 4596 Sfortiam
1465 4540 1772 4596 Mediolani
1819 4542 2019 4597 ducem
2052 4541 2287 4596 allatum
2339 4541 2440 4596 fuit
2473 4542 2716 4598 :deinde
2759 4543 2906 4612 apud
2941 4541 3370 4596 Sfondratorum
3411 4545 3642 4609 gentem

242 4639 552 4700 servatum,
585 4638 698 4686 eta
750 4629 924 4686 Paulo
954 4634 1010 4686 S.
1071 4628 1312 4686 Caeciliae
1367 4629 1649 4685 Cardinali
1699 4630 2000 4685 Sfondrato
2050 4630 2155 4686 sibi
2214 4631 2364 4686 dono
2423 4632 2639 4699 datum,
2701 4629 2909 4685 Paulus
2965 4629 3013 4683 V
3070 4629 3323 4700 pontifex
3361 4629 3654 4684 maximus

242 4719 604 4777 bibliothecae
639 4720 967 4792 apostolicae
999 4719 1282 4776 Vaticanae
1315 4718 1573 4774 addixit:
1601 4719 1748 4775 idem
1779 4719 2018 4774 summis
2035 4721 2385 4775 eruditorum
2410 4720 2709 4776 hominum
2729 4720 2991 4775 laudibus
3021 4719 3396 4787 celebratum,
3425 4726 3482 4774 et
3505 4717 3649 4773 votis

241 4810 581 4880 expetitum,
613 4824 770 4864 nunc
801 4809 1028 4864 demum
1062 4807 1120 4864 in
1153 4807 1439 4878 publicam
1472 4808 1653 4863 lucem
1693 4808 1900 4878 prodit.

309 4898 601 4955 Dolebant
624 4898 844 4968 quidem
870 4897 1021 4954 docti
1043 4898 1142 4952 viri
1167 4897 1360 4952 tandiu
1387 4897 1559 4952 latere
1582 4898 2112 4966 praestantissimum
2136 4898 2526 4967 codicem,quo
2559 4896 2703 4952 nihil
2726 4904 2871 4953 esset
2892 4898 2956 4952 ad
2983 4897 3342 4954 excitandam
3369 4895 3647 4952 Christia-

241 5002 368 5042 nam
399 4988 697 5058 pietatem,
721 4987 785 5039 ad
816 4985 1264 5041 conﬁrmandam
1297 4985 1624 5054 orthodoxa
1667 4985 1959 5056 religionis
1991 4986 2307 5052 veritatem,
2331 4985 2397 5038 ad
2417 4984 2856 5041 ecclesiasticam
2880 4986 3277 5056 antiquitatem
3327 4999 3650 5039 sacrarum-

243 5092 348 5146 que
378 5091 578 5132 rerum
609 5074 902 5130 historiam
927 5074 1328 5130 illustrandam
1360 5074 1818 5143 conducibilius;
1852 5073 1994 5130 nihil
2018 5075 2262 5144 denique
2287 5083 2477 5130 n0stra
2495 5082 2653 5129 aetate
2676 5075 2890 5142 gratius
2915 5075 3176 5130 litteratis
3219 5073 3547 5129 hominibus
3578 5072 3648 5126 ad

243 5164 522 5233 ejusmodi
546 5162 735 5217 studia
768 5177 896 5218 cum
931 5161 1142 5232 insigni
1172 5162 1436 5217 Ecclesiae
1468 5178 1756 5233 sacraeque
1786 5163 1998 5218 eriticze
2029 5163 2214 5218 fructu
2248 5163 2501 5217 certatim
2535 5163 3028 5228 incumbentibus,
3065 5163 3368 5217 Enimvero
3407 5161 3646 5217 curiosis

247 5254 470 5325 piisque
496 5267 696 5308 eorum
727 5251 929 5306 studiis
961 5252 1286 5307 satisfacere
1319 5255 1603 5322 utcunque
1627 5253 1815 5308 conati
1845 5259 1972 5308 sunt
2004 5253 2074 5308 de
2102 5251 2478 5308 ecclesiastica
2514 5253 2837 5308 Graecorum
2870 5253 3188 5308 eruditione
3215 5253 3428 5322 Optime
3462 5249 3650 5307 meriti

247 5341 348 5398 Leo
370 5339 638 5406 Allatius,
665 5343 722 5396 et
751 5339 946 5395 Petrus
975 5339 1274 5394 Arcudius.
1308 5339 1410 5394 llle
1427 5339 1584 5394 enim
1607 5339 1666 5393 in
1699 5339 1928 5396 Disserl.
1951 5339 2015 5395 de
2037 5339 2198 5394 libris
2211 5339 2612 5396 ecclesiasticis
2636 5339 3023 5412 Grazcorum,§
3048 5341 3131 5405 12,
3158 5339 3373 5395 codicis
3397 5346 3642 5404 aetatem,

249 5430 654 5501 praestantiam
685 5428 1081 5500 fortunamque
1111 5428 1318 5499 scripto
1348 5436 1678 5498 persecutus
1733 5433 1838 5484 est.
1888 5431 2167 5486 Arcudius
2195 5446 2326 5486 vero
2353 5431 2616 5486 eumdem
2640 5431 2838 5486 Latine
2870 5430 3050 5498 vertit,
3083 5431 3318 5500 ejusque
3367 5430 3652 5497 interpre-

257 5520 525 5577 tationem
539 5517 690 5589 apud
727 5517 1147 5574 Ferdinandum
1175 5517 1470 5588 Ughellum
1491 5518 1666 5574 Italiae
1689 5517 1872 5576 Sacra:
1893 5525 2032 5578 tom.
2073 5522 2146 5575 Vl
2176 5521 2321 5591 typis
2342 5518 2681 5591 impressam
2705 5519 2968 5590 legimus.
3002 5519 3215 5577 Verum
3238 5519 3477 5585 Allatius
3499 5514 3642 5570 scri-

315 5675 339 5709 '
369 5675 590 5734 Prodiit
618 5673 793 5732 editio
825 5670 1134 5743 Menologii
1167 5670 1361 5730 Urbini
1393 5673 1810 5743 MDCCXXVII,
1841 5673 1877 5728 3
1910 5673 2020 5732 vol.
2053 5672 2176 5745 fol.,
2207 5673 2352 5730 miro
2382 5679 2644 5744 typorum
2673 5671 2980 5744 splendore
3009 5678 3235 5730 ornata.

578 5793 843 5877 Panes.
888 5789 999 5876 Gn.
1045 5789 1282 5858 CXVII.
3330 5785 3360 5842 1
