4140 6302
369 365 453 424 11
1563 353 1662 413 DE
1703 351 2126 414 BASILIANO
2170 353 2628 420 MENOLOGIO
3715 351 3788 412 12

383 497 496 567 ptis
546 494 664 551 suis
707 491 959 563 exposita
991 487 1203 545 codicis
1234 487 1481 552 raritate,
1515 487 1869 543 curiosorum
1903 487 2246 544 desiderium
2279 489 2475 557 auxit;
2505 495 2558 546 et
2590 487 2806 544 Arculii
2840 483 3228 556 interpretatio
3259 485 3406 542 haud
3436 485 3574 542 satis
3606 499 3786 542 accu-

397 594 533 651 rata,
566 582 749 639 Graeci
781 587 962 637 textus
993 579 1384 635 necessitatem
1418 575 1726 632 lectoribus
1753 578 2036 646 ostendit;
2067 579 2125 633 in
2160 577 2333 648 hujus
2366 581 2673 649 praesertim
2699 578 2878 634 astatis
2910 583 2962 632 et
2987 577 3199 634 criticas
3224 575 3361 632 artis
3387 576 3532 644 luce,
3567 591 3691 646 quae
3717 591 3786 630 ex

384 670 944 743 interpretationibus
989 669 1059 724 ad
1112 666 1494 724 consulendos
1541 672 1727 721 textus
1776 667 1956 737 magis
2000 668 2352 724 accenditur.
2388 669 2579 739 Itaque
2619 667 2928 724 cardinalis
2979 666 3186 736 Joseph
3218 667 3392 721 Maria
3426 663 3786 733 Thomasius,

384 778 607 820 morum
629 759 930 816 sanctitate
952 765 1006 814 et
1036 773 1198 814 sacra
1223 755 1546 812 eruditione
1582 755 1982 828 celeberimus,
2017 772 2148 812 eum
2200 756 2320 826 ejus
2353 757 2604 814 thesauri
2634 758 2880 828 pretium
2926 756 3140 826 optime
3188 761 3403 824 nosset,
3453 769 3617 810 curas
3657 769 3787 808 suas

381 855 451 909 ad
507 853 670 907 illum
721 849 1077 920 vulgantium
1137 844 1377 903 contulit
1436 863 1454 898 :
1505 845 1654 915 quod
1703 845 1950 900 assiduis
2007 845 2149 902 votis
2205 847 2931 917 cptavcrat;fecissetque,
2992 843 3104 900 nisi
3163 845 3350 900 virum
3405 843 3680 898 eximium
3727 842 3788 896 in

389 943 727 998 clericorum
749 937 1097 1008 regularium
1128 934 1329 992 ordine
1361 941 1495 990 tunc
1525 938 1815 1006 agentem,
1863 935 2153 990 voluntate
2201 935 2574 1007 institutoque
2632 951 2957 1006 pauperem,
3011 935 3403 1004 impensarum
3458 932 3788 1000 magnitudo

387 1030 772 1087 deterruisset.
805 1027 1025 1083 Codicis
1051 1026 1206 1080 enim
1237 1024 1566 1093 dignitatem
1591 1039 1765 1094 supra
1794 1031 2028 1080 caeteras
2060 1025 2254 1080 laudes
2283 1026 2685 1080 commendant
2724 1023 3158 1094 quadringentae
3203 1038 3268 1078 ac
3315 1021 3542 1091 triginta
3588 1019 3788 1089 imagi-

385 1137 489 1178 nes
517 1120 586 1175 ab
617 1117 936 1174 illustribus
991 1112 1263 1169 Basiliani
1316 1113 1418 1167 avi
1475 1112 1790 1169 artificibus
1849 1113 2030 1169 minio
2085 1114 2343 1183 depictas,
2405 1129 2531 1184 quae
2587 1120 2916 1169 sanctorum
2980 1119 3311 1181 martyrum,
3373 1111 3786 1176 confessorum,

389 1209 767 1275 sacerdotum,
801 1204 1238 1272 monachorum,
1273 1201 1576 1272 virginum,
1630 1203 1958 1271 mulierum,
2016 1209 2314 1268 tortorum,
2365 1210 2760 1272 tyrannorum,
2805 1202 3082 1273 judicum,
3129 1209 3338 1270 vestes,
3390 1216 3569 1266 arma,
3603 1199 3786 1270 sedes,

388 1306 662 1365 ornatus;
700 1311 926 1351 necnon
958 1293 1192 1361 aedium,
1223 1291 1588 1361 templorum,
1623 1290 2016 1348 tribunalium.
2067 1299 2429 1362 structuram,
2482 1293 2742 1360 formam,
2791 1299 3150 1364 apparatum,
3202 1289 3384 1346 oculis
3442 1288 3720 1343 exhibent
3770 1302 3784 1341 :

395 1388 599 1459 quibus
619 1403 729 1442 aere
762 1383 1088 1440 incidendis
1108 1388 1160 1437 et
1181 1380 1537 1451 excipiendis
1569 1396 1680 1436 non
1707 1381 1929 1437 modica
1961 1381 2043 1436 vis
2063 1381 2185 1436 auri
2210 1381 2400 1436 fuisset
2422 1381 2822 1451 impendenda.

463 1479 568 1531 Sed
594 1473 872 1530 Clementi
901 1472 1002 1540 XI,
1029 1470 1283 1540 pontifici
1343 1469 1610 1536 maximo,
1673 1469 1792 1525 haec
1837 1470 1963 1526 laus
2026 1470 2436 1536 reservabatur,
2490 1480 2546 1526 ut
2605 1470 2890 1541 publicam
2924 1485 3042 1524 rem
3103 1469 3477 1538 facerel,quae
3511 1466 3788 1522 hactenus

390 1579 729 1632 magnorum
790 1560 1116 1634 principum
1177 1559 1402 1614 fuerant
1451 1559 1694 1628 pretiosa
1751 1559 1983 1614 eimelia
2038 1577 2052 1615 :
2112 1560 2280 1630 cujus
2335 1559 2686 1629 providentia
2745 1559 2998 1615 codicem
3055 1557 3258 1630 quovis
3314 1572 3452 1611 auro
3490 1555 3788 1625 cariorem,

385 1661 660 1710 vetustate
690 1659 879 1708 tamen
904 1651 1021 1720 jam
1054 1649 1436 1714 fatiscentem,
1469 1651 1524 1702 et
1583 1647 1818 1717 picturis
1874 1665 2050 1718 prope
2109 1648 2461 1718 fugientibus
2518 1647 2994 1716 obsolescentem,
3047 1647 3108 1702 in
3161 1645 3470 1716 pristinum
3521 1651 3787 1700 ornatum

386 1740 856 1810 reslituit;cujus
886 1735 1209 1806 sumptibus
1268 1735 1472 1790 tabulae
1531 1751 1730 1791 omnes
1782 1745 2031 1806 exceptae
2089 1736 2347 1806 fuissent,
2410 1737 2522 1793 nisi
2581 1753 2732 1792 mors
2789 1737 3235 1792 intercessisset.
3288 1733 3558 1789 Inchoato
3631 1731 3786 1802 Operi

385 1845 710 1900 supremam
745 1843 979 1882 manum
1015 1826 1340 1894 imposuere
1389 1824 1644 1892 ejusdem
1695 1840 2052 1882 successores
2100 1826 2489 1891 Innocentius,
2534 1833 2586 1881 et
2628 1827 2977 1882 Benedictus
3022 1825 3164 1893 XIII,
3215 1839 3455 1895 quorum
3510 1821 3607 1876 ille
3651 1822 3785 1876 dum

383 1919 724 1990 praeclarum
756 1913 1111 1986 antiquitatis
1148 1913 1567 1969 monimentum
1602 1914 2003 1970 munificentia
2029 1931 2128 1970 sua
2155 1915 2574 1985 complectitur,
2606 1915 2663 1970 in
2696 1915 2838 1970 vivis
2872 1930 2994 1970 esse
3017 1913 3179 1969 desiit
3207 1929 3221 1981 ;
3257 1911 3348 1966 hic
3397 1927 3512 1967 non
3568 1909 3786 1965 tabulas

387 2010 557 2065 modo
611 2006 865 2077 perfecit,
950 2005 1048 2060 sed
1138 2002 1596 2074 elegantissimos
1671 2004 1843 2060 etiam
1914 2005 2137 2062 Graecos
2207 2011 2367 2076 typos
2449 2005 2518 2060 ad
2606 2004 3025 2076 procurandam
3107 2000 3416 2058 editionem
3477 1998 3786 2055 liberaliter

388 2095 790 2170 suppeditavit.

464 2186 609 2242 Illud
646 2193 837 2240 tamen
865 2187 1170 2251 supererat,
1223 2188 1284 2236 ut
1321 2181 1554 2250 jactura
1583 2181 1815 2238 alterius
1847 2182 2039 2252 partis,
2073 2198 2196 2254 quas
2222 2183 2339 2254 jam
2370 2183 2506 2239 olim
2541 2183 2744 2239 misero
2774 2181 3079 2253 intercidit,
3109 2180 3176 2236 ad
3207 2178 3594 2249 integritatem
3620 2183 3783 2246 Opta-

381 2275 584 2332 tissimi
614 2273 803 2345 operis
833 2278 1123 2342 utcunque
1154 2271 1553 2338 resarciretur;
1589 2278 1643 2327 et
1667 2272 1902 2341 adjectis
1933 2289 2001 2329 ex
2027 2273 2218 2344 aliquo
2252 2289 2366 2328 non
2402 2273 2684 2329 inferioris
2710 2272 2810 2326 aevi
2843 2270 3233 2341 manuscripto
3276 2269 3473 2324 codice
3516 2281 3614 2322 sex
3652 2282 3785 2336 pos-

378 2364 676 2422 terioribus
708 2361 1020 2429 mensibus,
1055 2364 1382 2416 sanctorum
1417 2360 1466 2415 si
1499 2361 1689 2416 minus
1747 2360 1984 2431 tabulas,
2041 2361 2202 2418 Vitas
2257 2361 2460 2418 saltem
2517 2379 2615 2433 per
2671 2363 2952 2432 integrum
3009 2360 3148 2415 anni
3176 2357 3463 2414 circulum
3506 2355 3778 2426 digestas,

375 2455 814 2523 absolutumque
862 2450 1172 2520 Menologii
1207 2465 1407 2519 corpus
1438 2449 1762 2520 acciperent
1795 2467 2088 2507 sacrarum
2122 2468 2312 2507 rerum
2345 2452 2603 2507 studiosi.
2636 2451 2754 2507 Hoc
2795 2458 2978 2506 autem
3030 2447 3350 2504 subsidium
3386 2463 3419 2501 a
3463 2445 3781 2500 domestica

377 2545 546 2601 etiam
578 2540 882 2598 Clementis
911 2539 994 2594 XI
1026 2539 1548 2609 manuscriptorum
1599 2539 1960 2610 bibliotheca,
1995 2539 2319 2597 lectissimis
2353 2540 2610 2597 omnium
2646 2541 2966 2610 linguarum
3027 2536 3401 2593 monimentis
3453 2532 3781 2604 IOCUpletis-

389 2635 554 2697 sima,
590 2631 705 2684 imo
736 2645 866 2684 vero
895 2627 965 2682 ab
994 2627 1132 2697 ipsis
1160 2627 1316 2682 illius
1347 2626 1600 2696 schedis,
1656 2634 1825 2698 atque
1883 2646 1916 2683 a
1964 2628 2161 2698 primis
2218 2629 2356 2685 adeo
2402 2629 2529 2699 ejus
2589 2628 2842 2699 pueritiae
2901 2625 3403 2684 exercitationibus
3452 2620 3781 2692 impetravi-

381 2739 531 2779 mus.
567 2720 618 2776 Is
650 2721 801 2776 enim
837 2718 925 2772 vix
953 2733 1170 2773 annum
1202 2717 1383 2771 aetatis
1416 2717 1706 2772 decimum
1740 2719 2045 2788 septimum
2095 2734 2380 2789 egressus,
2429 2736 2494 2774 ex
2553 2718 2788 2774 vetustis
2845 2717 3144 2773 codicibus
3200 2712 3527 2770 monasterii
3561 2712 3782 2780 Cryptae

390 2813 628 2869 Ferratas
687 2808 922 2862 alteram
967 2806 1123 2860 illam
1159 2805 1432 2860 Basiliani
1475 2804 1778 2875 Menologii
1831 2814 2067 2877 partem,
2091 2823 2258 2878 quam
2325 2807 2560 2877 periisse
2597 2806 2826 2863 litterati
2868 2806 2971 2860 viri
2997 2804 3345 2870 dolebant,a
3389 2802 3782 2866 seinventam,

384 2915 488 2956 sua
518 2913 689 2953 manu
718 2898 908 2952 Graece
937 2896 1337 2964 descripserat,
1390 2901 1442 2950 et
1493 2894 1925 2951 accuratissima
1983 2897 2448 2967 interpretatione
2507 2895 2761 2951 Latinam
2821 2895 3070 2951 fecerat:
3107 2909 3279 2964 quam
3336 2892 3443 2948 etsi
3504 2889 3784 2946 modestia

390 2988 512 3059 ejus
542 2988 710 3057 plane
750 2984 1056 3056 singularis
1087 2984 1375 3040 diuturnis
1424 2983 1674 3039 tenebris
1722 2985 2022 3054 Oppressit,
2077 2985 2306 3055 publica
2364 2991 2556 3041 tamen
2612 2986 2840 3040 utilitas
2890 2984 3104 3039 diutius
3158 2983 3334 3037 latere
3392 2997 3505 3035 non
3555 2979 3785 3047 patitur.

385 3077 584 3133 Mutilo
615 3077 788 3147 igitur
817 3074 973 3144 operi
1006 3081 1336 3128 semestrem
1369 3073 1603 3128 alteram
1637 3081 1852 3144 partem
1887 3073 2043 3129 illius
2073 3074 2368 3144 diligentia
2419 3080 2802 3129 conservatam
2841 3073 3146 3142 Latineque
3193 3070 3470 3125 redditam
3523 3063 3790 3135 adiungi-

383 3183 545 3234 mus;
574 3168 636 3220 ut
667 3163 868 3235 partim
900 3162 970 3217 ab
1015 3162 1247 3217 interitu
1281 3168 1562 3231 ereptum,
1613 3161 1816 3232 partim
1866 3179 1895 3219 e
1939 3163 2187 3219 tenebris
2223 3171 2470 3232 erutum,
2520 3162 2728 3235 partim
2785 3162 3078 3218 Latinitate
3115 3161 3414 3223 donatum,
3471 3152 3787 3210 immortali

383 3257 504 3328 ejus
535 3254 760 3311 nomini
795 3252 1088 3322 posteritas
1111 3259 1406 3320 acceptum
1442 3251 1663 3307 referat.

452 3342 810 3399 Bollandiani
840 3340 978 3397 socii
1009 3337 1244 3395 eruditis
1278 3340 1418 3393 tanti
1471 3337 1854 3395 adolescentis
1903 3340 2197 3397 laboribus
2257 3343 2470 3411 aliquot
2501 3340 2856 3397 collectionis
2905 3355 3020 3395 suae
3080 3353 3304 3393 menses
3346 3332 3792 3404 locupletarunt,

382 3433 576 3488 Graeca
606 3437 932 3487 sanctorum
963 3437 1116 3499 gesta
1147 3428 1216 3483 ad
1249 3429 1461 3484 calcem
1489 3427 1693 3499 Martii,
1727 3429 1964 3501 Aprilis,
1992 3430 2141 3502 Maii,
2165 3440 2219 3487 et
2245 3430 2412 3500 Julii,
2445 3447 2512 3487 ex
2541 3429 2969 3486 commentariis
3004 3426 3238 3484 Albanis
3277 3423 3633 3494 adjicientes.
3670 3420 3791 3476 Etsi

384 3529 574 3578 autem
610 3521 837 3575 Latinas
869 3519 1204 3575 eorumdem
1231 3533 1368 3572 men
1393 3518 1567 3585 sium,
1602 3517 1771 3573 simul
1829 3524 1886 3574 ct
1939 3521 2097 3575 Junii
2147 3528 2316 3590 atque
2372 3520 2634 3591 Augusti,
2686 3518 3185 3588 interpretationes
3245 3514 3394 3568 idem
3427 3511 3689 3566 Clemens
3718 3507 3786 3563 XI

381 3609 625 3667 confecit
651 3627 665 3678 ;
689 3609 744 3664 in
778 3608 954 3678 ipsius
985 3611 1176 3662 tamen
1210 3606 1462 3673 schedis,
1496 3623 1618 3676 quae
1649 3613 1978 3677 supersunt,
2013 3610 2226 3680 Aprilis
2256 3616 2479 3664 tantum
2513 3616 2565 3663 et
2599 3607 2782 3662 Maius
2814 3605 3054 3676 integri;
3091 3602 3508 3673 Martiipriores
3543 3597 3783 3669 viginti;

380 3701 540 3756 Junii
571 3715 638 3755 ac
662 3698 798 3753 Julii
830 3697 1045 3766 aliquot
1073 3696 1192 3751 dies
1226 3695 1430 3751 Latine
1461 3695 1625 3763 versi,
1686 3698 2026 3768 propriaque
2074 3700 2197 3769 ejus
2254 3714 2429 3754 manu
2488 3697 2701 3753 exarati
2757 3695 3197 3766 conspiciuntur
3232 3709 3244 3746 :
3278 3691 3481 3760 reliqui
3514 3703 3783 3759 quorsum

383 3790 676 3855 cesserint,
709 3801 888 3858 quove
923 3787 1032 3841 fato
1060 3793 1154 3839 aut
1201 3785 1541 3840 delitescant
1589 3792 1686 3839 aut
1737 3786 2085 3854 interierint,
2148 3789 2588 3858 incompertum.
2647 3785 2909 3842 Monachi
2955 3782 3232 3839 Baciliani
3291 3781 3510 3853 Cryptae
3541 3779 3782 3833 Ferratze

386 3887 700 3950 Augustum
737 3892 1013 3939 mensem,
1048 3877 1142 3944 qui
1192 3891 1256 3928 ex
1293 3874 1505 3929 Albano
1564 3875 1890 3946 apographo
1922 3878 2230 3944 exciderat,
2265 3877 2480 3948 aliquot
2523 3875 2678 3931 foliis
2733 3873 3020 3944 mutilum,
3062 3889 3128 3930 ex
3192 3872 3388 3928 eodem
3438 3867 3787 3937 autographo

384 3972 594 4034 Graece,
631 3963 1147 4032 recentioribusque
1179 3961 1511 4030 Menologiis
1533 3961 1724 4017 Graece
1754 3964 2100 4033 supplenles.
2126 3966 2385 4020 Latinam
2425 3966 2678 4034 ejusdem
2736 3963 3054 4019 versionem
3111 3960 3482 4015 adornarunt.
3548 3960 3790 4010 Caeteros

387 4057 594 4123 Martii,
626 4053 780 4109 Junii
812 4068 878 4108 ac
911 4051 1041 4107 Iulii
1072 4051 1195 4104 dies
1237 4065 1266 4104 e
1313 4049 1506 4104 Graeco
1538 4065 1804 4106 sermone
1865 4052 2088 4108 Latinos
2120 4053 2252 4108 fecit
2306 4053 2387 4123 P,)
2416 4057 2615 4109 Petrus
2655 4052 3001 4108 Benedictus
3045 4067 3076 4106 e
3123 4049 3572 4110 SocielaleJesu,
3609 4045 3788 4112 Syrus

385 4145 687 4212 Maronita,
746 4142 826 4196 vir
881 4139 1113 4204 Latinis,
1174 4137 1404 4204 Graecis,
1467 4138 1772 4205 Hebraicis,
1825 4139 2089 4209 Syriacis,
2162 4141 2533 4212 Arabicisque
2605 4141 2782 4198 literis
2837 4137 3287 4203 excultissimus,
3365 4132 3461 4204 qui
3525 4131 3786 4200 ejusdem

382 4232 686 4290 Clementis
709 4229 782 4284 XI
827 4231 1017 4299 jussu,
1071 4235 1384 4296 martyrum
1437 4227 1608 4281 etiam
1657 4227 1958 4284 Persarum
2001 4229 2300 4286 historiam
2354 4231 2424 4285 ab
2483 4230 2886 4301 antiquissimo
2944 4228 3088 4296 Syro
3145 4225 3421 4294 scriptore
3474 4224 3786 4286 exaratam,

384 4324 739 4390 aliorumque
762 4321 1089 4374 sanctorum
1122 4331 1210 4370 res
1265 4322 1453 4384 gestas
1484 4315 1544 4370 in
1588 4317 2070 4386 praestantissimis
2123 4319 2418 4374 codicibus
2467 4319 2716 4390 Syriacis
2774 4317 3113 4388 descriptas,
3150 4328 3295 4384 quos
3327 4311 3477 4366 idem
3530 4306 3786 4378 pontifex

381 4429 447 4467 cx
482 4408 727 4466 Orientis
753 4406 983 4462 latebris
1011 4405 1265 4470 eductos,
1301 4419 1416 4458 una
1446 4420 1576 4458 cum
1609 4404 1867 4475 pluribus
1899 4407 2026 4462 aliis
2048 4407 2371 4478 linguarum
2403 4408 2766 4464 orientalium
2797 4404 3022 4463 selectis
3054 4398 3554 4470 manuscriptis,in
3589 4395 3791 4451 biblio-

379 4503 541 4557 theca
561 4499 836 4553 Vaticana
861 4496 931 4550 ad
965 4509 1330 4551 communem
1366 4493 1666 4550 utilitatem
1712 4495 2012 4566 dedicavit,
2073 4497 2132 4553 in
2195 4499 2462 4554 Latinum
2511 4513 2836 4554 sermonem
2894 4494 3193 4563 convertit,
3255 4490 3598 4560 easdemque
3628 4484 3785 4557 typis

379 4590 708 4663 propediem
734 4586 983 4643 edendas
1013 4593 1436 4655 exspectamus.

455 4684 633 4746 Quam
666 4693 793 4734 vero
834 4676 980 4732 Petri
1036 4674 1274 4729 Arcudii
1319 4672 1553 4729 nomine
1612 4673 1882 4744 Ughcllus
1940 4676 2189 4749 vulgavit
2230 4677 2474 4748 priorem
2533 4679 2866 4733 semestrem
2924 4669 3230 4741 Menologii
3277 4672 3524 4740 partem,
3556 4683 3586 4722 a
3617 4664 3690 4722 cl.
3729 4681 3780 4720 v.

380 4771 624 4841 JOSCPbO
1297 4779 1504 4830 sacros.
1567 4763 1816 4819 basilicae
1858 4765 2140 4824 Vaticanaa
2200 4767 2524 4838 presbytero
2554 4767 2912 4834 beneficiato,
2961 4763 3062 4836 qui
3092 4762 3323 4818 eosdem
3344 4759 3568 4814 codices
3597 4755 3784 4812 orien-

382 4861 525 4916 tales
573 4859 632 4914 in
682 4856 1028 4912 bibliotheca
1072 4851 1738 4909 Cleinentino-Vaticana
1795 4855 2102 4925 recensuit,
2154 4858 2488 4926 castigatam
2535 4873 2791 4926 novaque
2844 4853 3258 4926 prepemodum
3311 4847 3784 4920 interpretatione

381 4952 648 5006 donatam
682 4947 903 5001 edimus
941 4960 1011 4998 :a
1041 4947 1232 4997 Graeco
1267 4943 1423 4997 enim
1458 4949 1608 4998 textu
1642 4959 1810 5013 quam
1838 4943 2170 5016 longissime
2201 4946 2462 5012 distabat,
2500 4945 2980 5015 quemadmodum
3032 4943 3177 4998 facta
3227 4938 3532 4995 collatione
3563 4933 3785 5005 perspi-

379 5057 551 5096 cuum
586 5037 800 5092 reditur
833 5050 844 5088 :
872 5033 1045 5087 multa
1096 5032 1375 5101 siquidem
1408 5030 1476 5085 ab
1516 5031 1828 5102 interprete
1877 5050 2170 5104 perperam
2203 5035 2421 5106 adjecta
2476 5035 2562 5090 vel
2613 5033 2992 5105 praetermissa
3025 5050 3039 5099 ;
3074 5030 3326 5102 quaedam
3381 5027 3492 5080 alio
3527 5037 3780 5095 prorsus,

377 5146 548 5198 quam
604 5133 784 5180 textus
842 5123 1068 5192 patitur,
1121 5135 1289 5176 sensu
1351 5121 1605 5190 exposita
1661 5141 1674 5191 ;
1733 5131 1995 5194 corrupta
2053 5124 2264 5179 alicubi
2323 5131 2648 5180 sanctorum
2699 5123 2868 5178 etiam
2922 5120 3216 5184 nomina;
3281 5115 3489 5185 ubique
3546 5113 3776 5168 demum

373 5216 769 5290 paraphrasim
805 5211 1012 5282 potius,
1041 5226 1207 5281 quam
1243 5209 1468 5265 delem
1501 5210 1820 5268 versionem
1853 5229 2087 5269 cernere
2116 5215 2485 5281 est:adeo,ut
2515 5215 2828 5284 genuinum
2863 5209 3094 5267 Arcudii
3121 5207 3228 5264 viri
3261 5205 3454 5261 Grmce
3484 5202 3788 5271 Latineque

375 5305 690 5364 doctissimi
723 5303 897 5358 fetum
930 5316 1071 5366 esse,
1106 5299 1314 5355 eruditi
1348 5298 1437 5353 vix
1470 5299 1790 5370 crederent,
1827 5302 1938 5357 nisi
1973 5302 2244 5373 Ughcllus
2265 5303 2318 5358 id
2351 5302 2678 5358 afrmaret.

447 5401 510 5453 In
543 5397 721 5451 altera
753 5391 1012 5448 semestri
1047 5396 1225 5460 parte,
1275 5405 1469 5457 quam,
1510 5392 1571 5442 ut
1617 5404 1790 5460 supra
1815 5391 2030 5446 dictum
2061 5397 2170 5460 est,
2200 5391 2478 5448 Clementi
2514 5391 2584 5445 XI
2605 5391 2898 5456 debemus,
2924 5385 3141 5442 avulsis
3173 5386 3242 5440 ob
3274 5381 3493 5441 codicis
3526 5384 3776 5434 vetusta-

380 5496 489 5542 tem
515 5483 811 5540 nonnullis
870 5479 1038 5544 foliis,
1088 5479 1208 5532 dies
1259 5476 1471 5546 aliquot
1529 5477 1972 5536 desiderantur:
2029 5481 2308 5536 nimirum
2361 5480 2517 5535 Junii
2567 5479 2656 5549 IX,
2717 5483 2788 5548 X,
2831 5478 2927 5544 XI,
2985 5475 3226 5547 Augusti
3295 5473 3388 5541 IV,
3434 5469 3576 5540 XIII,
3642 5466 3782 5535 XIV,

386 5575 634 5642 XXVIII,
669 5571 851 5636 XXIX,
877 5567 1048 5638 XXX,
1071 5567 1260 5623 XXXI.
1296 5571 1400 5622 Eos
1431 5581 1498 5620 ex
1530 5567 1760 5625 Menaeis
1789 5570 2014 5626 excusis
2042 5570 2356 5641 descriptos
2389 5568 2695 5638 Latineque
2726 5583 2920 5624 versos
2949 5565 3276 5635 adjicimus.

386 5666 730 5720 Sanctorum
763 5658 1061 5729 imagines,
1095 5661 1158 5712 ut
1185 5657 1245 5711 in
1275 5656 1624 5726 autographo
1654 5656 1928 5717 Vaticano
1977 5659 2432 5731 conspiciuntur,
2479 5657 2564 5715 sic
2613 5657 2684 5714 ad
2743 5655 2931 5712 vivum
2981 5668 3089 5712 tere
3115 5653 3326 5712 incisas
3357 5651 3561 5706 damus
3599 5663 3611 5701 :
3647 5653 3781 5704 sunt

381 5754 535 5813 enim
565 5751 809 5826 pretiosa
837 5747 1194 5822 antiquitatis
1225 5753 1534 5816 momenta,
1573 5748 1676 5804 etsi
1707 5748 1777 5805 ab
1824 5757 1942 5808 arte
1973 5750 2246 5824 pingendi
2275 5747 2544 5808 nonnihil
2593 5747 2892 5816 recedunt,
2938 5744 3226 5804 Pictorum
3277 5749 3466 5800 autem
3518 5738 3775 5810 nomina,
