4132 6328
286 369 359 428 13
1769 365 2264 429 TESTIMONIA.
3632 373 3711 432 ll

287 520 416 574 quae
467 502 537 558 ad
588 499 917 572 marginem
968 500 1324 572 singularum
1381 499 1694 571 imaginum
1747 501 1804 556 in
1853 501 2057 556 eodem
2106 499 2456 570 autographo
2489 505 2716 555 exstant
2769 499 2888 557 haec
2928 507 3063 556 sunt
3097 519 3109 557 :
3143 503 3412 559 Pantaleo
3457 505 3709 574 Simeon,

285 619 529 676 Michael
603 617 985 684 Blachernita,
1057 617 1334 687 Georgius,
1393 618 1596 684 Menas,
1663 617 1886 673 Simeon
1969 618 2348 686 Blachernita,
2427 616 2654 672 Michael
2692 634 2918 688 parvus,
2991 619 3204 674 Nestor.
3286 621 3558 678 Eamdem
3646 624 3708 680 in

288 710 461 779 hujus
491 708 763 764 editionis
792 709 1052 779 margine
1081 708 1547 779 quadringenties
1577 723 1642 761 ac
1673 706 1936 777 trigesies
1967 715 2242 776 repetere,
2277 706 2492 762 nullius
2523 724 2706 777 operae
2747 708 2988 777 pretium
3040 709 3329 764 duximus.

360 799 686 868 Menologio
720 797 1120 869 praemittimus
1151 798 1478 854 testimonia
1510 797 1758 852 virorum
1790 795 2096 850 illustrium
2131 797 2200 851 de
2233 803 2467 866 utraque
2502 799 2622 866 ejus
2676 802 2868 867 parte:
2905 815 2972 853 ex
3005 799 3216 868 quibus
3254 804 3473 855 constat
3523 803 3706 872 primo

283 888 570 944 Basilium
599 889 1026 957 imperatorem,
1058 885 1150 941 cui
1200 885 1580 957 Menologium
1633 885 1920 950 tribuitur,
1956 902 2068 940 non
2122 886 2488 941 Macedonem
2523 903 2665 952 esse,
2691 887 2785 956 qui
2810 903 2961 942 anno
3002 888 3206 944 Christi
3254 889 3360 943 886
3402 892 3704 960 imperium

282 977 543 1045 tenebat,
575 983 637 1031 ut
670 976 822 1032 card.
873 975 1150 1031 Baronius
1209 975 1715 1043 existimavit;sed
1777 975 2347 1045 Porphyrogenilum,
2407 977 2501 1044 qui
2541 976 2753 1032 sacculo
2807 976 3025 1045 integro
3072 979 3348 1047 posterior
3402 979 3708 1036 Macedone

284 1067 392 1123 fuit
449 1083 463 1121 :
527 1066 679 1137 quod
727 1065 965 1120 Allatius
1022 1073 1075 1120 et
1129 1063 1398 1132 Ughellus
1457 1065 1873 1119 demonstrant.
1935 1065 2216 1129 Secundo,
2271 1070 2605 1120 semestrem
2666 1065 2901 1119 alteram
2960 1074 3201 1136 partem,
3253 1068 3414 1137 cujus
3473 1068 3704 1124 initium

283 1172 553 1212 amense
585 1156 778 1212 Martio
809 1155 1054 1222 ducitur,
1114 1171 1401 1225 quamque
1458 1152 1818 1209 Bollandiani
1853 1153 1994 1208 socii
2045 1154 2102 1208 in
2153 1155 2496 1210 monasterio
2554 1154 2778 1225 Cryptaa
2839 1160 3077 1210 Ferratae
3130 1167 3410 1227 repertam
3475 1158 3701 1229 dicunt,

279 1264 312 1302 a
365 1246 606 1302 Joanne
664 1245 968 1300 Francisco
1006 1242 1227 1299 Albano
1286 1243 1355 1298 iis
1408 1243 1600 1297 Graec
1661 1243 1966 1311 Latineque
2025 1243 2413 1298 transmissum
2471 1242 2643 1298 fuisse
2700 1251 2835 1298 ante
2883 1261 3098 1299 annum
3157 1245 3368 1300 Christi
3427 1247 3563 1300 1668
3594 1263 3704 1316 quo

278 1351 546 1392 mensem
578 1334 836 1389 Martium
865 1349 930 1388 ex
963 1332 1248 1387 Basiliauo
1282 1331 1602 1402 Menologio
1632 1331 1878 1398 edidere,
1903 1331 2384 1402 quemadmodum
2415 1331 2667 1388 Joannes
2724 1332 3061 1402 Ciampinus
3092 1335 3149 1389 in
3175 1333 3362 1390 Diario
3394 1336 3532 1390 anni
3566 1337 3703 1392 1676

276 1430 549 1494 testatur,

348 1514 771 1586 Subjungimus
799 1515 1048 1567 Gracam
1074 1512 1220 1566 Petri
1254 1510 1475 1567 Possini
1507 1527 1536 1566 e
1567 1511 1690 1566 Soc.
1721 1513 1851 1566 Jcsu
1903 1510 1971 1564 ad
2022 1511 2287 1564 eumdem
2327 1511 2602 1566 Joannem
2635 1511 3005 1568 Franciscum
3066 1513 3350 1569 Albanum
3407 1515 3702 1585 epistolam

278 1605 559 1674 scriptam
588 1605 680 1657 die
708 1603 781 1657 26
806 1600 1127 1656 Decembris
1184 1601 1321 1655 anni
1356 1600 1517 1665 1661,
1550 1617 1614 1655 ex
1647 1616 1758 1670 qua
1812 1599 1999 1670 palam
2031 1599 2112 1667 iit,
2174 1599 2510 1670 praeclarum
2569 1600 2986 1656 adolescentem
3018 1603 3253 1658 ineunte
3313 1619 3468 1658 anno
3519 1610 3702 1662 astatis

281 1693 683 1750 tertiodecimo
744 1691 935 1763 (natus
994 1689 1147 1745 enim
1185 1690 1286 1744 fuit
1346 1706 1539 1745 mense
1567 1689 1718 1744 iulio
1764 1689 2183 1760 auni1659)in
2241 1689 2446 1744 Graacze
2482 1690 2685 1760 lingua:
2746 1691 2931 1746 studio
2964 1708 3141 1762 usque
3190 1693 3333 1748 adeo
3376 1694 3704 1766 profecisse,

272 1791 334 1839 ut
367 1800 490 1839 non
515 1783 701 1838 solum
737 1796 876 1851 pure
905 1779 1336 1848 emcndateque,
1362 1780 1458 1833 sed
1493 1778 1785 1849 eleganter
1806 1778 1976 1833 etiam
2007 1786 2317 1848 ornateque
2345 1779 2556 1834 litteras
2587 1796 2650 1834 ea
2681 1779 2839 1851 ligus
2879 1781 3264 1837 conscribere.

351 1873 421 1929 Ut
455 1888 604 1942 opus
627 1871 685 1926 in
705 1871 847 1924 duas
879 1876 1065 1940 partes
1121 1868 1484 1934 divideretur,
1519 1868 1747 1923 Graecus
1798 1875 1984 1922 textus
2014 1867 2070 1922 in
2105 1867 2267 1922 binas
2316 1875 2618 1923 semestres
2649 1869 2986 1924 distributus
3049 1870 3333 1940 postulare
3379 1871 3697 1929 videbatur.

275 1962 504 2019 Verum
527 1961 660 2032 quia
689 1959 932 2030 priorem
969 1965 1182 2028 partem
1244 1957 1673 2027 quadringenta:
1732 1972 1798 2011 ac
1851 1956 2077 2026 triginta
2133 1961 2460 2012 sanctorum
2517 1957 2796 2025 imagines
2848 1958 3021 2028 duplo
3078 1959 3352 2030 majorem
3392 1963 3703 2030 posteriore

271 2048 1015 2119 efﬁciunthenologium
1075 2047 1276 2102 intres
1324 2046 1523 2116 partiri
1581 2062 1816 2103 necesse
1860 2047 1986 2114 fuit,
2047 2061 2288 2118 quarum
2347 2063 2478 2118 pars
2537 2047 2723 2116 prima
2780 2047 3200 2119 Septembrem,
3259 2050 3563 2107 Octobrem
3631 2066 3698 2108 ac

271 2140 715 2207 Novembrem;
766 2139 945 2195 altera
1007 2135 1392 2207 Decembrem,
1447 2137 1782 2192 Januarium
1841 2143 1894 2191 et
1945 2134 2553 2205 Februarium;tertia
2615 2135 2862 2205 reliquos
2920 2153 3018 2193 sex
3075 2138 3215 2194 anni
3259 2153 3486 2196 menses
3541 2151 3703 2196 com-

269 2231 586 2305 plectitur.

344 2319 478 2376 Illis
536 2318 748 2384 i‘ruere,
807 2315 989 2372 amice
1043 2315 1275 2382 Lector;
1326 2313 1754 2386 editionemque
1809 2313 2270 2371 eminentissimo
2327 2328 2392 2370 ac
2448 2314 2927 2372 reverendissimo
2980 2316 3214 2373 domino
3269 2316 3541 2374 Annibali
3595 2319 3685 2375 tit.

268 2411 331 2465 S.
365 2406 691 2465 Clementis
721 2404 1051 2476 presbytero
1109 2403 1387 2459 cardinali
1444 2402 1664 2459 Albano
1694 2404 1752 2458 S.
1811 2406 1878 2458 Β.
1919 2403 1981 2459 E.
2025 2403 2363 2469 camerario,
2420 2409 2475 2458 et
2532 2402 2782 2459 basilicae
2841 2403 3125 2461 Vaticana
3178 2405 3694 2479 archipresbytero,

266 2499 601 2555 Clementis
629 2497 712 2552 XI
744 2495 929 2549 fratris
958 2492 1075 2548 tilio
1105 2493 1174 2548 de
1205 2491 1496 2562 republica
1529 2492 1796 2548 liiteraria
1826 2492 2041 2564 optime
2072 2493 2334 2560 merenti,
2367 2500 2660 2564 acceptam
2693 2492 2920 2562 referto,
2954 2495 3117 2564 cujus
3173 2495 3435 2564 consilio,
3481 2495 3694 2564 studio,

263 2588 611 2658 sumptibus
641 2584 705 2640 in
737 2593 894 2640 tuum
925 2581 1295 2638 commodum
1326 2581 1493 2637 cedit.

757 2861 918 2955 DE
999 2859 1744 2954 MENOLOGIO
1824 2857 2274 2952 BASILII
2370 2859 3210 2955 IMPERATOBIS

1276 3084 1634 3146 VIRORUM
1683 3081 2162 3146 ILLUSTBIUM
2219 3082 2732 3145 TESTIMONIA.

1159 3360 1316 3409 Card.
1349 3359 1608 3408 Baronius
1633 3358 1706 3408 ad
1724 3373 1916 3409 annum
1947 3360 2037 3409 886
2069 3357 2132 3408 de
2160 3358 2372 3408 Basilio
2399 3359 2674 3409 Macedone
2694 3359 2815 3423 imp.

321 3477 415 3533 Ad
453 3472 736 3531 eumdem
767 3467 1039 3526 Basilium
1067 3483 1260 3523 rursus
1291 3473 1507 3538 spectat
1538 3468 1632 3538 (ne
1664 3466 1796 3538 quid
1856 3466 2314 3537 prmtermittatur
2369 3467 2747 3538 antiquitatis)
2805 3467 2953 3536 quod
3014 3466 3384 3523 scribendum
3447 3472 3687 3540 curavit,

250 3573 309 3624 et
342 3561 703 3636 augendum
738 3559 1061 3614 Graecorum
1091 3555 1479 3627 Menologium
1509 3573 1522 3623 ;
1557 3556 1701 3626 quod
1761 3555 1926 3610 etiam
1960 3554 2254 3610 exornavit
2310 3554 2674 3623 imaginibus,
2721 3556 2928 3625 quibus
2987 3556 3346 3627 singulorum
3408 3560 3694 3628 exprime-

252 3662 471 3711 rentur
505 3647 847 3707 certamina.
880 3646 948 3702 In
977 3644 1142 3716 cujus
1171 3644 1357 3700 fronte
1413 3643 1690 3714 ejusmodi
1721 3644 1993 3714 scriptum
2053 3642 2378 3698 invenimus
2409 3642 2614 3697 iambis
2679 3643 2942 3697 versibus
2973 3645 3333 3712 epigramma
3393 3646 3454 3701 in
3486 3645 3698 3717 scripto

254 3744 472 3802 codice
513 3735 814 3794 Vincentii
844 3733 1050 3792 Pinelli
1081 3733 1308 3789 Patavio
1338 3734 1406 3788 ad
1427 3749 1530 3789 nos
1559 3733 1894 3802 Ferrariam,
1927 3747 2059 3788 cum
2097 3731 2217 3787 illic
2248 3747 2500 3787 essemus
2530 3747 2660 3786 cum
2697 3732 3001 3800 pontifice,
3038 3733 3235 3788 misso.

1069 3822 1292 3872 Basilius
1316 3822 1601 3886 imperator
1627 3821 1782 3883 huius
1809 3820 2044 3869 climatis

1066 3905 1126 3953 In
1157 3917 1284 3967 pace
1307 3906 1584 3966 praestem,
1615 3906 1774 3967 atque
1803 3901 1954 3951 rebus
1984 3899 2195 3950 bellicis.

1069 3985 1134 4034 Et
1163 3983 1387 4046 pellibus
1409 3992 1634 4048 pactum,
1669 3997 1881 4047 sequens
1909 3997 1973 4031 ex
1993 3981 2174 4030 ordine

1069 4063 1307 4113 Pulchros
1338 4066 1505 4127 ferens
1534 4064 1795 4127 imagines
1819 4067 1874 4112 ut
1896 4062 2117 4112 sideras.

342 4156 560 4213 Exstat
594 4147 1009 4220 autograpbum
1067 4145 1248 4214 ipsius
1292 4145 1465 4200 Basili
1526 4145 1790 4200 volumen
1841 4143 2186 4214 imaginibus
2245 4143 2434 4213 magni
2481 4143 2646 4215 pretii
2702 4143 3031 4200 decoratum
3083 4162 3182 4216 per
3226 4145 3346 4203 dies
3410 4146 3696 4220 singulos,

267 4245 658 4315 singulosque
714 4246 959 4303 sanctos,
1009 4235 1076 4290 de
1110 4235 1317 4305 quibus
1375 4235 1590 4290 mentio
1624 4234 1862 4289 habetur
1917 4233 1977 4289 in
2007 4231 2281 4288 versibus.
2313 4226 2578 4287 Vidimus
2630 4238 2682 4288 et
2726 4232 2972 4305 legimus
3029 4234 3196 4290 nobis
3260 4251 3598 4294 concessum
3657 4254 3690 4292 a

265 4334 453 4390 Paulo
485 4329 796 4386 Slondrato
816 4326 1037 4380 Sanctae
1059 4322 1294 4378 Caeciliae
1326 4322 1624 4390 cardinali,
1659 4329 1862 4392 nepote
1893 4321 2073 4378 felicis
2102 4321 2392 4378 memoriae
2424 4320 2683 4391 Gregorii
2709 4339 2864 4392 papae
2897 4322 3104 4378 decimi
3136 4325 3342 4395 quarti.

960 4439 1057 4488 Leo
1078 4435 1302 4488 Allatius
1325 4437 1377 4487 in
1411 4438 1779 4488 dissertatione
1807 4437 1870 4484 de
1903 4437 2073 4487 Libri:
2123 4436 2502 4486 Ecclesiastieis
2532 4438 2841 4494 Grecorum,
2876 4442 2899 4497 ς
2933 4438 3009 4487 12.

343 4563 677 4634 Menologia
697 4577 827 4634 non,
861 4559 986 4634 alia»
1001 4562 1141 4634 sunt
1172 4557 1246 4634 (et
1274 4556 1379 4612 erit
1409 4556 1811 4634 duodecimus
1870 4555 2036 4634 liber)
2094 4570 2477 4634 quam-quae”
2503 4555 2753 4634 Latinus.
2792 4555 3189 4626 Martyrologia
3221 4557 3312 4613 vel
3349 4558 3696 4634 Kalendaria

275 4639 515 4704 dixerit,
545 4627 652 4691 uéc
682 4633 832 4690 aliud
867 4633 925 4688 in
953 4631 1068 4691 illis
1101 4627 1334 4704 habetur
1364 4628 1473 4683 nisi
1507 4627 1590 4684 vel
1629 4636 1954 4704 sanctorum
1984 4628 2110 4682 vita:
2136 4627 2516 4704 quolibetdie
2549 4643 2650 4696 per
2678 4630 2860 4704 totum
2893 4643 3108 4704 annum
3154 4631 3488 4704 summatim
3522 4648 3695 4702 expo-

269 4713 424 4776 sita,
459 4697 808 4778 velquorum
838 4705 969 4778 vitae
1015 4722 1132 4763 non
1176 4700 1455 4758 habentur
1506 4699 1995 4778 commemoratio,
2057 4697 2328 4778 nullaque
2385 4697 2464 4752 ibi
2502 4706 2597 4752 aut
2631 4699 2823 4778 ‘otﬁcii
2881 4699 3210 4768 ordinandi,
3269 4710 3364 4778 aut
3393 4697 3694 4778 _recitahdi

271 4771 457 4838 series
489 4771 834 4835 continetur.
869 4775 1081 4834 Verum
1110 4783 1192 4832 est
1221 4785 1413 4827 tamen
1444 4772 1755 4840 saapissime
1789 4771 2238 4840 Meuologiorum
2291 4771 2490 4823 borum
2525 4775 2760 4840 partem,
2795 4785 3032 4839 eamque
3090 4787 3206 4826 non
3265 4773 3566 4829 minimam
3629 4775 3693 4831 in

268 4851 516 4907 Menaeis
539 4851 690 4906 inter
721 4852 978 4921 Canoncs
1012 4855 1136 4921 post
1166 4846 1338 4921 edam
1360 4839 1575 4921 sextam
1607 4859 1729 4897 esse
1760 4839 2055 4911 digestum,
2090 4850 2147 4921 u_t
2166 4841 2316 4921 sine
2331 4840 2567 4921 alterius
2595 4839 2720 4894 libri
2753 4856 2884 4910 ope,
2915 4843 3010 4921 qui
3042 4841 3295 4921 ofﬁcium
3328 4845 3692 4921 in__eccle_sia

272 4928 380 4980 aut
405 4923 561 4978 domi
594 4923 815 4986 recitat,
841 4911 1044 4978 habeat
1076 4919 1225 4976 unde
1255 4913 1726 4991 celebrati-lorum
1760 4922 2082 4970 sanctorum
2120 4911 2444 4991 historiolas
2475 4915 2532 4964 et
2574 4913 3146 4991 commemorationes
3182 4915 3368 4991 legati.
3394 4916 3510 4991 Hoc
3546 4917 3692 4991 _Me-

279 4995 582 5063 noiogium
613 4993 759 5063 apud
791 4984 1018 5048 Graeos
1075 5002 1400 5063 nonAunum
1449 4993 1555 5050 est,
1588 4987 1682 5041 sed
1736 5002 1835 5056 pro
1886 4984 2330 5063 opportunitate
2370 4984 2676 5063 temporis“
2694 4985 2943 5063 va_ri_am_
2971 5000 3193 5063 quoque
3228 4987 3430 5063 faciem
3464 4989 3691 5063 induit;

280 5053 686 5136 aliud-quippe
715 5072 798 5119 est
819 5065 966 5133 quod
1001 5063 1165 5136 nobis
1197 5057 1392 5114 Latine
1423 5065 1640 5136 tantum
1672 5053 1750 5136 es
1773 5053 2028 5136 versione
2059 5054 2362 5136 cardinalis
2393 5053 3283 5136 S_i_r-leti,.Ca_n_i_siusintentiquis
3331 5053 3694 5136 Lectionibus

284 5124 714 5208 represeniavit
748 5151 761 5190 :
793 5124 950 5190 aliud
984 5134 1134 5208 quod
1188 5129 1496 5208 separatim
1532 5129 1664 5183 hinc
1697 5130 1827 5184 inde
1876 5127 2328 5196 manuscriptum
2354 5126 2586 5208 .atllrue
2621 5124 2686 5207 in.
2715 5127 3120 5208 bibliothecish
3149 5124 3220 5208 et
3249 5129 3559 5208 Barberina
3601 5149 3698 5208 po_-

287 5197 597 5275 tissimum,
634 5208 779 5278 quod
810 5215 862 5262 et
894 5197 1362 5276 antiquissimum
1397 5206 1500 5268 est,
1530 5208 1886 5278 a_s_scrvatur:
1922 5215 2045 5269 quae
2078 5213 2183 5278 nec
2213 5197 2406 5278 omnia
2437 5197 2542 5250 sibi
2574 5197 2844 5278 invicem_
2881 5199 3266 5278 respo_ndent_:
3329 5203 3512 5278 aliud__
3543 5197 3691 5271 quod

289 5283 345 5336 in
380 5268 610 5336 Menais
650 5268 996 5334 'Grzecorum
1031 5268 1310 5346 insertum
1344 5279 1463 5346 est:
1523 5272 1677 5346 aliud
1711 5273 1854 5341 quod
1891 5268 2013 5340 post
2066 5271 2286 5346 divinas
2320 5268 2514 5346 Horas,
2581 5268 2986 5346 Evangelium,‘
3029 5270 3382 5346 Apostolum,
3442 5268 3696 5346 aliosque

291 5353 463 5408 libros
497 5352 719 5419 legitur.
756 5349 1130 5415 Menotogium
1162 5363 1229 5403 ex
1251 5345 1481 5419 Menaeis
1512 5339 1834 5419 Grecorum
1895 5339 2142 5419 erutum,
2178 5348 2230 5419 et
2260 5341 2345 5419 in__
2377 5339 3428 5419 linguam-Graecorum”vernaculam
3473 5339 3699 5402 versum

290 5441 320 5478 ι
347 5411 596 5479 Maxime
626 5422 920 5490 Margunio
948 5411 1318 5493 Cytherorum
1350 5415 1616 5493 e_pisco_po
1637 5415 1822 5493 edidit
1856 5414 2142 5493 antonius
2170 5411 2422 5492 Pinellus
2452 5411 2705 5493 Veneliis
2734 5429 2885 5493 annuo
2919 5413 3076 5479 1529,
3120 5414 3282 5493 in-i.

358 5497 655 5563 Baronins,
687 5484 844 5548 anno
873 5484 1119 5548 Domino
1150 5489 1276 5555 886,
1309 5484 1477 5542 refert
1527 5485 1796 5563 Basilium
1859 5486 2227 5563 Macedonem
2282 5484 2685 5563 imperatorem
2747 5485 3069 5563 Qrmcorum
3119 5487 3502 5556 Menologium
3562 5489 3694 5563 scri-

291 5564 533 5623 bendum
563 5555 791 5623 curasse
819 5571 875 5637 et
903 5564 1260 5637 augendum,
1293 5567 1459 5628 atque
1479 5559 1651 5614 etiam
1711 5557 2423 5637 imaginibusexornasse,
2473 5555 2690 5635 quibus
2747 5556 3111 5637 singulorum
3138 5555 3462 5637 sanctorum
3519 5561 3700 5637 capri-

292 5644 578 5696 merentur
609 5635 925 5695 certamina
951 5624 1189 5704 :ucujus
1246 5624 1432 5701 ipsum
1491 5624 1910 5704 autographum
1969 5627 2266 5704 vidi_mus_,_
2291 5634 2344 5681 et
2379 5624 2618 5704 legimus
2649 5642 2988 5704 concessum
3022 5628 3205 5704 nobis
3239 5647 3271 5683 a
3301 5629 3477 5685 Paulo
3525 5624 3701 5704 Sion-

287 5709 434 5770 drato
463 5711 522 5768 S.
583 5708 833 5768 Czecilize
889 5697 1195 5774 cardinali,
1245 5697 1452 5774 nepote
1507 5697 1760 5771 Gregorii
1821 5716 1980 5772 paptB
2004 5699 2149 5756 XIV.
2214 5697 2602 5768 Menologium
2663 5697 2798 5766 hoc,
2831 5714 2967 5756 auro
2998 5700 3354 5771 gemmisque
3397 5699 3700 5771 pretiosius
