4132 6328
367 406 439 464 15
1557 399 1656 460 DE
1701 398 2120 461 BASILIANO
2165 395 2624 460 MENOLOGIO
3698 394 3776 456 16

363 533 861 607 Constantinopoli
918 532 987 590 ad
1053 532 1400 590 Ludovicum
1457 532 1729 589 Sfortiam
1788 534 1923 589 satis
2009 531 2283 590 muniﬁce
2338 532 2656 602 advectum,
2715 528 2998 586 Ludovico
3044 529 3163 585 vita
3226 529 3438 598 functo,
3517 531 3770 585 Joannes

365 625 614 694 Baptista
644 623 929 679 Francisci
961 621 1268 690 Siondrati,
1302 620 1613 677 cardinalis
1644 637 1868 692 parens,
1929 638 2174 692 avusque
2209 621 2429 679 Nicolai
2489 619 2769 676 Sfondrati
2795 617 3125 688 cardinalis,
3183 619 3242 674 in
3299 618 3534 674 arbitrio
3572 634 3638 674 ac
3665 635 3770 688 po-

363 719 565 776 testate
595 712 812 780 habuit,
846 712 1323 782 quemadmodum
1357 718 1730 767 monumenta
1761 711 1892 778 alia,
1929 712 2302 782 maximaeque
2357 710 2756 765 aastimationis
2809 710 3117 779 scripturas
3175 707 3428 778 ejusdem
3481 705 3768 776 Ludovici,

367 805 513 872 apud
547 818 718 872 quem
750 801 1010 871 Baptistae
1039 800 1344 856 auctoritas
1404 799 1717 870 plurimum
1751 798 2017 870 pollebat,
2077 804 2138 855 ut
2167 816 2233 855 ex
2283 799 2520 855 diversis
2567 798 2966 868 legationibus,
3009 813 3148 868 quas
3205 796 3300 851 ille
3332 797 3402 852 ob
3441 795 3775 867 gravissima

368 892 598 963 negotia
625 893 774 962 apud
805 906 1006 946 omnes
1039 890 1156 946 fere
1186 889 1480 961 principes
1511 889 1886 958 Christianos,
1931 889 2329 945 Innocentium
2363 904 2568 959 nempe
2600 887 2744 954 Vltl,
2777 886 3043 942 Carolum
3079 886 3296 954 Galliae,
3350 885 3774 942 Ferdinandum

372 989 426 1036 et
457 981 837 1036 Elisabetham
869 978 1301 1050 Hispaniarum,
1335 978 1758 1035 Ferdinandum
1794 977 2061 1049 Neapolis
2094 983 2150 1034 et
2176 978 2385 1034 Sicilia:
2410 994 2622 1048 regem,
2655 985 2709 1032 et
2763 977 2993 1032 tandem
3026 974 3435 1046 rempublicam
3486 976 3774 1046 Venetam,

373 1070 470 1126 ubi
528 1078 582 1125 et
633 1078 870 1126 mortem
922 1069 1082 1137 obiit,
1142 1069 1414 1138 colligere
1465 1083 1797 1139 possumus.
1864 1060 2304 1124 Postmodum’a
2356 1067 2532 1123 Paulo
2588 1067 2888 1123 Siondrato
2946 1065 3224 1122 cardinali
3283 1066 3432 1122 dono
3482 1072 3776 1136 acceptum

372 1159 584 1214 Paulus
615 1159 654 1214 V
687 1158 746 1213 in
778 1156 1190 1214 bibliothecam
1223 1157 1558 1214 Vaticanam
1591 1156 1826 1225 invexit,
1855 1164 1908 1213 et
1939 1156 2170 1228 praeﬁxa
2201 1156 2541 1227 incripiione
2563 1154 2920 1226 significavit.

433 1248 625 1298 Paulus
660 1247 698 1294 V
718 1247 960 1312 pontifex
993 1247 1251 1296 maximus
1273 1247 1406 1296 hunc
1436 1246 1628 1296 librum
1651 1247 2096 1312 Constantinopoli
2128 1245 2198 1294 ad
2217 1246 2522 1296 Ludovicum
2541 1245 2799 1310 S/‘orliam
2819 1243 3106 1295 Mediolani
3125 1244 3302 1293 ducem
3323 1242 3566 1302 allatum,
3589 1241 3778 1292 deinde

375 1332 636 1378 servatum
665 1328 808 1392 apud
833 1327 1233 1389 Sfondratorum
1268 1327 1538 1392 familiam
1562 1342 1593 1376 a
1621 1328 1786 1377 Paulo
1817 1327 1872 1377 S.
1893 1327 2108 1379 Caeciliae
2130 1327 2389 1378 cardinali
2407 1326 2697 1391 Sfondralo
2717 1325 2818 1376 sibi
2841 1325 2974 1375 dono
2995 1325 3191 1389 datum,
3224 1325 3276 1375 in
3299 1323 3658 1376 bibliothecam
3694 1324 3788 1378 Va.

380 1411 602 1460 licanam
634 1409 828 1472 inferri
853 1409 1013 1471 iussit
1040 1422 1176 1458 anno
1207 1407 1326 1459 1615
1352 1409 1689 1472 pontiﬁcatus
1716 1423 1786 1458 xx.

448 1491 610 1547 Liber
634 1506 804 1546 unam
837 1497 1054 1546 tantum
1076 1489 1381 1560 Menologii
1416 1497 1650 1560 partem,
1683 1489 1910 1560 quando
1962 1505 2056 1546 sex
2092 1497 2311 1545 tantum
2363 1489 2679 1557 mensibus,
2739 1486 3089 1560 Septembre,
3122 1487 3389 1556 Octobre,
3437 1487 3782 1556 Novembre,

374 1580 704 1647 Decembre,
748 1579 1040 1648 Januario,
1071 1587 1125 1634 et
1155 1579 1458 1634 Februario
1490 1577 1820 1644 absolvitur,
1850 1579 2126 1635 continet.
2165 1579 2355 1635 Altera
2387 1579 2729 1649 quibusnam
2760 1577 2947 1634 caveis
2993 1578 3218 1634 addicta
3274 1577 3462 1648 lateat,
3494 1579 3781 1635 incertum

374 1679 477 1742 est,
512 1680 564 1727 et
588 1672 804 1727 utinam
842 1687 956 1726 non
988 1685 1355 1726 communem
1385 1676 1594 1724 sortem
1623 1668 1900 1725 librorum
1932 1686 2124 1741 passa,
2157 1669 2288 1738 igne
2319 1670 2404 1725 vel
2438 1669 2603 1738 ferro,
2635 1669 2723 1725 vel
2755 1669 3063 1739 impiorum
3095 1676 3190 1724 aut
3219 1668 3536 1725 otiosorum
3599 1669 3785 1725 homi-

370 1777 510 1816 num
546 1760 830 1827 manibus,
865 1759 1282 1816 elementorum
1313 1759 1482 1813 etiam
1511 1758 1742 1828 injuria,
1764 1760 1824 1814 in
1857 1759 1981 1816 luce
2011 1775 2138 1815 esse
2169 1760 2424 1815 desierit.
2487 1759 2741 1829 Scriptus
2766 1763 2852 1814 est
2884 1760 2944 1815 in
3006 1759 3138 1815 folio
3169 1759 3372 1829 grandi
3429 1775 3778 1831 pergameno

372 1850 584 1907 atl‘abre
614 1851 908 1922 perpolito,
944 1850 1073 1906 licet
1105 1853 1270 1905 aetate
1293 1849 1409 1920 jam
1445 1849 1589 1904 victa
1618 1849 2031 1920 aliquantulum
2066 1849 2388 1914 sublurido,
2422 1850 2602 1906 forma
2633 1851 2791 1920 quasi
2846 1850 3139 1920 quadrata,
3195 1849 3616 1906 characteribus
3660 1849 3783 1906 ele-

376 1940 750 2011 gantissimis,
784 1955 1062 2011 nusquam
1095 1956 1192 2010 pro
1225 1938 1379 1994 illius
1441 1939 1741 1995 atramenti
1799 1939 2083 2010 facultate,
2128 1941 2277 2010 quod
2339 1941 2564 2009 nigrum
2625 1955 2740 1994 non
2799 1939 2986 2010 tingit,
3019 1939 3459 2009 nigricantibus.
3496 1941 3783 2010 Capitales

380 2045 518 2100 quas
547 2029 1013 2099 vocantlitteras,
1045 2044 1182 2084 auro
1228 2027 1621 2098 etiormantur,
1673 2030 2031 2099 singularum
2093 2029 2436 2099 pagellarum
2489 2045 2616 2100 pars
2673 2030 2928 2098 superior
2977 2028 3209 2084 nomina
3261 2037 3582 2085 sanctorum
3616 2030 3778 2085 illius

372 2121 488 2178 diei
518 2127 902 2193 repraesentat,
937 2120 1170 2176 alterius
1197 2119 1436 2174 dimidia
1466 2119 1674 2189 scripta
1733 2121 2072 2190 compendio
2125 2125 2456 2177 sanctorum
2521 2127 2698 2190 gesta,
2753 2119 2931 2176 altera
2990 2119 3338 2192 imaginibus
3384 2122 3786 2192 coloribusque

375 2225 492 2267 non
523 2211 917 2281 indiligenter,
945 2218 996 2266 et
1029 2226 1130 2280 pro
1161 2225 1226 2265 eo
1257 2215 1512 2279 tempore
1571 2209 1707 2265 satis
1735 2210 2042 2280 eleganter,
2105 2210 2209 2266 sub
2241 2208 2436 2266 oculos
2469 2213 2648 2282 ponit.
2706 2209 2988 2266 Picturam
3038 2210 3383 2266 recentiores
3413 2211 3781 2267 miniaturam

379 2307 578 2357 vocant
605 2316 617 2354 :
651 2316 833 2371 neque
863 2300 1019 2357 enim
1053 2297 1201 2365 oleo,
1222 2299 1316 2355 sed
1349 2313 1491 2369 aqua
1522 2298 1855 2370 gummique
1885 2300 2106 2356 colores
2139 2306 2544 2369 temperantur.
2582 2299 2858 2368 Imagines
2891 2315 3006 2355 non
3055 2299 3125 2354 ab
3157 2315 3272 2355 una
3327 2315 3500 2355 manu
3544 2317 3780 2370 proma-

378 2397 540 2457 nant,
571 2389 810 2460 ideoque
841 2405 946 2446 nec
978 2391 1146 2445 unius
1177 2403 1379 2444 omnes
1425 2387 1794 2455 conditionis,
1826 2389 1924 2444 sed
1959 2405 2076 2444 una
2117 2388 2293 2444 altera
2345 2388 2703 2454 concinnior,
2761 2387 3095 2458 accuratior,
3127 2395 3179 2443 et
3234 2389 3300 2442 ad
3333 2395 3509 2444 artem
3544 2403 3780 2444 accom-

379 2479 657 2536 modatior
686 2479 936 2547 excellit,
979 2486 1030 2534 et
1062 2494 1133 2534 ne
1162 2474 1450 2530 ἀδὲσποτοι
1483 2476 1759 2547 palarent,
1811 2479 1994 2548 pictor
2024 2478 2264 2548 quilibet
2295 2477 2534 2546 imagini
2584 2494 2616 2532 a
2671 2494 2730 2533 se
2760 2477 2996 2547 depictas
3029 2477 3087 2532 in
3121 2477 3373 2547 margine
3406 2479 3538 2533 libri
3569 2494 3778 2534 nomen

377 2570 668 2638 expressit.
719 2569 1007 2625 Pictorum
1065 2567 1298 2624 nomina
1354 2573 1508 2633 sunt,
1567 2566 1855 2634 Pantaleo,
1889 2567 2123 2623 Michael
2183 2566 2570 2633 Blachernita,
2631 2565 2910 2636 Georgius,
2969 2567 3209 2635 Simeon,
3266 2566 3492 2622 Michael
3553 2585 3780 2639 parvus,

374 2658 574 2723 Menas,
607 2659 813 2725 Nestor,
847 2656 1062 2712 Simeon
1095 2656 1470 2712 Blachernila.
1525 2653 1806 2727 Imagines
1837 2657 1914 2712 ita
1945 2656 2348 2728 disponuntur,
2385 2662 2442 2710 ut
2475 2671 2586 2710 una
2619 2655 2779 2711 alteri
2839 2656 3084 2712 adversae
3117 2671 3231 2712 non
3291 2658 3647 2728 rcsgiondeat,
3682 2659 3781 2714 sed

375 2746 586 2802 litteris
618 2749 674 2802 et
704 2755 1030 2802 sanctorum
1063 2746 1206 2801 Vilis
1235 2763 1247 2800 :
1309 2761 1482 2816 qsaro
1542 2761 1697 2805 nunc
1729 2744 2079 2816 superiorem
2140 2753 2354 2816 partem
2387 2744 2631 2817 paginas,
2663 2745 2890 2817 quando
2920 2744 3152 2801 alterius
3181 2746 3440 2818 superior
3472 2763 3598 2818 pars
3629 2747 3773 2803 scri-

371 2837 629 2907 ptionem
661 2836 851 2898 refert.
877 2852 1034 2892 nunc
1055 2836 1406 2908 inferiorem,
1440 2839 1666 2910 quando
1692 2834 1926 2894 alterius
1957 2834 2192 2892 inferior
2223 2835 2506 2906 descripta
2536 2842 2638 2890 est.

444 2926 679 2992 Quando
709 2924 854 2982 liber
881 2925 1126 2996 scriptus
1154 2926 1245 2994 sit,
1298 2927 1552 2985 divinare
1599 2944 1715 2984 non
1747 2940 2081 2997 possumus:
2145 2925 2358 2981 abhinc
2389 2931 2576 2980 tamen
2609 2939 2759 2981 anno
2808 2924 2915 2979 662
2966 2925 3262 2997 scriptum,
3323 2925 3590 2983 videntur
3629 2925 3779 2982 indi-

374 3030 504 3071 care
534 3016 632 3086 qui
655 3017 813 3086 operi
843 3016 1221 3086 praefiguntur
1249 3014 1448 3071 iambi.
1480 3017 1553 3072 Hi
1580 3033 1712 3073 vero
1744 3021 1896 3072 sunt.

1387 3223 1648 3286 Ἐνταῦθα
1675 3224 1766 3277 νῦν
1797 3220 2082 3292 σκόπησον
2115 3219 2290 3295 ὀρθῶς
2324 3220 2352 3274 ὁ
2383 3219 2626 3295 βλέπων,
2659 3229 2767 3280 etc.

1644 3348 1727 3404 Bx
1754 3349 2014 3404 versione
2040 3347 2277 3404 Joannis
2305 3346 2518 3416 Argoli.

1217 3420 1499 3484 Considera
1525 3420 1679 3484 probe
1704 3418 1867 3469 oculis
1896 3419 1994 3481 hic,
2023 3433 2052 3468 ο
2081 3420 2172 3484 qui
2200 3418 2402 3481 aspicis,

1212 3484 1296 3531 Ea:
1322 3482 1473 3532 rebus
1501 3482 1710 3546 optimis
1739 3495 1864 3546 opus
1883 3489 2030 3546 certe
2051 3482 2319 3545 optimum,

1211 3546 1331 3611 pei,
1367 3544 1596 3610 inquam,
1618 3560 1742 3611 opus
1768 3544 2184 3611 pulcherrimum
2206 3549 2428 3611 mentem
2464 3545 2714 3608 impetens

1215 3608 1334 3657 Visu
1360 3608 1535 3658 creata
1563 3608 1744 3660 cuncta
1766 3608 2024 3658 delectans
2056 3608 2260 3664 merito,

1214 3672 1279 3736 Ψ
1307 3685 1527 3736 namque
1559 3688 1717 3736 supra
1734 3685 1827 3736 rex
1850 3671 1961 3734 poli
1987 3670 2180 3736 summi
2199 3670 2392 3736 arti/ex

1213 3734 1404 3783 Caelum
1430 3732 1629 3784 choreis
1651 3732 1992 3784 condecorans
2016 3732 2215 3796 clarum
2243 3733 2427 3796 igneis,

1211 3797 1354 3856 Quod
1379 3797 1533 3859 pellis
1562 3800 1730 3846 instar
1759 3797 1891 3845 vocis
1923 3795 2340 3859 explicuitisono,

1207 3857 1455 3908 Munu‘um
1487 3861 1722 3908 irradial
1739 3859 1975 3922 sapiente
1988 3857 2334 3922 providentia
2355 3873 2378 3921 ,'

1212 3923 1463 3984 Infraque
1491 3926 1545 3970 ut
1576 3922 1744 3984 ipsum
1765 3920 2003 3969 moribus
2022 3920 2291 3983 splendens
2314 3920 2534 3983 paribus

1211 3983 1787 4046 Terriplagas’totius,
1816 3989 1864 4032 et
1887 3997 1982 4031 rex
2003 3997 2244 4045 purpurae

1209 4045 1464 4101 Basilius,
1483 4047 1727 4106 ﬁliusque
1753 4046 1948 4106 duplici
1963 4047 2144 4106 potens

1213 4062 1464 4101 nasutus,
1483 4062 1626 4104 riuus
1667 4062 1727 4096 ue
1753 4062 1947 4106 aupucr
1963 4062 2144 4106 patens

1213 4109 1393 4166 Fama,
1428 4062 1710 4173 triumpzi's
1739 4108 1956 4163 scilicet,
1988 4105 2325 4164 sermonibus,
2357 4111 2458 4155 etc.

372 4282 438 4336 Et
471 4281 576 4337 hoc
609 4288 692 4336 est
723 4281 1112 4352 Menologium
1147 4281 1392 4336 Baronio
1423 4282 1632 4347 visum,
1668 4297 1772 4338 nec
1788 4281 1978 4338 abnuo
2007 4299 2020 4350 ;
2053 4281 2262 4346 studio,
2305 4281 2585 4350 jussuquo
2607 4280 2802 4336 Basilii
2834 4279 3188 4351 imperatoris
3219 4281 3588 4354 descriptum,
3615 4298 3770 4339 exor-

365 4374 678 4441 natumque
709 4371 1075 4441 imaginibus,
1110 4371 1225 4425 nisi
1254 4370 1488 4426 aliunde
1519 4372 1758 4426 edoctus
1783 4372 1958 4437 luero,
2018 4388 2133 4426 non
2170 4370 2420 4436 credam,
2479 4371 2959 4440 quemadmodum
3019 4379 3073 4426 et
3104 4370 3370 4427 Basilium
3403 4371 3556 4427 hunc
3586 4373 3770 4429 Mace-

362 4459 569 4514 donem
605 4459 813 4515 t'uisse:
847 4477 911 4516 ex
945 4459 1149 4514 iambis
1177 4459 1327 4514 enim
1363 4459 1454 4515 hic
1488 4459 1730 4515 Basilius
1792 4459 1994 4530 Porph}

2135 4466 2328 4514 :nneta
2381 4459 2683 4515 asseritur:
2746 4457 2868 4526 ἄναξ
2899 4456 3036 4528 ὅλης
3069 4465 3192 4533 γῆς,
3225 4455 3392 4527 ἥλιος
3420 4465 3520 4528 τῆς
3559 4461 3767 4536 πορφύ-

363 4565 459 4618 ρας
492 4545 803 4616 Βασίλειος,
832 4548 894 4601 τὸ
926 4545 1147 4621 Θρὲμμα
1175 4548 1273 4614 τῆς
1307 4542 1657 4622 ἀλουργίὸος,
1690 4550 1991 4619 Imperator

2130 4563 2212 4604 rae
2241 4547 2535 4614 universae,
2567 4548 2650 4604 sol
2701 4563 2967 4619 purpura
2998 4549 3249 4605 Basilius
3307 4559 3362 4606 et
3393 4549 3677 4606 alumnus.
3704 4549 3762 4606 Id

359 4634 429 4690 de
460 4635 769 4692 Macedone
797 4637 908 4692 dici
937 4653 1050 4693 non
1081 4642 1281 4707 potest,
1318 4653 1448 4692 cum
1481 4652 1664 4706 neque
1722 4635 2264 4708 Porphyrogenneta
2293 4636 2482 4703 fuerit,
2516 4652 2622 4692 nec
2652 4636 2994 4708 imperatore
3052 4646 3207 4708 patre
3239 4642 3406 4694 natus
3460 4639 3552 4708 sit,
3581 4655 3768 4710 neque

358 4724 606 4780 adultus.
639 4727 885 4781 Zonaras
915 4726 977 4782 in
1033 4725 1406 4782 Constantino
1475 4725 1649 4793 Duca,
1695 4725 1805 4793 Τήν
1834 4725 1927 4796 μὲν
1983 4726 1990 4798 1

2135 4723 2258 4778 .elav
2313 4722 2477 4778 αὐτοῦ
2535 4721 2903 4779 καταλέλοιπε
2958 4725 3132 4801 τρισὶν
3195 4721 3387 4795 υἱέσιν,
3437 4731 3544 4784 etc.
3605 4728 3767 4792 Impe-

356 4812 496 4865 rium
555 4813 725 4862 tribus
781 4815 921 4877 ﬁjiis
979 4814 1216 4878 reliquit,
1275 4829 1492 4880 quorum
1536 4814 1680 4876 duos,
1744 4813 2116 4864 Michaelemet
2176 4815 2523 4864 Andronicum
2587 4813 2814 4864 Eudocia
2867 4815 3073 4878 priralo
3129 4814 3314 4876 adhuc,
3373 4816 3764 4868 Constantinum

356 4908 473 4942 vero
504 4895 793 4958 imperanti
839 4898 1245 4958 pepererat,cum
1276 4899 1323 4944 et
1388 4897 1501 4958 ipsa
1523 4897 1756 4960 Augusta
1807 4895 2068 4958 appellata
2122 4898 2266 4944 esset.
2305 4894 2447 4944 Unde
2502 4895 2588 4944 hic
2615 4894 2752 4944 solus
2807 4895 3276 4960 Porphyrogenitus
3306 4897 3428 4961 fuit,
3487 4911 3547 4946 ac
3584 4899 3761 4948 statim

352 4987 462 5036 prae
489 4974 687 5023 celeris
714 4975 920 5037 imperii
948 4974 1241 5038 insignibus
1271 4976 1571 5028 adornatus.
1604 4977 1682 5031 Ex
1713 4991 1778 5031 eo
1810 4991 2017 5045 nempe
2047 4975 2336 5046 Porphyro
2369 4975 2689 5046 genitorum
2725 4991 2933 5031 nomen
2991 4976 3243 5045 emersit,
3305 4985 3363 5032 ut
3419 4978 3516 5049 qui
3577 4977 3761 5049 impe-

356 5071 516 5118 rante
549 5072 704 5132 patre
735 5068 1088 5132 nasceretur,
1116 5065 1232 5119 sive
1263 5063 1320 5118 in
1355 5064 1605 5120 thalamo
1637 5064 1946 5136 Porphyraa
2005 5063 2178 5130 dicto,
2211 5065 2330 5119 sive
2389 5080 2645 5135 purpura
2701 5063 2973 5135 obvoluti,
3022 5065 3572 5136 Porphyrogennetze
3603 5067 3760 5124 dice-

354 5159 571 5208 rentur.
607 5152 962 5208 Herodianus
995 5153 1122 5207 hist.
1157 5152 1256 5207 lib.
1319 5171 1360 5218 ι,
1393 5154 1462 5209 de
1488 5154 1799 5211 Commodo
1858 5153 1986 5208 Mart

2130 5154 2448 5224 nperatoris
2478 5153 2632 5209 lilio:
2667 5148 2879 5208 Ἔδωκε
2933 5150 2990 5206 δὲ
3023 5153 3137 5226 μετ’
3187 5152 3414 5225 ἐκεῖνον,
3474 5165 3581 5213 etc.
3614 5153 3762 5206 Nunc

350 5252 417 5288 ne
464 5241 580 5301 post
633 5239 864 5288 Marcum
917 5243 1118 5303 patrem
1181 5239 1326 5289 vobis
1388 5244 1602 5304 fortuna
1661 5241 1950 5305 principem
2006 5241 2167 5302 dedit,
2225 5255 2326 5290 non
2384 5241 2595 5306 quidem
2651 5239 2963 5305 ascililium,
3025 5241 3203 5306 quales
3258 5246 3376 5292 ante
3405 5259 3485 5294 me
3522 5246 3756 5308 fuerunt,

351 5332 512 5382 neque
566 5319 723 5368 veluti
778 5321 1038 5384 acquisita
1093 5319 1314 5385 imperio
1367 5321 1697 5384 gloriantem,
1757 5321 1948 5386 quippe
1999 5336 2130 5372 unus
2184 5336 2275 5385 ego
2307 5321 2445 5371 vobis
2493 5327 2662 5379 natus,
2717 5322 3068 5388 educatusque
3125 5325 3183 5373 in
3210 5323 3351 5385 aula,
3411 5338 3512 5374 non
3543 5324 3756 5388 quidem

345 5401 568 5462 privatis
627 5399 891 5449 obvolutus
945 5400 1147 5463 fasciis,
1205 5401 1384 5452 statim
1446 5417 1522 5451 me
1551 5404 1609 5451 ut
1667 5416 1731 5451 ea:
1759 5402 1872 5452 alvo
1925 5403 2241 5468 prodieram,
2302 5403 2639 5466 imperatoria
2692 5417 2927 5467 purpura
2985 5404 3224 5468 suscepit,
3253 5404 3504 5469 simulque
3557 5404 3638 5453 sol
3670 5403 3758 5453 ho-

348 5481 539 5528 minem
580 5494 658 5528 me
687 5481 842 5543 vidit,
870 5483 920 5529 et
945 5480 1253 5546 principem.
1290 5483 1359 5536 Et
1423 5483 1776 5539 Themistius
1830 5490 1972 5541 orat.
1995 5485 2048 5540 6.
2083 5485 2153 5539 de
2205 5483 2510 5539 Valentino
2536 5483 2786 5539 Gratiani
2845 5485 3204 5555 imperatoris
3261 5486 3472 5542 fratre:
3533 5487 3756 5558 Πρῶτος

348 5566 452 5642 γὰρ
481 5563 546 5636 δὴ
579 5567 715 5631 τὲως
761 5574 860 5637 τῆς
893 5565 1222 5641 εὐδαίμονος
1252 5565 1429 5634 οἰκίας
1458 5569 1880 5645 ἐσπαργανώθης
1912 5569 1963 5624 ἐν

2125 5568 2316 5647 ›ργίδι,
2375 5573 2598 5628 Primus
2642 5581 2825 5628 autem
2883 5576 3014 5629 tunc
3044 5575 3270 5646 inclyta:
3323 5575 3515 5631 domus
3542 5591 3757 5648 purpu-

348 5659 460 5713 reis
487 5658 767 5714 obvolutus
797 5663 878 5714 est
904 5658 1120 5730 fasciis.
1143 5659 1363 5716 Dicitur
1390 5668 1579 5717 tamen
1612 5660 1682 5717 de
1713 5659 1918 5718 Basilio
1947 5661 2206 5732 Juniore,
2239 5660 2338 5735 qui
2371 5661 2524 5719 circa
2554 5677 2770 5720 annum
2805 5663 3032 5720 Domini
3062 5663 3187 5733 977,
3219 5678 3353 5721 cum
3383 5663 3762 5724 Constantino

344 5747 890 5821 Porphyrogenneta
921 5749 1226 5823 imperium
1257 5750 1458 5808 tenuit.
