4140 6302
327 355 398 418 17
1795 364 2301 428 TESTIMONIA.
3667 363 3744 421 18

1048 515 1433 573 Ferdinandus
1467 519 1745 588 Ughellus,
1778 519 1954 576 Italiae
1986 535 2156 577 sacrae
2187 524 2320 576 tom.
2356 519 2450 590 Vl,
2489 535 2619 590 pag.
2651 518 2790 574 1049
2817 526 2868 574 et
2887 531 2996 590 seq.

393 597 760 666 Menologium
821 601 1177 661 Graecorum
1226 611 1387 676 jussu
1437 607 1634 664 Basilii
1691 609 1949 665 Junioris
1994 609 2139 680 imp.
2190 607 2806 680 Constantinopolitani
2855 613 2987 662 ante
3044 620 3263 661 annum
3303 605 3414 660 Sal.
3450 605 3560 659 984
3594 621 3736 661 con-

327 687 596 758 scriptum,
625 695 676 742 et
699 689 770 744 ad
797 690 988 748 ﬁdem
1021 694 1448 752 membranacei
1480 697 1692 754 codicis
1745 698 1998 755 Vaticani
2028 716 2059 753 a
2093 704 2255 754 Petro
2314 699 2558 753 Areudio
2608 697 2942 767 Corcyrensi
2992 695 3052 752 V.
3113 695 3174 766 Ο,
3235 695 3430 751 Latine
3477 710 3726 764 versum,

326 793 467 832 nunc
495 776 733 846 primum
766 779 963 836 edidit
998 783 1339 840 Fcrnandus
1375 785 1644 856 Ughellus
1673 788 1850 858 (Anno
1879 786 2094 844 scilicet
2125 788 2309 859 1659).

391 865 544 921 Liber
572 865 674 922 iste
695 865 964 937 Graecus,
990 871 1162 942 cujus
1197 872 1288 928 hic
1319 874 1502 930 versio
1532 873 1735 930 Latina
1762 873 2020 941 habetur,
2047 876 2209 945 jussu
2259 876 2396 931 olim
2453 873 2648 931 Basilii
2703 873 3252 945 Porphyrogennetae
3301 871 3556 928 Junioris
3585 873 3726 942 imp.

324 962 447 1011 ante
478 955 590 1011 fere
618 971 803 1012 annos
834 958 950 1012 684
1004 962 1364 1032 conscriptus
1394 962 1520 1032 fuit,
1552 963 1940 1035 ipsorumque,
1964 980 2199 1033 quorum
2246 965 2305 1021 in
2363 982 2428 1021 eo
2471 964 2672 1034 elogiis
2721 963 3106 1032 celebrantur,
3145 962 3406 1017 divorum
3451 962 3726 1031 imagini-

323 1043 421 1099 bus
447 1051 699 1112 ornatus,
733 1053 1067 1104 asservatur
1097 1050 1158 1106 in
1191 1049 1468 1107 Vaticana
1497 1053 1795 1122 pontiﬁcis
1826 1052 2058 1108 maximi
2087 1053 2432 1109 bibliotheca
2466 1070 2478 1108 :
2512 1054 2581 1109 de
2629 1068 2738 1124 quo
2784 1052 2864 1106 vir
2909 1051 2982 1106 cl.
3036 1058 3089 1106 et
3146 1050 3573 1106 eruditissimus
3622 1051 3727 1106 Leo

321 1135 556 1190 Allatius
601 1136 663 1191 in
718 1135 944 1192 dissert.
993 1137 1162 1210 prim.
1195 1142 1258 1196 de
1307 1140 1399 1196 lib.
1445 1142 1588 1198 Eccl.
1626 1141 1940 1199 ercorum
1971 1143 2173 1198 scribit
2218 1143 2280 1200 in
2321 1144 2442 1199 haec
2497 1142 2668 1198 verba
2701 1159 2714 1197 :
2749 1163 2776 1190 «
2834 1139 3216 1210 Menologium
3250 1140 3357 1196 hoc
3387 1155 3527 1195 auro
3563 1155 3724 1210 gem-

321 1224 536 1294 misque
567 1225 899 1298 pretiosius,
931 1228 1424 1300 Constantinopoli
1455 1231 1521 1286 ad
1557 1231 1910 1287 Ludovicum
1948 1232 2214 1288 Sfortiam
2263 1232 2397 1288 satis
2451 1230 2721 1287 muniﬁce
2764 1231 3083 1286 advectum.
3120 1252 3148 1280 ››
3190 1228 3403 1286 Caetera
3445 1233 3507 1284 ut
3557 1245 3727 1300 supra

319 1314 465 1385 apud
488 1315 764 1371 Allatium
783 1333 959 1389 usque
988 1317 1059 1373 ad
1089 1318 1272 1375 ﬁnem.
1308 1319 1498 1392 Pergit
1531 1320 1792 1390 Ughellus
1824 1337 1837 1376 :

385 1406 517 1460 Hasc
550 1405 687 1461 Leo.
719 1406 828 1462 Sed
861 1409 1013 1478 quod
1049 1409 1231 1478 magis
1251 1409 1434 1478 arguit
1457 1409 1845 1481 Men010gium
1883 1410 1993 1467 hoc
2023 1411 2303 1482 scriptum
2333 1411 2508 1467 fuisse
2539 1411 2734 1466 Basilii
2781 1410 3038 1466 Junioris
3079 1410 3266 1480 jussu,
3299 1416 3400 1477 est,
3462 1407 3615 1479 quod
3666 1409 3728 1463 in

319 1508 384 1548 eo
416 1493 476 1548 ﬁt
506 1496 726 1550 mentio
752 1496 824 1551 ad
859 1498 926 1550 17
957 1496 1195 1552 Kalend.
1227 1497 1482 1554 Januarii
1529 1506 1740 1556 sanctae
1787 1499 2256 1570 Theophanonis,
2318 1501 2513 1556 uxoris
2571 1500 2769 1571 primae
2822 1499 3023 1554 Leonis
3071 1498 3445 1568 imperatoris,
3503 1497 3720 1554 Basillii

321 1581 649 1639 Macedonis
679 1583 807 1654 ﬁlii,
840 1585 1201 1656 aliorumque
1230 1594 1587 1656 sanctorum,
1611 1590 1708 1661 qui
1729 1589 1897 1660 longe
1923 1597 2046 1660 post
2067 1588 2341 1645 Basilium
2374 1589 2736 1644 Macedonem
2784 1589 3061 1644 vixerunt.
3117 1586 3391 1642 Caeterum
3444 1601 3572 1640 cum
3625 1602 3726 1655 pe-

325 1687 427 1728 nes
457 1689 542 1728 me
570 1679 720 1729 esset
757 1675 884 1746 ipsa
914 1676 1143 1732 Arcudii
1176 1676 1362 1733 versio
1395 1677 1709 1748 originalis,
1747 1679 1959 1750 placuit
1988 1678 2050 1734 in
2081 1679 2322 1750 gratiam
2345 1695 2538 1735 rerum
2563 1677 3075 1735 ecclesiasticarum
3108 1679 3429 1732 amatorum
3481 1675 3572 1732 hic
3597 1691 3724 1731 eam

320 1761 608 1830 exhibere,
631 1762 716 1818 Tu
751 1763 1006 1830 interim,
1038 1765 1281 1822 candide
1312 1769 1532 1834 Lector,
1569 1770 1725 1823 utere
1753 1775 1808 1824 et
1835 1767 1980 1822 vale.

1047 1853 1412 1911 Bollandiani
1436 1857 1573 1912 socii
1592 1857 1653 1912 in
1675 1859 1832 1913 Actis
1863 1863 2187 1913 sanctorum
2220 1861 2354 1924 tom,
2389 1859 2412 1913 Ι
2443 1855 2651 1926 Martii,
2683 1871 2810 1928 pag.
2854 1855 2979 1910 861.

385 1941 611 2012 Integra
643 1941 853 1998 habere
899 1943 1223 1999 curavimus
1254 1944 1609 2014 praclariora
1655 1947 1766 2001 duo
1818 1945 2176 2015 Menologia;
2228 1960 2470 2016 quorum
2525 1961 2703 2002 unum
2749 1961 2818 2001 ex
2873 1944 3114 2015 collegio
3169 1943 3456 2000 societatis
3508 1950 3714 1999 nostras

313 2034 760 2090 Claromontano
807 2033 1039 2089 Parisiis
1085 2035 1414 2106 accepimus
1464 2040 1662 2092 mutuo
1693 2053 1707 2105 ;
1739 2037 1978 2094 alterum
2009 2036 2216 2108 partim
2256 2053 2327 2093 ex
2357 2053 2497 2093 mss.
2533 2035 2861 2094 monasterii
2909 2039 3125 2106 Crypta
3165 2039 3407 2091 Ferrataa
3437 2035 3497 2090 in
3522 2035 3719 2102 Latio;

311 2123 524 2194 partim
555 2139 626 2178 ex
673 2123 1034 2179 Bibliotheca
1081 2122 1372 2180 Vaticana
1401 2126 1595 2182 codice
1647 2126 1952 2182 transcribi
1975 2127 2274 2198 jussimus.
2333 2128 2513 2198 Atque
2573 2126 2679 2183 hoc
2713 2133 3058 2198 postremum
3091 2124 3232 2180 illud
3259 2131 3364 2195 est,
3395 2124 3556 2194 cujus
3601 2125 3722 2192 pri-

315 2246 463 2285 mam
517 2237 739 2301 partem
800 2231 1224 2299 elegantissime
1282 2230 1626 2304 descriptam
1681 2249 1714 2289 a
1762 2234 1942 2290 Paulo
1991 2235 2050 2291 S.
2101 2233 2336 2290 Caecilia;
2386 2233 2667 2291 cardinali
2731 2233 3058 2297 Siondrato,
3113 2231 3294 2288 Paulo
3341 2231 3406 2299 V,
3460 2227 3719 2301 pontiﬁci

315 2321 586 2388 maxime,
611 2321 764 2376 dono
793 2321 1010 2390 datum,
1043 2328 1095 2377 et
1126 2337 1158 2376 a
1206 2320 1371 2377 Petro
1419 2322 1670 2379 Arcadio
1729 2323 1926 2379 Latine
1973 2324 2480 2390 redditum,Italicc
2509 2339 2680 2378 sacra:
2705 2330 2839 2384 tom,
2870 2321 2969 2390 ιν,
3003 2321 3290 2377 subtexuit
3322 2319 3721 2376 Ferdinandus

319 2409 629 2477 Ughellus:
681 2415 911 2479 questus
957 2409 1197 2465 alteram
1249 2410 1423 2466 latere
1479 2411 1758 2467 incertum
1812 2412 2162 2483 quibusnam
2212 2413 2272 2468 in
2322 2413 2530 2480 caveis,
2582 2419 2679 2468 aut
2719 2412 3010 2468 communi
3060 2411 3202 2466 forte
3232 2409 3510 2465 librorum
3543 2416 3717 2475 sorte,

313 2500 440 2568 igne
472 2504 570 2553 aut
629 2497 798 2569 ferro,
848 2499 930 2554 vel
993 2499 1306 2569 impiorum
1379 2507 1476 2555 aut
1550 2501 1860 2556 otiosorum
1919 2502 2239 2572 hominum,
2304 2503 2389 2558 vel
2445 2503 2859 2558 elementorum
2925 2500 3132 2571 injuria
3191 2500 3416 2555 desrise.
3511 2501 3722 2553 Verum

315 2605 430 2644 non
462 2589 791 2643 latitantem
819 2588 878 2643 in
904 2588 1123 2656 caveis;
1183 2589 1281 2644 sed
1313 2590 1382 2644 ad
1415 2589 1591 2644 divini
1621 2589 1796 2646 ofﬁcii
1845 2606 2014 2646 usum
2059 2599 2136 2647 tot
2191 2598 2327 2664 quot
2366 2592 2490 2662 ipsa
2523 2591 2920 2662 complectitur
2977 2588 3274 2646 mensibus
3309 2606 3342 2643 a
3384 2587 3586 2643 Martio
3645 2587 3717 2642 ad

312 2677 661 2746 Septembris
684 2677 912 2732 initium
935 2678 1296 2746 servientem,
1329 2678 1643 2749 reperimus
1676 2680 1735 2734 in
1769 2682 2182 2750 praanominato
2229 2682 2644 2738 monachorum
2703 2680 3124 2736 Basilianorum
3181 2678 3562 2734 monasterio:
3600 2692 3717 2732 non

317 2767 546 2836 quidem
578 2766 1110 2835 paricharacterum
1161 2767 1440 2835 elegantia
1469 2775 1523 2822 et
1572 2768 1918 2838 picturarum
1966 2770 2036 2824 ad
2095 2771 2352 2841 singulas
2403 2771 2640 2842 paginas
2688 2770 2908 2826 deliciis
2965 2775 3300 2824 exornatam
3360 2766 3608 2838 (qualem
3657 2766 3717 2820 in

319 2854 596 2911 Vaticano
640 2870 782 2921 esse,
816 2857 964 2911 sicut
994 2855 1339 2922 audivimus,
1383 2856 1764 2928 legimusque,
1821 2857 1902 2912 sic
1954 2865 2007 2912 et
2063 2857 2356 2930 vidimus),
2415 2860 2512 2915 sed
2569 2859 2905 2929 antiquitate
2955 2858 3065 2914 ﬁde
3122 2856 3306 2913 nihilo
3359 2856 3715 2924 inferiorem,

321 2945 690 3015 eumdemque
723 2944 1282 3013 Basiliimperatoris
1315 2944 1547 3002 titulum
1605 2947 2034 3016 praeferentem:
2107 2954 2164 3002 ut
2213 2947 2364 3004 hanc
2407 2947 2693 3004 Vaticanis
2746 2947 2903 3002 illius
2954 2947 3128 3018 partis
3158 2947 3204 3001 si
3237 2961 3352 3001 non
3385 2959 3717 3014 germanam

318 3032 579 3098 alteram,
607 3033 679 3088 ab
710 3034 916 3088 eadem
951 3049 1126 3088 manu
1159 3034 1312 3090 velut
1342 3041 1502 3090 utero
1526 3043 1883 3106 prognatam,
1915 3041 2069 3092 certe
2097 3039 2387 3107 genuitam
2419 3053 2485 3093 ex
2528 3043 2683 3106 patre
2716 3043 2882 3106 atque
2911 3043 3138 3091 auctore
3189 3033 3412 3102 eodem,
3462 3040 3579 3086 tum
3610 3046 3718 3087 cas-

317 3121 727 3191 terisindiciis,
760 3125 880 3176 tum
916 3122 1045 3191 styli
1076 3122 1492 3192 perfectissima
1539 3123 1939 3190 similitudine,
2001 3124 2147 3180 nihil
2203 3124 2528 3181 haesitantes
2565 3125 2950 3180 crederemus.
3004 3124 3084 3178 Ex
3118 3123 3220 3180 hac
3254 3121 3427 3190 igitur
3464 3137 3724 3178 mensem

317 3212 588 3283 primum,
622 3211 678 3265 id
712 3217 817 3280 est,
853 3211 1119 3267 Martium
1175 3211 1266 3267 hic
1308 3212 1511 3268 damus
1566 3213 1626 3268 in
1682 3213 1972 3284 specimen
2029 3213 2478 3286 Menologiorum
2527 3222 2858 3295 creterorum
2891 3213 3168 3269 omnium.
3194 3213 3285 3267 Est
3315 3211 3474 3268 enim
3507 3212 3726 3266 caeteris

316 3319 438 3373 qua:
469 3302 716 3357 vidimus
747 3302 1015 3357 omnibus
1045 3301 1322 3358 illustrior
1345 3302 1466 3358 haec
1504 3303 1786 3371 collectio,
1820 3305 2289 3375 auctoritatisque
2312 3306 2575 3377 majoris;
2598 3322 2664 3361 eo
2717 3305 2863 3376 quod
2911 3321 3026 3361 non
3067 3303 3289 3374 privato
3345 3303 3587 3372 alicujus
3630 3317 3720 3356 ar-

315 3390 483 3448 bitrio
514 3391 840 3461 compilata,
898 3392 995 3446 sed
1042 3392 1101 3446 in
1149 3391 1380 3462 publico
1431 3393 1812 3448 Ecclesiarum
1853 3395 2608 3464 ConstantinOpolitanarum
2673 3411 2776 3450 usu
2818 3395 2994 3450 fuisse
3045 3393 3346 3448 videatur:
3381 3407 3511 3449 cum
3556 3393 3717 3460 jussu

318 3479 512 3535 Basilii
545 3479 905 3548 imperatoris
926 3479 1409 3550 Porphyrogeniti
1460 3490 1594 3538 ante
1647 3498 1861 3538 annum
1908 3483 2111 3540 salutis
2160 3484 2288 3552 984,
2328 3500 2452 3540 esse
2503 3490 2727 3541 exarata
2767 3491 3161 3554 cognoscatur.
3195 3484 3278 3537 An
3309 3482 3496 3552 prima
3524 3482 3582 3536 in
3614 3480 3722 3535 hoc

317 3569 709 3641 genere?non
755 3569 1030 3626 audemus
1066 3570 1378 3627 divinando
1421 3587 1672 3627 asserere
1722 3589 1742 3627 :
1801 3574 2015 3628 nedum
2060 3573 2322 3644 delinire,
2369 3577 2581 3645 quanto
2605 3574 2675 3630 sit
2715 3573 3163 3644 Menologiorum
3199 3587 3331 3626 usus
3363 3570 3423 3626 in
3463 3568 3718 3624 Ecclesia

321 3663 516 3715 Greca
545 3657 758 3714 saeculo
785 3658 904 3728 jam
936 3657 1229 3714 nominato
1258 3659 1536 3729 anterior,
1569 3668 1680 3716 etc.

382 3748 759 3818 Synaxarium
786 3763 855 3803 ex
885 3747 1204 3818 Menologio
1226 3749 1393 3818 jussu
1425 3749 1622 3804 Basilii
1648 3749 2009 3820 imperatoris
2056 3751 2320 3820 collecto,
2361 3751 2526 3821 cujus
2577 3767 2670 3806 sex
2706 3750 2976 3821 postremi
3036 3763 3265 3804 menses
3322 3752 3548 3802 exstant
3600 3761 3720 3800 ma-

321 3836 598 3907 nuscripti
629 3835 691 3889 in
722 3836 1064 3890 monasterio
1097 3835 1315 3904 Gryptas
1339 3835 1574 3890 Ferratat
1606 3837 1667 3891 in
1696 3837 1878 3901 Latio,
1909 3844 2012 3892 etc.

317 3925 535 3973 Joannes
593 3922 914 3984 Ciampinus,
969 3923 1024 3971 in
1080 3921 1216 3970 libro
1271 3923 1358 3972 cui
1419 3923 1628 3984 titulus,
1661 3924 1704 3972 ll
1764 3923 2030 3974 Giornale
2101 3925 2182 3974 de’
2208 3925 2478 3984 Letterati,
2512 3924 2679 3974 editio
2712 3925 2874 3972 Romae
2904 3937 3039 3972 anno
3075 3922 3212 3983 t616,
3251 3923 3306 3972 in
3333 3921 3501 3986 primo
3531 3920 3721 3970 Diario

376 3996 569 4044 mensis
633 3993 832 4057 Aprilis
888 3994 1116 4057 ejusdem
1172 3993 1322 4054 anni,
1378 4009 1493 4043 cum
1552 3997 1681 4044 Acta
1731 3999 2024 4046 sanctorum
2074 3997 2273 4058 Aprilis
2326 3997 2540 4046 collecta
2571 3999 2621 4045 et
2676 3995 3007 4045 illustrataa
3041 3993 3326 4056 Galle/ride
3369 3993 3702 4048 Hense/tertio,

373 4070 421 4117 et
454 4063 671 4114 Daniel:
698 4063 1044 4129 Papebrochie
1073 4065 1185 4114 Soc.
1216 4065 1332 4114 Jesu
1361 4065 1630 4126 retulisset,
1664 4066 1726 4114 de
1759 4068 2051 4116 Grecorum
2086 4068 2378 4131 Menologio
2408 4068 2517 4117 haec
2542 4067 2817 4130 subiungit
2843 4082 2961 4130 pag.
2999 4067 3039 4114 8
3072 4081 3092 4115 :

386 4148 474 4202 Ma
497 4152 848 4218 sepratutto,
880 4163 912 4200 a
941 4152 1135 4216 questo
1166 4147 1454 4217 proposito
1487 4163 1603 4202 non
1656 4164 1686 4202 e
1744 4149 1817 4203 da
1858 4149 2068 4204 tacerci
2107 4165 2266 4204 come
2324 4149 2386 4205 in
2445 4151 2626 4221 quest’
2683 4165 2856 4218 opera
2905 4149 2951 4202 si
2984 4152 3252 4216 rapporta
3277 4163 3378 4216 per
3426 4148 3709 4200 extensum

324 4235 642 4305 l’originale
672 4234 849 4290 Greco
892 4233 984 4288 del
1019 4249 1170 4289 mese
1201 4234 1256 4288 di
1283 4234 1472 4306 Aprile
1499 4235 1552 4289 di
1581 4250 1656 4290 un
1687 4235 2086 4293 antichissimo
2115 4238 2432 4307 Menologio
2465 4246 2680 4293 trovato
2703 4237 2796 4293 nel
2827 4237 3168 4293 monasterio
3200 4235 3257 4289 di
3317 4234 3515 4290 Grotta
3577 4235 3706 4288 Fer-

317 4333 452 4380 rata.
483 4323 760 4380 Contienc
782 4326 988 4393 questo
1018 4322 1036 4378 i
1065 4322 1229 4378 Santi
1249 4322 1307 4378 di
1338 4323 1446 4379 soli
1469 4324 1550 4378 sei
1584 4325 1752 4392 mesi,
1774 4326 2180 4382 cominciando
2201 4327 2276 4383 da
2305 4331 2489 4384 Marzo
2520 4327 2637 4383 ﬁno
2669 4344 2702 4382 a
2733 4335 2873 4382 tutto
2902 4333 3108 4396 Agosto
3146 4342 3161 4395 ;
3196 4340 3286 4379 ma
3324 4325 3376 4378 Ia
3408 4339 3723 4379 mancanza

319 4414 463 4486 delg’
490 4414 626 4469 altri
658 4414 738 4468 sei
772 4428 889 4468 non
923 4412 1115 4483 toglie,
1146 4413 1275 4467 anzi
1297 4428 1558 4470 accresce
1587 4414 1626 4468 il
1661 4416 1887 4486 preggio
1943 4414 2033 4472 del
2075 4432 2207 4488 ms.,
2245 4416 2448 4487 poiche
2506 4417 2662 4472 nella
2704 4416 2978 4471 Vaticana
3008 4416 3056 4470 si
3094 4427 3450 4469 conservano
3477 4429 3509 4467 α
3536 4421 3714 4482 punto

319 4503 496 4573 quegl’
523 4501 655 4557 altri
684 4501 767 4557 sei
818 4501 982 4567 mesi,
1032 4501 1138 4557 cbe
1195 4516 1480 4557 mancano
1533 4518 1634 4572 per
1677 4504 1922 4560 renders
1981 4503 2175 4560 l’anno
2227 4504 2455 4572 intiero,
2507 4505 2630 4561 fatti
2690 4505 2932 4563 scaivere
2955 4504 3086 4559 d’all
3122 4502 3478 4571 imperadore
3510 4500 3718 4557 Basilio

319 4589 724 4660 Porﬁrogenito
752 4590 1008 4655 iuniore,
1042 4605 1072 4645 θ
1109 4589 1391 4645 traslatati
1420 4591 1511 4645 dal
1545 4590 1726 4647 Greco
1757 4593 1831 4647 da
1862 4592 2046 4648 Pictro
2076 4594 2350 4650 Areudio.
2385 4593 2510 4649 Non
2547 4593 2590 4648 si
2625 4609 2720 4649 era
2750 4594 2806 4648 di
2843 4597 2991 4648 tutta
3050 4597 3250 4661 questa
3303 4604 3491 4644 nuova
3551 4593 3715 4658 parte

322 4679 522 4736 bavuto
553 4694 654 4749 per
681 4677 978 4733 l’addietro
1011 4677 1218 4734 notizia
1246 4693 1459 4734 veruna
1489 4696 1508 4733 :
1539 4681 1687 4736 onde
1720 4680 2049 4750 Monsignor
2082 4681 2270 4738 Leone
2299 4682 2507 4738 Allazio
2541 4683 2596 4736 la
2651 4682 2818 4738 crede
2861 4679 2952 4737 del
3003 4683 3144 4735 tutto
3192 4679 3474 4745 smarrita,
3531 4693 3562 4734 e
3605 4676 3716 4732 l’U-

320 4769 509 4841 gbelli,
543 4769 636 4824 nel
671 4767 783 4823 line
813 4767 903 4823 del
935 4774 1081 4824 seslo
1110 4771 1265 4823 tomo
1288 4767 1420 4823 dcll’
1449 4769 1613 4824 Italia
1641 4770 1832 4837 Sacra,
1865 4785 1967 4825 ove
2023 4776 2289 4841 rapporta
2331 4771 2386 4826 la
2436 4771 2766 4827 traduzione
2797 4769 2934 4824 delli
2980 4769 3062 4824 sei
3110 4769 3252 4824 mesi
3301 4767 3388 4822 del
3431 4767 3720 4837 Menolo—

327 4861 416 4931 gio
435 4858 729 4922 Vaticano,
764 4857 811 4912 si
843 4856 1013 4912 duole
1046 4855 1212 4912 anch’
1244 4872 1369 4912 esse
1398 4857 1549 4914 dello
1579 4859 1982 4914 smarrimento
2013 4860 2070 4915 di
2116 4861 2162 4914 si
2201 4859 2347 4915 bella
2403 4860 2694 4916 memoria.
2747 4858 2918 4915 Molle
2963 4861 3152 4928 percio
3183 4860 3228 4913 si
3261 4860 3399 4914 deve
3429 4859 3482 4913 al
3513 4858 3720 4928 Signor

326 4948 596 5004 canonico
624 4948 787 5002 Grov.
817 4945 1146 5000 Faaucesco
1178 4947 1405 5016 Annam,
1439 4945 1641 5016 poiche
1661 4948 1770 5015 ein
1802 4947 2072 5004 trasmise
2103 4947 2212 5019 agl’
2253 4950 2437 5005 autori
2484 4949 2538 5004 la
2582 4949 2894 5004 tralazioae
2941 4947 3147 5002 Latina
3186 4948 3242 5002 di
3297 4946 3470 5016 quest’
3507 4947 3708 5002 ultimo

323 5055 427 5093 ms.
459 5045 511 5093 et
540 5040 743 5092 attesta
764 5049 951 5090 essere
972 5033 1032 5089 in
1065 5037 1208 5089 tutto
1230 5033 1612 5104 somigliante,
1648 5035 1739 5091 nel
1772 5039 2070 5104 carattere,
2126 5037 2279 5093 uella
2310 5037 2492 5092 forma
2522 5052 2552 5092 e
2582 5037 2915 5106 nellafrase,
2940 5036 2992 5091 al
3027 5034 3320 5092 Vaticano.

326 5216 493 5277 Petri
533 5215 776 5276 Possini
824 5232 855 5273 e
911 5219 1054 5276 Sor.
1113 5211 1254 5272 Jesu
1312 5212 1595 5294 Epistola
1653 5215 1961 5356 θιᾶαιςεαὲϐαι

1763 5315 1815 5355 ιε

2080 5235 2324 5357 cuine;ng
2380 5217 2767 5279 Franciscum
2827 5213 3137 5276 Albanum
3221 5219 3454 5294 scripta
3514 5214 3715 5274 Roma

1763 5315 1815 5355 ιε
1850 5315 1926 5356 ΖΟ
1969 5315 2091 5358 uec
2139 5315 2316 5358 1001.

329 5393 541 5466 Εὖγενεῖ
565 5390 657 5446 καὶ
717 5387 1068 5461 Φιλομούσῳ
1102 5387 1366 5461 μειρακίῳ
1397 5388 1613 5457 Ἰωάννῃ
1641 5391 1964 5466 Φραγκίσκῳ

2081 5395 2260 5449 Nobili
2311 5411 2375 5449 ac
2433 5394 2671 5449 studioso
2728 5391 3128 5447 adolescentulo
3179 5392 3386 5445 Joanm'
3425 5393 3716 5446 Francisco

391 5487 467 5552 τῷ
525 5473 809 5550 Ἀλϐίνῳ,
867 5479 1067 5552 Πέτρος
1129 5481 1386 5539 Ηοσσῖνος
1435 5477 1494 5532 ἐκ
1547 5484 1644 5545 τῆς
1703 5478 1966 5556 ἑταιρείας

1942 5503 1966 5544 ς
2218 5484 2452 5551 Albano,
2485 5486 2675 5538 Petrus
2707 5486 2972 5538 l’ossimus
3002 5483 3124 5547 Soc,
3155 5483 3283 5535 Jesu
3310 5483 3365 5536 S.
3399 5482 3464 5536 P.
3506 5484 3571 5535 D.

394 5574 489 5625 τοῦ
521 5571 724 5638 Ἰησοῦ,
758 5567 970 5641 χαίρειν
995 5566 1083 5621 καὶ
1115 5564 1171 5621 εὖ
1200 5567 1475 5641 πράττειν.

395 5657 665 5730 Θαυμάζω
749 5675 807 5709 σε
859 5661 962 5724 τῆς
1047 5653 1262 5732 εὐφυΐαις
1330 5655 1421 5708 καὶ
1479 5656 1820 5732 φιλοπονίας,
1881 5659 1966 5722 αἷς

2147 5662 2422 5718 Admiror
2451 5663 2744 5735 egregiam
2777 5660 3039 5716 indolem
3071 5676 3137 5714 ac
3169 5659 3490 5730 solertiam,
3525 5658 3714 5731 quain

325 5746 629 5824 ἐγκείμενος
659 5743 736 5807 εἷς
771 5740 1002 5818 μελέτην
1050 5749 1150 5814 τῆς
1201 5741 1534 5815 Ἑλληνικῆς
1567 5745 1850 5821 γλώσσης,
1885 5745 1960 5812 εἷς

2077 5752 2288 5808 Graecas
2345 5753 2562 5826 linguae
2615 5752 2876 5808 studium
2929 5747 3276 5804 incumbens
3320 5764 3510 5819 usque
3568 5746 3712 5802 adeo

323 5834 483 5894 τόσαν
515 5827 889 5913 προϐέϐηκας,
947 5831 1083 5890 ὥστε
1113 5833 1177 5889 οὔ
1207 5833 1454 5921 καθαρῶς
1508 5835 1596 5892 καὶ
1659 5835 1958 5912 ἀμέμπτως

2076 5841 2392 5914 profecisti,
2423 5846 2621 5900 utnon
2640 5843 2829 5899 solum
2843 5855 2989 5914 pure
3008 5835 3458 5909 emendateque,
3475 5835 3580 5891 sed
3592 5833 3711 5890 ele-
