4140 6302
387 405 464 467 19
1706 399 2101 462 MENOLOG]

2183 400 2385 462 PARS
2429 405 2480 464 Ι.
3720 403 3803 463 20

395 539 608 610 ganter
640 535 818 591 etiam
850 538 1176 606 ornateque
1206 533 1437 589 litteras
1463 549 1532 590 ea
1558 533 1762 606 lingua
1790 533 2045 589 conscri-
2070 538 2101 604 Α

2161 533 2351 605 μόνον,
2385 531 2532 589 ἀλλὰ
2561 533 2804 608 κοσμίως
2860 554 2919 590 τε
2964 534 3055 589 καὶ
3107 532 3498 612 καλλιγράφως
3550 533 3800 590 ἐπιστέλ-

390 626 519 683 bas.
558 628 685 692 Qua
713 625 785 680 de
828 641 892 680 re
924 626 1007 680 ita
1036 624 1142 679 tibi
1191 625 1473 697 gratulor,
1504 628 1571 679 ut
1613 624 1683 679 de
1715 624 2043 679 amicorum

390 715 688 791 felicitate
720 719 779 770 et
808 719 967 770 recte
997 715 1169 770 factis
1200 714 1474 769 convenit
1501 713 1802 786 gratulari.
1843 716 2047 769 Moneo

397 823 633 880 quoque
658 812 717 861 et
746 807 1051 872 hortor,ne
1082 822 1116 860 a
1151 810 1270 861 tam
1301 805 1603 876 praeclaris
1635 804 1824 859 initiis
1855 804 2047 859 absis-

395 902 508 968 tas,
540 912 734 967 neque
760 895 1086 951 illustrium
1116 900 1431 966 parentum
1482 910 1646 966 spem
1687 893 1906 949 bonam
1931 893 2043 948 fal-

395 988 520 1056 las;
558 986 662 1042 sed
678 986 1126 1059 longanimitate
1160 989 1221 1040 et
1249 985 1470 1040 laboris
1500 984 1787 1056 patientia
1816 984 1888 1038 ad
1919 983 2037 1055 glo.

395 1078 521 1148 riae,
557 1093 736 1148 quam
759 1076 1008 1149 appetis,
1060 1076 1340 1130 verticem
1397 1074 1628 1130 evadas.
1689 1076 1909 1129 Novum
1940 1090 2045 1129 an-

398 1183 566 1235 num,
589 1183 767 1237 quem
797 1164 1165 1237 propediem,
1201 1165 1317 1219 Deo
1349 1164 1546 1233 dante,
1580 1163 1787 1218 inituri
1818 1179 2045 1231 sumus,

396 1255 810 1313 felicissimum
832 1255 938 1309 tibi
958 1252 1263 1325 adprecor.
1288 1255 1358 1308 Et
1374 1253 1656 1325 quoniam
1677 1252 1860 1308 veteri
1883 1269 2046 1308 more

403 1346 671 1403 solemne
694 1348 783 1399 est
811 1344 969 1400 circa
996 1343 1304 1399 Ianuarias
1326 1343 1620 1399 Kalendas
1647 1358 1898 1398 munera
1918 1342 2049 1396 mit-

2152 621 2265 678 λειν
2352 622 2528 698 ἐκείνῃ
2581 628 2650 697 τῇ
2709 621 2980 697 διαλέκτῳ
3014 664 3027 679 .
3099 623 3237 697 Ἐγὼ
3289 626 3417 699 γοῦν
3472 622 3558 679 ἐπὶ
3616 628 3698 697 τῷ
3743 645 3803 699 γε

2149 710 2503 786 συνήδομαι,
2564 713 2650 768 οἶα
2706 713 2899 787 πρέπει
2972 710 3294 784 συνήδεσθαι
3353 710 3799 788 ἀνδραγαθήμασι

2149 801 2238 856 καὶ
2295 804 2673 877 προτερήμασι
2760 808 2867 857 τῶν
2948 802 3147 877 φίλων⁸
3227 805 3471 876 παραινῶ
3555 799 3614 856 δὲ
3688 803 3800 876 ἅμα

2149 890 2239 944 καὶ
2269 889 2570 965 παρακαλῶ
2601 894 2675 965 μὴ
2722 889 2933 953 ἀτελεῖς
2988 890 3416 964 καταλιμπάνειν
3476 889 3620 946 οὕτω
3650 889 3798 960 λαμ-

2152 979 2293 1056 πρὰς
2349 980 2562 1056 ἀρχάς·
2630 980 2762 1055 μηδ’
2841 983 3043 1052 ἀπατᾷν
3106 981 3354 1056 χρηστὰς
3410 978 3636 1042 ἐλπίδας
3690 984 3798 1035 τῶν

2154 1076 2363 1145 σεμνῶν
2394 1072 2616 1148 γονέωψ
2676 1071 2804 1128 ἀλλ’
2853 1072 2930 1135 εἷς
2987 1069 3155 1141 τῆσδε
3206 1079 3307 1142 τῆς
3366 1070 3683 1147 ἐρασθείσης
3714 1091 3799 1125 σοι

2155 1158 2316 1234 δόξης
2348 1164 2533 1239 φθάνει
2565 1163 2662 1232 τὴν
2721 1163 2966 1240 κορυφὴν
3024 1158 3115 1216 διὰ
3174 1161 3553 1238 μακροθυμίας
3583 1161 3674 1216 καὶ
3706 1181 3804 1239 φε-

2156 1253 2423 1331 ρεπονίας,
2448 1254 2704 1330 Εὕχομαί
2747 1276 2833 1310 σοι
2889 1255 3285 1330 εὐτυχέστατον
3348 1255 3440 1310 τὸν
3470 1255 3588 1309 νέον
3621 1252 3802 1309 ἐνιαυ-

2153 1344 2245 1399 τὸν
2273 1343 2334 1399 οὗ
2398 1347 2514 1417 μεθ’
2564 1343 2807 1420 ὕστερον,
2867 1348 3001 1399 Θεοῦ
3055 1364 3118 1419 γε
3176 1341 3383 1414 δόντος,
3443 1338 3799 1418 ἐπιϐήσομεν

394 1438 545 1505 tere,
575 1450 683 1506 pro
711 1432 1068 1488 munusculo
1099 1449 1348 1488 aureum
1380 1433 1490 1488 hoc
1523 1431 1783 1506 Gregorii
1814 1432 2049 1488 Nazian-

401 1523 531 1579 zeni
564 1521 953 1579 tetrastichon
982 1522 1154 1578 mitto
1179 1539 1193 1577 :

2152 1434 2241 1489 καὶ
2276 1434 2349 1496 ὥς
2382 1432 2492 1488 ἔστι
2522 1432 2691 1489 πάλαι
2723 1433 2962 1507 νόμιμον
3020 1431 3175 1508 δῶρα
3203 1434 3436 1506 πέμπειν
3461 1438 3578 1496 τοῖς
3617 1431 3805 1510 φίλοις

2174 1521 2315 1598 ἀμφὶ
2363 1524 2461 1592 τήν
2512 1522 2809 1596 νουμηνίαν
2864 1527 2962 1578 τοῦ
3011 1521 3369 1599 Ἰανουαρίου,
3429 1520 3600 1593 ξενίου
3644 1519 3801 1592 δίκην

2153 1616 2389 1687 χρυσοῦν
2444 1613 2758 1687 Γρηγορίου
2812 1616 2909 1668 τοῦ
2963 1614 3337 1683 Ναζιανζηνοῦ
3386 1609 3653 1687 προσάγω
3706 1630 3799 1665 τε·

2152 1701 2463 1779 τράστιχον.

2231 1881 2480 1958 ’ᾼφωνον
2514 1875 2668 1958 ἔργον
2696 1885 2945 1958 κρεῖσσον
2977 1881 3258 1958 ᾀπράκτου
3289 1878 3481 1956 λόγου.

2231 1949 2359 2007 Βίου
2392 1954 2486 2026 μξν
2522 1949 3171 2026 οὐδεὶςγπώποθίύψῶθη
3206 1949 3357 2026 δίχα,

2224 2022 2402 2099 Λόγου
2436 2022 2494 2099 δὲ
2522 2023 2729 2099 πολλοὶ
2758 2022 3070 2099 τοῦῌκαλῶς
3089 2022 3461 2099 ψοφουμᾷνουδ

2225 2094 2300 2153 Οὐ
2319 2092 2426 2172 γὰρ
2459 2095 2802 2170 λαλούντων,
2835 2094 2891 2150 εὖ
2927 2092 3193 2172 βιούντων
3227 2092 3338 2165 δ”ή
3373 2092 3555 2169 χάρις.

578 1897 841 1979 germane
860 1897 1029 1979 inerti
1052 1901 1291 1979 praestat
1319 1896 1553 1979 elinguis
1574 1895 1760 1979 labor.
2078 1914 2127 1979 B

581 1969 718 2024 Nam
746 1983 901 2021 nemo
929 1968 1088 2023 rebus
1114 1970 1279 2037 gestis
1306 1967 1508 2036 absque
1537 1967 1762 2034 claruit,

580 2039 689 2095 Sed
716 2039 918 2109 absque
946 2040 1122 2094 verbis
1149 2039 1349 2094 multos
1385 2042 1541 2107 facta
1569 2040 1872 2107 sublevant,

585 2113 707 2167 Non
738 2117 813 2165 est
845 2111 1136 2181 loquentis,
1166 2128 1353 2167 verum
1378 2109 1592 2181 agentis
1627 2112 1836 2182 gratia.

2163 2250 2432 2328 Ἐῤῥωσο,
2458 2253 2692 2324 φιλτατη
2716 2251 2951 2332 κεφαλή.

2235 2345 2514 2419 Ῥώμηθεν
2548 2394 2564 2418 ,
2642 2342 2770 2420 ἕκτῃ
2851 2344 3129 2424 φθίνοντος
3233 2338 3566 2419 Δεκεμϐρίου
3601 2386 3616 2414 ,
3703 2338 3808 2398 ἔτει

2169 2435 2329 2509 «xti-

890 2770 2024 2940 MENOLOGII
2072 2806 2076 2810 λ

2160 2771 3330 2938 GR/ECOBUM

1744 3073 2055 3168 PARS
2110 3074 2492 3168 PRIMA

1314 3252 1370 3309 A
1414 3250 1679 3311 MENSE
1731 3251 2166 3317 SEPTEMBRI
2209 3255 2313 3317 AD
2358 3252 2891 3315 NOVEMBREM.

488 2289 642 2361 Vale,
673 2289 1063 2346 amicissimum
1100 2296 1284 2361 caput.

836 2400 1017 2454 Romae
1044 2414 1123 2454 vn
1151 2399 1276 2455 Kal.
1310 2400 1545 2455 Januar.
1577 2399 1863 2456 MDCLXI.

408 3589 450 3642 ‘I
499 3585 604 3642 Hic
632 3598 793 3639 nunc
824 3584 1027 3653 specta
1063 3584 1223 3637 recte
1254 3581 1357 3654 qui
1388 3581 1570 3652 vides,

411 3675 713 3747 Optimum
744 3687 892 3743 Opus
923 3687 992 3726 ex
1022 3671 1263 3743 optimis
1304 3672 1479 3727 rebus
1514 3690 1527 3727 :

412 3765 570 3835 Opus
635 3760 739 3816 Dei
794 3759 1287 3832 pulcherrimum,
1346 3760 1409 3816 in
1467 3767 1770 3834 stuporem
1820 3765 2058 3837 rapiens

1714 3859 1942 3911 mentes
1971 3873 1984 3911 :

1382 3894 1403 3901 -
1714 3870 1791 3909 me

414 3942 571 4011 Opus
602 3936 904 3992 delectans
935 3952 1172 3992 omnem
1206 3939 1416 3994 merito
1439 3853 1791 3996 creaturdm.

419 4031 605 4098 Supra
634 4025 792 4079 enim
821 4025 968 4096 ipse,
1002 4030 1070 4080 ut
1098 4026 1249 4080 Deus
1282 4032 1340 4081 et
1368 4028 1676 4097 Dominus,

2096 3590 2139 3657 C
2170 3586 2433 3642 Ἐνταῦτα
2460 3589 2552 3642 νῦν
2585 3586 2858 3659 σκόπησον
2891 3587 3067 3664 ὀρθῶς
3097 3588 3126 3642 ὁ
3159 3587 3398 3663 βλέπων,

2172 3677 2427 3751 Ἀριστον
2463 3673 2618 3752 ἔργον
2653 3676 2703 3747 ἐξ
2737 3677 2968 3752 ἀρίστων
3000 3678 3356 3751 πραγμάτων.

2164 3766 2367 3841 Ἔργον
2400 3769 2532 3821 Θεοῦ
2561 3763 2858 3821 κάλλιστον
2886 3765 3190 3837 ἐκπλῆττον
3224 3769 3437 3843 φρένας·

2164 3946 2368 4018 Ἔργον
2400 3944 2462 3997 τὸ
2492 3963 2691 4019 τερπου
2724 3949 2894 3998 πᾶσαν
2929 3943 3155 4008 είκότως
3183 3945 3374 4003 κτίσιν.

2168 4038 2314 4089 Ἂνω
2344 4034 2443 4108 γὰρ
2477 4032 2659 4105 αὐτὸς,
2695 4033 2769 4096 ὡς
2802 4032 2932 4095 Θεὸς
2959 4035 3050 4089 καὶ
3079 4035 3376 4107 Δεσπότης,

2166 4126 2414 4197 ’Ἃστρων
2448 4121 2693 4197 χορείαις
2729 4125 3086 4200 ζωγραφήσας
3117 4125 3211 4179 τὸν
3240 4124 3436 4194 πόλον,

2166 4219 2181 4233 .-
2340 4212 2367 4232 γ
2430 4208 2454 4229 ἢ
2501 4210 2551 4231 (ι
2642 4210 2687 4236 η-
2936 4210 2962 4222 ν
3051 4212 3064 4231 r

2186 4213 2283 4281 Ον,
2312 4232 2396 4266 οια
2428 4231 2603 4288 οερριν
2638 4212 2859 4281 εςέτεινε
2888 4232 2969 4285 τῳ
3001 4212 3172 4289 λογῳ,

2167 4299 2389 4374 Κόσμον
2418 4296 2678 4374 δᾳδουχεῖ
2707 4295 2969 4378 πανσὸφῳ
2992 4301 3294 4377 προμηθίᾳ

2166 4391 2227 4447 Ὁ
2251 4387 2307 4445 δὲ
2334 4393 2527 4445 τοῦτον
2559 4389 2843 4459 εἷκονίζων
2876 4395 2993 4452 τοῖς
3025 4391 3272 4465 τρόποις,

2169 4480 2328 4551 ’Λναξ
2362 4475 2504 4550 ὅλης
2537 4485 2639 4548 τῆς
2668 4485 2793 4555 γῆς,
2825 4477 2989 4549 ἥλιος
3019 4485 3121 4549 τῆς
3149 4482 3450 4559 πορφύρας,

2171 4567 2481 4635 Βασίλειος,
2513 4568 2575 4621 τὸ
2607 4567 2825 4642 θρέμμα
2854 4569 2956 4637 τῆς
2987 4565 3336 4644 ἁλουργίδας.

2171 4656 2487 4732 Κράτιστος,
2520 4655 2752 4729 ἀμφοῖν,
2785 4657 2875 4712 καὶ
2906 4657 3196 4733 τροπαίοις
3221 4658 3309 4715 καὶ
3341 4659 3552 4738 Αόγοις,

2169 4746 2255 4808 Ὠς
2283 4743 2451 4801 ἄλλον
2487 4742 2655 4807 ὅντως
2686 4744 2913 4820 οὐρανὸν
2943 4749 3128 4821 τεύξας
3166 4744 3388 4824 βίϐλον,

2172 4836 2265 4889 Ἐκ
2297 4832 2527 4910 δερρεων
2550 4838 2825 4905 ταθεῖσαν,
2855 4836 2928 4898 ὡς
2961 4834 3077 4911 ἔχει
3108 4839 3291 4915 φύσις,

2093 4961 2139 5025 D
2172 4923 2447 4998 Φὲρουσαν
2474 4923 2548 4986 ὡς
2583 4931 2876 5000 φωστῆρας
2911 4925 3145 4999 ὡραίους
3174 4928 3402 4992 τόπους·

2174 5016 2396 5087 Πρῶτον
2435 5011 2528 5085 μὲν
2560 5012 2723 5067 αὐτοῦ
2749 5017 2844 5068 τοῦ
2876 5017 3235 5090 Θεανορώπου
3263 5017 3464 5093 Λόγου,

418 4119 729 4172 Astrorum
753 4114 985 4169 choreis
1003 4113 1332 4186 depingens
1363 4116 1597 4188 caelum,

411 4204 598 4272 Quod,
633 4209 917 4274 tanquam
949 4201 1188 4274 pellem,
1213 4205 1479 4260 extendit
1507 4205 1703 4278 verbo,

416 4295 699 4351 Mundum
732 4292 991 4348 illustrat
1020 4292 1463 4364 sapientissima
1490 4297 1863 4368 providentia

416 4384 524 4451 Qui
554 4386 752 4439 autem
783 4381 941 4436 hunc
972 4380 1164 4436 modis
1188 4383 1487 4454 exprimit,

416 4476 537 4530 Rex
561 4471 742 4526 totius
774 4475 968 4540 terra),
998 4470 1087 4526 sol
1115 4486 1416 4543 purpuras,

418 4560 673 4617 Basilius
698 4559 1019 4615 fasciarum
1048 4559 1349 4631 alumnus,

425 4650 960 4709 Praestantissimus
1010 4650 1073 4705 in
1105 4656 1399 4721 utroque;
1441 4652 1698 4723 tropaeis,
1740 4659 1799 4709 et
1828 4656 2060 4728 verbis;

415 4744 718 4813 Tanquam
749 4739 1002 4795 alterum
1036 4745 1197 4797 certe
1228 4742 1465 4813 cwlum,
1495 4742 1722 4800 faciens
1746 4745 1988 4817 librum,

414 4836 498 4889 Ex
526 4831 784 4905 pellibus
816 4836 1147 4901 extensum,
1180 4833 1266 4887 uti
1297 4849 1358 4888 se
1392 4834 1574 4898 habet
1602 4841 1834 4906 natura,

416 4924 750 4988 Ferentem,
784 4919 943 4975 velut
967 4920 1308 4989 luminaria,
1341 4929 1618 4979 venustas
1640 4925 1884 4998 ﬁguras,

417 5013 683 5068 Primum
719 5009 960 5080 quidem
994 5009 1181 5081 ipsius
1208 5011 1308 5065 Dei
1341 5011 1603 5069 hominis
1638 5016 1807 5070 Verbi
1835 5033 1848 5084 ;

418 5100 641 5157 Deinde
673 5099 893 5165 Matris,
923 5115 1053 5168 quae
1086 5099 1213 5153 sine
1244 5100 1470 5156 semine
1500 5104 1740 5174 genuit;

419 5190 906 5262 Sapientumque,
936 5187 1385 5260 prophetarum,
1418 5191 1788 5263 angelorum,
1820 5195 2069 5252 archan-

1660 5282 1948 5353 [gelorum
1977 5302 1990 5354 ;

417 5371 465 5427 2
497 5366 969 5425 Orthodoxorum
1004 5382 1244 5420 omnem
1273 5366 1536 5425 laetiﬁcat
1573 5377 1836 5427 mentem
1874 5390 1886 5427 :

418 5461 685 5518 Delectat
715 5457 894 5512 simul
926 5474 1167 5512 omnem
1191 5459 1572 5530 jucunditate
1604 5464 1816 5522 visum.

419 5550 532 5606 Sed
564 5566 713 5620 quos
744 5547 985 5618 quidem
1018 5547 1250 5602 efﬁnxit
1271 5551 1572 5607 coloribus

420 5638 689 5695 Inveniat
709 5636 1083 5692 aaxiliatores
1116 5652 1323 5694 omnes
1345 5639 1405 5694 in
1435 5641 1708 5713 negotiis,

421 5730 755 5787 Conatuum
783 5726 1109 5799 adjutores,
1141 5728 1580 5787 commilitones
1609 5731 1669 5786 in
1692 5748 1905 5804 pugna.

2175 5101 2399 5156 Ἔπειτα
2429 5101 2656 5176 Μητρὸς
2686 5105 2784 5171 τῆς
2816 5102 3077 5173 τεκούσης
3108 5104 3386 5180 ἁσπόρως·

2175 5189 2391 5265 Σοφῶν,
2424 5194 2746 5265 προφητῶν,
2781 5192 3045 5267 ἀγγέλων,
3077 5193 3460 5270 ἀρχα-(γελῶν,

2175 5381 2293 5433 Τῶν
2327 5374 2631 5451 ὀρθοδόξων
2664 5383 2834 5433 πᾶσαν
2870 5380 3143 5458 εὐφραίνει
3178 5401 3361 5456 φρεναι

2174 5469 2373 5542 Τερπει
2409 5465 2467 5522 δὲ
2496 5471 2667 5522 πᾶσαν
2698 5467 3022 5542 τερπνότητι
3052 5471 3143 5525 καὶ
3172 5472 3313 5530 Οὲαν.

2176 5554 2337 5614 Ἀλλ’
2370 5555 2567 5631 οὕσπερ
2602 5556 2859 5612 εἰκόνισεν
2890 5557 2948 5613 ἐκ
2974 5563 3082 5615 τῶν
3116 5563 3450 5635 χρωμάτων,

2176 5642 2344 5720 Εὕροι
2380 5645 2618 5721 βοηθοὺς
2648 5648 2847 5708 πάντας
2873 5645 2932 5702 ἐκ
2958 5652 3068 5703 τῶν
3099 5650 3457 5725 πραγμάτων,

2178 5734 2417 5812 Κράτους
2450 5736 2763 5816 συνεργοὺς,
2797 5740 3125 5818 συμμάχους
3157 5740 3208 5797 ἐν
3240 5747 3359 5806 ταῖς
3394 5741 3624 5819 μάχαις,
