4132 6328
326 354 401 418 Si
1791 358 1968 419 SEP'l

2083 360 2277 424 IBER.
3675 372 3764 432 22.

326 490 519 546 Παθῶν
546 488 850 565 λυτρωτάς,
879 489 1263 565 φαρμακευτὰς
1282 494 1390 546 τῶν
1424 484 1616 546 νόσων

330 670 423 728 Ἐν
452 674 520 744 τῇ
550 669 722 746 κρίσει
749 668 924 726 πλεον
959 666 1017 726 δὲ
1046 671 1182 746 πρὸς
1200 670 1293 727 τὸν
1323 672 1600 742 Δεσπότην

329 760 574 835 Θερμοὺς
607 759 854 833 μεσίτας,
884 760 1177 835 προξένους
1210 760 1301 817 καὶ
1324 766 1424 829 τῆς
1463 760 1575 816 ἄνω

329 850 500 921 Δόξης
529 849 856 927 ἀφράστους,
887 850 981 905 καὶ
1012 854 1146 907 Θεοῦ
1176 850 1555 926 σκηπτουχίας

530 1003 855 1098 ΜΗΝΙ
935 1001 1792 1099 ΣΕΠΤΕΜΒΡΙΩ.

921 1180 1016 1233 ΕΝ
1044 1180 1132 1245 Tn
1164 1177 1387 1245 ΠΡΩΤῌ

828 1284 1006 1359 Ἀρχῆ
1052 1290 1154 1353 τῆς
1198 1280 1484 1342 Ἰνδίκτου.

394 1390 505 1457 Τὴν
556 1384 801 1444 ’ίνδικτον
862 1390 1103 1464 ἑορτάζει
1124 1392 1161 1459 ἡ
1190 1393 1288 1446 τοῦ
1319 1394 1458 1447 Θεοῦ
1515 1389 1839 1463 Ἐκκλησία,
1872 1391 1981 1447 ἀπὸ

328 1482 437 1535 τῶν
498 1479 768 1554 ἀρχαίων
848 1475 1265 1555 παραλαϐοῦσα,
1353 1477 1443 1535 διὰ
1523 1480 1586 1536 τὸ
1666 1480 1979 1555 νομίζεσθαι

328 1567 511 1643 ἀρχὴν
562 1569 697 1623 εἶναι
752 1573 855 1624 τοῦ
913 1568 1120 1645 χρόνου
1176 1569 1283 1625 ἀπὸ
1340 1568 1543 1642 ταύτης
1590 1572 1688 1639 τῆς
1746 1571 1977 1645 ἡμέρας.

334 1657 394 1712 Ἐ
490 1653 550 1711 δ’
596 1654 682 1677 ²¹“
891 1656 954 1713 λλ
1235 1658 1255 1712 ἰ
1313 1659 1327 1677 ⁸
1504 1662 1528 1674 “’
1686 1659 1700 1676 ‘
1784 1659 1798 1678 ’
1899 1661 1913 1679 ‘

398 1677 484 1711 πει
523 1679 558 1725 η
600 1677 835 1712 ινοικτον
931 1678 1142 1732 εγουσιν
1202 1678 1231 1713 ο
1336 1665 1583 1731 Ρωμαιοι
1640 1679 1741 1727 την
1773 1677 1977 1734 αρχην.

327 1747 418 1800 καί
473 1751 567 1802 τὸν
625 1747 882 1821 ὁρισμόν.
937 1753 1120 1804 Ἔστιν
1177 1747 1271 1803 οὖν
1326 1749 1415 1804 καὶ
1468 1753 1503 1819 ἡ
1564 1748 1754 1822 πρώτή
1798 1751 1980 1821 ἡμέρα

326 1837 424 1888 τοῦ
459 1829 838 1907 Σεπτεμϐρίου
868 1834 1040 1906 μηνὸς
1089 1834 1319 1909 ὁρισμὸς
1375 1836 1465 1891 καὶ
1523 1836 1670 1911 ἀρχὴ
1711 1839 1807 1890 τοῦ
1839 1835 1974 1893 ὅλου

324 1918 481 1985 ἔτους
516 1963 531 1979 .
587 1921 734 1979 Ἐπεὶ
793 1920 853 1978 δὲ
906 1925 1136 1997 Χριστὸς
1192 1924 1220 1978 ὁ
1279 1924 1408 1987 Θεὸς
1465 1926 1626 1997 ἡμῶν
1679 1922 1973 2000 βουληθεὶς

327 2010 697 2088 ἔπευλογῆσαι
726 2015 825 2083 τήν
857 2013 1038 2088 ἀρχὴν
1076 2017 1176 2068 τοῦ
1204 2013 1431 2089 χρόνου,
1465 2011 1679 2089 μᾶλλον
1735 2011 1793 2070 δὲ
1844 2010 1972 2071 ὅλον

322 2101 416 2155 τὸν
476 2100 702 2176 χρόνον,
756 2102 812 2156 ’ὸν
873 2102 1036 2164 αὐτὸς
1093 2103 1200 2178 πρὸ
1262 2105 1368 2158 τῶν
1428 2101 1640 2158 αἰώνων
1700 2101 1971 2177 ἐποίησεν,

325 2188 583 2258 εἰσῆλθεν
639 2189 716 2252 εἲς
800 2192 900 2260 τὴν
957 2192 1280 2266 συναγωγὴν
1356 2195 1463 2247 τῶν
1515 2189 1813 2247 Ἰουδαίων⁸
1884 2193 1974 2249 καὶ

328 2279 568 2353 ἰπεδὸθη
607 2284 758 2356 αύτῷ
792 2277 1011 2359 βιϐλίον
1065 2281 1289 2340 Ἡσαΐου
1345 2288 1442 2338 τοῦ
1498 2285 1809 2361 προφήτου.
1867 2285 1972 2343 Καὶ

327 2372 542 2445 ἀνοίξας
599 2373 751 2444 αὐτὸ,
811 2373 932 2448 εὗρε
985 2373 1077 2428 τὸν
1134 2374 1304 2428 τόπον
1361 2371 1498 2428 ὅπου
1548 2375 1615 2443 ἦν
1659 2375 1975 2449 γεγραμμέ-

334 2482 452 2517 νον·
514 2466 731 2535 Πνεῦμα
780 2462 976 2537 Κυρίου
1032 2463 1114 2516 ἐπ’
1170 2460 1307 2535 ἐμὲ,
1377 2462 1439 2517 οὗ
1497 2460 1691 2519 εἵνεκεν
1749 2462 1974 2539 ἔχρισὲ-

328 2572 396 2624 με
430 2570 445 2585 ο
506 2550 958 2626 εὐαγγελίσασθαι
1032 2556 1280 2626 πτωχοῖς
1363 2551 1667 2608 ἀπεσταλκὲ
1727 2572 1810 2626 με·
1872 2573 1977 2623 κη-

326 2640 482 2716 ρύξαι
540 2637 933 2715 αἶχμαλώτοις
989 2641 1217 2715 ἄφεσιν,
1276 2640 1366 2696 καὶ
1441 2640 1671 2719 τυφλοῖς
1744 2637 1974 2697 ἀνάϐλε-

324 2732 442 2804 ψιν·
498 2731 728 2785 καλέσαι
818 2729 1055 2785 ἐνιαυτὸν
1146 2729 1352 2807 Κυρίου
1424 2727 1627 2787 δεκτόν.
1683 2731 1781 2787 Καὶ
1835 2733 1975 2788 ἀπο·

321 2816 452 2880 δοὸς
496 2818 563 2874 τὸ
649 2813 872 2894 βιϐλίον
952 2822 1032 2890 τῷ
1109 2820 1364 2894 ὑπηρετῃ,
1423 2818 1704 2879 ἐκάθισεν.
1752 2822 1974 2877 Ἔκτοτε

322 2906 621 2983 ἐχαρίσατο
649 2909 788 2981 ἡμῖν
837 2912 959 2972 τοῖς
1014 2913 1362 2983 Χριστιανοῖς
1415 2910 1514 2978 τὴν
1568 2908 1722 2984 ἁγίαν
1779 2909 1970 2984 ἑορτὴν

317 2996 548 3068 ταύτην,
579 2998 647 3067 ἣν
702 2996 793 3052 καὶ
848 2996 1150 3074 προθύμως
1206 2996 1550 3074 ἑορτάζοντες
1607 2997 1975 3075 εὐχαριστοῦ-

324 3108 421 3160 μεν
454 3086 623 3159 αὐτῷ.

909 3179 985 3251 Τῇ
1017 3176 1153 3253 miti:
1184 3179 1387 3254 ἡμέρᾳ·

318 3285 536 3359 Ηντίμη
605 3304 703 3339 του
786 3282 938 3339 ὁσίου
992 3286 1233 3362 ηΠατρὸς
1313 3288 1476 3361 ἡμῶν
1570 3284 1797 3360 Συμεὼν
1874 3289 1971 3342 τοῦ

1007 3372 1296 3434 Στυλίτου.

396 3484 457 3535 '0
492 3483 647 3558 ἅγιος
705 3482 932 3555 Συμεὼν
991 3481 1202 3558 ἐγένετο
1260 3481 1366 3538 ἀπὸ
1423 3480 1784 3559 ’Δντιοχείας’
1850 3481 1971 3546 νέος

325 3570 386 3628 δὲ
418 3568 518 3641 ὢν,
572 3569 877 3647 προσετάγη
912 3573 1058 3647 παρὰ
1105 3575 1214 3627 τῶν
1271 3593 1472 3649 γονεων
1532 3573 1696 3628 αὐτοῦ
1756 3571 1968 3649 βόσκειν

321 3655 597 3735 πρόϐατα.
655 3661 926 3737 Ἀργήσας
964 3657 1021 3716 δὲ
1078 3682 1211 3716 ποτε
1268 3658 1357 3716 διὰ
1402 3662 1492 3717 τὸν
1548 3666 1822 3737 χειμῶνα,
1874 3666 1971 3718 τοῦ

328 3750 405 3820 μή
470 3746 687 3823 βόσκειν
745 3747 814 3802 τὰ
864 3743 1132 3823 πρόϐατα,
1191 3748 1431 3818 ἀπῆλθεν
1487 3748 1562 3812 εἷς
1614 3750 1716 3820 τὴν
1771 3748 1970 3821 ἐκκλη-

324 3837 441 3892 σίαν
471 3841 574 3892 τοῦ
635 3841 767 3892 Θεοῦ
825 3837 963 3910 πρὸς
1003 3837 1066 3892 τὸ
1097 3834 1363 3909 εὔξασθαι.
1422 3840 1528 3896 Καὶ
1584 3841 1721 3895 κατὰ
1777 3861 1969 3916 συγκυ-

319 3927 462 4000 ρίαν,
494 3924 699 3995 ἤκουσε
726 3930 825 3981 τοῦ
856 3925 1010 4003 ἁγίου
1042 3924 1383 4004 Εὐαγγελίου
1428 3927 1965 4003 ἀναγινωσκομένουο

317 4016 596 4092 Μακάριοι
630 4016 681 4069 οἱ
712 4015 932 4092 πτωχοὶ
977 4014 1057 4089 τῷ
1112 4017 1400 4091 πνεύματι,
1460 4016 1541 4073 ὅτι
1592 4016 1766 4073 αὐτῶν
1822 4016 1963 4073 ἐστιν

316 4107 351 4175 ἡ
415 4103 666 4181 βασιλεία
714 4108 823 4159 τῶν
909 4102 1150 4181 οὐρανῶν
1181 4125 1193 4137 ·
1266 4107 1354 4161 καὶ
1413 4106 1589 4181 ἀφῆκε
1637 4112 1814 4183 γονεῖς
1872 4106 1961 4162 καὶ

314 4195 511 4251 πάντα.
565 4193 663 4249 Καὶ
692 4192 935 4265 ἀπῆλθεν
962 4193 1040 4259 είς
1065 4195 1164 4265 τὴν
1227 4194 1446 4272 λαύρον,
1498 4198 1599 4268 τήν
1655 4196 1965 4273 λεγομένην

319 4281 562 4358 μάνδραν
598 4328 615 4353 ,
671 4284 761 4338 καὶ
817 4282 1025 4359 ἐγένετο
1084 4285 1325 4361 μοναχὸς
1383 4285 1469 4340 ἐπὶ
1526 4288 1624 4356 τῆς
1682 4286 1960 4362 βασιλείας

313 4381 551 4435 Λεοντος
580 4376 678 4428 τοῦ
714 4371 994 4447 Μεγάλου.
1051 4378 1222 4429 Ὀπου
1268 4373 1358 4429 καὶ
1404 4375 1467 4431 τὸ
1497 4378 1717 4452 πρῶτον
1747 4376 1959 4452 ἀγωνι-

310 4463 576 4535 σάμενος,
604 4462 694 4517 καὶ
727 4463 932 4526 πάντας
975 4461 1102 4526 τοὺς
1158 4462 1440 4540 μοναχους
1497 4464 1549 4521 ἐν
1604 4466 1799 4529 πάσαις
1828 4465 1960 4547 ἀφε-

304 4558 429 4615 ταῖς
487 4554 711 4624 νικήσας
745 4596 760 4622 ,
814 4552 905 4608 καὶ
952 4553 1016 4609 τὸ
1073 4557 1234 4627 σῶμα
1291 4556 1459 4610 αὐτοῦ
1519 4553 1590 4611 δι’
1642 4555 1957 4635 ἐγκρατείας

304 4643 683 4719 καταξηράνας
714 4665 728 4678 ·
777 4645 868 4700 καὶ
923 4643 1024 4721 γὰρ
1109 4643 1421 4716 ἐνήστευσεν
1500 4649 1710 4723 ἡμέρας
1763 4670 1957 4705 τεσσα-

305 4734 568 4808 ράκοντα,
592 4733 691 4796 τὰς
752 4733 846 4807 μὶν
897 4735 1099 4790 εἳκοσιν
1157 4735 1463 4809 ἱστάμενος,
1521 4736 1618 4803 τὰς
1677 4736 1734 4795 δὶ
1784 4737 1960 4807 εἴκοσι

303 4823 688 4896 καθεζόμενος,
747 4819 836 4879 διὰ
891 4824 982 4879 τὸν
1039 4822 1232 4882 κόπον.
1293 4826 1545 4900 Ὕστερον
1600 4827 1831 4899 ἀνῆλθεν
1865 4831 1952 4887 ἐπὶ

306 4910 505 4968 στύλον
547 4932 561 4944 ·
621 4910 713 4968 καὶ
775 4911 939 4988 μυρία
996 4912 1246 4987 θαύματα
1300 4917 1576 4990 ποιήσας,
1634 4918 1725 4974 καὶ
1786 4941 1954 4998 μεγας

1999 3239 2046 3308 C

2004 495 2061 563 Α
2089 498 2411 556 Pravorum
2439 500 2760 556 affectuum
2788 500 3143 568 frenatores,
3194 502 3539 561 morborum
3570 523 3742 565 cura-

3559 600 3722 653 tores

3559 600 3722 653 tores

2089 680 2155 733 In
2177 678 2405 751 judicio
2430 682 2631 736 autem
2656 680 2913 735 maxime
2944 680 3101 752 apud
3133 680 3450 737 Dominum
3531 595 3551 667 [
3733 642 3748 668 ,

2090 769 2367 825 Fervidos
2399 770 2783 838 mediatores,
2806 770 3336 843 conciliatoresque
3370 790 3645 846 superna)

2092 858 2304 914 Gloria;
2336 860 2625 929 occultos,
2662 864 2720 915 et
2748 859 2930 915 divini
2959 860 3193 932 imperii

2308 1003 2571 1100 ΜΕΝ
2582 1003 2731 1099 SE
2811 1003 3530 1101 SEPTEMBBI.

2720 1184 2840 1241 DIE
2876 1183 3110 1241 PRIMA

2566 1305 2614 1361 8
2644 1302 2873 1359 Initium
2902 1305 3247 1361 Indictionis.

2155 1428 2508 1486 Indictionis
2538 1428 2756 1485 festum
2788 1429 2947 1485 diem
2996 1430 3258 1486 celebrat
3311 1432 3415 1487 Dei
3447 1432 3733 1500 Ecclesia,

2084 1520 2405 1577 traditione
2439 1536 2474 1575 a
2507 1519 2837 1592 majoribus
2898 1525 3160 1592 accepta,
3192 1521 3349 1591 quod
3378 1521 3451 1577 ab
3501 1523 3610 1577 hac
3640 1522 3738 1577 die

2086 1610 2500 1667 existimarent
2529 1625 2658 1665 esse
2692 1611 2976 1680 temporis
3006 1610 3390 1682 principium,
3413 1627 3548 1666 cum
3575 1611 3737 1666 indi-

2086 1701 2346 1756 ctionem
2374 1702 2625 1756 Romani
2658 1699 2863 1754 dicant
2892 1699 3274 1771 principium,
3309 1704 3369 1755 et
3388 1700 3591 1756 ﬁnem.
3628 1702 3731 1756 Est

2082 1790 2263 1863 igitur
2292 1790 2420 1845 dies
2444 1788 2674 1861 primus
2704 1789 2931 1844 mensis
2958 1788 3339 1860 Septembris,
3372 1790 3515 1844 anni
3548 1790 3730 1845 totius

2004 1868 2053 1935 Β
2080 1878 2443 1951 principium
2474 1883 2533 1933 et
2561 1878 2717 1932 ﬁnis.
2753 1877 2866 1933 Sed
2912 1883 3226 1949 postquam
3274 1878 3544 1934 Christus
3579 1880 3729 1934 Deus

2084 1972 2280 2047 noster
2308 1968 2513 2023 volens
2540 1967 2893 2024 benedicere
2917 1968 3277 2041 principium
3299 1969 3605 2038 temporis,
3638 1952 3729 2023 τίει

2084 2059 2284 2131 potius
2313 2062 2504 2114 totum
2532 2063 2785 2129 tempus,
2818 2058 2978 2129 quod
3008 2058 3134 2129 ipse
3161 2063 3296 2114 ante
3328 2059 3546 2114 saecula
3574 2059 3729 2114 fece-

2082 2153 2195 2217 rat,
2228 2147 2529 2221 ingressus
2560 2152 2651 2203 est
2679 2163 3034 2221 synagogam
3064 2148 3422 2215 Judaaorum,
3448 2148 3732 2204 traditus-

2084 2254 2199 2310 que
2230 2242 2321 2294 est
2349 2237 2403 2293 ei
2432 2236 2584 2293 liber
2611 2238 2776 2292 Isaias
2808 2237 3128 2308 prophetae,
3170 2253 3358 2309 eoque
3398 2244 3601 2308 aperto
3634 2239 3724 2293 in-

2083 2328 2246 2384 venit
2289 2328 2488 2384 locum
2531 2326 2631 2382 ubi
2664 2326 2950 2398 scriptum
3004 2332 3160 2382 erat:
3224 2328 3465 2397 Spiritus
3512 2328 3733 2383 Domini

2084 2434 2249 2488 super
2274 2434 2357 2472 me
2387 2434 2400 2470 :
2412 2421 2711 2487 propterea
2739 2419 2902 2471 unxit
2929 2433 3033 2483 me,
3059 2414 3439 2485 evangelizare
3463 2417 3732 2487 pauperi-

2088 2508 2183 2562 bus
2240 2508 2390 2562 misit
2426 2523 2531 2574 me,
2590 2506 2905 2576 pradicare
2953 2508 3187 2576 captivis
3231 2507 3622 2573 remissionem,
3679 2513 3731 2562 et

2084 2599 2245 2654 caecis
2272 2595 2470 2664 visum,
2502 2612 2697 2651 vocare
2727 2612 2934 2651 annum
2983 2597 3199 2651 Domini
3249 2596 3638 2665 acceptabilem
3672 2600 3688 2633 ί
3715 2613 3729 2652 :

2085 2691 2145 2742 et
2172 2686 2429 2742 reddens
2459 2685 2678 2740 librum
2710 2686 3012 2752 ministro,
3041 2684 3231 2754 sedit;
3265 2703 3336 2741 ex
3367 2701 3435 2741 eo
3464 2691 3729 2757 tempore

2084 2776 2259 2832 nobis
2288 2775 2641 2831 Christianis
2672 2780 2962 2830 sacratam
2995 2775 3149 2831 hanc
3171 2774 3577 2833 celebritatem
3605 2775 3726 2831 lar-

2084 2865 2238 2938 gitus
2270 2868 2378 2935 est,
2410 2881 2590 2936 quam
2613 2865 2793 2920 alacri
2835 2865 3035 2921 animo
3089 2869 3459 2937 peragentes,
3509 2866 3725 2937 gratias

2084 2953 2279 3012 eidem
2309 2953 2617 3011 habemus.

2716 3257 2938 3314 Eodem
2969 3257 3085 3315 die.

2152 3409 2203 3462 4
2233 3404 2499 3462 Memoria
2521 3405 2700 3461 sancti
2744 3406 2929 3461 Patris
2984 3407 3163 3461 nostri
3189 3406 3457 3461 Simeonis
3487 3404 3719 3475 Stylitae.

2153 3611 2365 3669 Sancto
2396 3611 2657 3669 Simeoni
2688 3611 2882 3683 patria
2910 3610 3022 3667 fuit
3072 3611 3406 3668 Antiochia.
3437 3614 3584 3669 Cum
3616 3627 3719 3667 au-

2078 3705 2199 3757 tem
2230 3701 2579 3757 adolescens
2597 3705 2774 3767 esset,
2798 3701 3003 3771 jussus
3037 3706 3126 3755 est
3149 3716 3183 3755 a
3213 3700 3558 3771 parentibus
3584 3717 3720 3771 pas-

2079 3805 2211 3845 cere
2243 3805 2399 3845 oves.
2432 3790 2645 3845 Nactus
2671 3805 2806 3843 vero
2833 3788 3155 3858 aliquando
3182 3803 3430 3842 vacuum
3470 3803 3537 3842 ac
3567 3788 3717 3842 libe-

2075 3895 2210 3935 rum
2241 3878 2449 3945 otium,
2482 3876 2643 3949 quod
2671 3893 2777 3950 per
2814 3877 3089 3948 hyemem
3137 3894 3272 3933 oves
3318 3893 3562 3949 pascere
3592 3894 3718 3932 non

2074 3967 2316 4037 licebat,
2340 3968 2641 4040 ingressus
2665 3967 2976 4022 ecclesiam
2998 3968 3124 4036 Dei,
3146 3972 3212 4022 ut
3231 3972 3444 4037 oraret,
3470 3968 3718 4041 contigit

2072 4064 2139 4115 ut
2166 4058 2400 4114 audiret
2426 4058 2594 4114 illam
2624 4057 2813 4113 sancti
2845 4057 3141 4129 Evangelii
3173 4057 3493 4113 lectionem
3520 4075 3532 4112 :
3556 4060 3717 4113 Beati

2062 4163 2337 4220 pauperes
2367 4149 2593 4217 spiritu,
2625 4145 2891 4217 qnoniam
2911 4145 3154 4216 ipsorum
3179 4153 3257 4202 est
3285 4163 3511 4216 regnum
3542 4148 3713 4203 caelo-

2068 4254 2191 4293 rum
2214 4238 2255 4294 ³.
2288 4238 2359 4292 Et
2388 4236 2586 4293 statim
2617 4235 2955 4291 valedicens
2986 4236 3354 4306 parentibus,
3386 4253 3453 4291 ac
3484 4238 3713 4293 caeteris

2070 4327 2370 4397 omnibus,
2393 4325 2540 4381 abiit
2568 4325 2632 4381 in
2652 4325 2905 4394 lauram,
2931 4342 3061 4397 quas
3085 4326 3262 4380 etiam
3286 4326 3534 4382 mandra
3554 4328 3711 4382 dice-

2066 4417 2273 4473 batur:
2299 4417 2747 4488 monachusque
2769 4416 3014 4471 effectus
3032 4420 3122 4470 est
3142 4415 3497 4487 imperatore
3520 4417 3710 4471 Leone

2065 4508 2309 4581 Magno:
2342 4506 2443 4562 ubi
2490 4506 2752 4578 primum
2795 4505 3082 4560 acerrime
3123 4505 3462 4573 decertavit,
3495 4510 3553 4560 et
3580 4523 3707 4561 mo-

1984 4619 2031 4685 D
2065 4597 2288 4653 nachos
2318 4612 2526 4652 omnes
2581 4594 2745 4650 omni
2777 4595 3058 4649 virtutum
3116 4609 3330 4665 genere
3390 4596 3706 4666 superavit,

2065 4687 2250 4742 Tanta
2284 4691 2483 4742 autem
2513 4684 2884 4741 continentia
2938 4699 3151 4754 corpus
3183 4700 3355 4740 suum
3400 4701 3703 4755 coercens,

2066 4772 2461 4829 aridumillud
2487 4772 2710 4828 effecit:
2736 4771 2955 4825 etenim
2978 4770 3368 4843 quadraginta
3388 4772 3703 4828 continuos

2065 4862 2213 4929 dies,
2236 4862 2438 4934 viginti
2464 4860 2705 4931 quidem
2728 4859 2958 4927 stando,
2975 4859 3240 4931 reliquos
3260 4878 3394 4917 vero
3418 4861 3702 4933 sedendo,

2061 4950 2284 5007 laboris
2315 4949 2531 5016 studio,
2579 4949 2931 5021 jejunabab
2972 4951 3219 5006 Demum
3259 4951 3320 5005 in
3364 4951 3704 5007 columnam

2063 5040 2351 5109 ascendit,
2385 5044 2442 5093 et
2473 5039 2793 5095 innumera
2819 5040 3112 5096 miracula
3139 5041 3407 5111 patravit.
3437 5041 3701 5111 Cumque

2060 5131 2219 5203 apud
2244 5147 2453 5186 omnes
2475 5147 2724 5203 magnus
2754 5148 2821 5186 ac
2851 5132 3103 5187 celebris
3127 5132 3424 5200 evasisset,
3458 5131 3706 5186 multos-

2061 5237 2175 5293 que
2198 5219 2530 5275 infidelium
2561 5220 2933 5292 baptizasset,
2967 5226 3027 5275 et
3056 5221 3446 5293 quadraginta
3477 5226 3703 5293 septem

2060 5326 2251 5367 annos
2280 5310 2399 5365 Deo
2442 5310 2762 5377 serviisset,
2797 5311 2858 5365 in
2889 5327 3032 5382 pace
3067 5309 3342 5366 decessit.

300 5000 601 5077 γενόμενος
656 5001 735 5064 εἷς
810 5003 1009 5065 πάντας
1090 5003 1411 5080 ἀνθρώπους
1445 5050 1459 5076 ,
1534 5008 1625 5062 καὶ
1701 5008 1951 5076 πολλοὺς

300 5096 412 5147 τῶν
463 5091 704 5148 ἀπίστων
773 5092 1060 5168 βαπτίσας,
1118 5094 1207 5149 καὶ
1262 5097 1799 5170 τεσσαρακονταεπτὰ
1853 5095 1946 5174 ἔτη

294 5181 391 5237 τὸν
414 5180 547 5237 Θεὸν
578 5180 911 5257 θεραπεύσας
941 5180 994 5238 ἐν
1027 5181 1218 5259 εἰρήνῃ
1253 5183 1568 5257 ἐτελειώθη.

909 5296 986 5372 Τῇ
1005 5296 1141 5372 αὐτῇ
1164 5300 1348 5375 ἡμέρᾳ

655 5405 724 5462 Ἢ
753 5405 1020 5479 ποίμησις
1062 5407 1242 5479 Ἰησοῦ
1282 5413 1379 5465 τοῦ
1411 5413 1588 5483 Ναυή.

2692 5436 2912 5494 Eodem
2961 5437 3075 5494 die.

365 5509 546 5576 Οὗτος
578 5513 609 5567 ὁ
641 5511 850 5584 Ἰησοῦς
898 5511 1101 5589 ἐγένετο
1137 5515 1229 5587 μὲν
1290 5516 1405 5581 υἱὸς
1458 5521 1555 5573 τοῦ
1612 5521 1791 5591 Ναυῆ,
1827 5517 1947 5578 8ιᾶ-

2446 5554 2768 5613 5Dormitio
2806 5556 2967 5610 Iosue
3007 5555 3112 5624 ﬁlii
3143 5558 3308 5612 Nave.

2129 5664 2233 5720 Hic
2259 5666 2432 5721 Iosue
2465 5664 2626 5720 illius
2656 5663 2896 5735 quidem
2929 5665 3078 5718 Nave
3109 5663 3240 5730 fuit,
3274 5672 3578 5715 successor
3605 5671 3700 5710 au-

369 5694 393 5728 ⁴
422 5694 538 5749 Isa.
572 5710 685 5767 LXI,
722 5697 771 5753 l.
854 5694 877 5730 ³
906 5695 1105 5755 Matth.
1137 5714 1172 5752 v
1200 5698 1253 5752 3.
