4140 6302
358 403 440 467 23
1658 397 2099 467 MENOLOGII
2140 395 2349 457 PARS
2394 397 2445 455 Ι.
3689 407 3770 467 24

361 545 484 598 tem
515 542 728 615 Moysis
760 543 1141 599 Hebrmorum
1163 542 1539 617 legislatoris,
1556 542 1644 596 vir
1671 539 1863 610 fortis,
1889 534 2004 591 rei-

2125 527 2293 605 δοχος
2354 525 2411 617 δὶ
2466 524 2745 592 Μωϋσέως
2797 535 2896 587 τοῦ
2951 534 3250 607 νομοθέτου
3303 539 3413 592 τῶν
3471 533 3766 614 Ἐϐραίωνο

364 647 479 703 que
510 632 788 687 militaris
814 633 1060 704 peritus.
1087 636 1230 689 Nam
1256 633 1527 688 Hiericho
1553 631 1846 687 munitam
1870 627 2013 683 alie-

365 721 720 793 nigenarum
751 721 962 776 urbem
1007 723 1381 793 expugnavit,
1435 720 1871 790 Jordanemque
1904 718 2018 772 Ilu-

372 810 531 864 vium
558 827 667 882 per
696 810 922 865 siccum
954 811 1227 866 transivit
1254 828 1375 866 una
1403 827 1537 865 cum
1560 809 1800 882 populo,
1835 812 1892 863 et
1920 824 2013 863 ar-

364 914 433 954 ca
465 899 587 955 Dei.
620 899 964 955 Michaelem
986 900 1166 955 etiam
1189 900 1445 955 caelestis
1475 899 1770 954 exercitus
1796 896 2018 969 princi-

364 1005 503 1062 pem
553 1006 756 1045 ensem
805 1007 926 1062 praa
976 990 1252 1046 manibus
1298 995 1599 1046 tenentem
1649 989 1837 1044 vidit:
1899 1004 2014 1059 quo

364 1079 566 1134 statim
598 1079 849 1151 cognito,
882 1080 1130 1151 abjectis
1161 1081 1419 1151 pr0priis
1439 1079 1643 1148 armis,
1668 1078 1830 1133 illius
1858 1076 2018 1149 pedi-

364 1168 476 1223 bus
497 1167 844 1225 advolutus:
877 1168 1048 1238 Quid,
1109 1169 1327 1241 inquit,
1362 1169 1621 1241 imperas
1654 1184 1823 1223 servo
1857 1171 1956 1222 tuo
1987 1165 2015 1221 τ

365 1257 584 1313 Adhaec
615 1274 749 1313 cum
766 1258 974 1329 prmlio
1002 1257 1314 1314 dimicaret
1344 1275 1478 1314 cum
1503 1257 1872 1330 alienigenis,
1892 1255 2013 1311 sol-

369 1364 483 1419 que
514 1347 589 1402 ad
610 1362 885 1402 occasum
916 1348 1575 1420 appropinquaret,ipse
1603 1363 1740 1401 vero
1769 1346 2013 1400 vincen-

369 1435 430 1490 di
462 1435 756 1490 desiderio
786 1441 1110 1499 teneretur,
1139 1436 1462 1491 maximam
1485 1436 1545 1490 in
1574 1436 1691 1490 Deo
1724 1449 1890 1506 spem
1912 1433 2019 1487 11a-

367 1524 536 1592 bens,
569 1524 883 1595 imperavit
913 1524 1023 1580 soli
1044 1529 1110 1580 ut
1130 1531 1344 1581 staret:
1373 1525 1651 1596 stetitque
1673 1523 1762 1579 sol
1786 1540 1798 1577 :
1823 1537 2018 1593 neque

368 1616 533 1688 prius
554 1615 790 1683 occidit,
814 1632 994 1686 quam
1018 1617 1216 1671 hostes
1237 1616 1562 1671 fortissime
1584 1615 1645 1669 in
1667 1614 1865 1686 fugam
1885 1629 2018 1668 ver-

369 1704 461 1759 tit.
495 1705 639 1760 Cum
671 1705 849 1777 igitur
897 1705 1181 1759 exercitui
1225 1704 1581 1776 prmfuisset,
1614 1702 2018 1776 populumque

372 1792 763 1848 Israeliticum
779 1809 847 1848 ex
861 1809 1061 1848 eremo
1076 1798 1233 1849 recte
1254 1792 1552 1861 eductum,
1569 1792 1629 1847 in
1646 1797 1867 1847 terram
1890 1806 2022 1862 pro-

374 1881 701 1948 missionis,
732 1897 862 1952 quaa
891 1886 981 1936 est
1013 1881 1440 1953 Hierosolyma,
1472 1879 1758 1948 duxisset,
1793 1894 2017 1951 perque

380 1985 571 2025 annos
598 1970 797 2042 viginti
826 1976 1051 2042 septem
1068 1970 1420 2042 judicasset,
1443 1973 1711 2024 mortuus
1733 1974 1824 2023 est
1840 1973 2017 2038 atque

377 2060 703 2121 honoriﬁce
735 2061 798 2116 in
829 2059 1036 2116 eadem
1070 2064 1228 2114 terra
1256 2076 1290 2115 a
1314 2058 1534 2131 populo
1583 2074 1688 2114 suo
1729 2057 2016 2130 sepultus.

1020 2219 1242 2276 Eodem
1273 2219 1368 2276 die

373 2338 422 2394 ο
470 2337 760 2394 Certamen
819 2343 1138 2393 sanctarum
1192 2338 1572 2409 quadraginta
1625 2338 1921 2408 virginum,
1966 2341 2019 2392 et

781 2428 1069 2483 Ammonis
1098 2443 1291 2483 earum
1320 2426 1598 2497 magistri.

435 2554 839 2627 Quadraginta
862 2555 1073 2609 harum
1096 2555 1389 2626 virginum
1414 2560 1471 2609 et
1485 2559 1812 2625 martyrum
1835 2559 2018 2610 castus

363 2643 620 2716 patriam
641 2643 848 2698 habuit
862 2642 1307 2714 Adrianopolim
1324 2642 1703 2712 Macedoniae;
1717 2641 2018 2697 doctorem

368 2738 567 2788 autem
600 2732 738 2787 ﬁdei
762 2735 1113 2787 Ammonem
1133 2731 1472 2798 diaconum,
1496 2748 1530 2787 a
1553 2748 1668 2802 quo
1701 2747 1770 2785 ea
1790 2748 1920 2801 qum
1943 2731 2018 2786 ad

370 2822 657 2877 caelorum
699 2837 948 2893 regnum
998 2822 1320 2892 pertinent,
1382 2821 1737 2875 didicerunt.
1772 2820 1854 2875 Ob
1887 2835 2017 2874 eam

372 2917 572 2966 autem
614 2926 853 2964 causam
882 2926 914 2964 a
944 2910 1194 2980 praeside
1235 2909 1504 2980 ejusdem
1537 2909 1702 2963 urbis
1746 2925 2015 2979 compre-

373 2997 798 3063 hensa),multa
827 2998 1258 3069 suppliciorum
1291 3013 1511 3069 genera
1538 3013 1833 3067 perpessre
1857 3001 2014 3064 sunt,

372 3085 533 3158 quod
562 3085 723 3140 idola
777 3085 1024 3140 adorare
1056 3091 1419 3139 recusarent.
1481 3084 1704 3139 Deinde
1747 3084 2016 3138 adductas

375 3177 662 3242 Beraaam,
697 3180 764 3228 ut
794 3175 1218 3243 sacriﬁcarent,
1252 3191 1387 3229 cum
1427 3174 1507 3228 ibi
1539 3175 1725 3228 Deum
1755 3179 2014 3243 orarent,

2122 618 2259 705 ἀνὴρ
2291 615 2539 693 ἀνδρεῖος
2567 620 2657 674 καὶ
2689 641 3070 696 στρατηγικος.
3105 625 3201 679 Kal
3244 626 3347 702 γὰρ
3395 627 3495 697 τὴν
3528 629 3771 705 Ἱεριχὼ,

2121 704 2286 761 πόλιν
2347 710 2504 761 οὖσαν
2579 706 2807 783 ἰσχυρὰν
2861 713 2969 764 τῶν
3027 709 3363 790 ἀλλοφύλων
3400 758 3414 786 ,
3472 704 3768 792 παρὲλαϐευ

2119 796 2208 852 καὶ
2246 795 2339 850 τύν
2413 797 2659 869 ποταμὸν
2732 795 3008 873 Ἰορδάνην
3097 796 3186 856 διὰ
3243 804 3410 877 ξηρᾶς
3491 803 3774 883 διεπέρασε

2123 884 2259 958 μετὰ
2285 888 2382 939 τοῦ
2439 882 2597 954 λαοῦ,
2630 886 2850 955 καὶτῆς
2881 882 3123 943 κιϐωτοῦ
3171 895 3268 945 τοῦ
3330 897 3485 952 Θεοῦ.
3531 882 3769 951 Καὶγτὸν

2120 975 2558 1049 ἀρχιστράτηγον
2628 975 2862 1051 Μιχαὴλ
2950 976 3199 1034 ἐθεᾶσατο
3284 986 3584 1057 κρατοῦντα
3631 984 3775 1062 ῥομ-

2122 1064 2307 1150 φαίαν,
2367 1064 2458 1119 καὶ
2518 1063 2788 1139 γνωρίσας
2838 1066 3022 1138 αὐτὸν,
3077 1067 3265 1146 ἕρῥιψε
3317 1071 3385 1128 τὰ
3436 1070 3556 1128 ἵδια
3601 1073 3771 1150 ὅπλα,

2120 1153 2210 1208 καὶ
2240 1148 2428 1210 ἔπεσεν
2460 1153 2535 1216 εἰς
2577 1154 2705 1218 τοὺς
2763 1154 2932 1219 πόδας
2985 1158 3171 1230 αὐτοῦ,
3235 1160 3424 1216 εἷπών·
3485 1163 3552 1222 Τί
3600 1148 3774 1238 προσέ

2122 1241 2336 1306 τάσσεις
2365 1247 2443 1315 τῷ
2474 1248 2551 1316 σῷ
2581 1241 2762 1319 οἰκέτῃ
2794 1264 2809 1313 ;
2843 1242 3111 1321 Πολεμῶν
3144 1246 3203 1304 δὲ
3240 1252 3377 1327 πρὸς
3429 1251 3557 1315 τοὺς
3594 1251 3772 1309 ἀλλο-

2124 1330 2351 1410 φύλους,
2381 1331 2473 1387 καὶ
2501 1334 2598 1387 τοῦ
2621 1332 2787 1403 ἡλίου
2818 1335 2956 1408 πρὸς
3007 1333 3154 1392 δύσιν
3185 1333 3363 1410 ὄντος,
3396 1336 3542 1417 ἔχων
3576 1340 3771 1407 ἐπιθυ-

2127 1423 2253 1495 μίαν
2284 1424 2381 1475 τοῦ
2436 1428 2650 1491 νικῆσαι
2708 1424 2927 1495 αὐτοὺς,
2985 1425 3281 1502 ἐθάρρησεν
3340 1428 3418 1491 εἷς
3469 1430 3563 1486 τὸν
3616 1432 3767 1501 Θεὸν,

2121 1511 2210 1566 καὶ
2273 1513 2440 1566 εἶπενο
2506 1513 2700 1582 Στήτω
2759 1513 2786 1568 ὁ
2845 1512 3031 1583 ἥλιος·
3092 1515 3185 1571 καὶ
3242 1518 3442 1582 εὐοέως
3499 1520 3695 1591 ἐστάθη
3738 1522 3767 1576 ὁ

2121 1600 2303 1670 ἣλιος,
2336 1600 2427 1655 καὶ
2458 1598 2563 1656 οὐκ
2582 1598 2780 1671 ἔδυνεν,
2839 1599 2941 1665 ἕως
2988 1599 3177 1679 ἔτρεψε
3230 1606 3357 1670 τοὺς
3408 1607 3641 1684 ἐχθροὺς
3671 1608 3769 1666 αὖ·

2120 1695 2217 1746 τοῦ
2273 1692 2408 1746 κατᾶ
2462 1691 2679 1766 κράτος.
2740 1697 3128 1771 Στρατηγήσας
3188 1694 3246 1752 δὲ
3293 1703 3390 1755 τοῦ
3445 1699 3621 1774 λαοῦ,
3677 1700 3768 1756 καὶ

2125 1777 2397 1855 διαγαγὼν
2427 1779 2622 1843 αὐτοὺς
2650 1780 2709 1837 ἐκ
2760 1788 2862 1852 τῆς
2912 1782 3126 1858 ἐρήμου
3167 1787 3376 1857 καλῶς,
3433 1789 3523 1843 καὶ
3556 1790 3769 1865 ἀπαγαέ

2050 1912 2095 1978 Β
2125 1869 2236 1978 γὼν
2271 1869 2345 1931 εἰς
2375 1871 2476 1978 την
2507 1877 2612 1978 γῆν
2650 1878 2752 1978 τῆς
2791 1872 3112 1978 ἐπαγγελίας
3143 1874 3268 1944 ἥτις
3298 1874 3407 1931 ἐστὶ
3436 1877 3506 1932 τὰ
3533 1879 3770 1953 Ἱεροσό-

2129 1958 2301 2033 λυμα,
2333 1960 2424 2015 καὶ
2480 1963 2669 2035 κρίνας
2696 1963 2787 2018 τὸν
2849 1963 2982 2019 λαὸν
3034 1970 3132 2019 τοῦ
3187 1967 3407 2042 Ἰσραὴλ
3461 1968 3630 2026 εἷ’κοσι
3678 1972 3766 2027 καὶ

2128 2048 2262 2103 ἑπτὰ
2311 2042 2428 2119 ἔτη,
2457 2048 2795 2121 ἐτελεύτησε.
2826 2053 2914 2108 καὶ
2948 2049 3116 2131 ἐτάφη
3151 2053 3381 2129 ἐντίμως
3433 2055 3487 2112 ἐν
3535 2056 3672 2133 αὐτῇ
3697 2063 3766 2133 τῇ

2125 2141 2199 2214 γῇ
2235 2139 2338 2193 ὑπὸ
2365 2143 2467 2194 τοῦ
2499 2137 2642 2195 ἰδίου
2675 2139 2831 2198 λαοῦ.

2716 2262 2793 2333 Τῇ
2828 2258 2962 2335 αὖτῇ
2994 2262 3180 2339 ἡμέρᾳ

2125 2363 2390 2437 Ἀθλησις
2439 2370 2546 2421 τῶν
2606 2366 2775 2441 ἆγίων
2832 2370 3233 2444 γεσσαράκοντα
3283 2372 3566 2448 παροίνων

2444 2456 2459 2477 9
2612 2455 2627 2473 κ
2773 2460 2801 2471 -υ
2856 2453 2879 2474 λ
3068 2461 3078 2477 1
3288 2458 3302 2481 ν
3349 2464 3376 2476 ρ..

2460 2458 2674 2529 Αμμων
2705 2474 2804 2511 του
2852 2454 3188 2514 οιδασκαλου
3214 2461 3442 2535 εαυτων.

3601 2419 3618 2448 ,
3676 2373 3766 2428 καὶ

2193 2575 2311 2628 Τῶν
2370 2573 2767 2647 τεσσαράκοντα
2817 2573 3026 2629 τούτων
3075 2571 3353 2651 παρθένων
3408 2578 3495 2633 καὶ
3561 2577 3768 2654 μαρτύ-

2124 2681 2232 2738 ρων
2280 2662 2344 2716 τὸ
2398 2659 2615 2731 πλῆθος
2671 2661 2878 2737 ἐγένετο
2936 2663 3043 2718 ἀπὸ
3115 2662 3614 2741 Ἀὂριανουπόλεως
3666 2674 3769 2738 τῆς

2125 2746 2458 2812 Μακεδονίας
2492 2794 2504 2807 .
2566 2747 2899 2807 Διδάσκαλον
2986 2749 3044 2807 δὲ
3095 2750 3319 2828 ἔχουσαι
3370 2761 3472 2825 τῆς
3527 2755 3762 2819 πίστεως

2122 2839 2354 2912 ’Λμμὼν
2381 2840 2472 2894 τὸν
2498 2835 2766 2912 διάκονον,
2799 2837 3001 2912 ἔμαθον
3062 2842 3150 2896 ὑπ’
3181 2843 3349 2898 αὐτοῦ
3374 2845 3444 2899 τὰ
3492 2845 3616 2921 περὶ
3663 2851 3766 2916 τῆς

2127 2926 2406 3003 βασιλείας
2434 2949 2540 2982 των
2582 2928 2848 3003 οὐρανῶν
2902 2926 2992 2984 διὰ
3012 2935 3174 2987 τοῦτο
3231 2933 3322 2987 καὶ
3380 2932 3755 3010 ἐκρατήθησαν

2121 3018 2268 3090 παρὰ
2293 3020 2390 3071 τοῦ
2420 3024 2520 3086 τῆς
2574 3018 2746 3086 αὐτῆς
2803 3017 3018 3081 πόλεως
3076 3020 3366 3096 ἄρχοντος.
3426 3023 3526 3077 Καὶ
3576 3023 3765 3080 πολλά

2123 3104 2542 3179 ἐτιμωρήθησαν
2600 3102 2689 3160 διὰ
2744 3108 2807 3161 τὸ
2862 3108 2939 3180 μὴ
2998 3117 3370 3181 προσκυνῆσαι
3424 3116 3541 3175 τοῖς
3596 3111 3762 3169 εἰδώ-

2121 3195 2264 3256 λοις,
2313 3194 2444 3250 Εἶτα
2490 3192 2742 3270 ἤχθησαν
2801 3195 2878 3260 είς
2937 3197 3187 3271 Θεροίην,
3236 3202 3333 3254 τοῦ
3388 3200 3562 3258 θῦσαι.
3597 3204 3766 3268 Ἔνθα

369 3265 650 3337 precibus
668 3264 790 3319 suis
814 3266 1158 3331 effecerunt,
1193 3268 1262 3319 ut
1282 3264 1549 3319 sublatus
1568 3264 1629 3317 in
1651 3280 1789 3318 aera
1819 3280 2012 3318 sacer-

2127 3279 2498 3355 προσηύξαντο
2568 3282 2705 3356 πρὸς
2776 3282 2868 3337 τὸν
2957 3285 3083 3339 Θεὸν
3159 3285 3250 3341 καὶ
3326 3285 3631 3363 ἐκρεμάσθη
3691 3289 3767 3352 εἰς

381 3354 490 3410 dos
518 3353 820 3409 idolorum
851 3353 1211 3420 concideret,
1246 3358 1305 3407 et
1331 3353 1529 3408 statim
1561 3352 1849 3408 interiret.
1886 3357 2018 3406 Post

368 3444 498 3499 haec
532 3448 772 3499 sanctus
795 3445 1051 3497 Ammon
1078 3443 1484 3513 suspenditur,
1518 3447 1576 3496 et
1623 3443 1683 3495 in
1732 3440 2018 3497 lateribus

372 3532 678 3603 scalpitur,
710 3531 992 3602 nudoque
1018 3531 1210 3603 capite
1255 3529 1568 3586 cadentem
1600 3529 1892 3585 cassidem
1922 3531 2016 3585 in-

372 3618 555 3674 duere
586 3619 1005 3690 compellitur:
1062 3623 1119 3672 et
1157 3634 1276 3672 una
1307 3634 1441 3675 cum
1472 3616 1793 3688 virginibus
1825 3617 1897 3673 ad
1928 3617 2018 3672 Li-

370 3708 597 3764 cinium
630 3713 948 3780 tyrannum
980 3708 1254 3762 mittitur.
1281 3707 1381 3777 qui
1414 3706 1694 3762 adversus
1715 3706 1852 3761 illos
1883 3722 2017 3762 sen-

371 3798 620 3853 tentiam
676 3797 885 3852 mortis
934 3797 1357 3868 pronuntiavit.
1418 3798 1488 3851 Et
1539 3796 1745 3851 decem
1776 3796 2018 3867 quidem

374 3905 576 3943 earum
608 3889 743 3959 igne
772 3895 1139 3958 consumptas
1171 3895 1311 3942 sunt
1344 3905 1356 3942 :
1392 3893 1522 3943 octo
1554 3905 1689 3943 cum
1736 3888 2016 3960 magistro

374 3993 479 4031 suo
513 3977 867 4031 decollataa:
913 3976 1120 4031 decem
1174 3977 1236 4031 in
1295 3993 1417 4044 ore,
1477 3984 1536 4030 et
1589 3977 1767 4031 corde
1821 3977 2016 4048 gladio

370 4066 670 4119 transfixa)
710 4064 1133 4119 decesserunt:
1169 4081 1272 4118 sex
1330 4065 1670 4119 minutatim
1727 4066 2014 4119 concisas:

370 4169 473 4208 sex
504 4152 759 4224 denique
791 4153 1011 4225 injecto
1043 4153 1106 4206 in
1130 4169 1194 4206 os
1225 4152 1462 4207 cadanti
1494 4151 1650 4207 ferro
1710 4153 2015 4210 exstinctae

373 4244 532 4295 sunt.

922 4330 1163 4385 EODEM
1195 4330 1339 4384 ΜΕΝ
1347 4329 1445 4386 SE.

994 4445 1097 4500 Die
1131 4444 1394 4500 secunda

482 4558 521 4611 7
559 4558 839 4613 Certamen
867 4556 1044 4611 sancti
1072 4558 1263 4628 magni
1292 4556 1553 4625 martyris
1591 4556 1906 4614 Mamantis.

443 4675 663 4728 Marnas
694 4671 1118 4727 celeberrimus
1135 4677 1361 4744 martyr
1381 4672 1702 4729 Aureliano
1731 4675 2018 4729 Romano-

371 4779 505 4818 rum
534 4766 745 4818 Cesare
767 4761 998 4816 claruit.
1031 4762 1175 4817 Cum
1210 4766 1410 4817 autem
1440 4762 1744 4832 orphanus
1774 4762 2015 4818 relictus

370 4854 602 4923 fuisset,
627 4851 970 4925 parentibus
990 4851 1052 4906 in
1069 4867 1307 4907 carcere
1333 4851 1407 4906 ob
1422 4851 1817 4906 Christianam
1836 4850 2014 4907 ﬁdem

373 4943 700 5007 exstinctis,
720 4959 753 4996 a
770 4940 1025 5011 quadam
1042 4941 1323 5012 religiosa
1344 4940 1627 4996 senatorii
1648 4940 1877 4996 ordinis
1895 4958 2014 4997 ma-

373 5038 548 5087 trona
579 5031 862 5086 educatus
894 5035 1001 5084 est.
1026 5034 1170 5084 Cum
1214 5045 1347 5084 vero
1380 5030 1453 5084 ad
1484 5031 1674 5085 astatis
1701 5031 2009 5087 maturita-

372 5128 490 5177 tem
515 5120 902 5192 pervenisset,
937 5123 1364 5191 cogereturque
1396 5118 1466 5176 ab
1499 5119 1797 5176 idolorum
1821 5120 2013 5175 culto-

367 5211 535 5266 ribus
555 5209 890 5265 sacriﬁcare
909 5206 1108 5273 idolis,
1142 5207 1310 5263 nulla
1326 5224 1589 5279 unquam
1612 5209 1842 5264 ratione
1863 5208 1938 5264 ad
1953 5209 2012 5264 id

368 5298 582 5357 adduci
614 5298 843 5370 potuit;
878 5296 981 5351 sed
1003 5312 1036 5351 a
1067 5296 1263 5352 divino
1296 5297 1505 5368 angelo
1536 5298 1599 5353 in
1631 5303 1896 5355 montem
1918 5299 2014 5355 de-

364 5395 653 5463 portatus,
686 5388 766 5441 ibi
800 5403 982 5441 cerva)
1016 5386 1169 5442 lacte
1193 5387 1482 5457 alebatur,
1510 5388 1789 5460 solusque
1821 5390 2009 5445 conti-

365 5482 505 5536 nuis
526 5480 598 5536 ad
632 5479 819 5533 Deum
852 5477 1130 5548 precibus
1161 5478 1337 5533 vitam
1367 5478 1725 5535 traducebat.
1753 5481 1893 5535 Post
1908 5495 2014 5535 au-

368 5576 484 5624 tem
519 5568 822 5639 aliquanto
856 5582 989 5620 cum
1020 5565 1182 5639 illius
1204 5566 1357 5622 fama
1384 5566 1555 5639 longe
1585 5568 1822 5639 lateque
1853 5583 2010 5623 ema-

371 5664 563 5725 naret,
599 5659 812 5710 iterum
861 5656 1345 5727 comprehensus,
1381 5674 1415 5712 a
1440 5656 1691 5728 praeside
1727 5661 2010 5712 Caesarea)

374 5746 752 5819 compellitur
810 5744 969 5799 idola
1007 5744 1272 5802 adorare.
1322 5746 1387 5801 Id
1431 5750 1730 5802 aversatus
1781 5745 1902 5814 illc,
1948 5745 2010 5800 in

2123 3375 2215 3426 τὸν
2247 3370 2427 3447 ἆέραὸ
2458 3371 2634 3447 ἱερεὺς
2665 3376 2771 3427 τῶν
2819 3370 3088 3444 εἰδώλων,
3144 3375 3234 3430 καὶ
3281 3377 3457 3449 πεσὼν
3517 3378 3765 3444 ἀπέθανε.

2125 3458 2227 3515 Καὶ
2288 3460 2422 3532 μετᾶ
2468 3464 2635 3516 τοῦτο
2684 3460 2989 3535 ἐκρεμάσθη
3049 3464 3076 3518 ὁ
3135 3464 3288 3540 ἅγιος
3345 3466 3574 3540 ’Λμμὼν
3611 3511 3627 3541 ,
3673 3468 3766 3524 καὶ

2127 3547 2311 3620 ἐξέσθη
2397 3548 2492 3610 τὰς
2573 3547 2834 3624 πλευρὰς.
2914 3550 3015 3605 Καὶ
3097 3550 3322 3608 κασσίδα
3371 3556 3770 3630 πεπυρωμένην

2125 3635 2338 3707 ἐδεξατο
2368 3637 2503 3692 κατὰ
2530 3637 2803 3716 καφαλῆς.
2864 3641 2995 3696 Εἶτα
3049 3642 3411 3721 παρεπέμφθη
3476 3646 3609 3718 μετὰ
3657 3651 3766 3702 τῶν

2123 3725 2402 3800 παρθένων
2436 3725 2689 3798 Λικιννίῳ
2733 3730 2812 3798 τῷ
2857 3729 3121 3801 τυράννῳ.
3179 3730 3242 3786 Ὀ
3293 3729 3352 3785 δὲ
3397 3726 3595 3789 ἔδωκεν
3631 3730 3768 3789 ἀπό-

2125 3834 2282 3888 φασιν
2306 3814 2423 3868 κατ’
2451 3814 2650 3873 αὐτῶν.
2707 3814 2808 3870 Καὶ
2867 3817 2921 3870 al
2981 3815 3076 3890 μὲν
3131 3815 3257 3872 δέκα
3313 3816 3401 3875 διὰ
3455 3823 3627 3897 πυρὸς
3657 3822 3770 3878 ἐτε-

2127 3900 2450 3972 λειώθησαν·
2513 3902 2565 3956 al
2598 3900 2654 3956 δὲ
2685 3902 2827 3958 ὀκτὼ
2860 3906 2996 3977 μετὰ
3049 3909 3146 3961 τοῦ
3205 3904 3535 3966 διδασκάλου
3589 3912 3767 3968 αὐτῶν

2123 3989 2648 4066 ἀπεκεφαλίσθησαν·
2700 3998 2786 4046 καί
2852 3993 2906 4045 al
2961 3991 3086 4049 δέκα
3138 3994 3274 4072 ξίφει
3333 4000 3469 4053 κατὰ
3524 4004 3620 4055 τοῦ
3646 4002 3770 4056 στό-

2127 4099 2317 4150 ματος,
2345 4078 2434 4132 καὶ
2483 4086 2583 4148 τῆς
2636 4078 2858 4156 καρδίας
2921 4079 3230 4155 δεξάμεναι,
3288 4084 3662 4158 ἐτελεύτησαν.
3697 4092 3769 4147 Al

2126 4164 2256 4236 δὲὲξ
2291 4167 2392 4221 ὑπὸ
2453 4173 2736 4243 μαχαιρῶν
2795 4171 3191 4241 κατεκόπησαν.
3252 4176 3347 4228 Καὶ
3409 4176 3462 4228 al
3574 4175 3768 4250 σίδηρα

2122 4259 2489 4332 πεπυρωμένα
2519 4258 2654 4313 κατά
2685 4259 2954 4332 στόματος
2987 4257 3277 4332 λαϐοῦσαι,
3320 4263 3601 4323 ἆπεθανον.

2682 4378 2857 4429 MHNI
2899 4378 2987 4454 Τῼ
3027 4379 3217 4457 Αιτι).

2912 4466 2969 4520 Β,

2217 4583 2490 4654 ’Ἄθλησις
2518 4590 2615 4641 τοῦ
2646 4585 2803 4662 άγίου
2839 4586 3332 4666 μεγαλομάρτυρος
3362 4598 3678 4669 Μαμαντος.

2196 4671 2810 4752 Μᾶμαςὸπεριϐὁητος
2863 4676 3090 4752 μάρτυς,
3151 4681 3218 4750 ἦν
3278 4683 3368 4737 ἐπὶ
3425 4683 3770 4757 Αὖρηλιανοῦ

2126 4763 2388 4836 Καίσαρος
2473 4765 2760 4837 Ῥωμαίων
2796 4808 2811 4822 .
2888 4769 3148 4844 Ὀρφανὸς
3235 4767 3293 4825 δὲ
3367 4773 3768 4849 καταλειφθεὶς,

2118 4855 2226 4906 τῶν
2255 4873 2457 4927 γονεων
2492 4853 2657 4907 αὐτοῦ
2705 4852 3143 4921 τελευτησάντων
3179 4856 3230 4912 ἐν
3264 4858 3508 4937 φυλακῇ,
3562 4860 3653 4916 διὰ
3680 4863 3771 4917 τόν

2119 4944 2356 5016 Χριστὸν
2388 4989 2402 5014 ,
2463 4942 2727 5019 ἀνετράφη
2775 4944 2918 5019 παρά
2970 4958 3256 5021 ματρώνας
3311 4951 3456 5011 τινὸς
3518 4946 3771 5012 εὐσεϐοῦς

2120 5029 2490 5104 συγκλητικῆς
2525 5076 2539 5090 .
2610 5031 2906 5104 Γενόμενος
2962 5030 3019 5087 δὲ
3072 5041 3173 5104 τῆς
3235 5035 3466 5108 ἐννόμου
3523 5036 3768 5110 ἡλικίας,

2117 5120 2453 5195 ἠναγκάζετο
2503 5112 2646 5173 θύειν
2701 5125 2820 5183 τοῖς
2866 5119 3119 5184 εἰδώλοις
3150 5126 3296 5200 παρὰ
3324 5129 3434 5180 τῶν
3464 5122 3768 5183 εὶδωλολα-

2118 5214 2283 5287 τρῶν.
2321 5212 2409 5279 Μὴ
2444 5211 2681 5274 πεισθεὶς
2715 5208 2792 5280 δὲ,
2851 5210 2978 5267 ἀλλ’
3030 5213 3132 5268 ὑπὸ
3184 5218 3284 5269 τοῦ
3340 5216 3486 5270 θεὶου
3534 5215 3769 5291 ἀγγέλου

2118 5293 2499 5364 ἀναϐιϐασθεὶς
2541 5298 2591 5353 ἐν
2650 5304 2729 5372 τῷ
2778 5296 2913 5375 ὄρει,
2955 5303 3049 5364 τὰς
3110 5301 3344 5382 ἐλάφους
3394 5304 3651 5382 ἆμέλγων
3684 5303 3770 5361 δι-

2119 5408 2390 5467 ετρεφετο.
2424 5386 2522 5441 Καὶ
2556 5387 2720 5459 μόνος
2748 5392 2827 5460 τῷ
2859 5393 2977 5461 Θεῷ
3036 5393 3483 5469 προσευχόμενος
3518 5391 3767 5454 διετέλει,

2120 5478 2252 5535 Εἶτα
2309 5475 2475 5530 πάλιν
2521 5476 2806 5552 κρατηθεὶς
2869 5475 3105 5549 (πολλὴ
3159 5481 3261 5556 γὰρ
3318 5481 3529 5557 ἐγένετο
3560 5485 3594 5553 ἡ
3644 5484 3769 5557 περὶ

2127 5565 2287 5620 αὐτὸν
2343 5567 2548 5641 φήμη),
2608 5564 2919 5640 ἠναγκάσθη
2988 5567 3090 5622 ὑπὸ
3146 5573 3243 5623 τοῦ
3292 5577 3394 5641 τῆς
3446 5574 3767 5646 Καισαρείας

2123 5657 2393 5731 ἄρχοντος
2448 5662 2821 5731 προσκυνῆσαι
2885 5661 3001 5719 τοῖς
3053 5655 3326 5724 εἰδώλοις,
3384 5662 3535 5719 Ἐπεὶ
3585 5660 3642 5718 δὲ
3671 5662 3770 5719 οὐκ

2121 5743 2334 5815 ἐπείση,
2368 5743 2445 5807 εἰς
2494 5747 2599 5820 πῦρ
2663 5742 2889 5820 βληθεὶς
2918 5746 3008 5801 καὶ
3069 5745 3299 5819 ἐξελθὼν
3352 5745 3623 5827 ἀϐλαϐής,
3678 5753 3770 5808 καὶ
