4132 6328
364 389 445 449 25
1386 333 1395 343 .
1837 383 2014 446 SEP’I

2127 379 2324 445 IBER.
3708 388 3786 449 26

371 516 828 594 θηριομαχῆσας,
888 519 979 576 καὶ
1040 518 1207 595 μηδὲν
1263 516 1570 592 ἀδικηθείς,
1625 518 1784 584 τέλος
1828 537 2014 574 κοντα-

2139 516 2336 590 ignem
2365 517 2684 587 conjicitur
2709 534 2722 572 :
2755 521 2934 590 atque
2963 517 3102 576 inde
3134 535 3404 592 egressus
3433 519 3681 588 illaesus,
3715 521 3790 578 ad

373 609 482 682 ρίῳ
531 608 787 683 πληγεὶς,
847 610 937 665 καὶ
1001 610 1278 685 βαστάζων
1335 609 1402 665 τά
1453 606 1640 685 ἔντερα
1698 609 1862 664 αὐτοῦ
1905 612 2026 672 ταῖς

375 695 542 760 ἰδίαις
569 699 761 774 χερσὶν
821 698 1174 775 (ἐξεχύθησαν
1233 701 1339 776 γὰρ
1401 701 1504 756 ὑπὸ
1557 701 1657 770 τὴς
1709 698 1935 774 πληγῆς
1966 696 2025 752 ἐκ

365 793 469 857 τῆς
501 786 723 851 κοιλίας
753 787 960 861 αὐτοῦ),
992 787 1187 861 ἐξῆλθε
1241 796 1343 859 τῆς
1398 789 1616 852 πόλεως
1676 789 2020 863 Καισαρείας·

359 876 455 931 καὶ
490 879 630 950 μετὰ
675 878 1024 954 εὐχαριστίας
1081 877 1366 954 παρέδωκε
1423 878 1610 956 Κυρίῳ
1665 883 1745 951 τῷ
1775 882 1893 951 Θεῷ
1920 877 2020 945 τὴν

363 966 514 1042 ἁγίαν
549 966 641 1023 καὶ
700 970 968 1045 μακαρίαν
1021 970 1184 1026 αὑτοῦ
1241 971 1447 1046 ψυχήν.
1508 969 1604 1024 Καὶ
1657 967 1825 1044 ἐταφη
1867 967 1919 1023 ἐν
1949 972 2020 1043 τῇ

360 1057 500 1132 αὐτῇ
531 1055 719 1118 πόλει.

935 1241 1023 1313 Τῇ
1067 1239 1208 1312 αὐτῇ
1247 1239 1450 1315 ﬂet??-

359 1345 581 1416 Μνήμη
627 1348 769 1419 ’τοῦ
855 1345 1010 1400 ὁσίου
1093 1344 1300 1419 Πατρὸς
1384 1347 1544 1419 ᾑμῶν
1618 1346 1875 1403 Ἰωάννου
1922 1348 2020 1400 τοῦ

431 1413 785 1504 πατριάρχου
917 1413 1549 1480 Κωνσταντὶνουπόλεως
1675 1421 1774 1472 τοῦ
1902 1419 2019 1488 Νη-

435 1509 685 1546 στευτου.

433 1594 496 1650 Ὀ
541 1591 594 1648 ἑν
639 1594 820 1670 ἁγίοις
874 1596 1060 1670 Πατὴρ
1119 1598 1282 1669 ἡμῶν
1342 1596 1601 1666 Ἰωάννης
1642 1596 1671 1650 6
1701 1593 2019 1666 ἐπικληθεὶς

355 1685 682 1753 Νηστιυτὴς
713 1681 973 1761 ἐγεννήθη
1033 1684 1084 1739 ἒν
1145 1682 1741 1741 Κωνσταντινουπόλει.
1775 1686 2021 1760 Ὑπῆρχε

358 1769 420 1826 δὶ
471 1771 562 1826 ἐπὶ
619 1771 916 1829 Ἰουστίνου
966 1775 1053 1828 καὶ
1114 1768 1372 1848 Τιϐερίου
1427 1773 1516 1829 καὶ
1573 1773 1881 1849 Μαυρικίου
1910 1779 2016 1830 τῶν

359 1859 665 1937 βασιλέων.
696 1863 985 1938 Χαράκτης
1015 1861 1072 1918 δὶ
1111 1860 1185 1917 ὤν
1230 1863 1329 1932 τήν
1374 1862 1599 1938 τὲχνην,
1633 1861 1723 1918 διὰ
1747 1864 1845 1932 τὴν
1876 1864 2018 1919 πολ·

357 1951 471 2020 λήν
524 1951 688 2007 αὐτοῦ
746 1953 965 2027 ἀρετήν,
1023 1953 1377 2030 πατριάρχης
1439 1954 1635 2030 γέγονε
1687 1955 1788 2024 τῆς
1846 1955 2015 2026 αὐτῆς

365 2039 828 2116 μεγαλοπόλεως⁸
887 2040 1097 2118 ἐγένετο
1150 2040 1208 2098 δὲ
1273 2041 1656 2121 φιλόπτωχος,
1711 2043 1802 2098 καὶ
1859 2042 2020 2115 ἐλεή-

366 2154 520 2206 μων,
580 2131 670 2186 καὶ
744 2135 1051 2206 συμπαθής.
1124 2129 1305 2189 Ἀλλά
1377 2133 1466 2188 καὶ
1530 2131 1717 2188 πολλά
1772 2133 2021 2207 θαύματα

363 2224 620 2296 ἐποίησε*
676 2226 766 2281 καὶ
817 2226 921 2301 γάρ
982 2222 1073 2281 διὰ
1126 2227 1444 2301 προσευχῆς
1505 2220 1833 2300 βαρϐαρικὸν
1889 2225 2020 2282 λαὸν

359 2313 424 2369 lx
483 2320 587 2385 τῆς
631 2312 964 2376 Μακεδονίας
1027 2312 1312 2388 ἀπεδίωξε,
1371 2313 1460 2369 καὶ
1512 2313 1758 2391 μεγάλου
1789 2317 2018 2379 θανάτου

353 2405 464 2472 τήν
515 2401 682 2458 πόλιν
737 2402 1020 2479 ξῤῥύσατο,
1076 2403 1167 2458 καὶ
1224 2401 1471 2465 πολλοὺς
1515 2407 1805 2466 νοσοῦντας
1837 2404 2018 2481 ἐθερά-

354 2513 549 2564 πευσε,
606 2492 698 2548 καὶ
757 2491 1153 2566 δαιμονιῶντας
1204 2494 1413 2562 ἰάσατο,
1471 2493 1560 2548 καὶ
1618 2492 1820 2567 λόγους
1871 2498 2016 2572 ψυχ-

356 2580 620 2659 ωφελεῖς,
654 2581 728 2644 ὡς
762 2582 790 2636 6
825 2582 990 2656 μέγας
1021 2579 1410 2657 Χρυσόστομος
1451 2582 1730 2654 Ἰωάννης,
1763 2585 2018 2660 συνεγρά-

355 2674 524 2745 ψατο,
557 2672 838 2744 Ποιμάνας
886 2667 943 2725 δὲ
989 2671 1081 2726 τὸν
1131 2669 1263 2726 λαὸν
1315 2669 1478 2726 αὐτοῦ
1527 2671 1689 2735 ὁσίως
1721 2673 1811 2728 καὶ
1846 2672 2016 2748 φιλο-

357 2761 520 2830 θὲως,
553 2761 642 2814 καὶ
696 2761 797 2828 τὴν
855 2759 1001 2834 ίερὰν
1050 2760 1381 2830 Ἐκκλησίαν
1434 2760 1618 2826 καλῶς
1658 2757 2020 2837 διακυϐερνή-

358 2872 457 2912 σας
515 2850 606 2905 ἐπὶ
663 2846 758 2921 ἔτη
813 2847 940 2906 δέκα
993 2852 1081 2906 καί
1139 2850 1261 2928 τρία
1317 2851 1406 2906 καὶ
1467 2859 1640 2925 μῆνας
1699 2854 1876 2926 πέντε,
1927 2853 2016 2908 καὶ

356 2941 435 3002 εἷς
475 2939 612 3015 βαθῦ
666 2946 840 3016 γῆρας
902 2937 1098 3009 ἐλθὼν,
1157 2939 1208 2995 ἒν
1268 2939 1456 3016 εῗρήνῃ
1488 2944 1587 3012 τήν
1629 2944 1896 3018 μακαρίαν
1927 2946 2018 3000 καί

356 3027 514 3105 ἁγίαν
579 3029 744 3084 αὑτοῦ
817 3031 1003 3104 ψυχὴν
1077 3027 1352 3106 παραδοὺς
1422 3036 1502 3103 τῷ
1558 3031 1767 3108 Κυρίῳ,
1821 3032 2014 3113 ἐτάφη,

351 3116 674 3194 ὑπόδειγμα
723 3116 1010 3174 ἀπολιπὼν
1067 3123 1226 3175 πᾶσιν
1283 3121 1594 3197 ἀνθρώποις
1645 3123 1736 3178 τὸν
1768 3121 2012 3200 ἐνάρετον

351 3209 526 3264 αὑτοῦ
561 3209 706 3285 βίον,
737 3209 826 3264 καὶ
855 3210 924 3264 τά
955 3207 1126 3265 λοιπᾶ
1153 3212 1578 3286 κατορθώματα.

912 3388 1092 3447 MHNI
1133 3395 1217 3469 re
1259 3393 1465 3469 ΑΥΤῼ.

1160 3480 1212 3534 Γ¹

343 3586 632 3658 ’Δθλησις
668 3589 764 3641 τοῦ
811 3585 968 3662 ἁγίου
1023 3587 1439 3717 ’[ἆρομάρτυρος
1473 3589 1758 3665 Ἀνθίμου,
1789 3587 2013 3647 ἐπισκό-

916 3679 1023 3714 που
1109 3657 1342 3717 ικομηδε
1368 3681 1450 3717 ας.

916 3679 1023 3714 που
1053 3657 1190 3717 Nm
1201 3657 1450 3733 μηδείας.

425 3767 700 3839 Ἀνθιμος
751 3767 779 3820 6
835 3765 1161 3842 ἱερομάρτυς
1214 3767 1278 3835 ἦν
1342 3769 1434 3841 μὲν
1497 3768 1792 3833 ἐπισκοπος
1850 3777 2015 3826 Νικο-

357 3851 594 3927 μηδείας
653 3852 741 3908 ἐπὶ
796 3859 904 3909 τῶν
973 3855 1188 3930 χρόνων
1248 3855 1643 3927 Διοκλητιανοῦ
1700 3859 1789 3914 καὶ
1847 3863 2016 3934 Μάξι-

358 3947 577 4017 μιανοῦ·
631 3940 722 3998 διὰ
779 3941 836 3999 δὲ
890 3944 982 3999 τὸν
1041 3941 1285 4020 διωγμὸν
1343 3945 1478 4001 κατὰ
1526 3951 1634 4002 τῶν
1668 3950 2011 4024 Χριστιανῶν

352 4033 734 4109 κρυπτόμενος
797 4031 849 4088 ἐν
905 4037 986 4106 τῷ
1041 4032 1177 4109 δρει,
1235 4035 1637 4108 καταμηνύεται
1693 4043 1771 4110 τῷ
1836 4040 2011 4111 Μαξι.

354 4128 562 4197 μιανῷ.
596 4120 697 4179 Καὶ
744 4124 1056 4196 κρατηθεῖς,
1112 4127 1302 4199 πρῶτα
1362 4125 1456 4198 μὲν
1486 4123 1660 4188 λίθοις
1686 4127 1778 4181 τὸν
1811 4127 2012 4203 αὐχένα

350 4206 722 4287 συντρίϐεται.
781 4213 1009 4268 Ἔπειτα
1067 4209 1123 4266 δὲ
1178 4209 1428 4286 σιδήροις
1491 4217 2009 4289 πεπυρακτωμένοις

346 4301 481 4365 τοὺς
555 4299 934 4377 ἀστραγάλους
1007 4299 1386 4377 διατρυπᾶται.
1477 4302 1614 4360 Εἶτα
1687 4303 1853 4360 πάλιν
1930 4306 2006 4370 εἷς

349 4393 593 4464 ὄστρακα
658 4388 780 4460 ὀξέα
840 4390 1064 4463 τίθεται,
1136 4385 1358 4466 ῥάϐδοις
1441 4391 1779 4466 τυπτόμενος
1842 4394 2005 4449 ἀκαν-

350 4481 547 4548 θίνοις,
605 4478 696 4533 καὶ
751 4476 1078 4551 ὑποδήματα
1132 4476 1330 4552 σιδηρᾶ
1383 4481 1802 4555 πυρακτωθέντα
1845 4503 2004 4560 περι-

351 4565 626 4625 ϐάλλεται
682 4571 848 4643 μέχρι
904 4572 1011 4622 τῶν
1074 4572 1285 4644 μηρῶν.
1347 4570 1445 4624 Καὶ
1507 4571 1642 4643 μετὰ
1693 4575 1855 4627 τοῦτο
1914 4570 1999 4628 δε-

353 4663 578 4733 σμεῖται
637 4654 725 4711 ἐπὶ
772 4660 1002 4731 τροχοῦ,
1076 4655 1167 4711 καὶ
1246 4655 1348 4711 ὑπὸ
1423 4654 1726 4731 λαμπάδων
1779 4652 2088 4733 καίεται,Ῐ)

351 4747 519 4805 Οὕτω
552 4744 610 4800 δὲ
657 4749 864 4820 πικρῶς
926 4745 1352 4820 βασανιζομένου
1403 4750 1500 4802 τοῦ
1557 4747 1736 4824 ἁγίου,
1767 4746 2008 4819 ἐπῆλθον

352 4834 584 4912 ἄγγελοι
643 4837 800 4904 θεῖοι,
857 4832 1005 4907 αὐτῷ
1065 4835 1156 4906 μὲν
1215 4835 1310 4896 τὰς
1365 4835 1620 4898 κολάσεις
1665 4837 1877 4901 καὶτὰς
1914 4840 2010 4915 βα-

351 4927 553 4991 σάνους
609 4923 852 4987 εὐκόλως
908 4929 1214 4998 ποιοῦντες,
1269 4926 1400 4992 τοὺς
1474 4924 1533 4982 δὲ
1587 4925 1825 5002 δημίους
1879 4930 2008 4993 τοὺς

343 5020 734 5092 τιμωροῦντας
789 5014 948 5070 αὐτὸν
1001 5014 1246 5091 ἀοράτως
1304 5013 1614 5080 τύπτοντες.
1668 5019 1766 5076 Καὶ
1811 5018 2007 5075 λοιπὸν

340 5108 622 5184 ἆποιράσει
693 5108 790 5159 τοῦ
863 5103 1204 5178 Μαξιμιανοῦ
1273 5105 1525 5179 τέμνεται
1597 5107 1696 5177 τήν
1763 5107 2007 5185 κεφαλὴν

344 5198 628 5275 μαχαίρᾳ.
661 5199 815 5255 Ἦτις
868 5197 1040 5248 κεῖται
1103 5195 1197 5267 μὶν
1258 5194 1311 5249 ἐν
1361 5192 1724 5268 Νικομηδείᾳ,
1766 5208 2009 5272 θαυματ-

337 5293 538 5364 ουργεῖ
569 5283 627 5340 δὲ
655 5281 856 5341 ἄλλοτε
889 5281 1094 5354 πολλὰ,
1125 5286 1212 5340 καὶ
1274 5283 1342 5357 δὴ
1401 5286 1492 5341 καὶ
1523 5291 1631 5342 τῶν
1661 5292 1872 5363 τριχῶν
1901 5310 2004 5344 πα-

336 5375 578 5454 ράδοξον
611 5371 855 5452 ἔκφυσιν.

919 5467 1030 5520 Τοῦ
1055 5464 1196 5539 αὐτῇ
1235 5460 1436 5544 ἡμέρᾳ.

338 5555 619 5627 ,Αθλησις
675 5561 778 5626 τῆς
835 5553 993 5631 ἁγίας
1047 5556 1309 5682 πὶαρθὲνου
1367 5556 1455 5612 καὶ
1517 5556 1790 5635 μάρτυρος
1839 5565 2007 5617 Bm-

1117 5648 1288 5682 ισσης.

1117 5648 1288 5698 ισσης.

417 5733 722 5793 Βασίλισσα
786 5737 823 5806 ἡ
895 5735 1098 5812 μάρτυς
1163 5737 1230 5807 ἦν
1299 5737 1392 5812 μὲν
1462 5735 1550 5793 ἐπὶ
1615 5742 1726 5795 τῶν
1788 5739 2003 5816 χρόνων

2127 605 2350 664 bestias
2383 607 2741 664 damnatur:
2794 625 2829 664 a
2873 609 3088 680 quibus
3133 626 3268 665 cum
3315 609 3543 666 nullam
3569 628 3789 668 noxam

2127 698 2473 769 accepisset,
2504 698 2744 753 tandem
2775 699 2975 754 hastili
3017 699 3551 766 transverberatur,
3586 706 3645 755 et
3672 702 3788 755 vis-

2129 802 2264 842 cera
2290 787 2419 858 ejus
2445 787 2506 842 in
2539 793 2758 843 terram
2787 787 2860 843 ob
2910 789 3320 861 gravissimum
3350 789 3564 845 vulnus
3595 792 3784 846 effun-

2126 875 2386 930 duntur:
2419 893 2549 947 quae
2581 877 2708 948 ipse
2741 877 2999 948 propriis
3030 878 3307 933 manibus
3337 879 3684 950 praeferens,
3717 896 3788 934 ex

2125 964 2271 1020 urbe
2304 966 2569 1021 Cassarea
2600 966 2921 1038 egreditur,
2946 971 3001 1022 et
3033 984 3168 1022 cum
3199 969 3521 1040 gratiarum
3552 969 3786 1024 actione

2126 1058 2392 1110 sanctam
2449 1054 2684 1111 beatam
2761 1056 3022 1112 animam
3103 1073 3271 1112 suam
3347 1057 3598 1114 Domino
3667 1060 3784 1114 Deo

2126 1142 2388 1214 tradidit,
2419 1148 2478 1199 et
2506 1145 2568 1198 in
2601 1143 2806 1200 eadem
2837 1144 2983 1200 urbe
3017 1145 3284 1217 sepultus
3317 1151 3424 1202 est.

2765 1263 2988 1319 Eodem
3022 1263 3138 1320 die.

2125 1369 2172 1427 8
2204 1372 2474 1444 Memoria
2503 1374 2689 1444 sancti
2728 1375 2913 1428 Patris
2959 1375 3134 1428 nostri
3179 1375 3410 1429 Joannis
3444 1376 3785 1444 patriarchae

2234 1442 2858 1515 Constantinopolitani,
2909 1451 3268 1514 cognomento
3313 1442 3674 1517 Jejunatoris.

2197 1622 2444 1678 Sanctus
2476 1625 2649 1680 Pater
2673 1628 2878 1679 noster
2905 1625 3162 1680 Joannes
3204 1631 3594 1699 cognomento
3623 1627 3782 1699 Jeju-

2123 1717 2298 1767 nator
2351 1717 2526 1768 natus
2591 1718 2680 1768 est
2735 1714 3291 1787 ConstantinOpoli:
3371 1716 3516 1770 vixit
3586 1722 3784 1772 autem

2124 1802 2494 1873 temporibus
2523 1803 2759 1870 Justini,
2793 1803 3030 1872 Tiberii,
3065 1809 3124 1859 et
3171 1805 3434 1860 Mauricii
3466 1806 3785 1878 imperato-

2053 1903 2101 1969 B
2130 1907 2284 1946 rum.
2320 1891 2424 1946 Hic
2454 1892 2712 1963 primum
2744 1892 2984 1963 quidem
3018 1895 3365 1949 statuariam
3395 1900 3583 1950 artem
3616 1912 3786 1951 exer-
3831 1894 3838 1901 ’

2129 1981 2288 2037 cuit:
2322 1980 2535 2036 deinde
2566 1981 2639 2036 ob
2671 1981 2887 2037 multas
2933 1988 2992 2038 et
3033 1984 3296 2056 egregias
3326 1984 3512 2055 ipsius
3537 1985 3782 2040 virtutes

2127 2070 2465 2142 patriarcha
2495 2070 2763 2142 ejusdem
2792 2088 3021 2144 magum
3064 2073 3228 2127 urbis
3259 2075 3635 2129 renuntiatus
3667 2079 3777 2130 est.

2127 2159 2260 2215 Fuit
2287 2163 2487 2215 autem
2512 2175 2841 2232 pauperum
2888 2166 3138 2232 amator,
3180 2161 3540 2231 misericors,
3576 2168 3633 2218 et
3661 2164 3778 2219 mi-

2129 2253 2392 2305 serator:
2422 2248 2526 2304 sed
2558 2253 2617 2304 et
2643 2249 2832 2306 multa
2859 2250 3146 2306 miracula
3175 2253 3444 2322 patravit.
3475 2255 3616 2308 Nam
3650 2269 3780 2324 pre-

2128 2337 2295 2394 cibus
2322 2338 2444 2394 suis
2472 2337 2755 2394 barbaras
2801 2344 3005 2412 gentes
3057 2357 3125 2396 ex
3173 2341 3513 2397 Macedonia
3539 2341 3778 2414 fugavit,

2128 2427 2456 2499 urbemque
2484 2428 2829 2500 gravissima
2849 2434 3014 2500 peste
3043 2429 3334 2500 liberavit,
3367 2435 3425 2486 et
3448 2431 3668 2488 multos
3689 2432 3784 2487 in-

2131 2518 2334 2573 firmos
2365 2518 2608 2582 curavit,
2643 2517 3034 2589 obsessosque
3064 2536 3098 2574 a
3129 2519 3498 2575 daemonibus
3535 2521 3781 2577 sanavit.

2128 2607 2439 2662 Orationes
2459 2607 2717 2678 denique
2739 2607 2952 2662 animae
2975 2609 3346 2676 utilissimas,
3378 2610 3568 2665 instar
3583 2613 3782 2683 magni

2126 2695 2369 2751 Joannis
2402 2695 2827 2768 Chrysostomi,
2849 2697 3223 2768 conscripsit.
3257 2699 3401 2753 Cum
3427 2717 3560 2754 vero
3592 2717 3779 2771 popu-

2126 2782 2251 2838 lum
2286 2801 2458 2840 suum
2491 2789 2694 2840 sancte
2723 2785 2938 2856 pieque
2983 2786 3253 2852 rexisset,
3289 2805 3634 2859 sacramque
3667 2791 3776 2844 Ec-

2127 2871 2372 2927 clesiam
2403 2874 2578 2927 annis
2601 2873 2910 2940 tredecim,
2935 2875 3243 2930 mensibus
3266 2877 3529 2948 quinque
3557 2878 3778 2948 optime

2125 2959 2534 3031 gubernasset,
2567 2966 2743 3032 atque
2766 2962 2840 3016 ad
2864 2979 3157 3018 summam
3180 2970 3544 3020 senectutem
3575 2983 3778 3036 perve-

2125 3051 2334 3116 nisset,
2366 3052 2427 3106 in
2457 3068 2601 3124 pace
2635 3052 2867 3108 beatam
2899 3059 3285 3126 sanctamque
3320 3055 3580 3110 animam
3613 3073 3784 3112 suam

2127 3140 2377 3196 Domino
2408 3140 2672 3210 tradidit,
2697 3146 2756 3196 et
2779 3141 3046 3214 sepultus
3077 3142 3225 3210 fuit;
3259 3148 3528 3199 ornatam
3560 3145 3789 3200 virtuti-

2126 3226 2235 3281 bus
2262 3226 2441 3283 vitam
2473 3245 2662 3297 suam,
2700 3233 2758 3284 et
2786 3230 3020 3301 reliqua
3049 3246 3084 3284 a
3114 3247 3175 3286 se
3208 3231 3492 3302 praaclare
3523 3238 3686 3304 gesta
3716 3233 3778 3288 in

2043 3285 2088 3353 θ
2125 3314 2460 3388 exemplum
2492 3316 2721 3372 cunctis
2747 3315 3116 3388 relinquens.

2685 3422 2929 3477 EODEM
2968 3423 3217 3477 MENSE.

2779 3527 2885 3582 Die
2925 3528 3119 3583 tertia.

2123 3633 2172 3688 9
2206 3632 2490 3690 Certamen
2532 3637 2868 3760 sacrosanlgti
2908 3638 3172 3760 magtyris
3223 3636 3500 3702 Anthimi,
3541 3639 3785 3708 episcopi

2825 3721 2995 3759 zcome
3038 3723 3124 3760 ue.

2825 3721 3124 3761 zcomeaue.

2194 3811 2511 3866 Anthimus
2541 3827 2709 3866 sacer
2738 3815 2964 3882 martyr
3011 3811 3122 3866 fuit
3159 3811 3516 3868 Nicomediae
3549 3814 3780 3884 episco-

2121 3913 2234 3970 pus
2264 3900 2632 3971 temporibus
2666 3899 3016 3956 Diocletiani
3053 3906 3110 3955 et
3138 3901 3496 3957 Maximiani.
3531 3904 3778 3974 Propter

2121 3994 2344 4044 motam
2365 3994 2563 4044 autem
2585 3989 2647 4043 in
2669 3990 3036 4046 Christianos
3055 3991 3530 4062 persecutionem
3554 4009 3686 4048 cum
3711 4011 3772 4048 se

2119 4077 2181 4134 in
2199 4079 2420 4134 montis
2437 4079 2746 4151 cujusdam
2770 4079 3026 4136 latebras
3047 4080 3392 4151 abdidisset,
3413 4083 3764 4138 Maximiano

2117 4169 2408 4239 proditus,
2459 4169 2708 4240 ejusque
2747 4169 2922 4240 jussu
2971 4171 3463 4241 comprehensus,
3503 4173 3761 4243 primum

2117 4258 2357 4328 quidem
2390 4257 2545 4313 saxis
2575 4258 2637 4312 in
2668 4259 2891 4314 cervice
2920 4260 3341 4315 contunditur:
3375 4261 3589 4316 deinde
3620 4277 3764 4316 can-

2115 4346 2280 4402 denti
2299 4347 2454 4402 ferro
2477 4347 2526 4418 ej
2538 4364 2608 4404 us
2631 4347 2733 4403 tali
2758 4348 3134 4420 perforantur
3158 4366 3170 4404 :
3200 4355 3403 4420 postea
3434 4368 3612 4422 super
3632 4368 3768 4406 acu-

2114 4435 2188 4490 tis
2219 4437 2454 4492 testulis
2501 4437 2838 4508 impositus,
2887 4439 3063 4511 virgis
3111 4438 3334 4510 spineis
3382 4440 3644 4494 caeditur.
3679 4441 3765 4495 Ad

2112 4523 2239 4580 haec
2270 4525 2688 4583 calceamentis
2747 4527 2954 4582 ferreis
3015 4527 3404 4583 candentibus
3462 4544 3650 4599 usque
3690 4529 3764 4584 ad

2116 4613 2345 4670 femora
2374 4615 2641 4671 induitur
2665 4632 2676 4670 :
2711 4633 2847 4671 mox
2870 4621 3015 4672 rotae
3047 4616 3340 4689 alligatus,
3364 4616 3592 4673 facibus
3618 4617 3767 4672 adu-

2117 4706 2288 4763 ritur.
2325 4707 2435 4762 Sed
2464 4723 2598 4762 cum
2629 4707 2712 4762 ita
2741 4709 3085 4764 immaniter
3128 4713 3366 4762 sanctus
3409 4709 3496 4762 vir
3525 4713 3767 4780 torque-

2118 4805 2302 4868 retur,
2359 4805 2831 4870 supervenerunt
2883 4799 3062 4855 divini
3117 4799 3332 4872 angeli,
3383 4801 3482 4871 qui
3533 4801 3684 4856 sicut
3714 4801 3767 4856 ei

2121 4889 2415 4961 supplicia
2447 4889 2862 4960 cruciatusque
2910 4888 3232 4957 leniebant,
3267 4890 3348 4944 ita
3377 4889 3634 4956 lictores,
3669 4889 3769 4960 qui

2119 4977 2315 5049 ipsum
2340 4975 3161 5039 exoruciabant,invisibiliter
3177 4977 3769 5032 cmdebant.Tandem

2118 5067 2454 5121 Maximiani
2488 5067 2786 5122 sententia
2834 5073 3014 5138 caput
3062 5067 3114 5121 ei
3162 5067 3358 5139 gladio
3399 5074 3769 5139 amputatum

2115 5154 2246 5222 fuit,
2280 5154 2438 5225 quod
2468 5154 2530 5209 in
2557 5154 2701 5210 urbe
2732 5156 3073 5211 Nicomedia
3101 5157 3379 5228 positum,
3414 5173 3548 5212 cum
3580 5158 3770 5212 multa

2117 5242 2234 5298 alia
2263 5243 2550 5298 miracula
2590 5243 2751 5312 facit,
2783 5261 2914 5299 cum
2948 5244 3195 5316 capillos
3228 5245 3480 5300 subinde
3506 5263 3763 5302 nascen-

2116 5334 2204 5386 tes
2235 5330 2667 5388 admirabiliter
2695 5332 2932 5387 emittit.

2743 5495 2964 5550 Eodem
3015 5496 3130 5551 die.

2115 5583 2218 5639 10
2251 5585 2531 5640 Certamen
2561 5591 2764 5640 sanctce
2805 5587 3038 5652 virginis
3085 5593 3135 5639 et
3181 5590 3440 5655 martyris
3466 5588 3759 5641 Basilissa}.

2187 5747 2462 5806 Basilissa
2482 5751 2708 5819 martyr
2725 5746 2838 5802 fuit
2856 5747 3221 5816 temporibus
3242 5743 3761 5805 Diocletiani.Cum
