4132 6328
368 387 452 448 29
1855 382 2343 446 SEPTEMBEB.
3707 385 3788 448 3O

365 513 457 549 πει
509 510 591 547 σοι
638 490 669 546 6
717 487 933 554 κλοιός.
989 492 1048 546 ’0
1105 488 1164 547 δὶ
1217 493 1387 546 εἶπεν
1434 490 1591 548 Οὸτω
1649 510 1742 564 μοι
1799 491 2009 565 πρέπει1

2137 490 2240 547 Cui
2273 490 2561 564 Babylas:
2591 492 2683 548 Sic
2727 508 2822 548 me
2887 491 3074 562 decet,
3133 509 3167 548 o
3220 492 3567 564 imperator,
3629 496 3696 547 ut
3726 496 3783 546 te

375 583 620 659 βασιλεῦ,
652 581 726 642 ὡς
757 578 884 636 οὖδὶ
913 580 999 636 σοὶ
1047 582 1109 636 τὸ
1165 577 1429 654 διάδημα.
1487 579 1622 635 Τότε
1651 580 1960 658 ἀπεφήνατο
1991 581 2020 636 6

367 671 741 748 Νουμεριανὸς
768 674 889 728 κατ’
917 671 1105 742 αὐτοῦ,
1158 673 1245 727 καὶ
1304 675 1414 727 τῶν
1473 667 1876 744 διδασκομένων
1931 673 2020 728 ὑπ’

369 762 538 818 αὐτοῦ
564 760 824 819 παιδίων.
875 761 1016 819 Τότε
1046 756 1306 823 λαϐόντες
1337 759 1530 823 αὐτοὺς
1563 762 1616 815 οἱ
1669 765 2016 836 στρατιῶται,

367 851 699 927 ἀπέσφαξαν.
735 850 834 906 Καὶ
876 849 1052 912 οὕτως
1112 848 1279 925 ἐτάφη
1305 850 1332 904 6
1364 846 1519 925 ἅγιος
1573 849 1718 926 παρᾶ
1771 845 2018 906 εὐλαόῶν

363 942 703 1016 Χριστιανῶν
741 985 756 1012 ,
813 936 916 1012 ἔξω
971 946 1072 1008 τῆς
1150 938 1368 1001 πόλεως
1439 940 1775 1014 Ἀντιοχείας
1808 985 1823 1012 ,
1886 942 2021 1012 μετᾶ

365 1036 475 1086 τῶν
523 1031 924 1106 περικειμένων
1008 1029 1156 1102 αὖτῷ
1209 1025 1416 1084 κλοιῶν
1474 1027 1568 1093 οὓς
1642 1027 1730 1084 διά
1786 1031 2021 1104 Χριστὸν

369 1119 500 1199 έφόρ
509 1141 623 1176 εσεν
637 1164 650 1177 .

973 1211 1052 1283 Τῇ
1078 1207 1217 1273 αὐτῆ
1250 1205 1434 1282 ἡμέρᾳ

372 1385 657 1460 ’Ἃθλησις
684 1391 794 1444 τῶν
832 1386 1002 1462 ἁγίων
1062 1386 1348 1464 μαρτύρων
1405 1385 1712 1464 Θεοδώρου,
1744 1387 2018 1458 Ὠκεανοῦ,

801 1480 1102 1551 Ἀμιανοῦ,
1139 1477 1231 1532 καὶ
1273 1475 1591 1534 Ἰουλιανοῦ.

443 1565 608 1625 Οὗτοι
642 1567 695 1621 οἱ
726 1564 878 1643 ἅγιοι
912 1567 1175 1641 μάρτυρες
1227 1567 1477 1642 ὑπῆρχον
1535 1565 1622 1621 ἐπὶ
1680 1567 2020 1639 Μαξιμιανοῦ

367 1662 467 1715 τοῦ
528 1657 799 1734 βασιλέως
835 1701 849 1716 .
911 1658 1278 1733 Κραθηθέντες
1338 1655 1396 1712 δὲ
1451 1656 1541 1713 καὶ
1609 1657 1970 1732 έρωθηθέντες
2003 1699 2019 1729 ,

371 1747 746 1824 ὡμολόγησαν
802 1748 896 1804 τὸν
956 1748 1230 1818 Δεσπότην
1285 1747 1534 1822 Χριστόν.
1593 1748 1692 1802 Καὶ
1744 1745 1831 1802 διὰ
1859 1751 2019 1802 τοῦτο

365 1839 765 1912 κρεμασθέντες
844 1835 1126 1908 έξέσθησαν
1209 1836 1407 1912 μέχρις
1493 1836 1712 1892 ὀστέων.
1795 1838 2020 1893 Ἔπειτα

365 1923 746 1999 ένεϐλήθησαν
803 1927 880 1990 είς
937 1925 1165 2003 λουτρὸν
1226 1924 1533 2004 έκπυρωδὲν
1602 1928 1868 2002 ίσχυρῶς,
1927 1928 2017 1982 καὶ

363 2018 698 2094 σφραγισθὶν
751 2020 820 2091 τῇ
879 2014 1139 2093 σφραγῖδι
1181 2021 1278 2072 τοῦ
1342 2015 1633 2092 βασιλέως,
1667 2014 1756 2071 διὰ
1811 2017 1874 2071 τὸ
1937 2017 2014 2089 μὴ

361 2105 608 2178 ἐξελθεῖν
642 2105 832 2168 αὐτοὺς
875 2108 964 2161 ἀπ’
995 2105 1180 2177 αὐτοῦ,
1241 2104 1387 2162 ἀλλᾶ
1442 2107 1727 2162 ἀποθανεῖν
1755 2105 1806 2162 έν
1842 2107 2012 2179 αὑτῷ.

368 2195 657 2271 Ἀγγελος
742 2193 800 2250 δὲ
872 2195 1073 2268 Κυρίου
1159 2194 1416 2271 ἐξήγαγεν
1476 2194 1671 2258 αὐτοὺς
1729 2189 2012 2266 ἀϐλαϐεῖς,

367 2281 802 2361 ἡσφαλισμένων
861 2285 950 2340 καὶ
1004 2283 1448 2361 ἐσφραγισμένων
1507 2288 1614 2339 τῶν
1675 2289 1872 2361 Θυρῶν.
1908 2284 2010 2341 Καὶ

370 2375 551 2430 πάλιν
582 2375 967 2450 κρατηθέντες,
1022 2375 1323 2449 ἀπάγονται
1377 2371 1478 2446 ἔξω
1531 2380 1632 2444 τῆς
1687 2374 1906 2438 πόλεως
1959 2374 2011 2429 έν

354 2463 563 2540 ἐρήμῳ
616 2463 770 2536 τόπῳ
825 2467 922 2519 τοῖ’)
978 2467 1189 2537 πικρῶς
1245 2465 1588 2542 φονευθῆναι.
1648 2463 2014 2537 Δῖτησᾶμενοι

357 2552 420 2609 δὲ
456 2553 602 2630 ὥραν
631 2560 946 2629 προσευχῆς
1003 2555 1329 2629 χαρίσασθαι
1361 2554 1548 2616 αὐτοῖς
1596 2551 1724 2616 τοὺς
1753 2553 2012 2626 δημίους,

359 2643 457 2698 καὶ
485 2643 748 2719 τυχόντες
777 2649 878 2713 τῆς
909 2643 1196 2714 αἰτήσεως,
1256 2641 1470 2704 στάντες
1528 2641 1614 2697 ἐπὶ
1673 2640 1816 2697 πολὺ
1845 2659 2015 2705 προσ-

359 2732 598 2806 ηύξαντο
637 2736 718 2804 τῷ
774 2736 910 2804 Θεῷ,
971 2732 1102 2808 ὑπὲρ
1158 2738 1260 2802 τῆς
1316 2731 1704 2805 οἷκουμενικῆς
1748 2726 2012 2785 κατασθά-

354 2843 520 2891 σεως,
554 2821 645 2876 καὶ
696 2825 808 2876 τῶν
841 2819 1006 2897 ἁγίων
1038 2819 1404 2892 Ἐκκλησιῶν·
1455 2821 1542 2875 καὶ
1603 2818 2011 2895 ηὐχαρίστησαν

352 2912 534 2984 αὐτῷ,
569 2909 652 2966 ὅτι
683 2911 996 2982 ἠξιώθησαν
1049 2914 1147 2966 τοῦ
1183 2916 1523 2987 μαρτυρῆσαι
1559 2907 1630 2964 δι’
1687 2908 1868 2964 αὐτόν.
1914 2907 2012 2965 Καὶ

358 3000 508 3056 οὕτω
561 3000 955 3065 κατακοπέντες
1000 3001 1176 3056 πάντα
1231 2999 1298 3055 τὰ
1355 2996 1521 3074 μέλη,
1578 2999 1665 3054 καὶ
1720 2999 1788 3053 τὰ
1843 2995 2010 3069 σκέλη

361 3085 766 3166 συντριϐέντες,
819 3084 1189 3162 ἐνεϐλήθησᾶν
1250 3089 1327 3152 εἷς
1383 3092 1513 3165 πῦρ,
1563 3087 1655 3144 καὶ
1695 3083 1868 3150 οὕτως
1901 3086 2012 3142 ἐτε-

353 3179 580 3252 λεσώθη
589 3200 682 3235 σαν
692 3223 706 3237 .

957 3270 1035 3343 Τῇ
1066 3267 1206 3342 αὖτῇ
1234 3267 1418 3342 ἡμέρᾳ

352 3357 636 3430 ’Δθλησις
688 3364 792 3428 τῆς
838 3358 992 3434 ἁγίας
1053 3355 1324 3434 μάρτυρος
1375 3355 1701 3434 Ἑρμιόνης,
1731 3357 2010 3434 θυγατρὸς

646 3450 746 3502 τοῦ
769 3447 922 3524 ἁγίου
954 3443 1236 3502 Φιλίππου
1256 3449 1355 3502 τοῦ
1374 3444 1690 3501 ἀποστόλου
1704 3489 1716 3505 .

350 3630 424 3684 Ἡ
482 3625 610 3702 ἁγία
671 3627 872 3700 μάρτυς
913 3627 1176 3702 Ἑρμιόνη
1235 3625 1454 3702 ὑπῆρχε
1513 3626 1607 3698 μὶν
1658 3624 1745 3680 ἐπὶ
1803 3628 2012 3698 Τραϊα-

343 3721 448 3772 νοῦ
469 3721 568 3771 τοῦ
603 3713 896 3791 βασιλέως,
925 3717 989 3784 ἦν
1035 3713 1092 3770 δὲ
1121 3714 1358 3792 θυγάτηρ
1419 3713 1704 3770 Φιλίππου
1749 3719 1846 3770 τοῦ
1871 3715 2005 3770 ἀπο-

346 3806 579 3862 στόλου.
615 3810 714 3861 Ἢν
771 3803 827 3859 δὲ
889 3804 1024 3878 αὐτῇ
1079 3802 1291 3883 ἀδελφή
1349 3803 1664 3878 καλουμένη
1728 3804 2005 3880 Εύτυχής.

344 3897 458 3953 Καὶ
509 3892 874 3969 παρεγένοντο
927 3895 980 3948 αἱ
1037 3891 1132 3948 δύο
1191 3893 1268 3956 εἲς
1323 3894 1579 3972 Ἔφεσον,
1637 3900 2007 3970 προσκυνῆσαι

339 3985 442 4039 τὸν
473 3982 748 4057 Θεολόγον
802 3980 1083 4054 Ἰωάννην,
1142 3982 1233 4038 καὶ
1292 3983 1407 4058 οὐχ
1463 3981 1616 4060 εὗρον
1658 3982 1839 4038 αὐτόν·
1877 4004 2007 4056 μετ-

342 4075 506 4147 ετέθη
535 4072 638 4148 γὰρ
672 4069 804 4143 ἤδη.
839 4071 1048 4128 Ἐλθὼν
1105 4068 1162 4127 δὲ
1217 4071 1307 4127 καὶ
1337 4073 1604 4146 Τραϊανὸς
1661 4073 1688 4127 6
1749 4071 2005 4144 βασιλεὺς

342 4164 428 4226 είς
459 4165 724 4240 Ἔφεσον,
771 4161 908 4238 πρὸς
957 4161 1047 4216 τὸν
1099 4163 1238 4217 κατὰ
1291 4165 1399 4216 τῶν
1457 4165 1674 4235 Περσῶν
1732 4161 2002 4236 πόλεμον,

340 4250 471 4327 εὗρε
504 4250 569 4306 τὸ
620 4247 797 4324 ὄνομα
823 4253 926 4319 τῆς
979 4249 1130 4326 ἁγίας
1190 4249 1497 4325 ⁹Ερμιόνης
1549 4248 1686 4323 μέγα
1740 4248 1824 4304 ἐπ’
1857 4249 2006 4306 εὐσε-

341 4337 518 4412 ϐείᾷ·
581 4341 670 4395 καὶ
733 4340 836 4415 γὰρ
886 4340 954 4408 ἦν
1013 4339 1468 4416 προφητεύουσαο
1558 4337 1648 4393 καὶ
1728 4359 2003 4415 κρατησας

339 4430 520 4499 αὐτὴν
556 4473 570 4497 ,
634 4427 724 4484 καὶ
807 4428 1206 4502 καταναγκάσας
1289 4428 1621 4504 ἀρνήσασθαι
1695 4428 1787 4483 τὸν
1869 4431 2003 4504 Χρι-

2134 580 2387 637 dedecet
2437 582 2730 638 diadema.
2779 584 2938 638 Tunc
2970 582 3368 638 Numerianus
3417 582 3778 637 sententiam

2137 671 2544 743 pronuntiavit
2569 673 2851 728 adversus
2908 689 3064 740 eum,
3099 677 3159 727 et
3206 673 3485 728 adversus
3541 688 3778 742 pueros,

2130 761 2231 831 qui
2259 761 2332 816 ab
2365 777 2432 816 eo
2465 761 2950 817 instituebantur.
2984 763 3126 818 Cum
3162 761 3296 816 illos
3316 760 3493 833 igitur
3522 761 3775 831 accepis'

2131 855 2265 906 sent
2293 849 2536 917 milites,
2584 850 2960 923 jugularunt.
2995 854 3184 922 Atque
3217 851 3296 907 ita
3327 855 3568 905 sanctus
3596 866 3630 905 δ.
3659 850 3775 922 piis

2131 939 2479 995 Christianis
2535 940 2806 1011 sepultus
2839 945 2929 995 est
2979 945 3145 996 extra
3191 939 3400 995 urbem
3449 939 3779 994 Antiochiaa

2129 1045 2252 1085 una
2282 1045 2416 1084 cum
2449 1029 2890 1101 circumpositis
2923 1030 3038 1101 ipsi
3081 1031 3327 1099 catenis,
3363 1046 3509 1101 quas
3539 1032 3781 1102 propter

2132 1119 2432 1174 Christum
2457 1119 2804 1191 pertulerat.

2777 1235 2993 1292 Eodem
3034 1236 3130 1292 die

2131 1353 2232 1408 13
2265 1353 2546 1408 Certamen
2571 1358 2884 1409 sanctorum
2913 1360 3218 1425 martyrum
3251 1353 3535 1422 Theodori,
3557 1355 3776 1420 Oceani,

2664 1442 2896 1498 Amiani
2923 1450 2974 1498 et
3004 1444 3241 1501 Iuliani.

2204 1626 2270 1680 Hi
2299 1631 2486 1686 sancti
2518 1634 2808 1701 martyres
2841 1628 3095 1684 ﬂoruere
3141 1625 3492 1681 Maximiano
3523 1627 3783 1698 impera-

2135 1718 2282 1771 tore.
2303 1719 2732 1792 Comprehensi
2756 1723 2975 1785 autem,
3001 1720 3059 1771 et
3078 1715 3444 1787 interrogati,
3470 1732 3603 1771 cum
3626 1717 3784 1770 Chri-

2134 1811 2291 1861 stum
2319 1809 2633 1865 Dominum
2652 1809 3101 1872 conﬁterentur,
3131 1805 3424 1876 suspensi,
3452 1805 3779 1878 depexique

2049 1872 2096 1938 Β
2127 1894 2199 1950 ad
2222 1912 2358 1953 ossa
2377 1898 2542 1954 fuere
2565 1915 2580 1955 :
2605 1897 2819 1953 deinde
2854 1897 2915 1951 in
2936 1894 3442 1950 ferventissimum
3467 1894 3771 1963 balneum,

2125 1983 2318 2056 sigillo
2333 1987 2710 2059 imperatoris
2724 1985 3099 2057 obsignatum
3115 2000 3189 2038 ne
3203 1983 3338 2038 inde
3354 1985 3513 2038 exire
3527 1990 3774 2054 possent

2122 2074 2228 2129 sed
2256 2075 2500 2134 interire
2555 2077 2617 2132 id
2648 2079 3020 2148 cogerentur,
3053 2072 3300 2127 detrusi.
3360 2071 3472 2126 Sed
3521 2073 3767 2144 angelus

2121 2164 2357 2220 Domini
2389 2183 2490 2222 eos
2523 2166 2766 2233 illaesos,
2824 2163 3049 2218 foribus
3095 2179 3125 2216 e
3155 2161 3394 2233 pessulo
3427 2161 3677 2216 ﬁrmatis
3709 2168 3768 2218 et

2121 2254 2469 2326 obsignatis,
2485 2255 2704 2310 eduxit.
2751 2256 2972 2310 Rursus
2991 2255 3188 2306 autem
3203 2252 3378 2322 capti,
3395 2250 3771 2307 abducuntur

2122 2348 2286 2398 extra
2314 2343 2523 2399 urbem
2556 2345 2618 2398 in
2677 2343 2976 2398 desertum
3033 2340 3252 2407 locum,
3286 2343 3351 2394 ut
3399 2339 3769 2395 truculenter

2122 2432 2638 2488 interﬁcerentur:
2665 2432 2766 2488 ubi
2781 2432 2985 2504 petita,
3009 2429 3393 2501 etimpetrata
3410 2445 3444 2484 a
3473 2430 3770 2485 carniﬁci-

2119 2521 2231 2576 bus
2261 2521 2334 2576 ad
2355 2521 2646 2577 orandum
2672 2521 2837 2586 hora,
2859 2526 3088 2576 stantes
3106 2519 3360 2573 multum
3383 2520 3605 2590 precati
3633 2525 3771 2574 sunt

2121 2611 2328 2679 Deum,
2362 2613 2621 2683 primum
2654 2611 2894 2682 quidem
2927 2627 3032 2681 pro
3066 2609 3246 2663 totius
3279 2607 3437 2662 orbis
3482 2608 3767 2663 constitu-

2121 2700 2303 2767 tione,
2346 2705 2802 2772 sanctarumque
2851 2698 3251 2754 Ecclesiarum
3283 2697 3716 2768 tranquillitate
3751 2714 3764 2752 :

2124 2788 2336 2844 deinde
2365 2790 2584 2863 gratias
2616 2789 2810 2845 eidem
2861 2793 3128 2861 egerunt,
3163 2787 3321 2858 quod
3371 2786 3531 2859 digni
3578 2786 3764 2840 habiti

2124 2882 2341 2945 essent,
2376 2878 2476 2948 qui
2507 2877 2858 2948 martyrium
2878 2894 2984 2948 pro
3003 2877 3130 2947 ipso
3153 2874 3439 2930 subirent.
3473 2877 3663 2945 Atque
3687 2876 3769 2930 ita

2122 2965 2389 3038 praecisis
2413 2966 2662 3039 singulis
2683 2965 2988 3031 membris,
3013 2963 3404 3034 cruribusque
3427 2963 3765 3034 confractis,

2127 3055 2189 3111 in
2221 3055 2418 3128 ignem
2442 3055 2669 3128 injecti,
2695 3056 2878 3111 ﬁnem
2906 3052 3137 3110 vivendi
3159 3053 3447 3109 fecerunt.

2763 3321 2983 3378 Eodem
3023 3321 3119 3377 die

2121 3443 2226 3498 ‘14
2248 3442 2530 3498 Certamen
2561 3446 2762 3498 sanctae
2800 3442 3061 3512 martyris
3089 3443 3392 3509 Hemiones,
3423 3443 3553 3513 ﬁlice
3588 3442 3766 3497 sancti

2673 3530 2923 3602 Philippi
2951 3531 3210 3601 apostoli.

2193 3648 2406 3705 Sancta
2433 3652 2659 3720 martyr
2689 3647 3029 3715 Hermione,
3050 3647 3175 3703 ﬁlia
3195 3647 3451 3719 Philippi
3484 3649 3764 3720 apostoli,

2118 3737 2322 3792 floruit
2348 3738 2599 3809 Trajano
2631 3737 3009 3807 imperatore.
3037 3736 3253 3790 Habuit
3281 3741 3480 3791 autem
3503 3755 3764 3795 sororem

2117 3829 2358 3883 nomine
2390 3829 2718 3900 Eutychen,
2753 3843 2886 3882 cum
2920 3842 3039 3896 qua
3065 3827 3364 3899 Ephesum
3396 3829 3672 3899 perrexit,
3703 3836 3768 3885 ut

2115 3919 2402 3974 Joannem
2433 3917 2791 3988 Theologum
2824 3917 3144 3972 adorarent
3177 3933 3188 3971 :
3221 3934 3340 3972 non
3375 3922 3570 3973 tamen
3601 3919 3766 3974 inve-

2115 4013 2335 4063 nerunt
2356 4024 2492 4063 eum
2516 4025 2528 4062 :
2553 4006 2874 4062 translatus
2899 4006 3057 4062 enim
3068 4008 3196 4079 jam
3219 4007 3428 4063 fuerat.
3454 4009 3627 4064 Venit
3654 4025 3760 4065 au-

2117 4104 2236 4154 tem
2265 4103 2324 4152 et
2349 4099 2636 4170 Trajanus
2666 4098 2992 4169 imperator
3021 4099 3318 4170 Ephesum
3361 4098 3436 4154 ad
3461 4101 3759 4156 Persicam

2119 4188 2582 4260 expeditionem,
2615 4186 2958 4258 audivitque
2987 4203 3208 4243 nomen
3242 4189 3590 4245 Hermiones
3622 4207 3757 4262 per-

2121 4276 2353 4333 celebre
2387 4292 2454 4331 ac
2483 4275 2907 4344 venerandum,
2936 4293 3004 4331 eo
3036 4277 3191 4347 quod
3221 4279 3565 4349 prophetico
3608 4285 3765 4336 esset

2123 4364 2324 4420 afﬁata
2342 4365 2572 4436 spiritu.
2598 4365 3099 4436 Comprehensam
3123 4366 3302 4439 igitur
3331 4383 3465 4422 cum
3492 4385 3525 4423 a
3544 4369 3761 4424 Christi

2114 4454 2280 4510 cultu
2300 4453 2592 4509 abducere
2611 4471 2730 4509 non
2755 4459 2976 4525 posset,
3003 4455 3176 4526 jubet
3199 4455 3283 4509 illi
3308 4456 3508 4527 alapas
3528 4457 3714 4513 incuti
3744 4476 3756 4514 :

342 4520 500 4590 στὸν,
534 4519 609 4580 ὡς
641 4517 740 4573 οὐκ
791 4514 989 4586 ἔπεισε,
1047 4517 1258 4573 κελεύει
1314 4517 1606 4582 τύπτεσθαι
1664 4518 1833 4588 αὐτὴν
1865 4521 2002 4575 κατὰ

2126 4543 2209 4599 :ui
2247 4543 2534 4599 Dominus
2564 4559 2880 4615 apparens,
2947 4544 3174 4599 addidit
3217 4546 3505 4615 animum,
3539 4549 3758 4602 conﬁr-

339 4611 449 4664 τοῦ
495 4607 817 4682 προσώπου.
875 4607 1189 4683 Ἐπιφανεὶς
1248 4603 1305 4661 δὲ
1361 4607 1388 4661 ὁ
1448 4608 1666 4684 Κύριος,
1723 4607 2006 4685 ἐνίσχυσεν

2126 4633 2432 4703 mavitque,
2456 4637 2522 4687 ut
2543 4603 2838 4687 tormenta
2860 4603 3092 4687 i‘ortiter
3111 4633 3417 4705 perferret.
3449 4603 3559 4691 sed
3580 4638 3757 4708 paulo

342 4697 518 4764 αὐτὴν
575 4700 851 4770 καρτερεῖν
904 4696 1044 4771 πρὸς
1108 4697 1206 4757 τὰς
1289 4695 1572 4771 βασάνους.
1629 4698 1781 4755 Μετᾶ
1833 4703 2000 4754 ταῦτα

347 4787 394 4800 -.
755 4783 769 4800 ι
1093 4784 1106 4800 .
1211 4790 1253 4800 ...
1323 4789 1346 4800 ..
1622 4785 1648 4800 ..
1899 4790 1910 4800 .

2126 4723 2244 4791 post
2273 4695 2575 4790 a-Trajano
2607 4719 2946 4787 dimittitur,
2980 4695 3136 4790 quod
3159 4721 3210 4775 ei
3240 4695 3756 4792 prmdixisse‘tfore

342 4787 406 4843 δὲ
489 4783 910 4859 προφητεύουσα
983 4784 1107 4860 περὶ
1210 4789 1481 4858 Τραϊανου
1514 4829 1530 4856 ,
1617 4785 1701 4842 ὅτι
1788 4790 1997 4860 νικήσει

2126 4785 2174 4862 it
2202 4808 2274 4862 de
2307 4783 2500 4862 Persis
2533 4783 2948 4878 triumpharet.
2978 4783 3274 4866 Adrianus
3305 4829 3462 4881 vero,
3487 4830 3668 4886 gener
3698 4821 3756 4869 et

337 4879 472 4936 τοῦς
523 4875 751 4948 Πέρσας,
780 4872 904 4928 τότε
954 4873 1050 4945 μὲν
1101 4871 1367 4943 ἀπελύθη.
1417 4875 1569 4932 Μετὰ
1617 4872 1674 4929 δὲ
1730 4877 1995 4950 Τραϊανὸν

337 4964 619 5038 κρατήσας
652 4967 750 5031 τῆς
810 4959 1137 5037 βασιλείαςὸ
1168 4956 1418 5038 γαμϐρὸς
1472 4962 1637 5018 αὐτοῦ
1691 4961 1994 5039 Ἀδριανὸς,

337 5071 609 5126 κατεσχεν
641 5049 831 5121 αὐτήν.
889 5051 986 5104 Καὶ
1051 5052 1463 5125 καταναγκάσας
1519 5053 1851 5126 ἀρνήσασθαι
1899 5055 1995 5126 μὲν

337 5145 438 5200 τὸν
473 5140 738 5215 Χριστὸν,
770 5143 926 5205 θῦσαι
958 5137 1015 5195 δὲ
1043 5145 1159 5202 τοῖς
1211 5137 1489 5213 εἰδώλοις,
1537 5144 1627 5196 καὶ
1661 5143 1739 5216 μή
1783 5142 1996 5216 πείσας,

337 5226 672 5309 προσέταξεν
731 5227 1281 5305 ἀποκεφαλισθῆναι.
1338 5234 1728 5307 Ξηρανθεισῶν
1789 5229 1847 5288 δὲ
1885 5237 1993 5289 τῶν

339 5323 555 5397 χεῖρῶν
584 5321 691 5373 τῶν
742 5314 981 5391 δημίων,
1038 5317 1374 5391 ἐπίστευσαν,
1404 5320 1493 5374 καὶ
1553 5319 1646 5375 σὸν
1706 5325 1842 5396 αυτῇ
1891 5321 1997 5378 ἀπ·-

336 5432 471 5488 εκεφ
477 5408 550 5465 αλ
561 5407 678 5478 ίσθη
686 5428 796 5463 σαν.

936 5500 1023 5570 Τῇ
1056 5497 1190 5571 αὖτῆ
1222 5499 1406 5574 ἡμέρᾳ

515 5599 727 5671 Μνήμη
757 5601 857 5653 τοῦ
903 5595 1059 5672 ἁγίου
1109 5595 1354 5661 Μωσέως
1396 5602 1492 5654 τοῦ
1522 5602 1823 5674 νομοθέτου

407 5720 654 5789 Μωυσῆς
705 5717 735 5771 6
791 5715 1076 5792 προσήτης
1130 5717 1220 5773 καὶ
1274 5712 1572 5793 νομοθέτης
1628 5741 1838 5798 γεγονεν
1871 5722 1988 5786 υἷος

2111 4912 2423 4951 successor
2452 4896 2710 4968 Trajani,
2767 4898 3258 4968 comprehensam
3327 4903 3542 4961 iterum
3602 4905 3757 4977 cogit

2107 4983 2407 5040 Christum
2454 4984 2767 5056 abnegare,
2822 4985 3117 5058 idolisque
3177 4991 3528 5047 sacriﬁcare.
3589 4995 3753 5058 Quod

2107 5091 2243 5130 cum
2275 5073 2379 5129 illa
2411 5074 2601 5130 facere
2657 5077 2977 5146 renuisset,
3031 5080 3215 5149 jussit
3263 5083 3556 5152 amputari
3625 5085 3751 5155 ejus

2106 5168 2300 5236 caput.
2337 5164 2755 5221 Arescentibus
2777 5183 2911 5221 vero
2933 5169 3283 5224 carniﬁcum
3306 5171 3604 5239 manibus,
3639 5174 3751 5244 ipsi

2106 5254 2284 5309 etiam
2337 5253 2397 5308 in
2452 5254 2750 5309 Christum
2807 5255 3206 5328 crediderunt,
3241 5263 3417 5330 atque
3463 5277 3583 5317 una
3614 5279 3750 5322 cum

2105 5341 2214 5398 illa
2244 5342 2436 5414 capite
2466 5341 2624 5414 plexi
2651 5348 2812 5398 sunt.

2737 5504 2958 5559 Eodem
3000 5506 3115 5562 die.

2317 5611 2414 5668 15
2447 5613 2714 5667 Memoria
2750 5615 2929 5667 sancti
2957 5615 3155 5684 Moysis
3185 5617 3528 5687 legislatoris.

2173 5729 2400 5800 Moyses
2421 5727 2710 5800 propheta
2731 5732 2789 5782 et
2808 5727 3112 5799 legislator
3127 5736 3290 5801 patre
3304 5730 3545 5786 Hebraeo
3566 5731 3744 5785 natus
