4132 6328
367 386 441 448 31
1716 387 2028 450 MENOLO

2180 386 2384 450 PARS
2427 388 2478 449 Ι.
3709 395 3788 454 32

366 506 438 574 in
469 519 710 591 Egypto
743 523 847 575 est.
875 520 1062 588 Hunc,
1095 535 1230 576 cum
1252 521 1479 576 Pharao
1500 536 1604 576 rex
1619 520 1845 594 Λεωτριὶ
1867 537 2022 592 pras-

2143 518 2248 580 ἐνὸς
2305 521 2412 573 τῶν
2470 512 2762 592 Ἐϐραίων,
2821 519 3100 594 γεννηθεὶς
3159 517 3212 572 ἐν
3285 518 3570 595 Αῗγὺπτῳ.
3635 524 3784 580 Ἐπει

365 609 641 680 cepisset,
673 613 740 664 ut
760 608 1142 665 Hebraaorum
1164 611 1355 683 gentis
1388 610 1637 666 masculi
1663 610 1905 680 quidem
1927 610 2018 665 in-

362 698 557 754 fantes
600 699 1091 765 interinerentur,
1123 699 1360 755 feminae
1423 717 1558 755 vero
1616 705 2012 767 servarentur,

368 793 562 844 mater
591 788 819 844 fiscella
859 789 1159 844 inclusum
1192 790 1253 844 in
1307 790 1550 846 ﬂuvium
1607 790 1877 862 projecit.
1909 789 2022 845 Sed

375 895 509 934 cum
532 879 862 934 Pharaonis
890 879 1034 943 ﬁlia,
1058 884 1125 934 ut
1145 880 1461 945 lavaretur,
1486 879 1560 936 ad
1582 881 1806 935 ﬂumen
1838 880 2023 934 venis-

371 973 480 1035 set,
514 968 802 1024 ﬁscellam
835 970 1194 1040 conspicata,
1230 974 1288 1024 et
1318 968 1607 1025 infantem
1647 969 1709 1024 in
1757 969 1864 1024 illa
1894 968 2020 1040 ploc

368 1062 624 1128 rantem,
646 1074 780 1113 eum
803 1058 864 1112 in
879 1058 1070 1113 filium
1094 1059 1206 1114 sibi
1227 1058 1545 1131 ad0ptavit,
1563 1058 2022 1115 instituendum-

369 1163 484 1219 que
517 1147 684 1202 omni
727 1147 1130 1220 Egyptiorum
1187 1148 1439 1204 scientia
1497 1148 1740 1204 curavit.
1801 1147 2019 1202 Adulto

371 1239 646 1310 apparuit
673 1239 849 1306 Deus,
880 1237 1298 1310 mandavitque
1323 1243 1390 1294 ut
1419 1230 1798 1294 Hebraaorum
1829 1255 2020 1310 popu-

370 1328 498 1385 lum
532 1345 603 1383 ex
643 1330 885 1400 rEgypto
941 1327 1239 1383 educeret.
1291 1329 1435 1383 Cum
1495 1329 1675 1401 igitur
1731 1329 2019 1400 populum

373 1417 692 1484 eduxisset,
755 1432 1038 1487 mareque
1093 1417 1358 1472 medium
1415 1417 1690 1473 scidisset
1723 1459 1736 1486 ,
1794 1433 2019 1488 perque

371 1506 601 1562 aridam
633 1504 988 1571 transiisset,
1011 1509 1242 1577 petram
1262 1505 1440 1561 etiam
1463 1506 1623 1579 virga
1652 1505 2019 1578 percutiens,

370 1613 556 1668 aquas
586 1595 725 1651 inde
756 1595 1078 1663 elicuisset,
1115 1591 1508 1670 quadraginta
1538 1597 1778 1653 demum
1825 1612 2017 1652 annos

371 1685 604 1742 militiae
633 1684 992 1756 praefuisset,
1021 1685 1195 1739 annis
1227 1690 1364 1740 ante
1396 1686 1612 1741 Christi
1637 1685 2021 1740 resurrectio-

373 1791 513 1830 nem
531 1773 696 1829 mille
716 1773 1136 1846 quadragentis
1158 1775 1453 1847 octoginta
1470 1775 1731 1846 quinque
1750 1780 2019 1830 mortuus

2132 605 2189 664 δὲ
2218 608 2540 686 πρόσταγμα
2567 612 2634 678 ἧν
2664 613 2766 664 τοῦ
2814 610 3017 685 Φαραὼ
3075 609 3342 685 βασιλέως
3386 609 3688 687 Αἰγύπτου,
3717 615 3785 671 τὰ

2133 697 2228 770 μὲν
2263 695 2476 768 θηλυκὰ
2521 701 2626 751 τῶν
2676 693 2944 772 Ἐϐραίων
2997 699 3208 775 βρεφῶν
3260 706 3680 774 περιποιεῖσθαι,
3713 703 3781 759 τὰ

2131 783 2188 842 δὲ
2245 786 2500 861 ἀρσενικὰ
2554 786 2891 863 φονεύεσθαι,
2951 785 3200 842 ἐνέϐαλεν
3261 788 3336 850 εἷς
3401 793 3686 865 συρτάριον
3742 795 3778 862 ἡ

2134 877 2319 951 μήτηρ
2350 875 2513 931 αὐτοῦ
2541 878 2634 932 τὸν
2681 878 2946 948 Μωϋσῆν,
3003 876 3094 932 καὶ
3152 873 3366 953 ἔρῥιψεν
3400 878 3475 942 εἲς
3507 883 3781 954 ποταμόν.

2130 960 2340 1036 Κατέϐη
2373 963 2431 1021 δὲ
2479 968 2515 1036 ἡ
2567 967 2804 1042 θυγάτηρ
2856 968 3060 1041 Φαραὼ
3110 966 3402 1024 λούσασθαι
3437 967 3513 1030 είς
3543 972 3634 1025 τὸν
3672 993 3782 1026 πο-

2126 1054 2323 1128 ταμόν.
2358 1054 2461 1111 Καὶ
2519 1053 2708 1110 ἰδοῦσα
2751 1057 2814 1111 τὸ
2871 1057 3181 1132 συρτᾶριον,
3229 1059 3316 1113 καὶ
3365 1059 3429 1114 τὸ
3481 1057 3698 1116 παιδίον
3729 1060 3779 1116 έν

2128 1143 2276 1216 αὐτῷ
2303 1143 2519 1217 κλαῖον,
2562 1139 2859 1200 ἀνελάϐετο
2919 1145 3047 1200 αὐτὸ
3107 1146 3183 1209 εἷς
3241 1147 3378 1208 υἱόν.
3413 1149 3518 1205 Καὶ
3549 1148 3782 1220 ἐδίδαξεν

2127 1231 2274 1305 αὐτῷ
2303 1237 2474 1288 πᾶσαν
2533 1233 2724 1306 σοφίαν
2783 1235 3122 1310 Αἰγυπτίων.
3186 1237 3479 1308 Δύξηθέντι
3523 1236 3580 1294 δὲ
3635 1240 3784 1312 αύτῷ

2128 1323 2298 1397 ἐφάνη
2357 1328 2385 1377 ὸ
2444 1324 2596 1392 Θεὸς,
2657 1325 2747 1380 καὶ
2801 1325 3119 1400 προσέταξεν
3178 1325 3448 1403 ἐξαγαγεῖν
3510 1330 3597 1384 τὸν
3649 1328 3781 1385 λαὸν

2125 1415 2234 1468 τῶν
2287 1407 2551 1486 Ἐϐραίων
2610 1412 2670 1469 ἐκ
2725 1420 2824 1483 τῆς
2885 1413 3174 1489 Αἰγύπτου·
3225 1416 3525 1493 Ἐξαγαγὼν
3558 1417 3648 1473 οὗν
3679 1419 3771 1476 τὸν

2129 1500 2284 1576 λαὸν,
2316 1503 2406 1558 καὶ
2437 1503 2623 1558 πολλὰ
2652 1509 2856 1576 σημεῖα
2901 1505 2988 1560 καὶ
3039 1503 3235 1579 τέρατα
3272 1509 3529 1578 ποιήσας,
3559 1508 3649 1563 καὶ
3679 1508 3771 1564 θά-

2127 1593 2328 1650 λασσαν
2354 1595 2558 1666 τεμὼν,
2623 1592 2713 1648 καὶ
2772 1591 2860 1648 διὰ
2917 1597 3081 1668 ξηρᾶς
3139 1597 3393 1672 περάσας,
3433 1597 3525 1652 καὶ
3573 1599 3770 1673 πέτραν

2124 1687 2194 1757 τῇ
2241 1678 2424 1760 ῥάϐδῳ
2475 1680 2732 1757 κρούσας,
2791 1684 2881 1738 καὶ
2939 1682 3084 1758 ὕδωρ
3144 1685 3196 1756 ἐξ
3253 1687 3423 1755 αὐτῆς
3478 1682 3778 1744 ἀναϐλύσαι

2125 1774 2383 1844 ποιήσας,
2439 1771 2530 1827 καὶ
2588 1775 2988 1848 τεσσαράκοντᾶ
3043 1771 3138 1845 ἔτη
3214 1777 3612 1851 στρατηγήσας,
3669 1778 3777 1850 πρὸ

379 1870 487 1933 est,
521 1864 905 1936 sepultusque
928 1864 990 1918 in
1023 1864 1280 1935 quodam
1305 1865 1490 1920 eremi
1512 1869 1713 1921 monte
1745 1881 1779 1921 a
1808 1863 2019 1920 Micha-

2143 1866 2258 1919 ὶτῶν
2347 1861 2547 1938 χιλίων
2632 1863 3062 1938 τεσσαρακοσίων
3147 1862 3613 1940 ὀγδηκονταπέντε
3674 1873 3776 1936 τῆς

381 1953 472 2013 ele
503 1971 718 2027 magno
748 1953 980 2011 militiae
1012 1954 1114 2010 Dei
1145 1953 1436 2027 principe.

925 2221 1167 2278 EODEM
1217 2221 1474 2278 MENSE.

1027 2349 1131 2405 Die
1162 2350 1372 2422 quinta

451 2475 553 2531 16
575 2473 837 2530 Memoria
855 2476 1033 2530 sancti
1056 2474 1342 2544 propheta:
1366 2473 1646 2531 Zachariae
1657 2474 1842 2546 patris
1865 2472 2030 2530 Joan-

1000 2548 1086 2602 nis
1114 2548 1404 2617 Baptista.

452 2691 763 2747 Zacharias
794 2690 1093 2758 sacerdos,
1121 2695 1292 2762 pater
1321 2690 1564 2746 Joannis
1610 2689 2028 2758 Praecursoris,

382 2779 706 2836 sacerdotis
725 2780 922 2852 etipse
941 2779 1123 2850 ﬁlius,
1147 2779 1448 2852 ingressus
1469 2779 1782 2851 templum,
1805 2784 1871 2834 ut
1893 2779 2030 2834 thus

381 2868 667 2936 adoleret,
699 2885 834 2924 cum
863 2867 1107 2924 vidisset
1135 2868 1412 2940 angelum
1445 2869 1547 2923 Dei
1585 2872 1842 2923 stantem
1859 2867 2033 2938 juxta

382 2958 569 3014 altare
602 2958 1029 3028 thymiamatis,
1056 2957 1167 3012 sibi
1186 2957 1610 3029 praedicentem
1632 2957 1778 3025 fore,
1803 2961 1870 3012 ut
1899 2973 2034 3012 con-

385 3047 704 3118 ciperetur,
721 3051 780 3102 et
794 3051 1141 3102 nasceretur
1162 3046 1272 3101 sibi
1298 3046 1457 3101 ﬁlius
1471 3047 1728 3100 Joannes
1751 3046 2030 3116 Baptista,

386 3152 581 3207 neque
608 3136 737 3206 ejus
765 3135 892 3190 voci
924 3134 1102 3189 fidem
1133 3133 1442 3189 adhiberet
1473 3174 1486 3200 ,
1521 3133 1735 3188 surdus
1782 3133 1944 3188 illico
1975 3136 2036 3188 et

2127 1955 2368 2028 Χριστοῦ
2421 1951 2761 2013 ἀναστάσεως
2809 1949 3148 2022 ἐτελεύτησε.
3208 1953 3315 2009 Καὶ
3369 1951 3536 2031 ἒτάφη
3580 1953 3632 2009 ἐν
3661 1953 3781 2030 ὄρει

2124 2044 2229 2098 τινὶ
2258 2049 2359 2113 τῆς
2416 2041 2627 2116 ἐρήμου
2683 2042 2831 2117 παρὰ
2885 2041 3121 2118 Μιχαὴλ
3177 2048 3275 2099 τοῦ
3333 2041 3574 2119 μεγάλου
3617 2046 3783 2121 ἀρχι-

2129 2153 2224 2208 στρ
2233 2134 2446 2209 ατήγου
2473 2135 2570 2188 τοῦ
2597 2135 2753 2191 Θεοῦ.

2680 2252 2859 2308 MHNI
2897 2253 2987 2328 Τῼ
3026 2254 3231 2334 ΑΥΤῼ.

2917 2360 2994 2419 Ε’.

2127 2477 2331 2550 Μνήμη
2384 2479 2482 2532 τοῦ
2541 2476 2698 2550 ἁγίου
2748 2477 3034 2553 προφήτου
3091 2477 3384 2552 Ζαχαρίου,
3442 2483 3539 2534 τοῦ
3577 2478 3779 2554 πατρὸς

2582 2565 2834 2620 Ἰωάννου
2862 2569 2959 2621 τοῦ
2991 2572 3138 2622 Βαπτ
3151 2571 3316 2624 ιστοῦ.

2205 2698 2476 2777 Ζαχαρίας
2543 2702 2571 2755 ὁ
2619 2699 2811 2774 ἱερεὺς,
2869 2702 2897 2756 ὁ
2955 2703 3141 2776 Πατήρ
3199 2701 3455 2759 Ἰωάννου
3501 2707 3598 2758 τοῦ
3633 2708 3774 2777 Προ-

2134 2789 2366 2867 δρόμου,
2407 2790 2624 2865 ὑπῆρχε
2679 2791 2773 2862 μὶν
2826 2790 2917 2845 καὶ
2977 2789 3138 2853 αὐτὸς
3195 2793 3312 2854 υἱὸς
3368 2791 3577 2866 ἱερέως·
3609 2790 3786 2848 εἰσελ-

2135 2879 2243 2945 θὼν
2273 2876 2331 2934 δὶ
2356 2878 2409 2934 έν
2438 2883 2517 2950 τῷ
2547 2883 2656 2950 ναῷ
2709 2883 2807 2934 τοῦ
2863 2881 3145 2951 θυμιᾶσαι,
3197 2877 3330 2935 εἶδεν
3381 2879 3616 2956 ἄγγελον
3649 2884 3782 2936 Θεοῦ

2135 2970 2341 3024 ἑστῶτα
2395 2966 2633 3038 πλησίον
2689 2971 2786 3022 τοῦ
2834 2967 3220 3044 θυσιαστηρίου
3276 2973 3372 3023 τοῦ
3415 2969 3786 3042 θυμιάματος,

2134 3057 2224 3112 καὶ
2260 3055 2538 3130 μηνύοντα
2591 3057 2742 3129 αύτῷ
2795 3057 2892 3126 τήν
2947 3057 3224 3132 σύλληψιν
3279 3059 3368 3112 καὶ
3407 3060 3658 3133 γέννησιν
3685 3062 3783 3113 τοῦ

2138 3148 2258 3202 υἱοῦ
2288 3146 2451 3202 αὐτοῦ
2509 3147 2760 3203 Ἰωάννου
2816 3150 2912 3202 τοῦ
2968 3147 3294 3204 Βαπτιστοῦ·
3355 3147 3654 3218 ἀπιστήσας
3706 3145 3786 3218 δὲ,

387 3230 588 3280 mutus
619 3223 886 3278 redditus
918 3227 1027 3290 est,
1061 3222 1221 3292 quod
1251 3227 1390 3277 nato
1418 3224 1644 3278 Joanne
1677 3222 1872 3278 soluta
1895 3225 2033 3276 sunt

2143 3235 2320 3312 κωφὸς
2363 3233 2454 3290 καί
2503 3232 2712 3297 ἂλαλος
2755 3234 2964 3312 γέγονε.
3024 3237 3172 3291 Μετὰ
3227 3233 3284 3290 δὲ
3337 3236 3400 3290 τὸ
3457 3237 3787 3311 γεννηθῆναι

389 3313 518 3384 ejus
549 3312 767 3384 lingua
784 3311 1043 3368 vincula.
1071 3311 1336 3367 Audiens
1359 3317 1557 3366 autem
1579 3315 1772 3367 mater
1791 3310 2032 3366 Joannis

2143 3310 2243 3382 τὸν.
2291 3326 2570 3394 Ἰωάννην,
2647 3310 2933 3398 ἐλάλησεν.
3011 3323 3311 3384 Ἀκούσασα
3387 3310 3538 3396 δὶγή
3601 3327 3785 3400 μήτηρ

391 3400 679 3457 Herodem
735 3398 1075 3456 Judaaorum
1131 3415 1335 3472 regem
1406 3400 1694 3470 cogitasse
1777 3399 2035 3455 infantes

391 3489 854 3546 Bethlehemitas
886 3488 1203 3558 trucidare,
1234 3493 1300 3544 ut
1329 3490 1617 3544 Dominus
1641 3495 1845 3544 noster
1867 3489 2035 3544 Jesus

392 3579 660 3636 Christus
690 3593 811 3634 una
853 3593 988 3633 cum
1033 3578 1264 3633 casteris
1322 3577 1712 3646 occideretur,
1767 3583 1930 3633 sexto
1962 3577 2034 3632 ab

395 3669 526 3741 ejus
575 3669 878 3723 nativitate
931 3684 1135 3723 mense
1189 3672 1481 3722 Joannem
1527 3668 1591 3722 in
1645 3683 1824 3739 specu
1875 3672 2037 3722 trans

393 3757 710 3814 Jordanem
759 3756 1006 3812 abdidit.
1045 3757 1304 3812 Herodes
1342 3773 1478 3812 vero
1509 3756 1781 3827 quaesito,
1814 3760 1874 3811 et
1916 3771 2039 3811 non

395 3849 632 3903 invento
663 3863 866 3917 puero,
915 3846 1256 3902 Zachariam
1314 3847 1444 3918 ejus
1473 3850 1704 3917 patrem
1735 3845 1797 3900 in
1821 3845 2038 3914 ;medio

396 3936 622 3992 altaris.
657 3951 774 4004 quo
806 3934 918 3988 sibi
943 3940 1214 3989 metuens
1245 3934 1608 4006 confugerat,
1635 3933 1896 4006 jugulari
1917 3935 2042 4005 jus-

398 4025 494 4094 sit,
528 4029 704 4094 atque
746 4022 877 4094 ejus
910 4024 1194 4092 sanguine
1219 4022 1506 4093 templum
1530 4023 1781 4095 aspergi.
1813 4023 2043 4095 Jugula-

396 4120 493 4169 tus
525 4117 614 4168 est
643 4111 839 4184 igitur,
889 4111 1136 4183 ejusque
1186 4111 1435 4167 cadaver
1464 4111 1536 4167 de
1565 4117 1865 4183 praarupta
1894 4128 2040 4183 rupe

397 4203 764 4276 abjecerunt.
806 4200 1109 4272 Reliquias
1164 4201 1482 4272 propinqui
1541 4201 1670 4273 ejus
1727 4201 2039 4274 collegere,

397 4298 574 4366 atque
605 4292 666 4347 in
698 4291 1038 4364 sepulcrum
1067 4295 1304 4362 patrum
1333 4289 1613 4346 intulere.

1037 4558 1259 4616 Eodem
1297 4557 1393 4614 die

615 4707 738 4761 17.
775 4707 1062 4763 Certamen
1092 4703 1273 4760 sancti
1309 4703 1570 4773 martyris
1613 4702 1828 4758 Abdiaz.

477 4852 727 4907 Sanctus
758 4854 987 4922 mactyr
1024 4848 1265 4918 Abdias,
1309 4848 1552 4904 natione
1582 4849 1783 4916 Persa,
1816 4846 2046 4919 profes-

407 4939 572 4994 sione
599 4937 994 5004 Christianus,
1027 4952 1162 4992 cum
1222 4937 1390 4992 daret
1439 4953 1679 4994 omnem
1711 4953 1952 5008 operam
1983 4939 2050 4990 ut

407 5029 884 5096 doceretomnes,
900 5031 1076 5096 atque
1093 5025 1608 5082 adhortationibus
1623 5027 1745 5081 suis
1763 5026 1836 5082 ad
1847 5041 2045 5080 veram

404 5117 721 5173 Salvatoris
741 5115 928 5172 nostri
957 5116 1093 5171 Jesu
1136 5115 1349 5171 Christi
1394 5115 1572 5170 fidem
1604 5113 2046 5187 suscipiendam

407 5207 737 5274 induceret,
762 5210 969 5276 captus
990 5221 1025 5261 a
1045 5221 1353 5278 magorum
1376 5205 1665 5276 principe,
1681 5205 1928 5276 jubetur
1950 5204 2049 5260 ab-

395 5297 600 5368 jurato
633 5295 866 5350 Christo
899 5294 1087 5350 solem
1119 5299 1177 5348 et
1201 5294 1397 5366 ignem
1427 5293 1674 5348 adorare
1701 5310 1713 5347 :
1746 5293 1855 5348 hos
1886 5292 2046 5348 enim

407 5391 692 5455 tanquam
710 5383 853 5438 deos
873 5385 1068 5439 Persae
1089 5382 1382 5439 colebant.
1398 5382 1565 5448 Quod
1585 5381 1686 5438 ille
1709 5387 2047 5437 exsecratus

409 5472 637 5544 asperis
669 5471 963 5526 malorum
986 5472 1338 5543 punicorum
1359 5471 1535 5543 virgis
1565 5472 1627 5526 in
1659 5476 1882 5537 ventre,
1902 5470 2050 5525 lum-

405 5563 615 5632 bisque
649 5560 914 5616 caeditur.
948 5563 1138 5630 Atque
1175 5559 1258 5614 ita
1313 5575 1348 5613 a
1390 5575 1566 5614 mane
1611 5559 1683 5615 ad
1735 5558 2048 5615 meridiem

406 5649 750 5706 verberatus
763 5654 821 5705 et
834 5649 1151 5715 cruciatus,
1176 5646 1642 5703 succollantibus
1655 5646 1964 5702 lictoribus
1985 5647 2048 5702 in

411 5740 654 5799 domum
677 5757 846 5801 suam
877 5739 1187 5800 semivivus
1227 5738 1572 5810 deportatur
1594 5755 1608 5795 :
1633 5742 1692 5794 et
1717 5737 1894 5810 paulo
1915 5743 2051 5812 post

2072 4647 2122 4714 D

2140 3414 2414 3488 Ἰωάννου,
2463 3413 2546 3469 ὅτι
2609 3413 2800 3489 μέλλει
2853 3413 3106 3490 Ἡρώδης
3161 3416 3188 3470 ὁ
3244 3418 3350 3470 τῶν
3384 3412 3657 3472 Ἰουδαίων
3691 3415 3788 3490 βα-

2143 3503 2324 3566 σιλεὺς
2353 3503 2593 3582 φονεύειν
2652 3503 2718 3559 τὰ
2772 3504 2824 3559 έν
2884 3503 3142 3577 Βηθλεὲμ
3197 3505 3393 3580 βρέφη,
3450 3503 3786 3578 βουλόμενος

2142 3595 2233 3651 καὶ
2263 3595 2355 3649 σὺν
2415 3594 2599 3656 αὐτοῖς
2651 3593 2892 3668 φονεύειν
2950 3594 3039 3648 καὶ
3092 3595 3182 3648 τὸν
3238 3593 3432 3670 Κύριον
3461 3596 3620 3666 ἡμῶν
3671 3595 3785 3663 Ἰη-

2145 3688 2271 3738 σοῦν
2302 3683 2552 3756 Χριστὸν,
2583 3682 2705 3738 τότε
2765 3682 2897 3756 μετὰ
2955 3689 3130 3756 μῆνας
3186 3679 3238 3752 ἕξ
3292 3689 3393 3752 τῆς
3448 3681 3612 3737 αὐτοῦ
3651 3683 3791 3751 κυή-

2145 3794 2300 3842 σεως,
2357 3771 2580 3848 ἔκρυψεν
2641 3771 2802 3826 αὐτὸν
2882 3770 2934 3826 έν
3006 3775 3085 3842 τῷ
3138 3770 3394 3842 σπηλαίῳ
3470 3771 3634 3846 πέραν
3693 3772 3790 3824 τοῦ

2145 3861 2441 3939 Ἰορδάνου.
2490 3863 2860 3932 Ἐπιζητήσας
2916 3857 2972 3914 δὲ
3035 3863 3224 3914 τοῦτον
3285 3860 3313 3914 ὁ
3371 3857 3641 3933 Ἡρώδης,
3699 3858 3792 3913 καὶ

2151 3953 2218 4025 με
2284 3951 2475 4024 εύρὼν,
2534 3949 2823 4023 προσέταξε
2879 3955 3155 4026 σφαγῆναι
3209 3948 3300 4003 τὸν
3369 3949 3574 4021 πατέρα
3633 3948 3796 4004 αὐτοῦ

2145 4041 2416 4116 Ζαχαρίαν
2479 4038 2640 4112 μέσον
2693 4043 2790 4093 τοῦ
2847 4038 3251 4112 θυσιαστηρίου,
3313 4039 3394 4093 ὃτι
3459 4039 3569 4093 ἐκεῖ
3624 4058 3798 4113 προσ-

2147 4131 2303 4211 έφυγε
2336 4126 2618 4210 φοϐηθεὶς,
2667 4130 2756 4185 καὶ
2807 4129 3037 4204 χεθῆναι
3086 4129 3150 4186 τὸ
3209 4132 3346 4202 αἷμα
3398 4129 3565 4184 αὐτοῦ
3595 4129 3674 4191 εἷς
3701 4131 3794 4184 τὸν

2145 4221 2294 4278 ναόν.
2353 4223 2597 4299 Ἐσφαγη
2657 4218 2770 4288 οὖν,
2828 4219 2918 4274 καὶ
2972 4214 3194 4296 ἕῤῥιψαν
3252 4218 3413 4273 αὐτὸν
3449 4218 3499 4272 ἐν
3533 4221 3610 4290 τῷ
3654 4237 3795 4292 κρη-

2150 4317 2290 4386 μνῷ.
2350 4312 2418 4369 Οἱ
2475 4308 2532 4366 δὲ
2589 4315 2858 4387 συγγενεῖς
2919 4307 3083 4365 αὐτου
3141 4303 3539 4380 ἀναλαϐόμενοι
3585 4307 3646 4362 τὸ
3677 4307 3796 4364 λεί-

2145 4408 2313 4480 ψανον
2371 4401 2556 4474 αὐτοῦ,
2612 4400 2895 4456 κατέθεντο
2949 4399 3002 4454 ἐν
3052 4397 3128 4471 τῷ
3180 4399 3338 4476 τάφῳ
3391 4401 3499 4453 τῶν
3549 4396 3794 4472 πατέρων

2143 4494 2334 4552 αὐτοῦ.

2746 4609 2832 4680 Τῇ
2864 4603 2999 4680 αὐτῇ
3029 4604 3210 4680 ἡμέρᾳ

2407 4724 2651 4796 Δθλησις
2678 4725 2776 4778 τοῦ
2813 4719 2970 4796 ἆγίου
3003 4723 3275 4796 μάρτυρος
3299 4715 3550 4778 Ἀϐδιοῦ.

2225 4844 2287 4901 Ὀ
2341 4841 2490 4918 ἃγιος
2553 4841 2756 4916 μάρτυς
2814 4832 3033 4895 Ἀϐδιοῦ
3091 4836 3157 4905 ἦν
3223 4837 3318 4909 μὲν
3377 4835 3438 4892 ἐκ
3483 4842 3584 4906 τῆς
3617 4837 3805 4912 χώρας

2154 4937 2261 4989 τῶν
2341 4935 2577 5006 Περσῶν
2666 4925 2993 5003 Χριπιανὸς
3075 4923 3133 4981 δὲ
3219 4927 3502 5002 ὑπάρχων,
3561 4923 3805 4980 ἐδίδασκε

2154 5022 2381 5090 πάντας,
2437 5019 2524 5074 καὶ
2582 5015 2670 5073 διὰ
2747 5016 3112 5092 παραινέσεως
3173 5011 3349 5069 ἔπειθε
3405 5016 3803 5089 προσέρχεσθαι

2153 5113 2223 5185 τῇ
2264 5109 2502 5182 ἀληθινῇ
2560 5107 2737 5162 πίστει
2794 5109 2890 5160 τοῦ
2945 5110 3205 5180 Σωτῆρος
3261 5105 3424 5176 ἡμῶν
3459 5103 3642 5173 Ἰησοῦ
3671 5103 3804 5176 Χρι-

2155 5203 2306 5256 στοῦ.
2339 5197 2643 5274 Κρατηθεὶς
2675 5193 2732 5250 δὲ
2763 5191 2851 5248 διὰ
2877 5197 3038 5248 τοῦτο
3067 5191 3214 5266 παρὰ
3249 5195 3346 5247 τοῦ
3396 5189 3664 5266 ἄρχοντος
3693 5194 3802 5246 τῶν

2157 5291 2368 5366 μάγων,
2425 5287 2514 5341 καὶ
2571 5283 2918 5360 ἀναγκασθεὶς
2977 5283 3306 5358 ἀρνήσασθαι
3372 5281 3466 5354 μὶν
3521 5281 3613 5336 τὸν
3672 5283 3808 5354 Χρι-

2157 5376 2303 5447 στὸν,
2337 5381 2708 5450 προσκυνῆσαι
2768 5370 2825 5426 δὲ
2875 5375 2953 5443 τῷ
3004 5370 3152 5442 ἡλίῳ
3207 5368 3297 5424 καὶ
3344 5374 3424 5442 τῷ
3463 5369 3592 5444 πυρὶ
3621 5372 3809 5442 (ταῦτα

2156 5466 2260 5543 γὰρ
2319 5466 2468 5539 εἶχον
2527 5465 2603 5526 ὡς
2659 5461 2812 5524 θεοὺς
2874 5461 2926 5515 οἳ
2982 5461 3222 5535 Πέρσαι),
3288 5458 3377 5514 καὶ
3439 5460 3512 5532 μή
3545 5459 3808 5530 πεισθεὶς,

2154 5555 2408 5611 τύπτεται
2463 5553 2598 5608 κατᾶ
2670 5558 2770 5623 τῆς
2837 5547 3074 5618 κοιλίας,
3147 5548 3236 5604 καὶ
3290 5553 3396 5604 τῶν
3453 5551 3602 5621 ψυῶν
3670 5548 3805 5619 μετᾶ

2160 5639 2396 5722 ῥαϐδίων
2487 5642 2683 5719 ροῗνων
2769 5640 3161 5715 ἀκαθαρίστων.
3250 5636 3353 5694 Καὶ
3419 5636 3616 5705 οὕτως,
3697 5635 3804 5691 ἀπὸ

2158 5731 2370 5812 πρωίας
2395 5731 2502 5798 ’έως
2533 5726 2900 5810 μεσημϐρίας,
2957 5728 3312 5804 τυπτόμενος,
3371 5726 3459 5782 καὶ
3516 5724 3810 5802 τομωρού-
