4132 6328
385 383 470 444 33
1813 391 2301 457 SEPTEMBER.
3723 428 3804 490 δι

390 542 579 594 μενος,
609 520 821 592 ἀπῆλθε
856 524 1093 597 βασταζό
1107 545 1272 599 μενος
1327 526 1431 583 ὑπὸ
1489 526 1728 621 δημίων,
1761 530 1858 621 *καὶ
1889 529 2028 585 έτέθτ

2157 535 2406 592 Domino
2431 543 2697 598 sanctam
2745 542 3100 620 beatamque
3132 551 3394 612 animam
3423 573 3590 617 suam
3614 565 3804 621 tradi-

385 608 444 665 ἐν
477 615 554 682 τῷ
576 612 707 683 οἳκῳ
737 611 928 683 αὐτοῦ,
986 613 1165 690 ὥσπερ
1226 618 1435 692 νεκρός.
1494 619 1593 672 Καὶ
1649 618 1784 691 μετεὶ⁵
1844 621 2036 694 μικρὸν

388 697 682 774 παρέδωκε
705 706 784 774 τῷ
829 703 1014 778 Κυρίῳ
1058 705 1155 773 τὴν
1212 706 1363 782 ἁγίαν
1419 708 1509 762 καὶ
1547 710 1816 784 μακαρίαν
1878 710 2042 764 αὐτοῦ

390 788 603 861 ψυχὴν,
641 786 851 863 χαίρων
883 790 974 844 καὶ
1009 789 1424 865 ἁγαλλιώμενος
1483 794 1649 870 μέχρι
1708 803 1809 866 τῆς
1853 795 2046 852 τελευ-

383 875 554 938 ταὲας
579 875 882 944 ἀναπνοῆς,
913 878 997 933 ’ὃτι
1058 880 1189 954 ὑπὲρ
1246 886 1343 936 τοῦ
1393 882 1656 956 ὀνόματος
1691 889 1789 940 τοῦ
1848 884 2045 959 Κυρίου

383 967 554 1035 ἡμῶν
634 967 816 1034 Ἰησοῦ
869 967 1104 1042 Χριστοῦ
1187 979 1526 1046 μαρτυρῆσαι
1580 974 1669 1028 καὶ
1753 974 2042 1038 ἀποθανεῖν

393 1057 636 1128 ἠξιώθη.
670 1059 816 1114 Μετὰ
846 1056 903 1114 δὲ
956 1065 1144 1133 τοῦτο,
1203 1061 1265 1116 τὸ
1320 1062 1505 1134 τίμιον
1566 1064 1733 1119 αὐτοῦ
1792 1063 2044 1138 λείψανον

389 1143 660 1210 λαϐόντες
688 1149 829 1212 τινες
849 1153 958 1205 τῶν
990 1151 1352 1226 Χριστιανῶν,
1383 1153 1664 1217 κατέθεντο
1693 1152 1748 1209 ἐν
1792 1155 1970 1230 τάφῳ.

999 1269 1079 1341 Τῇ
1103 1267 1240 1342 αὐτῇ
1266 1266 1450 1341 ἡμέρᾳ

497 1381 772 1453 Ἀθλησις
804 1387 912 1438 τῶν
967 1384 1138 1460 ἁγίων
1195 1385 1483 1462 μαρτύρων
1515 1386 1794 1460 Θουθαήλ,
1844 1388 1931 1442 καὶ

786 1469 1020 1538 Βαϐαίας
1050 1482 1152 1546 τῆς
1184 1474 1425 1555 ἀδελφῆς
1459 1476 1649 1534 αὐτοῦ.

467 1593 529 1648 Ὁ
589 1593 766 1667 ἅγιος,
825 1593 913 1648 καὶ
998 1593 1314 1658 πολύαθλος
1377 1595 1581 1673 μάρτυς
1629 1601 1727 1652 τοῦ
1812 1595 2044 1672 Χριστοῦ

403 1679 684 1752 Θουθαήλ,
745 1682 835 1737 καὶ
895 1679 1166 1754 Βαϐαίαὴ
1228 1683 1437 1763 ἀδελφὴ
1496 1688 1683 1742 αὐτοῦ.
1735 1686 2044 1763 Χριστιανοὶ

395 1765 571 1838 ὄντες,
606 1770 696 1825 καὶ
745 1772 836 1826 τὸν
871 1771 1073 1847 Κύριον
1129 1776 1293 1846 ἡμῶν
1348 1776 1561 1844 Ἰησοῦν
1611 1776 1851 1851 Χριστὸν
1915 1775 2048 1850 μετὰ

391 1859 710 1935 παρρησίας
763 1860 1169 1937 ὁμολογοῦντες
1229 1865 1358 1918 Θεὸν
1440 1863 1702 1934 ἀληθινὸν
1755 1867 1911 1933 εἶναι,
1955 1867 2046 1921 καὶ

397 1947 604 2022 Κύριον
680 1953 776 2003 τοῦ
834 1959 1036 2012 παντὸς
1118 1951 1350 2024 κόσμου,
1405 1953 1494 2006 καὶ
1554 1954 1900 2029 Δημιουργὸν
1957 1956 2047 2009 καὶ

395 2039 739 2112 προνοητήψ
799 2039 888 2093 καὶ
947 2038 1194 2100 πολλοὺς
1261 2045 1367 2095 τῶν
1429 2039 1715 2112 Ἐλλήνων
1797 2044 1901 2098 ἀπὸ
1951 2047 2049 2113 τῆς

393 2124 621 2195 πλάνης
651 2130 756 2179 τῶν
813 2124 1056 2181 εἷδώΛων
1117 2127 1550 2206 ἐπιστρέφοντες,
1609 2131 1699 2185 καὶ
1757 2132 1894 2207 πρὸς
1950 2134 2048 2202 τὴν

393 2214 676 2283 ἀληθινὴν
763 2215 940 2270 πίστιν
1010 2215 1422 2294 ἐπιστρέφοντες
1503 2220 1593 2275 καὶ
1675 2221 2047 2296 βαπτίζοντες,

395 2303 774 2377 ἐκρατήθησαν
858 2305 1003 2380 παρὰ
1071 2311 1181 2361 τῶν
1240 2303 1510 2363 δυσσεϐὦν
1594 2308 2044 2386 εἷ’δωλολατρῶν.

395 2393 500 2446 Καὶ
548 2393 617 2446 τὰ
674 2392 858 2448 πολλὰ
913 2397 1041 2468 παρ’
1099 2396 1277 2451 αὐτῶν
1330 2398 1626 2474 τυφθέντες,
1685 2401 1774 2454 καὶ
1831 2401 2045 2476 βασανι-

394 2481 632 2552 σθέντες,
660 2480 970 2538 τελευταῖον
1003 2485 1030 2538 ὁ
1085 2485 1182 2558 μὲν
1243 2487 1392 2562 ἅγιος
1442 2487 1693 2556 θουθαῆλ
1735 2486 1822 2543 ἐπὶ
1878 2487 2043 2560 ξύλου

389 2571 746 2644 κρεμασθείς,
777 2573 868 2627 καὶ
902 2569 1073 2635 δεθεὶς
1122 2573 1350 2648 ἐσχίσθη
1411 2573 1488 2639 εἰς
1543 2576 1700 2648 μέσον
1764 2579 1897 2650 μετᾶ
1958 2600 2041 2634 σι-

397 2659 577 2734 δηροῦ
607 2662 852 2737 πρίονος·
886 2664 974 2717 καὶ
1033 2662 1179 2718 οὕτω
1237 2661 1518 2740 παρέδωκε
1563 2667 1661 2734 τὴν
1720 2669 1927 2742 ψυχήν,
1976 2671 2039 2727 Ἦ

395 2746 455 2805 δὲ
489 2748 700 2829 ἀδελφή
734 2751 897 2806 αὐτοῦ
941 2747 1167 2819 Βαὸαία,
1227 2759 1577 2828 γυμνωθεῖσα
1607 2755 1894 2831 πρότερον,
1948 2758 2038 2813 καὶ

383 2846 654 2914 τυφθεῖσα
713 2841 978 2916 ἰσχυρῶς,
1050 2841 1139 2896 καὶ
1218 2844 1458 2915 ξεσθεῖσα
1537 2844 1730 2920 μέχρις
1817 2845 2036 2918 ὀστέων,

386 2929 621 3004 ὕστερον
680 2930 815 3004 μετὰ
860 2934 957 2985 τοῦ
1034 2930 1327 3007 κονταρίου
1389 2935 1524 2989 κατᾶ
1569 2939 1665 2989 τοῦ
1747 2935 2037 3011 τραχήλου

384 3016 626 3092 πληγὴν
681 3017 970 3092 δεξαμένη,
1050 3020 1437 3098 ἀποσφάζεται.
1519 3021 1932 3089 Τελειωθέντων
1979 3023 2036 3081 δὶ

384 3107 568 3172 οὕτως
652 3107 1000 3186 ἀμφοτέρων,
1057 3109 1123 3166 τὰ
1180 3111 1406 3185 σώματα
1460 3111 1636 3168 αὐτῶν
1712 3112 2035 3189 ἀνελόμενοι

376 3198 628 3273 εντίμως
659 3196 736 3261 εἷς
769 3196 925 3272 δόξαν
945 3203 1042 3254 τοῦ
1075 3199 1270 3278 Κυρίου
1298 3206 1458 3275 ημῶν
1486 3204 1670 3276 Ἰησοῦ
1701 3205 1959 3281 Χριστοῦ.

959 3319 1137 3374 MHNI
1156 3319 1247 3396 Τῼ
1267 3323 1462 3399 Arn}.

1213 3434 1256 3503 ζ,

447 3548 517 3606 Ἥ
551 3547 850 3623 ἀνάμνησιν
899 3549 996 3604 τοῦ
1028 3547 1078 3603 ἐν
1112 3548 1329 3612 Χώναις
1386 3551 1659 3624 θαύματος
1717 3557 1818 3608 τοῦ
1865 3577 1958 3630 με-

708 3635 881 3712 γάλου
912 3639 1354 3716 ἀρχιστρατήγου
1398 3644 1492 3694 τοῦ
1553 3639 1707 3700 Θεοῦ.

442 3757 539 3812 Ἐν
597 3758 666 3829 τῇ
720 3753 1034 3829 καλουμένῃ
1085 3759 1176 3811 νῦν
1236 3757 1330 3828 μὶν
1382 3761 1491 3812 τῶν
1563 3759 1762 3815 Χωνῶν
1843 3758 2026 3837 πόλει,

365 3845 648 3920 πρότερον
675 3842 734 3898 δὲ
792 3843 1185 3914 Κωλασσαέων,
1247 3846 1463 3921 ὑπῆρχε
1518 3847 1655 3922 ἀνήρ
1711 3871 1795 3912 τις
1854 3845 2030 3924 ὄνομα

365 3945 721 4010 Ἄρχιππος,
753 3929 992 4002 εὐλαϐής
1023 3933 1113 3988 καὶ
1148 3929 1489 4008 φοϐούμενος
1535 3938 1625 3991 τὸν
1671 3938 1822 3994 Θεὸν.
1857 3939 2029 4002 Οὗτος

365 4025 882 4098 προσκαθεζόμενος
913 4023 1065 4094 ἐντῷ
1096 4020 1356 4095 ὕδατι,τῷ
1405 4022 1493 4079 διὰ
1548 4027 1647 4094 τῆς
1694 4025 2027 4102 ἐπισκέψεως

364 4119 472 4169 τοῦ
507 4113 755 4188 μεγάλου
786 4112 1236 4188 ἀρχιστρατήγου
1287 4108 1632 4188 ἀναϐρύοντι,
1663 4116 1751 4170 καὶ
1815 4115 1904 4171 διὰ
1959 4121 2028 4174 τὰ

362 4207 644 4278 γενόμενα
704 4203 791 4259 διὰ
846 4210 945 4259 τοῦ
1030 4204 1227 4268 ὕδατος
1287 4205 1555 4280 θαύματα,
1613 4207 1859 4273 πολλοὺς
1914 4215 2022 4266 τῶν

362 4295 615 4349 ἀπίστων
674 4294 1007 4371 ἐπιστρέφων
1093 4295 1184 4349 καὶ
1265 4296 1564 4370 βαπτίζων,
1626 4297 1837 4370 ἐκίνησε
1886 4301 2022 4375 πρὸς

362 4385 575 4460 φθόνον
607 4382 734 4446 τοὺς
762 4381 1066 4454 Ἕλληνας,
1103 4386 1178 4456 μὴ
1230 4387 1491 4463 φέροντας
1520 4388 1740 4462 βλέπειν
1799 4390 1865 4442 τὰ
1919 4409 2022 4444 πα·

362 4470 571 4548 ράδοξα
600 4474 870 4545 θαύματα.
906 4472 1216 4548 Βρύχοντες
1275 4475 1368 4528 οῦν
1421 4477 1548 4538 τοὺς
1609 4474 1832 4538 ὀδόντας
1889 4479 2025 4534 κατᾶ

357 4567 468 4619 τοῦ
500 4565 703 4616 σεπτοῦ
747 4563 1112 4636 ἀγιάσματος,
1170 4562 1260 4616 καὶ
1319 4567 1415 4618 τοῦ
1474 4564 1626 4618 ὁσίου
1680 4566 2022 4641 Ἀρχίππου,

358 4648 726 4727 συναχθέντες
754 4649 949 4726 ἂπειρα
979 4650 1193 4723 πλήθη,
1251 4652 1341 4707 καὶ
1403 4650 1662 4724 δήσαντες
1695 4652 1791 4709 δύο
1852 4658 2020 4732 μεγά-

361 4741 502 4801 λους
530 4739 838 4812 ποταμοὺς,
886 4739 977 4794 καὶ
1035 4741 1280 4812 μίξαντες
1314 4740 1683 4817 ἀμφοτέρους,
1739 4741 2013 4800 ἀπέλυσαν

360 4829 570 4893 εὐθέως
597 4829 694 4885 τοῦ
724 4828 1085 4902 καταστρέψαι
1140 4829 1231 4884 τὸν
1289 4830 1439 4902 ναὸν,
1489 4831 1579 4886 καὶ
1631 4831 1693 4886 τὸ
1753 4832 2012 4908 ἁγίασμα,

357 4919 455 4975 καὶ
484 4920 578 4973 τὸν
608 4919 951 4992 Ἄρχιππον.
982 4919 1071 4980 Ὡς
1112 4915 1168 4972 δὲ
1196 4916 1426 4988 ἤκουσεν
1479 4920 1507 4974 ὁ
1539 4921 1862 4996 ’Ἄρχιππος
1916 4927 2014 4978 τοῦ

358 5011 625 5085 βρυγμοῦ
653 5013 760 5062 τῶν
819 5006 1050 5076 ὑδάτων,
1101 5007 1435 5082 παρεκάλεσε
1488 5011 1580 5065 τὸν
1641 5011 2012 5087 ἀρχιστράτη-

351 5121 458 5174 γον
520 5100 815 5172 βοηθῆσαι.
902 5099 1000 5153 Καὶ
1084 5095 1282 5162 εὐθέως
1359 5099 1544 5176 φανεὶς
1630 5095 1855 5176 ἔκρουσε
1908 5109 2008 5173 τὴν

351 5189 566 5260 πέτραν
601 5189 736 5260 μετᾶ
763 5195 860 5257 τῆς
925 5183 1148 5264 ῥάϐδου,
1210 5189 1277 5258 ἧς
1323 5195 1568 5264 κατεῖχε,
1601 5191 1686 5247 καὶ
1741 5191 2012 5268 ἐχώνευσε

349 5281 425 5333 τὰ
481 5275 652 5332 ὕδατα
709 5277 762 5332 ὲν
818 5279 978 5351 αὐτῇ.
1067 5276 1172 5334 Καὶ
1230 5277 1440 5349 ἐκλήθη
1499 5279 1528 5333 ὁ
1611 5280 1780 5346 τόπος
1826 5278 2010 5339 ἔκτοτε

346 5371 566 5427 Χῶναι.

947 5441 1032 5512 Τῇ
1057 5438 1196 5512 αὖτῇ
1229 5436 1414 5512 ἡμέρᾳ

457 5554 870 5633 νΔθλησις-τῶν
896 5554 1064 5633 ἁγίων
1097 5555 1388 5633 μαρτύρων
1418 5555 1708 5633 Εύδοξίου,
1765 5561 1902 5616 Ῥω..

684 5627 884 5702 μύλου,
942 5625 1034 5684 καὶ
1063 5625 1449 5698 τῆς’συνοδίας
1481 5625 1684 5688 αὐτῶν.

419 5729 688 5804 Εὗδόξιος
746 5732 775 5786 ὁ
828 5734 928 5786 τοῦ
1006 5734 1247 5809 Χριστοῦ
1328 5731 1533 5808 μάρτυς
1606 5733 1853 5811 ὑπῆρχεν
1912 5733 1999 5792 ἐπὶ

2152 623 2268 695 dit,
2299 643 2592 686 summam
2626 632 2810 688 animi
2844 635 2919 690 ad
2951 643 3280 697 extremum
3313 660 3502 716 usque
3526 651 3802 721 spiritum

2153 717 2545 784 prmseferens
2577 720 2872 794 laetitiam,
2904 727 3063 797 quod
3111 730 3323 802 dignus
3355 717 3594 794 habitu—3
3625 747 3803 811 esset,

2159 805 2258 874 qui
2291 823 2396 874 pro
2428 809 2661 865 Domini
2704 815 2892 869 nostri
2922 817 3058 873 Jesu
3115 820 3330 877 Christi
3370 828 3612 884 nomine
3647 848 3804 887 mar-

2157 894 2376 966 tyrium
2414 905 2786 972 mortemque
2841 905 3086 961 subiret.
3144 911 3284 966 Post
3330 912 3455 970 haec
3512 919 3802 988 pretiosas

2157 985 2286 1056 ejus
2351 986 2636 1060 reliquias
2712 992 3029 1053 Christiani
3089 1000 3471 1076 accipientes,
3527 1011 3801 1081 sepulcro

2157 1073 2496 1132 condidere.

2794 1265 3015 1325 Eodem
3065 1269 3159 1327 die

2153 1368 2255 1425 18
2289 1371 2575 1432 Certamen
2613 1387 2928 1439 sanctorum
2985 1394 3290 1458 martyrum
3353 1393 3690 1467 Thuthaelis,
3747 1406 3802 1455 et

2651 1469 2862 1527 Babaeae
2916 1480 3116 1532 sororis
3161 1482 3298 1550 ejus.

2226 1577 2946 1659 Sanctus,multorumque
2971 1595 3364 1654 certaminum
3393 1600 3611 1657 Christi
3642 1620 3799 1660 mar-

2156 1669 2249 1736 tyr
2276 1669 2584 1738 Thuthael,
2618 1675 2946 1750 Babmaque
2961 1682 3088 1752 ejus
3111 1701 3298 1756 soror,
3317 1705 3452 1744 cum
3479 1691 3799 1752 Christiani

2157 1763 2377 1823 essent,
2412 1764 2471 1813 et
2501 1778 2733 1820 summa
2763 1765 2999 1824 dicendi
3030 1771 3303 1832 libertate
3339 1783 3658 1841 Dominum
3690 1803 3797 1841 no-

2161 1849 2346 1901 strum
2373 1848 2569 1905 Jesum
2608 1853 2905 1912 Christum
2940 1876 3070 1916 esse
3101 1881 3301 1922 verum
3332 1869 3515 1927 Deum
3557 1877 3796 1932 mundi-

2156 1953 2270 2006 que
2294 1939 2473 1995 totius
2499 1943 2837 2016 Dominum,
2872 1956 3198 2009 creatorem
3222 1961 3281 2011 et
3314 1961 3792 2036 gubernatorem,

2154 2028 2599 2101 profiterentur,
2633 2036 2982 2109 Graacosque
3006 2043 3226 2100 multos
3260 2028 3340 2103 ab
3375 2050 3670 2110 idolorum
3702 2028 3796 2111 er;-

2154 2133 2286 2172 rore
2318 2117 2602 2176 abductos
2631 2125 2705 2178 ad
2737 2143 2935 2182 veram
2970 2130 3146 2186 ﬁdem
3180 2135 3558 2195 traducerent
3595 2147 3654 2197 et
3679 2143 3794 2200 ba-

2151 2205 2444 2275 ptizarent
2467 2224 2481 2273 ;
2505 2212 2720 2266 retenti
2743 2213 3470 2293 abimpiisidololatris,ab
3487 2227 3558 2283 iis
3571 2232 3794 2302 gravis-

2153 2293 2297 2349 sime
2327 2296 2814 2373 caasi,multisque
2839 2310 3150 2365 tormentis
3167 2315 3354 2369 vexati
3369 2320 3794 2378 sunt.Taudem

2149 2385 2439 2443 Thuthael
2461 2389 2523 2444 in
2556 2389 2715 2462 ligno
2749 2411 3097 2467 suspensus,
3129 2405 3188 2456 et
3216 2403 3465 2474 vinctus,
3499 2424 3662 2466 serra
3683 2411 3795 2466 fer-

2147 2491 2250 2530 rea
2279 2482 2514 2533 secatur
2543 2482 2980 2557 medius,atque
3011 2488 3093 2544 ita
3121 2492 3384 2550 animam
3409 2497 3622 2554 emisit.
3652 2502 3795 2573 Ejus

2147 2569 2344 2620 autem
2377 2585 2546 2624 soror
2580 2571 2787 2628 Babaea
2805 2576 3063 2645 primum
3097 2580 3662 2660 nudata,ﬂagrisque
3685 2569 3798 2646 (iu--

2145 2654 2380 2713 rissime
2412 2676 2587 2731 caasa,
2621 2668 2746 2719 tum
2779 2667 3005 2739 scalpta
3033 2687 3221 2742 usque
3252 2675 3326 2730 ad
3352 2694 3507 2749 ossa,
3532 2679 3791 2752 denique

2145 2743 2347 2801 hastili
2397 2749 2460 2803 in
2515 2753 2743 2809 cervice
2803 2773 3105 2827 percussa,
3148 2761 3478 2835 jugulatur.
3524 2769 3790 2834 Quorum

2145 2849 2392 2906 corpora
2417 2840 2517 2909 qui
2543 2841 2617 2896 ab
2653 2844 2738 2898 eis
2768 2845 3163 2905 Christianam
3186 2852 3365 2909 ﬁdem
3392 2856 3582 2912 edocti
3598 2865 3788 2930 erant,

2145 2921 2372 2978 occulte
2406 2925 2666 2996 sublata,
2699 2932 3065 3002 sepelierunt
3091 2938 3421 2998 honoriﬁce
3450 2921 3786 3016 adgloriam

2140 3006 2378 3068 Domini
2418 3016 2609 3072 nostri
2640 3018 2776 3076 Jesu
2807 3021 3044 3078 Christi.

2683 3195 2924 3254 EODEM
2977 3200 3229 3260 MENSE.

2812 3311 2917 3369 Die
2949 3320 3114 3373 sexta

2136 3417 2239 3474 19
2271 3422 2529 3480 Memoria
2575 3428 2834 3484 miraculi
2888 3433 3042 3503 apud
3091 3435 3306 3494 Chonas
3355 3455 3390 3496 a
3436 3457 3635 3513 magno
3683 3445 3783 3501 Dei

2671 3520 3067 3592 archistratego
3113 3526 3252 3582 editi

2205 3623 2272 3678 In
2305 3641 2375 3682 ea
2403 3627 2569 3700 urbe,
2595 3648 2724 3702 quas
2752 3650 2910 3690 nunc
2939 3637 3330 3707 Chonaa,olim
3358 3649 3556 3702 autem
3579 3648 3782 3705 Colas-

2135 3725 2199 3764 sa
2229 3710 2556 3786 dicebatur,
2589 3719 2675 3772 vir
2708 3721 2951 3790 quidam
3009 3725 3142 3795 pius
3197 3744 3266 3782 ac
3325 3730 3542 3788 timens
3570 3736 3776 3806 Deum,

2136 3799 2376 3854 nomine
2411 3803 2764 3875 Archippus,
2825 3807 3128 3865 habitabat
3187 3814 3342 3884 apud
3398 3831 3531 3872 eum
3563 3799 3783 3892 locum,

2135 3885 2294 3940 unde
2324 3889 2521 3959 magni
2556 3891 2961 3966 archistrategi
2991 3912 3172 3968 Opera
3201 3911 3554 3960 emanarant
3575 3923 3745 3978 aqua;
3771 3923 3786 3966 :

2135 3977 2235 4032 ubi
2271 3996 2405 4036 cum
2437 3982 2789 4055 innumeris,
2842 4005 2973 4058 quas
3025 4008 3131 4061 per
3177 4009 3398 4065 aquam
3432 3997 3783 4070 edebantur,

2135 4069 2440 4127 miraculis
2471 4074 2688 4130 multos
2710 4077 2986 4134 inﬁdeles
3014 4089 3385 4141 converteret
3431 4105 3498 4143 ac
3520 4088 3778 4160 baptiza-

2135 4163 2245 4225 rct,
2266 4159 2598 4216 Graecorum
2635 4163 2913 4220 invidiam
2940 4169 3274 4240 concitavit,
3312 4189 3432 4228 non
3458 4175 3781 4232 ferentium

2133 4246 2483 4302 admiranda
2506 4249 2607 4303 illa
2619 4251 2886 4323 prodigia
2898 4253 3374 4314 videre.Immani
3399 4261 3597 4334 itaque
3611 4263 3778 4318 rabie

2133 4334 2518 4392 inlustralem
2543 4347 2846 4409 aquam,et
2867 4349 3139 4399 sanctum
3162 4348 3779 4421 Archippuminﬂam-

2131 4427 2506 4494 mati,coacta
2538 4429 2852 4488 innumera
2881 4450 3196 4504 operarum
3221 4439 3779 4512 manu,duobusque

2129 4517 2359 4587 magnis
2386 4517 2447 4571 in
2481 4533 2666 4573 unum
2711 4522 3020 4578 corrivatis
3072 4524 3445 4595 ﬂuminibus,
3507 4530 3776 4600 rapidam

2129 4604 2370 4663 ﬂuentis
2400 4624 2568 4680 aquae
2583 4610 2878 4667 molemin
2911 4630 3050 4668 eum
3077 4613 3274 4670 locum
3305 4617 3777 4689 immiserunt,ut

2127 4700 2417 4772 templum
2449 4702 2649 4770 simul,
2675 4708 2734 4758 et
2760 4704 3070 4760 lustralem
3101 4707 3268 4764 illam
3299 4725 3534 4782 aquam,
3569 4716 3628 4768 et
3655 4716 3772 4768 Ar-

2127 4787 2409 4860 chippum
2432 4791 2851 4848 convellerent.
2889 4794 2961 4848 Ut
3010 4811 3145 4851 vero
3204 4799 3394 4854 sensit
3439 4800 3773 4872 Archippus

2127 4876 2409 4933 irruentis
2441 4895 2610 4950 aqum
2640 4897 2936 4952 murmur,
2968 4883 3310 4956 imploravit
3365 4889 3775 4962 archistrategi

2125 4967 2411 5022 auxilium
2439 4983 2452 5022 :
2487 4969 2586 5040 qui
2620 4971 2820 5026 statim
2852 4971 3060 5043 adfuit,
3095 4980 3155 5030 et
3211 4977 3388 5049 virga,
3425 4994 3602 5048 quam
3651 4995 3773 5050 praa

2125 5055 2402 5111 manibus
2435 5056 2710 5128 habebat,
2744 5077 3028 5131 percussa
3057 5070 3247 5135 petra,
3269 5066 3584 5137 repentino
3607 5067 3771 5137 ejus-

2123 5144 2258 5200 dem
2288 5150 2472 5217 petraa
2496 5148 2662 5205 hiatu
2707 5165 2892 5222 aquas
2925 5151 3124 5209 obruit
3168 5171 3180 5209 :
3215 5159 3274 5210 et
3303 5172 3374 5212 ex
3401 5173 3468 5212 eo
3503 5160 3768 5226 tempore

2123 5233 2290 5292 locus
2319 5235 2422 5292 ille
2454 5236 2671 5295 Chonae
2701 5246 2946 5296 vocatus
2978 5247 3087 5298 est.

2765 5385 2986 5442 Eodem
3031 5387 3125 5444 die

2119 5499 2224 5555 πο
2255 5499 2539 5556 Certamen
2569 5507 2888 5557 sanctorum
2916 5509 3221 5573 martyrum
3242 5505 3504 5576 Eudoxii,
3521 5506 3762 5576 Romuli,

2756 5598 2807 5648 et
2834 5595 3121 5650 sociorum.

2187 5733 2487 5792 Eudoxius
2519 5733 2741 5794 Christi
2770 5741 2996 5809 martyr
3049 5737 3300 5810 Trajano
3360 5736 3762 5796 Romanorum
