4140 6302
348 291 423 350 35

345 422 709 492 imperatore
742 435 940 476 comes
967 419 1174 476 ordine
1220 419 1350 490 fuit,
1382 419 1707 491 multisque
1732 419 1992 475 militum
2023 445 2071 508 Α

346 509 614 566 millibus
646 512 706 565 in
734 511 922 566 Gallia
952 510 1577 582 imperavit.Romulus
1608 510 1991 577 autem,aulae

339 601 738 672 imperatorias
762 603 1350 673 praepositus,’auctor
1364 601 1476 656 fuit
1506 602 1700 658 eidem
1714 603 1988 674 Trajano,

338 695 405 746 ut
430 691 492 746 in
515 691 768 747 Galliam
800 693 1194 763 mitteret,qui
1225 692 1593 747 Christianos
1620 693 1843 746 milites
1874 692 1988 747 diis

335 780 653 837 immolare
690 782 1136 853 compellerent.
1163 783 1285 847 Quo
1308 787 1568 853 peracto,
1603 798 1736 837 cum
1764 781 1986 836 milites

335 870 414 924 ad
447 871 505 925 id
535 871 876 927 faciendum
930 871 1128 926 induci
1182 873 1522 943 nequirent,
1557 872 1620 926 in
1659 871 1984 926 Melitinam

334 961 629 1016 Armenia)
657 961 867 1016 urbem
900 961 1143 1034 relegati
1175 966 1332 1016 sunt.
1368 963 1506 1016 Post
1547 961 1674 1016 hinc
1695 961 1982 1016 Romulus

327 1051 679 1120 pmnitentia
705 1050 940 1117 ductus,
971 1067 1105 1106 cum
1157 1050 1220 1104 in
1277 1050 1573 1105 Christum
1605 1049 1977 1116 credidisset,

324 1140 450 1211 Traj
462 1156 761 1211 anumque
787 1139 1377 1212 objurgasset,capite
1399 1140 1608 1211 plexus
1624 1144 1728 1193 est.
1754 1137 1977 1193 Deinde

324 1244 459 1283 cum
492 1229 744 1300 imperio
766 1229 990 1301 potitus
1033 1233 1189 1284 esset
1217 1229 1626 1296 Maximianus,
1661 1227 1974 1282 edixisset-

322 1334 437 1387 que
466 1319 833 1374 Christianos
864 1319 1142 1386 interﬁci,
1177 1317 1480 1372 mandavit
1509 1334 1614 1388 per
1646 1316 1875 1371 litteras
1919 1321 1976 1371 et

321 1407 601 1462 Melitinm
633 1408 934 1479 praefecto,
966 1412 1032 1463 ut
1065 1407 1279 1462 Christi
1335 1407 1593 1462 cultores
1653 1406 1970 1462 occideret.

323 1497 511 1561 Quare
533 1497 862 1552 Eudoxium
895 1497 1197 1564 comitem,
1232 1497 1480 1568 ejusque
1528 1496 1720 1551 socios
1748 1495 1969 1551 milites

321 1586 1144 1657 comprehensos,quodidola
1174 1585 1420 1640 adorare
1451 1585 1968 1655 nollent,primum

315 1674 556 1745 quidem
588 1675 789 1730 multis
849 1674 1157 1747 suppliciis
1211 1673 1455 1743 vexavit,
1489 1673 1729 1729 demum
1773 1673 1966 1744 capite

313 1763 702 1820 obtruncavit.

952 2038 1174 2096 Eodem
1221 2037 1316 2093 die

311 2155 405 2212 2|
463 2155 746 2213 Certamen
793 2162 1110 2212 sanctorum
1162 2155 1354 2209 Fausti
1402 2152 1734 2224 presbyteri,
1784 2149 1955 2206 Abibi

833 2247 1054 2304 diaconi
1078 2253 1131 2302 et
1159 2247 1448 2301 sociorum.

379 2363 577 2419 Sancti
610 2367 903 2435 martyres
934 2365 1183 2419 Faustus
1217 2367 1275 2418 et
1298 2359 1730 2425 Abibus,Decio
1750 2357 1946 2429 impe-

295 2455 514 2520 ratore,
547 2453 642 2507 hic
662 2451 969 2519 diaconus,
1005 2451 1105 2506 ille
1164 2451 1474 2523 presbyter
1506 2447 1782 2504 Ecclesiae
1805 2447 1943 2502 Ale-

290 2541 600 2596 xandrinae
630 2541 1017 2612 fuerunt,quo
1050 2544 1316 2612 tempore
1349 2544 1408 2594 et
1428 2538 1720 2593 Fabianus
1742 2539 1941 2592 Romae

297 2631 656 2702 patriarcha,
715 2635 774 2686 et
825 2629 1159 2686 Alexander
1211 2627 1777 2699 Hierosolymorum,
1832 2641 1938 2697 pro

1613 284 2052 348 MENOLOGII
2097 284 2294 348 PARS
2339 288 2389 347 Ι.

3673 293 3749 352 36

2104 418 2381 490 Τραϊανοῦ
2442 416 2712 492 βασιλέως
2793 417 3102 492 Ῥωμαίων,
3161 420 3342 494 κόμης
3413 422 3513 491 τήν
3569 423 3742 494 τάξιν,

2095 504 2283 562 Ἐχων
2318 503 2376 560 δὲ
2408 507 2495 580 ὑφ’
2543 505 2734 562 ἑαυτοῦ
2791 509 3126 583 στρατιώτας
3185 509 3437 585 μυρίους,
3497 512 3587 566 καὶ
3645 532 3740 587 χι-

2095 591 2274 664 λίους,
2307 590 2573 671 διέτριϐεν
2602 594 2655 650 ἐν
2686 595 2897 668 Γαλλίᾳ
2920 601 2987 670 τῇ
3045 597 3223 674 χώρᾳ.
3258 599 3543 673 Ῥωμύλος
3601 598 3658 656 δὲ
3710 601 3738 656 6

2091 685 2454 758 πραιπόσιτος
2536 689 2634 740 τοῦ
2723 685 2995 759 βασιλέως
3075 681 3489 744 συνεϐούλευσεν
3587 691 3737 763 αύτῷ

2090 771 2412 828 ἀποστεῖλαι
2440 773 2517 836 εἲς
2546 774 2646 842 τήν
2681 772 2918 830 Γαλλίαν
2980 776 3194 852 χώραν,
3250 776 3342 832 καί
3395 781 3736 854 καταναγκά-

2088 882 2174 916 σαι
2204 862 2332 925 τοὺς
2362 865 2718 938 στρατιώτας,
2750 863 3110 938 Χριστιανοὺς
3167 861 3348 937 ὄντας,
3407 871 3560 932 θῦσαι
3615 873 3734 932 τοῖς

2086 951 2250 1015 θεοῖς.
2283 955 2388 1008 Καὶ
2421 951 2618 1008 τούτου
2645 953 2962 1028 γενομένου,
3025 953 3123 1010 οὑκ
3179 953 3502 1028 ἐπείσθησαν
3553 959 3731 1013 θῦσαιο

2083 1039 2174 1093 καὶ
2206 1037 2295 1096 διὰ
2321 1041 2483 1096 τοῦτο
2514 1039 2881 1116 ἐξωρίσθησαν
2927 1041 3006 1108 εἲς
3061 1041 3355 1114 Μελιτινήν
3411 1045 3574 1102 πόλιν
3630 1051 3731 1114 τῆς

2086 1128 2402 1204 Ἀρμενίας.
2487 1132 2616 1186 Εἶτα
2673 1130 3076 1205 μεταμεληθεὶς
3163 1134 3190 1188 6
3248 1133 3556 1208 Ῥωμύλος,
3640 1136 3731 1191 καὶ

2083 1219 2480 1292 πιστεύσαςτῷ
2537 1223 2776 1295 Χριστῷ,
2831 1220 2921 1276 καὶ
2976 1219 3070 1276 τὸν
3129 1224 3398 1297 Τραϊανὸν
3484 1224 3731 1300 ἐλέγξας,

2081 1307 2511 1385 ἀπεκεφαλίσθη.
2545 1309 2698 1366 Μετὰ
2754 1307 2812 1364 δὲ
2861 1313 3027 1366 ταῦτα
3084 1314 3358 1388 κρατήσας
3405 1321 3508 1384 τῆς
3570 1316 3725 1390 βασι-

2079 1394 2236 1459 λείας
2319 1398 2679 1471 Μαξιμιανὸς,
2736 1399 2823 1454 καὶ
2883 1397 3144 1462 κελεύσας
3229 1402 3542 1474 φονεύεσθαι
3601 1406 3726 1468 τοὺς

2077 1485 2464 1560 Χριστιανοὺς,
2498 1488 2792 1559 προσέταξε
2844 1485 2934 1544 διὰ
2989 1490 3330 1565 γραμμάτιον
3374 1491 3465 1546 καὶ
3520 1496 3599 1565 τῷ
3627 1501 3730 1564 τῆς

2075 1573 2376 1644 Μελιτινῆς
2408 1573 2638 1651 ἄρχοντι
2668 1574 2796 1639 τοὺς
2850 1577 2941 1633 τὸν
3003 1579 3236 1652 Χριστὸν
3286 1585 3727 1656 προσκυνοῦντας

2070 1661 2304 1721 ἀνελεῖν.
2337 1666 2496 1721 ’Όθεν
2558 1667 2831 1740 κρατήσας
2889 1664 3147 1738 Εὑδόξιον
3179 1669 3270 1723 τὸν
3327 1670 3569 1743 κόμητα,
3628 1672 3718 1727 καὶ

2067 1753 2196 1815 τοὺς
2225 1753 2317 1808 σὺν
2350 1752 2498 1825 αύτῷ
2530 1756 2883 1829 στρατιώτας,
2941 1756 3032 1811 καὶ
3090 1759 3494 1835 καταναγκάσας
3545 1781 3715 1834 προσ-

2063 1845 2290 1908 κυνῆσαι
2321 1849 2438 1906 τοῖς
2469 1841 2749 1915 εἰδώλοις,
2781 1843 2873 1900 καὶ
2907 1846 2984 1919 μὴ
3035 1845 3245 1921 πείσας,
3299 1846 3488 1904 πολλὰ
3542 1850 3708 1926 βασα-

2061 1951 2088 1985 ν
2100 1928 2215 1996 ίσας
2243 1931 2654 2010 ἀπεκεφάλισεν.

2644 2044 2721 2116 Τῇ
2753 2041 2891 2116 αὖτῇ
2923 2041 3105 2116 ἡμέρᾳ

2199 2144 2469 2218 ’Δθλησις
2515 2151 2622 2202 τῶν
2669 2147 2835 2226 ἆγίων
2871 2149 3122 2206 Φαύστου
3169 2147 3556 2228 πρεσϐυτέρου,

2234 2230 2458 2292 Ἀϐίϐου
2490 2233 2763 2310 διακόνου,
2794 2238 2885 2294 καὶ
2914 2246 3014 2310 τῆς
3044 2238 3289 2306 συνοδίας
3321 2242 3519 2304 αὐτῶν.

2125 2343 2188 2398 Οἱ
2220 2344 2361 2420 ἅγιοι
2390 2345 2654 2422 μάρτυρες
2703 2350 2972 2416 Φαῦστος,
3032 2347 3122 2402 καὶ
3177 2343 3407 2412 ’Δϐιϐος
3442 2345 3704 2428 ὑπῆρχον

2051 2430 2140 2486 ἐπὶ
2169 2438 2270 2502 τῆς
2306 2433 2589 2508 βασιλείας
2620 2433 2833 2506 Δεκίου,
2891 2437 2920 2491 6
2956 2437 3052 2508 μὲν
3110 2434 3496 2512 πρεσϐύτερος,
3551 2441 3578 2495 6
3639 2439 3697 2496 δὲ

2050 2517 2300 2584 διάκονος
2357 2529 2457 2593 τῆς
2511 2521 2846 2595 Ἐκκλησίας
2907 2523 3334 2601 Ἀλεξανδρείας.
3408 2529 3536 2585 *Οτε
3605 2529 3696 2584 καὶ

2049 2605 2325 2673 Φαϐιανὸς
2384 2612 2412 2665 6
2469 2613 2819 2688 πατριάρχης
2873 2612 3116 2687 Ῥώμης,
3186 2615 3274 2670 καὶ
3336 2615 3697 2694 Ἀλέξανδρος

2043 2699 2443 2774 Ἱεροσολύμων
2505 2701 2637 2776 ὑπὲρ
2700 2707 2940 2778 Χριστοῦ
3026 2702 3429 2782 ἐμαρτύρησαν.
3478 2711 3695 2779 Κρατηα

289 2720 522 2775 Christo
555 2720 908 2793 martyrium
932 2719 1186 2775 subiere.
1209 2718 1441 2775 Retenti
1464 2718 1643 2790 igitur
1666 2716 1739 2771 ab
1761 2715 1939 2770 Alex-

285 2809 508 2864 andriae
540 2786 842 2880 prasfe'cto,
865 2809 1236 2881 graviterque
1260 2807 1423 2875 torti,
1455 2786 1613 2877 quod
1639 2822 1674 2860 a
1704 2804 1934 2860 Christo

2050 2786 2220 2881 θέντες
2283 2786 2339 2843 δὲ
2416 2789 2564 2881 παρὰ
2625 2790 2733 2881 ’τοῦ
2809 2797 2908 2881 τῆς
2983 2791 3201 2881 πόλεως
3288 2792 3697 2881 ’ᾼλεξανδρείας

281 2898 535 2954 deﬁcere
567 2898 888 2966 nollent,in
923 2914 1224 2953 carcerem
1241 2897 1933 2964 truduntur.Rursusque

2050 2875 2332 2953 ἃρχοντος,
2409 2875 2738 2934 καὶπολλὰ
2798 2879 3226 2956 βασανισθέντες,
3311 2880 3401 2938 διὰ
3471 2885 3533 2940 τὸ
3612 2887 3689 2959 μή

279 2987 420 3043 inde
455 2989 672 3058 educti,
708 2965 1150 3060 compelluntur
1174 3003 1343 3043 sacra
1373 2987 1548 3042 idolis
1571 2985 1785 3041 facere.
1817 2982 1930 3038 Sed

2050 2965 2506 3060 ἱρνήσαςιὶθαιτὸν⁸
2526 2969 2788 3044 Χριστὸν,
2846 2966 2924 3031 είς
2981 2967 3231 3047 φυλακὴν
3288 2967 3685 3044 ἐνεϐλήθησαν.

277 3081 508 3132 tantum
539 3051 821 3147 abfuit,ut
843 3051 921 3133 ad
946 3078 1007 3133 id
1028 3077 1370 3132 faciendum
1403 3073 1928 3132 animuminduca-

2050 3054 2135 3110 Καὶ
2194 3053 2360 3111 πάλιν
2416 3051 2770 3127 ἐκϐληθέντες
2821 3061 3288 3133 κατηναγκάζοντο
3363 3059 3507 3126 θύειν
3564 3068 3682 3127 τοῖς

275 3171 431 3234 rent,
471 3171 537 3221 ut
561 3143 908 3238 praefectum
965 3167 1144 3222 etiam
1176 3165 1621 3238 redarguerent,
1655 3167 1713 3217 et
1737 3160 1925 3216 idolo-

2050 3143 2310 3238 εἰδώλοις.
2363 3147 2452 3216 Μὴ
2515 3147 2818 3209 πεισθέντες
2867 3143 2947 3238 δὲ,
3003 3147 3150 3204 ἀλλά
3211 3149 3302 3204 καὶ
3377 3148 3684 3225 ἐλέγξαντος

275 3273 409 3312 rum
441 3273 704 3312 errorem
736 3257 1175 3328 vanitatemque
1208 3259 1680 3311 contemnerent.
1717 3253 1927 3319 Quam-

2050 3235 2125 3289 τὸν
2159 3231 2419 3310 ἄρχοντα,
2451 3234 2540 3290 καὶ
2572 3236 2672 3305 τήν
2701 3240 2813 3292 τῶν
2871 3233 3122 3293 εΐδώλων
3178 3235 3393 3310 πλάνην
3422 3240 3513 3294 καὶ
3577 3262 3682 3314 μα-

275 3347 479 3403 obrem
493 3349 712 3404 sanctis
728 3349 865 3403 viris
882 3365 1130 3404 numero
1155 3347 1440 3402 tredecim
1459 3345 1719 3401 abscissa
1731 3343 1925 3415 capita

2050 3322 2289 3392 ταιότητα
2347 3323 2717 3396 ἀτιμάσαντει,
2775 3325 2871 3390 τὰς
2951 3326 3188 3404 κεφαλὰς
3265 3328 3676 3402 ἀπετμήθησαν,

273 3443 433 3492 sunt.
470 3438 581 3492 Sed
610 3443 828 3493 sanctae
855 3438 1096 3492 illorum
1115 3437 1329 3492 animae
1351 3435 1567 3492 Christi
1597 3434 1700 3488 Dei
1733 3412 1920 3488 nostri

2050 3413 2116 3467 τὸν
2161 3412 2394 3487 αριθμὸν
2459 3413 2799 3490 ὑπάρχοντες
2855 3412 2982 3472 δέκα
3038 3417 3126 3471 καὶ
3183 3423 3354 3491 τρεῖς.
3415 3420 3524 3474 Καὶ
3581 3421 3676 3484 τὰς

269 3527 546 3582 manibus
578 3527 1142 3598 commendatm,pro
1166 3525 1340 3581 nobis
1361 3523 1917 3578 Christianisinces-

269 3622 470 3671 santer
525 3616 922 3683 intercedunt,
1002 3619 1061 3670 et
1126 3613 1405 3668 ﬁdelibus
1462 3609 1919 3683 imperatoribus

264 3705 486 3761 nostris
517 3704 796 3760 adversus
840 3704 1117 3760 inimicos
1179 3703 1363 3758 robur
1409 3719 1477 3758 ac
1506 3701 1658 3756 vires
1693 3699 1920 3756 addunt

265 3795 339 3850 ad
369 3794 618 3866 gloriam
649 3793 886 3862 Christi,
921 3810 1027 3864 pro
1064 3808 1180 3863 quo
1216 3791 1570 3863 sanguinem
1610 3789 1916 3844 fuderunt.

826 3989 1069 4046 EODEM
1110 3989 1253 4043 MEN
1259 3988 1359 4042 SE.

908 4077 1012 4133 Die
1043 4077 1298 4148 septima

478 4195 578 4252 αα
610 4194 894 4250 Certamen
924 4195 1104 4250 sancti
1135 4194 1396 4262 martyris
1423 4193 1691 4249 Sozontis.

335 4287 518 4342 Sozon
548 4289 792 4356 martyr,
826 4301 896 4339 ex
946 4283 1189 4356 regione
1234 4283 1421 4355 Lyciae
1452 4282 1742 4337 oriundus
1772 4280 1904 4337 fuit.

260 4378 407 4432 Cum
437 4381 634 4434 autem
655 4374 977 4448 aliquando
1011 4374 1072 4429 in
1123 4389 1409 4445 quercum
1439 4373 1740 4446 ingentem
1763 4371 1906 4427 inci-

263 4466 468 4534 disset,
521 4465 677 4538 apud
730 4482 908 4537 quam
967 4469 1094 4520 erat
1165 4479 1340 4534 aqua,
1398 4462 1902 4534 appendissetque

2031 3502 2124 3575 μὲν
2159 3501 2311 3577 ἁγίας
2361 3501 2536 3557 αὐτῶν
2583 3503 2763 3577 ψυχὰς
2817 3503 3107 3581 παρέθεντο
3163 3504 3238 3568 εἷς
3305 3513 3495 3583 χεῖρας
3539 3514 3674 3584 Χρι-

2027 3594 2156 3646 στοῦ
2185 3595 2282 3646 τοῦ
2323 3595 2457 3646 Θεοῦ
2487 3594 2674 3665 ἡμῶν.
2734 3594 2892 3670 Ὑπὲρ
2943 3591 3002 3648 δὶ
3058 3596 3220 3668 ἡμῶν
3247 3600 3357 3650 τῶν
3407 3601 3674 3673 Χριστια-

2026 3683 2132 3734 νῶν
2193 3677 2621 3745 ἀκαταπαύστως
2680 3675 3063 3756 πρεσϐεύουσι,
3119 3683 3209 3739 καὶ
3266 3683 3396 3749 τοὺς
3453 3686 3676 3751 πιστοὺς

2030 3767 2274 3846 βασιλεῖς
2303 3771 2464 3842 ἡμῶν
2492 3770 2629 3826 κατᾶ
2654 3775 2764 3826 τῶν
2790 3768 3081 3846 πολεμίων
3116 3771 3363 3850 ἰσχυρῶς
3387 3774 3678 3853 ἐνισχύου-

2025 3878 2130 3928 σιν,
2164 3859 2242 3922 εἷς
2274 3856 2427 3932 δόξαν
2462 3861 2727 3937 Χριστοῦ,
2760 3857 2830 3916 δι’
2861 3856 2918 3917 ὅν
2949 3863 3010 3917 τὸ
3043 3865 3183 3937 αἷμα
3211 3858 3454 3940 ἐξέχεαν.

2591 3997 2770 4053 mum
2787 3999 2876 4075 Τῼ
2899 4000 3098 4078 ΑΥΤῼ.

2803 4087 2880 4141 Ζ’.

2197 4173 2481 4248 Ἀθλησις
2515 4181 2617 4233 τοῦ
2665 4176 2822 4254 ἁγίου
2869 4181 3144 4257 μάρτυρος
3177 4184 3487 4253 Σώζοντος.

2091 4293 2314 4368 Μᾶρτυς
2345 4293 2373 4347 6
2406 4294 2608 4362 Σώζων
2646 4294 2891 4371 ὑπῆρχεν
2925 4295 2986 4351 ἐκ
3034 4301 3136 4364 τῆς
3194 4299 3382 4375 χώρας
3435 4298 3660 4372 Λυκίας,

2013 4381 2226 4455 ποιμὴν
2256 4376 2548 4457 προϐάτων
2578 4383 2889 4459 γενόμενος.
2937 4385 3224 4451 Ἀπελθὼν
3281 4385 3339 4444 δέ
3396 4410 3528 4446 ποτε
3589 4389 3665 4454 εἷς

2014 4467 2141 4546 δρῦν
2197 4470 2460 4546 μεγάλην,
2517 4470 2641 4528 ἔνθα
2696 4474 2762 4543 ἦν
2850 4471 3020 4550 ὕδωρ,
3070 4477 3357 4551 ἀπέλιπεν,
3415 4480 3466 4535 ἐν
3525 4481 3661 4555 αὐτῇ

259 4555 330 4610 de
362 4556 572 4610 arbore
604 4560 724 4610 tres
758 4556 998 4627 sagittas
1032 4558 1089 4608 et
1120 4570 1347 4620 arcum,
1381 4552 1472 4607 sui
1503 4553 1690 4624 ipsius
1707 4551 1902 4608 moni-
1935 4597 1936 4602 η

2050 4565 2163 4636 ρεῖς
2192 4560 2409 4636 σαγίτας
2455 4561 2545 4616 καὶ
2593 4562 2657 4617 τὸ
2713 4562 2868 4633 τόξον
2926 4538 3090 4620 αὑτοῦ
3144 4567 3223 4630 εἰς
3283 4538 3658 4642 μνημόσυνονιο

256 4649 487 4710 menta;
509 4645 557 4698 is
579 4644 743 4698 locus
765 4645 1040 4715 precibus
1063 4643 1371 4700 sanctiviri
1391 4642 1722 4698 divinarum
1735 4659 1905 4699 cura-

257 4735 490 4789 tionum
522 4749 740 4788 munus
772 4734 1020 4805 accepit.
1084 4733 1342 4790 Docebat
1398 4737 1597 4788 autem
1647 4733 1901 4803 Graecos,

255 4827 313 4877 et
331 4822 666 4894 baptizabat
697 4838 796 4878 eos
819 4823 881 4878 in
902 4823 1144 4878 nomine
1167 4825 1380 4892 Patris,
1405 4827 1463 4877 et
1500 4823 1653 4893 Filii,
1686 4827 1744 4878 et
1773 4823 1900 4895 Spi-

253 4915 404 4969 ritus
436 4915 646 4972 sancti.
680 4916 820 4970 Post
873 4915 1002 4970 haac
1059 4914 1360 4986 ingressus
1416 4914 1713 4970 idolorum
1759 4919 1902 4970 tem-

257 5004 717 5075 plum,avulsam
733 5020 973 5059 auream
999 5003 1142 5058 idoli
1167 5019 1430 5071 manum,
1462 5004 1898 5076 contritamque

253 5093 451 5148 divisit
472 5094 854 5165 pauperibus.
888 5093 1069 5165 Cujus
1101 5092 1186 5148 rei
1208 5098 1414 5148 auctor
1452 5110 1587 5148 cum
1609 5109 1899 5164 quaerere-

252 5187 365 5251 tur,
402 5184 692 5254 multique
725 5183 1397 5254 comprehenderentur,
1431 5189 1669 5238 sanctus
1700 5184 1785 5238 vir
1804 5183 1896 5238 ul-

249 5277 339 5328 tro
364 5290 425 5328 se
476 5273 723 5328 Maximo
782 5273 1022 5343 prznsidi
1083 5273 1320 5343 obtulit,
1354 5272 1661 5328 confessus
1697 5288 1895 5328 veram

246 5364 714 5436 Christi,Deique
729 5365 916 5420 nostri
950 5363 1552 5430 ﬁdem.Quamobrem
1574 5363 1750 5420 solea:
1778 5363 1896 5419 fer-

245 5473 362 5511 reae
376 5455 449 5511 ad
463 5454 815 5527 pedumplan
825 5459 912 5509 tas
925 5454 1113 5509 acutis
1132 5454 1310 5509 clavis
1328 5452 1894 5526 afﬂguntur,quibus

244 5543 810 5616 incedens,summis
832 5543 1109 5599 laudibus
1132 5545 1318 5598 Deum
1341 5542 1642 5598 eﬂerebat.
1669 5541 1892 5598 Deinde

244 5651 570 5709 suspensus
603 5632 674 5691 de
706 5632 938 5704 arbore,
965 5633 1039 5691 ad
1092 5649 1303 5690 necem
1342 5649 1532 5705 usque
1563 5647 1752 5690 caesus
1779 5636 1889 5704 est,

2015 4649 2105 4704 καὶ
2137 4647 2227 4705 διὰ
2255 4657 2570 4726 προσευχῆς
2615 4650 2780 4706 αὐτοῦ
2831 4651 3046 4724 ἐδέξατο
3103 4656 3132 4710 6
3188 4655 3358 4721 τόπος
3413 4656 3658 4732 ἰαμάτων

2015 4737 2174 4794 θείων
2198 4739 2534 4815 χαρίσματα.
2587 4737 2868 4798 Ἐδίδασκε
2923 4741 2981 4798 δὲ
3025 4744 3154 4808 τοὺς
3213 4745 3513 4822 Ἓλληνας,
3571 4749 3661 4803 καὶ

2011 4822 2295 4898 ἐϐάπτιζεν
2326 4828 2404 4891 εἷς
2432 4830 2495 4884 τὸ
2539 4825 2712 4904 ὄνομα
2765 4835 2863 4887 τοῦ
2917 4835 3152 4909 Πατρὸς,
3209 4834 3300 4890 καὶ
3354 4840 3451 4890 τοῦ
3508 4839 3658 4907 Υἱοῦ,

2009 4917 2103 4972 καὶ
2133 4923 2229 4973 τοῦ
2259 4919 2420 4993 ἁγίου
2448 4918 2783 4993 Πνεύματος.
2815 4923 2951 4984 Εἶτα
2981 4921 3229 4992 εἷ’σῆλθεν
3264 4923 3338 4984 εἲς
3383 4925 3475 4978 τὸν
3535 4925 3660 4979 ναὸν

2012 5011 2119 5062 τῶν
2156 5005 2427 5077 εἰδώλων,
2479 5008 2568 5063 καὶ
2627 5007 2882 5082 ἀφείλετο
2938 5011 3036 5080 τήν
3094 5017 3306 5086 χρυσῆν
3357 5017 3519 5088 χεῖρα
3564 5017 3662 5068 τοῦ

2012 5095 2270 5170 εἰδώλου,
2302 5097 2392 5152 καὶ
2425 5097 2720 5174 συντρίψας
2756 5099 2922 5169 αὐτὴν
2958 5099 3186 5156 διέδωκε
3215 5107 3333 5165 τοῖς
3387 5107 3660 5176 πτωχοῖς.

2008 5184 2239 5261 Ἑτέρων
2273 5184 2364 5242 οὑν
2398 5188 2788 5261 κρατουμένων
2823 5186 2913 5243 διὰ
2967 5190 3066 5259 τὴν
3126 5195 3292 5265 χεῖρα
3345 5195 3442 5246 τοῦ
3499 5189 3658 5247 εἰδώ-

2008 5273 2132 5345 λου,
2185 5275 2490 5348 αὑτόματος
2551 5274 2724 5330 ἐλθὼν
2778 5278 2805 5332 6
2865 5279 3034 5354 ἅγιος,
3098 5277 3408 5351 παρέδωκεν
3467 5280 3654 5335 ἑαυτὸν

2007 5363 2238 5438 Μαξίμῳ
2267 5368 2346 5436 τῷ
2377 5361 2626 5438 ἄρχοντι.
2659 5364 2760 5419 Καὶ
2821 5364 3175 5440 ὁμολογήσας
3222 5369 3324 5438 τήν
3384 5367 3648 5437 ἀληθινὴν

2005 5453 2183 5508 πίστιν
2255 5456 2354 5508 τοῦ
2413 5454 2649 5528 Χριστοῦ
2721 5453 2812 5510 καὶ
2891 5459 3025 5510 Θεοῦ
3082 5459 3270 5529 ἡμῶν,
3332 5453 3646 5512 ὑποδέδεται

2010 5539 2337 5616 ὑποδήματα
2393 5539 2592 5617 σιδηρᾶ
2647 5544 2782 5617 μετὰ
2831 5543 2984 5616 ἥλων
3045 5543 3257 5618 ὀξέωνς
3315 5545 3405 5600 καὶ
3461 5549 3644 5623 φορῶν

2006 5631 2140 5688 αὐτὰ
2189 5630 2524 5708 περιεπάτει,
2571 5629 2813 5706 δοξάζων
2879 5635 2973 5691 τὸν
3031 5629 3182 5692 Θεὸν.
3241 5634 3375 5693 Εἶτα
3427 5655 3645 5712 κρεμα-
