4140 6302
385 327 460 398 39
1679 333 2009 394 MENOL04

2159 329 2366 393 PARS
2410 330 2458 390 Ι.
3718 341 3797 402 40

383 472 582 526 locum
641 467 947 537 secedens,
982 467 1371 540 quadraginta
1400 467 1609 523 diebus
1645 468 2025 540 jejunaverit,

386 561 575 614 Deum
606 575 856 630 precans
886 563 953 613 ut
980 558 1237 613 fructum
1260 558 1477 614 ventris
1509 557 1620 612 sibi
1653 556 2028 612 concederet.

386 649 501 702 Nec
535 647 732 702 minus
750 648 921 704 Anna
951 646 1112 702 domi
1138 646 1361 702 orabat.
1393 647 1536 701 Cum
1559 645 1737 718 igitur
1765 645 1902 700 illos
1935 661 2033 700 ex-

385 735 652 791 audisset
683 741 854 805 Deus,
879 736 1043 791 misit
1063 735 1357 808 angelum,
1391 736 1492 805 qui
1516 735 1791 806 promisit
1820 734 1907 790 eis
1931 749 2034 789 na-

381 824 670 879 tivitatem
703 829 920 881 sanctae
946 825 1212 880 Dominae
1234 830 1453 880 nostrae
1477 824 1741 895 Deiparm
1770 840 2036 895 semper-

384 929 498 985 que
530 913 785 986 Virginis
834 915 1050 969 Μαι-ἰεῦ.
1087 913 1252 980 Quod
1287 919 1344 969 et
1377 913 1666 986 contingit
1693 929 1800 985 pro
1843 911 2035 969 salute

381 1003 559 1058 totius
588 1003 826 1076 generis
857 1002 1123 1060 humani.

1032 1219 1254 1276 Eodem
1285 1219 1378 1276 die

559 1311 659 1366 26
692 1311 977 1366 Certamen
1006 1313 1182 1366 sancti
1230 1311 1492 1380 martyris
1542 1309 1852 1366 Seueriani.

447 1425 794 1482 Severianus
840 1431 1083 1498 martyr,
1135 1425 1327 1497 patria
1365 1425 1743 1493 Sebastenus,
1797 1422 2022 1479 Licinio

378 1515 748 1587 imperante,
795 1517 968 1572 miles
1020 1515 1149 1571 fuit.
1185 1517 1330 1571 Cum
1380 1520 1574 1571 autem
1631 1513 2026 1586 quadraginta

377 1610 669 1676 martyres
696 1605 1106 1677 comprehensi
1137 1605 1410 1672 fuissent,
1433 1611 1492 1659 et
1511 1605 1572 1659 in
1590 1620 1889 1660 carcerem
1919 1619 2024 1675 pro

378 1693 607 1748 Christo
627 1693 873 1762 detrusi,
899 1709 998 1749 eos
1021 1693 1221 1760 adivit,
1247 1697 1305 1748 et
1325 1692 1400 1748 ad
1424 1692 1844 1764 perferendum
1871 1708 2022 1746 mar-

377 1782 598 1852 tyrium
629 1782 995 1838 hortabatur.
1018 1783 1297 1855 Cognitus
1329 1787 1552 1846 autem,
1580 1787 1928 1853 captusque,
1957 1780 2032 1836 si-

2150 466 2299 520 οἰκον
2321 465 2512 534 αὐτοῦ,
2551 463 2680 519 ἀλλ’
2736 465 2987 531 ἀπελθὼν
3019 467 3096 532 εἰς
3120 468 3218 536 τὴν
3252 467 3484 544 ἔρημον,
3545 470 3800 542 ἐνήστευ-

2141 575 2226 609 σεν
2278 553 2490 628 ἡμέρας
2543 556 2944 631 τεσσαράκοντα
2995 556 3327 631 παρακαλῶν
3359 558 3450 613 τὸν
3478 561 3629 631 Θεὸν,
3661 559 3791 618 δοῦ-

2137 664 2223 698 ναι
2273 643 2421 715 αύτῷ
2479 645 2682 718 καρπὸν
2766 645 2980 708 κοιλίας
3016 691 3028 703 .
3095 647 3452 724 Προσηύχετο
3507 646 3564 705 δέ
3609 652 3699 706 καὶ
3757 655 3792 722 ἡ

2140 732 2312 788 Ἀννα
2340 731 2392 788 ἐν
2443 732 2524 806 τῷ
2555 733 2688 806 οἷ’κῳ
2744 735 2917 805 αὐτῆς
2961 737 3028 790 τὰ
3084 735 3271 810 ὅμοια.
3331 738 3430 793 Καὶ
3488 737 3791 805 ἐπακούσας

2138 821 2315 876 αὐτῶν
2350 823 2378 876 ὁ
2410 823 2563 895 Θεὸς,
2595 822 2909 880 ἀπέστειλεν
2958 822 3214 902 ἄγγελον,
3266 829 3355 883 καὶ
3395 828 3661 904 ὑπέσχετο
3697 829 3793 884 αύ-

2136 915 2253 973 τοῖς
2283 912 2382 980 τήν
2438 913 2692 988 γέννησιν
2748 920 2849 982 τῆς
2901 913 3059 990 ἁγίας
3117 916 3415 988 Δεσποίνης
3443 920 3604 992 ἡμῶν
3659 926 3792 975 Θεο-

2134 1001 2322 1071 τόκου,
2355 1000 2447 1056 καὶ
2478 999 2860 1075 ’Δειπαρθένου
2912 1003 3144 1080 Μαρίας.
3197 1007 3367 1082 Ὅπερ
3420 1007 3511 1062 καὶ
3540 1009 3756 1084 γέγονεν
3777 1054 3792 1081 ,

2139 1088 2273 1164 ὑπὲρ
2305 1090 2576 1166 σωτηρίας
2600 1091 2738 1148 ὅλου
2765 1095 2862 1148 τοῦ
2890 1093 3080 1169 γένους
3104 1099 3212 1150 τῶν
3241 1096 3567 1170 ἀνθρώπων.

2731 1210 2816 1282 Τῇ
2842 1208 2980 1284 αὐτῇ
3011 1207 3192 1284 ἡμέρᾳ

2313 1294 2583 1366 Ἀθλησις
2609 1301 2707 1352 τοῦ
2736 1297 2894 1373 ἁγίου
2929 1300 3200 1375 μάρτυρος
3241 1303 3598 1376 Σευηριανοῦ.

2211 1410 2542 1484 Σευηριανὸς
2592 1413 2620 1468 ὁ
2679 1414 2885 1487 μάρτυς
2969 1416 3214 1492 ὑπῆρχεν
3291 1415 3353 1472 ἐκ
3407 1418 3504 1488 τῆς
3559 1418 3779 1484 πόλεως

2139 1493 2484 1571 Σεϐαοτείας,
2517 1499 2605 1556 ἐπὶ
2635 1503 2734 1574 τῆς
2767 1500 3048 1578 βασιλειας
3095 1505 3368 1562 Λικιννίου
3425 1509 3785 1582 στρατευόμε-

2137 1608 2256 1650 νος.
2308 1591 2436 1646 ’Ότε
2497 1585 2554 1645 δὶ
2610 1589 2982 1668 ἐκρατήθησαν
3039 1594 3092 1648 οἱ
3149 1595 3294 1672 ἅγιοι
3380 1599 3780 1672 τεσσαράκοντα

2141 1677 2428 1755 μάρτυρες,
2469 1680 2559 1736 καὶ
2616 1682 3046 1755 ἀπεκλείσθησαν
3079 1684 3133 1740 ἐν
3189 1706 3256 1762 τῃ
3309 1686 3526 1766 φυλακῆ
3585 1686 3673 1744 διὰ
3699 1692 3792 1746 τὸν

2136 1770 2388 1840 Χριστὸν,
2420 1769 2639 1840 ἀπῆλθε
2684 1773 2821 1848 πρὸς
2880 1772 3095 1845 ἂῦτοὺς,
3151 1777 3243 1830 καὶ
3299 1776 3593 1851 παρεκάλει
3649 1780 3787 1856 πρὸς

378 1872 553 1926 stitur
573 1872 758 1943 Lysia)
777 1871 909 1927 duci
937 1888 949 1925 :
974 1889 1227 1943 cumque
1251 1871 1549 1927 Christum
1572 1871 1757 1927 libere
1779 1871 2009 1926 confite-

2135 1859 2198 1914 τὸ
2259 1859 2575 1935 μαρτύριον.
2626 1863 2983 1937 Διαγνωσθεῖς
3032 1860 3088 1920 δὲ
3143 1863 3441 1940 ἐκρατήθη,
3500 1866 3590 1922 καὶ
3645 1889 3786 1945 παρ-

375 1970 560 2029 retur,
585 1977 966 2032 erroremque
983 1967 1274 2034 argueret,
1295 1961 1528 2033 ipsique
1549 1961 1730 2033 Lysim
1753 1965 2024 2015 constan-

372 2054 466 2105 ter
495 2066 556 2105 se
587 2055 933 2121 opponeret,
967 2067 1313 2122 suspensus,
1347 2051 1543 2106 nervis
1570 2049 1810 2106 bubulis
1841 2050 2018 2105 caedi-

371 2143 487 2206 tur,
521 2139 582 2194 in
613 2140 896 2195 lateribus
942 2139 1284 2207 dilaniatur,
1329 2140 1676 2210 facibusque
1722 2139 2011 2194 aduritur.

371 2230 510 2282 Post
539 2229 665 2282 haec
695 2229 766 2282 de
802 2228 919 2283 alto
953 2245 1122 2284 muro
1155 2229 1559 2300 suspenditur,
1585 2229 1815 2283 vinctus
1847 2227 2010 2283 funi-

370 2315 503 2382 bus,
536 2316 787 2386 pedibus
818 2317 1151 2388 ingentium
1210 2333 1486 2372 saxorum
1535 2316 1691 2371 mole
1731 2316 2014 2385 oneratis,

370 2404 765 2476 manibusque
787 2410 922 2476 post
942 2409 1172 2478 tergum
1194 2405 1503 2472 revinctis;
1529 2405 1750 2477 diuque
1773 2422 2027 2477 suspen-

372 2510 494 2561 sus,
542 2493 884 2548 verberibus
939 2494 1208 2560 caeditur,
1270 2495 1465 2566 quoad
1521 2494 1685 2549 nervi
1740 2510 2018 2549 saxorum

369 2582 528 2636 mole
555 2580 738 2637 luxati
766 2587 923 2649 sunt,
962 2597 1030 2638 ac
1086 2583 1356 2638 membra
1404 2583 1713 2638 dissoluta.
1771 2583 2018 2638 Interim

365 2671 484 2726 Deo
510 2671 728 2742 gratias
771 2688 951 2744 agens
981 2677 1156 2744 atque
1188 2689 1388 2743 orans,
1447 2671 1604 2726 inter
1665 2671 2012 2744 gravissima

365 2763 662 2815 tormenta
693 2760 967 2830 decessit,
1027 2762 1091 2818 in
1149 2777 1362 2819 manus
1409 2760 1513 2817 Dei
1545 2760 1820 2833 spiritum
1853 2777 2020 2818 com-

371 2848 690 2906 mendans.

925 3028 1169 3086 EODEM
1216 3029 1469 3088 MENSE.

1007 3146 1113 3202 Die
1142 3145 1376 3204 decima

576 3260 673 3317 27
716 3261 1038 3318 Commemm
1053 3265 1166 3318 atio
1205 3261 1388 3319 sancti
1417 3262 1795 3333 Baripsabbcc.

430 3379 554 3444 Quo
587 3383 854 3452 tempore
882 3380 1067 3437 Judaai
1089 3398 1196 3454 per
1224 3381 1508 3437 invidiam
1537 3381 1847 3438 Dominum
1869 3397 2010 3436 nos-

357 3473 516 3524 trum
545 3471 746 3526 Jesum
776 3471 1070 3527 Christum
1106 3472 1264 3528 cruci
1288 3472 1554 3542 afﬁxere,
1596 3472 1846 3528 Iacobus
1877 3471 2008 3542 qui-

359 3555 496 3611 dam
528 3563 729 3613 astans
756 3559 938 3630 cruci,
974 3577 1104 3615 cum
1127 3559 1371 3616 vidisset
1401 3560 1650 3615 militem
1688 3563 1899 3615 lancea
1930 3558 2009 3614 la-

357 3647 451 3699 tus
477 3645 710 3700 Domini
738 3647 1090 3719 perforasse,
1112 3654 1168 3704 et
1185 3648 1322 3704 inde
1356 3649 1704 3721 sanguinem
1721 3653 2007 3718 etaquam

353 3734 666 3804 prodiisse,
695 3753 1037 3806 accurrens,
1073 3737 1380 3794 cucurbita
1409 3737 1741 3810 pretiosum
1773 3734 2006 3808 sangui-

354 3838 494 3877 nem
525 3824 776 3895 excepit,
810 3830 985 3896 atque
1029 3826 1187 3898 apud
1235 3843 1296 3883 se
1327 3827 1660 3894 occultavit,
1713 3826 2004 3896 illumque

353 3911 463 3965 sub
498 3917 829 3968 extremum
858 3915 990 3969 vita)
1043 3932 1163 3970 suae
1213 3922 1448 3987 tempus
1479 3915 1708 3970 duobus
1740 3914 2002 3970 eremitis

349 3999 613 4071 reliquit.
637 4003 828 4072 Atque
846 4001 929 4057 ita
950 4020 1056 4074 per
1073 4020 1284 4060 manus
1303 4005 1584 4074 deinceps
1610 4003 1857 4058 traditus
1871 4007 2004 4074 post

350 4090 571 4146 multas
604 4097 807 4148 mtates
841 4095 1110 4165 pervenit
1160 4094 1222 4150 in
1279 4099 1632 4165 potestatem
1687 4093 1999 4164 cujusdam

349 4179 434 4249 pii
466 4182 767 4251 monachi,
817 4183 1194 4255 Baripsabbm
1253 4184 1517 4251 nomine,
1543 4184 1644 4255 qui
1691 4198 1798 4254 per
1826 4182 1997 4237 illum

347 4267 552 4339 plures
579 4272 916 4326 curationes
946 4273 1284 4345 peragebat.
1318 4276 1649 4344 Antequam
1670 4277 1867 4327 autem
1895 4271 1994 4326 de-

346 4358 601 4428 cederet,
636 4366 908 4416 sanctum
957 4363 1317 4434 sanguinem
1346 4378 1468 4417 una
1497 4379 1632 4417 cum
1691 4361 1998 4416 cucurbita

343 4449 666 4520 accipiens,
699 4456 884 4507 totam
915 4452 1124 4507 urbem
1148 4453 1573 4525 regionemque
1604 4451 1769 4507 illam
1791 4451 1994 4506 obam-

341 4536 609 4607 bulabat,
637 4539 977 4612 frequentia
1005 4547 1354 4614 perpetrans
1407 4541 1714 4598 miracula.
1749 4541 1875 4606 Qua
1929 4557 1994 4596 re

2134 1950 2258 2016 ἐστη
2289 1953 2368 2021 τῷ
2397 1949 2667 2024 κριτηρίῳ
2701 1953 2898 2008 Λυσίου
2927 1957 3025 2008 τοῦ
3054 1951 3266 2019 δουκός.
3301 1956 3398 2010 Καὶ
3429 1956 3784 2033 ὁμολογήσας

2133 2038 2410 2116 παρῥησιᾳ
2437 2040 2530 2095 τὸν
2561 2041 2814 2115 Χριστὸν,
2846 2043 2936 2097 καὶ
2990 2044 3088 2112 τὴν
3126 2043 3337 2115 πλάνην
3397 2045 3638 2121 ἐλέγξας,
3694 2049 3785 2102 καὶ

2131 2131 2212 2195 τῷ
2268 2127 2438 2199 Λυσίᾳ
2494 2129 2929 2203 ἀντιταξάμενος,
2986 2133 3332 2206 κρεμασθείς,
3394 2133 3594 2213 ἐτύφθη
3649 2137 3785 2208 μετὰ

2138 2215 2442 2292 βουνεύρων
2478 2262 2492 2287 ,
2578 2217 2667 2273 καὶ
2751 2220 2949 2292 ξεσθεῖς
3033 2222 3130 2283 τὰς
3205 2221 3430 2297 πλερὰς,
3490 2225 3577 2279 καὶ
3641 2224 3786 2299 λαμ-

2131 2302 2261 2359 πάσι
2291 2305 2692 2382 καταφλεχθεὶς
2752 2306 3061 2381 ἐκρεμάσθη
3117 2306 3208 2363 ἐπὶ
3264 2308 3483 2385 τείχους
3543 2311 3783 2385 ὑψηλοῦ,

2133 2395 2402 2470 σχοινίοις
2434 2392 2622 2460 δεθείς·
2655 2395 2744 2450 καὶ
2776 2394 3051 2470 ἐδεσμήθη
3101 2397 3228 2462 τοὺς
3275 2397 3446 2462 πόδας
3476 2400 3652 2464 λίθοις
3685 2423 3783 2476 με-

2132 2481 2346 2558 γάλοις,
2381 2480 2666 2558 δεδεμένος
2691 2486 2774 2540 κεὶ
2814 2487 2910 2548 τὰς
2970 2492 3160 2561 χεῖρας
3215 2488 3413 2547 ὀπίσω.
3478 2489 3596 2546 Ἐπὶ
3630 2490 3775 2546 πολὺ

2134 2570 2192 2627 δέ
2215 2573 2578 2646 κρεμάμενος,
2610 2573 2701 2628 καὶ
2756 2579 2876 2637 ταῖς
2927 2574 3166 2652 πληγαῖς
3223 2573 3639 2653 δαπαγώμενος,
3688 2579 3779 2635 καὶ

2129 2668 2208 2736 τῷ
2242 2663 2393 2740 βάρει
2422 2668 2531 2720 τῶν
2565 2662 2733 2719 λίθων
2764 2665 2831 2720 τὰ
2887 2669 3044 2740 νεῦρα
3104 2665 3526 2742 διατεινόμενος,
3560 2671 3652 2726 καὶ
3682 2693 3780 2726 κο-

2129 2747 2408 2826 πτόμενος
2438 2752 2760 2830 ηύχαρίστει
2791 2759 2871 2828 τῶ
2917 2759 3052 2829 Θεῷ,
3111 2757 3202 2811 καὶ
3257 2760 3628 2835 προσηύχετο.
3682 2761 3777 2816 Καὶ

2130 2840 2274 2898 οὕτω
2307 2847 2516 2919 πικρῶς
2543 2844 2880 2918 βασανισθεὶς
2909 2843 3275 2918 ἐτελεύτησεν,
3318 2846 3398 2913 εἷς
3425 2854 3616 2924 χεῖρας
3649 2852 3783 2906 Θεοῦ

2125 2931 2189 2987 τὸ
2217 2935 2430 3006 πνεῦμα
2459 2935 2624 2988 αυτοῦ
2652 2934 3052 3008 παραθέμενος.

2688 3023 3214 3104 ΜΗΝΙξΣῼῖΑΠ-ᾳ.

2931 3143 2968 3196 ι,

2473 3257 2684 3331 Μνήμη
2715 3259 2814 3313 τοῦ
2867 3257 3025 3335 ἁγίου
3081 3252 3422 3335 Βαριψαϐϐἆ.

2191 3371 2340 3429 Κατὰ
2365 3373 2458 3428 τὸν
2476 3374 2666 3449 καιρὸν
2697 3375 2787 3429 ὅτε
2831 3374 2885 3429 οἱ
2934 3371 3210 3443 Ἰουδαῖοι,
3268 3371 3357 3432 διὰ
3413 3377 3631 3454 φθόνον,
3663 3379 3755 3434 τὸν

2118 3460 2316 3537 Κύριον
2373 3463 2532 3534 ἡμῶν
2589 3464 2802 3533 Ἰησοῦν
2852 3463 3088 3536 Χριστὸν
3144 3462 3502 3540 ἐσταύρωσαν,
3560 3467 3627 3536 ἦν
3679 3488 3762 3531 τις

2118 3545 2376 3613 Ἰάκωϐος
2410 3547 2605 3624 ὄνομα,
2651 3552 2932 3626 παρεστὼς
2983 3557 3063 3625 τῷ
3124 3558 3359 3628 σταυρῷ.
3419 3556 3602 3619 Ὅστις
3633 3554 3766 3612 ἰδὼν

2115 3640 2206 3694 τὸν
2263 3640 2624 3716 στρατιώτην,
2681 3642 2774 3696 τὸν
2827 3639 3215 3713 ἐκκεντήσαντα
3292 3643 3426 3717 μετᾶ
3478 3649 3576 3700 τοῦ
3627 3665 3758 3700 κον-

2112 3729 2304 3805 ταρίου
2350 3730 2448 3798 τήν
2503 3731 2742 3802 πλευρὰν
2797 3733 2894 3784 τοῦ
2961 3729 3166 3806 Κυρίου
3200 3778 3214 3803 ,
3264 3733 3364 3802 τὴν
3425 3727 3760 3791 ἐκϐλύσασαν

2113 3819 2247 3892 αἷμα
2273 3817 2364 3874 καὶ
2395 3815 2566 3894 ὕδωρ,
2612 3815 2834 3891 δραμὼν
2894 3813 3058 3874 ἔλαϐε
3113 3819 3473 3892 καλόκυνθαν,
3517 3824 3610 3877 καὶ
3642 3820 3764 3880 ἐδᾶ-

2112 3911 2236 3982 ξατο
2269 3909 2321 3963 ἐν
2353 3907 2486 3983 αύτῃ
2517 3909 2579 3964 τὸ
2609 3909 2793 3982 τίμιον
2844 3911 3001 3983 αἷμα,
3031 3909 3122 3965 καὶ
3152 3916 3374 3988 κατεῖχε
3421 3912 3620 3991 κρύφα.
3653 3912 3762 3970 Καὶ

2110 3995 2376 4053 τελευτῶν
2427 3995 2712 4052 κατέλιπεν
2768 3998 2900 4053 αὐτὸ
2958 3996 3054 4053 δὺο
3085 3997 3374 4076 ἐρημίταις
3429 4001 3760 4077 ἀνθρώποις.

2111 4087 2214 4142 Καὶ
2253 4086 2390 4142 κατᾶ
2416 4087 2600 4162 γενεάν
2655 4085 2822 4156 ἦλθεν
2877 4086 2954 4150 εἷς
3009 4085 3292 4164 ἄνθρωπον
3353 4087 3558 4162 εὐλαϐῆ
3597 4113 3760 4166 μονα-

2110 4176 2238 4252 χὸν,
2272 4174 2496 4250 ὀνόματι
2529 4170 2901 4251 Βαριψαϐϐἆν,
2931 4177 3026 4233 τὸν
3056 4175 3126 4233 δι’
3149 4178 3313 4235 αὐτοῦ
3343 4179 3559 4244 πολλὰς
3591 4181 3758 4246 ἰάσεις

2107 4266 2503 4323 ἐπιτελέσαντα.
2561 4267 2677 4343 Πρὸ
2730 4264 2788 4322 δέ
2841 4275 2943 4337 τῆς
2997 4268 3256 4341 τελευτῆς
3308 4270 3492 4342 αὐτοῦ,
3565 4268 3752 4329 λαϐὼν

2109 4357 2242 4411 ιοῦτὸ
2297 4356 2359 4411 τὸ
2417 4356 2567 4431 ἅγιον
2623 4357 2780 4430 αἷμα,
2844 4358 2980 4430 μετὰ
3033 4365 3132 4428 τῆς
3181 4357 3546 4431 κολοκύνθης,
3597 4382 3751 4438 περι-

2107 4445 2288 4501 ἐπάτει
2319 4446 2456 4500 κατὰ
2479 4450 2650 4500 πᾶσαν
2711 4444 2871 4501 πόλιν
2919 4448 3010 4502 καὶ
3068 4448 3256 4524 χώραν
3305 4455 3753 4526 θαυματουργῶν.

2107 4532 2417 4597 Ἰδόντεςδέ
2446 4533 2604 4590 αὐτόν
2633 4555 2774 4598 τινες
2805 4536 2898 4591 τὸν
2957 4537 3085 4592 Θεὸν
3151 4539 3226 4611 μὴ
3282 4535 3636 4616 φοϐούμενοι,
3664 4539 3754 4595 καὶ

347 4627 780 4697 animadversa,
815 4631 1059 4700 quidam
1107 4632 1294 4686 Deum
1344 4631 1590 4686 minime
1622 4631 1904 4685 timentes
1933 4630 1995 4685 in

2127 4623 2447 4697 νομίσαντες,
2507 4625 2612 4692 ὅτι,
2671 4623 2759 4679 ἐὰν
2819 4625 2980 4681 αὐτὸν
3031 4625 3353 4703 φονεύσωσι,
3412 4629 3499 4684 καὶ
3545 4625 3756 4684 λαϐωσι

349 4731 479 4769 eam
511 4733 677 4789 spem
709 4725 1018 4786 venerunt,
1052 4725 1118 4774 ut
1154 4720 1224 4788 si,
1259 4719 1620 4792 Baripsabba
1661 4719 1992 4789 interfecto,

344 4803 680 4873 potirentur
709 4803 822 4876 ipsi
853 4809 1163 4864 cucurbita
1193 4825 1329 4864 cum
1363 4809 1622 4880 pretioso
1655 4809 1942 4880 sanguine
1974 4849 1990 4877 ,

345 4907 626 4963 magnum
650 4892 786 4948 inde
811 4900 1104 4965 quaestum
1136 4903 1337 4952 essent
1357 4896 1589 4953 facturi.
1614 4898 1796 4967 Igitur
1810 4901 1989 4954 noctu

343 4979 516 5035 illum
549 4981 740 5038 adorti
779 4983 1170 5041 interﬁciunt.
1230 4988 1301 5041 Et
1347 4987 1714 5042 cucurbitam
1745 4986 1990 5058 quidem

343 5076 727 5142 acceperunt;
750 5073 852 5128 sed
876 5075 1030 5129 nihil
1053 5092 1279 5144 eorum,
1303 5092 1434 5146 quae
1465 5077 1803 5147 sperabant,
1832 5077 1993 5131 inve-

339 5165 576 5216 nerunt.
611 5161 717 5217 Ille
747 5180 881 5218 vero
909 5163 993 5219 ita
1023 5165 1369 5234 trucidatus,
1407 5165 1681 5236 spiritum
1703 5165 1983 5223 reddidit.

983 5278 1206 5334 Eodem
1246 5279 1340 5334 die

337 5381 438 5440 28
470 5383 753 5440 Certamen
790 5392 1108 5441 sanctarum
1153 5393 1465 5456 martyrum
1492 5391 1543 5442 et
1571 5402 1822 5442 sororum
1867 5388 1991 5444 Me-

583 5474 828 5546 nodorm,
860 5475 1262 5546 Nymphodarae
1294 5482 1345 5532 et
1389 5477 1738 5534 Metrodorce.

407 5598 744 5669 Menodora,
797 5600 1236 5672 Nymphodora,
1269 5607 1328 5657 et
1365 5601 1695 5658 Metrodora
1747 5617 1984 5659 sorores

335 5693 652 5763 martyres,
693 5706 764 5748 ex
792 5690 1034 5763 regione
1077 5691 1391 5766 Bithyniae,
1413 5692 1766 5749 Maximiano
1796 5691 1986 5766 impe-

2101 4713 2201 4782 τήν
2259 4712 2595 4777 κολόκυνθαν
2659 4712 2796 4786 μετὰ
2857 4718 2956 4768 τοῦ
3011 4714 3205 4788 τιμίου
3261 4716 3512 4790 αἳματος,
3556 4713 3755 4793 κερδή-

2104 4823 2259 4857 σουσι
2292 4803 2557 4876 χρήματα
2613 4800 2822 4872 πολλὰ,
2880 4805 3070 4867 νυκτὸς
3130 4803 3458 4870 ἀπελθόντες
3506 4806 3755 4861 ἆπὲκτει-

2102 4911 2218 4948 ναν.
2254 4891 2352 4948 Καὶ
2385 4885 2584 4947 ἔλαϐον
2607 4893 2707 4960 τὴν
2739 4889 3098 4964 κολόκυνθαν,
3137 4892 3327 4967 μηδὲν,
3359 4896 3432 4950 ὧν
3483 4893 3748 4964 ἤλπισαν,

2105 4979 2375 5055 εὖρόντες.
2408 4979 2512 5038 Καὶ
2537 4978 2701 5054 οὕτω,
2735 4981 2930 5054 θανὼν,
2957 4980 3238 5057 παρέδωκε
3265 4983 3327 5038 τὸ
3355 4987 3586 5057 πνεῦμα.

2670 5281 2749 5354 Τῇ
2797 5277 2932 5354 αὐτῇ
2978 5277 3176 5358 ἡμέρᾳ-

2099 5382 2373 5458 ’Ἂθλησις
2403 5387 2510 5441 τῶν
2544 5385 2577 5441 ἁ
2617 5384 2706 5442 ίων
2743 5388 3034 5482 μαρτύρων
3065 5390 3154 5445 καὶ
3185 5388 3536 5469 αὗταδὲλφων
3561 5397 3742 5464 Μηνο-

2311 5453 2509 5516 δώρας.
2559 5409 2967 5516 gnatoons“.
2995 5463 3086 5516 καὶ
3131 5461 3524 5516 Μητροδώοας.

2311 5453 2509 5533 δώρας,
2559 5453 2967 5535 Νυμφοδώρας,
2995 5463 3086 5516 καὶ
3131 5453 3524 5540 Μητροδώράς.

2169 5595 2232 5649 Ἢ
2256 5591 2462 5671 μάρτυς
2494 5592 2826 5672 Μηνοδώρα,
2891 5596 3026 5671 μετὰ
3080 5595 3464 5676 Νυμφοδώρας
3495 5599 3586 5655 καὶ
3616 5605 3744 5670 Μη-

2093 5681 2377 5763 τρόδώρας
2429 5687 2538 5740 τῶν
2587 5682 2840 5766 ἀδελφῶν
2873 5685 3040 5760 αὐτῆς
3075 5688 3312 5766 ὑπῆργεν
3369 5690 3454 5747 ἐπὶ
3503 5695 3605 5762 τῆς
3654 5691 3750 5769 βα-
