4132 6328
446 403 525 464 ι3
1766 399 2123 466 MENOLO!

2251 404 2459 469 PARS
2500 405 2553 468 ι.
3779 411 3861 472 44

1103 536 1325 596 Eodem
1354 537 1448 595 die

459 647 556 702 3|
595 645 1042 702 Commemoratio
1080 651 1280 702 sancta:
1338 645 1636 700 Theodore
1685 644 2107 700 Alexandrinae.

531 755 744 809 Sancta
772 753 1077 809 Theodora
1098 753 1671 825 ﬂoruitimperatore
1701 753 1952 806 Zenone.
1979 755 2110 806 Haac

461 842 652 897 forma
672 843 912 914 insigni,
936 849 995 897 et
1017 843 1380 913 locupletum
1399 847 1710 914 parentum
1732 841 1876 905 ﬁlia,
1893 857 2110 912 nupse-

465 938 555 987 rat
580 933 700 986 viro
732 933 829 1004 pio
847 949 914 987 ac
949 932 1178 986 timenti
1214 934 1420 987 Deum.
1447 932 1616 987 Dives
1639 937 1838 987 autem
1868 929 2112 1000 quidam

463 1039 597 1077 cum
630 1038 660 1076 a
693 1022 928 1076 diabolo
953 1027 1283 1077 commotus
1305 1021 1541 1076 arderet
1569 1021 1730 1076 illius
1762 1036 1983 1086 amore,
2008 1017 2115 1074 ad-

465 1111 654 1165 hibita
685 1111 842 1178 lena,
874 1111 1064 1166 factus
1096 1118 1185 1166 est
1212 1111 1328 1165 voti
1361 1111 1452 1165 sui
1485 1127 1744 1181 compos.
1785 1111 1927 1164 Post
1953 1124 2112 1163 com-

467 1200 716 1254 missum
737 1204 1047 1270 peccatum
1068 1199 1382 1267 Theodora,
1417 1215 1552 1254 cum
1579 1198 1718 1254 facti
1739 1197 1904 1252 illam
1933 1195 2116 1268 pumi-

467 1294 636 1356 teret,
658 1304 850 1359 neque
867 1289 1252 1360 ignominiam
1265 1289 1526 1360 perferre
1549 1293 1770 1360 posset,
1797 1291 1971 1343 exuta
1985 1301 2115 1340 mu-

467 1380 638 1435 liebri
673 1382 844 1447 stola,
878 1380 1072 1434 induit
1101 1380 1332 1435 virilem
1365 1379 1645 1451 pauperis
1694 1379 1988 1442 habitum,
2020 1377 2115 1430 in-

469 1485 788 1542 gressuque
834 1469 1094 1524 virorum
1152 1469 1607 1538 monasterium,
1641 1469 1899 1539 seipsam
1929 1467 2120 1522 Theo—

469 1559 680 1614 dorum
711 1559 1076 1614 nominavit:
1123 1575 1259 1614 cum
1314 1559 1556 1613 interim
1586 1558 1673 1612 vir
1706 1558 1835 1629 ejus
1862 1557 1924 1610 in
1955 1555 2119 1610 luctu

469 1653 756 1720 perpetuo
787 1665 855 1703 ac
886 1648 1160 1718 squalore
1191 1653 1434 1718 propter
1476 1647 1641 1702 illam
1679 1647 1909 1717 jaceret
1940 1661 1952 1698 :
1986 1655 2118 1715 quas

473 1741 669 1792 tantas
686 1737 1027 1791 daemonum
1059 1737 1416 1791 tentationes
1437 1735 1701 1807 pertulit,
1727 1739 1965 1804 tamque
1987 1748 2118 1805 gra-

475 1843 540 1881 ve
571 1826 850 1880 adversus
880 1826 1016 1879 illos
1038 1831 1339 1880 certamen
1372 1825 1648 1896 suscepit,
1682 1829 1750 1878 ut
1775 1840 1894 1879 non
1926 1821 2120 1877 solum

473 1915 700 1988 peccati
723 1915 915 1970 labem
947 1915 1200 1979 eluerit;
1240 1915 1343 1969 sed
1372 1914 1695 1970 multorum
1727 1914 1905 1968 etiam
1936 1912 2116 1966 mira-
2149 1921 2197 1988 Β

477 2005 745 2060 culorum
780 2004 935 2059 dono
969 2003 1145 2077 digna
1175 2019 1209 2059 a
1233 2005 1348 2059 Deo
1382 2004 1584 2059 habita
1615 2003 1814 2058 fuerit.
1838 2003 2119 2056 Putantes

480 2100 673 2151 autem
714 2096 990 2151 monachi
1021 2095 1186 2150 illam
1237 2096 1427 2149 virum
1459 2111 1588 2150 esse
1644 2095 1908 2165 (omnem
1960 2090 2121 2146 enim

480 2203 722 2256 operam
754 2185 1126 2251 adhibuerat,
1150 2189 1215 2238 ut
1229 2185 1480 2255 lateret),
1505 2183 1648 2238 dum
1679 2200 1809 2238 eam
1840 2186 1975 2253 post
1995 2180 2120 2235 obi-

471 2279 596 2329 tum
627 2273 958 2342 abluerent,
989 2273 1275 2328 feminam
1305 2272 1679 2341 invenerunt,
1713 2271 1897 2326 Deum
1927 2267 2121 2325 laudi-

469 2362 581 2418 bus
605 2364 941 2418 ell‘erentes.

1026 2471 1267 2527 EODEM
1296 2470 1552 2526 MENSE.

1034 2578 1138 2633 Die
1192 2576 1544 2634 duodecima

567 2685 669 2746 32
703 2686 992 2743 Certamen
1037 2686 1372 2742 sacrosancti
1402 2683 1664 2752 martyﬁs
1703 2680 2011 2736 Autonomi.

537 2797 960 2850 Socrosanctus
1021 2798 1245 2863 martyr
1301 2793 1694 2857 Autonomus,
1754 2786 2120 2842 Diocletiano

471 2886 848 2956 imperatore,
907 2883 1220 2954 episcopus
1273 2881 1335 2935 in
1381 2880 1551 2935 Italia
1597 2878 1728 2933 fuit.
1783 2877 1866 2932 Ob
1899 2881 2121 2931 motam

473 2980 672 3030 autem
720 2974 781 3027 in
811 2973 1176 3027 Christianos
1207 2970 1684 3042 persecutionem
1715 2967 1922 3022 relicta
1952 2966 2123 3020 Italia

475 3064 537 3118 in
562 3063 896 3134 Bithyniam
917 3061 1240 3132 profectus,
1276 3075 1309 3112 a
1339 3059 1614 3112 Cornelio
1664 3055 1922 3126 quodam
1953 3055 2118 3108 Chri-

476 3153 666 3207 stiano
701 3157 978 3220 exceptus
1001 3155 1125 3204 est:
1163 3147 1263 3201 ubi
1297 3163 1432 3201 cum
1458 3145 1744 3216 templum
1767 3142 1996 3198 nomini
2018 3143 2119 3196 Mi-

475 3241 696 3295 chaelis
726 3237 1132 3306 archistrategi
1162 3237 1494 3301 excitasset,
1529 3235 1782 3305 atquein
1817 3251 1884 3288 eo
1901 3233 2117 3287 Corne-

473 3330 619 3384 lium
633 3329 976 3399 episcopum
995 3326 1349 3389 ordinasset,
1373 3324 1518 3379 abiit
1533 3323 1986 3395 Claudiopolim,
2002 3321 2118 3376 ibi-

472 3436 585 3491 que
599 3419 840 3472 verbum
863 3417 960 3471 Dei
978 3414 1354 3487 proedicabat.
1374 3416 1660 3469 Reversus
1675 3419 1892 3483 autem,
1910 3418 1975 3467 ut
1987 3413 2124 3467 Cor-

473 3509 699 3564 nelium
718 3506 1163 3573 inviseret,cum
1184 3505 1240 3558 in
1263 3503 1670 3576 archistrategi
1689 3501 1955 3558 Michaeli
1977 3507 2119 3557 tem-

473 3600 573 3672 plo
629 3598 928 3670 liturgiam
986 3595 1316 3651 celebraret
1374 3595 1435 3649 in
1488 3594 1748 3649 furorem
1807 3591 2122 3647 concitavit

475 3687 727 3753 Graecos,
759 3684 964 3754 inique
994 3681 1252 3736 ferentes
1283 3680 1582 3736 Christum
1613 3678 1686 3734 ab
1719 3695 1808 3744 eo,
1832 3676 2121 3750 neglectis

472 3774 669 3845 idolis,
701 3773 956 3828 adorari.
1011 3771 1409 3837 Quamobrem
1467 3769 1774 3824 observato
1833 3772 2121 3838 tempore,

475 3881 592 3936 quo
625 3865 808 3919 sacris
867 3860 1241 3932 operabatur,
1302 3859 1588 3914 insiluere
1645 3858 1708 3912 in
1758 3856 2122 3913 ecclesiam:

478 3957 655 4022 atque
686 3952 780 4017 iis,
813 3951 913 4020 qui
946 3949 1103 4003 circa
1150 3949 1346 4018 ipsum
1395 3952 1584 4014 erant,
1611 3945 1822 4018 gladiis
1854 3962 1922 4000 ac
1951 3944 2124 3999 fur-ti-

480 4041 591 4095 bus
621 4040 684 4093 in
712 4040 912 4110 fugam
942 4037 1146 4101 versis,
1183 4039 1454 4089 sanctum
1475 4035 1666 4088 virum
1697 4033 1761 4088 in
1791 4034 1920 4104 ipso
1953 4031 2125 4087 altari

481 4128 803 4186 crudeliter
822 4129 1133 4192 necarunt,
1158 4124 1260 4194 qui
1292 4123 1566 4194 spiritum
1585 4123 1834 4177 Domino
1862 4121 2124 4176 tradidit.

2130 556 2182 624 Α

2813 563 2891 636 1‘6
2921 559 3062 634 αὖτῇ
3087 560 3273 634 ἡμέρᾳ

2217 647 2461 721 Μνήμην
2499 656 2600 719 τῆς
2668 652 2820 714 ὁσίας
2871 648 3156 727 Θεοδώρας
3209 651 3307 718 τῆς
3351 649 3404 705 ἐν
3466 647 3869 728 ’Λλεξανδρείᾳ.

2287 741 2350 796 Ἦ
2383 741 2507 796 ὁσία
2529 738 2784 816 Θεοδώρα
2816 741 3063 817 ὑπῆρχεν
3095 739 3182 795 ἐπὶ
3212 747 3312 810 τῆς
3364 740 3644 816 βασιλείας
3681 743 3867 812 Ζήνω-

2216 844 2336 894 νος,
2367 825 2546 900 ὡραῖα
2572 828 2671 896 τὴν
2705 823 2852 901 ὄψιν,
2909 825 3003 882 καί
3059 827 3334 883 πλουσίων
3364 829 3567 902 γονέων
3602 827 3864 904 θυγάτηρ,

2217 913 2422 993 ἔχουσα
2477 913 2644 995 ἄνδρα
2697 913 2905 988 εὐλαϐῆ
2944 961 2959 988 ,
3026 920 3116 973 καὶ
3169 913 3508 995 φοϐούμενον
3564 919 3656 973 τὸν
3715 916 3870 977 Θεόν.

2219 1008 2386 1079 Ἀνὴρ
2421 1006 2478 1063 δέ
2531 1029 2617 1070 τις
2664 1005 2949 1078 πλούσιος,
3005 1008 3108 1063 ὑπὸ
3149 1012 3246 1062 τοῦ
3308 1003 3574 1062 διάϐόλου
3609 1007 3873 1078 κινηθεὶς,

2222 1095 2558 1170 ἐπεθύμησεν
2618 1096 2808 1168 αὐτῆς,
2867 1097 2953 1152 καὶ
3014 1099 3366 1172 χρησάμενος
3395 1096 3601 1170 γυναίῳ
3629 1095 3736 1150 τινὶ
3767 1098 3876 1152 τῶν

2220 1187 2358 1260 πρὸς
2387 1191 2555 1242 ταῦτα
2583 1184 2934 1256 ἐπιτηδείων,
2993 1185 3284 1261 ἐπλήρωσε
3331 1187 3430 1254 τήν
3465 1184 3734 1261 ἁμαρτίαν
3768 1184 3879 1240 αύ-

2220 1280 2337 1332 τοῦ.
2393 1276 2542 1330 Μετά
2599 1273 2656 1330 δέ
2712 1276 2809 1345 τὴν
2869 1275 3136 1350 ἁμαρτίαν
3190 1275 3632 1348 μεταμεληθεῖσα
3681 1275 3715 1344 ἡ
3749 1280 3879 1332 Geo,-

2225 1363 2406 1440 δώρα,
2459 1365 2550 1420 καὶ
2603 1366 2680 1438 μή
2731 1364 2969 1441 φέρουσα
3023 1365 3086 1419 τὸ
3145 1361 3374 1433 ὄνειδος,
3433 1360 3716 1436 ἐξεδύσατο
3771 1364 3874 1434 τὴν

2226 1453 2428 1524 στολὴν
2460 1454 2649 1527 αὐτῆς,
2698 1455 2788 1509 καὶ
2828 1452 3108 1510 ἐνεδύσατο
3147 1453 3341 1528 ἱμάτια
3370 1449 3590 1527 ἀνδρεῖα
3614 1453 3882 1528 πενιχρὰ,

2221 1548 2312 1602 καὶ
2344 1547 2585 1615 ἀπῆλθεν
2619 1544 2695 1608 είς
2729 1543 2974 1621 ἀνδρεῖον
3022 1545 3407 1619 μοναστήριον,
3459 1541 3878 1616 μετονομάσασα

2226 1635 2421 1704 έαυτήν
2481 1632 2760 1709 Θεόδωρον
2793 1678 2807 1691 .
2885 1635 2948 1692 Ὁ
3005 1631 3063 1689 δὲ
3127 1633 3264 1704 ἀνὴρ
3320 1632 3489 1702 αὐτῆς
3543 1629 3614 1686 δι’
3674 1632 3877 1701 αὐτὴν,

2223 1725 2289 1794 ἦν
2324 1729 2536 1798 θρηνῶν
2565 1730 2659 1780 καῖ
2683 1725 3043 1798 κοπτόμενος.
3102 1722 3402 1785 Τοσούτους
3435 1719 3492 1778 δὲ
3543 1720 3879 1797 πειρασμοὺς

2228 1815 2427 1885 ὑπέστη
2460 1821 2606 1889 παρῆ
2665 1818 2771 1869 τῶν
2832 1811 3132 1886 δαιμόνων,
3185 1812 3276 1872 καὶ
3322 1810 3608 1873 τοιούτους
3663 1810 3880 1884 ἀγῶνας

2226 1900 2550 1974 ἐπεδείξατο,
2587 1903 2660 1964 ὡς
2711 1904 2786 1975 μή
2850 1902 3012 1976 μόνον
3056 1905 3155 1956 τοῦ
3207 1901 3603 1976 ἁμαρτήματος
3660 1897 3877 1970 λυτρω-

2229 1996 2412 2062 θῆναι,
2461 1988 2606 2045 ἀλλὰ
2643 1991 2733 2045 καὶ
2765 1990 3073 2064 θαίυμάτων
3121 1990 3417 2062 ἀξιωθῆναι
3471 1986 3721 2042 πολλῶν.
3757 1990 3878 2043 No-

2233 2081 2479 2153 μίζοντες
2539 2078 2596 2135 δὲ
2653 2081 2704 2134 οἱ
2762 2080 3018 2155 μοναχοί,
3053 2079 3136 2134 ὅτι
3193 2079 3326 2152 ἀνήρ
3360 2077 3499 2132 ἐστιν
3553 2073 3877 2150 (ἐσπούδασε

2226 2171 2330 2246 γὰρ
2357 2169 2583 2244 λαθεῖν),
2619 2169 2754 2242 μετὰ
2790 2167 3048 2238 τελευτὴν
3081 2167 3469 2228 ἆπολούοντες.
3521 2166 3677 2242 εὗρον
3706 2164 3878 2234 αὐτὴν

2226 2258 2362 2312 κατᾶ
2392 2258 2548 2335 φύσιν
2587 2261 2835 2333 γυναῖκα,
2867 2257 2956 2311 καὶ
2997 2252 3254 2326 ἐδόξασαν
3285 2255 3378 2310 τὸν
3409 2252 3564 2312 Θεόν.

2790 2440 2974 2497 MHNI
3008 2439 3100 2516 Τῼ
3129 2439 3326 2514 ΑΥΤῼ.

3011 2528 3093 2584 IB‘

2332 2645 2601 2718 νΑθιλησις
2630 2649 2728 2702 τοῦ
2765 2643 2922 2720 ἆγίου
2963 2644 3362 2719 ἱερομάρτυρος
3398 2636 3745 2711 Αύτονόμου.

2297 2767 2614 2840 Αὐτόνομος
2643 2767 2671 2820 ὑ
2693 2765 3043 2840 ἱερομάρτυς,
3072 2762 3316 2838 ὑπῆρχεν
3341 2758 3429 2815 ἐπὶ
3455 2765 3555 2829 τῆς
3592 2755 3878 2833 βασιλείας

2229 2858 2650 2930 Διοκλητιανοῦ,
2735 2853 3029 2914 ἐπίσκοπος
3108 2852 3401 2926 γενόμενος
3471 2847 3720 2908 Ἰταλίας.
3782 2845 3888 2902 Διᾶ

2229 2947 2291 3005 δὸ
2345 2949 2436 3003 τὸν
2492 2945 2628 3002 κατὰ
2681 2948 2789 2998 τῶν
2840 2943 3175 3016 Χριστιανῶν
3233 2937 3494 3013 διωγμὸν,
3548 2934 3882 2991 καταλιπὼν

2225 3040 2325 3107 τήν
2381 3035 2654 3106 Ἰταλίαν,
2707 3027 2972 3090 κατέλαϐε
3035 3031 3133 3099 τὴν
3193 3029 3460 3084 Βιθυνίαν.
3522 3025 3622 3082 Καὶ
3685 3021 3887 3078 ὑπεδέ-

2229 3131 2338 3203 χθη
2399 3126 2546 3199 ποιρὰ
2602 3122 2916 3198 Κορνηλίου
2961 3121 3110 3182 τινὸς
3166 3120 3515 3194 Χριστιανοῦ.
3561 3115 3754 3174 Κτίσας
3808 3109 3869 3168 δὲ

2228 3200 2354 3272 ναὸν
2413 3214 2500 3270 ἐπὶ
2557 3218 2638 3286 τῷ
2692 3212 2921 3285 ὀνόματι
2976 3213 3073 3264 τοῦ
3117 3206 3558 3284 ἀρχιστρατήγου
3614 3200 3881 3277 Μιχαὴλ,

2151 3285 2194 3353 c
2232 3307 2322 3361 καὶ
2345 3305 2736 3380 χειροτονήσας
2768 3300 2818 3354 ἐν
2860 3299 3006 3371 αύτῷ
3065 3297 3358 3352 ἐπίσκοπον
3415 3292 3508 3349 τὰν
3541 3290 3881 3367 Κορνήλιον,

2231 3379 2473 3464 ἀπῆλθεν
2514 3391 2591 3454 εἷς
2645 3387 2915 3446 Κλαυδίου
2965 3387 3151 3457 πόλιν,
3201 3383 3470 3440 διδάσκων
3514 3379 3609 3438 καί
3646 3379 3758 3436 ἐκεῖ
3787 3379 3879 3434 τὸν

2230 3483 2396 3559 λόγον
2427 3487 2524 3538 τοῦ
2555 3484 2709 3536 Θεοῦ.
2769 3478 3134 3552 Ὑποστρέψας
3165 3472 3243 3544 δέ,
3303 3473 3512 3528 καὶτὸν
3571 3467 3880 3559 Κορνήλιον

2230 3573 2684 3648 ἐπισκεψάμενος,
2743 3570 2833 3624 καὶ
2867 3568 3196 3641 κὶιτουργῶν
3254 3562 3306 3618 ἐν
3364 3566 3444 3634 τῷ
3498 3565 3607 3632 ναῷ
3656 3561 3754 3613 τοῦ
3777 3557 3878 3638 ἀρ-

2233 3642 2608 3741 χιστρατήγου
2656 3656 2914 3733 Μιχαὴλ,
2975 3655 3052 3719 εἷς
3111 3651 3301 3727 μανίαν
3353 3650 3566 3741 ἐκίνησε
3593 3645 3719 3741 τοὺς
3751 3642 3890 3700 Ἔλ-

2231 3735 2423 3826 λνηνας,
2483 3735 2558 3826 μη
2621 3751 2874 3827 φέροντας
2914 3743 3132 3822 βλέπειν
3181 3741 3272 3796 τὸν
3319 3739 3411 3813 μὶν
3445 3735 3675 3813 Χριστὸν
3701 3753 3880 3827 προσ-

2231 3844 2560 3918 κυνούμενον
2592 3840 2678 3896 ὑπ’
2702 3839 2890 3908 αὐτοῦ,
2916 3837 2984 3891 τὰ
3015 3832 3072 3889 δὲ
3115 3829 3319 3888 εἴδωλα
3375 3825 3878 3905 καταφρονούμενοι.

2237 3937 2334 3994 Καὶ
2379 3933 2802 4008 ἐπιτηρήσαντες
2827 3928 2920 3982 τὸν
2949 3924 3159 3999 καιρὸν,
3205 3919 3295 3976 ὅτε
3350 3915 3709 3990 ἐλειτούργει,
3768 3912 3883 3968 εἷσ⁶

2236 4022 2515 4096 επήδησαν
2575 4019 2652 4081 εἷς
2710 4019 2810 4086 τήν
2871 4011 3188 4083 ἐκκληόίαν,
3220 4010 3311 4066 καὶ
3363 4007 3492 4070 τοὺς
3539 4004 3665 4078 περὶ
3724 4001 3894 4058 αὐτὸν

2241 4088 2704 4189 μεθίεαχαιρῶν
2743 4103 2834 4160 καί
2892 4100 3066 4173 ξύλων
3125 4099 3201 4161 εἷς
3252 4099 3424 4174 φυγὴν
3469 4095 3799 4189 τρέψαντες,
3833 4088 3892 4145 ἐν

483 4217 631 4287 αὐτῷ
685 4220 766 4287 τῷ
826 4212 1195 4289 θυσιαστηρίῳ
1238 4212 1330 4267 τὸν
1389 4211 1538 4287 ἅγιον
1599 4211 1788 4284 ὠμῶς,
1847 4210 1936 4265 xui
1991 4208 2371 4286 ἀπανθρώπως
2424 4199 2732 4279 ἐφόνευσαν,
2777 4194 2866 4249 καὶ
2923 4190 3210 4268 παρέδωκε
3233 4191 3314 4259 τῷ
3343 4184 3528 4257 Κυρίῳ
3569 4182 3633 4237 τὸ
3681 4184 3897 4254 πνεῦμα

482 4305 670 4363 αὐτοῦ.

1139 4444 1359 4500 Eodem
1390 4444 1485 4500 die

649 4543 751 4599 88
782 4541 1067 4598 Certamen
1086 4537 1422 4593 sacrosancti
1451 4536 1709 4604 martyris
1741 4535 1991 4589 Cornuti.

556 4634 976 4688 Sacrosanctus
1028 4630 1254 4697 martyr
1309 4625 1601 4679 Cornutus
1634 4640 1706 4678 ex
1751 4623 1897 4678 urbe
1929 4621 2130 4677 Iconio

484 4723 617 4788 fuit,
651 4720 959 4792 presbyter
987 4718 1140 4788 pius,
1173 4732 1240 4771 ac
1272 4715 1489 4769 timens
1517 4714 1722 4768 Deum.
1756 4713 1908 4767 Mota
1937 4717 2135 4768 autem

492 4812 554 4866 in
592 4809 956 4866 Christianos
1013 4806 1445 4877 persecutione,
1480 4820 1615 4859 cum
1672 4802 1856 4858 Iconii
1915 4816 2133 4872 przeses

491 4900 771 4966 crudelis,
802 4903 978 4967 atque
1011 4895 1204 4949 omnis
1235 4893 1622 4951 humanitatis
1663 4909 1872 4963 expers
1917 4892 2136 4947 missus

492 4990 726 5056 fuisset,
749 4992 812 5041 ut
841 4984 1208 5042 Christianos
1239 4982 1318 5036 ibi
1340 4987 1643 5037 versantes
1665 4985 1990 5051 torqueret,
2021 4995 2134 5034 coa-

491 5079 634 5135 teris
652 5076 928 5132 omnibus
955 5079 1114 5128 metu
1134 5071 1402 5141 dilapsis,
1427 5071 1741 5134 Cornutus,
1760 5069 1835 5124 ab
1861 5066 2137 5122 omnibus

490 5169 827 5233 destitutus,
847 5164 1076 5220 obviam
1101 5161 1336 5233 praesidi
1362 5161 1650 5230 processit
1673 5176 1686 5213 :
1711 5160 2137 5230 interrogatus-

489 5275 624 5330 que,
657 5273 792 5313 cum
818 5253 1099 5310 audacter
1128 5251 1428 5306 Christum
1459 5250 1860 5314 confiteretur,
1894 5252 1953 5302 et
1982 5247 2138 5318 seip-

482 5349 616 5404 sum’
647 5347 973 5418 perfectum
999 5343 1403 5398 Christianum
1436 5339 1809 5411 prmdicaret,
1842 5337 2140 5394 idolorum

481 5443 683 5494 autem
715 5437 1107 5506 imposturam
1153 5430 1555 5500 redargueret,
1588 5429 1904 5499 ipsumque
1936 5426 2142 5497 prasiv

483 5526 619 5582 dem
650 5523 943 5586 irrideret,
987 5521 1458 5592 comprehensus
1489 5522 1614 5573 est:
1649 5515 2022 5588 pedibusque
2054 5519 2140 5572 te-

489 5617 595 5673 nui
643 5615 785 5670 fune
833 5610 1153 5678 adstrictis,
1203 5625 1310 5680 per
1362 5607 1528 5663 urbis
1578 5606 1765 5664 Iconii
1829 5605 2054 5675 plateas
2084 5607 2144 5662 et

489 5705 652 5761 vicos
679 5719 868 5774 usque
909 5700 1055 5758 adeo
1113 5701 1402 5769 raptatur,
1461 5695 1650 5753 donec
1709 5696 1840 5767 ejus
1877 5693 2143 5766 sanguis,

2169 4455 2216 4522 D

2815 4429 2901 4500 Τῇ
2955 4421 3092 4496 αὖτῇ
3143 4420 3326 4494 ἡμέρᾳ

2387 4519 2660 4590 Ἀθλησις
2691 4520 2787 4573 τοῦ
2808 4513 2961 4590 ἁγίου
2991 4511 3385 4585 ὶερομοὶρτυρος
3416 4502 3748 4578 Κορνούτου.

2311 4588 2620 4686 Κορνοῦτος
2681 4588 3091 4680 ὁἸερομάρτυς
3121 4599 3189 4686 ἦν
3250 4599 3343 4672 μέν
3403 4596 3463 4650 ἐκ
3497 4596 3617 4686 *τῆς
3679 4588 3898 4686 πόλεως

2244 4677 2494 4770 Ἰκονίου,
2548 4677 2914 4774 πρεσϐύτερος
2966 4677 3216 4758 εὐλαϐὴς
3272 4686 3359 4741 καὶ
3416 4677 3756 4761 φοϐούμενος
3805 4677 3902 4732 τὸν

2244 4791 2394 4848 Θεόν.
2455 4769 2711 4863 Διωγμοῢ
2758 4781 2817 4839 δὲ
2862 4779 3156 4857 γενομένου
3201 4774 3338 4831 κατᾶ
3391 4776 3502 4828 τῶν
3545 4769 3906 4863 Χριστιανῶν,

2245 4879 2530 4954 ἀπεσγάλη
2563 4857 2810 4950 ⁷ὄίρχων
2833 4875 2929 4926 τοῦ
2975 4868 3203 4926 Ἰκονίου
3265 4865 3418 4937 ὠμὸς
3469 4861 3558 4916 καὶ
3616 4857 3906 4954 ἀπάνθρωῖ

2243 4991 2347 5032 πος
2401 4967 2478 5030 εἷς
2533 4967 2596 5022 τὸ
2657 4961 2938 5040 βασανίσαι
2995 4957 3122 5018 τοὺς
3203 4954 3314 5010 ἐκεῖ
3372 4946 3748 5026 Χριστιανούς·
3808 4943 3905 5000 καὶ

2245 5061 2460 5115 πάντων
2511 5032 2794 5130 φυγόντων
2855 5047 2940 5104 διὸ
2986 5049 3077 5103 τὸν
3137 5039 3402 5130 φόϐον,ῌὸ
3437 5041 3742 5130 Κορνοῦτος
3775 5032 3905 5130 ⁵μό-

2245 5169 2337 5211 νος
2397 5121 2803 5220 κατοίλενιφθεὶς,
2865 5121 3280 5208 ὑπήντησετῷ
3329 5128 3579 5206 ἄρχοντι.
3642 5125 3740 5220 Καὶ

2247 5235 2434 5307 τηθεὶς
2499 5232 2589 5288 ὑπ’
2641 5210 2834 5297 ἀύλοῦ,
2894 5223 3206 5301 θαρσαλέως
3255 5221 3346 5276 τὸν
3394 5217 3634 5291 Χριστὸν
3683 5210 3914 5285 ὡμολό-

2247 5347 2381 5401 γησε
2415 5367 2430 5394 ,
2486 5321 2583 5378 καὶ
2647 5319 2830 5376 ἐαυτὸν
2894 5314 3216 5389 Χριστιανὸν
3278 5307 3490 5366 τέλειον
3550 5304 3913 5378 ἀνεκήρυξεν,

2249 5389 2476 5490 ἐλέγξας
2534 5411 2626 5468 καὶ
2680 5413 2790 5465 τῶν
2849 5403 3097 5461 εἰδώλων
3151 5401 3250 5470 τήν
3283 5400 3514 5468 ἀπάτην,
3545 5394 3638 5451 καὶ
3683 5393 3775 5448 τὸν

2253 5477 2426 5581 χοντα
2460 5498 2822 5577 μυκτηρίσαςσι
2879 5493 2978 5550 Διᾶ
3023 5496 3188 5548 τοῦτο
3234 5487 3553 5564 κρατηθεὶς,
3613 5482 3704 5539 καὶ
3737 5477 3912 5581 δεθεὶς

2251 5569 2381 5656 τοὺς
2410 5569 2582 5653 πόδας
2616 5569 2890 5664 σχοινίοις
2921 5581 3175 5653 λεπτοῖς,
3208 5579 3424 5656 σύρεται
3453 5595 3594 5631 κατα
3634 5572 3732 5635 τὰς
3763 5569 3910 5626 πλα-

2250 5683 2419 5754 τείας,
2447 5682 2540 5744 καὶ
2816 5676 2916 5746 τῆς
2964 5670 3183 5733 πόλεως
3231 5667 3478 5738 Ἰκονίου,
3538 5659 3640 5726 ἕως
3679 5661 3743 5717 τὸ
3775 5660 3917 5733 αἷμα
