4140 6302
220 419 283 478 45

1691 417 2193 484 SEPTEMBER.
3588 424 3669 484 46

223 550 364 605 αξιτοῦ
409 546 640 624 ἓῤῥευσε
703 549 1042 625 ποταμιδὸν
1097 551 1186 608 ἐπὶ
1234 553 1332 621 τήν
1391 558 1523 627 γῆν.
1572 552 1680 608 Καὶ
1732 552 1904 617 τεθεὶς

2042 556 2175 612 luvii
2205 557 2416 629 instar,
2450 558 2512 614 in
2541 562 2758 614 terram
2791 557 3079 626 efﬂueret,
3112 571 3249 612 cum
3282 556 3526 612 interim
3578 572 3671 612 se-

225 640 337 694 ὠσεὶ
363 638 554 712 νεκρὸς
589 640 957 714 ἠυχαρίστει
990 646 1071 713 τῷ
1119 645 1234 712 Θεῷ
1282 642 1752 716 προσευχόμενος.
1803 640 1906 697 Καὶ

229 731 350 784 οὖνω
377 729 740 803 τιμωρηθεὶς
803 729 1078 800 ἐπιπολὺ,
1138 731 1227 786 καὶ
1289 733 1458 806 μέχρι
1515 734 1614 796 τῆς
1670 730 1907 805 ἐσχάτης

235 819 490 886 ἀναπνοῆς
547 818 648 873 τὸν
737 820 995 894 Χριστὸν
1079 819 1535 892 ἐπικαλούμενος,
1620 820 1910 894 προστάξει

237 912 315 962 τοῦ
345 908 649 982 ἄρχοντος,
684 908 995 981 ἀπετμήθη
1057 911 1153 979 τήν
1205 907 1472 987 κεφαλὴν,
1536 906 1912 985 παραθέμενος

246 1000 326 1067 τήν
354 999 544 1072 ψυχὴν
576 1001 665 1069 τῷ
700 999 851 1070 Θεῷ.

848 1089 938 1158 Τῇ
966 1087 1104 1161 αὐτῇ
1136 1083 1319 1162 ἡμέρᾳ

257 1203 499 1275 ’Δθλησις
555 1208 662 1258 τοῦ
724 1203 889 1278 ἆγίου
955 1205 1252 1279 ⁸μᾲρτυρος
1339 1200 1629 1279 Θεοδώρου
1708 1207 1807 1258 τοῦ
1861 1201 1912 1258 ἓν

889 1274 1283 1350 Ἀλεξανόρείᾳ.

323 1395 530 1450 Τοῦτον
563 1393 660 1447 τὸν
715 1394 870 1466 ἅγιον
925 1391 1170 1465 μάρτυρα
1225 1388 1531 1464 Θεόδωρον,
1591 1390 1915 1465 Χριστιανὸν

270 1480 388 1538 ὄντα
442 1479 660 1547 εὖ).αὲιῆ
721 1482 811 1536 καὶ
875 1480 1144 1554 ἐνάρετον,
1231 1479 1510 1556 παρῥησίᾳ
1579 1480 1920 1553 κηρύττοντα

262 1575 347 1628 τὸν
404 1573 672 1646 Χριστὸν,
724 1570 818 1624 καὶ
906 1570 1036 1624 Θεὸν
1124 1568 1504 1644 ὁμολογοῦντα
1565 1568 1661 1623 τοῦ
1720 1569 1922 1633 παντὸς

263 1661 629 1736 Δημιουργὸν,
692 1660 721 1714 ὁ
780 1664 886 1714 τῶν
946 1657 1342 1729 Ἀλεξανδρέων
1429 1655 1627 1729 δῆμος,
1688 1655 1922 1713 εἴδωλο-

261 1749 456 1824 λάτραι
527 1747 706 1817 ὄντες,
792 1749 1150 1822 συναχθέντες
1233 1746 1533 1818 ἐκράτησαν
1593 1745 1770 1815 αὐτὸν,
1830 1746 1920 1800 καὶ

267 1841 682 1913 ἐτίμωρήσαντο
741 1837 1012 1913 ΐσχυρῶς.
1101 1838 1202 1892 Καὶ
1289 1835 1574 1906 πλέξαντες
1660 1838 1918 1913 στέφανον

2010 646 2258 702 mivivus
2319 649 2536 720 gratias
2576 653 2794 720 ageret,
2855 648 3095 719 Deoque
3143 663 3349 717 preces
3402 647 3663 702 offerret.

2017 737 2207 805 Atque
2239 737 2320 791 ita
2351 738 2450 791 diu
2483 742 2694 806 tortus,
2743 737 3160 806 Christumque
3211 735 3283 790 ad
3335 740 3672 790 extremum

2019 841 2209 895 usque
2241 827 2517 897 spiritum
2548 828 2851 897 invocans,
2885 831 3184 897 postremo
3207 823 3672 896 prmsidisjussu

2019 916 2211 985 capite
2243 916 2472 987 plexus,
2507 917 2769 972 animam
2803 917 2921 972 Deo
2954 914 3410 971 commendavit.

2678 1095 2897 1151 Eodem
2925 1095 3023 1150 die

2020 1207 2123 1262 34
2188 1210 2474 1265 Certamen
2533 1212 2710 1266 sancti
2759 1211 3020 1280 martyris
3074 1208 3346 1265 Theodori
3421 1208 3675 1264 Alexan-

2757 1282 2926 1336 drini.

2095 1397 2261 1452 Hunc
2297 1402 2568 1452 sanctum
2599 1402 2922 1470 martyrem
2953 1397 3348 1464 Theodorum,
3389 1395 3674 1462 Christia-

2021 1502 2167 1540 num
2198 1486 2363 1557 pium
2396 1503 2461 1542 ac
2488 1488 2700 1542 virtute
2748 1487 3085 1559 praeditum,
3119 1503 3254 1542 cum
3285 1486 3472 1541 libere
3503 1485 3670 1540 Chri-

2023 1580 2181 1629 stum
2203 1574 2574 1646 prasdicaret,
2601 1591 2855 1646 eumque
2877 1581 3058 1630 Deum
3084 1592 3151 1631 ac
3173 1592 3374 1630 rerum
3407 1575 3675 1631 omnium

2022 1665 2402 1721 Conditorem
2416 1667 3172 1734 assereret,Alexandrinus
3185 1666 3459 1737 populus,
3481 1665 3678 1720 idolo—

2025 1771 2155 1808 rum
2171 1756 2576 1826 superstitioni
2596 1755 2956 1822 addictus,in
2973 1773 3157 1810 unum
3172 1759 3676 1826 coactus,captum

2025 1844 2240 1897 acriter
2269 1845 2645 1899 excruciavit.
2683 1844 2904 1901 Deinde
2939 1846 3205 1916 spineam
3239 1861 3517 1899 coronam
3549 1843 3676 1914 ple-

263 1931 574 1996 'JttiVOLvov,
606 1925 934 2003 περιέθηκαν
994 1925 1159 1980 αὐτοῦ
1216 1929 1284 1998 τῇ
1342 1923 1577 2002 κεφαλῇ,
1634 1926 1719 1978 καὶ
1786 1925 1918 1998 μετὰ

2042 1937 2210 2000 :tens,
2246 1933 2421 2002 capiti
2453 1934 2581 2004 ejus
2614 1935 2934 1999 imposuit;
2971 1940 3028 1989 et
3057 1935 3231 2006 virgis
3274 1949 3516 2001 czesum,
3570 1948 3676 2002 per

265 2013 500 2092 ῥαϐδίων
537 2014 786 2082 ἔτυπτον,
819 2015 908 2069 καὶ
967 2014 1043 2074 εἰς
1097 2016 1198 2082 τὴν
1254 2012 1417 2068 πόλιν
1477 2011 1700 2085 δέσμιον
1764 2035 1921 2089 περι-

263 2113 418 2180 ῆγον,
452 2104 821 2180 χλευάζοντες
857 2103 1014 2158 αὐτὸν
1056 2103 1144 2156 καὶ
1201 2101 1491 2178 γελῶντες.
1555 2103 1704 2158 Μετὰ
1761 2107 1920 2157 τοῦτο

265 2193 488 2271 ἔρῥιψαν
532 2193 585 2247 ἐν
643 2197 711 2266 τῇ
773 2191 1040 2265 θαλάσσῃ.
1102 2192 1252 2265 Αὔρα
1309 2189 1367 2245 δὲ
1422 2189 1675 2264 γαλήνης
1731 2195 1922 2246 τοῦτον

264 2284 350 2338 ἐπὶ
386 2291 490 2352 τῆς
530 2283 699 2357 ξηρᾶς
728 2287 866 2335 σῶον
928 2278 1170 2337 διέσωσε.
1233 2280 1334 2336 Καὶ
1392 2281 1558 2334 πάλιν
1613 2281 1923 2354 κρατηθεὶς,

271 2372 564 2445 δεδεμένος
592 2371 828 2444 παρέστη
860 2375 941 2442 τῷ
997 2367 1244 2445 ἄρχοντι.
1305 2371 1401 2424 Καὶ
1442 2369 1797 2443 ἀναγκασθεὶς
1830 2370 1926 2444 ἀρ-

271 2467 543 2533 νήσασθαι
575 2462 670 2515 τὸν
703 2460 961 2535 Χριστὸν,
1001 2461 1090 2514 καὶ
1138 2461 1213 2530 μὴ
1272 2460 1530 2526 πεισθεὶς,
1589 2459 1741 2520 αὗθις
1800 2453 1928 2513 ἐϐα-

274 2554 525 2620 σανίσθη.
558 2551 663 2608 Καὶ
695 2547 930 2621 δοξάζων
974 2549 1066 2602 τὸν
1123 2547 1274 2617 Θεὸν,
1331 2547 1422 2602 καὶ
1471 2546 1807 2621 εὐχαριστῶν
1847 2551 1928 2620 τῷ

276 2641 410 2714 ἆγίῳ
441 2639 614 2695 αὐτοῦ
679 2637 929 2710 ὀνόματι,
963 2636 1015 2691 ἐν
1049 2635 1234 2697 αὐταῖς
1283 2641 1403 2698 ταῖς
1463 2635 1740 2711 βασάνοις,
1799 2657 1926 2691 κατ-

273 2728 529 2798 εδικάσθη
566 2727 716 2804 παρᾶ
767 2731 864 2781 τοῖ’)
922 2727 1189 2802 ἄρχοντος
1245 2723 1764 2803 ἀποκεφαλισθῆναι.
1824 2726 1924 2782 Καὶ

277 2818 650 2894 ἆπαγαγόντες
682 2817 844 2872 αὐτὸν
879 2815 930 2870 οἱ
965 2819 1288 2887 στρασιῶται
1340 2814 1415 2877 εἰς
1470 2815 1561 2870 τὸν
1604 2814 1771 2870 τόπον
1819 2815 1929 2870 τῶν

275 2907 602 2976 καταδίιων,
669 2902 1092 2980 ἀπεκεφάλισαν.
1182 2903 1283 2960 Καὶ
1367 2902 1510 2959 οὕτω
1593 2901 1930 2976 τελειωθεὶς,

283 2995 565 3071 παριδωκε
592 2997 656 3051 τὸ
687 2999 922 3068 πνεῦμα.

845 3084 1029 3142 MIINI
1058 3085 1148 3158 Τῼ
1179 3083 1378 3160 arra.

1074 3173 1151 3230 II"

2030 2021 2236 2076 urbem
2280 2022 2538 2076 vinctum
2591 2023 3004 2089 circumduxit,
3049 2022 3308 2077 ludibrio
3361 2027 3418 2076 et
3467 2021 3673 2076 sannis

2032 2111 2382 2180 expositum.
2412 2111 2678 2178 P08111330
2701 2112 2761 2166 in
2789 2128 2949 2166 mare
2974 2110 3675 2180 demersum,levissimus

2030 2201 2312 2253 ventusin
2327 2205 2546 2254 terram
2572 2200 2620 2271 ej
2633 2201 2746 2255 ecit
2768 2200 3501 2270 incolumem.Rursusque
3519 2215 3680 2253 com-

2031 2289 2383 2360 prehensus,
2407 2289 2684 2360 praefecto
2708 2291 2935 2345 vinctus
2955 2290 3213 2344 sistitur:
3241 2289 3340 2360 qui
3359 2305 3490 2343 cum
3507 2288 3678 2343 illum

2033 2394 2067 2432 a
2094 2379 2307 2432 Christi
2340 2378 2456 2434 ﬁde
2482 2385 2742 2434 avertere
2775 2396 2894 2434 non
2922 2385 3142 2450 posset,
3178 2379 3391 2433 iterum
3420 2383 3679 2432 tormen-

2035 2469 2108 2523 tis
2141 2469 2403 2541 suhjicit,
2435 2469 2684 2542 gloriam
2715 2470 2834 2526 Deo
2867 2471 2930 2524 in
2962 2469 3106 2542 ipsis
3138 2469 3501 2526 cruciatibus
3533 2469 3678 2524 dan-

2035 2563 2174 2623 tem,
2209 2559 2456 2630 ejusque
2497 2558 2726 2614 nomini
2774 2559 2991 2632 gratias
3037 2564 3330 2628 agentem.
3381 2563 3677 2614 Postremo

2033 2645 2296 2717 praifecti
2328 2647 2623 2704 sententia
2652 2647 2842 2717 capite
2881 2647 3219 2714 damnatus,
3244 2651 3302 2702 et
3329 2663 3364 2702 a
3385 2646 3678 2702 militibus

2035 2733 2108 2788 ad
2126 2734 2402 2806 supplicii
2425 2735 2621 2790 locum
2643 2735 2952 2798 abductus.
2977 2735 3304 2792 decollatus
3317 2735 3448 2790 fuit.
3485 2739 3678 2807 Atque

2034 2823 2116 2877 ita
2143 2824 2426 2895 martyrio
2457 2823 2792 2893 defunctus,
2821 2824 3095 2897 spiritum
3125 2824 3389 2881 tradidit.

2599 3091 2840 3148 EODEM
2878 3090 3130 3146 MENSE.

2571 3181 2672 3238 Die
2704 3181 2935 3237 decima
2961 3180 3136 3235 tertia

279 3299 550 3369 ,Αθλησις
609 3299 718 3383 τῶν
775 3292 947 3382 έιγίων
1012 3291 1304 3383 μαρτύρων
1363 3286 1704 3383 Μακεοϐίου,
1786 3297 1926 3368 Γορ.

2042 3296 2136 3354 κδ
2174 3299 2458 3354 Certamen
2496 3301 2810 3351 sanctorum
2851 3302 3163 3365 martyrum
3201 3295 3490 3364 Macrobii,
3538 3295 3676 3352 Gor-

617 3363 835 3436 διανοῦ,
859 3365 949 3420 καὶ
975 3363 1075 3433 τῆς
1096 3363 1354 3425 ’συνοδίας
1387 3363 1586 3421 αὐτῶν.

350 3487 601 3545 Οὗτοιοὶ
632 3485 776 3559 ἅγιοι
840 3485 1105 3557 μάρτυρες
1158 3482 1410 3557 ὑπῆρχον
1469 3481 1556 3537 ἐπὶ
1612 3487 1712 3550 τῆς
1775 3482 1932 3556 βασι..

290 3575 431 3640 λείας
468 3575 768 3631 Λικιννίουο
803 3575 832 3628 ὁ
863 3573 956 3646 μὲν
991 3567 1310 3646 Μακρόϐιος
1364 3571 1470 3626 ἀπὸ
1519 3568 1931 3642 Καππαδοκίας,

289 3667 315 3720 ὁ
345 3663 396 3718 δί
431 3660 728 3738 Γορδιανὸς
779 3661 886 3714 ἀπὸ
928 3659 1331 3733 Παφλαγονίας.
1392 3655 1514 3712 Νέοι
1548 3654 1604 3712 δε
1635 3653 1786 3720 ὅντες
1831 3658 1930 3726 τὴν

292 3753 526 3822 ἠλικίαν,
559 3751 650 3806 καὶ
685 3747 922 3822 ἀνδρεῖοι
955 3747 1042 3802 καὶ
1077 3749 1375 3823 σώφρονες,
1431 3747 1566 3815 ἦσαν
1615 3745 1934 3820 τεταγμένοι

297 3839 566 3896 δουλεῦειν
601 3839 678 3904 εἷς
706 3839 804 3906 τήν
838 3842 932 3892 τοῦ
988 3836 1258 3912 βασιλέως
1309 3836 1600 3910 τράπεζαν,
1660 3835 1750 3889 καὶ
1807 3835 1936 3911 ἀγα-

297 3934 535 4003 πώμενοι
587 3929 712 4000 παρ’
773 3927 935 3982 αὐτοῦ
995 3924 1083 3980 διὰ
1138 3927 1237 3994 τήν
1296 3924 1516 3998 ἀρετὴν,
1583 3924 1672 3978 καὶ
1725 3924 1788 3979 τὸ
1841 3927 1938 3978 τοῦ

2565 3385 2741 3452 diam’,
2776 3391 2828 3439 et
2852 3387 3144 3441 sociorum.

2108 3502 2175 3556 Hi
2208 3501 2396 3556 sancti
2426 3505 2717 3572 martyres
2747 3501 2984 3572 Lycinio
3045 3501 3402 3572 imperatore
3447 3500 3683 3557 clarue-

2036 3595 2212 3645 runt:
2247 3595 2304 3645 et
2335 3589 2661 3644 Macrobius
2694 3589 2934 3659 quidem
2963 3605 3030 3643 ex
3063 3589 3431 3660 Cappadocia
3479 3595 3676 3644 ortum

2039 3681 2237 3747 duxit;
2272 3680 2600 3735 Gordianus
2623 3697 2758 3734 vero
2787 3696 2856 3734 ex
2879 3680 3298 3750 Paphlagonia.
3324 3681 3466 3734 Cum
3487 3685 3686 3734 autem

2039 3769 2277 3824 ﬂorenti
2311 3773 2512 3822 essent
2540 3773 2733 3834 aetate,
2770 3774 2826 3821 et
2855 3768 3224 3835 fortitudine,
3274 3767 3686 3839 sapientiaque

2039 3858 2383 3929 prtediti,id
2414 3857 2679 3910 muneris
2736 3856 3002 3922 obibant,
3058 3861 3124 3910 ut
3179 3857 3253 3911 ad
3310 3857 3687 3927 imperatoris

2043 3962 2311 4001 mensam
2336 3945 2774 4011 ministrarent;
2797 3951 2852 4000 et
2874 3945 2945 4000 ab
2971 3945 3076 4000 illo
3102 3945 3174 4000 ob
3197 3946 3469 4000 virtutem
3494 3961 3683 4012 suam,

297 4021 592 4093 προσώπου
639 4014 868 4078 κάλλος.
899 4011 1080 4070 Ἀλλά
1133 4011 1548 4086 διαγνωσθέντες
1609 4014 1742 4067 εἶναι
1803 4019 1938 4093 Χριτ

294 4108 518 4177 στιανοὶ,
551 4105 641 4160 κα)
674 4104 808 4159 ποτε
842 4104 934 4177 μὲν
999 4100 1088 4157 διὰ
1144 4100 1570 4172 παρακλήσεως,
1619 4102 1752 4156 ποτὲ
1783 4099 1840 4155 δὲ
1871 4086 1942 4157 δι’

293 4194 523 4263 ἀπειλῆς
554 4192 994 4266 ἀναγκαζόμενοι
1042 4191 1132 4245 τὸν
1191 4191 1420 4264 Χριστὸν
1473 4189 1823 4264 ἀρνήσασθαι,
1853 4190 1944 4245 καὶ

299 4287 371 4356 μή
432 4283 763 4349 πεισθέντες,
820 4278 1184 4355 ἐξωρίσοησαν
1247 4279 1324 4342 εἷς
1381 4281 1478 4348 τὴν
1557 4279 1743 4354 χώραν
1804 4286 1943 4334 Σκυ-

289 4373 429 4433 θίας.
475 4371 575 4426 Καὶ
635 4371 931 4445 φθάσαντες
983 4366 1112 4437 ἐκεῖ,
1175 4367 1330 4442 εὗρον
1387 4367 1515 4428 τοὺς
1567 4368 1758 4442 ἁγίους
1819 4375 1942 4422 Ζω-

298 4463 471 4525 τικὸν,
502 4459 825 4527 Λουκιανὸν,
868 4460 958 4512 καὶ
1013 4456 1166 4511 Ἠλεὶ
1219 4456 1680 4531 ἀγωνιζομένους,
1722 4455 1949 4519 ἀθλοῦν-

287 4571 380 4611 τας
411 4547 501 4604 διὰ
529 4550 634 4616 τήν
662 4547 739 4609 εἲς
773 4547 1000 4621 Χριστὸν
1035 4546 1364 4620 ὁμολογίαν.
1399 4544 1500 4600 Καὶ
1547 4544 1680 4617 μετᾶ
1731 4544 1946 4607 πολλὰς

2043 4042 2102 4091 et
2123 4035 2413 4106 egregiam
2434 4036 2696 4105 corporis
2718 4035 2969 4090 formam
2991 4036 3245 4090 maxime
3267 4035 3682 4107 diligebantur.

2045 4126 2156 4180 Sed
2189 4125 2325 4179 fidei
2350 4124 2696 4179 Christianae
2721 4126 2997 4190 accusati,
3033 4142 3167 4180 cum
3189 4142 3299 4179 nec
3325 4126 3686 4180 adhortatio-

2045 4215 2244 4278 nibus,
2279 4231 2388 4269 nec
2417 4214 2596 4268 minis
2627 4215 2700 4268 ad
2725 4215 3018 4269 Christum
3053 4215 3466 4287 abnegandum
3489 4213 3690 4270 induci

2046 4309 2309 4376 possent,
2345 4303 2686 4374 relegantur
2715 4304 2775 4358 in
2834 4305 3155 4374 Scythiam.
3205 4307 3328 4369 Quo
3381 4303 3692 4375 deportati,

2049 4393 2406 4446 invenerunt.
2444 4397 2679 4447 sanctos
2728 4393 3010 4459 Zoticum,
3063 4392 3408 4459 Lucianum,
3461 4397 3518 4446 et
3565 4389 3692 4446 Heli

2049 4481 2369 4536 fortissime
2401 4499 2506 4552 pro
2525 4481 2737 4536 Christi
2770 4481 3139 4537 confessione
3171 4485 3522 4552 pugnantes.
3556 4481 3696 4534 Post

1697 4633 1710 4650 ς
1731 4568 1946 4650 ποίκιλαῖ
1974 4645 2003 4650 _
2051 4570 2269 4625 multos
2300 4575 2499 4625 autem
2521 4571 2839 4636 cruciatus,
2859 4571 3088 4625 Zoticus
3111 4569 3372 4640 quidem,
3409 4572 3466 4622 et
3489 4568 3696 4622 Lucia-

281 4640 374 4702 τας
408 4636 692 4711 βασάνους,
743 4637 770 4689 ὁ
819 4635 912 4708 μὶν
976 4635 1212 4696 Ζωτικὸς
1270 4633 1420 4688 καὶὸ
1452 4633 1750 4694 Λουκιανὸς
1801 4634 1929 4712 ξίφει

2051 4676 2165 4714 nus
2195 4659 2388 4730 capite
2418 4659 2574 4730 plexi
2608 4664 2783 4714 sunt:
2817 4658 2928 4728 ipsi
2962 4674 3097 4713 vero
3124 4673 3244 4714 una
3268 4673 3401 4712 cum
3455 4657 3583 4712 Heli
3631 4656 3695 4712 in

283 4726 702 4796 ἒτελειώθησαν.
737 4723 904 4778 Αὐτοὶ
952 4720 1030 4793 δὲ,
1076 4722 1208 4795 μετᾶ
1252 4726 1350 4777 τοῦ
1401 4721 1580 4790 Ἠλεὶ,
1613 4725 1680 4796 τῇ
1719 4723 1936 4798 φυλακῇ

283 4816 774 4892 παρεπὲμφθησαν.
844 4814 941 4867 Καὶ
1005 4813 1032 4866 ὁ
1094 4812 1187 4884 μὶν
1245 4811 1672 4886 ἅιπεκειῖηιλίσθη⁹
1730 4811 1940 4886 Μακρό-

288 4901 406 4968 ϐιος
466 4903 524 4959 δε
579 4904 670 4958 καί
733 4899 1024 4975 Γορδιανὸς
1081 4900 1210 4976 πυρὶ
1282 4898 1698 4971 ἐτελειώθησαν.
1764 4902 1825 4957 ὐ
1882 4897 1940 4955 δὲ

285 4993 662 5067 Οὐαλεριανὸς
721 4990 807 5046 ἐπὶ
863 4994 943 5062 τῷ
1001 4989 1156 5066 τάφῳ
1211 4993 1316 5043 τῶν
1360 4988 1529 5062 ἁγίων
1582 4990 1799 5065 θρηνῶν
1855 4987 1939 5060 ἐξ-

289 5090 380 5139 in
388 5105 445 5139 ευ
452 5104 538 5138 σεν
549 5126 563 5140 .

883 5171 964 5241 Tii
995 5167 1132 5239 αὐτῇ
1164 5167 1346 5242 ἡμέρᾳ

286 5291 558 5360 ’Δθλησις
591 5290 690 5343 τοῦ
747 5286 936 5360 ἁγίουΔ
966 5283 1384 5360 Ἱερομᾴρτλυρος
1435 5281 1738 5340 Ἰουλιανοῦ
1760 5286 1856 5338 τοῦ
1886 5283 1938 5340 ἐν

765 5353 1016 5432 ’Ᾱγκύρᾳ
1036 5353 1136 5419 τῆς
1166 5353 1458 5417 [αλατίας.

355 5478 476 5532 Ἐπῖ
521 5480 624 5541 τῆς
677 5472 965 5552 βασιλείας
1027 5468 1306 5525 Λικιννίου
1351 5469 1416 5538 ἦν
1479 5465 1723 5542 διωγμὸς
1778 5472 1943 5545 μὲγας

283 5568 414 5622 κατὰ
441 5571 550 5622 τῶν
601 5562 972 5641 Χριστιανῶν*
1033 5557 1190 5634 ἔγγὺς
1250 5555 1636 5641 δὶῗἊγχύρας
1688 5561 1784 5628 τῆς
1840 5566 1944 5616 Γα-

289 5652 469 5716 λατίας
502 5640 726 5729 ὑπῆρχε
757 5642 1139 5731 πρεσϐύτερος
1177 5640 1420 5716 εὐλαϐὴς
1478 5641 1653 5726 ὄνομα
1705 5646 1942 5706 Ἰουλια-

289 5745 385 5808 νζς.
441 5745 537 5800 Διὰ
588 5741 643 5800 δὲ
699 5744 798 5798 τὸν
862 5733 1116 5811 διωγμὸν
1179 5733 1359 5810 ἔφυγε,
1415 5734 1506 5790 καὶ
1564 5735 1809 5806 ἀπῆλθεν
1867 5736 1942 5802 εἰς

2049 4766 2344 4805 carcerem
2368 4749 2808 4819 detrusi.Atque
2830 4748 2932 4802 ille
2955 4748 3196 4819 quidem
3219 4747 3546 4804 decollatus
3567 4752 3658 4802 est
3679 4741 3694 4790 ε

2050 4839 2378 4894 Macrobius
2410 4843 2637 4905 autem,
2672 4842 2730 4892 et
2760 4837 3088 4893 Gordianus
3120 4838 3180 4893 in
3212 4839 3411 4911 ignem
3443 4838 3698 4910 conjecti

2051 4928 2416 4995 occubuere;
2455 4927 2798 4982 Valerianus
2825 4944 2958 4982 vero
3007 4927 3080 4984 ad
3121 4928 3458 5000 sepulcrum
3516 4943 3696 4984 sanc-

2052 5023 2248 5073 torum
2280 5016 2543 5088 plorans,
2588 5016 2859 5088 spiritum
2892 5017 3110 5072 emisit.

2702 5193 2923 5250 Eodem
2954 5193 3049 5250 die

2055 5311 2157 5367 80
2190 5311 2471 5366 Certamen
2503 5315 2837 5440 sacrosancta;
2881 5309 3149 5437 Inprtyris
3193 5309 3411 5366 Iuliani
3461 5311 3698 5380 Ancyra:

2705 5400 2764 5438 in
2842 5400 2876 5436 a
2901 5400 2934 5437 a
2964 5399 3038 5437 ια.

2705 5400 2764 5438 ιη
2797 5399 3038 5438 uataua.

2125 5472 2348 5528 Licinio
2380 5472 2737 5543 imperatore
2768 5488 2983 5544 magna
3039 5472 3370 5543 persecutio
3418 5471 3697 5528 adversus

2051 5561 2420 5616 Christianos
2451 5566 2612 5616 mota
2643 5565 2751 5617 est.
2785 5563 2923 5616 Erat
2953 5566 3152 5616 autem
3179 5578 3361 5633 prope
3402 5567 3697 5632 Ancyram

2053 5651 2298 5720 Galatiae
2328 5649 2639 5722 presbyter
2667 5650 2821 5722 pius,
2857 5650 3100 5705 nomine
3131 5649 3420 5720 Julianus,
3455 5649 3556 5720 qui
3610 5648 3696 5704 vi-

2054 5739 2253 5796 tandas
2279 5738 2712 5810 persecutionis
2734 5754 2911 5795 causa
2928 5739 2989 5792 in
3015 5738 3268 5793 densum
3282 5743 3547 5793 montem
3570 5751 3699 5792 sese
