4140 6302
453 420 528 478 47
1766 407 2205 472 MENOLOGII
2247 415 2460 480 PARS
2501 418 2555 480 l.
3780 418 3860 479 ιε

449 555 694 627 recepit,
727 553 875 609 etin
925 566 1106 623 specu
1159 567 1282 606 una
1331 566 1469 607 cum
1524 549 1657 605 aliis
1706 546 2084 620 quadraginta

2224 541 2340 626 ipa;
2403 549 2555 611 δασύ.
2614 553 2719 614 Καὶ
2773 555 3170 632 κατεκρύπτετο
3243 557 3296 611 έν
3355 551 3637 626 σπηλαίῳ,
3725 554 3859 626 μετὰ

455 644 687 701 duobus
716 642 939 698 sanctis
966 657 1028 697 se
1060 640 1308 696 abdidit.
1337 641 1481 696 Cum
1511 643 1712 694 autem
1734 638 1909 709 juxta
1938 651 2090 691 mon

2225 639 2300 693 ιαὶ
2329 638 2516 698 ἄλλων
2544 645 2944 720 τεσσαράκοντα
2989 644 3081 700 καὶ
3137 641 3233 699 δυο
3293 642 3485 719 ἁγίων.
3546 642 3743 704 Ὀντος
3801 639 3860 697 δὶ

458 738 580 789 tem
612 736 769 787 esset
822 728 1140 785 delubrum
1198 727 1322 783 deae
1379 727 1692 799 cujusdam
1744 725 2086 780 Graecorum

2219 727 2447 799 πλησίον
2471 736 2567 787 τοῦ
2593 730 2756 808 ὅρους
2781 731 3065 790 είδωλείου
3095 736 3192 803 τῆς
3222 735 3343 796 θεᾶς
3373 737 3481 789 τῶν
3544 730 3854 801 Ἑλλήνων,

462 838 645 894 quam
674 822 931 875 Hecaten
964 821 1191 887 vocant,
1224 822 1283 871 et
1312 818 1561 887 Ancyrae
1594 830 1814 886 praises
1845 812 1988 867 illuc
2017 827 2097 866 sa-

2223 824 2311 887 τῆς
2344 819 2653 895 λεγομένης
2681 824 2930 895 Ἑκάτης,
2990 823 3080 879 καὶ
3134 827 3232 878 τοῦ
3286 828 3387 892 τῆς
3447 819 3712 897 Ἀγκύρας
3762 816 3858 895 ἅρ-

464 910 771 967 crificandi
799 925 978 964 causa
1002 907 1316 963 adventare
1367 904 1602 975 soleret,
1650 901 2099 973 requirebantui

2224 926 2415 982 κοντος
2445 910 2777 975 ἀπελθόντος
2835 913 2947 968 ἐκεῖ
3002 917 3155 977 θῦσαι
3212 913 3375 986 αὐτῇ,
3435 910 3748 986 ἀνεύρονται
3807 910 3859 963 οἱ

466 1000 674 1067 sancti,
709 1004 774 1054 ut
803 1003 1175 1081 caperentur.
1209 995 1321 1050 Sed
1346 1011 1481 1050 cum
1512 992 1778 1064 quotidie
1828 991 1963 1062 quis
2007 1005 2101 1044 eo-

2229 997 2364 1070 ἳγιοι
2412 1008 2773 1075 κρατηθῆναι.
2835 1002 3169 1076 Ἐξήρχοντο
3225 999 3283 1055 δὲ
3326 1000 3639 1075 καθημέραν
3674 1000 3752 1060 εἷς
3785 1000 3864 1063 εἷς

464 1107 599 1145 rum
631 1088 837 1152 exiret,
869 1092 935 1141 ut
963 1079 1179 1157 aquam
1208 1102 1279 1141 ex
1307 1084 1577 1157 proximo
1601 1082 1764 1137 fonte
1825 1079 2099 1145 hauriret1

2230 1085 2270 1139 ii
2301 1086 2467 1162 ἅγιοι,
2496 1088 2586 1144 καὶ
2646 1085 2955 1164 ἐλάμϐανον
3016 1086 3164 1165 ὕδωρ
3194 1088 3255 1144 ἐκ
3299 1096 3399 1159 τῆς
3457 1087 3693 1159 πλησίον
3751 1107 3865 1158 πη-

466 1194 648 1250 quam
678 1177 908 1232 caateris
940 1174 1261 1230 bibendam
1309 1173 1621 1245 prasberet,
1667 1170 1875 1242 obtigit
1906 1171 2101 1223 sancto

2234 1181 2343 1250 τῆς,
2371 1176 2461 1231 καὶ
2493 1176 2740 1248 έπότιζον
2771 1179 2901 1241 τοὺς
2959 1177 3212 1242 λοιποὺς.
3272 1176 3483 1254 Ἔλαχε
3529 1174 3588 1231 δὲ
3637 1177 3732 1231 καὶ
3786 1178 3869 1248 τῷ

465 1267 718 1332 Iuliano,
750 1272 816 1320 ut
844 1268 1164 1335 aquaretur
1189 1279 1201 1316 :
1227 1261 1329 1334 qui
1351 1266 1702 1332 conspectus
1723 1275 1758 1314 a
1775 1260 2100 1313 Graecorum

2232 1266 2355 1341 ἱγίῳ
2386 1266 2666 1342 Ἰουλιανῷ
2697 1269 2918 1345 γεμίσαι
2949 1266 3118 1344 ὕδωρ.
3155 1269 3256 1326 Καὶ
3292 1265 3495 1333 ἰδόντες
3522 1266 3683 1323 αὐτόν
3723 1287 3867 1330 τινες

465 1354 843 1426 quibusdam,
879 1350 1464 1422 comprehensusque
1496 1352 1555 1402 et
1582 1346 1837 1414 vinctus,
1859 1342 1934 1398 ad
1959 1359 2100 1414 pra;-

2232 1358 2323 1410 τῶν
2403 1342 2721 1429 Ἑλλήνων
2769 1342 3102 1434 -έκράτησαν,
3154 1358 3248 1413 καὶ
3307 1353 3564 1427 δήσαντες
3645 1355 3867 1431 ἀπήγα-

466 1442 657 1499 sidem
688 1440 1023 1496 adducitur.
1051 1439 1197 1493 Cum
1228 1442 1428 1493 autem
1458 1452 1680 1507 praases
1708 1433 1881 1487 illum
1912 1430 1986 1486 de
2014 1446 2101 1485 re-

2234 1465 2309 1518 (ον
2335 1450 2415 1518 τῷ
2443 1443 2692 1522 ἄρχοντι.
2738 1430 2849 1505 Καὶ.
2899 1445 3197 1522 ἐρωτηθεὶς
3251 1445 3342 1501 καὶ
3398 1446 3523 1519 περὶ
3577 1449 3684 1501 τῶν
3746 1430 3869 1499 λοι-

462 1531 646 1604 liquis
676 1532 1145 1602 percontaretur,
1173 1526 1301 1597 ipse
1331 1540 1465 1580 vero
1487 1523 1791 1579 neminem
1814 1519 2093 1593 proderet

2227 1538 2354 1605 πῶν,
2382 1519 2583 1610 καὶ-μὴ
2645 1519 2958 1615 φανερώσας
3004 1535 3225 1608 αὐτοὺς,
3285 1533 3430 1591 ἀλλὰ
3482 1535 3573 1590 τὸν
3632 1533 3862 1608 Χριστὸν

465 1622 572 1677 sed
601 1620 896 1677 Christum
927 1616 1115 1671 libere
1144 1615 1558 1687 proﬁteretur;
1592 1612 1722 1684 ejus
1751 1610 1930 1682 capiti
1962 1624 2100 1664 can-

2233 1622 2495 1700 παῤῥησίᾳ
2525 1610 2905 1701 ὁμολογήσας,
2946 1625 3280 1701 περιτίθεται
3340 1623 3429 1679 ἐπὶ
3479 1624 3580 1692 τὴν
3623 1620 3868 1701 κεφαλὴν

469 1716 617 1771 dens
648 1712 832 1769 cassis
863 1709 1228 1780 imponitur:
1287 1706 1503 1762 deinde
1552 1704 1837 1776 scalptus,
1887 1707 1946 1758 et
1991 1716 2104 1773 gra-

2237 1710 2447 1768 ιασσίδα
2502 1715 3025 1790 πεπυρακτωμένην.
3086 1713 3217 1771 Εἶτα
3273 1712 3477 1787 ξεσθεὶς
3531 1710 3625 1768 καί
3687 1732 3872 1786 τιμω-

469 1803 709 1860 vissime
739 1804 949 1867 tortus,
982 1796 1330 1853 decollatur.

2218 1799 2405 1874 ρηθεὶς
2436 1799 2700 1878 ἰσχυρῶς,
2731 1798 3162 1879 ἀπεκεφαλίσθη.

1026 1911 1267 1968 EODEM
1306 1910 1555 1966 MENSE.
2145 1908 2195 1974 Β

2145 1908 2195 1974 Β
2774 1920 2959 1976 MHNI
2986 1921 3074 1998 T9
3103 1921 3297 1997 Arri).

996 2029 1102 2085 Die
1131 2027 1364 2083 decima
1394 2028 1607 2096 quarta
3005 2034 3085 2090 ῙΔι

475 2154 569 2212 81
614 2149 1067 2207 Commemoratio
1097 2144 1465 2227 Exaltationis
1495 2142 1754 2213 pretiosa
1785 2146 1839 2196 et
1887 2140 2110 2208 viviﬁcw

2242 2152 2286 2203 Π
2344 2149 2647 2222 ἀνάμνησις
2697 2154 2799 2219 τῆς
2859 2148 3118 2227 ὑψῴσεως
3166 2145 3264 2227 τος)
3318 2147 3511 2221 τιμίου
3583 2147 3674 2202 καὶ
3731 2150 3874 2216 ζωοο

1197 2219 1406 2272 Crucis.
2452 2219 2461 2222 '
2548 2219 2553 2220 '
2820 2241 2832 2274 τ

2452 2219 2461 2222 -
2548 2219 2553 2220 ν
2820 2219 2984 2276 ποιοῦ
3017 2223 3271 2293 σταυροῦ.

543 2335 966 2396 Constantinus
995 2335 1257 2404 Magnus,
1281 2329 1627 2401 primusque
1648 2326 2120 2383 Christianorum

2298 2340 2697 2401 Κωνσταντῖνος
2749 2337 2777 2392 6
2834 2338 3017 2412 Μέγας
3071 2336 3158 2392 καὶ
3216 2336 3436 2411 πρῶτος
3491 2335 3543 2391 ἐν
3617 2336 3873 2411 Χριστια-

475 2430 821 2500 imperator,
843 2423 1084 2497 gerebat
1113 2419 1432 2492 aliquando
1461 2417 1710 2485 bellum,
1769 2420 1837 2471 ut
1879 2415 2110 2488 quidam

2246 2430 2341 2488 νοῖς
2375 2424 2631 2500 βασιλεὺς
2661 2429 2781 2502 εἶχε
2808 2427 2940 2482 ποτὶ
2975 2424 3247 2499 πόλεμον,
3306 2425 3380 2488 ὡς
3438 2425 3532 2498 μὲν
3589 2445 3730 2487 τινες
3779 2424 3881 2480 λέ-

2639 2515 2667 2534 Ὗ
2716 2516 2731 2535 θ

475 2519 700 2574 dicunt.
732 2517 931 2571 Romaa
964 2510 1244 2567 adversus
1266 2506 1973 2576 Maxentium,antequam
2011 2504 2110 2559 im-

2243 2536 2439 2591 τουσιν,
2489 2514 2541 2570 έν
2598 2515 2667 2590 τῇ
2716 2516 2906 2590 Ῥώμῃ
2965 2516 3101 2571 κατά
3185 2515 3542 2591 Μαγνεντίου,
3608 2514 3716 2589 πρὸ
3772 2514 3878 2569 τοῦ

478 2607 642 2680 perio
658 2605 980 2678 potiretur;
1002 2605 1219 2655 utvero
1242 2598 1343 2653 alii
1371 2595 1655 2663 sentiunt,
1680 2595 1962 2650 adversus
1986 2594 2113 2665 Scy-

2247 2609 2619 2680 ιρατῆσαιτῆς
2653 2603 2951 2678 βασιλείαςο
2994 2604 3069 2668 ὡς
3099 2601 3156 2658 δὲ
3182 2601 3380 2676 ἕτεροι,
3440 2602 3515 2665 εἷς
3563 2603 3654 2657 τὸν
3704 2601 3882 2657 Δούν-

478 2698 615 2751 thas
646 2694 720 2750 ad
753 2691 1082 2749 Danubium
1122 2687 1387 2743 ﬂuvium.
1440 2687 1586 2739 Cum
1637 2688 1837 2739 autem
1879 2697 2113 2755 magnas

2246 2687 2382 2748 m6w
2432 2692 2679 2766 ποταμόν
2737 2693 2873 2748 κατὰ
2929 2695 3177 2749 Σκυθῶν.
3233 2693 3454 2748 Βλέπων
3484 2690 3541 2748 δὲ
3595 2691 3723 2755 τοὺς
3771 2713 3881 2748 πο-

478 2785 741 2841 hostium
772 2781 972 2852 copias
999 2780 1289 2843 cerneret,
1341 2790 1495 2846 eeger
1550 2772 1769 2843 animo,
1830 2771 2113 2843 inopsque

2244 2782 2464 2855 λεμίους
2494 2779 2766 2851 πολλούς,
2807 2780 3083 2851 ἐλυπεῖνο,
3140 2781 3233 2836 καὶ
3281 2779 3556 2855 διηπόρει.
3607 2779 3766 2838 ’Δλλ’
3820 2781 3879 2836 ἐν

482 2872 739 2940 consilii,
774 2871 844 2926 de
876 2869 962 2923 rei
993 2866 1152 2921 exitu
1186 2880 1387 2920 secum
1414 2861 1741 2917 dubitabat.
1777 2861 1889 2916 Sed
1946 2864 2117 2915 noctu

2252 2874 2301 2945 εῇ
2326 2871 2477 2925 νυκτὶ
2510 2872 2610 2945 ὁρᾷ
2638 2871 2730 2925 τὸν
2758 2870 2942 2945 τίμιον
2975 2871 3200 2946 σταυρὸν
3256 2871 3310 2926 ἐν
3365 2872 3444 2943 τῷ
3503 2870 3736 2945 οὐρανῷ,
3786 2870 3887 2925 καὶ

478 2965 688 3019 videns
718 2959 1040 3032 pretiosam
1077 2970 1315 3011 crucem
1345 2953 1407 3007 in
1441 2951 1586 3007 cmlo
1617 2967 1751 3006 cum
1782 2949 2113 3023 hlljllSIllOdj

2245 2961 2446 3038 γραφὴν
2506 2956 2578 3014 δι’
2649 2960 2884 3037 ἀστέρων
2972 2958 3267 3030 δηλοῦσαν⁹
3348 2965 3735 3028 Κωνσταντῖκε,
3822 2958 3880 3015 ἐν

476 3051 866 3123 inscriptione
899 3048 1056 3102 inter
1087 3044 1315 3099 sidera:
1344 3039 1827 3107 Constantine,in
1859 3038 1971 3094 hoc
2002 3038 2111 3093 vini

2256 3049 2413 3122 τούτῳ
2462 3049 2601 3107 νίκα.
2659 3052 2900 3119 Ποιήσας
2954 3050 3043 3104 οὗν
3105 3048 3303 3123 ὅμοιον
3350 3049 3604 3123 σταυρὸν,
3667 3047 3891 3118 ἐνίκησε

483 3160 582 3200 cos
608 3159 620 3195 :
654 3137 1024 3196 simillimam
1046 3133 1132 3187 illi
1152 3146 1389 3186 crucem
1416 3129 1733 3195 efﬁnxit,et
1753 3128 1953 3183 hostes
1969 3129 2118 3190 vicit.

2254 3138 2362 3201 :obc
2396 3138 2649 3214 ἐχθρούς.
2682 3141 2785 3196 Καὶ
2821 3139 3132 3216 βαπτισθεὶς
3181 3139 3272 3194 σὺν
3303 3139 3373 3214 τῇ
3430 3137 3626 3215 μητέρι
3665 3137 3889 3212 Ἑλένῃ,

481 3228 878 3297 Quamobrem
901 3239 1035 3279 cum
1056 3220 1281 3275 Helena
1303 3223 1488 3273 matre
1508 3217 1857 3288 baptizatus,
1892 3217 2116 3287 optaba1

592 3324 625 3334 ι·
1253 3311 1537 3334 η,,,ε..---
1565 3308 1774 3334 -m-.-_
1799 3308 1987 3334 om--.
2046 3309 2100 3334 ε-

2253 3224 2505 3298 ἡθέλησεν
2555 3229 2729 3301 εὑρεῖν
2802 3230 2894 3284 τὸν
2942 3228 3125 3301 τίμιον
3174 3229 3423 3305 σταυρὸν,
3483 3227 3536 3283 ἐν
3595 3226 3641 3301 ᾧ
3692 3227 3888 3282 ἐσταυα

474 3324 799 3397 pretiosam
830 3331 1088 3381 crucem,
1125 3313 1219 3368 cui
1252 3311 1541 3367 Dominus
1563 3308 1777 3363 affixus
1799 3308 2010 3374 fuerat,
2045 3309 2106 3364 in

2257 3318 2390 3386 >ώθη
2425 3318 2453 3371 6
2486 3317 2710 3392 Κύριος.
2762 3317 2864 3376 Καὶ
2923 3318 3231 3383 ἀπελοοὸσα
3277 3319 3312 3388 ἡ
3350 3319 3534 3391 μήτηρ
3582 3315 3749 3373 αὐτοῦ
3806 3316 3892 3383 εἰς

477 3396 698 3469 venire.
734 3409 878 3481 Ejus
910 3408 1112 3475 itaque
1144 3406 1335 3456 mater
1357 3396 1783 3468 conquirendae
1807 3397 1999 3453 crucis
2020 3402 2112 3453 stu

2258 3406 2308 3460 τὰ
2361 3403 2737 3482 Ἰεροσόλυμα,
2825 3408 2974 3483 εὗρεν
3062 3407 3220 3464 αὐτὸν
3290 3409 3664 3485 φανερωθέντα
3740 3407 3893 3480 παρὰ

480 3503 578 3558 dio
609 3495 1019 3566 Hierosolyma
1046 3490 1311 3558 veniens,
1334 3487 1559 3559 reperit
1587 3502 1720 3541 eam
1746 3486 1861 3541 sibi
1886 3487 2115 3542 manife

2256 3496 2516 3568 Κυριακοῦ
2553 3493 2843 3569 Ἰουδαίου,
2905 3502 3004 3552 τοῦ
3045 3497 3337 3574 γεγονότος
3389 3496 3610 3571 ὕστερον
3662 3494 3891 3551 ἐπισκο-

483 3596 698 3648 statam
729 3603 763 3641 a
791 3584 1031 3656 Cyriaco
1060 3579 1281 3646 Iudaeo,
1306 3577 1406 3647 qui
1431 3580 1639 3647 postea
1661 3573 1975 3646 episcopus
1996 3575 2118 3630 fuit:

2253 3601 2364 3638 που·
2399 3582 2530 3640 ἴδὼν
2559 3582 2617 3640 δὲ
2667 3585 2825 3641 αὐτὸν
2883 3592 2988 3650 πᾶς
3048 3588 3077 3642 6
3126 3586 3259 3650 λαὸς
3305 3586 3504 3661 ἐχάρη,
3559 3585 3648 3641 καὶ
3708 3605 3888 3660 προσ-

487 3695 665 3752 quam
703 3691 838 3732 cum
893 3670 1152 3743 populus
1201 3667 1513 3722 universus
1571 3663 1834 3730 vidisset,
1897 3681 2122 3720 summa

2252 3673 2490 3744 εκῦνησεν
2544 3674 2707 3729 αὐτὸν
2767 3678 2801 3745 ἡ
2864 3674 3154 3751 βασίλισσα
3204 3674 3337 3748 μετά
3384 3680 3487 3743 τῆς
3544 3670 3887 3746 συγκλήτου,

487 3767 702 3843 gaudio
729 3766 975 3821 affectus
1000 3760 1131 3815 fuit.
1164 3759 1234 3811 Et
1253 3753 1598 3827 imperatrix
1614 3752 1752 3823 quid
1762 3769 1853 3807 em
1866 3769 1984 3809 una
1996 3770 2122 3809 cum

2249 3761 2325 3816 ιιαὶ
2364 3763 2665 3833 ἠσπάσατο.
2728 3770 2916 3836 Ζητῶν
2977 3762 3034 3820 δὲ
3090 3764 3180 3819 καὶ
3238 3765 3267 3819 6
3326 3762 3462 3826 λαὸς
3510 3767 3884 3837 προσκυνῆσαι

484 3842 695 3915 senatu
725 3854 892 3909 illam
941 3846 1207 3905 adoravit
1272 3849 1329 3899 et
1388 3843 1654 3898 osculata
1711 3846 1818 3898 est.
1868 3842 2119 3914 Populus

2362 3853 2436 3924 μὴ
2471 3849 2767 3927 δυνάμενος
2822 3851 2914 3909 διὰ
2968 3853 3058 3909 τὸν
3101 3849 3321 3927 ἄπειρον
3382 3847 3579 3925 ὄχλον,
3637 3849 3886 3924 ᾐτήσατο
3966 3912 3972 3917 1

476 3964 638 4015 vero,
670 3959 803 3999 cum
836 3955 1070 3996 summo
1098 3939 1402 3991 teneretur
1431 3929 1747 3987 adorandae
1767 3931 1960 3987 crucis
1980 3931 2111 3988 desii

2242 3939 2331 3994 κᾶἱν
2362 3937 2494 3994 ἰδεῖν
2544 3942 2730 4011 αὐτὸν,
2789 3942 2880 3997 καὶ
2937 3941 3138 4017 ἤρξατο
3190 3941 3407 4018 κράζειν
3436 3940 3464 3993 6
3494 3936 3648 4008 λαὸς,
3708 3938 3877 4013 Κύριε

474 4037 664 4102 derio,
697 4045 891 4101 neque
921 4027 981 4082 id
1014 4025 1124 4081 sibi
1155 4028 1396 4095 propter
1416 4021 1794 4074 innumeram
1818 4019 2109 4077 hominum

1609 4035 1794 4074 teram
1818 4019 2128 4078 hominum
2234 4025 2486 4099 ἐλέησον,
2517 4030 2606 4085 καὶ
2636 4028 2887 4101 ἐτυπώθη
2913 4030 2990 4094 εἷς
3018 4029 3244 4104 ὕψωσιν.

473 4125 708 4183 turbam
735 4121 927 4176 facere
958 4116 1181 4181 liceret,
1212 4110 1383 4184 petiit
1414 4113 1477 4163 ut
1505 4107 1618 4163 sibi
1650 4107 1860 4177 saltem
1893 4109 2060 4166 illam
2090 4113 2326 4173 videndi
2351 4125 2614 4189 potestas
2645 4121 2833 4177 ﬁeret.
2867 4122 3053 4187 Quam
3081 4120 3181 4176 ubi
3213 4118 3380 4190 vidit,
3410 4120 3472 4174 in
3495 4119 3649 4174 hanc
3674 4133 3879 4173 vocem

470 4214 730 4291 populus
761 4208 975 4280 erupit.
1009 4204 1181 4276 Kyrie
1214 4200 1459 4256 eleison.
1491 4200 1681 4269 Atque
1714 4197 1854 4251 hinc
1885 4200 2268 4262 Exaltationis
2300 4213 2474 4280 typus
2505 4225 2820 4281 expressus
2844 4209 2975 4264 fuit.

1134 4315 1355 4371 Eodem
1385 4312 1480 4368 die
2148 4329 2196 4393 Ι)

2148 4329 2196 4393 D
2811 4323 2894 4396 Τῇ
2924 4321 3060 4396 αὖτῇ
3092 4322 3273 4395 ἡμέρᾳ

726 4413 825 4470 38
858 4411 1144 4467 Certamen
1174 4405 1353 4461 sancti
1380 4401 1640 4469 martyris
1666 4401 1858 4470 Papae.

2507 4409 2775 4482 Ἀθλησις
2796 4415 2893 4467 τοῦ
2923 4410 3079 4488 ἁγίου
3113 4412 3388 4486 μάρτυρος
3412 4407 3590 4469 Πάπα.

544 4540 746 4607 Papas,
780 4529 1107 4586 multorum
1160 4520 1548 4578 certaminum
1604 4516 1821 4572 Christi
1870 4521 2116 4590 martyr,

2301 4499 2361 4557 Ὀ
2417 4498 2731 4564 πολύαθλος
2794 4502 2998 4576 μάρτυς
3066 4498 3163 4556 τοῦ
3247 4504 3479 4574 Χριςτοῦ
3569 4498 3757 4562 Πάπας
3805 4494 3875 4566 ἦν

471 4587 828 4696 imperatore
859 4615 1232 4681 Maximiano,
1258 4626 1326 4665 ex
1354 4608 1596 4680 regione
1611 4604 1799 4676 Lyciae
1815 4604 1944 4663 fuit.
1974 4607 2106 4660 Cum

2244 4587 2447 4657 ἓπὶτῆς
2482 4588 2761 4664 βασιλείας
2821 4589 3187 4662 Μαξιμιανοῦ,
3248 4588 3308 4644 έκ
3360 4594 3462 4658 τῆς
3524 4587 3711 4664 χώρας
3770 4588 3879 4642 Αυ-

2272 4679 2285 4696 .
2414 4676 2525 4696 ,δν
2710 4676 3080 4696 M.....
3229 4679 3240 4696 .
3516 4674 3831 4696 ..‘_..

469 4674 923 4770 au-te'rnﬁrectam
957 4705 1133 4759 fidem
1162 4674 1448 4762 doceret:
1469 4702 1529 4751 et
1580 4674 1766 4748 libere
1820 4694 2104 4749 Christum

2239 4679 2369 4770 ιιίαςἶ
2403 4676 2675 4770 Διᾼδάσειων
2707 4676 2764 4732 δὲ
2808 4681 2907 4749 τὴν
2956 4678 3120 4753 ὀρθὴν
3180 4679 3384 4749 πίστιν,
3445 4677 3532 4732 καὶ
3577 4674 3874 4749 ὁμολογῶν

467 4800 870 4873 proﬁteretur,
904 4793 1224 4862 multisque
1255 4783 1763 4851 Graecorum,utin
1792 4783 1962 4838 illum
1990 4799 2102 4838 cre-

2242 4767 2507 4844 παρρησίᾳ
2534 4768 2625 4823 τὸν
2660 4768 2916 4842 Χριστὸν,
2974 4766 3063 4822 καὶ
3115 4765 3363 4828 πολλοὺς
3416 4769 3524 4821 τῶν
3584 4763 3877 4834 Ἐλλήνων

2306 4859 2345 4873 Ι-
2633 4857 2646 4873 1
2793 4856 2807 4873 9
2913 4856 2926 4873 ,
2976 4856 2988 4871 \
3352 4854 3400 4873 In
3540 4858 3563 4868 ο
3627 4851 3653 4867 V
3696 4870 3729 4873 Α.
3770 4872 3773 4873 ,
3806 4872 3823 4873 κ

466 4853 695 4951 derent,
731 4853 1145 4956 persuaderet,
1188 4876 1460 4949 proditus
1510 4871 1772 4945 praesidi,
1827 4877 1884 4926 et
1909 4874 1980 4927 ab
2014 4872 2101 4927 illc

2239 4859 2434 4922 πείθων
2462 4857 2729 4912 πιστεύειν
2764 4856 2839 4919 εἷς
2869 4856 3051 4926 αὐτὸν,
3094 4854 3440 4930 κατεμηνύθη
3498 4858 3579 4925 τῷ
3623 4853 3874 4928 ἄρχοντι,

467 4967 1304 5046 comprehensus,gravissime
1322 4964 1582 5034 primum
1606 4960 1885 5016 caeditur:
1902 4960 2102 5015 deinde

2243 4947 2319 5002 καὶ
2349 4946 2634 5021 κρατηθεὶς
2668 4947 2792 5020 παρ’
2836 4945 3019 5016 αὐτοῦ,
3079 4949 3294 5020 πρῶτον
3358 4945 3453 5017 μὲν
3491 4940 3689 5020 ἐτύφθη
3745 4962 3878 5017 σφο-

466 5063 785 5121 confractis
816 5059 1094 5116 omnibus
1126 5055 1248 5111 oris
1279 5052 1535 5120 ossibus,
1570 5066 1894 5121 suspensus
1921 5049 2101 5104 duris-

2242 5034 2394 5111 Βρῶς.
2428 5035 2531 5094 Καὶ
2564 5031 2848 5111 συνετρίϐη
2883 5035 3057 5090 πάντα
3106 5034 3173 5089 τὰ
3227 5033 3357 5088 ὀστᾶ
3412 5031 3507 5086 τού
3553 5030 3877 5106 προσώπου.

469 5115 623 5210 sime
636 5115 940 5222 scalpitur.
962 5151 1100 5203 Post
1121 5146 1247 5200 haec
1268 5115 1536 5198 induitur
1556 5115 1977 5195 calceamentis
2000 5138 2104 5195 fer-

2244 5127 2457 5183 Ἐπειτα
2510 5123 2848 5200 κρεμασθεὶς,
2906 5121 3092 5196 ἐξέσθη
3167 5121 3252 5176 ἐπὶ
3336 5118 3503 5176 πολύ.
3580 5119 3680 5177 Καὶ
3743 5115 3879 5191 μετᾶ

465 5243 607 5308 reis,
633 5240 812 5296 clavis
831 5236 1170 5311 ingentibus
1192 5239 1251 5289 et
1270 5229 1460 5288 acutis
1483 5229 1754 5295 conﬁxis,
1770 5227 2100 5299 cogiturqut

2241 5219 2400 5270 ταῦτα
2464 5211 2701 5284 ὀποδέθη
2761 5209 3089 5285 ὑποδήματα
3167 5206 3384 5284 σιδηρᾶ,
3444 5209 3617 5279 ἥλους
3677 5204 3876 5282 ἔχοντα

467 5330 637 5401 equis
666 5342 1030 5402 praecurrere
1061 5324 1134 5380 ab
1164 5322 1311 5378 urbe
1343 5336 1450 5375 sua
1474 5319 2102 5386 Diocaesaream,atque

2242 5302 2477 5378 μακροὺς
2529 5302 2618 5357 καὶ
2684 5300 2844 5372 ὀξεῖς,
2907 5298 3006 5353 Καὶ
3061 5298 3330 5369 ἠλαύνετο
3380 5296 3719 5370 τυπτόμενος
3775 5296 3877 5368 ἔμ-

2376 5393 2396 5402 Α
2487 5390 2507 5402 n
2729 5389 2743 5402 θ
2801 5388 2815 5402 \
2893 5393 2920 5402 ..
2987 5384 3062 5402 ’δ’
3240 5383 3279 5402 0‘
3471 5383 3492 5402 ﬂ
3665 5386 3691 5398 α·
3825 5379 3841 5402 Ι

471 5379 635 5401 '1'"-
666 5379 979 5402 r-""*——-~
1010 5379 1021 5380 ί
1071 5379 1075 5380 ν
1908 5379 1917 5383 -
2018 5379 2036 5386 -

464 5420 604 5475 inde
621 5418 952 5474 Seleuciam
969 5430 1178 5484 usque.
1204 5412 1309 5467 Cui
1327 5411 1485 5465 hunc
1502 5409 1564 5464 in
1592 5404 1835 5463 modum
1849 5410 2099 5460 current:

2238 5393 2456 5467 προσθεν
2487 5390 2692 5459 ἳππων,
2719 5388 2825 5443 ἀπὸ
2853 5393 2954 5457 τῆς
2987 5384 3128 5450 ἲδίας
3183 5383 3424 5458 πόλεως,
3471 5383 3576 5447 ἓως
3626 5386 3726 5450 τῆς
3772 5379 3873 5437 πό-

466 5508 701 5565 obviam
732 5508 889 5563 facta
918 5504 1136 5561 mulier
1157 5501 1452 5574 quaedam,
1475 5498 1636 5553 lineo
1660 5510 1856 5567 panno
1876 5493 2101 5565 sangui-

2238 5480 2371 5544 λεως
2406 5477 2837 5554 Διοκαισαρείας,
2867 5475 2957 5531 καὶ
3018 5475 3123 5530 ἀπὸ
3174 5474 3396 5545 ταύτης,
3453 5469 3557 5535 ἕως
3612 5475 3714 5538 τῆς
3771 5474 3873 5525 Σε-

2238 5570 2245 5576 .
2371 5571 2381 5576 -
2534 5567 2626 5576 _.
2856 5561 2898 5576 κ.
3006 5563 3020 5576 .
3067 5568 3095 5576 -
3203 5564 3217 5576 .
3387 5564 3399 5576 ,
3528 5562 3538 5576 .
3846 5558 3861 5576 ς

459 5561 1194 5671 nem-eiusabstergebat:
1224 5561 1720 5657 osculabaturque
1745 5599 1880 5640 cum
1911 5561 2094 5654 lac—ry-

2235 5570 2473 5632 λευκίας·
2532 5567 2795 5644 Τρέχοντι
2852 5561 2913 5620 δὲ
2962 5563 3110 5637 αὗτῷ
3193 5562 3543 5633 ἁπαντήσασά
3599 5581 3683 5622 τις
3732 5561 3870 5635 γυνὴ

633 5649 897 5759 genique
1061 5649 1339 5755 capriﬁco
1358 5649 1702 5747 collocatus,
1728 5677 1848 5734 tam
1861 5649 2095 5745 gravitei

2240 5659 2595 5736 ἰπεσπόγγιζε
2627 5655 2762 5732 μετὰ
2793 5653 2947 5711 λινοῦ
2976 5653 3045 5710 τὰ
3072 5654 3281 5729 αἳματα
3318 5650 3505 5723 αὖτοῦ,
3549 5649 3640 5706 καὶ
3689 5649 3875 5722 ἠσπά-
