4132 6328
203 362 271 423 ιθ
1668 361 1852 424 SEP'I

1967 362 2158 424 [BER.
3551 360 3656 426 5οἶ

205 500 317 564 ζετο
377 491 514 549 αὐτὰ
566 493 861 551 κλαίουσα.
929 498 1062 553 Είτα
1125 495 1298 560 τεθεὶς
1370 494 1624 551 ὑποκάτω
1691 500 1852 564 συκῆς

1975 498 2242 567 caaditur,
2302 497 2492 554 donec
2543 497 2818 569 spiritum
2865 497 3116 552 Domino
3175 497 3436 552 tradidit.
3493 500 3633 554 Post

207 584 414 659 ἀγρίας,
465 583 555 637 καὶ
605 585 840 657 τυφθεὶς
889 583 1156 660 ἰσχυρῶς,
1206 580 1490 659 παρέδωκε
1539 589 1619 656 τῷ
1675 582 1864 658 Κυρίῳ

205 674 269 727 τὸ
297 676 511 745 πνεῦμα
563 673 760 730 αὐτοῦ.
820 673 974 731 Μετὰ
1027 671 1085 729 δὲ
1142 673 1366 738 θάνατον
1409 674 1601 745 αὐτοῦ,
1651 672 1862 748 ἐγένετο

204 761 553 838 καρποφόρος
585 764 623 832 ἡ
657 769 820 832 συκῆ.

755 881 935 939 nam
973 883 1066 960 Ta
1113 882 1304 960 ΑΥἹᾨ.

992 998 1077 1054 lE'

267 1115 539 1187 ’Δθλησις
618 1119 718 1170 τοῦ
783 1114 941 1190 ἁγίου
1021 1113 1506 1191 μεγαλομάρτυρος
1559 1116 1788 1185 Νικήτα.

265 1232 324 1288 Ὁ
381 1229 602 1304 ἔνδοξος
662 1230 864 1304 μάρτυς
934 1235 1031 1286 τοῦ
1091 1233 1327 1307 Χριστοῦ
1385 1232 1622 1301 Νικήτας
1681 1231 1860 1305 ὑπῆρ-

198 1339 291 1396 χεν
342 1321 436 1375 ἐπὶ
487 1327 590 1389 τῆς
646 1319 928 1394 βασιλείας
979 1319 1382 1374 Κωνσταντίνου
1423 1323 1521 1373 τοῦ
1568 1316 1855 1393 Μεγάλου,

195 1410 392 1472 Γότθος
426 1411 489 1463 τὸ
521 1409 700 1484 γένος,
733 1407 954 1484 εὐγενὴς
1005 1407 1058 1463 ἐν
1105 1414 1224 1470 τοῖς
1270 1407 1516 1476 Γότθοις,
1548 1408 1638 1462 καὶ
1670 1405 1853 1462 πλού-

193 1517 328 1560 σιος·
393 1499 502 1553 ὑπὸ
581 1495 640 1552 δὲ
712 1497 980 1575 Θεοφίλου
1047 1503 1142 1553 τοῦ
1199 1499 1496 1554 ὁσιωτάτου
1557 1497 1855 1552 ἐπισκόπου

188 1592 421 1653 Γοτθίας
480 1586 748 1663 ἐδιδάχθη
807 1590 1012 1647 πίστιν.
1072 1591 1196 1646 Τῶν
1259 1587 1316 1644 δὲ
1371 1589 1588 1653 Γότθων
1641 1587 1719 1651 εἰς
1758 1584 1854 1642 δύο

192 1678 330 1752 μέρη
379 1675 886 1753 διαχωρισθέντων,
931 1678 1020 1732 καὶ
1070 1681 1168 1733 τοῦ
1215 1679 1310 1751 μὲν
1363 1679 1478 1740 ἐνὸς
1528 1678 1730 1753 μὲρους
1757 1674 1848 1731 ἕνα

188 1766 417 1843 ἔχοντος
475 1764 738 1842 ἄρχοντα,
794 1771 894 1822 τοῦ
951 1764 1008 1822 δὲ
1063 1765 1238 1823 ἄλλου
1289 1765 1494 1841 ἕτερον,
1538 1768 1853 1844 προσέφυγε

1975 589 2103 660 ejus
2137 595 2336 644 autem
2367 592 2620 643 mortem
2650 587 2827 658 ccepit
2859 603 2986 641 esse
3019 587 3167 641 ﬁcus
3196 586 3520 643 fructifera.

2526 885 2768 939 EODEM
2809 884 3064 938 MENSE.

2497 1003 2598 1058 Die
2631 1003 2862 1058 decima
2891 1003 3098 1074 quinta

2111 1122 2211 1177 89
2246 1120 2529 1176 Certamen
2553 1122 2732 1175 sancti
2754 1122 2944 1189 magni
2974 1122 3234 1189 martyris
3262 1123 3480 1176 Nicetes.

2041 1241 2270 1295 Nicetas
2300 1239 2621 1311 praeclarus
2655 1238 2868 1292 Christi
2895 1243 3120 1310 martyr
3149 1237 3260 1291 fuit
3291 1239 3628 1308 imperante

1967 1330 2358 1385 Constantino
2393 1331 2619 1399 Magno,
2652 1343 2867 1396 genere
2914 1327 3182 1393 Gotthus,
3217 1327 3528 1382 nobilitate
3561 1345 3628 1382 ac

1967 1419 2185 1473 divitiis
2218 1419 2373 1471 inter
2413 1416 2730 1486 populares
2781 1431 2919 1469 suos
2966 1415 3209 1481 florens,
3242 1431 3277 1469 a
3303 1416 3624 1486 Theophilo

1964 1505 2410 1579 religiosissimo
2435 1505 2685 1559 Gotthiae
2708 1504 2985 1574 episcopo
3011 1503 3187 1557 fidem
3207 1504 3622 1559 edoctus.Cum

1968 1603 2166 1652 autem
2191 1596 2251 1649 in
2275 1595 2421 1649 duas
2445 1594 2733 1648 factiones
2757 1598 2878 1647 tota
2901 1593 3248 1648 Gotthorum
3271 1610 3413 1665 gens
3437 1594 3622 1648 scissa

1967 1686 2377 1755 fuisset,atque
2397 1688 2645 1753 utraque
2666 1698 2838 1736 suum
2858 1682 2969 1736 sibi
2989 1682 3318 1752 principem
3337 1687 3616 1750 creasset;

1967 1777 2229 1848 confugit
2251 1775 2402 1830 alter
2421 1773 2761 1845 principum
2788 1772 2861 1827 ad
2884 1774 3283 1828 Romanorum
3306 1773 3620 1844 imperato-

191 1861 290 1911 106
320 1857 443 1918 ἑνὸς
476 1859 677 1932 μέρους
709 1857 737 1912 ὁ
771 1854 959 1931 ἅρχων
1007 1861 1088 1929 τῷ
1140 1855 1357 1932 βασιλεῖ
1398 1860 1504 1912 τῶν
1544 1855 1852 1928 Ῥωμαίων·

1967 1883 2092 1922 rem
2121 1883 2133 1920 :
2163 1865 2264 1936 qui
2296 1880 2430 1918 cum
2463 1867 2738 1933 suscepta
2766 1863 2828 1916 in
2868 1863 3178 1916 contrariae
3214 1862 3489 1917 factionis
3531 1867 3620 1933 ty-

191 1944 588 2023 ἐκστρατεύσας
640 1942 697 2000 δὲ
756 1947 784 2001 ὁ
847 1945 1103 2020 βασιλεὺς
1149 1947 1286 2000 κατὰ
1313 1950 1411 2000 τοῦ
1442 1945 1628 2020 ἒτὲρου
1659 1944 1858 2019 ἄρχον-

183 2057 272 2098 τος
325 2041 442 2091 τῶν
493 2035 732 2104 Γότθων,
778 2034 1018 2106 ἐνίκησεν
1065 2035 1248 2107 αὐτὸν,
1301 2036 1391 2090 καὶ
1453 2036 1673 2106 ὑπέταξε
1723 2036 1852 2090 τοὺς

186 2127 445 2189 Γότθους·
479 2124 571 2179 καὶ
601 2124 706 2179 ἀπὸ
736 2125 861 2180 τότε
900 2123 1210 2195 ἐπληθύνθη
1260 2126 1323 2180 τὸ
1369 2125 1523 2198 γὲνος
1574 2128 1683 2179 τῶν
1716 2125 1852 2198 Χρι-

185 2219 416 2269 στιανῶν
453 2214 506 2267 ἐν
544 2212 749 2275 αὐτοῖς·
801 2217 1023 2285 πρώτου
1073 2209 1229 2276 ὄντος
1279 2219 1374 2269 τοῦ
1425 2215 1584 2290 ἁγίου
1617 2216 1848 2284 Νικήτα,

179 2304 265 2358 καὶ
297 2301 658 2364 διδάσκοντος
690 2301 966 2378 παρῥησίᾳ
1010 2303 1103 2358 τὸν
1151 2302 1281 2359 λαὸν
1322 2305 1422 2372 τήν
1473 2303 1549 2366 εἶς
1602 2303 1838 2378 Χριστὸν

178 2392 380 2449 πίστιν.
434 2392 590 2450 Μετᾶ
639 2389 696 2446 δὲ
736 2393 835 2460 τήν
888 2393 1235 2469 ὑποστροφὴν
1281 2397 1378 2448 τοῦ
1431 2391 1698 2468 βασιλέως
1746 2413 1845 2465 μα-

180 2480 348 2546 νέντες
408 2482 465 2536 οἱ
521 2483 738 2535 ἄπιστοι
818 2485 926 2536 τῶν
1005 2481 1244 2551 Γότθων,
1296 2482 1547 2551 ἒκίνησαν
1601 2479 1851 2555 διωγμὸν

180 2575 312 2629 κατᾶ
337 2577 456 2629 τῶν
489 2576 857 2648 Χριστιανῶν·
910 2573 999 2627 καὶ
1056 2572 1185 2635 τοὺς
1248 2574 1345 2646 μὶν
1392 2571 1598 2635 ἄλλους
1644 2569 1836 2627 ἐϐασά-

179 2685 327 2718 νισαν
359 2661 668 2740 διαφόρως·
718 2662 811 2716 τὸν
855 2659 912 2716 δὲ
961 2663 1120 2736 ἅγιον
1171 2664 1412 2733 Νικήταν
1446 2661 1633 2718 πολλὰ
1658 2683 1850 2736 τιμω-

194 2753 456 2827 ρήσαντες
487 2751 621 2826 πυρὶ
649 2750 997 2826 παρέδωκαν.

772 2870 853 2940 τῇ
884 2865 1022 2940 αὐτῇ
1062 2867 1267 2943 ἡμέρᾳ.

261 2987 478 3059 Μνήμη
530 2990 628 3040 τοῦ
676 2986 832 3040 ὁσίου
883 2985 1094 3061 Πατρὸς
1136 2985 1297 3058 ἡμῶν
1359 2983 1632 3049 Φιλοθέου
1683 2987 1781 3040 τοῦ

805 3061 1259 3133 Θαυματουργοῦ.

256 3172 528 3235 Φιλόθεος
585 3173 614 3228 ὁ
671 3175 1094 3250 Θαυματουργὸς
1166 3174 1384 3248 ὑπῆρχε
1439 3171 1532 3246 μὶν
1593 3171 1697 3227 ἀπὸ
1753 3176 1850 3228 τοῦ

189 3261 420 3334 θέματος
473 3259 746 3334 Ὀψικίου·
798 3264 864 3330 ἦν
918 3259 976 3316 δὶ
1025 3255 1409 3335 πρεσϐύτερος·
1458 3258 1645 3316 πολλὰ
1671 3258 1728 3314 δὲ
1754 3261 1846 3315 τὸν

190 3351 312 3406 Θεὸν
410 3350 521 3405 ἀπὸ
616 3349 739 3411 νέας
831 3349 1054 3420 ¹ἡλικίας
1121 3350 1475 3424 θεραπεύσας,
1548 3350 1848 3418 νηστεύων,

193 3439 500 3514 ἀγρυπνῶν,
555 3439 1018 3514 προσευχόμενος,
1066 3438 1158 3493 τὸν
1210 3436 1448 3493 πλοῦτον
1490 3437 1653 3492 αὐτοῦ
1687 3458 1850 3510 σκορ-

191 3527 355 3597 πίζων
390 3527 471 3588 εἷς
515 3526 644 3591 τοὺς
698 3526 956 3597 πένητας,
1006 3525 1058 3581 ἐν
1117 3527 1302 3602 θρήνῳ
1339 3527 1427 3581 καὶ
1459 3525 1725 3599 κλαυθμῷ
1755 3528 1852 3591 τὰς

192 3619 396 3691 ἡμέρας
459 3615 626 3671 αὐτοῦ
668 3613 890 3690 διάγων,
962 3613 1050 3669 διὰ
1104 3616 1167 3670 τὸ
1245 3615 1440 3670 ἐννοεῖν
1499 3615 1592 3677 τὰς
1649 3614 1884 3679 ἐκεῖθεν.

191 3710 291 3760 τῶν
323 3705 676 3780 ἁμαρτώλων
709 3702 983 3774 κολάσεις,
1015 3704 1104 3760 καὶ
1133 3705 1233 3774 τὴν
1266 3705 1482 3780 γέενναν
1513 3708 1616 3760 106
1645 3705 1846 3781 πυρὸςο

197 3794 398 3848 καὶτὸν
433 3793 738 3866 ἀκοίμητον
799 3791 1080 3864 σκώληκα·
1139 3794 1231 3848 καὶ
1291 3791 1537 3856 πολλοὺς
1570 3792 1848 3868 ἐπιστηρί-

201 3887 321 3952 ζων,
380 3883 473 3937 καὶ
538 3881 770 3956 ὠφελῶν
829 3879 920 3936 διὰ
973 3888 1072 3952 τῆς
1128 3882 1292 3937 αὐτοῦ
1352 3879 1728 3953 διδασκαλίας,
1759 3882 1848 3937 καὶ

201 3971 498 4045 ἀμέμπτως
556 3975 635 4041 τῷ
692 3976 810 4043 Θεῷ
870 3969 1228 4046 λειτουργῶν,
1283 3969 1494 4045 ἐδέξατο
1538 3973 1852 4048 χαρίσματα

201 4059 666 4136 θαυματουργίας,
717 4058 979 4134 δαίμονας
1023 4055 1337 4130 ἐκϐάλΛειν,
1387 4061 1736 4123 ἀσθενοῦντας
1766 4073 1852 4124 θε-

199 4151 471 4224 ραπεύειν,
521 4149 756 4224 λεπροὺς
806 4151 1138 4225 καθαρίζειν,
1192 4150 1377 4214 ὑετοὺς
1422 4150 1473 4204 ἐν
1522 4155 1640 4213 ταῖς
1691 4145 1851 4224 ἀϐρο-

198 4241 345 4314 χίαις
372 4240 648 4316 κατάγειν·
703 4244 854 4294 ποιεῖ
908 4239 1008 4314 γὰρ
1069 4240 1096 4293 ὁ
1154 4238 1358 4315 Κύριος
1403 4239 1466 4294 τὸ
1497 4239 1714 4312 Θὲλημα
1743 4243 1852 4293 τῶν

201 4325 554 4406 φοϐουμένων
587 4328 767 4401 αὐτὸν,
799 4329 887 4384 καὶ
928 4335 1030 4398 τῆς
1080 4325 1314 4398 δεήσεως
1353 4329 1525 4384 αὐτῶν
1558 4327 1852 4383 εἰσακούειο

197 4418 350 4475 05100
403 4417 465 4474 δὲ
515 4422 968 4494 θαυματουργῶν,
1026 4418 1115 4472 καὶ
1184 4422 1301 4480 τοῖς
1377 4418 1854 4493 προσερχομένοις

203 4506 343 4580 αὖτῷ
375 4507 615 4580 ἑτοίμως
641 4507 738 4568 τὰς
783 4507 1024 4576 αἰτήσεις
1055 4507 1338 4582 παρέχων,
1398 4505 1448 4560 ἐν
1501 4507 1692 4582 εἰρήνῃ
1743 4505 1854 4562 ἐτε-

1960 1971 2219 2010 rannum
2254 1951 2651 2023 expeditione,
2687 1952 2979 2022 insignem
3037 1968 3108 2006 ex
3156 1968 3222 2006 eo
3256 1956 3622 2023 reportasset

1959 2044 2288 2110 victoriam,
2345 2042 2707 2110 Gotthosque
2751 2039 3100 2112 subegisset,
3138 2057 3208 2094 ex
3254 2057 3322 2094 eo
3357 2046 3621 2111 tempore

1959 2150 2147 2206 genus
2178 2131 2649 2187 Christianorum
2699 2129 2854 2183 inter
2884 2129 3127 2184 Gotthos
3158 2129 3619 2200 multiplicatum

1960 2227 2067 2277 est.
2121 2223 2342 2275 Horum
2400 2219 2629 2290 primus
2690 2223 2928 2272 sanctus
2987 2218 3216 2272 Nicetas
3265 2218 3395 2286 fuit,
3431 2219 3530 2288 qui
3563 2222 3622 2272 et

1960 2327 2194 2366 summa
2216 2309 2487 2364 libertate
2513 2307 2909 2362 Christianam
2935 2307 3112 2362 fidem
3136 2307 3353 2378 populo
3381 2324 3618 2362 annun-

1959 2401 2161 2456 tiabat.
2229 2399 2342 2454 Sed
2409 2402 2724 2469 postquam
2790 2413 3061 2452 reversus
3129 2402 3218 2452 est
3272 2397 3615 2468 imperator,

1959 2489 2155 2545 Gotthi
2186 2487 2461 2542 inﬁdeles
2505 2486 2702 2541 furore
2748 2487 2978 2557 perciti,
3031 2491 3325 2541 commota
3357 2486 3416 2540 in
3449 2487 3616 2540 Chri-

1960 2579 2182 2634 stianos
2213 2576 2649 2648 persecutione,
2681 2575 2830 2629 alios
2864 2574 3107 2645 quidem
3139 2575 3311 2629 aliter
3344 2580 3603 2642 torsere;

1958 2668 2224 2722 Nicetam
2255 2669 2454 2721 autem
2500 2664 2934 2735 multiplicibus
2969 2663 3277 2735 suppliciis
3309 2664 3614 2719 excrucia-

1959 2761 2091 2812 tum
2121 2755 2243 2827 igni
2275 2752 2597 2809 tradidere.

2602 2868 2825 2923 Eodem
2879 2868 2974 2923 die

1958 2989 2062 3045 40
2109 2986 2563 3043 Commemoratio
2629 2986 2806 3040 sancti
2871 2986 3057 3039 Patris
3120 2986 3298 3039 nostri
3348 2984 3625 3039 Philothei

2583 3057 3006 3124 Thaumaturgi.

2034 3175 2382 3231 Philotheus
2412 3174 2906 3243 Thaumaturgus,
2933 3175 3190 3226 sectator
3217 3171 3460 3242 Opsicii,
3489 3188 3626 3243 pre-

1965 3265 2165 3338 sbyter
2192 3264 2323 3329 fuit,
2359 3278 2724 3336 magnusque
2747 3261 2848 3315 Dei
2874 3260 2944 3316 ab
2977 3261 3379 3315 adolescentia
3407 3261 3620 3316 cultor:

1957 3356 2179 3426 quippe
2209 3353 2578 3424 quijejuniis
2610 3356 2668 3406 et
2697 3350 3064 3405 orationibus
3095 3350 3332 3405 assidue
3360 3356 3611 3418 vacaret;

1960 3444 2193 3500 divitias
2216 3458 2352 3497 suas
2378 3440 2738 3512 pauperibus
2771 3438 3188 3506 distribueret;
3224 3445 3283 3494 et
3311 3439 3475 3494 luctu
3497 3440 3611 3494 fle-

1956 3539 2139 3604 tuque
2166 3531 2294 3586 dies
2326 3546 2464 3584 suos
2498 3529 2850 3596 traduceret,
2887 3544 3088 3582 secum
3120 3527 3448 3597 reputando
3480 3544 3611 3598 gra-

1954 3621 2226 3677 vissimas
2244 3620 2305 3673 in
2326 3619 2512 3674 altero
2530 3618 2745 3673 saaculo
2766 3622 3142 3687 peccatorum
3162 3618 3606 3688 pmnas,gehen-

1956 3729 2096 3768 nam
2128 3711 2300 3783 ignis,
2335 3715 2513 3780 atque
2553 3708 2892 3779 pervigilem
2948 3722 3227 3760 vermem.
3257 3706 3399 3759 Cum
3429 3707 3609 3777 igitur

1957 3801 2178 3856 multos
2209 3799 2609 3863 confirmaret,
2640 3812 2863 3866 suaque
2886 3795 3608 3866 doctrinajuvaret,atque

1957 3890 2259 3960 inculpate
2291 3887 2590 3958 liturgiam
2649 3887 2766 3940 Deo
2826 3886 3084 3950 offerret,
3126 3885 3354 3955 accepit
3383 3884 3610 3939 donum

1953 3977 2399 4044 miraculorum,
2421 3980 2487 4031 ut
2507 3974 2734 4030 scilicet
2751 3974 3087 4028 dmmonese
3102 3973 3613 4043 jiceret,infirmos

1959 4072 2213 4134 curaret,
2246 4066 2511 4137 leprosos
2543 4062 3111 4133 mundaret,pluvias
3135 4062 3195 4116 in
3218 4063 3478 4117 maxima
3500 4063 3615 4116 sic-

1959 4157 2134 4213 citate
2157 4155 2510 4212 adduceret:
2535 4155 2687 4208 Deus
2708 4153 2866 4206 enim
2890 4147 3249 4206 volu‘ntatem
3275 4151 3615 4205 timentium

1961 4262 2024 4301 se
2054 4246 2216 4311 facit,
2239 4259 2564 4316 precesque
2589 4259 2793 4297 eorum
2827 4241 3082 4296 exaudit.
3110 4241 3240 4295 Hazc
3266 4240 3617 4294 admiranda
3723 4278 3726 4280 η

1963 4351 2145 4407 opera
2173 4339 2544 4406 perpetrans,
2576 4339 2636 4386 et
2663 4331 3072 4386 accedentium
3103 4329 3176 4385 ad
3211 4346 3273 4384 se
3305 4330 3617 4400 postulatis

1962 4441 2256 4493 annuens,
2288 4424 2348 4476 in
2380 4438 2523 4493 pace
2567 4420 2840 4475 decessit.
2891 4421 2961 4472 Et
3009 4423 3080 4474 ex
3126 4420 3401 4489 pretiosis
3454 4419 3616 4472 illius

1964 4513 2196 4570 ossibus
2224 4512 2285 4566 in
2317 4511 2588 4582 sepulcro
2622 4509 2877 4563 conditis
2908 4512 3110 4562 manet
3157 4507 3374 4560 mirum
3401 4507 3462 4560 in
3495 4523 3618 4561 mo-

206 4592 437 4663 λειώθη.
474 4595 577 4652 Καὶ
634 4594 820 4672 ταφεὶς
874 4594 1024 4671 βρύει
1074 4592 1392 4670 παραδόξως
1430 4592 1491 4650 ἐκ
1518 4599 1626 4649 τῶν
1654 4594 1852 4669 τιμίων

1967 4603 2109 4659 dum
2141 4601 2399 4657 salutare
2433 4599 2632 4655 oleum
2664 4599 2726 4652 in
2756 4598 2914 4652 hunc
2946 4613 3133 4666 usque
3165 4596 3344 4651 diem.

205 4678 405 4740 ὀστέων
438 4685 607 4740 αὐτοῦ
637 4683 686 4747 ίς
719 4704 852 4739 σεων
881 4678 1064 4739 ἔλαιον
1091 4685 1256 4759 μέχρι
1279 4689 1379 4754 τῆς
1409 4685 1672 4760 σήμερον.

802 4804 889 4875 τῇ
917 4800 1056 4876 κί’»τῇ
1085 4798 1270 4878 ἡμέρᾳ

205 4918 478 4991 ’Δθλησις
519 4921 630 4973 τῶν
707 4916 878 4994 ἆγίων
926 4915 1297 4994 _pap10pwvh
1324 4919 1596 4992 Μαξίμου,
1657 4917 1856 4975 Θεοδό-

643 4986 767 5044 τυυ’
792 4989 882 5044 καὶ
926 4986 1424 5060 ’Ᾱσκληπιοδότηςέ

269 5108 444 5167 Οὗτοι
476 5105 728 5180 ἐγένοντο
776 5103 863 5159 ἐπὶ
904 5110 1005 5173 τῆς
1062 5102 1340 5179 βασιλείας
1384 5108 1728 5179 Μαξιμιανοῦ
1757 5111 1854 5162 τοῦ

205 5195 436 5254 διώκτου
486 5197 598 5251 τῶν
651 5196 1011 5268 Χριστιανῶν,
1063 5193 1397 5270 ὑπάρχοντες
1453 5195 1558 5252 ἀπὸ
1608 5199 1853 5271 Μαρκια-

201 5287 516 5349 νουπόλεως
566 5291 669 5354 τῆς
726 5284 962 5359 Θρᾴκης.
1022 5281 1370 5347 Διδάσκοντες
1430 5283 1487 5341 δὲ
1537 5288 1628 5342 τὸν
1688 5286 1851 5362 λόγον

201 5383 290 5434 τοῦ
337 5381 499 5449 Θεοῦ,
562 5373 652 5430 καὶ
711 5375 845 5429 κατά
895 5373 991 5438 τὰς
1045 5371 1268 5438 ἐντολὰς
1297 5375 1464 5429 αὐτοῦ
1491 5375 1853 5449 πορευόμενοι

203 5470 383 5531 νυκτὸς
415 5467 504 5522 καὶ
542 5463 777 5539 ἡμέρας,
834 5462 920 5517 καὶ
979 5459 1227 5527 πολλοὺς
1283 5464 1387 5518 ἀπὸ
1432 5467 1531 5530 τῆς
1559 5469 1665 5521 τῶν
1697 5462 1856 5519 εἶδώ-

208 5559 308 5614 λων
341 5557 559 5626 πλάνης
611 5551 700 5609 ἐπὶ
759 5552 848 5606 τὸν
905 5551 1098 5626 Κύριον
1156 5554 1317 5625 ἡμῶν
1369 5554 1575 5624 Ἰησοῦν
1625 5555 1853 5629 Χριστὸν

211 5651 551 5725 μετάγοντες,
611 5641 990 5717 ἐκρατήθησαν
1075 5641 1220 5714 παρὰ
1301 5645 1396 5696 τοῦ
1466 5649 1566 5712 τῆς
1645 5643 1858 5719 Θρᾴκης

207 5734 530 5815 στρατηγοῦ.
583 5731 690 5792 Καὶ
744 5733 964 5806 πρῶτον
1018 5728 1113 5802 μὲν
1164 5729 1462 5805 ἐτύφθησαν
1496 5727 1736 5809 ῥάϐδοις,
1765 5733 1856 5788 καὶ

2617 4802 2836 4858 Eodem
2867 4802 2962 4857 die

1963 4928 2062 4983 ΔΙ
2108 4924 2390 4980 Certamen
2426 4926 2740 4977 sanctorum
2785 4925 3094 4988 martyrum
3139 4920 3394 4989 Maximi,
3443 4921 3614 4977 Theo-

2461 4994 2580 5048 doti
2610 4998 2663 5047 et
2687 4991 3112 5061 Asclepiodotes.

2037 5112 2160 5181 Isti,
2194 5111 2525 5180 imperante
2549 5106 2902 5162 Maximiano
2924 5106 3394 5162 Christianorum
3417 5124 3616 5179 perse-

1965 5207 2188 5267 cutore,
2215 5216 2284 5253 ex
2313 5195 2729 5267 Marcianopoli
2753 5195 3013 5249 Thracim
3036 5194 3181 5249 urbe
3207 5195 3618 5252 fuerunt.Cum

1968 5295 2166 5346 autem
2214 5287 2457 5342 verbum
2506 5285 2606 5339 Dei
2657 5283 2959 5349 docerent,
2995 5289 3053 5338 et
3090 5283 3151 5337 in
3182 5285 3460 5339 omnibus
3492 5287 3622 5357 ejus

1969 5377 2284 5451 praeceptis
2314 5375 2408 5430 die
2448 5390 2514 5429 ac
2563 5376 2734 5427 nocte
2782 5371 3146 5438 incederent,
3180 5373 3519 5444 multosque
3549 5374 3623 5429 ab

1968 5466 2265 5522 idolorum
2329 5478 2527 5518 errore
2587 5461 2659 5516 ad
2717 5460 3031 5514 Dominum
3100 5465 3366 5515 nostrum
3425 5463 3624 5517 .lesum

1967 5555 2265 5611 Christum
2319 5555 2746 5615 converterent,
2796 5549 3208 5618 comprehensi
3243 5567 3276 5604 a
3318 5550 3624 5620 COpiarum

1973 5644 2233 5700 Thraciae
2258 5643 2425 5710 duce,
2449 5639 2583 5696 cassi
2607 5638 2868 5710 primum
2893 5637 3086 5708 virgis,
3111 5637 3439 5708 depexique
3464 5643 3621 5704 sunt,

1972 5734 2166 5791 dondc
2192 5749 2325 5788 ossa
2351 5747 2555 5785 eorum
2585 5726 3188 5797 apparerent.Deindc
3210 5727 3473 5797 praecisis
3502 5740 3622 5778 ma-
