4132 6328
440 342 514 404 51
1762 335 2103 398 MENOLOt

2238 334 2450 398 PARS
2496 333 2547 396 Ι.
3777 335 3852 395 52

443 475 644 542 nibus,
695 471 969 543 pedibus,
1019 487 1087 528 ac
1139 471 1405 540 auribus,
1456 473 1741 542 tanquam
1781 470 2000 525 mortui
2032 469 2095 523 in

2215 465 2520 540 ἐξέσθησαν,
2575 465 2680 532 ἓως
2737 468 2905 547 ἐφάνη
2956 468 3024 524 τὰ
3079 467 3212 524 ὅστᾶ
3266 468 3464 525 αὐτῶν.
3506 470 3732 525 Ἔπειτα
3760 486 3853 524 κο-

444 571 665 620 terram
699 561 913 634 abjecti
947 565 1102 616 sunt.
1155 561 1295 615 Post
1340 561 1467 615 haac
1513 560 1796 631 plaustris
1835 558 2098 630 impositi

442 652 893 723 Adrianopolim
946 651 1277 705 vehuntur:
1324 650 1423 704 ubi
1473 666 1679 704 rursus
1728 666 1763 704 a
1792 649 2097 720 copiarum

449 743 597 799 duce
625 740 1087 812 impellebantur
1107 739 1283 793 idolis
1305 739 1516 793 saltem
1538 738 1713 793 verbo
1741 738 2097 794 sacriﬁcare.

448 834 525 888 At
553 831 643 886 illi
672 847 792 885 non
825 829 1000 884 modo
1032 828 1091 882 id
1111 827 1304 882 facere
1330 828 1752 894 detrectarunt,
1776 827 1879 881 sed
1900 827 2099 898 potius

448 920 610 976 idola
639 918 925 985 ridentes,
957 916 1303 973 asserebant
1350 915 1490 970 deos
1529 916 1793 988 gentium
1825 932 1954 970 esse
1982 915 2100 969 daa-

446 1010 673 1079 monia,
696 1014 872 1079 atque
896 1024 1015 1062 una
1035 1023 1168 1062 cum
1192 1005 1516 1060 cultoribus
1539 1006 1662 1060 suis
1685 1005 2097 1060 exsecrandos.

448 1098 639 1165 Quare
695 1098 887 1168 capite
945 1095 1209 1152 damnati
1266 1095 1690 1150 occubuerunt.
1725 1095 1837 1150 Sed
1878 1099 1936 1150 et
1979 1110 2102 1150 una

447 1203 583 1242 cum
615 1187 761 1258 ipsis
792 1185 1227 1257 Asclepiodote,
1262 1184 1607 1240 eorumdem
1638 1182 1854 1252 afﬁnis,
1887 1189 2102 1254 martyo

443 1276 534 1332 rio
565 1276 844 1333 defuncta
885 1280 994 1331 est.

1101 1452 1322 1507 Eodem
1354 1451 1450 1507 die

448 1573 551 1630 42
584 1573 1040 1630 Commemoratio
1069 1569 1402 1625 sanctissimi
1427 1571 1659 1626 Martini
1697 1583 1871 1640 papae
1898 1570 2100 1624 Romae.

525 1689 773 1743 Sanctus
820 1689 995 1742 Pater
1042 1690 1247 1740 noster
1306 1689 1363 1739 et
1427 1685 1732 1740 confessor
1795 1685 2100 1750 Martinus,

450 1781 770 1836 Constante
827 1775 1079 1830 Heraclii
1134 1778 1349 1845 nepote
1411 1775 1788 1845 imperatore,
1840 1775 2100 1843 antiquae

451 1871 651 1924 Romae
683 1882 836 1937 papa
859 1865 989 1920 fuit.
1011 1865 1147 1919 Cum
1169 1880 1300 1918 vero
1324 1865 1613 1919 Constans
1645 1864 1754 1918 iste
1786 1863 2102 1919 haereticus

450 1955 846 2013 monothelita
890 1960 1065 2021 esset,
1127 1953 1517 2023 eamdemque
1565 1954 1836 2008 haeresim
1884 1951 2103 2007 Paulus

448 2044 1142 2115 ConstantinOpolitanus
1209 2043 1545 2114 patriarcha
1617 2048 1986 2113 sequeretur,
2045 2041 2102 2095 id

449 2136 712 2190 resciens
745 2134 1030 2188 Martinus
1095 2149 1268 2205 papa,
1335 2139 1455 2188 tum
1505 2134 1948 2204 imperatorem,
1978 2138 2104 2187 tum

447 2224 846 2296 patriarcham
870 2240 976 2293 per
997 2222 1223 2277 litteras
1242 2223 1564 2289 monuit,ut
1581 2222 2105 2276 monothelitarum

451 2311 727 2367 haeresim
759 2310 1124 2382 adjurarent.
1161 2311 1272 2365 Sed
1304 2327 1438 2366 cum
1469 2311 1617 2365 nihil
1655 2311 2108 2377 etfecisset,con-

449 2405 655 2456 vocata
712 2402 910 2455 Romae
970 2400 1216 2472 synodo,
1277 2400 1653 2455 anathemate
1705 2399 2008 2454 damnavit
2049 2405 2106 2454 et

454 2491 754 2557 hmresim,
789 2495 848 2544 et
892 2506 1013 2556 eos,
1067 2491 1168 2560 qui
1219 2490 1358 2544 huic
1406 2489 1624 2545 addicti
1657 2495 1876 2544 essent.
1912 2489 1973 2544 Id
2004 2489 2106 2544 ubi

453 2579 725 2650 cognovit
773 2578 1114 2648 imperator,
1166 2579 1482 2633 Martinum
1525 2578 2103 2649 Constantinopolim

455 2668 724 2736 accersit,
785 2668 1222 2739 polliceturque
1300 2685 1358 2723 se
1436 2669 1656 2735 omnia,
1736 2684 2106 2739 quaecunque

450 2757 649 2823 vellet,
672 2757 963 2812 facturum
991 2774 1142 2824 esse,
1162 2774 1296 2812 cum
1320 2763 1517 2812 tamen
1540 2774 1645 2828 per
1665 2756 2107 2812 simulationem

455 2852 514 2902 et
537 2848 808 2903 fraudem
839 2849 965 2902 haec
996 2853 1214 2920 ageret.
1249 2847 1504 2902 Veniens
1535 2863 1671 2918 ergo
1704 2852 2104 2916 sanctus,cum

455 2953 688 2992 summa
716 2936 1044 3008 ignominia
1064 2936 1351 3007 accipitur
1371 2935 1442 2990 ab
1467 2936 1846 3006 imperatore,
1871 2942 1929 2990 et
1949 2952 1984 2990 a
2003 2952 2108 3007 pa-

449 3027 728 3091 triarcha,
752 3026 1045 3096 bonisque
1067 3025 1407 3091 mulctatus,
1432 3025 1493 3078 in
1517 3025 1956 3079 tenebricosum
1978 3041 2107 3079 car-

457 3131 654 3170 cerem
687 3115 1023 3185 conjicitur.
1086 3113 1308 3168 Deinde
1367 3113 1429 3166 in
1485 3113 1695 3167 urbem
1744 3113 2105 3169 Chersonam

454 3201 772 3273 relegatus,
793 3202 992 3272 ibique
1023 3201 1212 3256 multa
1240 3201 1436 3273 gravia
1459 3217 1691 3272 passus,
1725 3201 1998 3257 decessit.

1111 3319 1331 3375 Eodem
1361 3320 1458 3376 die

638 3439 738 3494 48
770 3439 1053 3496 Certamen
1098 3441 1276 3494 sancti
1312 3439 1575 3508 martyris
1613 3439 1931 3509 Porphyrii.

531 3556 894 3628 Porphyrius
917 3558 1160 3625 martyr,
1179 3555 1536 3626 imperatore
1556 3554 1788 3610 Juliano
1809 3557 2109 3635 Apostata,

458 3644 690 3712 claruit,
725 3661 902 3716 quem
947 3661 1168 3698 mensa)
1215 3643 1664 3699 accumbentem
1690 3643 1842 3714 jocis
1873 3661 1940 3699 ac
1969 3645 2109 3701 sali-

455 3733 588 3804 bus,
623 3735 924 3788 mimicam
955 3738 1143 3788 artem
1176 3750 1477 3800 exercens,
1530 3733 1825 3789 delectare
1865 3751 2110 3790 consue-

454 3830 635 3880 verat.
670 3825 814 3880 Cum
847 3829 1043 3879 autem
1095 3823 1612 3879 animadvertisset
1653 3824 1846 3893 illum,
1882 3825 2107 3896 ejurato

454 3915 703 3969 Domino
728 3917 930 3966 nostro
953 3915 1089 3966 Jesu
1111 3913 1361 3978 Christo,
1381 3914 1541 3967 idola
1557 3914 1773 3981 colere,
1793 3931 1980 3984 eaque
2003 3933 2107 3986 pro

455 4001 568 4056 diis
601 4001 838 4068 habere,
865 4001 1061 4054 divino
1093 4000 1213 4054 zelo
1239 4016 1544 4068 accensus,
1573 4002 1953 4058 vehementer
1973 4020 2108 4058 eum

453 4091 784 4162 objurgavit
802 4107 1002 4145 coram
1023 4090 1298 4144 universo
1319 4097 1550 4154 senatu,
1575 4093 2106 4161 praevaricatorem,

452 4181 704 4251 impium
738 4196 804 4234 ac
835 4180 1153 4235 scelestum
1175 4179 1505 4250 appellans,
1530 4189 1706 4250 atque
1730 4182 2024 4253 ingratum
2048 4184 2108 4238 in

454 4269 662 4335 Deum,
698 4270 797 4340 qui
833 4275 994 4323 tanta
1023 4268 1132 4339 ipsi
1163 4267 1455 4322 beneficia
1476 4269 1869 4340 etimperium
1902 4277 2107 4326 contu-

452 4359 623 4413 lerat.
685 4361 873 4424 Quare
932 4356 1372 4412 excandescens
1417 4357 1710 4427 Julianus,
1766 4359 1940 4414 variis
1974 4377 2107 4415 eum

451 4450 617 4522 prius
649 4447 997 4518 acerbisque
1026 4447 1336 4501 tormentis
1365 4446 1687 4501 crudeliter
1717 4449 2106 4518 excruciavit;

2207 559 2389 619 πέντες
2441 563 2655 632 χεῖρας,
2714 556 2904 629 πόδας,
2961 557 3116 629 ὠτία,
3173 557 3550 635 ἀπεῤῥίφησαν
3583 557 3729 632 ἐντῇ
3759 563 3848 633 γῇ,

2207 645 2334 724 ὡσεὶ
2365 647 2567 722 νεκροί.
2613 647 2716 704 Καὶ
2764 648 3008 722 ἀρθέντες
3066 649 3153 703 ἐπὶ
3208 649 3450 722 ἁμαξῶν,
3489 647 3744 724 ἤχθησαν
3775 649 3848 712 είς

2208 723 2687 800 ’Λδριανοῦπυλιν.
2771 731 2873 784 Καὶ
2943 730 3106 786 πάλιν
3181 723 3690 804 κατηναγκάσθησαν
3751 731 3850 787 ὑπὸ

2205 821 2302 871 τοῦ
2378 822 2700 893 στρατηγοῦ,
2782 815 2876 873 κᾶν
2955 817 3110 895 λόγῳ
3185 821 3338 874 θῦσαι
3396 825 3513 881 τοῖς
3573 817 3848 882 εἷ’δώλοις.

2208 908 2295 969 Ὠς
2331 905 2389 962 δὲ
2419 907 2516 963 οὐκ
2575 908 2893 979 ἐπείσθησαν
2951 913 3113 964 τοῦτο
3169 916 3417 981 ποιῆσαι,
3463 909 3606 965 ἀλλὰ
3640 908 3848 983 μᾶλλον

2208 995 2573 1072 ἐμυκτήρισαν
2598 999 2667 1054 τὰ
2697 997 2921 1070 εἷ’δωλα,
2945 999 3209 1069 εἰπόντες,
3238 999 3320 1054 ὅτι
3347 1001 3398 1054 οἱ
3427 1000 3539 1064 θεοὶ
3560 1005 3666 1054 τῶν
3687 999 3849 1054 ἐθνῶν

2209 1083 2466 1160 δαιμόνιά
2519 1087 2642 1160 εἶσι,
2691 1089 2780 1143 καὶ
2840 1087 3222 1164 ἐπικατάρατοι
3275 1090 3582 1164 ὑπάρχουσι
3629 1089 3719 1144 καὶ
3769 1090 3856 1145 αὖ-

2207 1176 2316 1248 τοί,
2359 1177 2450 1230 καὶ
2501 1178 2553 1231 οἱ
2600 1172 2882 1251 σεϐόμενοι
2930 1178 3147 1248 αὐτοὺς,
3196 1178 3291 1244 τὰς
3333 1179 3573 1255 κεφαλὰς
3609 1181 3855 1252 ἀπετμή-

2210 1265 2509 1334 θησαν.Καὶ
2562 1265 2654 1320 σὺν
2705 1267 2891 1329 αὐτοῖς
2952 1265 3243 1338 ἐτελειώθη
3297 1269 3332 1338 ἡ
3387 1267 3588 1344 μάρτυς
3618 1269 3856 1341 Ἀσκλη-

2207 1352 2438 1424 πιοδότη
2470 1353 2560 1410 καὶ
2592 1357 2850 1431 συγγενὴς
2875 1355 3071 1413 αὐτῶν.

2804 1450 2882 1521 τῇ
2915 1446 3050 1522 αὐτῇ
3084 1447 3268 1521 ἡμέρᾳ

2213 1565 2420 1638 Μνήμη
2487 1566 2584 1620 τοῦ
2651 1565 2961 1642 ἀγιωτάτου
3039 1565 3317 1640 Μαρτίνου
3400 1565 3553 1622 πάπα
3617 1568 3860 1642 Ῥώμης.

2283 1683 2343 1740 Ὁ
2374 1682 2425 1738 ἐν
2477 1683 2653 1759 ἁγίοις
2702 1685 2887 1758 Πατὴρ
2936 1686 3120 1755 ἡμῶν,
3171 1683 3261 1738 καὶ
3311 1684 3669 1760 ὁμολογητῂ
3714 1688 3859 1762 Μαρ-

2209 1776 2355 1834 τῖνος
2404 1774 2620 1848 ὑπῆρχε
2677 1775 2858 1835 πάπας
2912 1780 3012 1842 τῆς
3071 1772 3305 1835 παλαιᾶς
3359 1775 3607 1846 Ῥώμης,
3640 1773 3728 1829 ἐπὶ
3758 1782 3860 1844 τῆς

2136 1837 2180 1902 Β
2215 1837 2525 1933 βασιλείας.
2554 1837 2978 1918 ’ᾖωνσταντίνουί
3054 1866 3151 1916 τοῦ
3229 1861 3448 1937 ἐγγόνου
3477 1837 3486 1846 1
3511 1837 3857 1936 Ἡρακλείου.

2208 1936 2362 2004 Ἐπεὶ
2394 1947 2450 2004 δὲ
2511 1952 2666 2013 οὗτος
2722 1952 2749 2005 6
2811 1953 3217 2014 Κωνσταντῖνος
3274 1951 3340 2019 ἦν
3396 1951 3666 2027 αἶ’ρετικὸς
3706 1973 3862 2024 μονο-

2211 2036 2470 2110 θελήτης,
2503 2040 2709 2112 ὁμοίως
2737 2040 2826 2094 καὶ
2868 2039 3092 2102 Παῦλος
3152 2043 3180 2094 ὁ
3233 2041 3862 2105 Κωνσταντινουπόλεως

2211 2129 2580 2204 πατριάρχης,
2619 2131 2800 2202 μαθὼν
2843 2130 2967 2204 περὶ
3011 2131 3207 2184 τούτου
3255 2130 3282 2183 6
3331 2131 3512 2191 πάπας
3561 2132 3860 2205 Μαρτῖνος,

2213 2215 2461 2288 ἐδήλωσε
2520 2216 2608 2272 διὰ
2652 2220 2991 2293 γραμμάτων
3049 2223 3128 2290 τῷ
3190 2217 3425 2292 βασιλεῖ,
3486 2220 3576 2273 καὶ
3631 2223 3709 2291 τῷ
3757 2241 3864 2276 πα-

2209 2307 2473 2382 τριάρχῃ,
2513 2307 2846 2380 ἀρνήσασθαι
2901 2309 3001 2376 τήν
3047 2311 3155 2362 τῶν
3215 2308 3597 2380 μονοθελητῶν
3631 2307 3860 2382 αἳρεσιν.

2213 2395 2310 2449 Καὶ
2372 2397 2448 2467 μή
2508 2399 2695 2458 πείσας
2751 2395 2968 2466 αὐτοὺς,
3028 2396 3349 2451 συνεκάλεσε
3403 2398 3504 2464 τήν
3563 2396 3615 2450 ἐν
3674 2398 3865 2471 Ῥώμη

2213 2487 2458 2562 σύνοδον,
2508 2491 2598 2544 καὶ
2654 2490 3001 2564 ἀνεθεμάτισε
3057 2491 3156 2558 τὴν
3205 2489 3455 2555 τοιαύτην
3516 2487 3738 2564 αἵρεσιν,
3773 2491 3863 2546 καὶ

2211 2579 2339 2640 τοὺς
2397 2578 2563 2652 ταύτῃ
2620 2579 3070 2652 προσκειμένους.
3129 2581 3260 2636 Εἶτα
3321 2579 3627 2652 μετεκλήθη
3715 2581 3867 2656 παρὰ

2210 2673 2308 2723 τοῦ
2343 2667 2610 2743 βασιλέως
2659 2669 2925 2741 μαθόντος
2963 2672 3148 2740 τοῦτο,
3192 2670 3282 2723 καὶ
3331 2666 3684 2737 δηλώσαντος
3716 2670 3866 2742 αὖτῷ

2210 2755 2386 2813 ἐλθεῖν
2439 2756 2514 2818 εἰς
2563 2757 3156 2829 Κωνσταντινοῦπολιν,
3214 2757 3301 2811 ἐπὶ
3347 2762 3426 2830 τῷ
3477 2761 3699 2823 ποιῆσαι
3731 2765 3866 2830 πᾶν,

2213 2845 2312 2902 εἷίτι
2369 2844 2648 2921 βούλοιτο.
2705 2847 2782 2902 Τὸ
2841 2843 2897 2900 δὲ
2951 2847 3020 2914 ἦν
3078 2843 3260 2908 δόλος.
3321 2844 3582 2903 Ἐλθέντα
3628 2847 3728 2922 γὰρ
3774 2849 3866 2902 τὸν

2213 2937 2363 3012 ἅγιον
2415 2935 2700 3008 ἠτίμωσαν
2751 2935 2840 2989 ὅτε
2889 2934 3164 3010 βασιλεὺς,
3215 2935 3306 2989 ὅτε
3352 2935 3718 3011 πατριάρχης.
3770 2936 3870 2992 Καὶ

2213 3021 2575 3096 δημεύσαντες
2654 3022 2976 3078 ἀπέκλεισαν
3078 3025 3155 3087 είς
3229 3025 3508 3092 σκοτεινὴν
3590 3021 3870 3097 φυλακήν.

2211 3113 2344 3169 Εἶτα
2373 3112 2634 3189 ἐξωρίσθη
2697 3113 2772 3175 είς
2823 3113 3080 3188 Χερσῶνα
3125 3113 3222 3181 τὴν
3273 3113 3457 3167 πόλιν·
3513 3112 3602 3168 καὶ
3648 3113 3699 3168 ἐν
3729 3115 3872 3190 αὐτῇ

2139 3199 2181 3264 C
2219 3199 2406 3257 πολλὰ
2436 3201 2582 3258 δεινὰ
2612 3203 2819 3276 παθὼν,
2852 3201 3164 3273 ἐτελειώθη.

2785 3323 2865 3394 Τῇ
2926 3320 3064 3394 αὐτῇ
3116 3320 3296 3394 ἡμέρᾳ

2389 3435 2662 3507 ’Ἂθλησις
2709 3441 2806 3493 τοῦ
2855 3436 3009 3513 ἁγίου
3044 3438 3317 3512 μάρτυρος
3351 3440 3681 3516 Πορφυρίου.

2285 3552 2595 3631 Πορφύριος
2645 3554 2673 3607 6
2734 3552 2936 3628 μάρτυς
2999 3554 3242 3630 ὑπῆρχεν
3301 3552 3390 3608 ἐπὶ
3436 3561 3535 3624 τῆς
3583 3553 3867 3630 βασιλείας

2210 3634 2522 3701 Ἰουλιανοῦ
2579 3647 2676 3696 τοῦ
2750 3637 3094 3718 Παραϐάτου,
3173 3645 3384 3719 τέρπων
3442 3642 3530 3698 ἐπὶ
3586 3647 3867 3715 τραπέζῆς

2211 3731 2397 3802 αὐτοῦ,
2451 3731 2542 3786 καὶ
2595 3735 2766 3786 ποιῶν
2823 3731 2921 3786 ὅσα
2979 3732 3070 3786 καὶ
3127 3733 3178 3787 οἱ
3239 3732 3559 3807 μιμολόγοι.
3619 3735 3748 3790 ’Ὁτε
3809 3733 3869 3789 δὲ

2213 3819 2349 3877 εἶδεν
2412 3821 2542 3876 αὐὸν
2601 3821 2976 3894 ἀρνησάμενον
3029 3822 3119 3876 τὸν
3183 3820 3375 3896 Κύριον
3434 3824 3594 3894 ἡμῶν
3655 3824 3870 3893 Ἰησοῦν

2213 3911 2466 3988 Χριστὸν,
2507 3911 2598 3965 καὶ
2654 3912 3097 3985 προσκυνήσαντα
3152 3910 3219 3965 τὰ
3275 3907 3500 3981 εἷ’δωΛα,
3555 3911 3719 3973 Θεοῦς
3752 3914 3874 3969 ἑαυ-

2209 4006 2310 4056 τοῦ
2340 4004 2712 4073 ποιησάμενον
2746 4000 2902 4068 αὐτὰ,
2964 3999 3118 4074 ζήλῳ
3175 4003 3301 4075 θείῳ
3345 4003 3608 4074 κινηθεὶς,
3642 4001 3868 4078 ἤλεγξεν

2211 4091 2371 4146 αὐτὸν
2432 4090 2664 4146 ἐνώπιον
2716 4097 2816 4160 τῆς
2878 4091 3194 4164 συγκλήτου
3273 4093 3471 4162 πάσης,
3549 4089 3869 4167 παραϐάτην

2211 4181 2374 4235 αὐτὸν
2431 4180 2618 4249 εἰπὼν,
2667 4181 2755 4234 καὶ
2803 4175 3061 4249 δυσσεϐῆ,
3108 4179 3196 4234 καὶ
3246 4180 3583 4255 παράνομον,
3612 4182 3702 4236 καὶ
3735 4182 3870 4259 ἀχά-

2215 4290 2394 4345 ριστον
2424 4276 2524 4339 τῆς
2557 4269 2634 4331 εἷς
2685 4269 2846 4324 αὐτὸν
2893 4271 3193 4344 γενομένης
3243 4269 3545 4346 εὐεργεσίας
3572 4277 3670 4326 τοῦ
3701 4278 3870 4340 Θεοῦ,

2211 4360 2300 4439 καὶ
2354 4359 2654 4434 βασιλείας.
2698 4361 2852 4424 Ὅθεν
2906 4359 3172 4435 ὀργισθεὶς
3220 4361 3247 4414 ὁ
3294 4359 3616 4432 Ἰουλιανὸς,
3645 4367 3867 4432 πρῶτον

2216 4448 2312 4520 μὲν
2369 4446 2750 4524 ἐτιμωρήσατο
2807 4448 2965 4503 αὐτὸν
3035 4449 3301 4518 ἀνηλεῶς,
3362 4447 3413 4502 ἐν
3487 4447 3724 4517 πολλαῖς
3777 4450 3870 4505 καὶ

453 4544 644 4595 totum
677 4537 892 4592 deinde
927 4537 1091 4591 illius
1122 4551 1338 4606 corpus
1366 4535 1617 4608 flagellis
1650 4537 1930 4591 caadendo
1959 4539 2103 4594 adeo

2215 4543 2436 4611 πικραῖς
2462 4537 2740 4613 βασάνοις.
2790 4537 2893 4596 Καὶ
2924 4539 2986 4592 τὸ
3031 4542 3189 4610 σῶμα
3228 4537 3392 4592 αὐτοῦ
3437 4536 3566 4592 ὅλον
3595 4540 3870 4612 κατέξανε,

2284 4632 2304 4641 -
2425 4626 2435 4641 .
2537 4629 2555 4641 .
2672 4627 2684 4641 ι
2923 4624 2946 4641 ,ι
3091 4626 3104 4641 .
3281 4628 3330 4641 ,λ
3471 4628 3484 4641 .
3551 4628 3565 4641 .
3642 4635 3668 4641 μ
3740 4630 3802 4641 __.

450 4628 749 4695 laceravit,
782 4633 847 4680 ut
877 4642 1013 4680 ossa
1059 4625 1448 4680 nudarentur.
1484 4627 1786 4680 Postremo
1825 4628 2106 4698 praecepit

449 4716 760 4770 lictoribus
789 4721 854 4769 ut
883 4732 1018 4770 eum
1051 4713 1568 4778 decollarent.Qua
1593 4721 1835 4786 accepta
1864 4721 2102 4771 senten-

453 4807 554 4874 tia,
587 4808 817 4861 vinctus
846 4805 920 4860 ad
949 4806 1146 4860 locum
1178 4804 1453 4876 supplicii
1485 4805 1795 4873 adductus,
1824 4812 1881 4860 et
1908 4807 2102 4877 gladio

451 4913 771 4970 percussus
791 4894 1088 4958 occubuit,
1111 4911 1216 4962 pro
1249 4894 1604 4965 temporario
1638 4911 1771 4965 rege
1801 4895 2102 4952 immorta-

452 4987 572 5042 lem
605 4984 874 5054 adeptus,
924 4988 982 5036 et
1020 4997 1125 5051 pro
1158 4983 1644 5051 corruptibilibus
1677 4982 1906 5038 deliciis
1932 4990 2101 5038 aiter—

450 5091 591 5130 nam
620 5073 984 5129 felicitatem.

1101 5249 1321 5306 Eodem
1353 5249 1448 5306 die

625 5373 728 5426 44
759 5369 1039 5424 Certamen
1087 5372 1290 5421 sancta
1323 5368 1585 5436 martyris
1635 5367 1917 5422 Mclit-inaz.

517 5486 784 5543 Melitina
813 5489 1058 5556 martyr,
1086 5482 1384 5536 Antonino
1418 5485 1816 5538 Romanorum
1847 5484 2095 5554 Caasare,

447 5597 519 5634 ex
548 5573 966 5645 Marcianopoli
1021 5571 1280 5626 Thraciae
1338 5571 1484 5625 urbe
1539 5572 1669 5628 fuit.
1723 5574 1866 5628 Cum
1897 5578 2095 5628 autem

448 5667 747 5727 Christum
787 5662 1154 5736 praedicaret,
1214 5661 1644 5732 comprehensa
1689 5662 1761 5718 ab
1805 5663 2092 5719 Antiocho

2212 4632 2332 4688 ταῖς
2369 4626 2579 4700 μάστιξι
2625 4627 2866 4697 τύπτω),
2923 4624 3026 4688 ἓως
3087 4626 3370 4703 ἐγυμνώθη
3429 4628 3494 4682 τὰ
3543 4628 3693 4684 ὀστᾶ.
3738 4630 3873 4685 Εἶτα

2213 4717 2504 4788 προσέταξε
2559 4721 2677 4780 τοῖς
2750 4714 2975 4788 δημίοις
3056 4715 3452 4793 ἀποκεφαλίσαι
3518 4717 3700 4776 αὐτόν.
3763 4720 3870 4776 Καὶ

2213 4805 2357 4860 οὕτω
2411 4804 2700 4880 δεξάμενος
2751 4806 2852 4872 τήν
2913 4805 3201 4882 ἀπόφασιν,
3255 4806 3480 4882 ἀπήχθη
3517 4805 3743 4880 δέσμιος
3777 4808 3870 4864 ἐπὶ

2210 4895 2302 4949 τὸν
2334 4896 2504 4950 τόπον
2537 4901 2636 4964 τῆς
2666 4901 2900 4970 σφαγῆς.
2947 4894 3044 4949 Καὶ
3074 4896 3213 4969 ξίφει
3245 4894 3499 4970 πληγεὶς,
3533 4895 3860 4970 ἐτελειώθη·

2212 4984 2326 5038 ἀντὶ
2384 4987 2506 5042 ,ο-τοῦ
2581 4985 2917 5058 προσκαίρου
3005 4981 3292 5058 βασιλέως,
3373 4987 3713 5058 κτησάμενος
3772 4989 3868 5043 τὸν

2210 5073 2492 5146 ἀθάνατον,
2523 5072 2612 5128 καὶ
2645 5074 2761 5128 ἀντὶ
2807 5081 2907 5144 τῆς
2956 5079 3202 5148 φθαρτῆς
3248 5081 3478 5149 τρυφῆς,
3511 5077 3608 5145 τήν
3642 5076 3867 5134 αἰώνιον

2207 5162 2527 5221 ἀπόλαυσιν.

2807 5283 2884 5352 Τῇ
2911 5279 3047 5344 αὐτῆ
3075 5278 3257 5355 ἡμέρᾳ

2418 5391 2689 5462 Ἀθλησις
2715 5399 2816 5462 τῆς
2849 5392 3000 5468 ἆγίας
3035 5394 3309 5468 μάρτυρος
3335 5391 3649 5465 Μελιτινῆς.

2274 5482 2343 5538 Ἠ
2409 5483 2611 5557 μάρτυς
2657 5481 2927 5549 Μελιτινὴ
2990 5483 3232 5557 ὑπῆρχεν
3291 5484 3394 5537 ἀπὸ
3450 5487 3867 5558 Μαρκιανουπό-

2206 5568 2344 5632 λεως
2400 5579 2502 5640 τῆς
2557 5572 2773 5643 Θρᾴκης
2831 5569 2917 5624 ἐπὶ
2984 5571 3310 5627 Ἀντωνίνου
3386 5570 3654 5647 Καίσαρος
3714 5576 3864 5631 Ῥω-

2207 5663 2402 5737 μαίων.
2435 5665 2534 5720 Τὸν
2589 5663 2820 5742 Χριστὸν
2880 5660 2938 5719 δὲ
2986 5662 3347 5738 κηρῦττουσα,
3401 5663 3672 5740 ἐκρατήθη
3705 5668 3860 5742 παρᾶ
