4132 6328
285 309 356 369 53
1751 311 2249 377 SEPTEMBER.
3631 334 3712 394 ει

285 443 379 496 τοῦ
411 437 700 514 Ἀντιόχου
727 444 832 496 τοῦ
871 449 972 513 τῆς
1027 444 1201 514 αὐτῆς
1255 443 1474 532 πόλεως
1505 446 1796 534 ἄρχοντος,
1825 445 1932 502 Καὶ

2067 448 2320 521 ejusdem
2333 451 2502 508 urbis
2530 455 3208 534 prmside,confessaque
3230 481 3293 520 se
3313 464 3713 526 Christianam

291 527 680 604 ὁμολογήσασα
731 531 934 601 ἑαυτήν
993 536 1343 607 Χριπιανήν,
1402 527 1603 613 ἐτῦφθη
1673 532 1941 613 σφοδρῶς.

291 619 420 675 Εἶτα
449 621 765 693 ἠναγκάσθη
800 621 1062 686 εἰσελθεῖν
1119 623 1195 685 εἷς
1221 623 1316 679 τὸν
1344 625 1472 679 ναὸν
1532 628 1637 680 τῶν
1673 623 1946 694 εἰδώλων,

289 709 379 764 καὶ
438 711 613 765 θῦσαι.
674 711 774 765 Καὶ
823 709 1140 775 εἰσελθοῦσα
1195 709 1396 786 ηὔξατο
1453 714 1589 790 πρὸς
1643 714 1734 769 τὸν
1793 712 1946 787 Θεὸν,

289 799 379 854 καὶ
412 792 602 854 ἔπεσον
629 799 698 854 τὰ
726 799 957 871 εἴδωλα,
1011 801 1101 857 καὶ
1170 799 1578 879 συνετρίϐησαν.
1611 806 1706 861 Ἐκ
1751 803 1947 859 τούτου

285 888 611 945 ἐπίστευσαν
640 895 725 963 τῷ
766 889 984 966 Χριστῷ
1041 889 1314 962 Ἕλληνες
1371 891 1596 948 πολλοί·
1658 893 1805 949 ἀλλὰ
1855 895 1944 949 καὶ

289 982 424 1050 αὕτη
459 984 495 1049 ἡ
528 979 626 1035 τοῦ
685 979 952 1056 ἄρχοντος
987 986 1142 1057 γυνή.
1197 983 1304 1040 Καὶ
1359 983 1522 1040 πάλιν
1571 987 1832 1060 τυφθεῖσα
1863 984 1948 1061 ἐῤ-

287 1067 422 1147 ῥίφη
455 1069 536 1134 είς
564 1069 837 1149 φυλακήν.
871 1072 974 1129 Καὶ
1003 1071 1169 1129 πάλιν
1198 1081 1300 1144 τῆς
1360 1073 1607 1157 φυλακῆς
1665 1074 1952 1148 ἐξελθοῦσα

289 1157 601 1235 ἓιιρεμάσθη
689 1164 898 1236 γυμνὴ,
950 1162 1041 1216 καὶ
1102 1161 1289 1236 ἐξέσθη
1369 1164 1464 1226 τὰς
1530 1163 1790 1240 πλευράς.
1851 1163 1949 1219 Καὶ

287 1250 455 1304 πάλιν
489 1247 808 1324 εἷ’σαχθεῖσα
855 1250 932 1312 εἷς
986 1248 1170 1325 *ἕτερον
1229 1253 1355 1306 ναὸν
1408 1249 1720 1319 εἶδωλικὸν,
1773 1257 1950 1322 θῦσαι,

287 1334 519 1411 ηὔξατο·
553 1339 644 1393 καὶ
674 1337 906 1394 πεσόντα
954 1339 1022 1394 τὰ
1079 1337 1283 1395 ἐῖδωλα
1331 1339 1814 1414 διεσκορπίσθησαν
1874 1341 1950 1403 εἷς

285 1427 486 1503 μηρὼ
545 1427 681 1483 Τότε
749 1423 994 1484 λαϐοῦσα
1066 1429 1166 1499 τὴν
1229 1426 1318 1485 διὰ
1399 1430 1584 1509 ξίφους
1658 1430 1950 1509 ἀπόφασιν,

285 1516 728 1595 ἄπεκεφαλίσθη.
796 1518 871 1574 Τὸ
915 1515 973 1573 δὶ
1056 1517 1316 1593 λείψανον
1375 1519 1542 1589 αὐτῆς
1625 1517 1954 1592 ἀνελόμενος

289 1603 738 1681 ἆνὴρεῦλαὸἠς,
794 1609 884 1663 καὶ
944 1603 1289 1686 φοϐούμενος
1341 1610 1432 1665 τὸν
1492 1609 1642 1680 Θεὸν,
1703 1609 1953 1672 Ἀκάκιος

287 1691 492 1769 ὄνομα,
524 1696 615 1752 καὶ
656 1696 947 1774 ἀπαγαγὼν
979 1697 1032 1754 ἐν
1085 1697 1155 1772 τῇ
1211 1700 1368 1772 νήσῳ
1397 1701 1495 1769 τῆς
1555 1700 1776 1773 Δήμνου
1824 1720 1950 1754 κατ-

293 1786 468 1850 ἑθετο.

849 1903 1032 1963 MHNI
1072 1909 1165 1986 Τῼ
1195 1912 1398 1984 ΑΥΤῼ.

1101 1998 1193 2066 Ιζ’.

291 2102 566 2176 ’Δθλησις
641 2107 748 2181 τῶν
824 2103 1234 2181 ἁγίων-’τριῶν
1306 2104 1586 2181 παρθένων
1645 2108 1732 2162 καὶ
1767 2105 1958 2181 ,ἀδελ-

363 2181 507 2253 φῶν,
595 2175 884 2253 Πίστεως,
965 2175 1252 2253 Ἐλπίδος,
1339 2175 1610 2253 ’Ᾰγάπης,
1690 2179 1780 2235 καὶ
1860 2187 1960 2251 τῆς

367 2247 607 2324 μητέρος
635 2247 810 2303 αὐτῶν
845 2247 1070 2326 Σοιρίας.

360 2357 428 2413 Ἦ
488 2357 695 2430 μάρτυς
748 2358 844 2410 τοῦ
899 2357 1135 2430 Χριστοῦ
1194 2356 1387 2434 Σοφία,
1445 2359 1578 2430 μετὰ
1627 2361 1734 2413 τῶν
1789 2362 1957 2433 τριῶν

296 2443 475 2514 αὐτῆς
508 2445 844 2520 θυγατέρων,
879 2445 1127 2521 ὑπῆρχεν
1153 2446 1259 2501 ἀπὸ
1314 2453 1415 2517 τῆς
1471 2447 1660 2523 χώρας
1699 2447 1957 2509 Ἰταλίας.

290 2527 605 2611 ’Δγαπῶσα
637 2530 696 2589 δὲ
724 2536 969 2608 γενέσθαι
1029 2537 1354 2610 Χριστιανὴ,
1393 2533 1785 2612 παραλαϐοῦσα
1811 2542 1960 2608 τρεῖς

305 2624 477 2693 αὐτῆς
564 2622 879 2699 θυγατέρας,
969 2623 1054 2679 ἐπὶ
1112 2628 1212 2691 τῆς
1292 2622 1580 2702 Ἀδριανοῦ
1659 2627 1958 2703 βασιλείας,

296 2712 542 2782 ἀπῆλθεν
611 2713 686 2774 εἷς
741 2713 988 2786 Ῥώμην,
1067 2714 1157 2770 καὶ
1241 2710 1537 2787 ἐϐαπτίσθη
1599 2717 1717 2789 μετ’
1781 2717 1957 2772 αὐτῶν

296 2803 478 2879 κρύφα
508 2803 614 2858 ὑπὸ
641 2807 738 2857 τοῦ
768 2809 868 2872 τῆς
925 2804 1148 2876 Ῥώμης
1204 2803 1518 2862 ἐπισκόπου.
1557 2806 1658 2862 Καὶ
1719 2805 1852 2878 μετὰ
1897 2806 1958 2862 τὸ

303 2895 692 2970 βαπτισθῆναι,
722 2891 1002 2948 ἐδίδασκον
1034 2895 1123 2949 καὶ
1160 2892 1366 2958 ἄλλους
1393 2896 1459 2950 τὰ
1490 2895 1613 2972 περὶ
1671 2900 1768 2950 τοῦ
1821 2898 1959 2969 Χριο

294 2987 445 3039 στοῦ.
483 2981 582 3037 Καὶ
610 2980 864 3046 πολλοὺς
893 2982 1217 3060 ἐπίστρεφον
1266 2981 1351 3038 ἐπὶ
1412 2987 1503 3039 τὸν
1562 2984 1780 3060 Κύριονο
1842 2983 1960 3039 δια-

289 3077 623 3148 γνωσθεῖσαι
689 3069 747 3126 δὶ
808 3072 1181 3146 ἐκρατήθησαν
1268 3075 1414 3149 παρά
1499 3070 1809 3149 Ἀδριανοῦ,
1869 3075 1958 3129 καὶ

293 3157 743 3230 ἔϐασανέσθησαν.
805 3161 910 3216 Καὶ
961 3162 1177 3236 πρῶτον
1215 3162 1309 3234 μὲν
1352 3164 1387 3230 ἡ
1441 3161 1568 3237 ἁγία
1600 3162 1781 3222 Ηίστις
1841 3159 1952 3216 δώ-
1983 3197 2030 3262 c

296 3249 424 3306 δεκα
484 3250 620 3304 ἐτῶν
675 3250 1016 3323 ὑπάρχουσα,
1101 3255 1486 3326 κρεμασθεῖσα,
1543 3252 1630 3306 καὶ
1691 3252 1953 3321 ξεσθεῖσα,

297 3338 731 3416 ἀπεκεφαλίσθη.
793 3337 1020 3394 Ἔπειτα
1089 3340 1123 3402 ἡ
1175 3337 1393 3411 δευτέρα
1479 3336 1686 3416 ἀδελφή
1747 3337 1958 3408 Ἐλπὶς,

301 3427 429 3484 δέκα
455 3427 591 3482 ἐτῶν
624 3425 778 3496 οὖσα,
823 3420 1048 3502 ῥάϐδοις
1093 3431 1372 3501 τυφθεῖσα,
1431 3427 1520 3481 καὶ
1576 3427 1711 3498 αὕτη
1768 3429 1958 3482 ἀπεκε-

304 3517 574 3596 φαλίσθη.
607 3516 711 3572 Καὶ
739 3516 897 3590 τρίτη
956 3517 992 3585 ἡ
1046 3516 1170 3590 ἁγία
1235 3514 1446 3590 Ἀγάπη
1508 3514 1724 3571 ἔννατον
1755 3516 1955 3592 χρόνον

298 3605 526 3683 ξγουσα,
587 3604 640 3661 ἐν
698 3603 918 3677 καμίνῳ
1005 3603 1290 3680 βληθεῖσα,
1351 3605 1440 3659 καὶ
1491 3600 1762 3674 ἀϐλαϐής
1809 3603 1958 3678 ἐξελ-

285 3700 483 3765 θοῦσα,
545 3693 682 3770 ξίφει
739 3692 1038 3764 κατεκόπη.
1098 3693 1162 3750 Ἡ
1222 3689 1279 3748 δὲ
1315 3695 1500 3767 μήτηρ
1558 3693 1734 3748 αὐτῶν
1781 3693 1958 3772 Σοφία

293 3786 700 3860 εὖχαριστοῦσα
745 3786 826 3855 τῷ
879 3787 994 3854 Θεῷ
1052 3781 1140 3838 ἐπὶ
1170 3787 1357 3852 πᾶσιν,
1381 3780 1571 3857 ἔθαψεν
1623 3782 1807 3856 αὐτας,
1867 3782 1957 3838 καὶ

285 3872 377 3929 {nl
419 3872 503 3946 τῷ
548 3873 708 3948 τάφῳ
759 3875 996 3928 πεσοῦσα
1049 3871 1141 3927 καὶ
1200 3870 1499 3944 κλαύσασα,
1558 3869 1806 3928 ἀπέδωκε
1855 3873 1954 3941 τήν

296 3964 510 4037 ψυχήν·

887 4076 970 4153 Τῖῖ
1011 4076 1148 4152 αὐτῇ
1179 4077 1363 4152 ἡμέρᾳ

475 4197 746 4270 “’Δθλησις
774 4203 874 4267 τῆς
911 4195 1064 4273 ἁγίας
1095 4196 1365 4273 μάρτυρος
1395 4197 1778 4271 ’Λγαθοκλίας.

361 4320 429 4374 Ἦ
494 4315 700 4390 μάρτυς
757 4312 1092 4387 Ἀγαθοκλία
1176 4312 1396 4388 ὑπῆρχε
1455 4313 1550 4386 μὲν
1635 4314 1954 4388 Χριστιανή·

297 4404 477 4476 δούλη
510 4403 571 4460 δὶ
603 4402 882 4464 Νικολάου
910 4403 1081 4471 τινὸς,
1114 4403 1204 4458 καὶ
1251 4401 1528 4473 Παυλίνης
1579 4409 1680 4473 τῆς
1708 4405 1958 4480 γυναικὸς

294 4496 488 4563 αὑτοῦ,
531 4497 639 4549 τῶν
699 4492 1005 4569 γεγονότων
1052 4493 1410 4566 Χριστιανῶν,
1465 4492 1556 4548 καὶ
1618 4494 1754 4566 μετά
1788 4497 1955 4549 ταῦτα

1980 1821 2029 1887 Β

2051 554 2201 610 esse,
2221 542 2565 613 gravissime
2587 546 2850 602 caeditur.
2877 549 3098 606 Deinde
3131 559 3426 623 pertracta
3447 557 3506 612 in
3529 559 3712 616 idolo-

2049 645 2182 684 rum
2214 632 2524 703 templum,
2559 639 2626 689 ut
2654 636 3013 708 immolaret,
3045 640 3194 698 fusis
3220 645 3294 699 ad
3318 648 3500 701 Deum
3524 651 3712 719 preci‘

2049 717 2160 774 bus
2187 721 2382 776 eﬂ‘ecit
2411 727 2476 778 ut
2522 724 2683 780 idola
2713 728 3099 785 conciderent
3128 737 3184 786 et
3231 717 3708 795 contererentur.

2050 812 2133 866 Ex
2164 827 2281 881 quo
2313 811 2533 868 factum
2565 819 2656 869 est
2708 822 2774 871 ut
2830 819 3168 876 Graecorum
3221 825 3394 880 multi
3425 843 3548 883 una
3576 843 3712 886 cum

2052 900 2326 971 praesidis
2356 918 2538 957 uxore
2572 904 2632 958 in
2661 907 2964 963 Christum
3008 911 3340 970 crederent.
3393 917 3582 981 Quare
3613 920 3716 975 ﬂa-

2051 989 2172 1061 gris
2203 991 2419 1046 iterum
2450 1009 2624 1064 cassa,
2660 995 2721 1050 in
2752 1013 3053 1054 carcerem
3087 999 3424 1060 detruditur
3455 1023 3468 1062 :
3500 1007 3715 1063 deinde

2055 1077 2633 1154 edacta,nudataque
2664 1088 3138 1158 suspenditur,et
3167 1092 3227 1147 in
3260 1093 3544 1151 lateribus
3558 1097 3712 1153 scal-

2053 1169 2216 1242 pitur
2245 1187 2260 1237 ;
2291 1186 2618 1243 rursusque
2651 1174 2712 1229 in
2744 1176 2997 1234 alterum
3053 1180 3347 1238 idolorum
3393 1185 3617 1253 fanum,
3650 1191 3716 1243 ut

2055 1259 2437 1328 sacriﬁcaret,
2474 1261 2668 1331 ducta,
2707 1266 2886 1326 Deum
2916 1274 3214 1341 precatur,
3244 1274 3562 1346 statimque
3593 1276 3714 1332 col-

2053 1347 2222 1419 lapsa
2260 1349 2421 1405 idola
2450 1350 2511 1406 in
2543 1352 2730 1409 frusta
2757 1361 3566 1426 conteruntur.Quamobrem
3597 1367 3718 1421 lata

2055 1437 2120 1492 in
2151 1454 2282 1492 eam
2314 1441 2842 1514 sententia,gladio
2876 1452 3052 1517 caput
3083 1450 3135 1503 ei
3175 1457 3545 1523 amputatum
3565 1454 3712 1511 fuit:

2054 1528 2228 1600 cujus
2281 1529 2564 1600 reliquias
2625 1534 2872 1589 Acacius
2931 1537 3173 1607 quidam
3231 1541 3365 1612 pius
3398 1558 3465 1597 ac
3497 1543 3716 1600 timens

2055 1616 2244 1672 Deum
2276 1618 2619 1690 translatas,
2655 1621 2716 1676 in
2746 1621 2945 1679 insula
2977 1624 3195 1682 Lemno
3227 1627 3514 1684 condidit.

2611 1921 2853 1979 EODEM
2893 1926 3144 1983 MENSE.

2597 2013 2699 2067 Die
2723 2015 2955 2072 decima
2984 2022 3148 2072 sexta

2064 2097 2161 2155 45
2194 2099 2486 2176 Certamen
2509 2109 2823 2176 sanctarum
2882 2105 3055 2161 trium
3103 2106 3389 2176 virginum
3446 2127 3508 2165 ac
3563 2127 3717 2166 soro—

2132 2170 2506 2252 Cum‘,'Fidei,
2557 2174 2706 2243 Spei,
2768 2177 3117 2233 Charilaus:
3173 2170 3472 2252 earumque
3523 2183 3721 2239 matris

2135 2241 2373 2312 Sophia.

2135 2351 2352 2422 Martyr
2381 2350 2595 2407 Christi
2628 2353 2846 2426 Sophia
2876 2371 3012 2411 cum
3044 2357 3231 2414 tribus
3262 2360 3498 2416 ﬁliabus
3531 2378 3602 2417 ex
3629 2379 3720 2418 re-

2064 2440 2237 2512 gione
2282 2439 2466 2496 Italia:
2525 2441 2654 2499 fuit.
2689 2444 2833 2500 Cum
2891 2451 3090 2501 autem
3121 2449 3515 2506 Christianam
3547 2451 3724 2507 fidem

2065 2528 2343 2602 amplecti
2377 2531 3092 2608 desideraret,assumptis
3111 2537 3298 2594 tribus
3333 2539 3568 2596 ﬁliabus
3583 2541 3724 2606 suis,

2064 2618 2325 2674 'Adriano
2355 2619 2712 2691 imperante,
2746 2624 2992 2679 Romam
3024 2625 3310 2697 profecta,
3354 2627 3425 2683 ab
3457 2630 3728 2700 ejusdem

2064 2707 2229 2763 urbis
2261 2709 2539 2779 episcopo
2572 2711 2801 2766 occulte
2833 2730 2954 2769 una
2983 2732 3116 2769 cum
3150 2715 3270 2771 illis
3291 2717 3585 2788 baptizata
3619 2724 3726 2776 est.

2064 2801 2204 2852 Post
2224 2803 2565 2869 susceptum
2619 2799 2982 2870 baptismum
3015 2804 3308 2861 docebant
3367 2808 3514 2862 alios
3547 2825 3727 2879 quam

2065 2885 2208 2957 ipsa)
2240 2886 2574 2942 didicerant
2603 2890 2817 2944 Christi
2851 2893 3398 2966 ﬁdem,multosque
3423 2898 3496 2952 ad
3519 2899 3722 2952 Domi-

2065 2992 2210 3030 num
2238 2976 2845 3043 convertebant.Quod
2876 2981 2977 3035 ubi
3005 2985 3286 3039 rescitum
3319 2991 3720 3058 est,correptaa

2065 3064 2137 3120 ab
2167 3065 2622 3133 Adriano,torta2
2653 3067 2992 3126 fuerunt.Et
3021 3073 3280 3143 primum
3310 3074 3556 3144 quidem
3583 3093 3722 3130 san-

2067 3159 2161 3209 cta
2192 3153 2360 3208 Fides
2390 3154 2740 3211 duodecimo
2759 3160 3120 3215 mtatisanuo
3150 3164 3724 3236 suspensa,scalpta-

2070 3263 2184 3318 que
2212 3246 2617 3302 Obtruncatur.
2681 3249 2950 3306 Secundo
3011 3252 3140 3308 loco
3197 3271 3365 3309 soror
3396 3255 3524 3326 ejus
3579 3256 3723 3327 Spes

2069 3334 2369 3390 decimum
2399 3351 2625 3392 annum
2657 3341 3049 3414 agens,virgis
3080 3360 3253 3411 caasa,
3287 3350 3345 3399 et
3374 3345 3504 3415 ipsa
3531 3346 3724 3417 capite

2067 3424 2402 3482 damnatur.
2437 3429 2630 3483 Tertio
2656 3437 2859 3486 sancta
2879 3432 3144 3488 Charitas
3175 3451 3333 3490 nono
3366 3437 3554 3491 aetatis
3568 3453 3723 3493 anno

2066 3513 2127 3568 in
2156 3514 2460 3570 fornacem
2491 3517 2796 3589 injicitur;
2841 3520 2945 3575 sed
2998 3523 3210 3578 educta
3265 3525 3473 3588 illaesa,
3528 3525 3722 3598 gladio

2066 3605 2414 3674 percutitur.
2443 3605 2516 3659 At
2540 3613 2732 3665 mater
2758 3624 2961 3664 earum
2994 3611 3211 3682 Sophia
3240 3614 3458 3684 gratias
3487 3615 3604 3667 Deo
3649 3613 3722 3668 de

2065 3691 2343 3748 omnibus
2371 3710 2571 3766 agens,
2605 3695 2678 3750 ad
2702 3697 3060 3768 sepulcrum,
3090 3701 3152 3754 in
3179 3703 3337 3771 quod
3367 3702 3519 3757 filias
3545 3703 3720 3757 detu-

2066 3779 2239 3849 lerat,
2270 3781 2546 3838 advoluta
2584 3784 2965 3857 ploransque,
2999 3789 3262 3845 animam
3295 3790 3512 3845 emisit.

2721 4082 2940 4141 Eodem
2970 4085 3066 4141 die

2208 4195 2310 4252 46
2345 4195 2629 4254 Certamen
2660 4207 2870 4259 sanctae
2901 4203 3166 4273 martyris
3207 4204 3573 4275 Agathoclia.

2138 4312 2357 4384 Martyr
2387 4315 2741 4387 Agathoclia,
2775 4317 3142 4388 professione
3174 4321 3531 4389 Christiana,
3555 4339 3722 4378 serva

2062 4401 2289 4458 'Nicolai
2321 4403 2656 4475 cujusdam,
2717 4407 3092 4479 Paulinaeque
3152 4409 3280 4481 ejus
3332 4411 3557 4477 uxoris,
3617 4413 3719 4482 qui

2065 4492 2232 4564 prius
2254 4490 2573 4549 Christiani
2603 4494 3080 4567 fuerant,deinde
3112 4515 3145 4552 a
3173 4499 3404 4553 Christo
3436 4499 3719 4555 deficien-

295 4582 711 4640 καταλιπόντων
768 4582 860 4638 τὸν
939 4579 1388 4658 Χριστιανισμὸν,
1463 4581 1553 4636 καὶ
1607 4582 1673 4636 τὰ
1756 4581 1955 4638 σῖδωλα

2067 4587 2176 4647 tes,
2210 4580 2370 4636 idola
2394 4582 2704 4652 colebant;
2737 4585 3170 4641 sollicitabatur
3200 4591 3258 4641 et
3304 4587 3433 4658 ipsa
3461 4594 3526 4643 ut
3549 4589 3719 4645 Chri-

297 4671 772 4751 προσκυνούντων.
813 4669 1171 4745 Ἦναγκάζετο
1201 4669 1294 4726 οῦν
1350 4670 1443 4726 καὶ
1500 4673 1534 4741 ἡ
1597 4673 1801 4746 μάρτυς
1860 4672 1951 4746 ἀρ.

297 4759 564 4831 νήσασθαι
590 4757 684 4812 τὸν
717 4756 972 4832 Χριστὸν,
1021 4755 1112 4810 καὶ
1150 4753 1476 4828 ’προσελθεῖν
1506 4761 1625 4817 τοῖς
1681 4753 1955 4830 εῗδώλοις,

304 4850 405 4907 Καὶ
461 4849 539 4920 μὴ
598 4846 922 4918 πειθομένη,
980 4844 1304 4919 ἐτιμωρεῖτο
1362 4843 1450 4899 sul
1509 4846 1735 4921 χρόνοις
1793 4845 1958 4915 ὀκτὼ,

305 4937 626 5012 καθημεραν
706 4933 990 5012 διαφόροις
1075 4932 1426 5006 ἐξεταζομένη
1495 4934 1770 5008 βασάνοις’
1828 4935 1961 4991 ποτὶ

304 5029 404 5102 μὶν
445 5027 584 5099 μετὰ
612 5024 779 5081 λίθων
837 5025 1086 5100 τραχέων
1120 5023 1432 5096 τυπτομένη
1485 5024 1622 5079 κατὰ
1666 5028 1763 5080 τοῦ
1795 5044 1963 5080 σπον-

304 5115 505 5190 δύλου,
553 5114 643 5170 καὶ
694 5118 790 5170 τοῦ
848 5113 1167 5188 προσώπου.
1244 5112 1385 5170 Ποτὶ
1443 5110 1501 5168 δὲ
1560 5113 1693 5187 μετὰ
1747 5109 1958 5190 ῥάϐδων

304 5209 447 5265 κατᾶ
475 5213 577 5277 τῆς
605 5206 871 5285 κεφαλῆς,
901 5205 993 5261 καὶ
1041 5209 1149 5260 τῶν
1182 5201 1371 5278 ὤμων.
1430 5206 1518 5274 Μὴ
1576 5207 1850 5261 πεισθεῖσα
1907 5204 1964 5262 δὶ

307 5297 647 5375 ἀρνήσασθαι
696 5294 790 5350 τὸν
840 5293 1100 5369 Χριστόν,
1136 5293 1268 5368 μετᾶ
1315 5292 1522 5372 σφῦρης
1583 5291 1808 5371 σιδηρᾶς
1841 5317 1962 5352 συν.

307 5382 576 5463 τρίϐεται,
640 5386 728 5440 καὶ
788 5386 889 5454 τὴν
948 5382 1199 5459 γλῶσσαν
1229 5383 1562 5456 ἐκτέμνεται,
1619 5385 1708 5438 καὶ
1757 5386 1832 5449 εἷς
1863 5408 1964 5461 φυ-

309 5476 486 5545 λακήν
526 5473 898 5530 ἀποκλείεταιο
957 5471 1322 5548 παραγγελίας
1377 5474 1700 5547 γενομένης,
1760 5476 1834 5548 μή
1869 5472 1965 5530 8ο-

312 5569 472 5634 θῆναι
501 5564 640 5640 αὐτῇ
669 5564 819 5640 παρά
868 5581 1014 5625 τινος
1055 5562 1286 5640 τροφήν.
1346 5561 1475 5618 Κατ’
1535 5561 1849 5636 οΐκονομίαν
1909 5563 1966 5622 δὲ

313 5657 450 5713 Θεοῦ
533 5654 681 5730 ὃρνις
753 5654 790 5725 ἡ
877 5649 1150 5729 λεγομένη
1209 5645 1418 5722 ἀηδὼν,
1503 5652 1738 5730 φέρουσα
1797 5655 1967 5730 μικρὰ.

2067 4675 2224 4724 stum
2255 4669 2661 4743 abnegaret,et
2681 4673 2755 4728 ad
2787 4674 3079 4730 idolorum
3106 4675 3330 4731 cultum
3349 4694 3411 4732 se
3444 4679 3721 4735 transfer-

2065 4762 2177 4812 ret.
2202 4759 2416 4813 Verum
2443 4776 2578 4815 cum
2609 4760 2683 4815 ad
2713 4761 2772 4816 id
2794 4761 2994 4818 induci
3025 4765 3319 4835 nequiret,
3353 4783 3540 4823 annos
3589 4773 3718 4823 octo

2070 4850 2406 4905 excruciata
2434 4850 2563 4917 fuit,
2587 4850 2871 4906 adhibitis
2896 4869 3002 4924 per
3032 4855 3297 4926 singulos
3329 4856 3454 4911 dies
3475 4857 3721 4914 diversis

2069 4939 2556 4994 tormentis.Nam
2588 4939 2906 5010 aliquando
2937 4943 3162 5014 asperis
3194 4945 3348 5000 saxis
3379 4945 3439 5000 in
3463 4948 3720 5019 spondy-

2061 5028 2127 5084 ‘lo
2155 5033 2214 5084 et
2242 5029 2391 5084 facie
2424 5046 2438 5096 ;
2471 5028 2792 5100 aliquando
2818 5032 2994 5104 virgis
3037 5033 3099 5086 in
3131 5033 3322 5104 capite
3354 5039 3412 5088 et
3457 5036 3722 5092 humeris

2073 5117 2550 5173 caadebatur.Sed
2580 5120 2788 5173 cumin
2805 5120 3020 5176 Christi
3044 5121 3159 5176 ﬁde
3186 5129 3464 5178 constans
3488 5142 3724 5194 perma—

2073 5212 2263 5273 neret,
2299 5206 2486 5262 ferreo
2531 5207 2746 5263 malleo
2779 5211 3207 5265 comminuitur
3242 5228 3254 5265 :
3303 5217 3428 5266 tum
3477 5216 3728 5283 praecisa

2072 5295 2365 5368 lingua,in
2394 5313 2690 5352 carcerem
2714 5299 3356 5370 conjicitur,proposito
3387 5301 3725 5373 interdicto,

2075 5404 2150 5443 ne
2182 5387 2315 5458 quis
2339 5388 2390 5441 ei
2421 5387 2619 5442 cibum
2651 5387 2910 5442 afferret.
2943 5389 3176 5457 Verum,
3207 5391 3562 5461 disponente
3585 5390 3726 5457 Deo,

2074 5476 2332 5532 luscinia
2356 5477 2584 5532 avicula
2613 5475 2892 5531 arboreos
2949 5477 3176 5533 fructus
3234 5480 3526 5542 deferens,
3558 5476 3723 5532 illam

2075 5567 2291 5625 alebat.
2323 5569 2628 5622 Postremo
2656 5567 2898 5622 domina
2928 5567 3057 5638 ejus
3088 5568 3355 5639 ingressa.
3401 5583 3720 5634 carcerem,

2076 5659 2354 5717 candenti
2384 5664 2548 5716 vecte
2578 5659 2769 5715 ferreo
2807 5675 2939 5716 eam
2968 5659 3290 5715 interemit.
