4132 6328
378 269 455 329 55
1698 271 2130 336 MENOLOGII
2169 274 2379 336 PARS
2423 275 2473 336 l.

3716 273 3795 334 56

374 399 671 476 ἀκρόδρυα,
705 398 978 477 διέτρεφεν
1010 398 1196 470 αὐτήν,
1231 401 1362 456 Εἶτα
1393 401 1715 468 εἰσελθοῦσα
1735 406 1769 474 ἠ
1801 404 1963 481 κυρία
1993 403 2161 474 αὐτῆς
2184 403 2319 478 ἐντῇ
2335 404 2576 479 φυλακῇ,
2614 403 2750 479 μετᾶ
2787 403 3015 480 μοχλοῦ
3048 399 3276 478 σιδηροῦ
3303 381 3802 478 πεπυρακτωμένοό

373 489 580 546 ἀνεῖλεν
610 489 800 561 αὐτήν.

942 578 1182 633 EODEM
1212 580 1468 634 MENSE.
2057 581 2111 647 Α

880 667 983 721 Die
1027 667 1257 723 decima
1289 670 1542 740 septima

378 757 476 812 47
535 756 822 812 Certamen
872 762 1187 812 sanctorum
1238 765 1544 827 martyrum
1594 761 1772 814 Luciaz
1830 759 2038 828 vidum,

669 851 721 898 et
753 846 1065 902 Geminiam'
1113 847 1218 915 ﬁlii
1277 847 1394 916 ejus
1423 849 1755 917 spiritualis.

460 934 637 989 Lucia
675 940 920 1006 martyr,
979 935 1309 1006 imperante
1361 937 1738 1004 Maximiano,
1778 938 1838 991 in
1895 937 2043 992 urbe

387 1025 576 1079 Roma
596 1023 806 1095 opibus
836 1040 904 1078 ac
934 1024 1167 1095 generis
1189 1025 1498 1080 nobilitate
1523 1026 1754 1082 claruit.
1775 1027 1916 1080 Cum
1939 1043 2045 1080 au-

391 1117 512 1168 tem
543 1113 1045 1185 septuagesimum
1071 1115 1346 1184 quintum
1363 1115 1553 1170 aetatis
1583 1132 1811 1170 annum
1825 1120 2044 1187 ageret,

394 1203 763 1272 trigesimum
817 1219 952 1256 vero
1003 1209 1232 1258 sextum
1290 1204 1351 1257 in
1410 1204 1692 1259 viduitate
1759 1205 2044 1276 explevis—

393 1296 502 1358 set,
537 1291 846 1361 ﬁliumque
902 1307 1074 1345 suum
1125 1291 1476 1363 legitimum,
1537 1293 1884 1363 Eutropium
1941 1309 2045 1347 no-

392 1379 576 1450 mine,
613 1379 906 1434 idolorum
937 1381 1346 1450 superstitioni
1377 1381 1701 1449 addictum,
1727 1382 1800 1436 ad
1832 1382 2047 1436 Christi

393 1467 571 1522 ﬁdem
592 1469 826 1522 trahere
859 1484 1093 1523 summa
1114 1470 1494 1524 contentione
1523 1471 2046 1536 studeret;tantum

393 1556 584 1611 abfuit
614 1561 678 1610 ut
701 1557 774 1611 ab
806 1573 1006 1612 errore
1038 1558 1208 1612 illum
1241 1564 1527 1624 avocaret,
1563 1565 1628 1613 ut
1658 1563 1907 1614 matrem
1939 1576 2042 1630 po-

394 1644 512 1699 tius
543 1645 668 1715 ipse
699 1661 868 1700 suam
899 1645 972 1700 ad
1001 1646 1424 1700 Maximianum
1457 1647 2048 1711 deferret.Quamob-

397 1750 524 1788 rem
547 1739 837 1804 correpta,
876 1750 1010 1787 cum
1043 1734 1218 1788 idolis
1251 1735 1583 1789 sacriﬁcare
1611 1741 1935 1803 recusaret,
1987 1737 2049 1791 in

392 1822 654 1877 lebetem
678 1822 931 1878 ferventi
960 1823 1227 1893 plumbo,
1259 1829 1317 1877 et
1337 1824 1463 1894 pice
1495 1824 1738 1894 plenum
1761 1825 2047 1896 injicitur.

397 1912 508 1965 Sed
537 1911 837 1966 indemnis
858 1912 996 1966 inde
1055 1917 1113 1966 et
1153 1913 1471 1968 incolumis
1493 1929 1749 1985 egressa,
1783 1914 2053 1970 traducta
2080 1947 2127 2012 Β

398 2019 506 2074 per
535 2003 745 2058 urbem
805 2007 861 2057 et
913 2004 1288 2066 circumacta,
1350 2003 1614 2058 cmditur.
1675 2004 1776 2058 Cui
1811 2011 2049 2060 sanctus

402 2093 786 2147 Geminianus
825 2092 1059 2146 obviam
1117 2093 1327 2160 factus,
1384 2098 1738 2162 secutusque
1795 2110 1946 2159 eam,
1999 2082 2058 2150 et

405 2182 579 2252 paulo
612 2188 745 2252 post
771 2182 1118 2252 baptizatus,
1150 2183 1486 2253 appellatur
1535 2183 1860 2252 spiritualis
1894 2183 2057 2238 illius

406 2271 566 2324 ﬁlius
592 2276 800 2340 :atque
831 2287 948 2324 una
973 2287 1106 2325 cum
1139 2271 1268 2341 ipsa
1300 2272 1360 2325 in
1392 2276 1776 2341 conspectum
1801 2272 2054 2343 impera-

404 2360 551 2414 toris
597 2360 866 2427 veniens,
918 2359 1212 2414 Christum
1273 2361 1603 2430 proﬁtetur.
1665 2361 2058 2425 Quamobrem

429 2450 719 2504 ormentis
751 2449 1138 2504 excruciatur.
1175 2449 1285 2503 Sed
1307 2466 1339 2504 a
1371 2455 1574 2504 sancto
1597 2450 1808 2522 angelo
1840 2453 2060 2506 Tauro-

398 2539 668 2593 menium
700 2538 960 2605 adducti,
995 2537 1075 2592 ibi
1107 2538 1494 2593 Geminiauus
1525 2539 1764 2609 quidem
1806 2539 2001 2611 gladio
2029 2557 2064 2595 a

396 2627 651 2698 praeside
682 2629 1050 2699 percutitur;
1085 2628 1261 2683 Lucia
1291 2645 1425 2682 vero
1456 2628 1518 2682 in
1567 2645 1711 2700 pace
1761 2628 2060 2686 obdormi.

402 2716 500 2770 vit.

975 2807 1217 2862 EODEM
1250 2807 1503 2864 MENSE.

936 2897 1039 2952 Die
1071 2896 1304 2952 decima
1345 2903 1548 2952 octava

402 2986 503 3042 48
547 2988 836 3043 Certamen
883 2989 1218 3042 sacrosancti
1268 2989 1534 3056 martyris
1591 2987 1883 3053 Simeom's,
1949 2990 2069 3059 epi-

882 3079 1034 3145 scOpi
1065 3075 1579 3144 Hierosolymorum.

477 3163 901 3218 Sacrosanctus
932 3167 1158 3234 martyr
1187 3163 1423 3218 Simeon
1451 3164 1653 3218 ﬂoruit
1681 3166 1934 3237 Trajano
1953 3167 2070 3222 im'

407 3252 1011 3324 peratore,secundus
1042 3268 1074 3306 a
1103 3251 1316 3306 Jacobo
1348 3252 1528 3307 fratre
1549 3254 1780 3310 Domini
1810 3255 2076 3312 Hieroso'

2704 581 2886 636 MHNI
2916 585 3000 658 το
3029 581 3230 656 ΑΥΤῼ.

2957 669 3033 725 lZ'

2149 753 2416 826 Ἀθλησις
2474 760 2582 812 τῶν
2640 757 2808 833 ἁγίων
2886 755 3171 831 μαρτύρων
3230 756 3464 820 Λουκίας
3533 761 3633 822 τῆς
3689 759 3800 883 χὲή-

2220 847 2336 883 ρας.
2418 827 2508 882 καὶ
2611 833 2935 883 Γεμινιανοῦ
3019 833 3116 883 τοῦ
3198 834 3567 883 πνευματικοῦ
3682 833 3800 883 υοῦ

2220 847 2336 903 ρας,
2418 827 2508 882 καὶ
2611 827 2972 902 Γεμινιανοῦ
3019 827 3116 883 τοῦ
3198 834 3567 903 πνευματικοῦ
3682 827 3802 883 υίοῦ

2221 899 2412 968 αὐτῆς.

2220 989 2284 1043 Ἡ
2349 990 2553 1062 μάρτυς
2612 990 2819 1043 Λουκία
2880 991 3126 1064 ὑπῆρχεν
3200 988 3289 1045 ἐπὶ
3362 997 3464 1059 τῆς
3525 989 3804 1065 βασιλείας

2150 1077 2506 1148 Μαξιμιανοῦ,
2568 1076 2619 1131 ἐν
2675 1079 2860 1152 Ῥώμῃ
2915 1082 2984 1151 τῇ
3042 1077 3225 1133 πόλει’
3259 1079 3500 1133 πλουσία
3545 1080 3636 1152 μὲν
3671 1079 3805 1156 σφό-

2152 1163 2269 1239 δρα,
2313 1165 2400 1219 καὶ
2447 1168 2769 1242 περιφανής·
2833 1167 3048 1242 χρόνων
3101 1164 3158 1221 δὲ
3207 1165 3340 1221 οὖσα
3395 1163 3806 1240 ἑϐδομηκοντα-

2150 1255 2328 1323 πέντε,
2364 1254 2679 1330 χηρεύσασα
2727 1252 2820 1322 ἔτη
2879 1257 3515 1331 τριακονταέξ.Ἒχουσα
3573 1256 3631 1312 δὲ
3687 1259 3805 1313 υἱὸν

2150 1345 2400 1418 γνήσιον,
2488 1343 2715 1415 ὀνόματι
2774 1344 3101 1419 Εὐτρόπιον,
3190 1343 3625 1421 είδωλολάτρην,
3711 1346 3811 1401 οὐκ

2151 1431 2382 1502 ἐδυνήθη
2416 1438 2598 1488 πεῖσαι
2632 1433 2790 1488 αὐτὸν
2852 1433 3172 1510 προσελθεῖν
3231 1440 3312 1507 τῷ
3368 1438 3606 1511 Χριστῷ,
3667 1433 3814 1491 ἀλλὰ

2157 1520 2368 1594 μᾶλλον
2397 1522 2749 1594 κατεμηνύθη
2778 1524 2905 1597 παρ’
2941 1523 3110 1577 αὐτοῦ
3157 1528 3237 1594 τῷ
3297 1525 3644 1597 Μαξιμιανῷ.
3704 1525 3811 1580 Καὶ

2152 1612 2504 1684 κρατηθεῖσα,
2561 1613 2650 1666 καὶ
2725 1613 2800 1685 μὴ
2855 1615 3130 1668 πεισθεῖσα
3177 1615 3330 1668 θῦσαι
3372 1620 3491 1676 τοῖς
3535 1613 3812 1684 εἰδώλοις,

2154 1695 2424 1771 ἐνεϐλήθη
2488 1701 2562 1762 είς
2626 1696 2833 1772 λέϐητα
2882 1699 3326 1776 πεπληρωμένην
3365 1699 3669 1775 μολύϐδου,
3721 1707 3820 1760 καὶ

2155 1790 2356 1860 πίσσης
2379 1789 2748 1866 κοχλάζοντα.
2789 1793 2884 1846 Καὶ
2937 1791 3226 1862 ἐξελθοῦσα
3267 1789 3539 1864 ἀϐλαϐὴς,
3581 1797 3816 1870 περιήρ-

2157 1898 2287 1953 χετο
2316 1881 2416 1948 τὴν
2475 1881 2639 1935 πόλιν
2699 1881 3034 1953 τυπτομένη.
3099 1884 3408 1952 Συνηντῆσε
3461 1881 3517 1937 δὲ
3573 1884 3600 1938 6
3660 1885 3817 1959 ἅγιος

2158 1973 2494 2040 Γεμινιανὸς,
2555 1971 2645 2024 καὶ
2697 1970 3068 2041 ἠκολούθησεν
3101 1971 3259 2044 αὐτῇ.
3322 1971 3423 2027 Καὶ
3457 1974 3590 2044 μετά
3623 1975 3816 2049 μικρὸν

2165 2058 2503 2132 βαπτισθεὶς,
2569 2057 2776 2130 ἐκλήθη
2855 2060 3024 2128 αὐτῆς
3086 2062 3202 2124 υἱὸς
3284 2063 3670 2135 πνευματικὸς,
3723 2062 3819 2117 καὶ

2163 2146 2254 2200 σὺν
2289 2145 2424 2221 αὐτῇ
2471 2146 2642 2211 ἐλθὼν
2692 2148 2770 2212 εἲς
2827 2149 3114 2222 πρόσωπον
3163 2154 3258 2204 τοῦ
3321 2149 3610 2224 βασιλέως,
3662 2151 3820 2224 ὡμο-

2163 2233 2367 2309 λόγησε
2394 2235 2483 2289 τὸν
2512 2237 2764 2310 Χριστὸν,
2796 2237 2884 2291 καὶ
2943 2236 3285 2313 ἐτιμωρήθη.
3348 2240 3478 2294 Εἶτα
3510 2240 3612 2294 ὑπὸ
3661 2242 3822 2317 ἁγίου

2165 2321 2402 2399 ἀγγέλου
2432 2324 2763 2399 ἀπήχθησαν
2807 2326 2883 2387 εἰς
2923 2325 2986 2381 τι)
3043 2329 3434 2400 Ταυρομένιον.
3483 2328 3586 2384 Καὶ
3635 2331 3662 2384 6
3725 2331 3824 2402 μὲν

2167 2415 2478 2485 Γεμινιανὸς
2534 2417 2679 2490 παρὰ
2732 2419 2829 2469 τοῦ
2887 2412 3159 2490 ἄρχοντος
3220 2417 3355 2493 ξίφει
3388 2416 3703 2488 ἐτελειώθη.
3750 2419 3822 2476 cLI

2167 2500 2224 2558 δὲ
2255 2502 2459 2558 Λουκία
2489 2504 2539 2558 ἐν
2574 2504 2763 2579 εἰρήνῃ
2791 2503 3087 2578 ἐκοιμήθη.

2667 2891 2674 2897 _
2731 2811 2918 2870 “MHNI
2948 2818 3036 2892 Τῼ
3063 2817 3259 2891 arra.

2175 2989 2439 3062 ΙἈθλησις
2505 2989 2602 3044 τοῦ
2658 2989 2811 3066 ἁγίου
2893 2903 3293 3066 ἱεέδίμάρτυρος
3363 2993 3612 3065 Συμεὼν,

2678 3062 2882 3116 σκόπου
2904 3062 3326 3136 Ἱεροσολύμων.

3701 2993 3829 3048 ἐπι-

2254 3241 2479 3316 Συμεὼν
2531 3243 2558 3296 ὁ
2615 3241 2985 3317 Ἱερομάρτυς,
3047 3245 3293 3319 ὑπῆρχεν
3356 3245 3444 3301 ἐπὶ
3519 3254 3617 3316 τῆς
3681 3249 3836 3325 βασι·

912 3305 1003 3306 μί
1049 3305 1072 3306 η
1294 3305 1433 3307 κ
1508 3305 2047 3312 κ---η--η--η---ν

399 3341 698 3413 lymorum
720 3341 1196 3412 episcopus.Erat
1221 3341 1382 3395 enim
1399 3341 1794 3398 consobrinus
1814 3345 2061 3416 etipsius

2182 3331 2328 3393 λείας
2386 3333 2681 3406 Τραϊανοῦ,
2762 3329 3012 3407 δεύτερος
3067 3332 3363 3398 ἐπίσκοπος
3431 3305 3829 3412 Ἱεροσολύμων

398 3430 658 3495 Domini,
693 3435 751 3484 et
777 3429 1002 3494 Jacobi,
1035 3429 1253 3500 Cleopa
1281 3435 1450 3501 patre
1483 3436 1680 3491 natus.
1736 3433 1840 3488 Hic
1889 3435 2072 3498 enim,

401 3524 462 3574 et
488 3519 778 3589 Iosephus
810 3523 977 3589 pater
1001 3519 1236 3572 Domini
1257 3519 1583 3574 secundum
1608 3536 1846 3576 carnem
1870 3523 2076 3594 appel-

401 3608 851 3680 latus,germani
883 3607 1095 3662 fratres
1129 3614 1317 3664 erant.
1340 3609 1580 3664 Simeon
1604 3615 1804 3665 autem
1829 3628 2072 3668 accusa-

400 3705 498 3755 tus
529 3715 562 3754 a
583 3697 824 3765 Iudaeis,
855 3698 1015 3768 quod
1047 3697 1345 3753 Christum
1396 3699 1766 3770 praadicaret,
1797 3719 2071 3773 compre-

403 3790 625 3844 hensus
651 3805 686 3842 a
716 3789 1055 3842 Grmcorum
1086 3788 1404 3857 praefectis,
1426 3789 1769 3860 gravissime
1799 3791 2068 3865 caeditur.

403 3877 631 3932 Deinde
665 3876 869 3929 multis
928 3877 1240 3930 tormentis
1292 3876 1616 3948 subjectus,
1655 3879 1717 3932 in
1771 3897 2070 3935 carcerem

409 3966 746 4036 conjicitur,
783 3970 848 4017 ut
876 3963 1032 4018 fame
1083 3970 1140 4017 et
1197 3965 1472 4034 squalore
1527 3968 1938 4024 conﬁceretur.
1975 3971 2070 4022 ln-

411 4053 483 4110 de
521 4054 788 4119 eductus,
824 4069 955 4106 cum
982 4052 1150 4106 nulla
1202 4053 1430 4107 ratione
1482 4053 1692 4109 adduci
1726 4063 1945 4125 posset,
2005 4063 2072 4112 ut

404 4143 712 4198 Christum
738 4141 1079 4213 abnegaret,
1112 4142 1271 4196 cruci
1304 4142 1485 4197 clavis
1518 4144 1752 4210 afﬁxus,
1814 4152 2068 4200 mortem

410 4231 708 4296 occubuit,
729 4247 918 4285 annos
948 4236 1122 4285 natus
1155 4236 1394 4286 centum
1428 4238 1487 4287 et
1511 4233 1711 4304 viginti
1739 4249 1750 4286 :
1779 4235 1948 4306 cujus
1972 4253 2067 4290 sa—

409 4336 574 4376 crum
603 4337 818 4392 corpus
849 4321 1167 4391 propinqui
1188 4326 1357 4374 terra:
1381 4322 1879 4378 commendarunt
1898 4325 2067 4391 ;felix

406 4422 548 4465 vero
575 4410 777 4465 anima
801 4409 863 4464 in
896 4409 1107 4464 coelum
1143 4409 1492 4476 ascendens,
1528 4426 1646 4464 una
1677 4427 1812 4465 cum
1846 4414 2066 4469 sanctis

413 4501 476 4554 in
503 4506 790 4554 aeternum
824 4499 1042 4571 gaudet
1094 4499 1156 4553 in
1213 4499 1444 4553 Christo
1475 4499 1610 4554 Jesu
1660 4501 1908 4555 Domino
1964 4520 2068 4558 no-

412 4593 554 4644 stro.

2178 3422 2492 3496 γενόμενος,
2564 3423 2697 3494 μετά
2755 3417 3012 3478 Ἰάκωϐον
3056 3423 3146 3476 τὸν
3199 3422 3430 3502 ἀδελφὸν
3476 3430 3572 3480 τοῦ
3603 3428 3830 3500 Κυρίου.

2180 3511 2279 3566 Ἦν
2337 3507 2393 3564 δὲ
2451 3508 2741 3586 ἐξάδελφος
2800 3510 2964 3564 αὐτοῦ
3009 3531 3067 3566 τε
3121 3516 3217 3566 τοῦ
3306 3515 3531 3587 Κυρίου,
3592 3516 3682 3570 καὶ
3736 3522 3833 3572 τοῦ

2181 3594 2462 3669 Ἰακώϐου,
2539 3599 2654 3660 υἱὸς
2707 3602 2949 3674 γεγονὼς
3003 3605 3100 3654 τοῦ
3163 3600 3418 3657 Κλεώπα.
3479 3603 3648 3664 Οὗτος
3705 3604 3833 3693 γὰρ,

2179 3691 2265 3743 καὶ
2328 3690 2531 3766 Ἰωσὴφ
2601 3690 2628 3743 ὁ
2686 3689 3032 3763 χρηματίσας
3093 3691 3227 3744 κατᾶ
3283 3692 3452 3766 σάρκα
3508 3694 3689 3767 πατὴρ
3739 3689 3836 3749 τοῦ

2182 3781 2399 3856 Κυρίου,
2437 3777 2650 3852 μᾶλλον
2684 3776 2740 3833 δὲ
2772 3779 3108 3852 ὄνομασθεῖς,
3141 3777 3371 3857 ἀδελφοὶ
3413 3781 3642 3855 νόμιμοι
3675 3783 3836 3852 ἦσαν.

2179 3872 2350 3932 Οὗτος
2403 3866 2459 3923 δὲ
2513 3870 2540 3922 ὁ
2601 3869 2824 3940 Συμεὼν
2885 3869 3278 3943 κατηγορηθεὶς
3329 3873 3474 3946 παρά
3527 3876 3633 3926 τῶν
3695 3874 3831 3930 Ἰου-

2179 3960 2366 4029 δαίων,
2400 3961 2474 4022 ὡς
2505 3959 2786 4032 κηρύττων
2811 3961 2901 4014 τὸν
2957 3961 3216 4036 Χριστὸν,
3258 3963 3347 4016 καὶ
3405 3965 3695 4038 κρατηθεὶς
3728 3965 3833 4021 ὑπὸ

2175 4057 2282 4106 τῶν
2316 4049 2600 4124 ἀρχόντων
2649 4052 2756 4102 τῶν
2815 4047 3126 4120 Ἑλλήνων,
3159 4049 3360 4128 ἐτύφθη
3395 4049 3664 4129 σφοδρῶς.
3726 4055 3826 4108 Καὶ

2176 4136 2412 4199 πολλαῖς
2473 4137 2726 4212 βασάνοις
2773 4136 3088 4208 ἐξετασθεὶς,
3139 4138 3463 4211 ἀπεκλείσθη
3527 4140 3601 4202 εἷς
3654 4141 3834 4215 φυλα-

2176 4228 2299 4296 κην,
2352 4224 2505 4299 λιμῷ
2563 4225 2652 4280 καὶ
2727 4225 3002 4302 κακουχίᾳ
3083 4224 3488 4300 δαπανώμενος.
3549 4230 3677 4286 Εἶτα
3730 4236 3830 4300 τῆς

2176 4316 2424 4394 φυλακῆς
2455 4309 2766 4386 ἐκϐληθείς,
2824 4315 2915 4368 καὶ
2965 4315 3129 4370 πάλιν
3196 4317 3544 4393 ἀναγκασθεὶς
3600 4319 3834 4394 ἀρνήσα-

2177 4419 2296 4472 σθαι
2343 4405 2434 4459 τὸν
2496 4404 2749 4478 Χριστὸν,
2807 4403 2896 4457 καὶ
2971 4406 3045 4477 μῆ
3077 4406 3334 4476 πεισθεὶς,
3395 4411 3607 4482 σταυρῷ
3662 4427 3834 4481 προσ-

2175 4496 2437 4567 ηλωθεὶς,
2488 4493 2578 4548 τὸν
2635 4491 2747 4565 βίον
2809 4489 3096 4563 ἀπέλιπεν,
3157 4493 3419 4570 ὑπάρχων
3465 4494 3598 4550 ἐτῶν
3639 4493 3825 4551 ἑκατὸν

2179 4587 2372 4644 εἴκοσι.
2407 4583 2509 4642 Καὶ
2539 4580 2600 4635 τὸ
2634 4580 2727 4653 μὶν
2759 4581 2904 4652 ἱερὸν
2963 4586 3123 4654 σῶμα
3175 4583 3340 4636 αὐτοῦ
3371 4585 3516 4659 παρὰ
3563 4588 3670 4638 τῶν
3705 4605 3830 4662 συγ.

415 4679 586 4752 γενῶν
615 4674 779 4730 αὐτοῦ
812 4674 1085 4750 παρεδόθη
1117 4678 1186 4749 τῇ
1342 4677 1377 4744 ἡ
1413 4672 1469 4730 δὲ
1503 4674 1743 4747 μακαρία
1766 4677 1932 4731 αὐτοῦ
1962 4682 2115 4756 ψυχὴ
2149 4678 2446 4736 ἀνελθοῦσα
2477 4671 2551 4732 εἷς
2612 4667 2899 4741 οὐρανοὺς,
2961 4670 3097 4742 μετὰ
3124 4673 3231 4725 τῶν
3287 4671 3450 4746 ἁγίων
3483 4671 3821 4750 εὐφραίνεται

411 4765 677 4834 αἱωνίως,
710 4764 764 4819 ἐν
795 4765 1016 4838 Χριστῷ
1049 4766 1232 4834 Ἰησοῦ
1260 4768 1340 4836 τῷ
1383 4763 1563 4840 Κυρίῳ
1594 4767 1777 4837 ἡμῶν.

1067 4855 1286 4909 Eodem
1321 4855 1414 4910 die

410 4946 513 5000 49
547 4942 998 5002 Commemoratio
1036 4946 1216 4997 sancti
1272 4944 1549 5012 Enmem'i,
1605 4947 1846 5016 episcopi
1886 4948 2071 5016 σοφίῃ,

967 5048 1071 5097 me,
1105 5033 1504 5103 thaumaturgi.

487 5123 814 5178 Eumenius
874 5122 1322 5192 thaumaturgus
1375 5124 1447 5177 ab
1506 5123 1912 5178 adolescentia
1968 5142 2076 5179 sua

414 5213 809 5281 Christianus,
845 5227 1076 5265 summa
1099 5212 1281 5265 Deum
1314 5212 1528 5282 pietate
1563 5231 1630 5268 ac
1663 5214 1872 5269 timore
1913 5214 2069 5268 cole-

422 5304 542 5358 bat.
567 5306 707 5356 Cum
736 5305 932 5355 autem
965 5301 1126 5355 dives
1159 5306 1332 5365 esset,
1369 5301 1678 5357 facultates
1703 5319 1838 5357 suas
1871 5319 2077 5357 omnes

426 5394 487 5446 in
523 5407 811 5462 pauperes
845 5389 1138 5460 erogavit;
1170 5389 1294 5458 ipse
1323 5406 1455 5443 vero
1489 5397 1733 5445 cunctos
1782 5391 1911 5444 vitm
1958 5407 2078 5444 suae

428 5482 556 5536 dies
588 5479 916 5550 injejuniis
950 5486 1006 5531 et
1031 5478 1400 5532 orationibus
1434 5479 1830 5550 transigebat:
1866 5479 2082 5533 adhor-

429 5570 832 5639 tationemque
859 5567 1024 5623 illam
1050 5568 1250 5640 magni
1283 5568 1538 5641 apostoli
1569 5567 1733 5623 Pauli
1767 5567 2084 5642 diligenter

2769 4849 2849 4919 Τῇ
2889 4845 3024 4920 αὖτῇ
3060 4849 3242 4923 ἡμέρᾳ

2179 4948 2389 5021 Μνμήη
2448 4945 2543 4996 τοῦ
2605 4935 2755 4992 ὁσίου
2783 4935 3108 5022 Ἐὐμενίοιη
3187 4937 3490 5022 ἐπισκόπου
3540 4940 3834 5014 Γορτύνης,

2715 5015 2811 5062 τοῦ
2852 5015 3290 5085 θαυματουργοῦ.

2253 5124 2520 5196 Εύμὲνιος
2601 5117 2627 5169 ὁ
2704 5117 3117 5191 θαυματουργὸς
3204 5118 3452 5192 ὑπῆρχεν
3537 5117 3641 5172 ἀπὸ
3716 5119 3839 5180 νέας

2185 5211 2404 5282 ἡλικίας
2435 5210 2755 5282 Χριστιανὸς
2787 5201 3048 5277 εὐλαϐὴς,
3081 5207 3168 5260 καὶ
3228 5207 3320 5260 τὸν
3379 5208 3508 5262 Θεὸν
3567 5202 3842 5283 φοϐούμε-

2186 5322 2298 5361 νος.
2336 5297 2604 5358 Πλούσιος
2639 5296 2696 5352 δὲ
2755 5296 2828 5350 ὢν
2890 5293 3268 5368 διεσκόμπιζεν
3298 5295 3376 5359 εἷς
3421 5297 3546 5358 τοὺς
3577 5295 3841 5370 πτωχοὺς

2189 5392 2363 5445 πάντα
2391 5387 2457 5442 τὰ
2487 5387 2803 5461 ὑπάρχοντα
2861 5384 3027 5455 αὐτῷ.
3092 5383 3267 5447 Αὐτὸς
3329 5381 3385 5438 δὲ
3446 5388 3511 5454 ἦν
3544 5385 3841 5454 νηστεύων,

2190 5479 2278 5534 καὶ
2330 5475 2769 5551 προσευχόμενος
2854 5474 3028 5534 πάσας
3081 5474 3177 5537 τὰς
3259 5472 3466 5548 ἡμέρας
3512 5481 3612 5542 τῆς
3698 5479 3841 5542 ζωῆς

2191 5566 2373 5624 αὐτοῦ·
2430 5563 2725 5640 ἐκπληρῶν
2784 5563 2872 5620 καὶ
2930 5565 3031 5633 τήν
3088 5567 3184 5619 τοῦ
3236 5562 3480 5640 μεγάλου
3534 5562 3842 5619 ἀποστόλου
