4132 6328
283 375 350 436 57
1739 377 2227 442 SEPTEMBER.
3611 379 3691 438 58

283 508 498 569 Παύλου
528 511 867 587 παραίνεσὶν.
907 509 1011 567 Καὶ
1055 509 1156 586 γὰρ
1205 505 1395 584 ἔχαιρε
1429 511 1564 583 μετὰ
1594 512 1923 586 χαιρόντων,

2040 514 2319 586 implens,
2351 515 2644 588 gaudebat
2672 529 2808 571 cum
2829 513 3244 586 gaudentibus,
3278 520 3336 570 et
3356 514 3534 570 ﬂebat
3550 530 3685 570 cum

282 605 365 658 καὶ
396 600 578 655 ἔκλαιε
615 601 754 674 μετά
783 598 1108 655 κλαιόντων.
1149 599 1263 657 Ἀεὶ
1297 597 1354 654 δὲ
1381 597 1692 676 περιέφερεν
1727 598 1810 655 ἐπὶ
1843 606 1939 656 τοῦ

280 689 577 765 προσώπου
603 691 667 744 τὸ
729 687 986 763 δάκρυον.
1044 689 1185 763 Εἶχε
1241 687 1299 743 δὲ
1353 689 1445 744 καὶ
1473 692 1637 744 τοῦτο
1668 686 1846 765 ἔργον,
1878 690 1940 744 τὸ

283 777 556 852 μηδέποτε
611 776 1010 854 παραδέξασθαι
1071 772 1340 846 διαϐολὴν
1398 777 1534 832 κατὰ
1587 799 1756 847 τινος,
1790 779 1944 849 ἢκα.

276 873 521 941 τακρῖναι
583 865 894 941 ἄνθρωπον.
965 865 1122 923 Ἀλλ’
1178 865 1359 922 εἳποτε
1413 867 1504 922 καὶ
1560 865 1761 937 ἤκουσε
1807 869 1941 922 κατά

278 957 564 1028 ἀνθρώπου
620 977 673 1010 τι
737 962 1003 1028 πταῖσμα,
1062 955 1332 1028 ἐνόμιζεν,
1392 955 1474 1010 ὅτι
1550 957 1712 1019 αὐτὸς
1773 961 1938 1010 τοῦτο

279 1046 518 1114 ἐποίησε.
555 1045 656 1100 Διὰ
686 1047 780 1101 οὗν
812 1047 876 1100 τὰ
914 1049 1138 1100 τοιαῦτα
1169 1045 1334 1100 αὐτοῦ
1364 1045 1763 1120 κατορθώματα
1793 1044 1938 1100 ἐκλε-

276 1137 383 1212 γεὶς
434 1134 584 1210 παρὰ
632 1139 731 1189 τοῦ
777 1134 994 1209 κλήρου
1041 1136 1131 1189 καί
1184 1139 1282 1189 τοῦ
1329 1133 1491 1202 λαοῦ,
1541 1135 1936 1211 προεχειρίσθη

278 1224 576 1287 ἐπίσκοπος
636 1225 926 1300 Γορτύνης,
977 1231 1075 1294 τῆς
1123 1228 1348 1297 Κρητῶν
1396 1226 1586 1294 νήσου.
1630 1224 1736 1280 Καὶ
1772 1227 1939 1294 ζήσας

279 1312 327 1368 ἐν
384 1318 452 1387 τῇ
517 1313 901 1389 ἀρχιερωσύνη
976 1314 1210 1388 χρόνους
1284 1311 1556 1383 πολλοὺς,
1615 1313 1705 1368 καὶ
1760 1311 1936 1367 πολὺν

277 1399 404 1456 λαὸν
441 1400 660 1473 διδάξας
713 1403 781 1458 τὰ
841 1401 962 1476 μερί
1019 1409 1118 1471 τῆς
1182 1402 1460 1476 βασιλείας
1517 1406 1624 1456 τῶν
1667 1404 1934 1478 οὐρανῶν,

273 1494 360 1547 καὶ
397 1493 693 1566 θαυμάτων
748 1492 974 1548 πολλῶν
1029 1494 1190 1568 χάριν
1245 1489 1452 1561 λαϐὼν,
1486 1492 1782 1567 ἐκοιμήθη,
1817 1495 1938 1548 θαυ.

278 1587 601 1658 ματουργῶν
635 1584 726 1638 καὶ
762 1584 898 1656 μετά
929 1583 1157 1647 θάνατον
1189 1581 1295 1645 ἓως
1325 1587 1421 1638 τοῦ
1450 1587 1565 1640 νῦν.

874 1764 954 1836 Τῇ
983 1762 1118 1836 αὖτῇ
1151 1763 1332 1838 ἡμέρᾳ

491 1852 764 1922 Ἀθλησις
793 1859 892 1922 τῆς
922 1852 1077 1924 ἁγίας
1104 1851 1374 1927 μάρτυρος
1406 1849 1716 1925 Ἀριάδνης.

342 1944 405 1998 Ἡ
474 1942 681 2015 μάρτυς
749 1938 1004 2015 Ἀριάδνη
1056 1941 1303 2016 ὑπῆρχεν
1366 1940 1452 1996 ἐπὶ
1493 1939 1778 2017 ’Δδριανοῦ
1839 1942 1929 1996 καὶ

269 2031 600 2088 Ἀντωνίνου
646 2035 754 2084 τῶν
810 2029 1100 2106 βασιλέων·
1151 2032 1444 2102 Χριστιανή
1497 2032 1612 2104 μὶν,
1664 2028 1837 2101 δούλη
1872 2029 1930 2086 δὲ

269 2121 544 2176 πλουσίου
568 2121 718 2182 τινὸς
748 2120 969 2194 πρώτου
1020 2127 1122 2189 τῆς
1165 2123 1355 2194 χώρας
1398 2119 1664 2196 Φρυγίας.
1709 2121 1798 2177 Ἐν
1833 2125 1930 2194 μιᾷ

265 2211 319 2266 δὲ
366 2215 481 2266 τῶν
530 2213 777 2282 ἡμερῶν,
825 2208 1114 2285 γενεθλίων
1170 2208 1478 2284 γενομένων
1526 2215 1623 2265 τοῦ
1672 2211 1791 2264 υἱοῦ
1840 2232 1928 2265 κυ-

263 2303 384 2374 ρίου
445 2300 636 2367 αὐτῆς,
697 2299 1007 2373 ἠναγκάσθη
1085 2297 1136 2354 ἐν
1213 2303 1292 2370 τῷ
1348 2303 1459 2370 ναῶ
1513 2302 1620 2352 τῶν
1679 2296 1926 2354 εἰδώλων

262 2387 525 2452 ἀπελθεῖν
587 2388 704 2460 μετ’
763 2388 964 2457 αὐτῶν,
1023 2388 1114 2441 καὶ
1173 2389 1520 2458 συνεορτάσαι
1579 2388 1786 2450 αὐτοῖς.
1830 2389 1924 2457 Μὴ

263 2479 550 2533 πεισθεῖσα
581 2474 658 2546 δὲ,
692 2476 893 2549 ἐτῦφθη
955 2475 1208 2545 ἀνιλεῶς,
1265 2477 1353 2531 καὶ
1414 2472 1680 2546 ἐνεϐλήθη
1726 2476 1803 2538 εἷς
1835 2498 1928 2553 φυ-

269 2566 470 2636 λακήν.
540 2566 646 2622 Καὶ
711 2564 1119 2639 ἐλιμοκτονήθη
1189 2566 1453 2642 ἰσχυρᾶς.
1513 2566 1641 2622 Εἶνα
1695 2573 1794 2636 τῆς
1828 2588 1925 2644 φυ-

264 2656 443 2725 λακῆς
475 2649 809 2726 ἐκϐληθεῖσα
838 2653 1109 2727 παρεδόθη
1141 2659 1221 2725 τῷ
1271 2661 1372 2723 τῆς
1429 2654 1620 2730 χώρας
1673 2655 1943 2729 ἄρχοντιρ

264 2745 352 2799 ἐπὶ
395 2748 478 2815 τῷ
521 2746 934 2816 τιμωρηθῆναι.
991 2744 1096 2799 Καὶ
1160 2743 1246 2797 ὑπ’
1292 2741 1502 2798 ἐκείνου
1550 2743 1715 2797 πάλιν
1770 2741 1931 2816 ἀναγ-

267 2833 528 2886 κασθεῖσα
587 2833 740 2885 θῦσαι
797 2835 916 2893 τοῖς
997 2829 1271 2901 εἰδώλοις,
1329 2830 1419 2886 καὶ
1492 2833 1565 2904 μή
1627 2837 1926 2900 πεισθεῖσα,

271 2920 607 2998 ἐκρεμάσθη,
664 2921 754 2975 καὶ
803 2922 900 2983 τὰς
957 2919 1196 2997 πλευρὰς
1241 2920 1448 2991 ἐξὲσθη.
1484 2919 1841 2985 Ἀπολυθεῖσα
1872 2917 1930 2975 δὶ

266 3013 365 3079 τῆς
417 3009 688 3087 φυλακῆς,
734 3009 826 3064 καὶ
901 3010 1129 3077 εὑροῦσα
1189 3007 1437 3085 διωρίαν,
1493 3011 1630 3085 πρὸς
1684 3010 1747 3064 τὸ
1802 3005 1927 3081 ὅρος

266 3097 531 3174 ἐξέδραμε
605 3099 898 3176 φεύγουσα.
979 3099 1195 3161 Γνόντες
1282 3096 1363 3153 δὲ’
1411 3102 1572 3153 τοῦτο
1647 3099 1699 3152 οἱ
1776 3118 1929 3172 στρα·

259 3194 479 3256 τιῶται,
515 3185 850 3244 κατεδίωκον
909 3187 1075 3257 αὐτὴν
1139 3190 1275 3261 μετὰ
1331 3189 1518 3264 ξιφῶν.
1561 3189 1663 3245 Καὶ
1714 3184 1926 3257 ἰδοῦσα,

259 3276 345 3330 ὅτι
395 3277 818 3353 κατασφάζεται,
892 3272 1092 3346 ηὔξατο
1172 3277 1310 3350 πρθς
1381 3275 1473 3329 τὸν
1539 3276 1667 3330 Θεὸν
1719 3272 1926 3349 λυτρω.

258 3371 422 3433 θῆναι
493 3365 587 3418 ἀπ’
649 3365 845 3420 αὐτῶν.
901 3365 1004 3421 Καὶ
1071 3363 1388 3439 σχισθείσης
1465 3365 1684 3438 πέτρας,
1760 3383 1924 3438 προσ·

259 3459 504 3530 τάγματι
582 3459 739 3523 Θεοῦ,
844 3454 1089 3524 εἰσῆλθεν
1190 3455 1242 3509 ἐν
1315 3455 1475 3528 αὐτῇ,
1548 3461 1649 3523 τῆς
1725 3455 1924 3525 πέτρας

257 3546 428 3601 πάλιν
493 3544 946 3624 ἆσφαλισθείσης,
1002 3544 1092 3600 καὶ
1145 3547 1426 3621 κρυψάσης
1483 3544 1649 3613 αὐτὴν
1701 3542 1920 3613 ἔσωθεν,

257 3634 366 3700 ’ἓως
396 3635 576 3699 οὕτως
606 3634 1010 3712 εὖχαριστοῦσα
1035 3634 1352 3707 ἐτελειώθη.

831 3754 1008 3809 MHNI
1045 3757 1129 3829 τᾳ
1166 3755 1368 3831 ΑΥΤῼ.

1062 3841 1142 3899 ΙΘ¹

259 3931 547 4002 Ἀθλησις
615 3935 724 3987 τῶν
777 3931 958 4008 -ᾴγίων
1027 3929 1313 4008 μαρτύρων
1370 3929 1692 4008 ΔΤροφίμου,
1761 3937 1925 4004 Δορυ-

729 3997 986 4076 μὲδοντος
1015 3997 1114 4057 καῖ’
1139 3997 1470 4056 Σάϐϐατίου.

337 4093 502 4148 Οὗτοι
571 4093 624 4147 οἱ
693 4096 961 4168 μάρτυρες
1031 4093 1284 4167 ὑπῆρχον
1323 4091 1410 4146 ἐπὶ
1474 4098 1575 4160 τῆς
1648 4089 1924 4166 βασιλείας

257 4177 505 4257 Πρόϐου.
561 4179 906 4253 Τελουμένου
952 4177 1008 4234 δὲ
1055 4179 1426 4254 ἱπποδρομίου
1479 4179 1554 4242 εἰς
1586 4181 1923 4256 Ἀντιόχειαν

255 4279 360 4340 τῆς
393 4267 675 4342 Ηισιδίας,
711 4268 1047 4333 εἰσελθόντες
1079 4269 1155 4330 εἰς
1206 4270 1267 4324 τὸ
1302 4268 1520 4341 θέατρον
1555 4269 1582 4323 ὁ
1615 4269 1926 4346 Τρόφιμος,

254 4361 347 4416 καὶ
381 4364 413 4416 ὁ
451 4355 779 4428 Σαϐϐάτιος,
836 4359 927 4414 καὶ
984 4357 1190 4421 ἰδόντες
1223 4357 1349 4420 τοὺς
1392 4357 1673 4429 Ἕλληνας
1706 4357 1931 4423 θύοντας

253 4455 376 4511 τοῖς
443 4445 723 4516 εἰδώλοις,
783 4446 1059 4518 ἐστέναξαν
1121 4446 1180 4501 ἐκ
1237 4449 1443 4522 ψυχῆς,
1477 4447 1568 4500 καὶ
1609 4447 1758 4501 εἶπον
1792 4448 1926 4522 πρὸς

255 4538 348 4592 τὸν
385 4537 547 4592 Θεόν’
592 4535 774 4605 Κύριε,
830 4534 920 4597 δὸς
964 4541 1081 4598 τοῖς
1139 4534 1581 4607 πεπλανημένοις
1621 4535 1927 4611 ἀνθρώποις

2047 604 2348 672 flentibus,
2381 605 2703 675 oculosque
2734 604 3012 674 lacrymis
3045 620 3280 674 semper
3333 620 3688 674 conspersos

2047 693 2522 752 circumferebat.
2566 693 2716 749 Illud
2748 699 3037 764 praeterea
3066 693 3292 764 agebat,
3322 697 3388 748 nt
3403 692 3692 748 obtrecta-

2047 784 2310 839 tionibus
2334 785 2612 840 adversus
2643 784 2946 839 neminem
2978 799 3151 845 aures
3191 783 3688 850 accommodaret,

2047 890 2241 944 neque
2274 874 2463 928 ullum
2497 875 2622 946 ipse
2641 874 3066 928 condemnaret
3091 890 3103 926 :
3129 875 3248 928 imo
3278 873 3327 927 si
3349 873 3519 942 cujus
3536 871 3687 926 forte

2045 969 2352 1034 peccatum
2384 963 2667 1031 audisset,
2699 962 2944 1034 putabat
2983 979 3044 1016 se
3091 963 3262 1017 illum
3313 962 3510 1032 ipsum
3557 977 3688 1016 esse

2047 1053 2149 1123 qui
2180 1059 2501 1124 peccasset.
2535 1053 2618 1108 Ob
2651 1054 2776 1107 hac
2823 1053 3002 1125 igitur
3048 1058 3207 1107 recte
3253 1051 3427 1118 facta,
3464 1068 3498 1105 a
3527 1051 3686 1107 clero

2045 1143 2384 1214 populoque
2413 1143 2697 1211 delectus,
2731 1144 3005 1212 Gortyna
3035 1141 3200 1196 urbis
3238 1142 3422 1196 Creta
3473 1141 3685 1196 insula

2046 1232 2359 1302 episcopus
2386 1232 2692 1289 ordinatus
2726 1237 2833 1286 cst.
2867 1233 2989 1295 Quo
3040 1231 3101 1285 in
3151 1231 3503 1302 pontificatu
3552 1246 3686 1284 cum

2045 1321 2265 1376 multos
2295 1337 2484 1376 annos
2513 1323 2772 1387 vixisset,
2806 1321 3142 1390 multosque
3173 1320 3422 1391 populos
3450 1336 3579 1389 qua
3612 1319 3686 1372 ad

2046 1427 2292 1482 regnum
2327 1411 2609 1465 calorum
2637 1411 2936 1482 pertinent
2971 1409 3288 1475 docuisset,
3340 1409 3684 1478 donumque

2043 1500 2370 1554 multorum
2429 1499 2854 1554 miraculorum
2913 1498 3257 1568 accepisset,
3307 1496 3681 1566 obdormivit,

2043 1589 2347 1644 miraculis
2380 1588 2557 1642 etiam
2589 1593 2723 1659 post
2772 1592 3027 1642 mortem
3085 1586 3334 1658 insignis
3383 1601 3570 1656 usque
3620 1585 3682 1638 in

2041 1683 2394 1750 prasentem
2427 1678 2605 1732 diem.

2689 1765 2909 1821 Eodem
2937 1765 3030 1819 die

2230 1857 2328 1913 50
2369 1857 2653 1911 Certamen
2681 1863 2882 1910 sancta
2911 1857 3169 1924 martyris
3199 1854 3482 1908 Ariadnes.

2107 1947 2358 2001 Ariadne
2389 1951 2611 2016 martyr
2641 1945 2843 2001 floruit
2871 1945 3132 1999 Adriano
3153 1949 3210 1997 et
3238 1944 3533 1998 Antonino
3565 1942 3681 1995 im-

2036 2037 2427 2109 peratoribus.
2464 2037 2596 2089 Hac
2614 2035 2968 2101 Christiana,
2995 2039 3052 2088 et
3076 2033 3384 2104 cujusdam
3409 2030 3675 2102 Opulenti

2035 2126 2312 2194 hominis,
2349 2125 2448 2197 qui
2482 2125 2745 2194 Phrygia
2777 2124 3175 2194 principatum
3200 2121 3456 2189 tenebat,
3490 2135 3675 2186 serva,

2035 2216 2130 2271 die
2146 2216 2400 2287 quadam
2425 2231 2558 2268 cum
2575 2213 2680 2267 ﬁlii
2705 2214 2830 2267 heri
2849 2213 2937 2267 sui
2959 2212 3190 2266 natales
3207 2209 3672 2276 celebrarentur,

2036 2305 2413 2376 compellitur
2429 2303 2725 2358 idolorum
2749 2302 2952 2357 fannm
2975 2318 3098 2356 una
3122 2317 3256 2355 cum
3280 2300 3399 2353 illis
3423 2297 3674 2371 ingredi,

2033 2395 2369 2465 festumque
2401 2394 2558 2448 diem
2591 2409 2782 2465 agere.
2843 2392 3009 2457 Quod
3049 2408 3184 2445 cum
3226 2391 3419 2445 facere
3467 2388 3676 2458 nollet,

2035 2484 2446 2540 crudelissime
2460 2483 2734 2538 caditur:
2759 2482 2971 2537 deinde
2990 2481 3211 2536 carceri
3236 2479 3679 2546 tradita,inedia

2034 2577 2403 2628 maceratur:
2437 2572 2574 2626 inde
2606 2571 2838 2638 educta,
2895 2570 2970 2626 ad
3026 2569 3287 2641 regionis
3331 2568 3675 2640 praefectum

2033 2662 2367 2730 adducitur,
2399 2666 2466 2716 ut
2495 2666 2874 2732 torqueretur
2903 2677 2916 2714 :
2949 2676 2984 2715 a
3015 2676 3130 2730 quo
3161 2659 3377 2713 iterum
3419 2657 3677 2728 impulsa

2034 2750 2212 2806 idolis
2243 2751 2601 2816 sacrificare,
2633 2767 2768 2806 cum
2797 2749 2871 2804 ad
2902 2749 2961 2804 id
2992 2749 3194 2804 induci
3226 2747 3521 2818 nequiret,
3547 2763 3676 2801 sus-

2036 2839 2334 2912 penditur,
2370 2844 2429 2894 et
2458 2840 2518 2893 in
2552 2839 2839 2894 lateribus
2889 2838 3191 2909 scalpitur.
3244 2838 3372 2890 Mox
3420 2835 3614 2890 soluta
3643 2851 3673 2888 e

2035 2947 2293 2991 carcere,
2325 2935 2562 3000 arrepta
2591 2929 2923 2984 occasione.
2958 2927 3031 2982 ad
3063 2931 3325 2981 montem
3356 2926 3555 2996 fugam
3583 2925 3676 2978 in-

2034 3019 2246 3077 tendit.
2277 3019 2442 3084 Quod
2473 3018 2572 3072 ubi
2605 3033 2926 3090 cognovere
2959 3016 3202 3081 milites,
3237 3014 3490 3069 insecuti
3540 3029 3676 3068 cum

2034 3110 2244 3182 gladiis
2275 3126 2404 3164 eam
2439 3113 2595 3164 sunt.
2633 3111 2705 3163 At
2734 3108 2838 3162 illa
2867 3123 3001 3162 cum
3033 3105 3144 3160 sibi
3193 3104 3426 3159 nullum
3474 3108 3676 3174 patere

2037 3199 2319 3271 effugium
2346 3202 2634 3263 cerneret,
2669 3199 2852 3252 Deum
2886 3197 3090 3260 oravit,
3124 3199 3191 3249 ut
3216 3193 3287 3248 ab
3319 3193 3438 3246 illis
3469 3192 3678 3246 libera-

2037 3294 2238 3344 retur:
2272 3289 2589 3358 statimque
2613 3287 2880 3352 discissa,
2905 3286 3101 3340 divino
3124 3289 3292 3349 nutu,
3322 3287 3488 3353 petra
3508 3281 3674 3336 illam

2035 3377 2284 3448 excepit,
2319 3378 2653 3448 iterumque
2684 3376 2886 3431 clausa
2916 3381 2974 3430 et
3001 3377 3430 3447 coagmentata,
3481 3371 3673 3425 eidem

2032 3467 2250 3539 gratias
2283 3467 2477 3538 agenti
2509 3483 2576 3521 ac
2606 3465 2916 3521 decedenti
2943 3481 3047 3536 pro
3081 3463 3353 3535 sepulcro
3380 3461 3510 3516 fuit.

2587 3736 2827 3790 EODEM
2866 3735 3010 3789 MEN
3018 3734 3118 3787 SE.

2578 3825 2679 3878 Die
2712 3823 2939 3879 decima
2969 3839 3130 3877 nona

2033 3915 2130 3971 51
2169 3916 2451 3970 Certamen
2507 3920 2816 3970 sanctorum
2866 3919 3173 3982 martyrum
3224 3907 3527 3982 Trophimi,
3573 3913 3681 3965 D0-

2494 3986 2830 4056 rymedontis
2861 3991 2912 4039 et
2942 3983 3213 4039 Sabbatii.

2107 4096 2173 4150 Hi
2207 4100 2496 4165 martyres
2528 4095 2886 4165 imperatore
2915 4093 3103 4147 Probo
3137 4092 3500 4147 claruerunt.
3534 4091 3680 4145 Cum

2037 4192 2235 4242 autem
2253 4184 2591 4256 spectacula
2614 4184 2671 4237 in
2686 4183 3076 4254 hippodromo
3090 4182 3418 4236 Antiochia
3442 4179 3677 4235 Pisidia)

2038 4275 2377 4341 ederentur,
2411 4273 2661 4345 ingressi
2694 4272 2987 4326 theatrum
3020 4271 3372 4342 TrOphimus
3394 4269 3681 4324 etSabba—

2037 4365 2176 4431 tius,
2204 4364 2587 4433 videntesque
2621 4362 2793 4416 idolis
2826 4363 3055 4416 Gracos
3081 4361 3679 4429 sacriﬁcare,summo

2039 4454 2242 4510 dolore
2273 4453 2489 4521 affecti,
2522 4453 2614 4506 his
2645 4451 2839 4506 verbis
2871 4452 3056 4506 Deum
3096 4450 3318 4521 precati
3363 4453 3535 4503 sunt:
3574 4448 3675 4515 Da,

2040 4543 2309 4608 Domine,
2344 4540 2679 4596 errantibus
2718 4541 2846 4595 istis
2906 4539 3272 4605 hominibus,
3320 4542 3406 4602 ut,
3451 4536 3677 4590 relictis

261 4628 486 4689 τούτοις
527 4625 848 4681 καταλιπεῖν
906 4625 973 4678 τὰ
1031 4622 1256 4693 εἶ’δωλα,
1315 4625 1404 4680 καὶ
1434 4625 1711 4700 γνωρίζειν
1746 4644 1801 4678 σε
1829 4625 1920 4679 τὸν

2040 4631 2230 4696 idolis,
2257 4633 2581 4702 agnoscant
2603 4634 2657 4683 te
2683 4629 2897 4697 solum,
2911 4628 3185 4694 Deum,et
3200 4624 3572 4698 unigenitum
3591 4624 3678 4678 Fi-

266 4723 441 4795 μόνον
511 4717 668 4788 Θεὸν,
733 4715 826 4771 καὶ
889 4716 981 4770 τὸν
1061 4721 1325 4789 μονογενῆ
1397 4735 1492 4769 σου
1559 4714 1706 4786 Υἱὸν,
1745 4714 1834 4769 καὶ
1863 4714 1924 4769 τὸ

265 4815 496 4882 Πνεῦμα
523 4807 586 4862 τὸ
616 4804 790 4880 ἅγιον.
822 4807 998 4861 Τοῦτο
1054 4801 1112 4859 δὲ
1171 4803 1434 4876 εἰπόντες,
1479 4805 1568 4858 καὶ
1599 4800 1927 4880 γνωσθέντες

261 4896 592 4975 Χριστιανοὶ
651 4896 807 4964 εἶναι,
867 4893 1236 4969 ἐκρατήθησαν
1291 4894 1436 4968 παρὰ
1491 4897 1587 4948 τοῦ
1631 4891 1922 4968 ἄρχοντος.

258 4991 363 5046 Καὶ
426 4990 649 5060 πρῶτον
708 4987 803 5057 μὲν
857 4985 884 5037 ὁ
941 4983 1222 5060 Τρόφιμος
1276 4982 1513 5060 τυφθεὶς,
1581 4983 1668 5037 καί
1725 4982 1924 5052 ξεσθεὶς

256 5074 538 5146 ἐνεϐλήθη
575 5074 650 5136 εἰς
707 5073 980 5150 φυλακήν.
1041 5073 1170 5128 Εἶτα
1229 5071 1380 5146 ἢχθη
1414 5072 1503 5126 καὶ
1535 5072 1563 5126 ὁ
1595 5067 1920 5141 Σαϐϐάτιος,

252 5168 343 5221 καὶ
373 5168 474 5220 τὸν
509 5164 741 5238 Χριστὸν
797 5162 1173 5238 ὁμολογήσας,
1234 5161 1657 5234 βασανιζόμενος
1688 5163 1774 5215 καὶ
1807 5161 1922 5230 E36—

257 5277 425 5328 μενος
458 5250 742 5326 παρέδωκε
774 5252 836 5306 τὸ
866 5255 1096 5322 πνεῦμα.
1141 5250 1287 5304 Μετὰ
1337 5247 1394 5304 δὲ
1441 5253 1606 5304 ταῦτα
1637 5245 1924 5319 ἐκϐληθεὶς

249 5353 348 5414 τῆς
384 5341 641 5421 φυλακῆς
672 5341 701 5394 ὁ
732 5341 1033 5415 Τρόφιμος,
1061 5338 1149 5392 καὶ
1188 5334 1464 5398 ὑποδεθείς
1499 5334 1826 5411 ὑποδήματα
1848 5356 1924 5392 σι·

254 5433 424 5504 δηρᾶ,
458 5429 740 5500 ἀπεστάλη
775 5433 853 5500 τῷ
883 5427 1112 5503 ἄρχοντι
1133 5433 1232 5496 τῆς
1253 5431 1361 5481 τῶν
1397 5425 1650 5481 Συνάδων
1683 5426 1918 5490 πόλεως.

257 5525 361 5580 Καὶ
396 5524 485 5577 ὑπ’
519 5520 731 5576 ἐκείνου
788 5518 1126 5592 τιμωρηθεὶς
1180 5515 1532 5586 ἀπεκλείσθη.
1566 5517 1626 5573 Ὁ
1665 5515 1721 5572 δὲ
1761 5526 1922 5592 Δορυο

262 5610 446 5684 μέδων
478 5609 732 5666 ἀπελθὼν
767 5607 904 5678 πρὸς
954 5606 1047 5662 τὸν
1100 5607 1408 5682 Τρόφιμον,
1443 5603 1647 5680 ἐγένετο
1674 5607 1923 5680 Χριστια-

258 5703 376 5772 νός.
437 5701 539 5759 Καὶ
621 5698 991 5776 γνωσθέντες,
1035 5695 1536 5770 ἀπεκεφαλίστησαν
1596 5695 1917 5776 ἀμφότεροι.

2034 4720 2181 4775 lium
2213 4724 2401 4782 tuum,
2435 4723 2493 4773 et
2525 4722 2795 4773 sanctum
2825 4717 3128 4788 Spiritum.
3163 4716 3296 4770 Haec
3336 4731 3470 4770 cum
3494 4712 3672 4768 dixis-

2035 4807 2410 4879 sent,cogniti
2429 4807 2644 4862 Christi
2660 4805 2916 4860 cultores
2931 4802 3676 4874 esse,comprehenduntur

2034 4915 2068 4953 a
2096 4896 2369 4968 praeside.
2405 4898 2475 4950 Et
2502 4895 2762 4967 primum
2795 4893 3038 4965 quidem
3085 4893 3438 4964 Trephimus
3487 4907 3675 4946 casus

2035 4975 2436 5057 scalptusque,
2469 4985 2529 5038 in
2561 4983 2889 5039 custodiam
2919 4982 3253 5054 conjicitur.
3287 4981 3496 5037 Postea
3537 4999 3671 5037 vero

2034 5076 2356 5148 productus
2388 5079 2446 5128 et
2476 5073 2807 5142 Sabbatius,
2841 5090 2976 5128 cum
3025 5073 3323 5128 Christum
3369 5073 3672 5144 professus

2031 5166 2260 5232 fuisset,
2295 5164 2664 5219 excruciatus
2689 5163 3146 5234 dilaniatusque,
3181 5163 3453 5233 spiritum
3481 5161 3671 5216 tradi-

2031 5255 2135 5310 dit.
2171 5255 2309 5308 Post
2339 5253 2464 5308 hac
2494 5253 2846 5324 Trophimus
2880 5269 2909 5306 e
2942 5268 3176 5306 carcere
3235 5250 3504 5318 eductus,
3556 5249 3671 5304 fer-

2031 5344 2267 5414 reisque
2299 5343 2717 5398 calceamentis
2762 5341 3028 5406 indutus,
3082 5341 3336 5396 mittitur
3384 5340 3456 5395 ad
3507 5339 3671 5394 urbis

2032 5432 2399 5504 Synadorum
2431 5430 2768 5502 prasidem,
2799 5447 2833 5485 a
2864 5447 2979 5501 quo
3013 5431 3189 5485 etiam
3222 5435 3431 5497 tortus,
3475 5433 3667 5483 custo-

2031 5523 2142 5577 dia
2173 5521 2444 5576 traditur.
2466 5519 2627 5575 Adiit
2647 5525 2845 5575 autem
2868 5520 3250 5590 Trophimum
3273 5517 3669 5588 Dorymedon,

2031 5617 2089 5666 et
2147 5628 2214 5665 ex
2273 5610 2401 5682 ejus
2468 5625 2786 5681 congressu
2844 5609 3212 5664 Christianus
3289 5607 3478 5663 factus
3557 5611 3665 5661 est.

2028 5701 2258 5775 Cogniti
2292 5699 2471 5771 igitur
2501 5698 2673 5754 ambo
2710 5696 2985 5755 decollati
3019 5704 3176 5753 sunt.
