4140 6302
437 319 516 380 59
1755 324 2184 390 MENOLOGH
2230 329 2428 390 PARS
2473 331 2521 390 Ι.

2111 461 2167 528 Α

1089 453 1310 513 Eodem
1337 457 1432 513 die

437 579 538 636 52
572 582 859 635 Certamen
917 586 1250 656 sacrosancti
1303 588 1565 654 martyris
1620 589 1900 656 Januarii,
1959 587 2078 656 epi-

733 656 884 722 scopi
915 654 1225 723 Beneventi,
1259 663 1310 710 et
1340 659 1612 712 sociorum
1641 658 1782 728 ejus.

510 840 935 894 Sacrosanctus
965 845 1190 912 martyr
1218 844 1532 898 Januarius
1565 861 1680 900 unn
1723 860 1857 900 cum
1908 845 2085 900 sociis

435 929 804 984 Diocletiano
848 931 1205 1001 imperatore
1236 933 1467 987 claruit.
1504 936 1640 988 Erat
1687 941 1886 989 autem
1918 934 2085 989 urbis

433 1019 750 1073 Beneventi
776 1021 1092 1090 episcopus
1119 1021 1228 1076 :ob
1251 1023 1464 1077 Christi
1489 1040 1623 1080 vero
1651 1024 2086 1079 confessionem

433 1107 496 1163 in
525 1107 760 1164 vincula
795 1109 1060 1165 Puteolis
1090 1127 1198 1166 con
1201 1111 1398 1181 jectus
1428 1112 1556 1178 fuit,
1591 1130 1710 1167 una
1741 1130 1877 1167 cum
1900 1113 2086 1181 Sosio,

431 1197 665 1266 Proclo,
702 1198 1013 1270 Eutychio,
1049 1205 1109 1254 et
1139 1201 1370 1256 Acustio
1406 1201 1696 1257 diaconis.
1748 1202 2090 1256 Timotheus

439 1292 641 1343 autem
674 1287 935 1360 regionis
969 1289 1280 1358 praefectus
1297 1291 1576 1346 Puteolos
1607 1291 1930 1362 profectus,
1957 1307 2094 1346 cum

443 1381 718 1432 sanctum
753 1376 814 1430 in
843 1376 1094 1431 vinculis
1114 1379 1452 1448 reperisset,
1485 1397 1515 1434 e
1535 1396 1770 1434 carcere
1785 1380 2090 1442 eductum,

435 1466 499 1520 in
531 1466 834 1520 caminum
866 1465 1092 1537 injecit.
1128 1465 1240 1522 Sed
1271 1483 1408 1522 cum
1441 1468 1582 1524 inde
1613 1469 1839 1524 illaesus
1857 1474 1915 1522 et
1931 1468 2098 1523 inco-

436 1554 615 1609 lumis
652 1555 952 1622 evasisset,
988 1555 1199 1625 majori
1229 1556 1429 1612 furore
1453 1562 1785 1630 correptus,
1811 1549 2098 1630 pracepit

435 1643 770 1706 lictoribus,
820 1648 887 1698 ut
942 1660 1152 1699 nervos
1210 1645 1430 1715 pedum
1489 1647 1619 1718 ejus
1678 1647 2094 1718 praaciderent.

443 1731 606 1796 Quod
632 1731 907 1802 supplicii
941 1749 1127 1803 genus
1147 1749 1283 1788 cum
1305 1739 1544 1790 sanctus
1568 1735 1803 1789 fortiter
1823 1737 2102 1806 pertulis-

440 1824 549 1886 set,
581 1820 798 1873 iterum
832 1819 892 1874 in
919 1821 1250 1876 custodiam
1301 1823 1639 1893 conjicitur.
1693 1824 1837 1878 Cum
1893 1830 2090 1880 autem
2123 1825 2168 1892 B

439 1911 646 1966 Festus
679 1914 736 1965 et
766 1910 1102 1966 Desiderius
1160 1911 1359 1967 clerici
1418 1931 1488 1970 ex
1543 1915 1689 1970 urbe
1751 1916 2082 1971 Benevento

441 1998 716 2052 visitandi
743 2014 876 2052 eum
899 2015 1076 2054 causa
1091 2001 1411 2068 venissent,
1437 2003 1852 2074 comprehensi
1875 2005 2082 2074 etipsi,

441 2087 695 2142 vinculis
725 2104 846 2143 una
875 2105 1008 2143 cum
1043 2090 1320 2161 episcopo
1357 2097 1414 2146 et
1443 2092 1709 2148 diaconis
1740 2094 1799 2148 in
1848 2110 2084 2149 carcere

443 2177 948 2248 constringuntur.
983 2179 1126 2234 Inde
1158 2180 1374 2249 educti,
1436 2186 1494 2235 et
1533 2181 1607 2236 ad
1656 2181 1875 2238 bestias
1918 2184 2086 2240 dam-

441 2265 586 2334 nati,
619 2282 814 2336 neque
869 2266 940 2321 ab
1000 2267 1072 2322 iis
1130 2268 1276 2336 laesi,
1331 2269 1594 2339 praefecti
1645 2271 1841 2341 jussu,
1893 2273 2085 2344 capite

442 2355 598 2426 plexi
633 2360 790 2411 sunt.

1085 2565 1306 2620 Eodem
1337 2565 1432 2620 die

378 2671 387 2677 ’
443 2683 544 2738 58
569 2682 852 2736 Certamen
873 2687 1189 2754 sanctorum
1211 2689 1425 2754 centum
1448 2685 1495 2737 et
1512 2686 1922 2754 quinquaginta
1937 2701 2082 2739 mar-

589 2760 792 2822 tyrum,
825 2754 955 2822 Nili,
992 2753 1158 2821 Pelei,
1192 2753 1380 2821 Helia,
1411 2761 1462 2809 et
1491 2753 1763 2810 sociorum
1793 2756 1930 2826 ejus.

515 2871 734 2924 Horum
768 2873 1108 2925 sanctorum
1139 2875 1429 2941 martyres
1461 2871 1700 2941 quidem
1747 2877 1984 2926 centum
2016 2888 2086 2928 ex

440 2960 680 3029 [Egypto
705 2959 1004 3029 erant,qui
1032 2975 1167 3013 cum
1189 2959 1511 3013 Christiani
1536 2961 2088 3026 essent,Christum-

440 3047 754 3118 quelibere
773 3046 1266 3118 prmdicarent,ab
1295 3047 1624 3103 idololatris
1646 3049 2086 3122 comprehensi,

440 3138 655 3194 effosso
687 3136 891 3190 dextro
923 3136 1112 3200 oculo,
1141 3137 1526 3208 prmcisisque
1559 3138 1786 3193 sinistri
1811 3139 1977 3210 pedis
1999 3155 2087 3194 ar-

3764 331 3848 393 60

2790 464 2874 540 Τῇ
2904 464 3044 540 αὐτῇ
3075 465 3258 540 ἡμέρᾳ
3591 549 3594 552 ,

2186 549 2491 630 ’Ἀθλησις⁵
2569 557 2667 630 τού
2777 554 2933 629 ἁγίου
2980 621 3003 630 Δ
3043 555 3441 630 ἱερομάρτυρος
3575 549 3847 630 Ἰαννουα-

2259 621 2402 712 ρίου,
2473 623 2775 680 ἐπισκόπου
2825 621 3182 694 Ἑενεϐεντὸῦ,
3249 621 3358 681 ’καῖ’
3421 632 3523 696 τῆς
3599 624 3848 689 συνοδίας

2257 716 2454 752 αυτου.

2260 785 2619 861 Ἰαννουάριος
2660 788 2688 842 ὁ
2725 787 3057 862 ἱερομάρτυς
3120 787 3254 860 μετά
3309 788 3407 856 τῆς
3467 785 3714 850 συνοδίας
3755 788 3848 842 αὖ·

2185 878 2305 946 τοῦ,
2364 875 2430 943 ἦν
2491 875 2579 930 ἐπὶ
2635 875 3030 947 Διοκλητιανοῦ
3085 882 3182 932 τοῦ
3231 876 3516 952 βασιλέως,
3549 876 3848 938 ἐπίσκοπος

2187 963 2478 1040 γενόμενος
2536 972 2639 1034 τῆς
2696 964 2914 1029 πόλεως
2973 963 3311 1024 Βενεϐεντοῦ.
3373 967 3471 1020 Διά
3527 964 3586 1020 δὲ
3638 967 3737 1035 τήν
3771 964 3850 1029 εἷς

2192 1052 2428 1128 Χριστὸν
2492 1051 2798 1129 ὁμολογίαν
2862 1054 2913 1110 ἐν
2985 1053 3208 1128 δεσμοῖς
3273 1056 3563 1130 κατείχετο
3629 1055 3682 1110 ἐν
3748 1060 3850 1109 Πο-

2189 1139 2426 1214 τιόλοις,
2505 1145 2641 1215 μετὰ
2716 1145 2946 1212 Σόσσου,
3023 1145 3301 1217 Πρόκλου,
3384 1143 3682 1220 Εὐτυχίου,
3754 1143 3848 1199 καὶ

2193 1231 2513 1289 Ἀκουστίου
2568 1237 2677 1287 τῶν
2735 1230 3021 1290 διακόνων.
3078 1235 3140 1292 Ὁ
3199 1233 3258 1289 δὲ
3313 1233 3502 1310 ἄρχων
3530 1237 3630 1304 τῆς
3661 1236 3852 1309 χώρας

2194 1321 2484 1394 Τιμόθεος,
2517 1321 2688 1377 ἐλθὼν
2737 1321 2812 1385 εἷς
2863 1322 3186 1396 Ποτιόλους,
3233 1325 3323 1378 καὶ
3369 1325 3540 1400 εὑρὼν
3569 1325 3659 1380 τὸν
3693 1321 3847 1399 ἅγιον

2199 1410 2276 1474 εἷς
2303 1411 2370 1464 τά
2424 1407 2616 1483 δεσμὰ,
2687 1411 2957 1488 ἐξαγαγὼν
3023 1420 3123 1482 τῆς
3191 1411 3462 1492 φυλακῆς,
3493 1409 3740 1469 ἐνέϐαλεν
3774 1411 3852 1473 είς

2199 1500 2453 1572 κάμινον.
2505 1501 2606 1557 Καὶ
2656 1500 2941 1574 ἐξελθόντα
2987 1502 3150 1557 αὐτὸν
3202 1497 3418 1572 ἀϐλαϐῆ
3471 1501 3531 1558 ἐκ
3565 1505 3666 1569 τῆς
3691 1501 3850 1575 καμί·

2200 1610 2293 1644 νου
2326 1589 2674 1664 θεασάμενος,
2737 1590 2948 1665 μᾶλλον
3003 1591 3200 1666 ἐμάνη.
3259 1593 3363 1650 Καὶ
3403 1593 3695 1670 προσέταξε
3731 1597 3853 1655 τοῖς

2204 1675 2451 1751 δημίοις,
2489 1678 2654 1752 κόψαι
2719 1679 2785 1734 τὰ
2850 1683 3009 1755 νεῦρα
3073 1686 3181 1736 τῶν
3247 1679 3431 1737 ποδῶν
3489 1683 3678 1738 αὐτοῦ·
3724 1684 3856 1739 ὑπο·

2210 1768 2365 1841 μεῖνα
2404 1765 2462 1822 δὲ
2501 1769 2587 1822 καὶ
2650 1768 2914 1842 τιμωρίαν
2980 1772 3181 1841 ταύτην
3221 1772 3249 1825 ὁ
3287 1772 3463 1848 ἅγιος,
3529 1771 3694 1827 πάλιν
3757 1774 3856 1829 ἀπ-

2199 1855 2358 1927 εδόθη
2413 1860 2479 1930 τῇ
2531 1856 2772 1932 φυλακῇ.
2828 1856 3112 1922 Ἐλθόντες
3170 1857 3228 1915 δε
3270 1860 3345 1923 είς
3379 1860 3663 1935 ἐπίσκεψιν
3689 1861 3853 1918 αύτοῧ

2193 1945 2253 2001 ἐκ
2281 1941 2601 2000 Βενεϐεντοῢ
2633 1943 2729 2002 δύο
2780 1945 3042 2022 κληρικοὶ
3097 1954 3358 2018 Φαῖστος,
3389 1953 3479 2004 καί
3523 1947 3850 2024 Δεσιδέριος,

2192 2034 2568 2110 ἐκρατήθησαν
2619 2036 2708 2091 καὶ
2773 2035 2948 2092 αὖτοί’
3017 2040 3106 2093 καὶ
3167 2036 3520 2110 συνεδέθησαν
3595 2043 3674 2112 τῷ
3744 2039 3858 2095 ἐπι-

2195 2125 2404 2198 σκόπῳ,
2470 2125 2561 2180 καὶ
2623 2131 2743 2190 τοῖς
2812 2125 3083 2191 διακόνοις
3153 2128 3203 2183 ἐν
3266 2133 3336 2202 τῇ
3405 2127 3644 2207 φυλακῇ.
3711 2131 3850 2186 Εἶτα

2193 2210 2570 2285 ἐκϐληθέντες,
2640 2216 3112 2294 ἐθηριομάχησαν.
3175 2219 3273 2273 Καὶ
3345 2217 3513 2292 μηδὲν
3575 2217 3855 2290 ἀδικηθένο

2189 2327 2297 2376 τες,
2375 2308 2662 2380 προστάξει
2733 2312 2832 2364 τοῦ
2907 2307 3191 2382 ἄρχοντος,
3266 2309 3360 2372 τὰς
3433 2307 3676 2387 κεφαλὰς
3757 2310 3856 2366 ἀπ-

2193 2396 2525 2469 ετμήθησαν.

2775 2560 2860 2632 Tii
2893 2557 3030 2632 αὖτῇ
3063 2559 3248 2634 ἡμέρᾳ

2187 2663 2463 2743 ’Λθλησις
2489 2672 2797 2750 τῶν-ἁγίων
2833 2675 2928 2750 -ρν’
2982 2670 3294 2750 μαρυύρων,
3334 2675 3569 2750 Νείλου,
3599 2673 3854 2746 Πηλὲως,

2545 2745 2728 2813 Ἦλία,
2760 2745 2857 2800 καῖ’
2881 2745 2991 2816 τῆς
3009 2745 3258 2809 συνοδίας
3291 2747 3490 2804 αὐτῶν.

2264 2868 2382 2922 Τῶν
2453 2862 2618 2938 ἁγίων
2691 2863 2899 2919 τούτων
2979 2863 3294 2939 μαρτύρων,
3365 2865 3418 2919 οἱ
3499 2864 3593 2938 μὲν
3663 2863 3854 2920 ἑκατὸν

2194 2955 2446 3030 ἅττ-ἦρχον
2480 2953 2539 3008 ἐκ
2589 2956 2687 3021 τῆς
2742 2951 3044 3028 Αἰγύπτου,
3097 2953 3419 3028 Χριστιανοὶ
3452 2951 3620 3024 ὄντες,
3644 2954 3732 3008 καὶ
3761 2953 3854 3008 τὸν

2193 3043 2423 3119 Χριστὸν
2483 3041 2762 3118 παρρησίᾳ
2817 3040 3204 3113 κηρύττοντες,
3273 3041 3362 3096 διὰ
3420 3048 3582 3098 τοῦτο
3657 3063 3860 3118 κρατη-

2201 3133 2376 3196 θέντες
2444 3132 2589 3207 παρά
2648 3135 2755 3184 τῶν
2825 3127 3266 3207 εἷ’δωλολατρῶν,
3326 3131 3453 3194 τοὺς
3524 3129 3731 3203 δεξιοὺς
3781 3130 3859 3201 ἐξ-

440 3225 640 3280 ticulis
671 3230 726 3278 et
753 3225 970 3290 nervis,
1003 3224 1196 3295 gladio
1226 3225 1580 3280 mutilantur
1607 3244 1618 3282 :
1654 3244 1791 3283 mox
1811 3229 1871 3282 in
1895 3229 2085 3283 cami-

2206 3193 2533 3298 ωρύχθησαν
2562 3218 2902 3296 ὀφθαλμοὺς,
2932 3219 3022 3274 καὶ
3075 3193 3182 3276 τῶν
3217 3193 3513 3296 ἀριστερῶν
3545 3193 3727 3276 ποδῶν
3757 3193 3856 3285 τάς

440 3331 586 3369 num
611 3313 838 3384 injecti,
870 3312 1098 3368 vivendi
1134 3313 1313 3368 finem
1350 3313 1596 3370 faciunt.
1650 3317 2092 3389 Quinquaginta

443 3408 644 3460 autem
671 3403 773 3458 alii
825 3419 896 3456 ex
950 3401 1268 3457 Palaestina
1313 3404 1448 3470 orti,
1501 3409 1744 3476 propter
1791 3404 2091 3462 Christum

443 3491 651 3547 eadem
680 3490 992 3562 supplicia,
1019 3507 1085 3546 ac
1112 3492 1319 3557 socii,a
1333 3493 1592 3564 regionis
1617 3493 1892 3564 praifecto
1908 3496 2090 3566 passi,

440 3581 758 3637 traduntur
777 3580 837 3634 in
864 3597 1162 3636 carcerem
1190 3597 1202 3634 :
1232 3580 1454 3636 deinde
1473 3597 1608 3636 cum
1636 3583 1866 3638 caeteris
1882 3585 2002 3640 reis
2023 3584 2097 3640 ad

442 3671 687 3726 metalla
718 3669 1098 3725 damnantur.
1133 3672 1444 3725 Postremo
1488 3671 1561 3726 ad
1614 3671 1875 3728 tribunal
1929 3673 2097 3730 ducis

441 3759 728 3833 p.0ducti,
761 3776 897 3814 cum
929 3759 1101 3814 modo
1125 3758 1583 3826 hortationibus,
1610 3761 1786 3817 modo
1811 3761 1991 3818 minis
2023 3762 2100 3819 ad

446 3849 785 3922 negandum
813 3849 1203 3917 Christum,et
1229 3849 1687 3904 sacrificandum
1707 3849 1883 3906 idolis
1899 3853 2102 3908 stimu-

444 3940 734 4007 larentur,
769 3953 879 3991 nec
913 3937 986 3991 ad
1017 3937 1075 3991 id
1105 3937 1446 3993 faciendum
1470 3938 1673 3995 induci
1697 3947 1958 4011 possent.
1981 3941 2102 3998 lata

455 4026 752 4082 sententia
781 4030 847 4079 ut
892 4024 1152 4078 ﬂammis
1182 4025 1578 4094 traderentur,
1638 4028 1700 4081 in
1753 4045 2098 4086 succensam

454 4116 755 4187 ingentem
786 4112 1089 4168 fornacem
1140 4113 1364 4184 injecti.
1423 4115 1748 4186 gaudentes
1796 4118 2101 4190 Deumque

454 4204 857 4278 gloriﬁcantes
889 4201 1317 4258 occubuerunt.

2202 3308 2442 3385 ἀγκύλας
2501 3309 2591 3364 σὺν
2641 3315 2759 3372 τοῖς
2817 3309 3030 3383 νεύροις
3091 3309 3196 3365 ὐπὸ
3254 3311 3439 3389 ξίφους
3495 3307 3848 3382 διεκόπησαν,

2204 3401 2335 3458 Εἶτα
2400 3394 2754 3469 ἐκϐληθέντες
2831 3399 2905 3462 εἷς
2978 3401 3231 3473 κάμινον,
3308 3398 3708 3466 ἐτελειώθεσαν.
3788 3401 3857 3459 Οἱ

2205 3488 2263 3545 δὲ
2318 3491 2653 3560 πεντήκοντα
2706 3490 2842 3560 ἦσαν
2901 3487 2961 3546 ἐκ
3003 3497 3104 3560 τῆς
3163 3488 3551 3562 Παλαιστίνης,
3618 3494 3708 3548 καὶ
3767 3491 3859 3548 διὰ

2203 3579 2295 3635 τὸν
2345 3578 2574 3653 Χριστὸν
2603 3580 2670 3633 τὰ
2699 3577 2867 3652 ὅμοια
2894 3584 3011 3642 τοῖς
3062 3577 3260 3645 ἄλλοις
3287 3581 3377 3635 καὶ
3409 3579 3562 3636 αὐτοὶ
3593 3581 3856 3646 παθόντες

2205 3669 2352 3744 παρὰ
2407 3671 2505 3722 τοῦ
2542 3674 2644 3736 τῆς
2699 3669 2890 3743 χώρας
2939 3666 3232 3744 ἄρχοντος,
3291 3669 3721 3742 ἀπεκλείσθησαν
3777 3669 3858 3735 είς

2207 3757 2477 3834 φυλακὴν,
2534 3755 2624 3811 καὶ
2671 3753 3125 3831 κατεδικάσθησαν
3186 3757 3505 3833 ἐργάζεσθαι
3567 3761 3702 3833 μετά
3747 3760 3855 3815 τῶν

2208 3847 2421 3903 λοιπῶν
2489 3841 2792 3900 καταδίκων
2857 3845 2956 3913 τήν
3047 3843 3299 3920 ἐργασίαν
3365 3850 3474 3902 τῶν
3544 3845 3859 3920 μετάλλων.

2207 3940 2460 4012 Ὕστερον
2509 3931 2567 3989 δὲ
2616 3932 2707 3990 καὶ
2765 3933 2919 3990 αὐτοὶ
2976 3933 3378 4010 προσαχθέντες
3431 3939 3510 4007 τῷ
3563 3933 3736 4006 δουκῖ,
3767 3937 3860 3992 καὶ

2209 4045 2344 4080 ποτε
2403 4025 2496 4098 μὶν
2551 4021 2955 4097 παρακλήσεσι,
3010 4025 3143 4078 ποτὶ
3200 4021 3258 4079 δὲ
3313 4023 3567 4087 ἀπειλαῖς
3624 4026 3866 4101 ἀναγκα-

2212 4116 2424 4179 σθέντες
2493 4115 2823 4189 ἀρνήσασθαι
2890 4112 2982 4168 τὸν
3051 4113 3297 4188 Χριστὸν,
3373 4114 3461 4168 καὶ
3530 4115 3682 4169 θῦσαι
3741 4120 3864 4180 τοῖς

2212 4203 2490 4274 εἰδώλοις,
2558 4203 2648 4258 καὶ
2718 4203 2794 4276 μὴ
2861 4203 3183 4274 πεισθέντες,
3240 4203 3340 4272 τὴν
3407 4200 3498 4257 διὰ
3558 4206 3655 4258 τοῦ
3694 4207 3867 4279 πυρὸς

449 4292 716 4368 ἀπόφασιν
750 4287 1013 4360 ἐδέξαντο.
1046 4289 1404 4366 Ἀναφθείσης
1437 4289 1526 4346 οὖν
1559 4291 1792 4365 καμίνου
1843 4294 2112 4370 μεγάλης,
2167 4296 2457 4373 χαίροντες
2510 4293 2600 4348 καὶ
2658 4289 2971 4364 δοξάζοντες
3015 4292 3110 4347 τὸν
3143 4292 3295 4364 Θεὸν,
3327 4290 3580 4363 εἰσῆλθον
3613 4293 3664 4348 έν
3697 4295 3864 4370 αὐτῇ,

447 4382 538 4439 καὶ
571 4379 988 4451 ἐτελειώθησαν.

1012 4469 1251 4526 EODEM
1284 4470 1536 4524 MENSE.

1072 4587 1175 4642 Die
1207 4586 1489 4642 vicesima

451 4705 556 4763 54
611 4707 1062 4760 Com/temoratio
1107 4710 1310 4760 sanctae
1394 4702 1662 4774 martyris
1744 4705 1949 4762 Christi
2005 4707 2103 4763 Su-

1165 4792 1371 4832 sannae.

525 4895 794 4950 Susanna
824 4899 1027 4948 sancta
1067 4899 1294 4964 martyr
1349 4911 1420 4948 ex
1478 4893 1719 4967 regione
1771 4896 2102 4952 Palaestinae

449 4984 582 5049 fuit,
626 4983 950 5038 sacerdotis
1008 4981 1309 5036 idolorum
1365 4983 1608 5038 nomine
1663 4985 1915 5040 Artemii
1979 4986 2105 5042 ﬁlia

451 5071 694 5127 Mortuis
719 5077 914 5126 autem
947 5069 1294 5142 parentibus
1311 5069 1550 5124 verbum
1582 5073 1844 5128 veritatis
1867 5090 1902 5129 a
1922 5075 2102 5130 Silva-

453 5179 530 5218 no
555 5161 899 5232 presbytero
932 5160 1160 5223 edocta,
1195 5159 1542 5230 baptizatur.
1579 5161 1802 5217 Deinde
1852 5164 2102 5235 erogatis

452 5253 514 5308 in
547 5268 838 5323 pauperes
860 5251 984 5306 suis
1006 5249 1708 5316 facultatibus,mundum
1730 5253 2100 5324 relinquens,

455 5342 600 5398 abiit
629 5342 691 5394 in
724 5340 1172 5404 monasterium,
1207 5344 1266 5393 et
1315 5340 1714 5395 monasticum
1762 5342 2101 5398 institutum

457 5430 732 5501 amplexa
763 5434 874 5491 est,
905 5427 1135 5482 virilem
1167 5427 1435 5482 habitum
1469 5427 1685 5496 ferens,
1721 5446 1902 5501 seque
1922 5433 2099 5486 Joan-

455 5537 593 5576 nem
626 5519 975 5583 nominavit,
1001 5533 1074 5572 ne
1108 5534 1140 5572 a
1170 5533 1466 5588 quoquam
1497 5526 1933 5588 agnosceretur.
1957 5524 2099 5576 Cum

457 5616 655 5667 autem
676 5627 781 5680 pro
800 5609 920 5663 viro
939 5607 1278 5677 haberetur,
1304 5607 1650 5664 insimulata
1670 5608 1781 5664 fuit
1801 5627 1834 5666 a
1849 5611 2100 5668 muliere

457 5699 713 5775 quadam
740 5697 961 5754 diaboli
993 5697 1365 5772 suggestione
1397 5705 1714 5772 commota,
1763 5701 1919 5774 quod
1971 5718 2098 5758 rem

2129 4477 2177 4542 D

2760 4470 2943 4529 MHNI
2983 4471 3075 4547 Τᾳ
3117 4471 3302 4549 me.

3005 4586 3064 4644 Κ.

2391 4707 2602 4780 Μνήμη
2671 4710 2770 4774 τῆς
2832 4703 3236 4780 όσιομόίρτυρος
3297 4706 3395 4759 τοῦ
3454 4705 3688 4778 Χριστοῦ

2882 4775 3196 4845 Σωσάννης.

2287 4892 2545 4948 Σωσάννα
2600 4892 2635 4961 ἦ
2689 4891 3042 4964 ὁσιομάρτυς,
3100 4890 3349 4964 ὑπῆρχεν
3403 4888 3464 4945 ἐκ
3516 4897 3620 4960 τῆς
3679 4891 3867 4966 χώρας

2212 4981 2599 5052 Παλαιστίνης,
2635 4981 2878 5054 θυγάτηρ
2928 4979 3116 5053 ἱερέως
3170 4982 3278 5032 τῶν
3329 4975 3598 5044 εἰδώλων,
3635 4979 3865 5052 ὀνόματι

2214 5069 2532 5147 Ἀρτεμίου.
2571 5067 2721 5126 Μετὰ
2761 5066 2818 5122 δὶ
2863 5066 3122 5134 τελευτὴν
3169 5069 3266 5120 τοῦ
3315 5065 3522 5140 πατρὸς
3549 5063 3741 5135 αὐτῆς,
3773 5069 3865 5123 καὶ

2209 5168 2310 5231 τῆς
2368 5160 2627 5234 μητέρος,
2687 5153 3005 5232 διδαχθεῖσα
3077 5154 3168 5208 τὸν
3226 5151 3390 5227 λόγον
3448 5159 3548 5222 τῆς
3604 5152 3864 5224 ἀληθείας

2213 5249 2318 5306 ὑπὸ
2388 5243 2661 5305 Σιλϐανοῢ
2729 5240 3118 5320 πρεσϐυτέρου,
3185 5237 3506 5314 ἐϐαπτίσθη.
3577 5244 3708 5299 Εἶτα
3768 5246 3865 5301 τὸν

2209 5340 2449 5394 πλοῦτον
2509 5336 2676 5407 αὐτῆς
2727 5332 3045 5406 διανείμασα
3099 5337 3216 5397 τοῖς
3273 5338 3548 5408 πτωχοῖς,
3579 5335 3670 5389 καὶ
3701 5355 3866 5391 κατα-

2210 5425 2452 5482 λιποῦσα
2485 5428 2574 5480 τὸν
2627 5426 2852 5498 κόσμον,
2914 5421 3158 5491 ἀπῆλθεν
3221 5422 3295 5484 είς
3358 5424 3742 5499 μοναοτήριον,
3775 5424 3866 5499 καὶ

2207 5518 2399 5595 γέγονε
2461 5517 2704 5590 μοναχὴ,
2764 5505 3215 5588 περιϐαλλομένη
3251 5518 3445 5586 σχῆμα
3475 5498 3741 5588 ἀνδρεῖον,
3777 5498 3866 5570 κοιἶ

2215 5610 2680 5681 μετονομασθεῖσα
2711 5604 2986 5674 Ἰωάννης,
3045 5601 3178 5675 πρὸς
3241 5601 3303 5655 τὸ
3363 5602 3440 5674 μὴ
3481 5603 3864 5678 γνωρίζεσθαι.

2213 5695 2566 5771 Νεμιζομένη
2645 5691 2703 5750 δὶ
2767 5693 2927 5767 ἀνὴρ,
2994 5688 3325 5768 ἐλοιδορήθη
3400 5689 3547 5767 παρὰ
3617 5695 3870 5772 γυναικός
