4140 6302
289 343 354 404 61
1787 356 2286 424 SEPTEMBER.
3667 368 3746 428 62

295 495 438 537 τινος
469 470 914 573 ῦποϐληθεῖσης
947 479 1056 537 sua
1083 486 1182 538 τοῦ
1214 479 1532 555 διαϐουλου,
1563 484 1646 540 ὃτι
1675 485 1743 542 τὰ
1789 485 1975 562 ἀνδρὸς

2095 509 2296 548 secum
2323 493 2662 552 habuisset:
2694 502 2753 553 et
2782 500 3088 572 explorata
3113 503 3149 556 'a
3187 501 3432 573 virgine,
3463 500 3746 557 inventa-

303 565 374 626 εἷς
428 564 598 634 αὐτὴν
658 563 1031 644 διεπράξατοο
1089 572 1179 626 καὶ
1237 573 1583 647 ἐρευνηθεῖσα
1640 575 1786 650 παρὰ
1841 598 1980 649 παρ-

307 658 473 723 θένου,
525 657 621 709 καὶ
685 656 980 732 εὑρεθεῖσα
1043 661 1195 737 φύσει
1247 664 1407 736 γυνὴ,
1437 663 1645 740 ἤσχυνε
1700 666 1798 734 τήν
1858 687 1986 721 κατ-

311 747 531 819 ήγορον.
563 747 710 801 Εἶτα
743 747 1066 804 ἀπελθοῦσα
1125 749 1198 812 εἷς
1250 751 1732 827 Ἐλευθερόπολιν,
1769 751 1857 809 διὰ
1886 756 1983 824 τήν

313 835 500 908 ἀρετήν
560 834 737 902 αὐτῆς
772 880 787 904 ,
876 837 1271 913 ἐχειροτονήθη
1360 841 1462 895 ὑπό
1532 846 1629 896 τοῦ
1680 842 1984 918 ἐπισγοπου

316 920 633 978 διακόνισσα
667 967 681 979 .
743 925 852 982 Καὶ
934 924 1024 981 διὰ
1073 927 1135 982 τὸ
1191 928 1476 1002 κηρύττειν
1533 930 1810 1008 παρρησίᾳ
1891 934 1983 988 τὸν

317 1014 574 1086 Χριστὸν,
613 1012 894 1088 ἐκρατήθη
949 1019 1095 1091 παρᾶ
1151 1021 1248 1072 τοῦ
1307 1019 1608 1094 ἡγεμόνος.
1664 1022 1770 1078 Καὶ
1801 1021 1986 1078 πολλά

320 1103 703 1176 βασανισθεῖσα
739 1145 754 1173 ,
811 1104 904 1159 καὶ
961 1106 1037 1168 εἷς
1094 1106 1344 1182 φυλακὴν
1430 1103 1774 1182 ἐμϐληθεῖσαι
1849 1112 1986 1178 πρὸς

318 1191 520 1266 Κύριου
553 1190 713 1264 ἐξεδή
723 1215 919 1267 μησεν.

924 1288 1001 1358 Τῇ
1035 1283 1169 1359 αὖτῇ
1201 1286 1384 1362 ἡμέρᾳ

315 1367 593 1467 Ἀθληλσιις
723 1375 847 1467 τοῦ³
953 1371 1115 1463 άγίου
1245 1375 1738 1467 μεγαλομάρτυρρς
1811 1448 1823 1467 Ι
1870 1377 1981 1436 Εὔ-

389 1442 655 1519 σταθίου,
759 1442 850 1519 διαὶ
923 1442 1024 1514 τῆς
1075 1442 1344 1519 ’γυναιὶιὸς
1420 1442 1584 1503 αύτόῦ
1643 1442 1977 1519 Θεοπίπης,

385 1514 478 1602 ναὶ
549 1517 662 1568 τῶν
738 1516 942 1570 τέκνων
1029 1514 1206 1572 αὐτῶν
1288 1519 1586 1575 Θεοπῐστου
1669 1521 1759 1576 καὶ
1817 1514 1978 1597 Ἀγάξ

390 1605 542 1640 πιου.

389 1745 449 1801 Ὁ
545 1744 962 1822 μεγαλομάρτυι
1065 1748 1358 1813 Εὐστάθιος
1446 1751 1693 1827 ὑπῆρχεν
1775 1751 1829 1808 ἐν
1906 1756 1975 1827 τῇ

2099 599 2211 654 que
2241 582 2482 651 femina,
2516 603 2794 659 magnum
2853 590 3051 644 attulit
3101 591 3404 646 accusanti
3465 590 3740 646 dedecus.

2091 673 2232 726 Post
2256 673 2382 728 hanc
2415 675 2921 749 Eleutheropolim
2952 679 3326 749 profecta,ob
3360 696 3527 734 suam
3561 680 3737 734 virtu-

2092 763 2211 814 tem
2261 760 2331 816 ab
2365 763 2641 835 episCOpo
2675 764 3011 821 diaconissa
3068 767 3397 822 ordinatur.
3431 769 3569 832 Qua:
3601 783 3737 821 cum

2091 848 2276 906 libere
2317 853 2614 908 Christum
2647 855 3016 925 praedicaret,
3059 862 3330 928 correpta
3369 873 3402 910 a
3432 856 3732 927 prmfecto.

2089 939 2464 1011 multumque
2496 946 2671 1010 torta,
2692 947 2750 998 et
2778 943 2840 998 in
2863 961 3162 1000 carcerem
3181 945 3443 1012 detrusa,
3465 945 3738 1017 migravit

2088 1027 2162 1084 ad
2193 1030 2532 1088 Dominum.

2737 1300 2956 1355 Eodem
2990 1299 3084 1356 die

2085 1385 2502 1461 55MCertamen
2557 1391 2733 1444 sancti
2789 1391 2980 1458 magni
3029 1393 3291 1461 martyris
3344 1391 3647 1456 Eustathii,
3681 1397 3737 1444 et

2155 1458 2470 1583 iheopistes
2524 1463 2712 1515 umoris
2769 1461 2908 1530 ejus,
2961 1458 3312 1533 ﬁliorumque
3368 1463 3644 1533 Theopisti
3682 1469 3734 1518 et

2210 1547 2389 1600 gapu.

2152 1737 2394 1809 Magnus
2435 1744 2663 1811 martyr
2691 1741 3056 1808 Eustathius,
3101 1741 3218 1797 dux
3247 1743 3499 1809 militias,
3531 1745 3729 1799 Romae

315 1835 494 1907 Ρώμῃ
553 1835 939 1911 στρατηλάτης
973 1880 989 1904 ,
1044 1837 1132 1892 ἐπὶ
1179 1845 1444 1914 Τραϊανοῦ
1524 1823 1639 1897 τὸδ’
1681 1823 1973 1916 βασιλέως,

2088 1823 2298 1879 claruit
2321 1827 2448 1897 Traj
2458 1844 2570 1881 ano
2597 1828 2975 1899 imperatore,
3003 1829 3174 1900 eique
3189 1831 3354 1901 prius
3371 1847 3588 1886 nomen
3607 1836 3735 1886 erat

315 1922 623 1997 λεγόμενος
655 1928 752 1997 μὲν
780 1926 943 1988 αὐτὸς
1002 1926 1306 1996 Πλακίδας,
1340 1931 1375 1998 ἡ
1410 1927 1468 1985 δὲ
1496 1932 1626 2006 γυνή
1677 1930 1845 1986 αὐτοῦ
1873 1937 1972 1986 Ta-

313 2017 498 2083 τιανή.
538 2015 638 2067 Διά
670 2012 727 2068 δὲ
755 2015 854 2083 τήν
883 2013 1259 2088 ἐλεημοσύνην
1292 2018 1462 2073 αὐτοῦ
1491 2019 1766 2089 ἠθέλησαν
1795 2020 1822 2074 ὁ
1844 2019 1974 2082 Θεὸς

317 2107 494 2156 σῶσαι
530 2101 718 2170 αὐτόν,
747 2107 1090 2179 Κυνηγοῦντι
1121 2107 1220 2180 γὰρ
1281 2107 1430 2179 αὖτῷ
1491 2107 1656 2184 ἐφάνη
1690 2109 1718 2162 ὁ
1749 2109 1978 2182 Χριστὸς

319 2189 371 2245 ἐν
405 2192 665 2264 σχήματι
693 2189 918 2267 ἐλάφου,
950 2187 1176 2267 ἔχοντος
1235 2193 1322 2248 ἐπὶ
1377 2198 1485 2249 τῶν
1544 2197 1783 2270 κεράτων
1815 2217 1975 2252 σταυ-

318 2280 411 2355 ρὸν
468 2276 766 2351 λάμποντα
824 2280 957 2354 ὑπὲρ
1012 2281 1106 2336 τὸν
1166 2281 1365 2351 ἥλιον·
1423 2283 1513 2337 καὶ
1570 2285 1732 2356 μέσον
1793 2285 1976 2340 εἰκόνα

310 2372 408 2423 τοῦ
468 2370 713 2444 Χριστοῦ
746 2413 760 2426 .
840 2369 940 2426 Καῖ
1028 2368 1221 2440 ἐξῆλθε
1293 2372 1448 2450 φωνὴ
1511 2371 1572 2428 ἐκ
1614 2378 1713 2428 τοῦ
1769 2373 1976 2452 ἐλάφου

312 2453 574 2530 λέγουσα·
609 2462 675 2510 Ὦ
707 2455 973 2528 Πλακίδα,
1002 2458 1056 2514 τί
1117 2481 1183 2532 με
1237 2457 1492 2529 διώκεις;
1541 2459 1649 2535 ἐγώ
1715 2461 1830 2534 εΐμι
1865 2463 1977 2533 Ἰη-

318 2549 444 2607 σοῦς
476 2547 506 2600 ὁ
542 2546 798 2620 Χριστός.
834 2546 1128 2610 Πιστεύσας
1189 2549 1280 2603 οὗν
1333 2549 1499 2621 αὐτῷ,
1529 2550 1620 2604 καὶ
1651 2553 1974 2614 Βαπτισθεὶς

319 2633 406 2688 σὺν
468 2639 542 2708 τῇ
600 2635 863 2710 γυναικὶ,
921 2636 1011 2691 καὶ
1094 2642 1210 2700 τοῖς
1273 2636 1507 2707 τέκνοις,
1555 2639 1646 2693 καὶ
1703 2642 1846 2714 πάσῃ
1901 2644 1970 2714 τῇ

329 2723 489 2795 οἰκίᾳ,
522 2728 786 2780 τοσοῦτον
843 2724 1162 2799 ἐπολεμήθη
1229 2728 1331 2783 ὑπὸ
1385 2733 1483 2783 τοῦ
1513 2723 1797 2800 διαϐόλου,
1829 2729 1971 2785 ὣστε

326 2814 400 2886 μή
435 2813 605 2884 μόνον
639 2813 732 2868 τὸν
769 2813 1009 2869 πλοῦτον
1040 2815 1203 2870 αὐτοῦ
1247 2814 1535 2889 ἀπολέσαι,
1568 2816 1714 2873 ἀλλὰ
1752 2819 1840 2874 καὶ
1873 2821 1971 2889 τὴν

320 2909 552 2978 γυναῖκα
608 2902 973 2977 αἶχμάλωτον
1029 2902 1185 2974 ἰδεῖν,
1243 2906 1332 2960 καὶ
1391 2906 1457 2961 τὰ
1492 2905 1680 2962 παιδία
1741 2910 1841 2964 ὑπὸ
1875 2912 1972 2981 θη-

324 2992 448 3064 ρίων
512 2991 844 3066 ἁρπαγέντα,
903 2992 991 3046 καὶ
1046 2993 1231 3048 ἑαυτὸν
1281 2997 1482 3070 γυμνὸν
1534 2995 1620 3051 ἐπὶ
1679 2996 1828 3068 ξένης
1882 3020 1975 3071 μι-

323 3083 681 3154 σθαρνοῦντα,
729 3078 819 3133 καί
875 3082 1230 3158 τρεφόμενον.
1259 3083 1322 3140 Ὁ
1371 3081 1427 3139 δὲ
1460 3085 1590 3147 Θεὸς
1635 3083 1801 3141 πάλιν
1851 3085 1976 3164 ἐχά-

322 3168 506 3243 pica-ro
539 3169 696 3240 αὗτῷ
732 3169 821 3222 καὶ
873 3171 972 3239 τήν
1003 3175 1247 3243 γυναῖκα,
1305 3173 1392 3227 καὶ
1442 3172 1509 3228 τὰ
1549 3172 1729 3244 τέκνα,
1760 3175 1848 3229 καὶ
1877 3177 1969 3230 τὸν

325 3258 570 3314 πλοῦτον
606 3305 619 3316 .
672 3259 938 3330 Ζητηθεὶς
993 3261 1093 3338 γὰρ
1150 3263 1296 3337 παρᾶ
1342 3266 1438 3318 τοῦ
1498 3263 1766 3338 βασιλέως
1802 3310 1815 3335 ,
1866 3265 1970 3320 άπ-

325 3343 486 3403 έλαῦε
535 3350 600 3403 τὸ
645 3349 910 3422 πρότερον
972 3349 1207 3422 ἀξιώμα.
1265 3351 1404 3410 Εἶτα
1456 3349 1803 3430 διαγνωσθεὴ
1845 3355 1980 3409 εἶναι

322 3438 656 3513 Χριστιανὸς
694 3481 708 3507 ,
773 3433 986 3509 ἐϐλήθη
1075 3439 1154 3501 εἷς
1234 3439 1476 3515 χαλκοῦν
1535 3442 1682 3516 εβούν
1735 3443 1981 3517 ἐκπυρω-

329 3527 501 3596 θέντα,
536 3525 631 3581 σὺν
658 3530 728 3600 τῇ
751 3525 987 3595 κυναικὶ,
1021 3528 1110 3581 καὶ
1139 3533 1255 3591 τοῖς
1283 3529 1510 3604 τέκνοις,
1543 3530 1633 3586 καὶ
1665 3530 1982 3604 ἐτελειώθηο

899 3645 1076 3713 ΜῌΝΙ
1098 3650 1187 3723 Τῼ
1217 3650 1411 3704 arm.

1099 3764 1218 3818 KA’.

332 3848 538 3920 Πνήμη
598 3851 709 3903 τῶν
773 3847 940 3924 ἁγίων
1023 3851 1272 3926 Πατέρων
1335 3853 1495 3924 ἡμῶν
1551 3850 1781 3908 Ἰσακίου
1813 3900 1829 3927 ,
1884 3853 1973 3909 καὶ

615 3934 914 4008 Μελετίου,
943 3936 1250 3993 ἐπισκόπων
1300 3946 1400 4010 τῆς
1440 3939 1686 4017 Κύπρου.

393 4053 460 4108 0i
522 4051 667 4107 δσιοι
719 4053 808 4106 καὶ
872 4055 1127 4128 μακάριοι
1180 4055 1412 4130 Πατέρες
1464 4057 1699 4119 Ἰσάκιος
1728 4057 1820 4112 καὶ
1867 4063 1970 4113 Με-

329 4137 506 4202 λέτιος
558 4140 838 4216 γεγόνασιν
900 4141 1184 4197 ἐπίσκοποι
1231 4145 1331 4212 τῆς
1354 4142 1683 4216 Ἐκκλησίας
1720 4146 1968 4221 Κύπρου,

326 4230 457 4284 κατᾶ
493 4228 704 4293 ἄλλους
751 4232 842 4284 καὶ
901 4230 1107 4296 ἄλλους
1158 4231 1402 4304 καιροὺς.
1458 4233 1522 4291 Ὀ
1583 4234 1676 4306 μὲν
1735 4236 1973 4299 Ἰσάκιος

327 4318 612 4392 πρότερον·
665 4319 694 4371 ὁ
752 4315 810 4372 δὲ
865 4315 1130 4380 Μελέτιος
1181 4317 1428 4396 ὕστερον,
1490 4317 1736 4386 εὐλαϐεῖς
1783 4322 1970 4399 ἀμφό-

323 4428 492 4483 τεροι,
522 4408 743 4462 καὶτοῦ
774 4407 907 4462 Θεοῦ
933 4407 1025 4462 τὸν
1085 4403 1252 4484 φόϐον
1312 4409 1364 4464 ἐν
1415 4411 1629 4473 ἑαυτοῖς
1683 4411 1764 4467 ἀεὶ
1811 4433 1969 4488 περι-

325 4497 575 4571 φέροντες
603 4540 617 4567 ,
664 4495 756 4550 καὶ
937 4497 1315 4574 ἀρχιερωσύνη
1357 4503 1542 4554 καλῶς
1575 4499 1962 4575 ἐμπρέποντες,

2082 1914 2391 1981 Placidus,-
2425 1918 2594 1971 uxori
2628 1935 2766 1973 vero
2788 1919 3047 1974 Tatiana.
3085 1919 3166 1976 Ob
3191 1921 3318 1991 ejus
3349 1926 3547 1976 autem
3575 1921 3733 1977 elec-

2082 2020 2392 2074 mosynam
2418 2005 2602 2060 voluit
2631 2008 2784 2062 Deus
2815 2007 2978 2062 illius
2993 2008 3169 2064 saluti
3202 2010 3531 2067 consulere.
3561 2012 3731 2068 Visus

2084 2097 2173 2147 est
2200 2095 2359 2148 enim
2390 2095 2629 2149 venanti
2662 2097 2966 2152 Eustathio
2999 2098 3269 2152 Christus
3319 2101 3514 2169 specie
3555 2101 3730 2168 cervi,

2081 2181 2238 2236 inter
2262 2199 2487 2238 cornua
2504 2201 2740 2239 crucem
2760 2185 2903 2240 solis
2933 2185 3130 2241 radios
3152 2188 3487 2242 vincentem
3508 2188 3733 2244 haben-

2082 2271 2180 2336 tis,
2215 2275 2274 2324 et
2302 2270 2365 2326 in
2397 2271 2595 2328 medio
2646 2272 2969 2345 imaginem
2999 2275 3212 2330 Christi
3245 2291 3256 2328 :
3290 2275 3627 2348 prodiitque
3663 2295 3734 2332 ex

2081 2377 2251 2416 cervo
2268 2379 2398 2432 vox,
2423 2362 2705 2434 inquiens
2731 2363 3017 2430 :Placide,
3043 2365 3186 2436 quid
3208 2381 3303 2420 me
3323 2367 3732 2438 persequeris?

2081 2451 2197 2522 Ego
2231 2467 2362 2506 sum
2386 2451 2554 2506 Jesus
2593 2451 2882 2511 Christus.
2917 2453 3175 2509 Credens
3206 2455 3405 2526 itaque
3437 2455 3498 2509 in
3530 2455 3722 2524 illum,

2079 2539 2406 2611 baptizatus
2437 2546 2528 2596 est
2551 2557 2671 2596 una
2717 2558 2853 2596 cum
2899 2558 3101 2608 uxore,
3162 2548 3220 2597 et
3277 2543 3438 2611 filiis,
3490 2549 3730 2616 totaque

2081 2629 2295 2684 domo.
2354 2629 2514 2684 Adeo
2571 2630 3096 2686 autemadiabolo
3157 2637 3532 2703 oppugnatus
3588 2633 3724 2699 fuit,

2080 2722 2146 2771 ut
2173 2733 2292 2771 non
2321 2718 2514 2772 solum
2531 2717 2882 2775 facultatum
2905 2736 3148 2775 suarum
3164 2720 3462 2792 jacturam
3479 2722 3723 2791 faceret;

2081 2805 2183 2861 sed
2216 2811 2527 2862 etuxorem
2559 2809 2846 2880 captivam
2872 2809 3030 2878 duci,
3056 2810 3331 2882 ﬁliosque
3355 2827 3389 2865 a
3408 2810 3550 2867 feris
3579 2813 3732 2884 rapi,

2081 2897 2342 2968 seipsum
2393 2903 2590 2953 autem
2638 2900 2866 2954 nudum
2903 2900 2966 2954 in
3025 2906 3180 2955 terra
3229 2901 3445 2971 aliena,
3502 2903 3734 2974 sibique

2081 2989 2451 3044 mercenaria
2481 3005 2661 3060 Opera
2686 2991 2903 3046 victum
2953 3007 3162 3063 parare
3195 2997 3462 3047 coactum
3493 2993 3723 3048 viderit.

2078 3079 2154 3132 At
2180 3078 2334 3133 Deus
2383 3095 2626 3133 uxorem
2657 3079 2711 3134 ei
2743 3085 2802 3135 et
2831 3080 3006 3148 ﬁlios,
3068 3087 3125 3138 et
3181 3081 3414 3137 divitias
3446 3083 3726 3137 restituit.

2084 3167 2375 3233 Quaesitus
2406 3168 2560 3222 enim
2584 3168 2656 3223 ab
2688 3169 3067 3242 imperatore,
3099 3171 3161 3225 in
3191 3171 3445 3243 pristino
3469 3171 3728 3244 dignita—

2087 3254 2163 3310 tis
2192 3255 2377 3326 gradu
2407 3256 2749 3313 collocatur.
2781 3258 2894 3314 Sed
2921 3265 3127 3330 postea
3156 3260 3425 3332 cognitus
3457 3261 3732 3316 Christia-

2086 3360 2200 3399 nus
2233 3361 2382 3412 esse,
2414 3347 2474 3402 in
2507 3364 2738 3403 aeneum
2796 3348 3151 3405 candentem
3208 3351 3415 3406 bovem
3443 3366 3565 3406 una
3593 3367 3729 3406 cum

2086 3448 2288 3503 uxore,
2321 3440 2379 3490 et
2406 3435 2547 3491 ﬁliis
2576 3436 2854 3508 injectus,
2883 3437 3157 3494 decessit.

2649 3647 2890 3701 EODEM
2929 3647 3073 3701 MEN
3079 3647 3161 3700 SE

2581 3765 2683 3820 Die
2709 3765 2992 3819 vicesima
3021 3765 3218 3836 prima

2087 3860 2189 3918 56
2247 3860 2695 3916 Commemoratio
2760 3869 3075 3918 sanctorum
3130 3864 3360 3918 Patrum
3415 3867 3730 3917 nostrorum

2334 3934 2503 3988 Isaciz'
2529 3940 2578 3988 et
2608 3933 2829 4002 Meletii,
2881 3936 3258 4004 episcoporum
3289 3934 3479 4004 Cypri.

2156 4049 2352 4104 Sancti
2384 4050 2662 4122 beatique
2685 4051 2886 4106 Palres
2917 4052 3136 4106 Isacius
3167 4055 3226 4106 et
3242 4051 3509 4106 Meletius
3541 4051 3728 4106 diver-

2080 4139 2161 4194 sis
2188 4139 2557 4210 temporibus
2589 4141 2850 4212 episcopi
2910 4140 3188 4196 Ecclesize
3237 4141 3408 4212 Cypri
3442 4140 3682 4194 fuerunt
3715 4157 3727 4207 ;

2076 4229 2297 4284 Isacius
2330 4229 2569 4298 quidem
2601 4229 2788 4301 prior,
2825 4229 3099 4285 Meletius
3116 4246 3250 4285 vero
3273 4230 3602 4301 posterior:
3627 4228 3731 4284 sed

2075 4319 2203 4390 pari
2234 4324 2434 4374 tamen
2464 4324 2712 4390 uterque
2745 4319 2963 4391 pietate
3004 4319 3236 4375 claruit.
3271 4320 3496 4391 Quippe
3519 4319 3624 4391 qui
3655 4319 3729 4374 ti-

2075 4424 2303 4463 morem
2337 4407 2434 4463 Dei
2479 4424 2714 4479 semper
2771 4425 2972 4463 secum
3017 4408 3524 4476 circumferentes,
3568 4413 3626 4462 et
3668 4407 3729 4461 in

2074 4497 2424 4569 pontificatu
2489 4496 2824 4567 conspicui,
2895 4497 3194 4568 inculpate
3244 4497 3362 4550 Deo
3424 4496 3724 4568 liturgiam

332 4586 634 4658 ἀμέμπτως
686 4588 766 4656 τῷ
819 4589 938 4656 Θεῷ
969 4583 1432 4662 λειτουργοῦντες,
1461 4589 1550 4643 καὶ
1583 4593 1699 4650 τοῖς
1727 4596 1975 4665 πτωχοῖς

2088 4584 2430 4653 offerebant,
2448 4601 2774 4656 omnesque
2791 4601 2927 4640 suas
2952 4585 3262 4640 facultates
3278 4584 3723 4655 promptissimo

331 4677 628 4750 προθύμως
659 4672 1004 4748 διανέμοντες
1049 4677 1221 4752 πάντα
1276 4676 1342 4732 τὰ
1405 4678 1721 4753 ὑπάρχοντα
1772 4680 1979 4750 αὐτοῖς,

323 4767 410 4821 καὶ
451 4766 590 4820 κατᾶ
636 4764 729 4819 τὸν
788 4767 1077 4842 προφήτην
1111 4765 1248 4836 ὅλην
1279 4769 1377 4835 τήν
1409 4769 1620 4844 ἡμέραν
1677 4767 1978 4848 ἐλεοῦντες,

328 4856 417 4910 καὶ
449 4853 785 4923 δανείζοντες
817 4853 882 4908 οὐ
916 4853 1080 4925 μόνον
1112 4855 1202 4909 τὸν
1248 4856 1407 4929 ἄρτον
1459 4855 1658 4926 αὐτῶν,
1688 4856 1835 4912 ἀλλὰ
1888 4858 1977 4913 καὶ

322 4945 411 5000 τὸν
443 4944 582 4998 κατὰ
627 4944 730 5010 τήν
794 4939 1026 5017 διδαχὴν
1088 4943 1276 4998 πιστὸν
1336 4941 1534 5020 λόγον’
1593 4950 1784 5021 χηρῶν
1838 4967 1976 5022 προ-

318 5035 629 5106 ῖστάμενοι,
676 5030 945 5109 ὀρφανοὺς
1005 5032 1384 5107 οἱκτείροντες,
1447 5031 1821 5109 ὀλιγοψόγους
1873 5045 1980 5090 τεα-

320 5122 725 5199 ραμυθούμενοι
760 5165 775 5191 ,
831 5125 953 5183 τοῖς
999 5127 1130 5176 πᾶσι
1185 5123 1252 5177 τὰ
1307 5121 1481 5178 πάντα
1539 5122 1978 5198 γινόμενοι,⁹ίνα

321 5217 523 5273 πάντας
583 5207 960 5282 κερδάνωσιν.
1019 5209 1179 5267 Οὕτω
1234 5208 1291 5266 δέ
1343 5212 1608 5286 βιοῦντες,
1662 5211 1972 5284 ἠξιώθησαν

316 5304 405 5357 καὶ
439 5299 790 5376 χαρίσματος
847 5298 1155 5371 θαυμάτων,
1189 5299 1290 5356 Καὶ
1327 5298 1573 5363 πολλοὺς
1607 5299 1698 5356 καὶ
1732 5298 1822 5356 διὰ
1865 5306 1971 5356 τῶν

320 5393 510 5447 ἷάσεων
572 5389 981 5467 ὠφελήσαντες,
1032 5388 1084 5444 ἐν
1138 5389 1420 5464 βαθυτάτῳ
1476 5393 1640 5464 γήρᾳ.
1688 5391 1824 5446 κατά
1853 5389 1973 5447 δια·

318 5482 542 5560 φόρους,
575 5478 652 5541 ὠς
687 5478 930 5552 εἴρηται,
959 5479 1182 5552 καιροὺς
1239 5478 1292 5533 ἐν
1349 5483 1418 5553 τῇ
1453 5479 1591 5554 αὐτῇ
1619 5483 1688 5554 τῇ
1723 5477 1794 5534 δι’
1824 5478 1974 5543 ἔτους

320 5573 520 5645 ἡμέρᾳ,
565 5568 708 5640 πρὸς
764 5566 861 5621 τὸν
918 5566 1044 5620 Θεὸν
1103 5565 1159 5624 ’ὸν
1228 5566 1288 5623 ἐκ
1353 5569 1584 5648 βρέφους
1637 5571 1971 5640 ποθήσαντες

319 5660 698 5735 ἐθεράπευσαν,
732 5651 890 5727 ἐξεδή
901 5674 1098 5726 μησαν.

2087 4675 2288 4730 animo
2333 4674 2693 4746 pauperibus
2740 4673 3206 4742 distribuebant,
3256 4678 3374 4728 tota
3411 4674 3506 4730 die
3554 4675 3728 4746 juxta

2086 4763 2236 4818 illud
2265 4765 2588 4835 prophetae,
2623 4764 2995 4831 miserentes,
3043 4768 3102 4818 et
3131 4763 3576 4819 commodantes
3606 4781 3728 4819 non

2084 4868 2301 4924 panem
2328 4853 2545 4920 Solum,
2577 4851 2681 4905 sed
2711 4850 2947 4906 ﬁdelem
2980 4852 3156 4908 etiam
3210 4853 3272 4906 in
3303 4852 3568 4908 docendo
3600 4870 3726 4907 ser—

2084 4958 2346 4998 monem.
2370 4941 2688 4996 Viduarum
2714 4957 2917 4996 curam
2963 4942 3264 5014 gerebant,
3298 4943 3594 5014 orphanos
3616 4941 3732 4997 mi-

2085 5031 2488 5089 miseticerdia
2516 5030 3050 5102 prosequebantur,
3099 5033 3372 5104 jacentes
3421 5031 3729 5103 erigebant

2085 5123 2337 5186 animos,
2361 5119 2636 5176 omnibus
2667 5121 2869 5176 omnia
2891 5121 3112 5176 fiebant
3139 5127 3204 5176 ut
3235 5137 3440 5176 omnes
3484 5119 3728 5176 lucrifa-

2083 5217 2302 5268 cerent.
2332 5212 2482 5266 Cum
2513 5211 2691 5284 igitur
2723 5211 2806 5265 sic
2836 5211 3119 5266 vixissent
3170 5211 3595 5267 miraculorum
3627 5211 3727 5265 do-

2083 5317 2228 5357 num
2258 5317 2640 5373 promeruere
2675 5318 2689 5366 ;
2721 5299 3059 5371 multosque
3092 5301 3545 5356 adniirabilibus
3568 5316 3731 5355 cura-

2083 5392 2344 5448 tionibus
2363 5393 2660 5463 juvantes,
2693 5391 2756 5444 in
2781 5407 3014 5446 summa
3046 5397 3348 5447 senectute
3371 5390 3639 5456 diversis,
3664 5395 3730 5444 ut

2079 5483 2287 5550 fertur,
2331 5479 2720 5553 temporibus,
2749 5480 2851 5536 sed
2889 5486 3086 5538 tamen
3121 5482 3328 5538 eodem
3361 5481 3499 5537 anni
3531 5481 3624 5535 die
3656 5480 3728 5537 ad

2079 5575 2284 5642 Deum,
2320 5588 2496 5644 quem
2528 5571 2600 5626 ab
2628 5571 2871 5627 ineunte
2921 5577 3091 5629 aetate
3119 5589 3348 5629 summo
3397 5571 3590 5627 studio
3625 5587 3723 5630 co-

2079 5664 2334 5731 luerant,
2362 5661 2712 5732 migrarunt.
