4140 6302
377 327 454 388 63
1697 321 1868 384 ΜΕΝ
1873 319 2020 383 0L0

2133 320 2137 379 ῗ
2178 322 2379 385 PARS
2424 324 2473 385 Ι.
3713 332 3793 393 64

1025 459 1246 518 Eodem
1278 457 1372 513 die

380 583 476 640 δῖ
517 584 796 636 Certamen
825 582 1004 637 sancti
1032 581 1294 648 martyris
1320 575 1610 640 Theodori,
1643 577 1741 646 qui
1767 577 1827 629 in
1856 575 2028 645 Perge

594 653 941 723 Pamphyliae
970 653 1104 707 urbe
1132 651 1468 719 martyrium
1492 663 1684 719 passus
1714 653 1812 701 est.

453 767 793 822 Theodorus
816 771 1040 837 martyr
1060 765 1275 820 claruit
1304 763 1602 818 Antonino
1624 764 2030 819 Romanorum

381 857 630 925 Caesare,
688 861 823 912 ante
873 860 1143 911 sanctum
1168 853 1561 918 Theodorum,
1614 852 1714 923 qui
1761 857 2027 907 Amasem

377 946 731 1017 martyrium
772 945 971 1011 subiit,
1031 944 1204 999 annis
1237 941 1615 1013 septuaginta
1670 957 1773 995 sex
1828 945 2023 996 natus.

377 1034 648 1089 Militavit
665 1039 863 1088 autem
891 1037 949 1088 et
969 1033 1095 1104 ipse
1128 1033 1189 1086 in
1214 1036 1487 1102 tyronum
1511 1029 1764 1102 legione,
1789 1028 1945 1099 quod
1970 1033 2030 1084 et

378 1128 551 1177 astate
581 1122 899 1189 ﬂorens,et
928 1126 1155 1176 statura
1173 1136 1445 1191 magnus,
1478 1124 1537 1172 et
1564 1118 1757 1172 forma
1778 1117 1897 1172 oris
1927 1134 2027 1173 ve-

379 1217 591 1265 nustus
622 1216 797 1265 esset.
831 1210 943 1265 Sed
973 1227 1107 1265 cum
1137 1209 1313 1264 idolis
1344 1207 1676 1263 sacriﬁcare
1697 1212 2026 1280 cogeretur,

377 1300 647 1372 neglecta
676 1300 938 1353 terrestri
958 1299 1194 1367 militia,
1227 1304 1403 1368 atque
1434 1296 1792 1367 imperatore
1822 1312 2024 1351 corru-

380 1389 565 1460 ptioni
604 1388 1060 1459 obnoxio:Ego,
1119 1387 1333 1458 inquit,
1394 1386 1617 1441 emlesti
1644 1385 1766 1458 regi
1793 1385 2024 1440 Christo

378 1476 677 1548 stipendia
727 1476 897 1544 facio,
935 1493 1005 1531 ex
1037 1493 1153 1547 quo
1182 1475 1510 1546 baptizatus
1569 1491 1730 1540 sum;
1785 1480 2024 1529 terreno

376 1573 574 1623 autem
608 1567 827 1622 servire
885 1566 1045 1621 nolo.
1102 1568 1291 1631 Quare
1349 1571 1656 1635 correptus
1686 1581 1721 1619 a
1748 1563 2023 1635 praeside,

376 1672 685 1727 caasusque
717 1656 780 1710 in
809 1655 1113 1710 fornacem
1144 1654 1430 1726 injicitur.
1462 1653 1573 1707 Sed
1602 1653 1915 1720 cuminde,
1948 1670 2023 1709 ne

373 1744 691 1799 minimum
724 1743 966 1815 quidem
1018 1743 1441 1798 detrimentum
1499 1759 1731 1813 passus,
1762 1743 2018 1810 exiisset,

2059 456 2113 524 Α

2728 459 2817 531 Τῇ
2848 455 2985 532 αὑτῇ
3016 454 3198 531 ἠμὲρφ

2132 614 2416 693 ’Άθλησις
2471 619 2568 671 τοῦ
2624 616 2786 693 ἀγίῗου
2845 618 3123 693 μάρτυρος
3175 616 3460 693 Θεοδώρου
3493 663 3508 690 ,
3578 626 3676 675 τοῦ
3732 621 3787 676 ἐν

2347 686 2526 764 Πέργῃ
2553 694 2654 758 τῆς
2673 686 2684 692 ⁷
2710 686 3041 767 Ηαμφυλίας
3097 686 3567 766 μαρτυρήσαντος.

2203 845 2489 921 Θεόδωρος
2515 850 2543 903 ὁ
2577 851 2783 926 μάρτυς
2832 850 3078 925 ὑπῆρχεν
3136 848 3224 905 ἐπὶ
3283 851 3606 908 ’Λντωνίνου
3640 854 3784 910 Καί-

2132 955 2297 1009 σαρος
2342 937 2647 1011 Ῥωμαίων,
2705 935 3126 1014 προγενέστερος
3158 941 3446 1016 τυγχάνων
3492 945 3589 996 τοῦ
3618 942 3779 1017 άγίου

2131 1022 2436 1098 Θεοδώρου,
2467 1031 2564 1082 τοῦ
2595 1024 2646 1082 ἐν
2682 1027 2945 1101 ’Δμασείᾳ
2978 1031 3443 1104 μαρτυρήσαντος,
3476 1025 3570 1100 ἔτη
3625 1028 3788 1087 ἐϐδο-

2133 1115 2454 1187 μηκονταέξ.
2510 1117 2872 1192 Ἐστρατεύθη
2925 1115 2982 1172 δὲ
3037 1118 3127 1172 καὶ
3157 1117 3320 1181 αὐτὸς
3353 1119 3429 1181 εἷς
3482 1120 3545 1174 τὸ
3602 1122 3785 1197 τάγμα

2128 1207 2236 1258 τῶν
2265 1205 2546 1280 τυρώνων,
2609 1203 2698 1260 διὰ
2744 1215 2807 1261 τὸ
2862 1208 2980 1270 νέος
3037 1209 3196 1277 εἶναι,
3254 1207 3343 1262 καὶ
3400 1209 3498 1277 τήν
3553 1207 3782 1279 ¹ἠλικίαν

2131 1293 2316 1367 μέγας,
2347 1292 2437 1348 καὶ
2466 1293 2529 1348 τὸ
2585 1294 2880 1368 πρόσωπον
2930 1292 3231 1372 εὔμορφος.
3292 1294 3453 1355 Ἀλλ’
3482 1298 3780 1368 ἀναγκαζό-

2130 1401 2290 1453 μενος
2344 1384 2494 1436 θῦσαι
2550 1388 2668 1447 τοῖς
2725 1381 3000 1453 εἰδώλοις,
3058 1388 3473 1460 καταφρονήσας
3501 1393 3600 1456 τῆς
3655 1385 3780 1442 ἐπι-

2126 1467 2278 1545 γείου
2334 1470 2631 1545 στρατίας,
2689 1473 2779 1527 καὶ
2860 1476 2960 1527 τοῦ
3017 1477 3256 1548 φθαρτοῦ
3314 1473 3581 1548 βατιλέως
3614 1519 3629 1545 ,
3685 1477 3776 1532 καὶ

2129 1558 2317 1613 εἱπών·
2354 1562 2496 1636 Ἐγὼ
2532 1566 2613 1634 τῷ
2665 1561 2974 1638 ἐπουρανίῳ
3037 1560 3255 1638 βασιλεῖ
3310 1567 3532 1640 Χριστῷ
3584 1564 3776 1642 ἐστρα-

2125 1648 2345 1718 τεύθην,
2393 1649 2483 1725 ἀφ’
2514 1647 2577 1704 οῦ
2607 1645 2961 1720 ἐϐαπτίσθην,
3017 1654 3105 1705 καὶ
3151 1652 3232 1723 τῷ
3282 1651 3370 1706 ἐπὶ
3407 1660 3514 1727 γῆς
3558 1653 3778 1729 βασιλεῖ

2128 1732 2404 1791 δουλεύειν
2466 1737 2528 1792 οὐ
2612 1737 2775 1794 θέλω·
2857 1740 3130 1813 ἐκρατήθη
3218 1741 3365 1814 παρᾶ
3426 1745 3522 1796 τοῦ
3571 1746 3778 1819 ἄρχον-

375 1849 444 1889 ea
473 1850 568 1888 res
598 1832 820 1889 milites
852 1832 1018 1900 duos,
1043 1833 1341 1887 Socratem
1372 1831 1812 1905 etDionysium,
1844 1832 2020 1887 mira-

2133 1846 2245 1895 τος,
2276 1826 2367 1880 καὶ
2404 1827 2620 1904 τυφθεὶς
2674 1823 2940 1899 ἐνεϐλήθη
3003 1830 3079 1893 εἰς
3119 1829 3368 1903 κάμινον·
3401 1832 3489 1907 καὶ
3552 1830 3776 1903 ἐξῆλθεν

376 1923 495 1978 culi
526 1922 933 1995 magnitudine
973 1921 1275 1988 attonitos,
1318 1921 1393 1977 ad
1432 1920 1612 1976 ﬁdem
1642 1921 1859 1975 Christi
1887 1938 2024 1993 per-

374 2012 592 2066 traxit:
627 2012 947 2082 statimque
987 2011 1178 2082 capite
1235 2010 1497 2065 damnati
1555 2015 1695 2065 sunt
1720 2027 1842 2066 una
1890 2026 2024 2066 cum

375 2100 669 2172 Philippa,
711 2101 899 2155 sancti
930 2099 1221 2155 Theodori
1257 2106 1463 2166 matre,
1500 2116 1631 2170 qum
1679 2100 1855 2171 paulo
1887 2106 2023 2156 ante

379 2189 611 2244 visendi
646 2189 753 2244 ﬂlii
786 2189 981 2244 studio
1013 2194 1271 2244 venerat.
1303 2188 1645 2244 Theodorus
1677 2194 1896 2256 autem,
1927 2206 2022 2245 va-

377 2279 483 2333 riis
504 2279 761 2349 primum
798 2282 1229 2333 tormentorum
1283 2277 1598 2349 generibus
1629 2279 2021 2347 excruciatus,

381 2366 702 2422 novissime
744 2367 803 2421 in
834 2383 1072 2422 crucem
1103 2372 1286 2437 actus,
1316 2367 1379 2421 in
1429 2366 1604 2422 caelos
1633 2366 1801 2423 laetus
1832 2368 2025 2424 evola-

374 2456 477 2511 vit.

1017 2635 1237 2691 Eodem
1277 2636 1371 2690 die

377 2722 479 2781 58
513 2724 794 2796 Certamen
822 2727 1155 2780 sacroscmcti
1207 2726 1470 2795 martyris
1525 2732 1578 2780 et
1607 2726 1845 2796 apostoli
1874 2729 2022 2793 Qua-

515 2795 686 2865 drati,
734 2798 977 2866 episcopi
1004 2798 1317 2866 Magnesia,
1348 2803 1402 2851 et
1429 2795 1701 2852 sociorum
1731 2800 1866 2869 ejus.

448 2999 780 3065 Quadratus
814 3044 827 3070 ,
879 2999 1114 3055 divinus
1162 3007 1560 3074 sacromartyr
1607 3008 1664 3059 et
1720 3005 2021 3076 apostolus

2131 1908 2405 1985 ἀϐλαϐὴς,
2444 1913 2585 1988 μηδέ
2634 1918 2698 1971 τὸ
2752 1918 2922 1992 τυχὸν
2973 1919 3270 1994 σπάραγμα
3328 1918 3497 1995 ἔχων.
3548 1918 3780 1982 Ἰδόντες

2133 1999 2190 2057 δὲ
2219 2001 2379 2057 αὐτὸν
2414 2001 2510 2058 δύο
2555 2009 2905 2080 στρατιῶται,
2967 2008 3268 2078 Σωκράτης
3328 2008 3417 2062 καὶ
3477 2008 3780 2079 Διονύσιος,

2135 2090 2305 2166 μηδὶν
2334 2088 2604 2168 βλαϐέντα
2632 2092 2692 2149 ἐκ
2726 2099 2823 2149 τοῦ
2846 2095 3038 2169 πυρὸς,
3084 2095 3393 2152 ἐπίστευσαν
3425 2103 3507 2171 τῷ
3536 2100 3780 2171 Χριστῷ·

2128 2178 2220 2235 xii
2269 2175 2780 2258 ἀπέκεφαλίσθησαν
2842 2183 2933 2237 σὺν
2980 2187 3051 2250 τῆ
3096 2187 3289 2259 μητέρι
3344 2184 3441 2241 τοῦ
3500 2186 3655 2262 ἁγίου
3683 2207 3782 2241 κα-

2129 2265 2373 2344 λουμένῃ
2408 2271 2501 2343 μὲν
2550 2269 2824 2344 Φιλίππᾳ,
2883 2274 2990 2348 πρὸ
3047 2272 3242 2350 ὀλίγου
3292 2273 3528 2349 ἐλθούσῃ
3562 2275 3638 2338 εἷς
3670 2276 3784 2331 ἐπιδ

2132 2361 2317 2431 σκεψιν
2348 2362 2446 2413 τοῦ
2475 2360 2616 2418 υἱοῦ.
2668 2360 2859 2424 Ἀὐτὸς
2909 2358 2966 2415 δέ
3012 2360 3251 2425 πολλαῖς
3305 2364 3569 2440 πρότερον
3606 2365 3781 2441 βασά-

2130 2467 2244 2508 νοις
2271 2442 2628 2519 ὑποϐληθεὶς.
2662 2449 2879 2526 ὕστερον
2940 2457 3157 2526 σταυρῷ
3209 2454 3610 2529 προσηλωθεὶς,
3643 2455 3783 2530 πρὸς

2124 2533 2387 2611 οὐρανοὺς
2416 2535 2683 2612 ἀνέδραμε
2715 2538 2924 2614 χαίρων
2937 2584 2949 2597 .

2691 2629 2769 2700 Τῇ
2829 2627 2964 2703 αὖτῆ
3013 2630 3199 2705 ἡμέρᾳ

2123 2709 2399 2793 ’Ἄβλησς-
2445 2716 2578 2793 ⁸’τοῦ
2649 2713 2807 2793 ἁγίου
2889 2717 3287 2793 ἱερομάρτυρος
3367 2720 3459 2793 καὶ
3539 2719 3780 2778 ἀποστό-

2196 2780 2301 2838 λου
2335 2780 2639 2866 ,Δῌοδρᾴτου
2673 2780 2707 2854 ,’
2749 2780 3047 2844 ἐπισκόπου
3093 2780 3466 2866 ’Μαγνησίας,
3523 2794 3615 2848 καὶ
3668 2800 3775 2865 τῆς

2199 2851 2446 2918 συνοδίας
2469 2851 2654 2913 αὐτου.

2197 3011 2471 3090 Κόδρατος
2512 3017 2540 3071 ὁ
2600 3022 2746 3082 θεῖος
2806 3021 3142 3095 ἱερομάρτυς
3187 3023 3279 3077 καὶ
3330 3022 3639 3088 ἀπόστολος
3682 3029 3780 3082 τοῦ

374 3087 611 3156 Christi,
645 3089 822 3143 Decio
879 3093 937 3144 et
968 3089 1277 3145 Valeriano
1335 3091 1813 3161 imperatoribus,
1855 3094 2019 3149 urbis

2133 3087 2378 3179 Χριστοῦ,
2412 3105 2659 3180 ὑπῆρχεν
2708 3106 2794 3162 ἐπὶ
2855 3087 3045 3165 λεκίοῦ
3101 3111 3191 3166 καὶ
3242 3111 3635 3189 Οὐαλεριανοῦ,
3665 3120 3775 3172 τῶν

374 3178 684 3248 Magnesiae
717 3178 1028 3248 episcopus
1047 3178 1177 3232 fuit.
1213 3179 1355 3233 Cum
1388 3185 1587 3233 autem
1619 3182 1883 3237 audisset
1908 3184 2018 3237 De-

2133 3178 2424 3266 βασιλέων,
2455 3178 2748 3259 ἐπίσκοπος
2778 3203 2878 3268 τῆς
2926 3197 3143 3263 πόλεως
3201 3178 3535 3276 Μαγνησίας.
3580 3178 3778 3260 ’Ᾰκού-

373 3265 533 3319 cium
593 3265 874 3320 Caesareas
941 3265 1317 3332 commorari,
1376 3267 1676 3338 profectus
1727 3272 2024 3343 Magnesia

374 3353 798 3419 Nicomediam,
821 3359 888 3408 ut
904 3353 1167 3408 inclusos
1190 3355 1526 3411 carceribus
1549 3363 1784 3414 sanctos
1813 3360 2022 3416 invise-

370 3447 482 3509 ret,
510 3459 729 3515 eosque
742 3444 815 3499 ad
831 3444 1205 3499 subeundum
1222 3452 1492 3517 prompto
1508 3449 1705 3503 animo
1726 3467 1832 3521 pro
1854 3453 2018 3507 Chri-

373 3537 461 3588 sto
488 3533 838 3605 martyrium
857 3533 1287 3600 adhortaretur,
1309 3534 1716 3606 deprehensus
1734 3540 1849 3595 fuit
1874 3558 1905 3597 a
1920 3543 2017 3597 Νίσ-

373 3621 658 3677 comedim
670 3622 1026 3694 proconsule
1042 3638 1054 3678 :
1071 3622 1145 3678 ad
1158 3625 1328 3696 cujus
1341 3625 1605 3681 tribunal
1618 3644 1749 3684 cum
1769 3630 2020 3702 reliquis

372 3712 732 3784 martyribus
745 3712 1090 3784 productus,
1109 3729 1244 3768 cum
1261 3714 1489 3785 primus
1510 3716 1636 3789 ipse
1658 3717 2017 3790 imposturas

372 3801 671 3857 idolorum
701 3808 1069 3876 coargueret,
1102 3804 1333 3859 cmteris
1370 3806 1560 3872 caesis,
1593 3812 1770 3880 atque
1799 3810 2017 3868 iterum

371 3890 433 3944 in
464 3906 762 3945 carcerem
793 3891 1073 3957 detrusis,
1106 3893 1433 3949 Cmsaream
1465 3895 1539 3949 ad
1573 3897 1810 3953 Decium
1831 3900 2016 3956 addu-

371 3978 527 4033 citur
550 3995 561 4043 ;
583 3994 618 4032 a
646 3993 762 4048 quo
794 3994 928 4032 cum
959 3979 1126 4032 nulla
1153 3985 1280 4034 arte
1300 3987 1499 4051 posset
1529 3983 1729 4040 induci
1761 3992 1827 4042 ut
1853 3990 2015 4044 Chri-

371 4071 498 4121 tum
530 4066 867 4137 abnegaret,
898 4067 1336 4137 quaestioniper
1363 4071 1523 4125 varia
1553 4077 1847 4132 tormenta
1876 4079 2018 4133 sub-

365 4155 581 4226 jectus,
618 4160 795 4224 atque
814 4153 884 4208 ab
915 4154 1191 4210 omnibus
1215 4154 1409 4212 divino
1441 4157 1731 4217 beneﬁcio
1755 4171 2014 4237 ereptus,

372 4243 612 4297 tandem
646 4242 705 4296 in
735 4243 1037 4298 caminum
1069 4244 1448 4301 vehementer
1473 4264 1788 4307 accensum
1818 4254 2016 4327 injici-

372 4336 488 4387 tur.
523 4330 634 4386 Sed
674 4337 732 4385 et
779 4331 918 4386 inde
950 4332 1267 4388 incolumis
1298 4351 1589 4407 egressus,
1613 4340 1790 4412 jussu
1820 4343 2011 4418 impe-

370 4420 608 4486 ratoris,
643 4421 834 4494 capite
866 4420 1073 4492 plexus
1095 4423 1390 4479 occubuit.

2131 3298 2226 3339 σας
2254 3275 2331 3348 δὲ,
2355 3278 2441 3335 ὅτι
2472 3282 2658 3345 Δέκιος
2718 3280 2990 3361 διατρίϐεἷ
3037 3285 3088 3341 ἐν
3120 3291 3188 3362 τῇ
3220 3275 3382 3345 πόλει
3440 3291 3785 3367 Καισαρείας,

2127 3368 2446 3457 παρεγένετο
2502 3369 2608 3425 ἀπὸ
2666 3374 2977 3449 Μαγνησίας
3048 3375 3122 3439 είς
3179 3376 3549 3452 Νικομήδειαν
3578 3424 3593 3452 ,
3642 3382 3782 3457 πρὸς

2124 3456 2187 3510 τὸ
2237 3455 2624 3532 ἐπισκέψασθαι
2701 3462 2830 3525 τοὺς
2897 3462 2947 3518 ἐν
3031 3469 3151 3530 ταῖς
3226 3467 3494 3542 φυλακαῖς
3568 3455 3791 3546 ἁγίους.-

2128 3547 2619 3622 Ἐπισκεπτόμενος
2651 3547 2709 3606 δὲ
2763 3551 2980 3624 αὐτοὺς,
3030 3554 3121 3609 καὶ
3178 3554 3513 3633 παραλαλῶν
3568 3559 3775 3634 προθό·

2130 3657 2248 3711 μως
2306 3646 2594 3715 μαρτυρεῖν
2657 3642 2787 3718 ὑπὲρ
2844 3647 2941 3698 τοῦ
2991 3648 3254 3720 Χριστοῦ,
3288 3643 3590 3721 διεγνώσθη
3629 3651 3777 3723 παρά

2123 3730 2220 3781 τοῦ
2277 3734 2376 3797 τῆς
2461 3727 2835 3803 Νικομηδείας
2916 3732 3264 3792 ἀνθυπάτου.
3322 3735 3421 3790 Καὶ
3497 3739 3774 3813 παραστάς

2121 3819 2202 3888 τῷ
2258 3817 2531 3892 κριτηρίῳ
2591 3818 2777 3890 αὐτοῦ,
2836 3823 2972 3894 μετὰ
3025 3825 3134 3877 τῶν
3185 3822 3396 3879 λοιπῶν
3460 3828 3771 3902 μαρτύρων,

2123 3908 2343 3979 πρῶτος
2397 3905 2593 3984 ἤλεγξε
2668 3910 2764 3978 τήν
2809 3914 2918 3965 τῶν
2975 3908 3221 3967 εἱὸώλων
3297 3912 3533 3985 πλάνην.
3594 3915 3694 3971 Καὶ
3726 3917 3779 3972 οἱ

2126 3993 2221 4065 μὲν
2272 3990 2436 4049 ἄλλοι
2489 3996 2799 4073 τυφθέντες,
2851 3997 3019 4055 πάλιν
3078 3999 3453 4073 ἐκλείσθησαν·
3499 4003 3658 4067 αὐτὸς
3715 4003 3774 4062 δὲ

2123 4080 2486 4159 παρεπέμφθη
2574 4085 2649 4148 εἰς
2724 4088 3052 4161 Καισάρείαν
3104 4094 3184 4163 τῷ
3242 4091 3412 4165 Δεκίῳ
3446 4137 3459 4148 .
3521 4094 3623 4151 Καὶ
3682 4094 3807 4150 ὑπ”

2122 4168 2330 4226 ἐκείνου
2388 4173 2738 4251 ἀναγκασθεὶς
2801 4179 3134 4255 ἀρνήσασθαι
3190 4181 3281 4236 τὸν
3362 4184 3615 4259 Χριστὸν,
3680 4186 3773 4240 καὶ

2123 4261 2199 4333 μὴ
2266 4264 2524 4336 πεισθεὶς,
2582 4262 2857 4343 διασόροις
2922 4268 3169 4342 βασάνοις
3222 4269 3540 4342 ἐξετασθεὶς,
3589 4273 3680 4328 καὶ
3709 4274 3770 4330 ἐκ

2120 4354 2332 4436 πασῶν,
2386 4357 2519 4408 Θεοῦ
2578 4356 2787 4430 χάριτι,
2848 4356 3044 4432 ῥυθεὶς.
3104 4364 3356 4436 Ὕστερον
3417 4360 3496 4424 εἰς
3545 4359 3773 4436 κάμινον

2044 4416 2090 4482 D
2123 4416 2400 4512 ἐνεϐλήθη
2454 4416 2699 4519 ὶσχυιρῶς
2755 4416 3080 4504 ἐκκαιεῖσαν.
3131 4416 3310 4507 Ἀλλὰ
3337 4449 3428 4505 καὶ
3458 4416 3520 4506 ἐκ
3572 4416 3776 4523 τάύτης

375 4504 629 4610 timeat:
697 4506 952 4580 ἐξελθὼν,
1013 4510 1301 4586 προστάξει
1389 4516 1487 4567 τοῦ
1550 4513 1823 4589 βασιλέως
1857 4562 1872 4589 ,
1936 4524 2037 4594 τήν
2110 4528 2257 4604 ἱερὰν
2312 4504 2485 4587 ἀὐτοῦ
2513 4504 2839 4608 ηάπετμήθη
2906 4534 3149 4610 κεφαλήν
3174 4504 3208 4569 Ῠ·
3265 4537 3355 4594 καὶ
3423 4504 3771 4606 obium—Vir;

365 4594 595 4668 λιιώθη.

1024 4689 1245 4746 Eodem
1275 4689 1369 4746 die

493 4787 497 4790 '
584 4776 683 4833 59
717 4776 1002 4834 Certamen
1054 4782 1231 4836 sancti
1283 4781 1549 4853 martyris
1601 4784 1801 4842 Prisci.

443 4964 681 5019 Priscus
710 4964 928 5020 Christi
950 4971 1164 5038 marty,
1180 4968 1279 5022 Dei
1314 4984 1514 5026 amore
1537 4972 1837 5042 incensus,
1853 4993 2018 5033 sum-

372 5068 587 5123 maque
620 5053 800 5108 divini
820 5053 1099 5125 baptismi
1133 5055 1455 5127 cupiditate
1472 5057 1748 5132 ﬂagrans,
1778 5067 2017 5136 postha-

370 5140 500 5196 bita
522 5141 714 5212 patria
745 5142 1070 5214 impietate,
1104 5145 1473 5202 Christianus
1525 5150 1800 5208 efﬁcitur.
1828 5155 2018 5220 Quare

280 5240 281 5243 ‘
370 5228 546 5303 longe
578 5230 815 5301 lateque
846 5238 1214 5303 pervagatus,
1246 5233 1545 5291 Christum
1574 5237 1760 5295 libere
1792 5244 2017 5314 praedi-

372 5321 562 5389 cabat,
596 5320 1063 5377 Christianorum
1096 5323 1365 5378 omnium
1408 5326 1638 5383 animos
1669 5330 1744 5385 ad
1795 5341 2021 5406 marty-

369 5410 527 5465 rium
542 5409 916 5465 subeundum
939 5411 1298 5479 incendens;
1319 5415 1651 5472 Graecorum
1666 5420 1844 5475 etiam
1869 5423 2019 5478 mul'

373 5505 461 5555 tos
493 5516 528 5554 a
557 5515 618 5553 se
646 5499 966 5555 instructos
994 5506 1052 5554 et
1075 5500 1149 5555 ad
1180 5502 1474 5558 Christum
1496 5522 1812 5564 conversos
1829 5509 2018 5582 bapti-

371 5606 527 5645 zans.
560 5590 698 5654 Qum
729 5605 865 5645 cum
912 5588 1151 5661 faceret,
1186 5590 1259 5646 ab
1293 5592 1623 5650 idololatris
1652 5596 1726 5651 ad
1756 5600 2015 5670 regionis

368 5681 715 5754 praafectum
729 5679 993 5737 defertur
1003 5682 1161 5754 quod
1172 5683 1449 5741 maximis
1469 5684 1579 5743 diis
1593 5689 2019 5749 contumeliam

2726 4713 2810 4786 Tir
2831 4709 2968 4787 αὐτῇ
2985 4709 3168 4789 ἡμέρᾳ

2364 4799 2625 4872 ’Δθλησις
2649 4806 2748 4859 τοῦ
2778 4803 2942 4879 ἁγίου
2975 4803 3249 4882 μάρτυρος
3276 4806 3537 4882 Πρίσκου.

2197 4977 2259 5033 Ὁ
2306 4977 2511 5053 μάρτυς
2540 4984 2637 5034 τοῦ
2695 4984 2936 5056 Χριστοῦ
3001 4981 3260 5056 Πρίσκος,
3307 4983 3397 5039 τὸν
3453 4986 3582 5041 Θεὸν
3640 4987 3776 5064 ἀγα-

2125 5068 2266 5135 πῶν,
2325 5066 2415 5121 καὶ
2453 5068 2516 5123 τὸ
2574 5070 2718 5124 θεῖον
2781 5069 3060 5144 βάπτισμα
3117 5070 3455 5143 ἐπιποθήσας
3515 5074 3775 5132 κατέλιπε

2125 5154 2225 5223 τὴν
2257 5158 2525 5231 πατρικὴν
2585 5153 2853 5231 ἀσέϐειαν,
2906 5158 2997 5214 Λαὶ
3049 5160 3236 5236 γέγονε
3294 5165 3639 5238 Χριστιανός,
3674 5165 3772 5220 Καὶ

2128 5238 2489 5318 διερχόμενος
2521 5250 2799 5322 πανταχοῦ
2836 5245 3099 5323 ἐκήρυττε
3154 5248 3435 5325 παρῥησίᾳ
3486 5251 3580 5307 τὸν
3639 5259 3775 5329 Χρι-

2129 5330 2273 5386 στόν·
2360 5338 2704 5409 θαρσοποιῶν
2789 5336 2883 5408 μὲν
2942 5337 3144 5398 πάντας
3216 5336 3344 5400 τοὺς
3393 5340 3775 5414 Χριστιανοὺς,

2126 5418 2383 5493 καὶπρὸς
2414 5423 2477 5477 τὸ
2530 5422 2825 5498 μαρτύριον
2866 5422 3223 5500 παρακαλῶν,
3272 5426 3520 5492 πολλοὺς
3577 5426 3633 5485 δὲ
3685 5430 3776 5485 καὶ

2126 5516 2234 5566 τῶν
2277 5510 2559 5583 Ἐλλήιων
2614 5518 2902 5585 νουθετῶν,
2937 5516 3021 5569 καὶ
3073 5516 3211 5589 πρὸς
3254 5516 3345 5571 τὸν
3396 5518 3625 5594 Χριστὸν
3657 5519 3774 5575 ἑπι-

2129 5597 2372 5677 στρέφων
2407 5644 2420 5669 ,
2471 5600 2561 5655 καὶ
2623 5602 2921 5676 βαπτίζων.
2980 5601 3138 5659 Οὕτω
3171 5599 3229 5657 δὲ
3252 5608 3449 5679 ποιῶν,
3505 5600 3772 5679 διεϐλήθη

2126 5686 2275 5765 παρὰ
2317 5692 2424 5743 τῶν
2510 5686 2933 5766 ε’ίδωλολατρῶν
2997 5694 3075 5764 τῷ
3136 5698 3239 5763 τῆς
3295 5694 3485 5771 χώρας
3522 5695 3774 5772 ἄρχοντι,
