4132 6328
300 408 385 477 65
1780 404 1926 466 SEP
1940 403 2292 467 TEMBER.

3645 419 3748 490 :66

308 537 525 594 εἶπότον
604 539 745 614 πρὸς
800 536 958 594 αὑτὸν
995 582 1012 610 ,
1061 540 1146 595 ὅτι
1227 538 1357 602 τοὺς
1451 538 1739 616 μεγίστους
1815 535 1959 597 θεοὺς

2084 537 2350 604 inferret,
2383 541 2442 593 et
2468 537 2754 611 neglectis
2784 540 3210 612 imperatorum
3236 545 3555 617 mandatis,
3587 564 3727 606 auc-

306 622 604 702 ἐνυϐρίζει,
661 629 751 683 καὶ
804 633 913 683 τῶν
987 627 1284 704 βασιλικῶν
1342 628 1774 706 προσταγμάτων
1806 646 1970 682 κατα-

306 722 519 795 φρονεῖ,
549 717 646 771 καὶ
691 716 895 780 πάντας
945 719 1220 774 ἀναπείθει
1278 712 1529 774 σέϐεσθαι
1584 718 1673 773 καὶ
1732 736 1971 792 προσκυ-

312 812 421 861 νεῖν
480 806 619 863 Θεὸν
677 805 1111 883 ἐσταυρωμένον.
1145 810 1328 866 Ταῦτα
1386 806 1619 870 ἀκούσας
1676 807 1703 861 δ
1761 803 1970 881 ἅρχων,

307 893 552 972 ὠργίσθη
586 894 864 973 σφοδρῶς·
903 898 992 952 καὶ
1032 898 1168 970 μετὰ
1220 899 1464 972 κραυγῆς
1496 897 1611 951 εἶπε
1662 901 1779 957 τοῖς
1809 914 1972 969 στρα-

305 986 552 1048 τιώταις·
586 988 853 1062 ’Δχθήτω
890 987 1087 1063 τάχιον
1146 989 1174 1042 ὁ
1233 987 1533 1048 κακοποιὸς
1589 987 1849 1062 Πρίσκος,
1880 983 1969 1038 καὶ

306 1074 682 1149 τιμωρείσθω.
751 1077 1048 1151 Κρατηθεὶς
1104 1075 1195 1132 οῦν
1228 1118 1242 1145 ,
1293 1076 1497 1150 ἐτύφθη
1559 1072 1830 1149 σφοδρῶς·
1880 1071 1971 1129 καὶ

308 1166 661 1241 κρεμασθεὴ,
717 1164 903 1237 ὶξὲσθη
962 1165 1058 1228 τὰς
1116 1164 1357 1242 πλευράς
1393 1210 1406 1223 .
1459 1165 1562 1222 Καὶ
1619 1165 1753 1237 μετὰ
1799 1164 1967 1236 ξιφῶν

307 1255 676 1324 κατεκεντήθη
713 1297 728 1311 .
788 1255 886 1310 Καὶ
930 1255 1093 1316 τέλος
1151 1256 1251 1324 τὴν
1306 1253 1549 1332 κεφαλὴν
1610 1252 1967 1326 ἀποτμηθεὶς,

302 1343 441 1417 πρὸς
473 1343 606 1398 Θεὸν
635 1340 788 1414 ἐξεδή
799 1364 992 1416 μησεν.

868 1456 1051 1514 MHNI
1083 1459 1176 1536 Τῼ
1207 1460 1409 1537 ΑΥΤῼ.

1090 1572 1193 1628 KB'

307 1685 580 1759 ’Δθλησις
626 1689 727 1743 τοῦ
784 1687 945 1763 ἁγίου
975 1687 1369 1765 ἱερομάρτυρος
1428 1694 1620 1763 Φωοιᾶ,
1668 1690 1968 1749 ἐπισκόπου

1002 1778 1282 1850 Σινώπης.

374 1894 439 1951 Ὁ
494 1896 594 1949 τοῦ
650 1897 891 1966 Χριστοῦ
943 1895 1273 1970 ἱερομάρτυς
1333 1901 1533 1962 Φωκᾶς
1587 1898 1655 1967 ἦν
1714 1897 1800 1952 ἐπὶ
1860 1904 1961 1969 τῆς
1994 1913 2042 1979 Β

308 1981 592 2059 βασιλείας
644 1987 913 2058 Τραϊανοῦ
945 2026 960 2053 ,
1018 1983 1296 2059 γεννηθεὶς
1350 1984 1441 2040 καὶ
1496 1988 1724 2063 τραφεὶς
1780 1987 1833 2043 ἐν
1869 1994 1963 2042 Σι-

300 2074 464 2146 νώπῃ
507 2075 581 2146 τῇ
629 2071 810 2128 πόλει·
845 2069 1063 2128 παιδίον
1096 2070 1153 2128 δὲ
1186 2072 1452 2149 ὑπάρχων
1483 2070 1703 2146 σδέξατο
1734 2074 1797 2131 ἐκ
1825 2081 1960 2133 Θεοῦ

296 2163 605 2235 ,θαυμάτων
657 2163 997 2238 χαρίσματα·
1060 2163 1152 2219 καὶ
1209 2165 1311 2240 γὰρ
1370 2162 1635 2240 δαίμονας
1689 2166 1962 2241 ἀπήλασε,

290 2250 531 2326 ,νεκροὺς
634 2249 864 2327 ἤγειρε,
963 2253 1052 2307 καὶ
1156 2251 1329 2309 πλοῖα
1427 2252 1805 2311 κινδυνεύοντα
1878 2256 1963 2312 δι-

299 2342 527 2396 έσωσεν.
584 2338 866 2397 Ἀπελθὼν
928 2337 988 2395 δὲ
1043 2341 1150 2419 ἀπὸ
1209 2343 1470 2414 Σινώπης
1526 2343 1605 2406 εἷς
1661 2343 1956 2419 Ἀμάσειαν

293 2421 395 2489 τήν
475 2420 667 2486 πόλιν,
751 2421 818 2475 τὰ
895 2419 1063 2494 ὅμοια
1121 2418 1463 2496 διεπράξατο.
1538 2425 1675 2482 Εἶτα
1730 2421 1959 2502 παρεγέ-

292 2528 414 2563 νετο
474 2508 553 2570 εἷς
633 2509 867 2583 Ἀμισὸν
906 2555 920 2580 ,
978 2511 1474 2587 θαυματουργήσας
1529 2513 1621 2568 καὶ
1675 2513 1809 2587 ἐκεῖ,
1865 2513 1957 2570 καὶ

296 2605 552 2669 πολλοὺς
636 2608 893 2683 στηρίξας
975 2607 1050 2669 εἷς
1131 2610 1230 2677 τήν
1282 2607 1463 2664 πίστιν
1537 2615 1635 2665 τοῦ
1699 2612 1955 2686 Χριστοῦ.

300 2693 437 2765 μετὰ
492 2696 664 2747 ταῦτα
750 2688 1088 2769 ὑποστρέψας
1169 2692 1245 2757 εἲς
1307 2696 1589 2767 Σινώπην,
1665 2696 1959 2762 ἐπίσκοπος

298 2783 473 2852 αὐτῆς
505 2782 938 2858 προχειρίζεται,
970 2784 1060 2839 καὶ
1093 2781 1184 2838 διά
1231 2789 1338 2839 τῶν
1390 2787 1677 2858 θαυμάτων
1709 2788 1958 2851 πολλοὺς

297 2869 406 2919 τῶν
450 2863 742 2935 Ἐλλήνων
780 2865 917 2939 πρὸς
973 2867 1207 2936 Χριστὸν
1274 2865 1596 2944 ἐπιστρέψας
1650 2866 1953 2928 ἐϐάπτισεν.

302 2952 440 3010 Εἶτα
498 2951 749 3025 ἐμηνύθη
814 2950 903 3008 διὰ
956 2961 1274 3030 περιστερᾶς
1326 2957 1425 3025 τήν
1485 2959 1803 3030 μετάστασιν
1861 2960 1954 3015 αὖ·

296 3045 417 3098 τοῦ.
480 3038 614 3097 Εῖδε
658 3042 762 3118 γὰρ
819 3043 936 3097 κατ’
994 3040 1123 3116 ὅναρ
1181 3044 1497 3119 περιστερὰν
1551 3043 1835 3116 ἐλθοῦσαν,
1865 3049 1955 3105 καὶ

294 3130 597 3185 καθίσασαν
659 3129 747 3185 ἐπὶ
801 3137 901 3201 τῆς
956 3129 1203 3208 κεφαλῆς
1254 3132 1419 3189 αὐτοῦ
1453 3175 1469 3203 ,
1524 3135 1615 3190 καὶ
1670 3134 1957 3193 ἐπιδοῦσαν

292 3218 445 3290 αὖτῷ
476 3219 736 3297 στὲορανον
768 3219 857 3274 καὶ
890 3218 1080 3274 εἶπεῖν·
1115 3219 1285 3292 Δέξαι,
1332 3227 1521 3293 Φωκᾶ,
1552 3225 1613 3279 τὸ
1673 3224 1952 3299 σύμϐολον

292 3313 398 3363 τοῦ
427 3309 627 3369 τέλους
657 3328 774 3367 σου.
823 3308 930 3364 Καὶ
965 3310 1102 3381 μετά
1153 3310 1345 3385 μικρὸν
1404 3311 1731 3377 ἀποστείλας
1776 3315 1805 3369 ὁ
1859 3316 1958 3392 βα-

293 3395 487 3460 σιλεὺς
545 3396 836 3471 Τραϊανὸς,
875 3396 1165 3471 ἐκράτησεν
1221 3399 1399 3456 αὐτόν.
1434 3403 1535 3457 Καὶ
1565 3403 1753 3459 πολλά
1782 3405 1957 3478 βασα-

292 3486 451 3548 νίσας
508 3504 776 3561 προτερον
812 3528 827 3542 .
883 3484 1103 3562 ὕστερον
1191 3486 1607 3567 ἀπεκεφάλισεν.
1684 3494 1818 3547 Εἶτα
1867 3492 1956 3548 καὶ

293 3576 435 3650 πυρὶ
465 3570 782 3649 παρέδωκεν
796 3620 811 3633 .

905 3694 987 3765 Τῇ
1017 3690 1157 3763 αὗτῆ
1179 3693 1364 3767 ἡμέρᾳ

412 3818 626 3890 Μνήμη
656 3820 754 3871 τοῦ
782 3814 944 3892 ἆγίου
973 3816 1063 3872 καὶ
1093 3814 1314 3891 ἐνδόξου
1355 3821 1642 3897 προφήτου
1675 3821 1849 3881 ’[ωνᾶ,

375 3935 561 3998 Ἰωνᾶς
597 3935 626 3989 ὁ
659 3929 828 4010 μέγας
893 3934 982 3989 καὶ
1042 3930 1255 4006 ἔνδοξος
1323 3939 1633 4012 προφήτης,
1693 3940 1956 4016 ὑπάρχων

297 4024 496 4094 ἱκτῆς
542 4024 738 4099 χώρας
789 4028 899 4078 τῶν
929 4021 1234 4095 Ἰουδαίων,
1290 4026 1380 4080 καὶ
1438 4029 1805 4104 προσταχθεὶς
1854 4030 1958 4086 ὑπὸ

292 4117 437 4169 Θεοῦ
466 4113 721 4167 ἀπωθεῖν
773 4111 851 4175 εἷς
904 4120 1100 4183 Νινευή
1156 4115 1257 4184 τήν
1325 4114 1511 4186 πόλιν,
1567 4118 1658 4171 καὶ
1705 4119 1956 4195 κηρύξαι,

294 4203 386 4258 ὅτι
445 4199 524 4263 ἔςι
580 4207 729 4277 τρεῖς
778 4203 983 4278 ἡμέραι
1020 4203 1111 4258 καὶ
1170 4206 1366 4274 Νινευὴ
1432 4211 1956 4286 καταστραφήσετᾶι,

292 4292 464 4354 αὐτὸς
499 4292 814 4366 γινώσκων,
870 4290 954 4346 ὅτι
1012 4290 1396 4369 φιλάνθρωπός
1446 4293 1588 4352 ἐστιν
1619 4298 1648 4352 ὁ
1678 4298 1834 4369 Θεὸς,
1864 4299 1956 4354 καὶ

292 4382 654 4456 συγχωρήσει
708 4385 825 4443 τοῖς
885 4381 1213 4451 Νινευῖταις,
1247 4382 1335 4437 ἐὰν
1390 4387 1784 4457 μετανοήσωσι·
1817 4408 1958 4464 παρη

293 4471 537 4531 ακούσας
569 4472 667 4524 τοῦ
716 4473 872 4540 Θεοῦ,
919 4470 1011 4524 καὶ
1070 4465 1230 4533 ἐκϐάς
1291 4471 1366 4534 εἷς
1425 4470 1647 4544 πλοῖον,
1705 4475 1957 4552 ἐπειρᾶτο

295 4564 514 4636 φυγεῖν.
547 4556 729 4615 Ἀλλὰ
759 4563 839 4630 τῷ
893 4561 1273 4635 προστάγματι
1300 4565 1399 4615 τοῦ
1458 4567 1592 4617 Θεοῦ
1631 4563 1958 4639 ἀγριωθεῖσα

2081 632 2174 683 tor
2201 627 2480 683 omnibus
2511 632 2668 683 esset
2694 633 2763 683 ut
2792 630 2976 684 Deum
3007 632 3358 690 cruciﬁxum
3384 637 3654 693 colerent
3674 643 3733 694 et

2081 717 2418 773 adorarent.
2453 716 2848 781 Quamobrem
2880 722 3099 775 exarsit
3126 722 3466 779 vehementi
3499 726 3734 784 iracun-

2082 805 2180 861 dia
2226 805 2560 877 praefectus,
2627 822 2696 859 ac
2750 806 2971 862 milites
3025 807 3350 866 inclamare
3408 814 3604 886 ccepit,
3666 821 3732 871 ut

2080 896 2500 967 quamprinum
2527 895 2866 951 maleﬁcum
2915 898 3185 954 Priscum
3234 901 3556 959 abductum
3610 912 3734 961 tor-

2079 990 2351 1056 querent.
2414 985 2729 1055 Correptus
2792 986 2971 1058 igitur
3027 990 3372 1059 gravissime
3438 994 3724 1052 caeditur:

2079 1075 2295 1132 deinde
2322 1090 2669 1145 suspensus,
2698 1076 2759 1131 in
2788 1077 3075 1135 lateribus
3133 1080 3484 1153 depectitur,
3536 1103 3725 1156 punc-

2078 1167 2304 1236 timque
2334 1163 2692 1236 pugionibus
2722 1166 3098 1226 lancinatur:
3132 1179 3502 1243 postremum
3529 1178 3720 1248 capite

2078 1255 2307 1328 plexus,
2339 1251 2604 1324 migravit
2634 1253 2708 1308 ad
2743 1256 2948 1313 Deum.
3116 1270 3121 1273 ‘

2628 1466 2868 1521 EODEM
2909 1467 3161 1523 MENSE.

2545 1582 2648 1637 Die
2680 1581 2951 1637 vicesima
2983 1582 3245 1639 secunda

2076 1702 2177 1757 ϐο
2196 1703 2478 1756 Certamen
2507 1702 2843 1827 sacrosancstt‘
2891 1700 3155 1770 Martyris
3200 1702 3416 1774 Phoca,
3477 1708 3719 1778 episcopi

2818 1787 3024 1827 mones.
3198 1798 3203 1805 -

2818 1787 3024 1841 inopes.
3198 1798 3203 1805 -

2107 1934 2530 1991 Sacrosanctus
2547 1932 2765 1989 Christi
2778 1936 3004 2003 martyr
3014 1932 3244 1988 Phocas
3263 1933 3323 1990 in
3339 1935 3489 1993 urbe
3503 1937 3720 2009 Sinope

2070 2027 2245 2078 natus
2270 2028 2328 2077 et
2356 2022 2659 2089 educatus,
2683 2021 2933 2093 Trajano
2957 2021 3548 2092 imperante,claruit.
3574 2027 3719 2081 Cum

2071 2118 2268 2169 autem
2299 2112 2493 2168 adhuc
2522 2128 2671 2184 puer
2726 2117 2901 2179 esset,
2948 2111 3174 2168 donum
3223 2113 3651 2171 miraculorum
3684 2134 3721 2173 a

2069 2203 2186 2257 Deo
2213 2202 2472 2273 accepit:
2496 2218 2636 2256 nam
2658 2200 2960 2257 daamones
2985 2201 3223 2273 fugavit,
3242 2208 3508 2261 mortuos
3526 2207 3719 2262 susci-

2067 2293 2229 2360 tavit,
2262 2298 2320 2347 et
2347 2308 2525 2347 naves
2556 2292 2617 2345 in
2651 2290 2908 2346 maximo
2941 2290 3287 2349 discrimine
3318 2296 3542 2366 positas
3591 2305 3714 2353 ser-

2065 2382 2236 2438 vavit.
2270 2381 2574 2436 Profectus
2604 2397 2740 2435 vero
2790 2397 2862 2435 ex
2908 2379 3053 2436 urbe
3107 2381 3325 2454 Sinope
3373 2388 3710 2456 Amaseam,

2068 2476 2243 2541 atque
2272 2469 2411 2525 inde
2435 2468 2956 2535 Amisum,similia
2974 2469 3194 2541 ubique
3215 2472 3487 2547 prodigia
3505 2476 3713 2549 edidit,

2067 2564 2125 2616 et
2154 2560 2213 2614 in
2246 2559 2361 2614 fide
2392 2558 2608 2614 Christi
2639 2558 2843 2629 plures
2873 2559 3267 2615 confirmavit.
3297 2563 3509 2619 Postea
3539 2565 3708 2621 Sino-

2064 2666 2202 2722 pem
2231 2665 2521 2713 reversus,
2554 2648 2824 2719 ejusdem
2849 2648 3016 2702 urbis
3045 2649 3356 2705 ordinatur
3377 2653 3712 2726 episcopus,

2065 2738 2405 2808 multosque
2419 2738 2754 2792 Graecorum
2777 2741 3019 2809 propter
3029 2737 3317 2794 miracula
3328 2740 3402 2795 ad
3418 2741 3715 2799 Christum

2066 2843 2380 2883 conversos
2391 2825 3007 2896 baptizavit.Cognovit
3028 2832 3228 2881 autem
3241 2843 3348 2898 per
3372 2829 3710 2887 columbam

2065 2916 2379 2971 imminere
2413 2914 2524 2969 sibi
2558 2917 2829 2968 mortem.
2868 2913 3035 2969 Visus
3084 2915 3245 2970 enim
3297 2915 3409 2970 sibi
3460 2924 3552 2973 est
3610 2936 3715 2990 per

2065 3006 2328 3078 quietem
2357 3004 2555 3060 videre
2585 3003 2924 3059 columbam
2959 3005 3136 3075 capiti
3170 3022 3274 3060 suo
3326 3006 3710 3078 insidentem,

2065 3112 2218 3166 qua),
2243 3098 2514 3167 porrecta
2539 3093 2651 3148 sibi
2673 3108 2913 3161 corona,
2940 3093 3023 3147 sic
3045 3094 3239 3165 ipsum
3264 3094 3673 3167 alloqueretur
3698 3115 3711 3153 :

2065 3185 2300 3256 Accipe,
2334 3185 2547 3251 Phoca,
2584 3182 2720 3237 finis
2759 3183 2843 3237 tui
2900 3182 3255 3254 symbolum.
3310 3186 3490 3258 Igitur
3533 3188 3711 3258 paulo

1988 3275 2031 3342 C
2069 3278 2203 3346 post
2233 3273 2432 3333 missis
2463 3290 2498 3328 a
2527 3272 2777 3343 Trajano
2806 3272 3163 3342 imperatore
3194 3273 3505 3330 lictoribus
3546 3293 3713 3332 com-

2063 3364 2413 3435 prehensus,
2447 3366 2506 3417 et
2533 3360 2876 3433 gravissime
2906 3360 3165 3431 primum
3198 3366 3407 3431 tortus,
3460 3364 3711 3421 demum

2065 3450 2324 3508 abscisso
2357 3449 2546 3521 capite
2574 3449 2636 3503 in
2666 3448 2864 3522 ignem
2894 3448 3202 3520 conjectus
3234 3455 3339 3506 est.

2712 3652 2934 3708 Eodem
2967 3651 3063 3707 die

2065 3745 2159 3800 6|
2190 3744 2643 3800 Commemoratio
2672 3742 2852 3796 sancti
2881 3746 2935 3795 et
2963 3742 3193 3810 gloriosi
3212 3743 3502 3813 praphetae
3530 3747 3707 3802 Jonaz.

2133 3940 2335 4005 Jonas,
2364 3952 2614 4010 magnus
2647 3940 2706 3991 et
2733 3935 3023 4008 gloriosus
3044 3936 3352 4008 prOpheta,
3381 3954 3452 3994 ex
3471 3942 3710 4014 regione

2063 4029 2402 4085 Judeeorum
2430 4027 2544 4081 fuit
2568 4042 2581 4080 :
2607 4027 2929 4098 jussusque
2948 4041 2983 4081 a
3004 4026 3120 4079 Deo
3144 4025 3207 4080 in
3227 4026 3437 4083 urbem
3460 4031 3708 4088 Niniven

2063 4119 2249 4187 abire,
2281 4122 2341 4172 et
2368 4115 2692 4189 praedicare
2722 4114 2847 4169 fore
2896 4119 2962 4169 ut
3010 4120 3145 4185 post
3200 4115 3463 4172 triduum
3504 4120 3706 4177 Ninive

2064 4207 2526 4275 subverteretur,
2559 4221 2695 4262 cum
2725 4204 2877 4259 bene
2908 4209 3111 4259 nosset
3140 4205 3345 4276 Deum,
3378 4223 3495 4278 qua
3526 4214 3616 4263 est
3643 4210 3707 4265 in

2064 4297 2339 4353 homines
2370 4296 2707 4360 clementia,
2740 4293 2975 4349 veniam
3006 4292 3284 4349 daturum
3335 4297 3626 4366 Ninivitis,
3661 4299 3709 4354 si

2063 4385 2474 4459 paenitentiam
2505 4388 2770 4457 agerent,
2830 4387 3098 4437 recusato
3158 4382 3356 4438 divino
3406 4386 3711 4456 mandato,

2061 4475 2358 4548 navigium
2393 4473 2759 4537 conscendit,
2792 4471 2991 4543 fugam
3022 4471 3340 4527 meditans.
3385 4473 3496 4526 Sed
3547 4491 3710 4531 mare

2061 4565 2259 4620 divina
2278 4563 2578 4619 voluntate
2611 4561 2696 4617 sic
2719 4562 3028 4617 efferatum
3053 4564 3161 4626 est,
3181 4563 3247 4613 ut
3267 4576 3403 4614 eum
3428 4561 3709 4619 devorare

292 4649 329 4718 ἠ
373 4647 648 4717 θάλασσα,
702 4646 893 4717 ἤθελεν
949 4648 1108 4704 αὐτὸν
1167 4656 1470 4708 καταπιεῖν.
1536 4652 1632 4707 Καὶ
1694 4651 1953 4728 βαλόντες

2069 4650 2733 4717 voluerit.Quamobrem
2756 4654 2949 4704 nautae
2972 4664 3078 4717 per
3099 4652 3288 4702 sortes
3311 4649 3709 4720 explorantes,

290 4736 544 4813 κλήρους
579 4737 633 4790 οἱ
662 4739 871 4807 ναῦται,
927 4736 1018 4792 καὶ
1075 4737 1317 4814 γνόντες,
1349 4740 1432 4794 ὅτι
1496 4737 1567 4795 δι’
1623 4741 1782 4797 αὐτὸν
1830 4764 1950 4798 κιν-

293 4824 583 4882 δυνεῦουσι
620 4867 634 4893 ,
694 4819 951 4887 λαϐόντες
1006 4824 1228 4902 ἔρῥιψαν
1297 4826 1349 4883 ἐν
1405 4832 1475 4903 τῇ
1535 4828 1799 4906 θαλάσσῃ·
1858 4833 1949 4887 καὶ

292 4914 432 4986 αότή
495 4915 594 4988 μὶν
651 4910 894 4969 ἔπαυσεν·
980 4914 1140 4971 αὐτὸν
1203 4915 1260 4972 δὲ
1308 4918 1530 4974 κατέπιε
1585 4926 1753 4990 κῆτος
1789 4964 1805 4992 ,
1860 4923 1951 4977 καὶ

294 5007 433 5078 μετᾶ
495 5008 647 5079 τρεῖς
704 5004 915 5080 ἡμέρας
970 5004 1231 5081 ἐξήγαγεν
1260 5006 1337 5069 εἷς
1394 5008 1493 5077 τὴν
1548 5015 1649 5084 γῆν
1708 5005 1949 5083 ἀϐλαϐῆ.

292 5094 393 5151 Καέ
427 5093 556 5149 τότε
587 5092 835 5148 ἀπελθὼν
893 5092 967 5155 εἷς
997 5095 1223 5163 Νινευὴ,
1282 5095 1504 5168 ἐποίησε
1534 5098 1596 5152 τὸ
1626 5099 1952 5177 πρόσταγμα

286 5188 389 5238 τοῦ
422 5186 585 5239 Θεοῦ.
628 5183 762 5237 Εἶτα
813 5181 1151 5259 ὑποστρέψας
1183 5183 1261 5246 εἷς
1315 5185 1413 5253 τήν
1471 5176 1576 5260 γῆν
1638 5188 1803 5243 αὐτοῦ
1859 5191 1947 5246 καὶ

286 5266 634 5344 παραλαϐὼν
693 5272 791 5340 τὴν
849 5268 990 5326 ἰδίαν
1048 5273 1300 5350 μητέρα,
1360 5273 1602 5343 ἀπῆλθεν
1662 5276 1738 5341 είς
1794 5279 1947 5352 ξένην

294 5361 489 5436 χώραν
523 5378 538 5392 ·
600 5358 868 5433 αἷσχύνην
918 5359 1018 5436 γὰρ
1077 5363 1198 5437 εἶχε
1251 5362 1314 5417 τὸ
1369 5369 1639 5418 κατοικεῖν
1707 5364 1784 5427 εἷς
1846 5368 1949 5438 τὴν

292 5448 440 5506 ἰδίαν
470 5456 597 5525 γῆν,
632 5446 722 5504 διὰ
770 5449 834 5504 τὸ
891 5452 1187 5523 ψευσθῆναι
1243 5452 1341 5520 τήν
1394 5454 1727 5530 προφητείαν
1760 5456 1946 5514 αὐτοῦ.

285 5538 354 5596 ὀ
445 5540 549 5615 γὰρ
627 5537 757 5601 Θεὸς
831 5535 1040 5609 ἠλέησε
1117 5539 1246 5603 τοὺς
1329 5538 1613 5606 Νινευΐτας
1682 5548 1944 5619 μετανοῆ-

292 5648 505 5690 σαντας.
560 5625 958 5706 Προφητεῦσας
1012 5624 1069 5684 δὲ
1122 5629 1214 5686 καὶ
1270 5626 1416 5687 ἄλλα
1461 5630 1671 5705 πολλὰ,
1733 5634 1948 5694 ἐτελεύ-

286 5735 448 5791 τησε.

2064 4742 2227 4798 illius
2258 4757 2437 4796 causa
2467 4740 2529 4792 in
2556 4742 2719 4793 tanto
2753 4753 2814 4791 se
2846 4736 3063 4791 versari
3098 4735 3307 4792 salutis
3339 4737 3709 4812 discrimine,

2062 4836 2365 4902 arreptum
2380 4827 2746 4900 praecipitem
2768 4826 2829 4879 in
2844 4840 3006 4879 mare
3029 4825 3362 4881 exturbant.
3398 4829 3468 4882 Et
3494 4829 3710 4887 fluctus

2063 4919 2305 4990 quidem
2336 4917 2518 4972 maris
2549 4915 2747 4970 statim
2780 4914 3125 4969 detumuere
3155 4933 3169 4982 ;
3201 4915 3415 4972 Jonam
3446 4935 3580 4974 vero
3612 4938 3710 4976 ce-

2066 5012 2158 5063 tus
2192 5006 2526 5062 devoravit:
2564 5003 2732 5058 tertio
2774 5008 2974 5058 autem
3023 5009 3157 5074 post
3203 5004 3319 5070 die,
3367 5007 3429 5061 in
3489 5013 3708 5065 terram

2064 5097 2322 5152 illaesum
2348 5094 2636 5165 exposuit.
2666 5094 2827 5147 Tunc
2858 5092 3039 5163 igitur
3094 5090 3393 5164 profectus
3438 5097 3707 5167 Niniven,

2060 5190 2425 5259 praeceptum
2457 5183 2557 5238 Dei
2591 5181 2872 5253 implevit.
2905 5182 3034 5235 Mox
3078 5181 3139 5235 in
3192 5183 3493 5255 regionem
3540 5203 3706 5243 suam

2059 5291 2384 5349 regressus,
2420 5272 2673 5329 abducta
2702 5276 2889 5326 matre
2939 5270 3197 5325 alienam
3246 5277 3465 5328 terram
3514 5276 3704 5346 petiit,

2059 5381 2195 5419 cum
2226 5380 2361 5420 eum
2395 5362 2642 5435 puderet
2672 5360 2734 5414 in
2765 5359 2956 5431 patria
2988 5375 3094 5414 sua
3124 5362 3365 5429 versari,
3392 5363 3549 5433 quod
3571 5365 3709 5418 vati-

2058 5454 2284 5509 cinium
2314 5468 2488 5508 suum
2516 5450 2733 5506 falsum
2761 5449 2992 5504 fuisset.
3028 5453 3170 5502 Nam
3198 5449 3352 5505 Deus
3409 5453 3705 5522 paeniten-

2059 5543 2207 5599 tium
2237 5541 2627 5598 Ninivitarum
2658 5538 2938 5594 misertus
2960 5541 3051 5593 est
3092 5539 3359 5610 Cumque
3380 5541 3569 5596 multa
3589 5542 3706 5597 alia

2055 5632 2489 5705 prophetasset,
2525 5627 2799 5684 decessit.
