4140 6302
438 379 518 444 67
1755 366 2197 438 MENOLoau
2233 367 2433 433 mas
2478 369 2526 433 1.
3751 388 3826 452 δε

1086 509 1306 565 Eodem
1337 508 1435 564 die
2113 501 2168 568 Α

2113 501 2168 568 Α
2789 509 2870 580 Τῇ
2904 507 3040 582 αὖτῇ
3071 510 3253 584 ἡμέρᾳ

439 633 539 687 02
565 632 1015 706 Commemoratio
1045 633 1224 706 sancti
1251 633 1423 706 .10an.
1471 631 1654 699 patris
1712 627 2002 694 Theodori,
2034 639 2074 682 et

2193 615 2402 689 Μνήμη
2433 621 2528 672 τοῦ
2562 619 2714 706 ὁσίου
2741 692 2752 706 Ι
2773 621 2930 679 Ἰωνᾶ
2955 627 3083 706 -τοῦ
3143 625 3383 706 ῐξατέρος
3435 627 3710 706 Θεοδώρου
3742 636 3820 690 καὶ

883 703 1230 773 TheOphanis
1262 692 1647 771 confessorum.
1990 692 1996 694 ί

1990 692 1996 694 ⁷
2583 692 2882 765 Θεοφάνους
2914 700 3018 749 τῶν
3055 692 3423 772 ὁμολογητῶν
3436 744 3447 757 .

513 881 828 952 Presbyter
857 881 970 935 fuit
996 881 1092 935 hic
1111 881 1312 948 Jonas,
1337 880 1554 951 pietate
1581 884 1640 934 et
1660 877 1930 933 doctrina
1952 874 2092 930 insi-

2266 865 2636 946 Ηρεσϐότερος
2665 873 2732 942 ἦν
2761 874 2919 937 οὗτος
2969 876 2998 930 6
3057 878 3260 947 Ἰωνᾶς,
3321 875 3558 949 εὐλαϐὴς
3589 882 3675 936 καὶ
3708 903 3833 936 συν-

444 970 596 1042 gnis,
621 974 791 1041 pater
812 975 1010 1025 autem
1027 970 1317 1024 Theodori
1344 968 1676 1024 beatissimi
1701 964 2079 1031 confessoris,

2201 959 2310 1021 ετὸς
2345 1003 2358 1026 ,
2413 962 2592 1037 πατὴρ
2654 962 2941 1040 Θεοδώρου
2999 971 3097 1021 τοῦ
3162 973 3578 1043 μακαριωτάτου
3635 970 3836 1044 ὁμολο-

444 1075 511 1114 ac
533 1058 906 1130 Theophanis
937 1075 1234 1115 canonum
1258 1059 1591 1130 scriptoris:
1615 1057 1796 1119 illius,
1822 1057 2079 1126 inquam,

2198 1053 2392 1123 γητοῦ,
2460 1051 2551 1106 καὶ
2615 1055 2922 1130 Θεοφάνους
2974 1060 3071 1110 τοῦ
3124 1063 3362 1129 ποιητοῦ
3419 1065 3527 1114 τῶν
3582 1061 3833 1117 κανόνωνσ

445 1146 757 1214 Theodori,
791 1147 963 1218 cujus
987 1147 1200 1203 faciem
1233 1152 1564 1203 atramento
1597 1146 1833 1214 inussit,
1869 1149 1928 1198 et
1956 1143 2080 1198 vul-

2202 1135 2478 1214 Θεοδώρου
2509 1139 2732 1215 ἐκείνου,
2766 1142 2977 1207 οὕτινος
3020 1145 3082 1201 τὸ
3135 1147 3429 1223 πρόσωπον
3473 1148 3560 1205 διὰ
3609 1149 3837 1224 μέλανος

443 1237 674 1291 neravit
696 1237 808 1291 Leo
831 1237 1172 1292 Caballinus
1196 1237 1718 1306 iconomachus,eo
1743 1234 1900 1306 quod
1922 1233 2078 1288 illunc

2205 1226 2481 1304 ἐπέγραψε,
2530 1232 2621 1287 καὶ
2677 1235 3029 1306 κατεκέντησε
3086 1239 3234 1292 Λὲων
3261 1239 3290 1292 6
3322 1234 3650 1308 Καϐαλῖνος,
3685 1240 3840 1296 Εἰκο-

447 1326 732 1380 inducere
766 1341 886 1380 non
907 1327 1201 1397 potuisset
1221 1333 1289 1382 ut
1309 1327 1534 1382 cultum
1563 1325 2082 1392 adorationemque

2202 1319 2442 1392 νομάχος
2474 1317 2570 1392 ὥν,
2605 1319 2696 1376 διὰ
2722 1324 2785 1377 τὸ
2819 1324 2895 1395 μῆ
2942 1329 3125 1380 πεῖσαι
3177 1327 3339 1381 αὐτὸν
3383 1329 3712 1402 ἀρνήσασθαι
3742 1331 3837 1399 τὴν

448 1420 788 1470 sanctarum
821 1415 1058 1483 Christi,
1091 1420 1150 1471 et
1181 1417 1332 1487 ejus,
1367 1432 1497 1486 quae
1525 1415 1652 1470 sine
1674 1413 1902 1470 semine
1921 1412 2083 1466 illum

2205 1407 2561 1481 προσκύνησιν
2593 1410 2682 1464 καὶ
2736 1412 2799 1466 τὸ
2831 1408 2989 1474 σέϐας
3016 1418 3125 1469 τῶν
3183 1416 3356 1490 ἁγίων
3415 1416 3666 1486 εἲκόνων,
3691 1421 3840 1473 τοῦτα

450 1506 674 1578 genuit,
709 1506 996 1577 Deiparae,
1028 1507 1418 1577 omniumque
1440 1510 1780 1562 sanctorum
1804 1504 1933 1576 ejus
1955 1504 2085 1558 ima-

2204 1497 2438 1569 Χριστοῦ
2467 1497 2556 1552 καὶ
2603 1505 2704 1569 τῆς
2752 1501 3006 1576 ἀσπόρως
3037 1503 3302 1575 τεκούσης
3352 1505 3518 1561 αὐτὸν
3561 1506 3839 1578 Θεοτόκου,

448 1594 653 1666 ginum
675 1594 1016 1666 abnegaret.
1037 1596 1139 1649 Hic
1164 1595 1342 1666 igitur
1364 1601 1605 1649 sanctus
1623 1595 1822 1660 Jonas,
1845 1593 2083 1647 remissc

2208 1585 2284 1639 ιιαὶ
2344 1590 2450 1639 τῶν
2509 1589 2674 1663 ἁγίων
2734 1590 2902 1645 αὐτοῦ
2957 1593 3194 1651 πάντων.
3257 1593 3584 1650 Καταλιπὼν
3643 1595 3843 1651 οὖντὸν

449 1683 630 1739 rebus
662 1685 864 1740 saeculi
896 1685 1128 1754 nuntio,
1161 1685 1223 1738 in
1249 1685 1477 1739 lauram
1510 1684 1698 1738 sancti
1754 1682 1917 1737 Sabaa
1967 1697 2084 1736 sese

2209 1674 2404 1746 κόσμον
2439 1677 2466 1730 ὁ
2498 1676 2682 1751 ῥηθεὶς
2741 1678 2891 1742 ὅσιος
2951 1681 3162 1750 Ἰωνᾶς,
3219 1684 3310 1737 καὶ
3363 1684 3616 1740 ἀπελθὼν
3652 1685 3727 1748 εἰς
3752 1687 3844 1754 τήν

447 1773 695 1844 recepit,
730 1779 789 1828 et
816 1774 1146 1829 monachus
1177 1773 1369 1828 factus
1401 1779 1522 1828 est:
1567 1778 1850 1842 tantoque
1899 1771 2082 1825 studic

2209 1767 2294 1816 τοῦ
2326 1763 2480 1839 ἁγίου
2537 1761 2687 1820 Σάϐα
2743 1765 2967 1843 λαῦραν,
3003 1769 3209 1845 ἐγένετο
3266 1773 3531 1849 μοναχός.
3568 1774 3671 1829 Καὶ
3722 1794 3844 1828 τοσ-

451 1863 1002 1935 seipsumjejuniis,
1037 1863 1432 1927 orationibus,
1466 1862 1768 1934 perpetuis
1790 1861 2086 1933 lacrymis,

2213 1851 2366 1921 ιύτην
2426 1851 2649 1925 ἄσκησιν
2710 1855 3034 1928 ἐπεδείξατο,
3092 1861 3403 1933 νηστεύων,
3465 1864 3848 1938 προσευχόμε-

451 1957 510 2007 et
538 1952 682 2008 ﬂetu
708 1953 990 2021 exercuit,
1023 1957 1088 2008 ut
1117 1969 1253 2008 cum
1286 1968 1494 2007 omnes
1527 1952 1590 2006 in
1621 1952 1712 2006 sui
1744 1950 2086 2006 admiratio-

2210 1961 2316 2010 νος,
2372 1942 2453 1996 ἀεὶ
2510 1941 2778 2017 δακρύων,
2836 1948 3073 2019 θρηνῶν,
3129 1950 3313 2004 ἑαυτὸν
3376 1948 3710 2020 δαπανίζων,
3776 1952 3845 2014 ὡς

450 2057 590 2095 nem
615 2041 1021 2112 pertraxisset,
1045 2041 1250 2096 multis
1268 2041 1652 2112 cupiditatem
1674 2038 2085 2112 injiceretimi-

2215 2029 2310 2085 ὕπὸ
2353 2030 2567 2086 πάντων
2623 2035 3008 2106 θαυμάζεσθαι,
3066 2040 3154 2093 καὶ
3222 2038 3472 2102 πολλοὺς
3534 2040 3850 2110 σπουδαζειν

450 2129 618 2186 tandi
651 2136 912 2185 exactam
947 2130 1134 2202 ipsius
1191 2130 1475 2201 omnique
1523 2130 1735 2184 virtute
1784 2128 2085 2199 praeditam

2214 2125 2486 2192 μιμεῖσθαι
2515 2121 2608 2176 τὸν
2651 2119 3034 2198 ἡκριϐωμένον
3087 2129 3177 2181 καὶ
3231 2127 3480 2202 ἐνάρετον
3518 2130 3639 2206 βίον
3669 2130 3849 2187 αὐτοῦ.

454 2218 1055 2284 vitam.Quamobrem
1070 2219 1290 2273 donum
1315 2219 1692 2274 curationum
1715 2217 1963 2288 accepit,
1980 2232 2089 2286 quo

2218 2205 2448 2278 Εδέξατο
2499 2209 2556 2264 δὲ
2598 2211 2686 2265 καὶ
2737 2212 3050 2287 χαρίσματα
3101 2216 3366 2288 ἰαμάτων,
3417 2216 3487 2272 δι’
3520 2205 3618 2274 νῶν
3655 2219 3853 2296 ὠφέλει

452 2308 872 2364 accedentibus
905 2309 977 2364 ad
1011 2326 1071 2363 se
1104 2309 1343 2380 profuit.
1373 2311 1518 2364 Cum
1576 2313 1775 2363 autem
1826 2308 1984 2361 hunc
2033 2306 2087 2370 in

2217 2296 2325 2360 τοὺς
2371 2299 2856 2374 προσερχομένους
2913 2304 3080 2376 αὐτῷ.
3139 2305 3297 2362 Οὕτω
3355 2305 3412 2360 δὲ
3474 2309 3703 2382 βιώσας,
3761 2307 3852 2362 καὶ

449 2397 694 2451 modum
725 2396 981 2465 vixisset,
1034 2397 1429 2469 omnibusque
1478 2396 1862 2453 admirandus
1914 2411 2084 2467 appa-

2218 2386 2508 2458 Ιαυμαστὸς
2537 2393 2656 2451 τοῖς
2712 2393 2843 2444 πᾶσι
2905 2393 3110 2467 φανεὶς,
3171 2395 3306 2470 πρὸς
3351 2396 3442 2449 τὸν
3505 2397 3641 2451 Θεὸν
3675 2395 3853 2468 ἐξεδή-

449 2487 691 2554 ruisset,
723 2485 797 2542 ad
829 2488 1014 2542 Deum
1044 2487 1335 2560 migravit.

2203 2495 2278 2546 μη
2287 2495 2394 2532 σεν.
3037 2529 3039 2534 .

1001 2603 1241 2658 EODEM
1282 2603 1535 2658 MENSE.

2749 2598 2927 2650 MHNI
2972 2602 3060 2675 Τςι
3100 2600 3296 2677 ΑΥΤῼ.

962 2724 1064 2778 Die
1094 2723 1374 2779 vicesima
1403 2723 1579 2778 tertia
2973 2713 3075 2769 Kl"

443 2841 542 2898 08
577 2842 866 2912 Conceptio
896 2846 1098 2899 sanctae
1132 2840 1384 2907 Elisabet,
1416 2839 1635 2909 quando
1659 2837 1907 2909 concepit
1930 2853 2078 2894 sanc-

2217 2839 2258 2888 Η
2300 2832 2590 2912 σύλληψις⁵
2622 2841 2722 2906 τῆς
2744 2908 2755 2912 _
2778 2834 2934 2912 ἁγίας
2973 2833 3281 2912 Ἐλᾲισάϐετ,
3332 2839 3420 2895 ὅτε
3465 2837 3735 2897 συνέλαϐε
3763 2840 3852 2896 τὸν

875 2918 991 2966 tum
1018 2913 1288 2966 Joannem
1319 2907 1644 2982 Baptistam.
1813 2907 1833 2909 ⁷
2502 2907 2509 2909 “

2502 2907 2509 2909 ⁷
2556 2908 2706 2981 ἅγιον
2744 2907 2998 2980 Ἰωάννην
3029 2910 3121 2966 τὸν
3154 2907 3487 2981 Βαπτιστήν.

508 3092 840 3161 Zacharias,
874 3090 1164 3162 propheta
1195 3095 1253 3144 et
1281 3095 1451 3160 pater
1496 3090 1742 3145 Joannis
1789 3089 2085 3160 Baptistaa,

2264 3081 2562 3159 Ζαχαρίας,
2594 3087 2942 3162 ὸπροφήτης
3000 3088 3090 3160 καὶ
3141 3091 3323 3166 πατὴρ
3380 3088 3478 3144 τοῦ
3535 3092 3855 3148 Βαπτιστοῦ

437 3178 713 3234 sacerdos
745 3180 846 3233 Dei
876 3178 1006 3233 fuit.
1033 3179 1340 3251 Ingressus
1363 3183 1561 3233 autem
1593 3177 1914 3248 aliquando
1937 3182 2072 3231 tem-

2218 3175 2469 3240 [ωάννου,
2529 3173 2774 3249 ὑπῆρχεν
2834 3177 3008 3251 ἱερεῦς
3065 3181 3161 3232 τοῦ
3214 3183 3369 3237 Θεοῦ.
3430 3181 3533 3235 Καὶ
3588 3181 3853 3246 εἰσελθών

435 3267 621 3338 plum,
653 3274 719 3321 ut
746 3268 880 3321 thus
912 3266 1198 3335 adoleret,
1232 3266 1526 3321 stantibus
1575 3271 1740 3321 extra
1786 3265 2070 3336 templum

2218 3282 2323 3316 ποτε
2349 3261 2400 3316 ἐν
2433 3267 2512 3334 τῷ
2563 3267 2698 3335 ναῷ,
2755 3268 2852 3319 τοῦ
2912 3267 3191 3337 θυμιάσαι,
3249 3267 3338 3322 καὶ
3397 3273 3503 3323 τῶν
3559 3268 3853 3327 Ἰουδαίων

433 3355 671 3422 Judaeis,
707 3373 844 3411 cum
864 3355 1108 3410 vidisset
1131 3355 1463 3410 Gabrielem
1490 3355 1767 3426 angelum
1796 3355 1896 3409 Dei
1924 3359 2056 3410 stan

2223 3352 2439 3406 στώτων
2497 3349 2620 3422 ἔξω,
2678 3350 2787 3409 εἶδε
2837 3350 3083 3430 Γαϐριὴλ
3140 3357 3231 3410 τὸν
3290 3354 3520 3433 ἄγγελον
3553 3364 3656 3414 τοῦ
3718 3363 3858 3416 Θεοῦ

430 3450 552 3499 tem
583 3461 617 3500 a
647 3444 868 3499 dextris
901 3444 1103 3499 altaris
1135 3444 1559 3516 thymiamatis,
1586 3443 1934 3515 perterritus
1967 3449 2065 3498 est.

2228 3439 2476 3513 ττάμενον
2522 3441 2581 3496 ἐκ
2611 3439 2799 3513 δεξιῶν
2834 3447 2932 3498 τοῦ
2962 3445 3349 3519 θυσιαστηρίου
3406 3453 3508 3501 τοῦ
3563 3451 3863 3522 θυμιάμα-

431 3533 691 3605 Angelus
722 3550 856 3588 vero
886 3533 980 3587 his
1013 3549 1148 3587 eum
1171 3533 1366 3587 verbis
1394 3532 1808 3603 compellavit:
1842 3554 1871 3582 «
1905 3534 1984 3587 Ne
2008 3532 2066 3586 ti-

2229 3549 2304 3596 ος,
2355 3531 2444 3584 καὶ
2504 3526 2775 3608 ἐφοϐήθη.
2840 3533 2946 3587 Καὶ
3003 3531 3132 3588 ἰδὼν
3188 3535 3347 3590 αὐτὸν
3393 3533 3713 3612 ὁᾶγγελος,
3777 3537 3864 3593 δτι

434 3645 462 3674 ‹‹
496 3639 680 3691 meas,
713 3623 1024 3679 Zacharia:
1061 3623 1334 3678 exaudita
1360 3628 1450 3678 est
1480 3623 1638 3678 enim
1666 3623 1854 3678 oratio
1879 3627 2000 3688 tua,
2023 3627 2069 3676 el

2229 3619 2490 3693 εαράχθη,
2543 3622 2660 3675 εἷπε
2715 3621 2852 3696 πρὸς
2915 3620 3097 3678 αὐτόν·
3159 3625 3252 3692 Μὴ
3313 3620 3525 3701 φοϐοῦ,
3581 3628 3864 3702 Ζαχαρία,

433 3734 462 3763 ‹‹
487 3729 635 3769 uxor
666 3713 1038 3769 tuaElisabet
1057 3713 1248 3784 pariet
1276 3713 1379 3768 tibi
1405 3713 1620 3779 filium,
1647 3717 1704 3768 et
1722 3714 1957 3768 vocabis
1974 3730 2068 3768 no-

2227 3709 2328 3762 ιότι
2385 3708 2713 3780 εἰσηκούσθη
2775 3712 2810 3779 ἡ
2871 3707 3055 3780 δέησίς
3107 3733 3224 3770 σου.
3299 3715 3391 3768 Καὶ
3455 3716 3490 3783 ἠ
3551 3719 3692 3789 γυνή
3758 3738 3860 3772 σου

431 3825 459 3853 ‹‹
479 3819 617 3858 men
632 3804 681 3875 ej
693 3819 760 3858 us
770 3804 1146 3872 Joannem,et
1166 3804 1279 3858 erit
1292 3803 1395 3857 tibi
1409 3802 1689 3874 gaudium
1705 3802 2066 3858 etexultatio

2228 3792 2478 3854 Βλισάϐετ
2562 3800 2808 3872 γεννήσει
2897 3819 2981 3854 σοι
3071 3802 3186 3854 υἱὸν
3225 3845 3238 3871 ,
3296 3802 3386 3856 καὶ
3473 3802 3733 3866 καλέσεις
3800 3805 3863 3860 τὸ

445 3914 466 3940 ι
493 3897 552 3946 et
570 3892 743 3946 multi
765 3892 827 3946 in
848 3891 1152 3946 nativitate
1175 3892 1302 3960 ejus
1333 3891 1694 3961 gaudebunt.
1719 3911 1749 3944 ››
1771 3891 2080 3946 Zacharias

2229 3908 2366 3959 νομα
2415 3887 2579 3943 αὐτοῦ
2661 3889 2962 3959 Ἰωάννην.
3018 3889 3121 3946 Καὶ
3181 3888 3326 3945 ἔσται
3385 3892 3532 3966 χαρά
3592 3913 3706 3964 σοι,
3770 3894 3864 3948 καὶ

434 3983 655 4043 autem,
687 3994 822 4032 cum
855 3993 916 4032 se
947 3983 1007 4031 et
1035 3994 1279 4032 uxorem
1311 3995 1478 4033 suam
1511 3979 1573 4032 in
1618 3984 1790 4035 aetate
1845 3996 2069 4050 proces-

2231 3975 2558 4049 γαλλίασις·
2619 3977 2708 4031 καὶ
2765 3977 2972 4033 πολλοὶ
3055 3978 3145 4033 ἐπὶ
3223 3984 3291 4048 τῇ
3357 3988 3599 4055 γεννῆσει
3691 3983 3866 4038 αὐτοῦ

435 4068 582 4121 sisse
598 4071 895 4120 cerneret:
916 4087 939 4117 ‹ι
957 4066 1623 4135 Quomodo,inquit,hoc
1637 4067 2070 4134 mihi,Domine,

2226 4065 2573 4137 λαιρήσονται.
2623 4065 2686 4120 Ὀ
2740 4063 2798 4119 δὲ
2855 4066 3150 4141 Ζαχαρίας,
3202 4066 3362 4131 εἰδὼς
3413 4068 3495 4124 ὅτι
3555 4070 3725 4132 αὐτὸς
3763 4073 3861 4142 μὶν

432 4177 460 4205 ‹‹
477 4154 606 4208 ﬁeri
630 4153 890 4224 poterit?
903 4153 1004 4207 Cui
1025 4155 1250 4222 angelus
1265 4170 1282 4206 .·
1295 4155 1409 4225 Ego
1424 4169 1555 4208 sum
1571 4154 1934 4224 Gabriel,qui
1952 4161 2067 4210 astc

2230 4173 2302 4206 nt
2346 4154 2554 4226 γέρων,
2612 4153 2647 4222 ἡ
2704 4150 2761 4208 δὲ
2815 4156 2951 4230 γυνὴ
3011 4157 3178 4210 αὐτοῦ
3229 4162 3419 4231 γραῦς,
3479 4161 3616 4213 sine‘
3664 4160 3865 4233 Κύριε,

437 4264 457 4292 ι
485 4258 689 4297 coram
713 4242 849 4311 Deo,
875 4241 1214 4312 missusque
1239 4247 1466 4308 sum,ut
1487 4242 1612 4296 haac
1639 4242 1744 4296 tibi
1769 4244 2072 4300 annuntia-

2234 4244 2307 4302 ὦς
2339 4237 2487 4295 ἔσται
2547 4263 2642 4312 μοι
2696 4247 2896 4312 τοῦτο,
2959 4245 3055 4299 Καὶ
3118 4245 3382 4320 ἀπεκρίθη
3437 4257 3574 4322 πρὸς
3630 4247 3804 4304 αὐτὸν
3836 4250 3866 4304 ὁ

429 4345 630 4386 «rem:
658 4334 716 4385 et
737 4330 1016 4397 ecce,eris
1038 4335 1460 4400 mutus,neque
1477 4331 1640 4402 prius
1655 4330 1820 4401 loqui,
1833 4332 2064 4403 poteris

2232 4326 2447 4404 γγελος,
2489 4329 2580 4384 καὶ
2636 4332 2804 4386 εἶπενο
2862 4333 3009 4407 Ἐγώ
3068 4334 3182 4407 εἰμι
3238 4330 3482 4410 Γαϐριὴλ
3516 4337 3867 4410 ὁπαρεστη-

427 4442 455 4470 ‹‹
481 4436 659 4492 quam
685 4425 861 4476 natus
883 4419 988 4474 tibi
1011 4419 1192 4474 fuerit
1222 4419 1380 4473 filius
1402 4420 1444 4472 ³.
1480 4441 1509 4468 ››
1529 4420 1858 4490 Statimque
1887 4420 2062 4477 factu:

2232 4419 2300 4482 ὼς
2356 4417 2583 4474 ἐνώπιον
2632 4424 2729 4476 τοῦ
2787 4427 2921 4478 Θεοῦ
2957 4465 2970 4480 .
3056 4424 3155 4478 Καὶ
3241 4425 3550 4494 ἀπεστάλην
3623 4426 3867 4503 εὐαγγε-

427 4515 518 4565 est
547 4510 763 4567 surdus
795 4515 853 4564 et
882 4514 1103 4576 mutus,
1137 4507 1333 4579 quoad
1364 4511 1538 4564 natus
1570 4513 1661 4565 est
1687 4510 1967 4564 Joannes.

2234 4508 2441 4562 ίσασθαί
2499 4530 2586 4563 σοι
2648 4514 2916 4564 τοιαῦταο
2993 4512 3083 4567 καὶ
3161 4510 3279 4568 ἰδοὺ
3333 4511 3427 4583 ἕση
3487 4520 3719 4570 σιωπῶν
3767 4515 3867 4572 καὶ

431 4599 507 4669 μή
543 4595 841 4670 δυνάμενος
891 4596 1183 4667 Λαλεῆσαι,
1241 4591 1346 4658 ἕως
1404 4595 1466 4650 οὗ
1523 4598 1759 4671 γεννηθῇ
1816 4597 1844 4651 6
1902 4596 2015 4659 οἶός
2069 4617 2184 4655 σου.
2245 4597 2344 4651 Καὶ
2403 4595 2639 4671 διέμεινε
2694 4598 2880 4676 κωφὸς
2923 4600 3015 4655 καὶ
3074 4599 3301 4674 ἅΛαλος,
3359 4599 3463 4665 ἕως
3517 4603 3796 4678 ἐγεννήθη
3836 4607 3868 4661 6

428 4686 704 4756 Ἰωάννης.

1071 4778 1296 4833 Eodem
1317 4777 1420 4832 die
2101 4780 2150 4845 D

2101 4780 2150 4845 D
2773 4780 2856 4852 Τῇ
2889 4775 3025 4853 αὓητῇ
3057 4781 3235 4854 ἡμέρᾳ

650 4892 753 4946 64
785 4892 1072 4947 Certamen
1102 4899 1303 4948 sancta
1332 4893 1596 4962 martyris
1621 4893 1843 4948 Iraidis.

2397 4890 2662 4962 Ἀθλησις
2705 4900 2806 4963 τῆς
2837 4894 2996 4970 ἁγίας
3049 4896 3322 4971 μάρτυρος
3376 4893 3625 4973 Ἰραΐδος.

496 5009 662 5073 Irais,
696 5007 912 5063 Christi
945 5013 1187 5079 martyr,
1213 5008 1635 5077 Alexandrina,
1667 5009 1826 5081 virgo
1848 5013 1906 5065 et
1937 5027 2076 5066 san-

2254 5009 2317 5063 ἹῙ
2357 5009 2559 5083 μάρτυς
2588 5013 2685 5063 τοῦ
2744 5013 2980 5085 Χριστοῦ
3036 5009 3237 5085 Ἰραΐας
3295 5013 3544 5088 ὑπῆρχεν
3605 5012 3720 5068 ἀπὸ
3758 5023 3870 5086 τῆς

425 5097 809 5167 ctimonialis,
843 5114 1078 5170 egressa
1108 5096 1428 5168 aliquando
1461 5114 1529 5152 ex
1570 5098 1878 5168 asceterio,
1911 5106 1974 5154 ut
2006 5115 2060 5154 e1

2237 5096 2401 5161 ελεως
2459 5095 2911 5172 Ἀλεξανδρείας,
2966 5100 3233 5175 παρθένος
3313 5099 3444 5155 οῦσα
3523 5102 3612 5157 καὶ
3675 5104 3872 5175 μονά-

424 5187 586 5242 fonte
617 5203 832 5257 aquam
865 5186 1157 5258 praefectaa
1190 5203 1310 5242 suae
1345 5187 1602 5256 afferret,
1635 5187 1778 5242 vidit
1836 5188 1896 5242 in
1941 5191 2059 5244 navi

2236 5207 2368 5241 ιυσαο
2426 5185 2713 5260 ἐξελθοῦσα
2762 5185 2820 5242 δὲ
2877 5192 2969 5253 τοῦ
3017 5189 3357 5265 ἀσκητηρίου
3413 5190 3552 5267 πρὸς
3581 5191 3644 5246 τὸ
3676 5195 3871 5267 κομί-

425 5292 596 5332 secus
628 5275 798 5331 littus
824 5277 1008 5330 maris
1039 5279 1450 5332 transeuntem
1489 5275 1654 5332 urbis
1705 5276 2060 5349 praefectum1

2232 5296 2268 5329 ιι
2295 5272 2442 5349 ὕδωρ
2475 5275 2533 5331 ἐκ
2560 5283 2662 5346 τῆς
2694 5283 2882 5351 πηγῆς
2925 5281 2991 5352 τῇ
3041 5281 3320 5353 ἡγουμένη
3376 5281 3568 5350 αὐτῆς,
3606 5277 3754 5335 εἶδεν
3806 5282 3867 5339 ἐν

423 5365 522 5436 qui
548 5365 766 5420 multos
791 5381 992 5420 secum
1009 5365 1377 5420 Christianos
1399 5365 1653 5422 ducebat
1678 5366 1902 5420 catenis
1926 5384 2058 5422 con-

2235 5367 2258 5436 ί)
2288 5363 2471 5436 πλοίῳ
2515 5362 2873 5440 διερχόμενον
2918 5364 2994 5429 sic
3027 5368 3118 5423 τὸν
3152 5367 3402 5443 αἰγιαλὸν
3433 5376 3532 5439 τῆς
3565 5366 3870 5444 θαλάσσης

424 5456 679 5526 strictos,
712 5456 1110 5528 presbyteros,
1145 5455 1447 5524 diaconos,
1482 5455 1764 5511 mulieres
1817 5462 2059 5513 sanctas.

2233 5476 2272 5508 ιν
2305 5455 2547 5530 ἄρχοντα
2574 5460 2674 5523 τῆς
2725 5452 2964 5527 πόλεως,
3002 5455 3203 5531 ἔχοντα
3256 5459 3375 5531 μεθ’
3404 5458 3595 5513 ἑαυτοῦ
3626 5457 3868 5528 πλῆθος

422 5545 1299 5619 etvirgines:accurrensque,et
1313 5545 1612 5601 sciscitata
1628 5562 1696 5600 ex
1722 5544 2049 5617 virginibus

2232 5547 2518 5618 ριστιανῶν
2581 5541 2841 5617 δεσμίων,
2882 5539 3289 5621 πρεσϐυτέρων,
3349 5544 3638 5618 διακόνων,
3673 5548 3867 5624 ἁγίων

422 5651 604 5708 quam
636 5635 709 5691 ob
725 5650 965 5692 causam
997 5639 1198 5690 essent
1226 5635 1289 5690 in
1311 5634 1584 5702 vinculis,
1611 5635 1804 5707 iisque
1829 5651 2057 5708 respon'

2236 5636 2453 5687 ιναικῶν
2508 5631 2596 5688 καὶ
2659 5633 2971 5706 παρθένων.
3035 5634 3139 5690 Καὶ
3189 5632 3473 5710 δραμοῦσα
3532 5637 3647 5691 εἶπε
3707 5640 3871 5712 πρὸς

493 5815 514 5850 ⁸
539 5817 675 5872 Luc.
708 5833 747 5889 ι,
782 5817 848 5872 13
877 5829 1044 5889 seqq.
