4132 6328
301 431 378 493 69
1767 429 2266 493 SEPTEMBER.
3645 434 3724 493 70

295 563 388 628 τὰς
414 563 740 640 παρθένους·
774 565 874 620 Διὰ
901 566 954 620 τί
987 563 1039 620 ἐν
1069 561 1290 638 δεσμοῖς
1345 562 1639 639 κατέχεσθε
1667 585 1681 636 ;
1713 564 1948 620 Ἑκεῖναι

2080 563 2341 621 lentibus
2367 580 2380 620 :
2415 565 2498 620 Ob
2525 565 2918 634 Christum,ut
2946 583 3051 638 pro
3074 564 3178 621 illo
3209 566 3559 638 martyrium
3584 567 3721 624 sub-

299 651 356 708 δὲ
385 655 766 729 ἀποκριθεῖσαι
798 654 972 712 εἶπον.
1006 654 1106 708 Διὰ
1157 653 1250 708 τὸν
1301 654 1558 728 Χριστὸν,
1617 654 1767 714 ὅπως
1823 652 1954 726 ὑπὲρ

298 742 459 798 αὐτοῦ
535 745 970 818 μαρτυρήσωμεν
1025 743 1115 797 καὶ
1173 747 1462 815 σωθῶμεν.
1532 740 1842 799 Ἀκούσασα
1900 737 1959 800 δὲ

297 837 464 887 ταῦτα
521 832 717 906 Ἰραῒς,
776 831 1111 905 παρεκάλεσε
1171 831 1298 893 τοὺς
1356 828 1616 904 δημίους,
1663 829 1754 885 καὶ
1832 850 1957 884 συν-

299 917 496 991 ἔδησαν
528 921 620 975 καὶ
654 919 846 990 αὐτὴν,
891 921 1025 994 μετά
1063 925 1169 976 τῶν
1231 920 1442 976 λοιπῶν
1483 919 1672 996 ἄγίων.
1705 919 1805 976 Καὶ
1863 939 1957 973 κα-

296 1004 627 1071 ταλαϐόντες
687 1011 740 1065 οἱ
795 1011 943 1084 ἅγιοι
999 1011 1098 1079 τήν
1148 1009 1582 1065 ’Λντινούπολιν·
1623 1010 1710 1063 καὶ
1773 1005 1960 1062 πολλὰ

296 1096 708 1174 τιμωρηθέντες
755 1099 866 1154 ὑπὸ.
913 1103 1011 1154 τοῦ
1072 1100 1363 1173 ἄρχοντος·
1420 1099 1508 1153 καὶ
1549 1100 1624 1172 μὴ
1658 1097 1962 1161 πεισθέντες

300 1190 454 1242 θῦσαι
486 1193 608 1250 τοῖς
637 1186 917 1258 εἰδώλοις,
950 1186 1096 1243 ἀλλὰ
1129 1183 1294 1264 μέχρι
1353 1189 1585 1242 Θανάτου
1632 1187 1960 1264 φυλάξαντες

296 1280 394 1348 τήν
459 1277 540 1341 εἰς
601 1278 828 1352 Χριστὸν
879 1277 1083 1348 πίστιν,
1142 1274 1646 1354 ἀπεκεφαλίσθησαν
1707 1275 1960 1338 ἅπαντες·

297 1369 492 1445 πρώτη
529 1371 640 1444 μὴν
674 1366 862 1445 Ἰραίς,
891 1366 1076 1424 ἔπειτα
1127 1365 1186 1424 δὲ
1237 1369 1326 1423 καὶ
1375 1369 1437 1423 τὸ
1497 1365 1690 1422 λοιπὸν
1723 1364 1960 1436 πλῆθος.

912 1487 1146 1562 “sint
1176 1484 1358 1562 ἡμέρᾳ

373 1668 584 1740 Πνήμη
641 1671 752 1723 τῶν
835 1666 1008 1741 ἁγίων
1058 1669 1340 1741 Δγυνςιιικῶν
1398 1670 1725 1734 Ξανθιππης
1797 1664 1885 1718 καὶ

975 1735 1302 1809 Πολυξένης.

2067 661 2300 722 euntes,
2326 654 2498 710 salvae
2531 655 2751 722 simus;
2785 655 3123 728 impetravit
3151 671 3185 710 a
3206 655 3533 724 lictoribus,
3567 661 3634 713 ut
3663 662 3722 712 et

2069 743 2182 798 sibi
2213 760 2332 798 una
2381 761 2516 800 cum
2575 745 2824 816 reliquis
2851 746 3074 801 sanctis
3113 751 3353 801 catenas
3380 746 3718 816 injicerent.

2070 833 2238 886 Ducti
2272 834 2450 905 igitur
2475 836 2664 892 sancti
2697 835 2758 889 in
2790 835 3001 890 urbem
3027 835 3374 902 Antinoum,
3397 835 3722 906 multisque

2072 937 2106 975 a
2134 922 2412 991 przefecto
2443 925 2761 979 excruciati
2795 925 3271 992 tormentis,cum
3304 924 3478 979 idolis
3494 925 3722 980 sacriﬁ-

2073 1027 2204 1067 care
2238 1013 2490 1081 nollent,
2525 1013 2628 1067 sed
2661 1015 2721 1068 in
2750 1013 2864 1068 ﬁde
2896 1013 3107 1068 Christi
3143 1014 3623 1069 constantissime
3651 1012 3725 1069 ad

2072 1109 2325 1159 mortem
2357 1121 2543 1175 usque
2576 1105 2986 1176 persisterent,
3007 1104 3270 1159 damnati
3295 1122 3502 1160 omnes
3533 1106 3724 1176 capite

2073 1197 2212 1248 sunt
2242 1210 2256 1259 ;
2290 1197 2347 1247 et
2371 1194 2565 1264 prima
2596 1194 2836 1267 quidem
2855 1195 3123 1249 omnium
3154 1194 3322 1261 Irais,
3346 1193 3559 1249 deinde
3585 1193 3728 1248 reli-

2072 1301 2189 1360 qua
2219 1285 2557 1341 multitudo.

2711 1495 2930 1552 Eodem
2989 1495 3084 1550 die

2069 1665 2166 1721 65
2205 1663 2659 1719 Commemoratio
2698 1671 3009 1790 sgngtalrum
3041 1663 3333 1721 mulierum
3390 1664 3724 1737 Xanthippae

2709 1754 2736 1790 e
2837 1752 2866 1789 ο
2893 1751 3108 1790 uxenae.

2709 1751 2761 1790 et
2796 1751 3108 1806 roryxenae.

373 1919 440 1974 Ἡ
473 1916 600 1992 ἆγία
628 1918 926 1987 Ξανθίππη
982 1915 1048 1984 ἦν
1111 1917 1206 1990 μὲν
1258 1914 1344 1971 ἐπὶ
1381 1912 1659 2007 ξλαυδίου
1691 1915 1957 1989 Καίσαρος

2141 1937 2355 1991 Sancta
2383 1936 2742 2007 Xanthippa,
2774 1935 3018 1990 Claudio
3045 1938 3447 1992 Romanorum
3490 1939 3718 1995 Caesare

302 2005 619 2080 Ῥωμαίων·
676 2008 810 2082 γυνή
860 2006 1203 2081 τυγχάνουσα
1262 1999 1480 2080 Πρόὅου
1512 2009 1608 2060 τοῦ
1636 2011 1735 2073 τῆς
1785 2009 1959 2061 Ἱσπα-

302 2098 420 2158 νίας
455 2097 747 2171 ἄρχοντος·
782 2097 897 2171 εἶχε
929 2093 984 2150 δὲ
1017 2093 1258 2172 ἀδελφὴν
1291 2095 1580 2170 παρθένον,
1649 2090 1962 2163 Πολυξένην

304 2184 504 2264 ὄνομα.
537 2185 862 2241 Ἀπελθόντι
896 2181 954 2240 δὲ
981 2188 1060 2256 τῷ
1114 2184 1251 2257 ἀγίῳ
1295 2181 1593 2255 ἀποστόλῳ
1623 2183 1825 2254 Παύλῳ
1884 2181 1960 2245 εἷς

300 2276 402 2344 τήν
462 2274 655 2351 χώραν
702 2273 996 2346 Ἱσπανίας,
1055 2273 1144 2328 καὶ
1203 2271 1529 2347 κηρύττοντι
1585 2272 1676 2327 τὸν
1706 2271 1962 2344 Χριστὸν,

301 2351 618 2440 προσῆλθεν
647 2363 792 2435 αὖτῷ
850 2364 886 2433 ἡ
937 2361 1252 2433 Ξανθίππη·
1314 2360 1401 2417 καί
1448 2363 1832 2436 κατηχηθεῖσα
1875 2361 1964 2416 ὑπ’

301 2455 474 2510 αὑτοῦ
527 2455 630 2523 τήν
713 2452 918 2522 πίστιν,
975 2457 1193 2527 πρῶτον
1278 2452 1372 2525 μὲν
1440 2446 1739 2520 ἐϐαπτίσθη
1799 2451 1962 2521 αὐτή·

299 2540 489 2602 ἔπειτα
519 2542 698 2599 ἔπεισε
722 2543 812 2599 καὶ
869 2542 960 2596 τὸν
1021 2539 1190 2617 ἄνδρα
1245 2541 1414 2610 αὑτῆς
1468 2535 1680 2616 Πρόϐον
1719 2541 1963 2615 γενέσθαι

299 2633 650 2706 Χριστιανόν.
682 2632 924 2705 Ὁμοίως
970 2630 1061 2687 καὶ
1117 2633 1152 2700 ἡ
1210 2628 1420 2708 ἀδελφὴ
1467 2630 1633 2699 αὐτῆς
1678 2628 1961 2701 Πολυξένη

302 2720 568 2798 ἐδιδάχθη
602 2721 754 2798 παρὰ
775 2725 872 2776 τοῦ
931 2721 1098 2776 αὐτοῦ
1147 2720 1458 2775 ἀποστόλου
1503 2719 1645 2776 τότε.
1697 2719 1847 2775 Μετὰ
1907 2714 1964 2772 δὲ

300 2814 401 2881 τὴν
468 2813 835 2886 ὑποχώρησιν
920 2810 1105 2881 αὐτοῦ,
1192 2808 1463 2863 ἀκούσασα
1517 2807 1801 2884 κηρύττειν
1861 2806 1961 2874 τήν

303 2905 486 2959 πίστιν
519 2910 620 2972 τῆς
673 2900 935 2972 ἀληθείας
989 2897 1239 2975 Ἀνδρέαν
1289 2900 1380 2954 τὸν
1435 2895 1597 2974 μέγαν
1659 2895 1961 2955 ἀποότολον

304 2992 354 3047 ἐν
419 2992 659 3065 Πάτραις
716 2998 815 3060 τῆς
879 2988 1126 3064 Ἀχαΐας,
1157 2987 1373 3058 ἀπῆλθε
1431 2989 1564 3064 πρὸς
1624 2987 1804 3043 αὐτόν·
1866 2989 1963 3044 Καὶ

309 3087 556 3156 μαθοῦσα
586 3081 652 3136 τὰ
680 3079 804 3155 περῖ
831 3084 928 3134 τοῦ
968 3079 1197 3154 Χριστοῦ
1252 3077 1606 3152 τελεώτερον,
1641 3072 1960 3150 ἐϐαπτίσθη.

306 3174 402 3230 Καὶ
461 3170 632 3227 πάλιν
695 3168 1070 3243 ὑποστρέψασα
1126 3167 1202 3230 εἷς
1258 3168 1356 3235 τήν
1403 3164 1539 3221 ἰδίαν
1572 3167 1782 3241 χώραν,
1843 3168 1963 3242 εὗρε

2071 2043 2218 2080 uxor
2247 2026 2418 2080 Probi
2454 2026 2750 2097 Hispania)
2798 2024 3082 2096 praefecti,
3142 2043 3405 2081 sororem
3437 2027 3722 2097 virginem

2071 2116 2312 2171 nomine
2344 2116 2704 2186 Polyxenam
2768 2115 2988 2170 habuit.
3044 2115 3190 2169 Cum
3238 2121 3436 2171 autem
3486 2123 3726 2172 sanctus

2072 2205 2290 2260 Paulus
2321 2205 2626 2275 apostolus
2657 2204 2719 2259 in
2761 2204 3066 2275 regionem
3095 2205 3390 2275 Hispania)
3447 2206 3728 2273 venisset,

2073 2295 2490 2365 Christumque
2550 2294 2920 2365 praedicaret,
2956 2293 3126 2348 illum
3183 2293 3329 2348 adiit
3367 2294 3724 2366 Xanthippa,

2073 2389 2250 2454 atque
2282 2384 2353 2438 ab
2372 2400 2441 2439 eo
2456 2382 2633 2438 ﬁdem
2648 2383 2874 2449 edocta,
2899 2385 3160 2454 primum
3178 2383 3420 2453 quidem
3435 2384 3727 2454 baptizata

2072 2473 2187 2528 fuit
2220 2489 2232 2527 :
2263 2473 2478 2529 deinde
2512 2474 2632 2528 viro
2665 2490 2771 2530 suo
2802 2473 2990 2529 Probo
3021 2473 3317 2544 persuasit
3348 2478 3413 2528 ut
3441 2473 3723 2529 Christia-

2074 2580 2186 2618 nus
2215 2564 2399 2618 ﬁeret.
2431 2563 2716 2618 Similiter
2746 2568 2804 2617 et
2833 2579 3001 2617 soror
3030 2564 3159 2634 ejus
3189 2562 3488 2634 Polyxena
3519 2563 3728 2618 edocta

2073 2653 2315 2725 quidem
2349 2658 2486 2708 tunc
2511 2653 2584 2708 ab
2608 2651 2816 2708 eodem
2848 2652 3115 2724 apostolo
3147 2651 3417 2718 fuit;sed
3448 2657 3582 2722 post
3597 2651 3727 2723 ejus

2073 2742 2572 2811 discessum,cum
2588 2741 2853 2800 audisset
2879 2741 3175 2796 Andream
3195 2746 3733 2814 magnumaposto-

2073 2832 2196 2886 lum
2229 2833 2418 2887 Patris
2468 2832 2528 2886 in
2586 2831 2806 2886 Achaia
2867 2831 3045 2885 ﬁdem
3077 2831 3342 2885 veritatis
3381 2831 3725 2901 praidicare,

2072 2922 2338 2994 profecta
2369 2921 2439 2976 ad
2465 2937 2600 2975 eum
2631 2919 2818 2990 est,ab
2851 2924 3383 2991 eoque,postquam
3404 2919 3726 2990 perfectius

2073 3028 2203 3082 quae
2235 3010 2309 3065 ad
2339 3009 2636 3065 Christum
2665 3008 2985 3080 pertinent,
3001 3007 3325 3076 didicisset,
3361 3007 3726 3078 baptismum

2075 3100 2354 3171 suscepit.
2386 3101 2513 3153 Mox
2542 3098 2719 3153 rediit
2741 3098 2801 3152 in
2828 3097 3131 3168 regionem
3161 3112 3348 3161 suam,
3384 3096 3483 3150 ubi
3509 3097 3731 3168 reperit

2072 3206 2337 3247 sororem
2371 3206 2538 3245 suam
2569 3189 2968 3260 Xanthippam
3008 3187 3173 3242 omni
3205 3187 3491 3242 virtutum
3514 3204 3730 3260 genere

302 3264 401 3330 τήν
434 3261 607 3331 αὐτῆς
640 3259 881 3338 ἀδελφὴν
931 3257 1260 3327 Ξανθίππην
1318 3256 1513 3319 πάσαις
1572 3257 1784 3332 ἀρεταῖς
1845 3255 1958 3333 δια--

306 3351 367 3363 ..
782 3350 796 3363 .
960 3350 972 3363 .
1163 3347 1177 3363 ε
1296 3349 1309 3363 .
1405 3345 1428 3363 ει
1465 3349 1484 3363 .
1577 3349 1587 3363 .
1817 3346 1830 3363 ,
1894 3349 1906 3363 ,

2080 3280 2417 3353 fulgentem,
2453 3296 2487 3334 a
2517 3295 2632 3350 qua
2663 3295 2796 3333 cum
2828 3277 3043 3349 gaudio
3075 3281 3319 3347 excepta
3349 3276 3730 3348 est.Cumque

306 3351 653 3424 λάμπουσαν,
711 3350 800 3404 καὶ
847 3350 983 3422 μετὰ
1040 3347 1214 3423 χαρὰς
1291 3345 1696 3420 ὑποδεξαμένην
1773 3346 1963 3418 αὐτήν.

2080 3345 2264 3424 ambae
2286 3345 2505 3424 multos
2535 3345 2750 3423 Christi
2783 3345 2961 3422 ﬁdem
3013 3345 3377 3433 docuissent,
3425 3366 3604 3421 ﬁnem
3634 3345 3730 3419 vi-

309 3443 404 3498 Καὶ
442 3442 758 3514 ἀμφότερας
787 3437 1034 3499 πολλοὺς
1092 3434 1366 3510 διδάξασαι
1426 3438 1525 3506 την
1576 3441 1674 3493 τοῦ
1730 3439 1968 3513 Χριστοῦ

311 3530 511 3603 πίστιν,
545 3527 961 3599 ἐτελειώθησαν.

877 3652 1053 3710 ΜΗΝΙ
1082 3657 1165 3706 ΤΩ
1197 3653 1400 3708 ΑΥΤΩ.

1098 3762 1196 3818 ΚΔ⁸

447 3851 720 3924 Ἀθλησις
751 3858 851 3922 τῆς
879 3851 1034 3926 ἁγίας
1081 3851 1548 3926 πρωτομάρτυρος
1596 3845 1829 3918 Θέκλης.

381 4035 444 4091 Ἡ
506 4031 911 4106 πρωτομάρτυς
958 4026 1136 4085 Θέκλα
1193 4029 1408 4104 γέγονεν
1478 4024 1536 4083 ἐκ
1590 4033 1690 4097 τῆς
1761 4026 1976 4088 πόλεως

316 4121 570 4177 Ἰκονίου·
647 4118 906 4194 γυναικὸς
994 4119 1140 4180 τινὸς
1227 4117 1470 4190 θυγάτηρ
1559 4113 1807 4189 εὐγενοῦς
1885 4114 1974 4168 καὶ

314 4211 604 4280 πλουσίας,
647 4207 910 4270 Θεοκλίας
970 4206 1220 4279 ὀνόματι.
1275 4204 1640 4270 ’Λπελθόντος
1669 4201 1726 4258 δὲ
1784 4203 1858 4266 εῗς
1915 4203 1976 4257 τὸ

313 4301 542 4356 Ἰκόνιον
583 4303 682 4354 τοῦ
741 4296 904 4373 ἁγίου
961 4295 1278 4351 ἀποστόλου
1337 4293 1580 4364 Παύλου,
1611 4290 1840 4362 ἤκουσεν
1891 4291 1982 4347 αὐ-

321 4395 416 4445 τοῦ
445 4386 801 4449 διδάσκοντος
831 4386 900 4441 τά
929 4383 1090 4460 Αόγια
1147 4387 1244 4438 τοῦ
1298 4388 1454 4453 Θεοῦ,
1513 4380 1566 4437 ἐν
1594 4385 1672 4454 τῷ
1720 4381 1853 4455 οἷ’κῳ
1883 4385 1979 4436 τοῦ

315 4481 704 4556 Ὀνησιφόρου·
758 4476 824 4546 ἦν
884 4474 940 4530 δὲ
997 4477 1087 4531 ’ὀτε
1141 4474 1448 4529 ἐπίστευσεν
1512 4470 1644 4526 ἐτῶν
1703 4469 1831 4526 δέκα
1887 4471 1980 4526 καὶ

316 4571 482 4625 ὀκτώ.
510 4564 767 4637 Ἐξεδόθη
801 4563 860 4620 δὲ
886 4565 1022 4638 πρὸς
1051 4565 1228 4639 γάμον
1265 4559 1417 4638 ἀνδρὶ
1448 4560 1721 4634 πλουσίῳ,
1754 4559 1978 4634 ὀνόματι

2072 3459 2246 3514 vendi
2278 3459 2572 3514 fecerunt.

2643 3673 2883 3728 EODEM
2916 3672 3168 3726 MENSE.

2584 3781 2684 3834 Die
2717 3779 2996 3835 vicesima
3026 3784 3239 3849 quarta

2209 3871 2308 3930 60
2354 3872 2638 3926 Certamen
2677 3876 2878 3926 sancta
2900 3870 3327 3940 protomartyris
3364 3867 3594 3924 Theclae.

2149 4042 2363 4099 Thecla
2392 4047 2790 4114 protomartyr
2820 4061 2890 4098 ex
2914 4042 3058 4097 urbe
3087 4042 3594 4110 Iconio,mulieris
3628 4057 3736 4096 cu-

2072 4131 2313 4202 jusdam
2341 4131 2561 4187 nobilis
2591 4148 2658 4186 ac
2717 4129 2934 4199 divitis,
2966 4129 3256 4185 Theoclia)
3287 4130 3552 4196 nomine,
3583 4128 3734 4194 filia,

2082 4221 2302 4276 audivit
2331 4226 2602 4276 sanctum
2627 4221 2964 4291 apostolum
2996 4220 3269 4289 Paulum,
3291 4236 3448 4284 cum,
3473 4219 3739 4273 Iconium

2081 4311 2400 4383 profectus,
2433 4311 2610 4366 verba
2642 4310 2740 4365 Dei
2762 4311 2825 4365 in
2855 4310 3030 4364 domo
3080 4309 3434 4379 Onesiphori
3469 4307 3728 4362 doceret.

2083 4402 2222 4456 Erat
2249 4406 2610 4467 autem,cum
2641 4398 2913 4467 credidit,
2935 4415 3232 4454 annorum
3263 4397 3466 4452 decem
3499 4401 3556 4450 et
3581 4400 3738 4456 octo.

2085 4491 2382 4546 Collocata
2407 4506 2540 4545 vero
2596 4489 2657 4543 in
2707 4489 3156 4544 matrimonium
3187 4486 3415 4541 homini
3457 4484 3738 4555 opulento

2086 4579 2447 4651 Thamyridi,
2481 4578 2750 4650 neglecta
2780 4583 2988 4647 matre,
3021 4577 3166 4643 viro,
3199 4574 3440 4638 divitiis,
3463 4570 3739 4643 adjunxit

316 4654 612 4734 Θαμύριδι·
694 4654 840 4711 ἀλλᾶ
917 4653 1368 4739 καταρρονησασα
1441 4649 1698 4726 μητέρος,
1758 4647 1968 4725 ἀνδρὸς,

2087 4685 2147 4724 se
2181 4647 2624 4739 Apostolo,cum
2649 4683 2764 4738 quo
2795 4665 3168 4721 Antiochiam
3197 4662 3424 4718 Pisidiae
3456 4660 3742 4733 profecta:

317 4748 586 4816 πλούτου,
616 4744 963 4815 ἠκολούθησε
1006 4746 1086 4814 τῷ
1138 4738 1452 4812 ἆποστόλῳ,
1509 4739 1598 4794 καὶ
1659 4740 1772 4812 μετ’
1812 4739 1975 4794 αὐτοῦ

319 4837 634 4901 ἀπελθοῦσα
666 4835 742 4897 εἷς
769 4834 869 4902 τὴν
901 4831 1242 4906 Ἀντιόχειαν
1295 4837 1396 4900 τῆς
1447 4825 1715 4900 Πισιδίας,
1768 4825 1977 4884 ἐκδίδο-

317 4949 405 4983 ται
435 4924 661 4999 θηρίοις
693 4924 797 4978 ὑπὸ
849 4925 946 4977 τοῦ
991 4921 1266 4994 ἄρχοντος
1317 4915 1838 4992 Ἀλεξάνδρου,Κώ
1877 4940 1979 4991 μη-

321 5014 405 5071 δὲν
441 5012 788 5084 ἀδικηθεῖσα,
845 5006 1152 5083 προσεδόθη
1201 5007 1445 5082 ταύροις.
1506 5004 1684 5062 Ἀλλά
1733 5006 1823 5062 καὶ
1853 5007 1978 5062 τού-

317 5128 425 5162 των
460 5105 738 5181 ρυσθεῖσα,
797 5104 930 5155 Θεοῦ
990 5101 1199 5173 χάριτι,
1249 5095 1495 5156 πολλοὺς
1545 5094 1860 5171 ἐπέστρεψεν
1893 5094 1980 5150 ἐπὶ

320 5199 411 5253 τὸν
475 5194 696 5269 Κύριον·
761 5191 1018 5265 συνεργὸν
1080 5186 1284 5262 ἔχουσα
1338 5185 1646 5263 Τρύφαιναν
1720 5207 1839 5242 τινα
1889 5187 1980 5242 τὸν

324 5289 454 5343 Θεὸν
509 5278 883 5361 φοϐουμένην,
941 5279 1039 5347 τὴν
1101 5273 1504 5349 ὑποδεξαμένην
1583 5274 1770 5347 αὐτήν.
1822 5277 1985 5332 Ὑπο-

325 5375 604 5450 στρέψασα
634 5369 692 5426 δὲ
721 5367 884 5424 πάλιν
943 5367 1021 5431 εἷς
1058 5367 1159 5434 τήν
1217 5363 1355 5438 ἰδίαν
1389 5361 1645 5437 πατρίδα,
1675 5365 1984 5437 κατῴκησεν

325 5464 376 5520 iv
411 5461 526 5538 ὄρει
554 5460 665 5516 τινὶ
697 5458 856 5534 ἐγγὺς
901 5454 1238 5518 Σελευκείας·
1299 5453 1653 5527 ἡσυχάζουσα
1708 5453 1797 5508 καὶ
1855 5466 1987 5518 θαυ-

329 5553 736 5628 ματουργοῦσα.
791 5543 1179 5616 Βουληθέντων
1240 5539 1300 5597 δὲ
1371 5545 1623 5615 πονηρῶν
1681 5543 1982 5618 ἀνθρώπων

325 5642 609 5710 ἀπελθεῖν,
663 5637 757 5694 καὶ
807 5633 994 5709 μιάναι
1074 5633 1266 5703 αὐτὴν,
1341 5629 1576 5704 ἐσχίσθη
1655 5631 1844 5708 πέτρα,
1892 5633 1982 5692 καὶ

326 5729 640 5807 ὑπεδέξατο,
677 5723 1028 5806 ὑπάρχουσαν
1059 5723 1192 5780 ἐτῶν
1219 5721 1557 5794 ἐνενήκοντα.

2086 4755 2403 4811 damnatur
2433 4753 2507 4809 ad
2539 4754 2758 4808 bestias
2810 4753 2882 4808 ab
2941 4752 3276 4808 Alexandro
3312 4749 3601 4822 prteside;
3636 4747 3744 4803 sed

2086 4845 2254 4900 nulla
2281 4845 2341 4898 in
2372 4861 2436 4898 re
2466 4843 2537 4899 ab
2561 4843 2650 4898 his
2689 4843 2852 4910 laesa,
2885 4843 3139 4898 traditur
3197 4843 3402 4910 tauris,
3432 4859 3465 4896 a
3525 4839 3742 4911 quibus

2089 4935 2267 4990 etiam
2299 4933 2400 4988 Dei
2431 4933 2718 4988 beneficio
2751 4933 3018 4999 liberata,
3050 4932 3269 4987 multos
3301 4931 3375 4986 ad
3424 4930 3744 4986 Dominum

2091 5023 2396 5090 convertit,
2429 5023 2633 5094 adjuta
2660 5040 2694 5078 a
2722 5024 3068 5094 Tryphaana,
3104 5020 3388 5094 singulari
3418 5019 3633 5090 pietate
3662 5017 3745 5072 fe-

2093 5115 2412 5184 mina,quaa
2435 5113 2598 5169 illam
2632 5113 2887 5185 hospitio
2911 5111 3387 5184 exceperatilnde
3411 5111 3470 5164 in
3494 5109 3747 5180 patriam

2092 5220 2381 5276 regressa,
2433 5204 2493 5258 in
2548 5208 2748 5258 monte
2797 5203 2954 5274 apud
3030 5202 3360 5257 Seleuciam
3438 5199 3744 5265 habitavit,

2095 5293 2477 5364 tranquillam
2506 5293 2682 5348 vitam
2714 5308 2916 5365 agens,
2936 5297 2994 5346 et
3018 5290 3444 5347 miraculorum
3465 5289 3747 5359 frequen-

2094 5384 2176 5440 tia
2204 5383 2474 5439 illustris.
2504 5383 2647 5436 Cum
2679 5386 2878 5436 autem
2926 5380 3138 5436 nefarii
3197 5379 3438 5450 quidam
3472 5376 3745 5432 homines

2093 5473 2236 5529 illuc
2266 5471 2571 5542 accedere,
2597 5487 2850 5542 eamque
2874 5470 3093 5525 violare
3123 5469 3470 5540 cogitarent,
3495 5470 3662 5536 petra
3683 5465 3746 5517 in

2093 5568 2293 5635 partes
2321 5560 2574 5616 discissa
2603 5559 2832 5631 excepit
2891 5563 3155 5615 sanctam
3188 5573 3379 5614 annos
3424 5551 3748 5623 nonaginta

2094 5657 2318 5716 natam.
