  <div class='ocr_page' id='page_1' title='image "/cluster/home/n/w/nwhite01/storage/ocr_20150623/117/mdp.39015038086818/043.png"; bbox 0 0 4132 6328; ppageno 0'>
   <div class='ocr_carea' id='block_1_1' title="bbox 395 371 2027 444">
    <p class='ocr_par' dir='ltr' id='par_1_1' title="bbox 395 372 2025 444">
     <span class='ocr_line' id='line_1_1' title="bbox 395 372 2025 444; baseline -0.006 0"><span class='ocrx_word' id='word_1_1' title='bbox 395 385 465 444; x_wconf 78' lang='grc'>71</span> <span class='ocrx_word' id='word_1_2' title='bbox 1711 372 2025 436; x_wconf 84' lang='lat' dir='ltr'>MENOLO</span> 
     </span>
    </p>
   </div>
   <div class='ocr_carea' id='block_1_2' title="bbox 2167 371 3799 444">
    <p class='ocr_par' dir='ltr' id='par_1_2' title="bbox 2182 371 3799 433">
     <span class='ocr_line' id='line_1_2' title="bbox 2182 371 3799 433; baseline -0.001 0"><span class='ocrx_word' id='word_1_3' title='bbox 2182 372 2388 433; x_wconf 82' lang='lat' dir='ltr'>PARS</span> <span class='ocrx_word' id='word_1_4' title='bbox 2429 371 2478 432; x_wconf 89' lang='grc' dir='ltr'><strong>Ῑ.</strong></span> <span class='ocrx_word' id='word_1_5' title='bbox 3723 375 3799 432; x_wconf 75' lang='grc'>’72</span> 
     </span>
    </p>
   </div>
   <div class='ocr_carea' id='block_1_3' title="bbox 958 503 2590 574">
    <p class='ocr_par' dir='ltr' id='par_1_3' title="bbox 958 507 2132 574">
     <span class='ocr_line' id='line_1_3' title="bbox 958 507 2132 574; baseline -0.014 -4"><span class='ocrx_word' id='word_1_6' title='bbox 958 513 1199 570; x_wconf 82' lang='lat' dir='ltr'><strong>EODEM</strong></span> <span class='ocrx_word' id='word_1_7' title='bbox 1222 509 1474 568; x_wconf 83' lang='lat' dir='ltr'>MENSE.</span> <span class='ocrx_word' id='word_1_8' title='bbox 2074 507 2132 574; x_wconf 75' lang='grc' dir='ltr'><strong>Α</strong></span> 
     </span>
    </p>
   </div>
   <div class='ocr_carea' id='block_1_4' title="bbox 1605 503 3237 574">
    <p class='ocr_par' dir='ltr' id='par_1_4' title="bbox 2074 503 3237 574">
     <span class='ocr_line' id='line_1_4' title="bbox 2074 503 3237 574; baseline -0.001 -14"><span class='ocrx_word' id='word_1_9' title='bbox 2074 507 2132 574; x_wconf 79' lang='grc' dir='ltr'><strong>Α</strong></span> <span class='ocrx_word' id='word_1_10' title='bbox 2728 503 2914 560; x_wconf 82' lang='lat' dir='ltr'>MHNI</span> <span class='ocrx_word' id='word_1_11' title='bbox 2935 504 3024 560; x_wconf 80' lang='lat' dir='ltr'>To</span> <span class='ocrx_word' id='word_1_12' title='bbox 3046 508 3237 559; x_wconf 57' lang='lat' dir='ltr'>arm.</span> 
     </span>
    </p>
   </div>
   <div class='ocr_carea' id='block_1_5' title="bbox 893 624 3064 702">
    <p class='ocr_par' dir='ltr' id='par_1_5' title="bbox 893 624 3064 702">
     <span class='ocr_line' id='line_1_5' title="bbox 893 624 3064 702; baseline -0.006 -12"><span class='ocrx_word' id='word_1_13' title='bbox 893 636 994 690; x_wconf 90' lang='lat' dir='ltr'>Die</span> <span class='ocrx_word' id='word_1_14' title='bbox 1026 634 1306 690; x_wconf 89' lang='lat' dir='ltr'>vicesima</span> <span class='ocrx_word' id='word_1_15' title='bbox 1357 633 1568 702; x_wconf 89' lang='lat' dir='ltr'>quinta</span> <span class='ocrx_word' id='word_1_16' title='bbox 2959 624 3064 678; x_wconf 87' lang='lat' dir='ltr'>KE&#39;</span> 
     </span>
    </p>
   </div>
   <div class='ocr_carea' id='block_1_6' title="bbox 392 731 2024 828">
    <p class='ocr_par' dir='ltr' id='par_1_6' title="bbox 392 748 2022 820">
     <span class='ocr_line' id='line_1_6' title="bbox 392 748 2022 820; baseline -0.009 -10"><span class='ocrx_word' id='word_1_17' title='bbox 392 757 485 810; x_wconf 74' lang='lat'>61</span> <span class='ocrx_word' id='word_1_18' title='bbox 536 753 990 809; x_wconf 81' lang='lat' dir='ltr'>Commemoratio</span> <span class='ocrx_word' id='word_1_19' title='bbox 1045 750 1236 820; x_wconf 80' lang='lat' dir='ltr'>magni</span> <span class='ocrx_word' id='word_1_20' title='bbox 1265 765 1328 804; x_wconf 87' lang='lat' dir='ltr'>ac</span> <span class='ocrx_word' id='word_1_21' title='bbox 1381 748 1644 802; x_wconf 75' lang='lat' dir='ltr'>terribilis</span> <span class='ocrx_word' id='word_1_22' title='bbox 1683 748 2022 800; x_wconf 72' lang='lat' dir='ltr'>terraemotus</span> 
     </span>
    </p>
   </div>
   <div class='ocr_carea' id='block_1_7' title="bbox 2179 731 3811 828">
    <p class='ocr_par' dir='ltr' id='par_1_7' title="bbox 2179 731 3811 828">
     <span class='ocr_line' id='line_1_7' title="bbox 2179 731 3811 828; baseline 0 -35"><span class='ocrx_word' id='word_1_23' title='bbox 2179 737 2212 794; x_wconf 74' lang='grc' dir='ltr'>Η</span> <span class='ocrx_word' id='word_1_24' title='bbox 2246 735 2545 809; x_wconf 77' lang='grc' dir='ltr'>ἀνάμνησις</span> <span class='ocrx_word' id='word_1_25' title='bbox 2576 739 2683 824; x_wconf 57' lang='grc' dir='ltr'>τῷν</span> <span class='ocrx_word' id='word_1_26' title='bbox 2713 731 3290 828; x_wconf 40' lang='grc' dir='ltr'>φόὲωνποῦιμεγᾴλου</span> <span class='ocrx_word' id='word_1_27' title='bbox 3313 741 3560 810; x_wconf 78' lang='grc' dir='ltr'>σεισμοῦ,</span> <span class='ocrx_word' id='word_1_28' title='bbox 3592 739 3678 792; x_wconf 88' lang='grc' dir='ltr'>καὶ</span> <span class='ocrx_word' id='word_1_29' title='bbox 3712 745 3811 807; x_wconf 81' lang='grc' dir='ltr'>τῆς</span> 
     </span>
    </p>
   </div>
   <div class='ocr_carea' id='block_1_8' title="bbox 675 807 2307 913">
    <p class='ocr_par' dir='ltr' id='par_1_8' title="bbox 675 842 1756 913">
     <span class='ocr_line' id='line_1_8' title="bbox 675 842 1756 913; baseline -0.009 -15"><span class='ocrx_word' id='word_1_30' title='bbox 675 844 898 913; x_wconf 84' lang='lat' dir='ltr'>quando</span> <span class='ocrx_word' id='word_1_31' title='bbox 921 859 1064 912; x_wconf 86' lang='lat' dir='ltr'>puer</span> <span class='ocrx_word' id='word_1_32' title='bbox 1093 845 1151 896; x_wconf 89' lang='lat' dir='ltr'>in</span> <span class='ocrx_word' id='word_1_33' title='bbox 1199 855 1378 896; x_wconf 83' lang='lat' dir='ltr'>aerem</span> <span class='ocrx_word' id='word_1_34' title='bbox 1415 844 1610 908; x_wconf 84' lang='lat' dir='ltr'>raptus</span> <span class='ocrx_word' id='word_1_35' title='bbox 1659 842 1756 890; x_wconf 88' lang='lat' dir='ltr'>est.</span> 
     </span>
    </p>
   </div>
   <div class='ocr_carea' id='block_1_9' title="bbox 1785 807 3417 913">
    <p class='ocr_par' dir='ltr' id='par_1_9' title="bbox 2029 807 3417 886">
     <span class='ocr_line' id='line_1_9' title="bbox 2029 807 3417 886; baseline 0.004 -25"><span class='ocrx_word' id='word_1_36' title='bbox 2029 807 2035 809; x_wconf 46' lang='grc'><strong><em>”</em></strong></span> <span class='ocrx_word' id='word_1_37' title='bbox 2351 807 2358 809; x_wconf 50' lang='grc'><strong><em>“</em></strong></span> <span class='ocrx_word' id='word_1_38' title='bbox 2541 813 2639 863; x_wconf 88' lang='grc' dir='ltr'>τοῦ</span> <span class='ocrx_word' id='word_1_39' title='bbox 2670 807 2863 873; x_wconf 81' lang='grc' dir='ltr'>παιδὸς</span> <span class='ocrx_word' id='word_1_40' title='bbox 2901 807 2953 863; x_wconf 82' lang='grc' dir='ltr'>ἐν</span> <span class='ocrx_word' id='word_1_41' title='bbox 2985 807 3103 882; x_wconf 83' lang='grc' dir='ltr'>ἀέρι</span> <span class='ocrx_word' id='word_1_42' title='bbox 3132 807 3417 886; x_wconf 57' lang='grc' dir='ltr'>Ἑφπαγῆς.</span> 
     </span>
    </p>
   </div>
   <div class='ocr_carea' id='block_1_10' title="bbox 459 932 2091 1032">
    <p class='ocr_par' dir='ltr' id='par_1_10' title="bbox 459 947 2037 1032">
     <span class='ocr_line' id='line_1_10' title="bbox 459 947 2037 1032; baseline -0.009 -15"><span class='ocrx_word' id='word_1_43' title='bbox 459 962 783 1018; x_wconf 88' lang='lat' dir='ltr'>Theodosio</span> <span class='ocrx_word' id='word_1_44' title='bbox 833 963 1034 1032; x_wconf 86' lang='lat' dir='ltr'>Magno</span> <span class='ocrx_word' id='word_1_45' title='bbox 1067 959 1396 1030; x_wconf 82' lang='lat' dir='ltr'>imperante</span> <span class='ocrx_word' id='word_1_46' title='bbox 1454 957 1827 1010; x_wconf 73' lang='lat' dir='ltr'>terrmmotus</span> <span class='ocrx_word' id='word_1_47' title='bbox 1859 947 2037 1006; x_wconf 78' lang='lat' dir='ltr'>conti-</span> 
     </span>
    </p>
   </div>
   <div class='ocr_carea' id='block_1_11' title="bbox 2180 932 3812 1032">
    <p class='ocr_par' dir='ltr' id='par_1_11' title="bbox 2221 932 3812 1010">
     <span class='ocr_line' id='line_1_11' title="bbox 2221 932 3812 1010; baseline -0.001 -19"><span class='ocrx_word' id='word_1_48' title='bbox 2221 934 2346 991; x_wconf 85' lang='grc' dir='ltr'>Ἐπὶ</span> <span class='ocrx_word' id='word_1_49' title='bbox 2368 941 2468 1003; x_wconf 86' lang='grc' dir='ltr'>τῆς</span> <span class='ocrx_word' id='word_1_50' title='bbox 2505 933 2783 1009; x_wconf 77' lang='grc' dir='ltr'>βασιλείας</span> <span class='ocrx_word' id='word_1_51' title='bbox 2812 939 2908 989; x_wconf 90' lang='grc' dir='ltr'>τοῦ</span> <span class='ocrx_word' id='word_1_52' title='bbox 2967 934 3227 1010; x_wconf 82' lang='grc' dir='ltr'>Μεγάλου</span> <span class='ocrx_word' id='word_1_53' title='bbox 3257 932 3546 990; x_wconf 77' lang='grc' dir='ltr'>Θεοδοσίου</span> <span class='ocrx_word' id='word_1_54' title='bbox 3589 937 3812 1008; x_wconf 71' lang='grc' dir='ltr'>σεισμὸς</span> 
     </span>
    </p>
   </div>
   <div class='ocr_carea' id='block_1_12' title="bbox 386 1021 2018 1129">
    <p class='ocr_par' dir='ltr' id='par_1_12' title="bbox 386 1040 2018 1126">
     <span class='ocr_line' id='line_1_12' title="bbox 386 1040 2018 1126; baseline -0.009 -18"><span class='ocrx_word' id='word_1_55' title='bbox 386 1053 489 1126; x_wconf 80' lang='lat' dir='ltr'>git,</span> <span class='ocrx_word' id='word_1_56' title='bbox 523 1052 717 1123; x_wconf 82' lang='lat' dir='ltr'>qualis</span> <span class='ocrx_word' id='word_1_57' title='bbox 745 1066 1054 1120; x_wconf 82' lang='lat' dir='ltr'>nunquam</span> <span class='ocrx_word' id='word_1_58' title='bbox 1085 1047 1426 1103; x_wconf 77' lang='lat' dir='ltr'>mortalium</span> <span class='ocrx_word' id='word_1_59' title='bbox 1461 1043 1748 1098; x_wconf 85' lang='lat' dir='ltr'>memoria</span> <span class='ocrx_word' id='word_1_60' title='bbox 1793 1040 2018 1095; x_wconf 81' lang='lat' dir='ltr'>exstitit</span> 
     </span>
    </p>
   </div>
   <div class='ocr_carea' id='block_1_13' title="bbox 2178 1021 3810 1129">
    <p class='ocr_par' dir='ltr' id='par_1_13' title="bbox 2179 1021 3810 1129">
     <span class='ocr_line' id='line_1_13' title="bbox 2179 1021 3810 1098; baseline 0.001 -21"><span class='ocrx_word' id='word_1_61' title='bbox 2179 1024 2385 1097; x_wconf 85' lang='grc' dir='ltr'>γένετο,</span> <span class='ocrx_word' id='word_1_62' title='bbox 2409 1026 2530 1087; x_wconf 83' lang='grc' dir='ltr'>οἷος</span> <span class='ocrx_word' id='word_1_63' title='bbox 2560 1021 2820 1078; x_wconf 75' lang='grc' dir='ltr'>οὐδέποτε</span> <span class='ocrx_word' id='word_1_64' title='bbox 2849 1023 3088 1098; x_wconf 82' lang='grc' dir='ltr'>γέγονεν.</span> <span class='ocrx_word' id='word_1_65' title='bbox 3117 1025 3204 1097; x_wconf 79' lang='grc' dir='ltr'>Ἐξ</span> <span class='ocrx_word' id='word_1_66' title='bbox 3241 1025 3301 1078; x_wconf 81' lang='grc' dir='ltr'>οὗ</span> <span class='ocrx_word' id='word_1_67' title='bbox 3331 1026 3419 1080; x_wconf 85' lang='grc' dir='ltr'>καὶ</span> <span class='ocrx_word' id='word_1_68' title='bbox 3483 1030 3584 1085; x_wconf 80' lang='grc' dir='ltr'>πᾶς</span> <span class='ocrx_word' id='word_1_69' title='bbox 3615 1024 3643 1079; x_wconf 78' lang='grc' dir='ltr'>’ὁ</span> <span class='ocrx_word' id='word_1_70' title='bbox 3678 1022 3810 1086; x_wconf 85' lang='grc' dir='ltr'>λαὸς</span> 
     </span>
     <span class='ocr_line' id='line_1_14' title="bbox 2183 1111 3714 1129; baseline 0 0"><span class='ocrx_word' id='word_1_71' title='bbox 2183 1111 2196 1129; x_wconf 68' lang='grc' dir='ltr'><strong>ς</strong></span> <span class='ocrx_word' id='word_1_72' title='bbox 2311 1117 2338 1127; x_wconf 81' lang='grc'>..</span> <span class='ocrx_word' id='word_1_73' title='bbox 2399 1113 2427 1129; x_wconf 71' lang='grc' dir='ltr'>η</span> <span class='ocrx_word' id='word_1_74' title='bbox 2526 1111 2546 1129; x_wconf 59' lang='grc' dir='ltr'>ς</span> <span class='ocrx_word' id='word_1_75' title='bbox 2591 1117 2614 1129; x_wconf 81' lang='lat'>..</span> <span class='ocrx_word' id='word_1_76' title='bbox 2715 1113 2727 1129; x_wconf 63' lang='grc' dir='ltr'><strong>ς</strong></span> <span class='ocrx_word' id='word_1_77' title='bbox 2799 1118 2826 1128; x_wconf 74' lang='lat'>-</span> <span class='ocrx_word' id='word_1_78' title='bbox 3056 1114 3066 1129; x_wconf 66' lang='grc' dir='ltr'>ν</span> <span class='ocrx_word' id='word_1_79' title='bbox 3226 1115 3240 1129; x_wconf 66' lang='grc' dir='ltr'>ς</span> <span class='ocrx_word' id='word_1_80' title='bbox 3298 1118 3308 1129; x_wconf 94' lang='grc'><strong><em>.</em></strong></span> <span class='ocrx_word' id='word_1_81' title='bbox 3513 1115 3527 1129; x_wconf 61' lang='grc' dir='ltr'>ι</span> <span class='ocrx_word' id='word_1_82' title='bbox 3675 1111 3714 1129; x_wconf 52' lang='grc' dir='ltr'>,ς</span> 
     </span>
    </p>
   </div>
   <div class='ocr_carea' id='block_1_14' title="bbox 385 1111 2017 1213">
    <p class='ocr_par' dir='ltr' id='par_1_14' title="bbox 385 1135 2013 1213">
     <span class='ocr_line' id='line_1_15' title="bbox 385 1135 2013 1213; baseline -0.009 -14"><span class='ocrx_word' id='word_1_83' title='bbox 385 1145 574 1208; x_wconf 80' lang='lat' dir='ltr'>Quare</span> <span class='ocrx_word' id='word_1_84' title='bbox 607 1140 860 1213; x_wconf 92' lang='lat' dir='ltr'>populus</span> <span class='ocrx_word' id='word_1_85' title='bbox 893 1139 1205 1194; x_wconf 87' lang='lat' dir='ltr'>universus</span> <span class='ocrx_word' id='word_1_86' title='bbox 1253 1153 1387 1191; x_wconf 87' lang='lat' dir='ltr'>cum</span> <span class='ocrx_word' id='word_1_87' title='bbox 1447 1135 1803 1204; x_wconf 76' lang='lat' dir='ltr'>imperatore</span> <span class='ocrx_word' id='word_1_88' title='bbox 1831 1136 1890 1185; x_wconf 91' lang='lat' dir='ltr'>et</span> <span class='ocrx_word' id='word_1_89' title='bbox 1937 1147 2013 1202; x_wconf 92' lang='lat' dir='ltr'>pa</span> 
     </span>
    </p>
   </div>
   <div class='ocr_carea' id='block_1_15' title="bbox 2175 1111 3807 1213">
    <p class='ocr_par' dir='ltr' id='par_1_15' title="bbox 2175 1111 3807 1213">
     <span class='ocr_line' id='line_1_16' title="bbox 2175 1111 3782 1190; baseline 0.001 -23"><span class='ocrx_word' id='word_1_90' title='bbox 2175 1111 2241 1167; x_wconf 79' lang='grc' dir='ltr'>’ὺν</span> <span class='ocrx_word' id='word_1_91' title='bbox 2272 1117 2350 1184; x_wconf 81' lang='grc' dir='ltr'>τῷ</span> <span class='ocrx_word' id='word_1_92' title='bbox 2398 1111 2614 1188; x_wconf 83' lang='grc' dir='ltr'>βασιλεῖ</span> <span class='ocrx_word' id='word_1_93' title='bbox 2642 1113 2730 1168; x_wconf 88' lang='grc' dir='ltr'>καὶ</span> <span class='ocrx_word' id='word_1_94' title='bbox 2760 1118 2838 1186; x_wconf 83' lang='grc' dir='ltr'>τῷ</span> <span class='ocrx_word' id='word_1_95' title='bbox 2871 1114 3185 1190; x_wconf 79' lang='grc' dir='ltr'>πατριάρχῃ</span> <span class='ocrx_word' id='word_1_96' title='bbox 3217 1115 3435 1177; x_wconf 84' lang='grc' dir='ltr'>ἀφέντες</span> <span class='ocrx_word' id='word_1_97' title='bbox 3468 1115 3567 1182; x_wconf 69' lang='grc' dir='ltr'>τὴν</span> <span class='ocrx_word' id='word_1_98' title='bbox 3619 1111 3782 1168; x_wconf 82' lang='grc' dir='ltr'>πόλιν</span> 
     </span>
     <span class='ocr_line' id='line_1_17' title="bbox 2179 1187 3807 1213; baseline -0.001 0"><span class='ocrx_word' id='word_1_99' title='bbox 2179 1200 2263 1213; x_wconf 60' lang='grc' dir='ltr'>..-ι</span> <span class='ocrx_word' id='word_1_100' title='bbox 2413 1201 2426 1213; x_wconf 70' lang='grc' dir='ltr'><strong>ι</strong></span> <span class='ocrx_word' id='word_1_101' title='bbox 2552 1207 2579 1213; x_wconf 79' lang='grc'>.-</span> <span class='ocrx_word' id='word_1_102' title='bbox 2701 1204 2710 1213; x_wconf 79' lang='lat'><strong><em>.</em></strong></span> <span class='ocrx_word' id='word_1_103' title='bbox 2957 1202 2973 1213; x_wconf 64' lang='grc' dir='ltr'>ι</span> <span class='ocrx_word' id='word_1_104' title='bbox 3076 1203 3086 1213; x_wconf 78' lang='grc'>.</span> <span class='ocrx_word' id='word_1_105' title='bbox 3271 1207 3298 1213; x_wconf 67' lang='grc'>.-</span> <span class='ocrx_word' id='word_1_106' title='bbox 3364 1199 3490 1213; x_wconf 55' lang='grc' dir='ltr'>ι-οα</span> <span class='ocrx_word' id='word_1_107' title='bbox 3511 1205 3520 1213; x_wconf 90' lang='grc'><em>.</em></span> <span class='ocrx_word' id='word_1_108' title='bbox 3793 1187 3807 1212; x_wconf 63' lang='grc' dir='ltr'><strong>ν</strong></span> 
     </span>
    </p>
   </div>
   <div class='ocr_carea' id='block_1_16' title="bbox 383 1199 2015 1306">
    <p class='ocr_par' dir='ltr' id='par_1_16' title="bbox 383 1220 2015 1299">
     <span class='ocr_line' id='line_1_18' title="bbox 383 1220 2015 1299; baseline -0.009 -12"><span class='ocrx_word' id='word_1_109' title='bbox 383 1232 663 1299; x_wconf 88' lang='lat' dir='ltr'>triarcha,</span> <span class='ocrx_word' id='word_1_110' title='bbox 723 1229 932 1284; x_wconf 91' lang='lat' dir='ltr'>relicta</span> <span class='ocrx_word' id='word_1_111' title='bbox 988 1227 1155 1295; x_wconf 87' lang='lat' dir='ltr'>urbe,</span> <span class='ocrx_word' id='word_1_112' title='bbox 1214 1224 1356 1280; x_wconf 82' lang='lat' dir='ltr'>exiit</span> <span class='ocrx_word' id='word_1_113' title='bbox 1419 1224 1481 1278; x_wconf 91' lang='lat' dir='ltr'>in</span> <span class='ocrx_word' id='word_1_114' title='bbox 1541 1237 1817 1292; x_wconf 83' lang='lat' dir='ltr'>campum</span> <span class='ocrx_word' id='word_1_115' title='bbox 1867 1220 2015 1291; x_wconf 72' lang='lat' dir='ltr'>juxta</span> 
     </span>
    </p>
   </div>
   <div class='ocr_carea' id='block_1_17' title="bbox 2178 1199 3810 1306">
    <p class='ocr_par' dir='ltr' id='par_1_17' title="bbox 2178 1199 3810 1276">
     <span class='ocr_line' id='line_1_19' title="bbox 2178 1199 3810 1276; baseline 0.002 -21"><span class='ocrx_word' id='word_1_116' title='bbox 2178 1200 2374 1274; x_wconf 76' lang='grc' dir='ltr'>ξῆλθον</span> <span class='ocrx_word' id='word_1_117' title='bbox 2408 1201 2460 1256; x_wconf 85' lang='grc' dir='ltr'>ἐν</span> <span class='ocrx_word' id='word_1_118' title='bbox 2513 1207 2592 1275; x_wconf 82' lang='grc' dir='ltr'>τῷ</span> <span class='ocrx_word' id='word_1_119' title='bbox 2648 1204 2855 1276; x_wconf 81' lang='grc' dir='ltr'>κάμπῳ</span> <span class='ocrx_word' id='word_1_120' title='bbox 2913 1202 3147 1274; x_wconf 75' lang='grc' dir='ltr'>πλησίον</span> <span class='ocrx_word' id='word_1_121' title='bbox 3204 1207 3302 1259; x_wconf 87' lang='grc' dir='ltr'>τοῦ</span> <span class='ocrx_word' id='word_1_122' title='bbox 3364 1199 3658 1276; x_wconf 80' lang='grc' dir='ltr'>Ἐϐδόμου,</span> <span class='ocrx_word' id='word_1_123' title='bbox 3718 1199 3810 1270; x_wconf 58' lang='lat' dir='ltr'>xui</span> 
     </span>
    </p>
   </div>
   <div class='ocr_carea' id='block_1_18' title="bbox 386 1287 2018 1387">
    <p class='ocr_par' dir='ltr' id='par_1_18' title="bbox 386 1307 2014 1387">
     <span class='ocr_line' id='line_1_20' title="bbox 386 1307 2014 1387; baseline -0.009 -11"><span class='ocrx_word' id='word_1_124' title='bbox 386 1320 776 1385; x_wconf 84' lang='lat' dir='ltr'>Hebdomum,</span> <span class='ocrx_word' id='word_1_125' title='bbox 805 1317 1005 1387; x_wconf 89' lang='lat' dir='ltr'>ibique</span> <span class='ocrx_word' id='word_1_126' title='bbox 1037 1312 1531 1381; x_wconf 81' lang='lat' dir='ltr'>commorabatur,</span> <span class='ocrx_word' id='word_1_127' title='bbox 1564 1327 1630 1365; x_wconf 93' lang='lat' dir='ltr'>eo</span> <span class='ocrx_word' id='word_1_128' title='bbox 1663 1307 1820 1380; x_wconf 91' lang='lat' dir='ltr'>quod</span> <span class='ocrx_word' id='word_1_129' title='bbox 1845 1313 2014 1362; x_wconf 64' lang='lat' dir='ltr'>terra;</span> 
     </span>
    </p>
   </div>
   <div class='ocr_carea' id='block_1_19' title="bbox 2173 1287 3805 1387">
    <p class='ocr_par' dir='ltr' id='par_1_19' title="bbox 2179 1290 3805 1366">
     <span class='ocr_line' id='line_1_21' title="bbox 2179 1290 3805 1366; baseline 0.001 -22"><span class='ocrx_word' id='word_1_130' title='bbox 2179 1311 2336 1363; x_wconf 91' lang='grc' dir='ltr'>μενον</span> <span class='ocrx_word' id='word_1_131' title='bbox 2373 1290 2504 1348; x_wconf 74' lang='grc' dir='ltr'>ἐκεῖ.</span> <span class='ocrx_word' id='word_1_132' title='bbox 2567 1291 2714 1346; x_wconf 89' lang='grc' dir='ltr'>Διότι</span> <span class='ocrx_word' id='word_1_133' title='bbox 2775 1291 3186 1354; x_wconf 83' lang='grc' dir='ltr'>ἆκατάπαυστος</span> <span class='ocrx_word' id='word_1_134' title='bbox 3225 1295 3290 1361; x_wconf 74' lang='grc' dir='ltr'>ἦν</span> <span class='ocrx_word' id='word_1_135' title='bbox 3327 1293 3354 1347; x_wconf 89' lang='grc' dir='ltr'>ὁ</span> <span class='ocrx_word' id='word_1_136' title='bbox 3404 1292 3648 1366; x_wconf 90' lang='grc' dir='ltr'>σεισμός.</span> <span class='ocrx_word' id='word_1_137' title='bbox 3705 1300 3805 1347; x_wconf 87' lang='grc' dir='ltr'>Λι-</span> 
     </span>
    </p>
   </div>
   <div class='ocr_carea' id='block_1_20' title="bbox 385 1377 2017 1477">
    <p class='ocr_par' dir='ltr' id='par_1_20' title="bbox 385 1395 2017 1477">
     <span class='ocr_line' id='line_1_22' title="bbox 385 1395 2017 1477; baseline -0.009 -13"><span class='ocrx_word' id='word_1_138' title='bbox 385 1413 581 1465; x_wconf 89' lang='lat' dir='ltr'>motus</span> <span class='ocrx_word' id='word_1_139' title='bbox 613 1423 922 1477; x_wconf 86' lang='lat' dir='ltr'>nunquam</span> <span class='ocrx_word' id='word_1_140' title='bbox 973 1409 1250 1460; x_wconf 82' lang='lat' dir='ltr'>cessaret.</span> <span class='ocrx_word' id='word_1_141' title='bbox 1301 1403 1449 1456; x_wconf 90' lang='lat' dir='ltr'>Dum</span> <span class='ocrx_word' id='word_1_142' title='bbox 1509 1404 1704 1456; x_wconf 91' lang='lat' dir='ltr'>autem</span> <span class='ocrx_word' id='word_1_143' title='bbox 1731 1395 2017 1468; x_wconf 87' lang='lat' dir='ltr'>supplica-</span> 
     </span>
    </p>
   </div>
   <div class='ocr_carea' id='block_1_21' title="bbox 2177 1377 3809 1477">
    <p class='ocr_par' dir='ltr' id='par_1_21' title="bbox 2180 1377 3809 1458">
     <span class='ocr_line' id='line_1_23' title="bbox 2180 1377 3809 1458; baseline 0.003 -25"><span class='ocrx_word' id='word_1_144' title='bbox 2180 1380 2476 1436; x_wconf 89' lang='grc' dir='ltr'>ανευόντων</span> <span class='ocrx_word' id='word_1_145' title='bbox 2513 1378 2571 1436; x_wconf 74' lang='grc' dir='ltr'>δὲ</span> <span class='ocrx_word' id='word_1_146' title='bbox 2602 1381 2708 1436; x_wconf 83' lang='grc' dir='ltr'>ἀπὸ</span> <span class='ocrx_word' id='word_1_147' title='bbox 2765 1386 2862 1437; x_wconf 89' lang='grc' dir='ltr'>τοῦ</span> <span class='ocrx_word' id='word_1_148' title='bbox 2895 1377 3134 1456; x_wconf 73' lang='grc' dir='ltr'>ἑϐδόμου</span> <span class='ocrx_word' id='word_1_149' title='bbox 3167 1383 3243 1445; x_wconf 76' lang='grc' dir='ltr'>εἷς</span> <span class='ocrx_word' id='word_1_150' title='bbox 3299 1384 3391 1438; x_wconf 86' lang='grc' dir='ltr'>τὸν</span> <span class='ocrx_word' id='word_1_151' title='bbox 3424 1385 3638 1456; x_wconf 79' lang='grc' dir='ltr'>κάμπον</span> <span class='ocrx_word' id='word_1_152' title='bbox 3672 1381 3809 1458; x_wconf 80' lang='grc' dir='ltr'>πρὸς</span> 
     </span>
    </p>
   </div>
   <div class='ocr_carea' id='block_1_22' title="bbox 384 1465 2016 1562">
    <p class='ocr_par' dir='ltr' id='par_1_22' title="bbox 384 1465 2016 1562">
     <span class='ocr_line' id='line_1_24' title="bbox 384 1465 2016 1562; baseline -0.008 -10"><span class='ocrx_word' id='word_1_153' title='bbox 384 1499 578 1552; x_wconf 89' lang='lat' dir='ltr'>tiones</span> <span class='ocrx_word' id='word_1_154' title='bbox 612 1496 684 1551; x_wconf 91' lang='lat' dir='ltr'>ab</span> <span class='ocrx_word' id='word_1_155' title='bbox 726 1465 1029 1550; x_wconf 62' lang='lat' dir='ltr'>Iiebdomo</span> <span class='ocrx_word' id='word_1_156' title='bbox 1075 1492 1137 1546; x_wconf 91' lang='lat' dir='ltr'>in</span> <span class='ocrx_word' id='word_1_157' title='bbox 1182 1506 1458 1562; x_wconf 87' lang='lat' dir='ltr'>campum</span> <span class='ocrx_word' id='word_1_158' title='bbox 1515 1487 1590 1543; x_wconf 92' lang='lat' dir='ltr'>ad</span> <span class='ocrx_word' id='word_1_159' title='bbox 1647 1465 2016 1542; x_wconf 42' lang='lat' dir='ltr'>tribun—aliun</span> 
     </span>
    </p>
   </div>
   <div class='ocr_carea' id='block_1_23' title="bbox 2180 1465 3812 1562">
    <p class='ocr_par' dir='ltr' id='par_1_23' title="bbox 2180 1465 3812 1548">
     <span class='ocr_line' id='line_1_25' title="bbox 2180 1465 3812 1548; baseline 0.002 -25"><span class='ocrx_word' id='word_1_160' title='bbox 2180 1469 2208 1524; x_wconf 84' lang='grc' dir='ltr'>ὸ</span> <span class='ocrx_word' id='word_1_161' title='bbox 2236 1465 2646 1545; x_wconf 77' lang='grc' dir='ltr'>τριϐουνάλιον,</span> <span class='ocrx_word' id='word_1_162' title='bbox 2675 1473 2765 1526; x_wconf 86' lang='grc' dir='ltr'>καὶ</span> <span class='ocrx_word' id='word_1_163' title='bbox 2818 1472 3249 1547; x_wconf 67' lang='grc' dir='ltr'>προστιθεμένου</span> <span class='ocrx_word' id='word_1_164' title='bbox 3309 1472 3388 1537; x_wconf 83' lang='grc' dir='ltr'>εἰς</span> <span class='ocrx_word' id='word_1_165' title='bbox 3445 1474 3529 1541; x_wconf 87' lang='grc' dir='ltr'>τὸ,</span> <span class='ocrx_word' id='word_1_166' title='bbox 3563 1479 3754 1548; x_wconf 82' lang='grc' dir='ltr'>’Ἀγιος</span> <span class='ocrx_word' id='word_1_167' title='bbox 3784 1473 3812 1526; x_wconf 84' lang='grc' dir='ltr'>ὁ</span> 
     </span>
    </p>
   </div>
   <div class='ocr_carea' id='block_1_24' title="bbox 386 1559 2018 1657">
    <p class='ocr_par' dir='ltr' id='par_1_24' title="bbox 386 1559 2018 1657">
     <span class='ocr_line' id='line_1_26' title="bbox 386 1559 2018 1657; baseline -0.009 -16"><span class='ocrx_word' id='word_1_168' title='bbox 386 1587 618 1657; x_wconf 86' lang='lat' dir='ltr'>ﬁerent,</span> <span class='ocrx_word' id='word_1_169' title='bbox 647 1591 824 1656; x_wconf 89' lang='lat' dir='ltr'>atque</span> <span class='ocrx_word' id='word_1_170' title='bbox 861 1585 982 1638; x_wconf 81' lang='lat' dir='ltr'>illis</span> <span class='ocrx_word' id='word_1_171' title='bbox 1039 1582 1232 1636; x_wconf 82' lang='lat' dir='ltr'>verbis</span> <span class='ocrx_word' id='word_1_172' title='bbox 1281 1559 1582 1636; x_wconf 42' lang='lat' dir='ltr'>z—Sanctus</span> <span class='ocrx_word' id='word_1_173' title='bbox 1614 1580 1773 1644; x_wconf 89' lang='lat' dir='ltr'>Deus,</span> <span class='ocrx_word' id='word_1_174' title='bbox 1822 1580 2018 1632; x_wconf 84' lang='lat' dir='ltr'>sanctu.</span> 
     </span>
    </p>
   </div>
   <div class='ocr_carea' id='block_1_25' title="bbox 2176 1559 3808 1657">
    <p class='ocr_par' dir='ltr' id='par_1_25' title="bbox 2176 1559 3808 1637">
     <span class='ocr_line' id='line_1_27' title="bbox 2176 1559 3808 1637; baseline 0.004 -25"><span class='ocrx_word' id='word_1_175' title='bbox 2176 1559 2298 1628; x_wconf 61' lang='lat' dir='ltr'>laba,</span> <span class='ocrx_word' id='word_1_176' title='bbox 2382 1561 2534 1636; x_wconf 79' lang='grc' dir='ltr'>ἅγιος</span> <span class='ocrx_word' id='word_1_177' title='bbox 2598 1559 2847 1637; x_wconf 77' lang='grc' dir='ltr'>ἷσχυρὸς,</span> <span class='ocrx_word' id='word_1_178' title='bbox 2907 1563 3062 1637; x_wconf 80' lang='grc' dir='ltr'>ἅγιος</span> <span class='ocrx_word' id='word_1_179' title='bbox 3147 1561 3435 1626; x_wconf 78' lang='grc' dir='ltr'>ἀθάνατος·</span> <span class='ocrx_word' id='word_1_180' title='bbox 3547 1566 3666 1631; x_wconf 87' lang='grc' dir='ltr'>τοῦ,</span> <span class='ocrx_word' id='word_1_181' title='bbox 3747 1562 3808 1618; x_wconf 92' lang='grc' dir='ltr'>Ὁ</span> 
     </span>
    </p>
   </div>
   <div class='ocr_carea' id='block_1_26' title="bbox 384 1646 2016 1744">
    <p class='ocr_par' dir='ltr' id='par_1_26' title="bbox 384 1646 2016 1744">
     <span class='ocr_line' id='line_1_28' title="bbox 384 1646 2016 1744; baseline -0.008 -13"><span class='ocrx_word' id='word_1_182' title='bbox 384 1675 573 1744; x_wconf 78' lang='lat' dir='ltr'>fortis,</span> <span class='ocrx_word' id='word_1_183' title='bbox 604 1646 836 1729; x_wconf 67' lang='lat' dir='ltr'>sanctus</span> <span class='ocrx_word' id='word_1_184' title='bbox 896 1671 1244 1733; x_wconf 77' lang='lat' dir='ltr'>immortalis,</span> <span class='ocrx_word' id='word_1_185' title='bbox 1303 1670 1429 1724; x_wconf 68' lang='lat' dir='ltr'>haec</span> <span class='ocrx_word' id='word_1_186' title='bbox 1479 1667 1861 1730; x_wconf 88' lang='lat' dir='ltr'>adderentur,</span> <span class='ocrx_word' id='word_1_187' title='bbox 1935 1666 2016 1728; x_wconf 84' lang='lat' dir='ltr'>Qu</span> 
     </span>
    </p>
   </div>
   <div class='ocr_carea' id='block_1_27' title="bbox 2180 1646 3812 1744">
    <p class='ocr_par' dir='ltr' id='par_1_27' title="bbox 2181 1646 3812 1726">
     <span class='ocr_line' id='line_1_29' title="bbox 2181 1646 3812 1726; baseline 0.001 -24"><span class='ocrx_word' id='word_1_188' title='bbox 2181 1650 2478 1721; x_wconf 88' lang='grc' dir='ltr'>ταυρωθεὶς</span> <span class='ocrx_word' id='word_1_189' title='bbox 2519 1647 2588 1704; x_wconf 84' lang='grc' dir='ltr'>δι’</span> <span class='ocrx_word' id='word_1_190' title='bbox 2627 1653 2797 1722; x_wconf 80' lang='grc' dir='ltr'>ἡμᾶς,</span> <span class='ocrx_word' id='word_1_191' title='bbox 2858 1646 2990 1726; x_wconf 78' lang='grc' dir='ltr'>ὅπερ</span> <span class='ocrx_word' id='word_1_192' title='bbox 3048 1653 3114 1720; x_wconf 71' lang='grc' dir='ltr'>ἦν</span> <span class='ocrx_word' id='word_1_193' title='bbox 3172 1653 3272 1720; x_wconf 76' lang='grc' dir='ltr'>τῆς</span> <span class='ocrx_word' id='word_1_194' title='bbox 3328 1655 3438 1706; x_wconf 81' lang='grc' dir='ltr'>τῶν</span> <span class='ocrx_word' id='word_1_195' title='bbox 3494 1657 3812 1725; x_wconf 81' lang='grc' dir='ltr'>Θεοπασχυ-</span> 
     </span>
    </p>
   </div>
   <div class='ocr_carea' id='block_1_28' title="bbox 389 1735 2021 1835">
    <p class='ocr_par' dir='ltr' id='par_1_28' title="bbox 389 1754 2021 1835">
     <span class='ocr_line' id='line_1_30' title="bbox 389 1754 2021 1835; baseline -0.008 -15"><span class='ocrx_word' id='word_1_196' title='bbox 389 1766 680 1835; x_wconf 66' lang='lat' dir='ltr'>cruciﬁxus</span> <span class='ocrx_word' id='word_1_197' title='bbox 709 1780 763 1818; x_wconf 91' lang='lat' dir='ltr'>es</span> <span class='ocrx_word' id='word_1_198' title='bbox 785 1779 893 1834; x_wconf 85' lang='lat' dir='ltr'>pro</span> <span class='ocrx_word' id='word_1_199' title='bbox 921 1763 1094 1827; x_wconf 82' lang='lat' dir='ltr'>nobis,</span> <span class='ocrx_word' id='word_1_200' title='bbox 1129 1775 1258 1831; x_wconf 75' lang='lat' dir='ltr'>qum</span> <span class='ocrx_word' id='word_1_201' title='bbox 1292 1776 1361 1813; x_wconf 93' lang='lat' dir='ltr'>ex</span> <span class='ocrx_word' id='word_1_202' title='bbox 1405 1758 1614 1812; x_wconf 71' lang='lat' dir='ltr'>hazresi</span> <span class='ocrx_word' id='word_1_203' title='bbox 1645 1754 2021 1825; x_wconf 86' lang='lat' dir='ltr'>TheOpaschi-</span> 
     </span>
    </p>
   </div>
   <div class='ocr_carea' id='block_1_29' title="bbox 2178 1735 3810 1835">
    <p class='ocr_par' dir='ltr' id='par_1_29' title="bbox 2180 1735 3810 1816">
     <span class='ocr_line' id='line_1_31' title="bbox 2180 1735 3810 1816; baseline 0.002 -25"><span class='ocrx_word' id='word_1_204' title='bbox 2180 1742 2252 1792; x_wconf 80' lang='grc' dir='ltr'>ὧν</span> <span class='ocrx_word' id='word_1_205' title='bbox 2301 1735 2560 1814; x_wconf 77' lang='grc' dir='ltr'>αἱρέσεως</span> <span class='ocrx_word' id='word_1_206' title='bbox 2649 1740 3120 1816; x_wconf 78' lang='grc' dir='ltr'>βλασφημούντων</span> <span class='ocrx_word' id='word_1_207' title='bbox 3209 1739 3294 1796; x_wconf 76' lang='grc' dir='ltr'>ὅτι</span> <span class='ocrx_word' id='word_1_208' title='bbox 3376 1741 3467 1796; x_wconf 81' lang='grc' dir='ltr'>καὶ</span> <span class='ocrx_word' id='word_1_209' title='bbox 3526 1743 3560 1810; x_wconf 82' lang='grc' dir='ltr'>ἠ</span> <span class='ocrx_word' id='word_1_210' title='bbox 3619 1740 3810 1810; x_wconf 86' lang='grc' dir='ltr'>θεότης</span> 
     </span>
    </p>
   </div>
   <div class='ocr_carea' id='block_1_30' title="bbox 388 1825 2020 1952">
    <p class='ocr_par' dir='ltr' id='par_1_30' title="bbox 388 1825 2020 1922">
     <span class='ocr_line' id='line_1_32' title="bbox 388 1825 2020 1922; baseline -0.009 -13"><span class='ocrx_word' id='word_1_211' title='bbox 388 1825 583 1909; x_wconf 84' lang='lat' dir='ltr'>tarum</span> <span class='ocrx_word' id='word_1_212' title='bbox 633 1825 805 1908; x_wconf 73' lang='lat' dir='ltr'>erant</span> <span class='ocrx_word' id='word_1_213' title='bbox 830 1825 1371 1922; x_wconf 74' lang='lat' dir='ltr'>blasphemantium</span> <span class='ocrx_word' id='word_1_214' title='bbox 1402 1852 1578 1917; x_wconf 90' lang='lat' dir='ltr'>atque</span> <span class='ocrx_word' id='word_1_215' title='bbox 1609 1843 2020 1900; x_wconf 82' lang='lat' dir='ltr'>afﬁrmantiun</span> 
     </span>
    </p>
   </div>
   <div class='ocr_carea' id='block_1_31' title="bbox 2178 1825 3810 1952">
    <p class='ocr_par' dir='ltr' id='par_1_31' title="bbox 2178 1826 3810 1952">
     <span class='ocr_line' id='line_1_33' title="bbox 2180 1826 3810 1906; baseline 0.001 -26"><span class='ocrx_word' id='word_1_216' title='bbox 2180 1838 2343 1891; x_wconf 91' lang='grc' dir='ltr'>παθεν</span> <span class='ocrx_word' id='word_1_217' title='bbox 2377 1827 2428 1882; x_wconf 85' lang='grc' dir='ltr'>έν</span> <span class='ocrx_word' id='word_1_218' title='bbox 2485 1832 2567 1901; x_wconf 80' lang='grc' dir='ltr'>τῷ</span> <span class='ocrx_word' id='word_1_219' title='bbox 2627 1833 2862 1903; x_wconf 78' lang='grc' dir='ltr'>σταυρῷ·</span> <span class='ocrx_word' id='word_1_220' title='bbox 2921 1828 3173 1906; x_wconf 69' lang='grc' dir='ltr'>ἐξαίφνης</span> <span class='ocrx_word' id='word_1_221' title='bbox 3243 1826 3460 1885; x_wconf 83' lang='grc' dir='ltr'>παιδίον</span> <span class='ocrx_word' id='word_1_222' title='bbox 3529 1827 3586 1884; x_wconf 82' lang='grc' dir='ltr'>ἐκ</span> <span class='ocrx_word' id='word_1_223' title='bbox 3646 1830 3810 1901; x_wconf 89' lang='grc' dir='ltr'>μέσου</span> 
     </span>
     <span class='ocr_line' id='line_1_34' title="bbox 2178 1915 3788 1952; baseline 0 0"><span class='ocrx_word' id='word_1_224' title='bbox 2178 1921 2250 1952; x_wconf 39' lang='lat' dir='ltr'>ut:</span> <span class='ocrx_word' id='word_1_225' title='bbox 2307 1915 2553 1952; x_wconf 59' lang='grc' dir='ltr'>...δηιοληρ</span> <span class='ocrx_word' id='word_1_226' title='bbox 2637 1919 2875 1952; x_wconf 58' lang='grc' dir='ltr'>,ιη--..λη</span> <span class='ocrx_word' id='word_1_227' title='bbox 2979 1919 3058 1952; x_wconf 55' lang='grc' dir='ltr'>Α-</span> <span class='ocrx_word' id='word_1_228' title='bbox 3139 1919 3232 1952; x_wconf 69' lang='grc' dir='ltr'>,λη</span> <span class='ocrx_word' id='word_1_229' title='bbox 3319 1918 3444 1952; x_wconf 67' lang='grc' dir='ltr'>λι-..</span> <span class='ocrx_word' id='word_1_230' title='bbox 3508 1917 3788 1952; x_wconf 63' lang='grc' dir='ltr'>,ιηωιηη</span> 
     </span>
    </p>
   </div>
   <div class='ocr_carea' id='block_1_32' title="bbox 390 1915 2022 2009">
    <p class='ocr_par' dir='ltr' id='par_1_32' title="bbox 390 1935 2022 2009">
     <span class='ocr_line' id='line_1_35' title="bbox 390 1935 2022 2009; baseline -0.007 -11"><span class='ocrx_word' id='word_1_231' title='bbox 390 1943 758 1998; x_wconf 86' lang='lat' dir='ltr'>divinitatem</span> <span class='ocrx_word' id='word_1_232' title='bbox 787 1942 964 1997; x_wconf 91' lang='lat' dir='ltr'>etiam</span> <span class='ocrx_word' id='word_1_233' title='bbox 985 1940 1046 1994; x_wconf 91' lang='lat' dir='ltr'>in</span> <span class='ocrx_word' id='word_1_234' title='bbox 1069 1956 1241 1995; x_wconf 88' lang='lat' dir='ltr'>cruce</span> <span class='ocrx_word' id='word_1_235' title='bbox 1273 1953 1506 2009; x_wconf 86' lang='lat' dir='ltr'>passam</span> <span class='ocrx_word' id='word_1_236' title='bbox 1537 1935 1720 1990; x_wconf 89' lang='lat' dir='ltr'>fuisse</span> <span class='ocrx_word' id='word_1_237' title='bbox 1745 1937 2022 2004; x_wconf 81' lang='lat' dir='ltr'>;arreptu:</span> 
     </span>
    </p>
   </div>
   <div class='ocr_carea' id='block_1_33' title="bbox 2177 1915 3809 2009">
    <p class='ocr_par' dir='ltr' id='par_1_33' title="bbox 2177 1915 3809 1996">
     <span class='ocr_line' id='line_1_36' title="bbox 2177 1915 3809 1996; baseline 0.003 -27"><span class='ocrx_word' id='word_1_238' title='bbox 2177 1921 2250 1970; x_wconf 75' lang='grc' dir='ltr'>τοῦ</span> <span class='ocrx_word' id='word_1_239' title='bbox 2307 1915 2553 1988; x_wconf 77' lang='grc' dir='ltr'>πλήθους</span> <span class='ocrx_word' id='word_1_240' title='bbox 2636 1919 2898 1993; x_wconf 75' lang='grc' dir='ltr'>ἀρπαγέν,</span> <span class='ocrx_word' id='word_1_241' title='bbox 2979 1919 3058 1980; x_wconf 68' lang='grc' dir='ltr'>εἷς</span> <span class='ocrx_word' id='word_1_242' title='bbox 3139 1919 3232 1974; x_wconf 88' lang='grc' dir='ltr'>τὸν</span> <span class='ocrx_word' id='word_1_243' title='bbox 3317 1918 3446 1994; x_wconf 87' lang='grc' dir='ltr'>ἀέρα</span> <span class='ocrx_word' id='word_1_244' title='bbox 3507 1917 3809 1996; x_wconf 80' lang='grc' dir='ltr'>ἀνεφέρετο.</span> 
     </span>
    </p>
   </div>
   <div class='ocr_carea' id='block_1_34' title="bbox 391 2005 2023 2102">
    <p class='ocr_par' dir='ltr' id='par_1_34' title="bbox 391 2005 2021 2101">
     <span class='ocr_line' id='line_1_37' title="bbox 391 2005 2021 2101; baseline -0.007 -13"><span class='ocrx_word' id='word_1_245' title='bbox 391 2034 463 2089; x_wconf 91' lang='lat' dir='ltr'>de</span> <span class='ocrx_word' id='word_1_246' title='bbox 496 2032 693 2087; x_wconf 90' lang='lat' dir='ltr'>media</span> <span class='ocrx_word' id='word_1_247' title='bbox 712 2031 886 2086; x_wconf 89' lang='lat' dir='ltr'>turba</span> <span class='ocrx_word' id='word_1_248' title='bbox 913 2033 1156 2101; x_wconf 89' lang='lat' dir='ltr'>repente</span> <span class='ocrx_word' id='word_1_249' title='bbox 1179 2005 1346 2098; x_wconf 81' lang='lat' dir='ltr'>puer,</span> <span class='ocrx_word' id='word_1_250' title='bbox 1375 2043 1481 2098; x_wconf 89' lang='lat' dir='ltr'>per</span> <span class='ocrx_word' id='word_1_251' title='bbox 1503 2041 1700 2080; x_wconf 90' lang='lat' dir='ltr'>aerem</span> <span class='ocrx_word' id='word_1_252' title='bbox 1723 2022 2021 2078; x_wconf 86' lang='lat' dir='ltr'>ferebatur</span> 
     </span>
    </p>
   </div>
   <div class='ocr_carea' id='block_1_35' title="bbox 2185 2005 3817 2102">
    <p class='ocr_par' dir='ltr' id='par_1_35' title="bbox 2185 2005 3817 2102">
     <span class='ocr_line' id='line_1_38' title="bbox 2185 2005 3817 2102; baseline 0.001 -40"><span class='ocrx_word' id='word_1_253' title='bbox 2185 2010 2375 2063; x_wconf 76' lang='grc' dir='ltr'>Ιάντων</span> <span class='ocrx_word' id='word_1_254' title='bbox 2549 2009 2682 2081; x_wconf 84' lang='grc' dir='ltr'>μετᾶ</span> <span class='ocrx_word' id='word_1_255' title='bbox 2730 2005 2903 2083; x_wconf 78' lang='grc' dir='ltr'>φόϐου</span> <span class='ocrx_word' id='word_1_256' title='bbox 2959 2009 3266 2085; x_wconf 86' lang='grc' dir='ltr'>κραζόντων</span> <span class='ocrx_word' id='word_1_257' title='bbox 3316 2011 3378 2064; x_wconf 88' lang='grc' dir='ltr'>τὸ</span> <span class='ocrx_word' id='word_1_258' title='bbox 3437 2009 3604 2084; x_wconf 73' lang='grc' dir='ltr'>Κύριε</span> <span class='ocrx_word' id='word_1_259' title='bbox 3659 2008 3817 2079; x_wconf 84' lang='grc' dir='ltr'>ἐλέη-</span> 
     </span>
    </p>
   </div>
   <div class='ocr_carea' id='block_1_36' title="bbox 389 2091 2021 2194">
    <p class='ocr_par' dir='ltr' id='par_1_36' title="bbox 389 2114 2021 2194">
     <span class='ocr_line' id='line_1_39' title="bbox 389 2114 2021 2194; baseline -0.007 -16"><span class='ocrx_word' id='word_1_260' title='bbox 389 2123 652 2194; x_wconf 90' lang='lat' dir='ltr'>Cumque</span> <span class='ocrx_word' id='word_1_261' title='bbox 714 2137 922 2176; x_wconf 90' lang='lat' dir='ltr'>omnes</span> <span class='ocrx_word' id='word_1_262' title='bbox 979 2118 1279 2190; x_wconf 89' lang='lat' dir='ltr'>perterriti</span> <span class='ocrx_word' id='word_1_263' title='bbox 1350 2115 1814 2184; x_wconf 88' lang='lat' dir='ltr'>conclamarent,</span> <span class='ocrx_word' id='word_1_264' title='bbox 1886 2114 2021 2182; x_wconf 76' lang='lat' dir='ltr'>Kyri</span> 
     </span>
    </p>
   </div>
   <div class='ocr_carea' id='block_1_37' title="bbox 2181 2091 3813 2194">
    <p class='ocr_par' dir='ltr' id='par_1_37' title="bbox 2181 2091 3813 2174">
     <span class='ocr_line' id='line_1_40' title="bbox 2181 2091 3813 2174; baseline -0.001 -24"><span class='ocrx_word' id='word_1_265' title='bbox 2181 2117 2268 2163; x_wconf 78' lang='lat' dir='ltr'>&#39;ov,</span> <span class='ocrx_word' id='word_1_266' title='bbox 2319 2091 2519 2166; x_wconf 80' lang='grc' dir='ltr'>κατὲϐη</span> <span class='ocrx_word' id='word_1_267' title='bbox 2574 2096 2636 2150; x_wconf 86' lang='grc' dir='ltr'>τὸ</span> <span class='ocrx_word' id='word_1_268' title='bbox 2685 2093 2924 2166; x_wconf 84' lang='grc' dir='ltr'>παιδίον,</span> <span class='ocrx_word' id='word_1_269' title='bbox 2983 2097 3057 2159; x_wconf 85' lang='grc' dir='ltr'>ὡς</span> <span class='ocrx_word' id='word_1_270' title='bbox 3133 2097 3236 2151; x_wconf 85' lang='grc' dir='ltr'>ὑπὸ</span> <span class='ocrx_word' id='word_1_271' title='bbox 3294 2094 3525 2174; x_wconf 89' lang='grc' dir='ltr'>νεφέλης</span> <span class='ocrx_word' id='word_1_272' title='bbox 3581 2095 3813 2171; x_wconf 77' lang='grc' dir='ltr'>ἡσύχως</span> 
     </span>
    </p>
   </div>
   <div class='ocr_carea' id='block_1_38' title="bbox 389 2183 2021 2283">
    <p class='ocr_par' dir='ltr' id='par_1_38' title="bbox 389 2183 2021 2283">
     <span class='ocr_line' id='line_1_41' title="bbox 389 2183 2021 2283; baseline -0.007 -15"><span class='ocrx_word' id='word_1_273' title='bbox 389 2183 765 2283; x_wconf 56' lang='lat' dir='ltr'>eleisoiz,puer</span> <span class='ocrx_word' id='word_1_274' title='bbox 795 2183 1076 2280; x_wconf 75' lang='lat' dir='ltr'>tanquam</span> <span class='ocrx_word' id='word_1_275' title='bbox 1111 2207 1267 2262; x_wconf 91' lang='lat' dir='ltr'>nube</span> <span class='ocrx_word' id='word_1_276' title='bbox 1301 2206 1551 2273; x_wconf 88' lang='lat' dir='ltr'>delatus,</span> <span class='ocrx_word' id='word_1_277' title='bbox 1586 2205 1783 2275; x_wconf 91' lang='lat' dir='ltr'>quiete</span> <span class='ocrx_word' id='word_1_278' title='bbox 1800 2183 2021 2258; x_wconf 10' lang='lat' dir='ltr'>rdescen</span> 
     </span>
    </p>
   </div>
   <div class='ocr_carea' id='block_1_39' title="bbox 2178 2183 3810 2283">
    <p class='ocr_par' dir='ltr' id='par_1_39' title="bbox 2178 2183 3810 2259">
     <span class='ocr_line' id='line_1_42' title="bbox 2178 2183 3810 2259; baseline -0.001 -20"><span class='ocrx_word' id='word_1_279' title='bbox 2178 2185 2246 2239; x_wconf 81' lang='lat' dir='ltr'>:ui</span> <span class='ocrx_word' id='word_1_280' title='bbox 2293 2183 2724 2259; x_wconf 81' lang='grc' dir='ltr'>παρεκελεύσατο</span> <span class='ocrx_word' id='word_1_281' title='bbox 2782 2189 2864 2257; x_wconf 77' lang='grc' dir='ltr'>τῷ</span> <span class='ocrx_word' id='word_1_282' title='bbox 2947 2185 3066 2258; x_wconf 86' lang='grc' dir='ltr'>λαῷ</span> <span class='ocrx_word' id='word_1_283' title='bbox 3124 2192 3419 2255; x_wconf 67' lang='grc' dir='ltr'>σιωπῆσαν</span> <span class='ocrx_word' id='word_1_284' title='bbox 3475 2186 3565 2239; x_wconf 82' lang='grc' dir='ltr'>καὶ</span> <span class='ocrx_word' id='word_1_285' title='bbox 3641 2187 3810 2254; x_wconf 81' lang='grc' dir='ltr'>εἶπεν,</span> 
     </span>
    </p>
   </div>
   <div class='ocr_carea' id='block_1_40' title="bbox 392 2273 2024 2371">
    <p class='ocr_par' dir='ltr' id='par_1_40' title="bbox 392 2273 2024 2371">
     <span class='ocr_line' id='line_1_43' title="bbox 392 2273 2024 2371; baseline -0.008 -13"><span class='ocrx_word' id='word_1_286' title='bbox 392 2303 514 2369; x_wconf 89' lang='lat' dir='ltr'>dit;</span> <span class='ocrx_word' id='word_1_287' title='bbox 547 2273 889 2371; x_wconf 78' lang='lat' dir='ltr'>indictoque</span> <span class='ocrx_word' id='word_1_288' title='bbox 918 2273 1186 2366; x_wconf 73' lang='lat' dir='ltr'>silentio,</span> <span class='ocrx_word' id='word_1_289' title='bbox 1219 2297 1290 2352; x_wconf 91' lang='lat' dir='ltr'>ad</span> <span class='ocrx_word' id='word_1_290' title='bbox 1323 2273 1622 2367; x_wconf 73' lang='lat' dir='ltr'>populum</span> <span class='ocrx_word' id='word_1_291' title='bbox 1643 2294 1756 2350; x_wconf 88' lang='lat' dir='ltr'>ait:</span> <span class='ocrx_word' id='word_1_292' title='bbox 1792 2292 2024 2364; x_wconf 85' lang='lat' dir='ltr'>Angelo</span> 
     </span>
    </p>
   </div>
   <div class='ocr_carea' id='block_1_41' title="bbox 2181 2273 3813 2371">
    <p class='ocr_par' dir='ltr' id='par_1_41' title="bbox 2181 2273 3813 2356">
     <span class='ocr_line' id='line_1_44' title="bbox 2181 2273 3813 2356; baseline 0.002 -30"><span class='ocrx_word' id='word_1_293' title='bbox 2181 2275 2240 2330; x_wconf 70' lang='grc' dir='ltr'>ἔτι</span> <span class='ocrx_word' id='word_1_294' title='bbox 2273 2276 2326 2329; x_wconf 74' lang='grc' dir='ltr'>οἱ</span> <span class='ocrx_word' id='word_1_295' title='bbox 2355 2280 2459 2329; x_wconf 81' lang='grc' dir='ltr'>τῶν</span> <span class='ocrx_word' id='word_1_296' title='bbox 2494 2274 2741 2351; x_wconf 83' lang='grc' dir='ltr'>ἀγγέλων</span> <span class='ocrx_word' id='word_1_297' title='bbox 2775 2275 2945 2352; x_wconf 77' lang='grc' dir='ltr'>χοροὶ</span> <span class='ocrx_word' id='word_1_298' title='bbox 2969 2276 3149 2351; x_wconf 82' lang='grc' dir='ltr'>χωρὶς</span> <span class='ocrx_word' id='word_1_299' title='bbox 3178 2283 3278 2345; x_wconf 88' lang='grc' dir='ltr'>τῆς</span> <span class='ocrx_word' id='word_1_300' title='bbox 3312 2277 3633 2346; x_wconf 68' lang='grc' dir='ltr'>προσθήκης</span> <span class='ocrx_word' id='word_1_301' title='bbox 3687 2273 3813 2356; x_wconf 76' lang='grc' dir='ltr'>τοῦ⁹</span> 
     </span>
    </p>
   </div>
   <div class='ocr_carea' id='block_1_42' title="bbox 390 2363 2022 2457">
    <p class='ocr_par' dir='ltr' id='par_1_42' title="bbox 390 2383 2022 2457">
     <span class='ocr_line' id='line_1_45' title="bbox 390 2383 2022 2457; baseline -0.007 -10"><span class='ocrx_word' id='word_1_302' title='bbox 390 2409 524 2448; x_wconf 91' lang='lat' dir='ltr'>rum</span> <span class='ocrx_word' id='word_1_303' title='bbox 555 2391 717 2447; x_wconf 89' lang='lat' dir='ltr'>chori</span> <span class='ocrx_word' id='word_1_304' title='bbox 751 2396 840 2444; x_wconf 92' lang='lat' dir='ltr'>ter</span> <span class='ocrx_word' id='word_1_305' title='bbox 869 2393 1139 2444; x_wconf 91' lang='lat' dir='ltr'>sanctum</span> <span class='ocrx_word' id='word_1_306' title='bbox 1166 2388 1456 2457; x_wconf 83' lang='lat' dir='ltr'>hymnum</span> <span class='ocrx_word' id='word_1_307' title='bbox 1488 2385 1616 2438; x_wconf 91' lang='lat' dir='ltr'>sine</span> <span class='ocrx_word' id='word_1_308' title='bbox 1663 2383 1767 2438; x_wconf 90' lang='lat' dir='ltr'>illa</span> <span class='ocrx_word' id='word_1_309' title='bbox 1822 2398 2022 2454; x_wconf 34' lang='lat' dir='ltr'>appen&#39;</span> 
     </span>
    </p>
   </div>
   <div class='ocr_carea' id='block_1_43' title="bbox 2181 2363 3813 2457">
    <p class='ocr_par' dir='ltr' id='par_1_43' title="bbox 2181 2363 3813 2440">
     <span class='ocr_line' id='line_1_46' title="bbox 2181 2363 3813 2440; baseline -0.002 -18"><span class='ocrx_word' id='word_1_310' title='bbox 2181 2367 2216 2422; x_wconf 83' lang='grc' dir='ltr'>Ο</span> <span class='ocrx_word' id='word_1_311' title='bbox 2271 2365 2599 2440; x_wconf 76' lang='grc' dir='ltr'>σταυρωθεὶς</span> <span class='ocrx_word' id='word_1_312' title='bbox 2659 2363 2730 2420; x_wconf 84' lang='grc' dir='ltr'>δι’</span> <span class='ocrx_word' id='word_1_313' title='bbox 2808 2368 2978 2438; x_wconf 73' lang='grc' dir='ltr'>ἡμᾶς,</span> <span class='ocrx_word' id='word_1_314' title='bbox 3035 2365 3309 2439; x_wconf 77' lang='grc' dir='ltr'>ψάλλουσι</span> <span class='ocrx_word' id='word_1_315' title='bbox 3367 2365 3458 2420; x_wconf 85' lang='grc' dir='ltr'>τὸν</span> <span class='ocrx_word' id='word_1_316' title='bbox 3535 2364 3813 2440; x_wconf 81' lang='grc' dir='ltr'>τρισάγιον</span> 
     </span>
    </p>
   </div>
   <div class='ocr_carea' id='block_1_44' title="bbox 393 2452 2025 2553">
    <p class='ocr_par' dir='ltr' id='par_1_44' title="bbox 393 2476 2025 2553">
     <span class='ocr_line' id='line_1_47' title="bbox 393 2476 2025 2553; baseline -0.007 -14"><span class='ocrx_word' id='word_1_317' title='bbox 393 2484 612 2553; x_wconf 91' lang='lat' dir='ltr'>dicula,</span> <span class='ocrx_word' id='word_1_318' title='bbox 645 2485 750 2549; x_wconf 85' lang='lat' dir='ltr'>Qui</span> <span class='ocrx_word' id='word_1_319' title='bbox 773 2484 1066 2550; x_wconf 68' lang='lat' dir='ltr'>cruci/imus</span> <span class='ocrx_word' id='word_1_320' title='bbox 1094 2497 1146 2534; x_wconf 91' lang='lat' dir='ltr'>es</span> <span class='ocrx_word' id='word_1_321' title='bbox 1171 2495 1278 2549; x_wconf 84' lang='lat' dir='ltr'>pro</span> <span class='ocrx_word' id='word_1_322' title='bbox 1310 2479 1485 2545; x_wconf 85' lang='lat' dir='ltr'>nobis,</span> <span class='ocrx_word' id='word_1_323' title='bbox 1520 2476 1862 2532; x_wconf 89' lang='lat' dir='ltr'>concinunt.</span> <span class='ocrx_word' id='word_1_324' title='bbox 1913 2476 2025 2529; x_wconf 67' lang='lat' dir='ltr'>Haac</span> 
     </span>
    </p>
   </div>
   <div class='ocr_carea' id='block_1_45' title="bbox 2187 2452 3819 2553">
    <p class='ocr_par' dir='ltr' id='par_1_45' title="bbox 2197 2452 3819 2528">
     <span class='ocr_line' id='line_1_48' title="bbox 2197 2452 3819 2528; baseline -0.001 -19"><span class='ocrx_word' id='word_1_325' title='bbox 2197 2475 2350 2523; x_wconf 64' lang='grc' dir='ltr'>μνον.</span> <span class='ocrx_word' id='word_1_326' title='bbox 2406 2457 2583 2511; x_wconf 89' lang='grc' dir='ltr'>Τοῦτο</span> <span class='ocrx_word' id='word_1_327' title='bbox 2643 2453 2700 2508; x_wconf 78' lang='grc' dir='ltr'>δὲ</span> <span class='ocrx_word' id='word_1_328' title='bbox 2748 2454 2992 2515; x_wconf 81' lang='grc' dir='ltr'>εἰπόντος</span> <span class='ocrx_word' id='word_1_329' title='bbox 3043 2452 3140 2509; x_wconf 80' lang='grc' dir='ltr'>τοῦ</span> <span class='ocrx_word' id='word_1_330' title='bbox 3199 2452 3440 2524; x_wconf 82' lang='grc' dir='ltr'>παιδίου,</span> <span class='ocrx_word' id='word_1_331' title='bbox 3497 2455 3586 2509; x_wconf 89' lang='grc' dir='ltr'>καὶ</span> <span class='ocrx_word' id='word_1_332' title='bbox 3643 2474 3819 2528; x_wconf 88' lang='grc' dir='ltr'>παρα-</span> 
     </span>
    </p>
   </div>
   <div class='ocr_carea' id='block_1_46' title="bbox 397 2542 2029 2644">
    <p class='ocr_par' dir='ltr' id='par_1_46' title="bbox 397 2565 2029 2644">
     <span class='ocr_line' id='line_1_49' title="bbox 397 2565 2029 2644; baseline -0.007 -16"><span class='ocrx_word' id='word_1_333' title='bbox 397 2591 531 2628; x_wconf 92' lang='lat' dir='ltr'>cum</span> <span class='ocrx_word' id='word_1_334' title='bbox 577 2589 725 2644; x_wconf 90' lang='lat' dir='ltr'>puer</span> <span class='ocrx_word' id='word_1_335' title='bbox 754 2572 1018 2636; x_wconf 82' lang='lat' dir='ltr'>dixisset,</span> <span class='ocrx_word' id='word_1_336' title='bbox 1062 2570 1262 2624; x_wconf 87' lang='lat' dir='ltr'>statim</span> <span class='ocrx_word' id='word_1_337' title='bbox 1318 2573 1586 2622; x_wconf 87' lang='lat' dir='ltr'>mortuus</span> <span class='ocrx_word' id='word_1_338' title='bbox 1636 2565 1916 2634; x_wconf 87' lang='lat' dir='ltr'>concidit,</span> <span class='ocrx_word' id='word_1_339' title='bbox 1968 2565 2029 2618; x_wconf 34' lang='lat' dir='ltr'>si&#39;</span> 
     </span>
    </p>
   </div>
   <div class='ocr_carea' id='block_1_47' title="bbox 2179 2542 3811 2644">
    <p class='ocr_par' dir='ltr' id='par_1_47' title="bbox 2179 2542 3811 2619">
     <span class='ocr_line' id='line_1_50' title="bbox 2179 2542 3811 2619; baseline -0.001 -20"><span class='ocrx_word' id='word_1_340' title='bbox 2179 2550 2355 2618; x_wconf 62' lang='grc' dir='ltr'>ίρῆμα</span> <span class='ocrx_word' id='word_1_341' title='bbox 2401 2542 2848 2617; x_wconf 69' lang='grc' dir='ltr'>τελευτήσαντος,</span> <span class='ocrx_word' id='word_1_342' title='bbox 2901 2543 3168 2600; x_wconf 67' lang='grc' dir='ltr'>ἐπαύσατο</span> <span class='ocrx_word' id='word_1_343' title='bbox 3220 2545 3315 2599; x_wconf 79' lang='grc' dir='ltr'>σὺν</span> <span class='ocrx_word' id='word_1_344' title='bbox 3344 2549 3412 2619; x_wconf 79' lang='grc' dir='ltr'>τῇ</span> <span class='ocrx_word' id='word_1_345' title='bbox 3473 2543 3670 2618; x_wconf 69' lang='grc' dir='ltr'>αἱρέσει</span> <span class='ocrx_word' id='word_1_346' title='bbox 3723 2545 3811 2599; x_wconf 87' lang='grc' dir='ltr'>καὶ</span> 
     </span>
    </p>
   </div>
   <div class='ocr_carea' id='block_1_48' title="bbox 394 2633 2026 2733">
    <p class='ocr_par' dir='ltr' id='par_1_48' title="bbox 394 2656 2024 2733">
     <span class='ocr_line' id='line_1_51' title="bbox 394 2656 2024 2733; baseline -0.006 -16"><span class='ocrx_word' id='word_1_347' title='bbox 394 2662 638 2733; x_wconf 91' lang='lat' dir='ltr'>mulque</span> <span class='ocrx_word' id='word_1_348' title='bbox 688 2677 824 2717; x_wconf 92' lang='lat' dir='ltr'>cum</span> <span class='ocrx_word' id='word_1_349' title='bbox 867 2659 1079 2715; x_wconf 73' lang='lat' dir='ltr'>hmresi</span> <span class='ocrx_word' id='word_1_350' title='bbox 1149 2659 1328 2712; x_wconf 90' lang='lat' dir='ltr'>ﬁnem</span> <span class='ocrx_word' id='word_1_351' title='bbox 1383 2656 1592 2711; x_wconf 88' lang='lat' dir='ltr'>habuit</span> <span class='ocrx_word' id='word_1_352' title='bbox 1651 2657 2024 2709; x_wconf 77' lang='lat' dir='ltr'>terraemotus</span> 
     </span>
    </p>
   </div>
   <div class='ocr_carea' id='block_1_49' title="bbox 2178 2633 3810 2733">
    <p class='ocr_par' dir='ltr' id='par_1_49' title="bbox 2178 2633 3810 2710">
     <span class='ocr_line' id='line_1_52' title="bbox 2178 2633 3810 2710; baseline 0.001 -22"><span class='ocrx_word' id='word_1_353' title='bbox 2178 2635 2461 2709; x_wconf 65' lang='grc' dir='ltr'>μσεισμός.</span> <span class='ocrx_word' id='word_1_354' title='bbox 2523 2635 2624 2693; x_wconf 85' lang='grc' dir='ltr'>Καὶ</span> <span class='ocrx_word' id='word_1_355' title='bbox 2683 2634 2988 2709; x_wconf 68' lang='grc' dir='ltr'>ἐθαύμασαν</span> <span class='ocrx_word' id='word_1_356' title='bbox 3048 2634 3297 2710; x_wconf 79' lang='grc' dir='ltr'>ἅπαντες,</span> <span class='ocrx_word' id='word_1_357' title='bbox 3357 2633 3669 2709; x_wconf 78' lang='grc' dir='ltr'>δοξάζοντες</span> <span class='ocrx_word' id='word_1_358' title='bbox 3720 2637 3810 2690; x_wconf 83' lang='grc' dir='ltr'>τὸν</span> 
     </span>
    </p>
   </div>
   <div class='ocr_carea' id='block_1_50' title="bbox 393 2726 2311 2819">
    <p class='ocr_par' dir='ltr' id='par_1_50' title="bbox 393 2726 2311 2819">
     <span class='ocr_line' id='line_1_53' title="bbox 393 2726 2311 2819; baseline -0.006 -16"><span class='ocrx_word' id='word_1_359' title='bbox 393 2726 638 2805; x_wconf 76' lang='lat' dir='ltr'>Interim</span> <span class='ocrx_word' id='word_1_360' title='bbox 670 2765 878 2804; x_wconf 91' lang='lat' dir='ltr'>omnes</span> <span class='ocrx_word' id='word_1_361' title='bbox 910 2746 1366 2819; x_wconf 78' lang='lat' dir='ltr'>obStupuerunt,</span> <span class='ocrx_word' id='word_1_362' title='bbox 1393 2747 1630 2816; x_wconf 90' lang='lat' dir='ltr'>Deoque</span> <span class='ocrx_word' id='word_1_363' title='bbox 1661 2743 1910 2816; x_wconf 81' lang='lat' dir='ltr'>gloriam</span> <span class='ocrx_word' id='word_1_364' title='bbox 1941 2743 2044 2796; x_wconf 86' lang='lat' dir='ltr'>tri-</span> <span class='ocrx_word' id='word_1_365' title='bbox 2159 2726 2311 2781; x_wconf 73' lang='grc' dir='ltr'>θεόνο</span> 
     </span>
    </p>
   </div>
   <div class='ocr_carea' id='block_1_51' title="bbox 388 2839 669 2895">
    <p class='ocr_par' dir='ltr' id='par_1_51' title="bbox 388 2839 669 2895">
     <span class='ocr_line' id='line_1_54' title="bbox 388 2839 669 2895; baseline -0.004 0"><span class='ocrx_word' id='word_1_366' title='bbox 388 2839 669 2895; x_wconf 85' lang='lat' dir='ltr'>buerunt.</span> 
     </span>
    </p>
   </div>
   <div class='ocr_carea' id='block_1_52' title="bbox 1043 2899 2675 2982">
    <p class='ocr_par' dir='ltr' id='par_1_52' title="bbox 1043 2925 1392 2982">
     <span class='ocr_line' id='line_1_55' title="bbox 1043 2925 1392 2982; baseline -0.006 -1"><span class='ocrx_word' id='word_1_367' title='bbox 1043 2926 1264 2982; x_wconf 89' lang='lat' dir='ltr'>Eodem</span> <span class='ocrx_word' id='word_1_368' title='bbox 1299 2925 1392 2980; x_wconf 92' lang='lat' dir='ltr'>die</span> 
     </span>
    </p>
   </div>
   <div class='ocr_carea' id='block_1_53' title="bbox 1575 2899 3207 2982">
    <p class='ocr_par' dir='ltr' id='par_1_53' title="bbox 2760 2899 3207 2975">
     <span class='ocr_line' id='line_1_56' title="bbox 2760 2899 3207 2975; baseline -0.007 0"><span class='ocrx_word' id='word_1_369' title='bbox 2760 2904 2836 2975; x_wconf 69' lang='grc' dir='ltr'>Τῇ</span> <span class='ocrx_word' id='word_1_370' title='bbox 2866 2899 3000 2974; x_wconf 78' lang='grc' dir='ltr'>αὖτῇ</span> <span class='ocrx_word' id='word_1_371' title='bbox 3027 2901 3207 2974; x_wconf 71' lang='grc' dir='ltr'>ἡμέρᾳ</span> 
     </span>
    </p>
   </div>
   <div class='ocr_carea' id='block_1_54' title="bbox 568 3013 2200 3102">
    <p class='ocr_par' dir='ltr' id='par_1_54' title="bbox 568 3013 1863 3085">
     <span class='ocr_line' id='line_1_57' title="bbox 568 3013 1863 3085; baseline -0.004 -11"><span class='ocrx_word' id='word_1_372' title='bbox 568 3018 667 3074; x_wconf 73' lang='lat'>68</span> <span class='ocrx_word' id='word_1_373' title='bbox 707 3018 988 3074; x_wconf 82' lang='lat' dir='ltr'>Certamen</span> <span class='ocrx_word' id='word_1_374' title='bbox 1033 3016 1213 3072; x_wconf 80' lang='lat' dir='ltr'>sancti</span> <span class='ocrx_word' id='word_1_375' title='bbox 1241 3017 1504 3085; x_wconf 79' lang='lat' dir='ltr'>martyris</span> <span class='ocrx_word' id='word_1_376' title='bbox 1535 3013 1863 3084; x_wconf 84' lang='lat' dir='ltr'>Paphnutii.</span> 
     </span>
    </p>
   </div>
   <div class='ocr_carea' id='block_1_55' title="bbox 1957 3013 3589 3102">
    <p class='ocr_par' dir='ltr' id='par_1_55' title="bbox 2374 3025 3589 3102">
     <span class='ocr_line' id='line_1_58' title="bbox 2374 3025 3589 3102; baseline 0.003 -24"><span class='ocrx_word' id='word_1_377' title='bbox 2374 3025 2640 3096; x_wconf 75' lang='grc' dir='ltr'>Ἀθλησις</span> <span class='ocrx_word' id='word_1_378' title='bbox 2669 3029 2764 3079; x_wconf 89' lang='grc' dir='ltr'>τοῦ</span> <span class='ocrx_word' id='word_1_379' title='bbox 2793 3025 3192 3101; x_wconf 82' lang='grc' dir='ltr'>ὁσιομάρτυρος</span> <span class='ocrx_word' id='word_1_380' title='bbox 3223 3025 3589 3102; x_wconf 83' lang='grc' dir='ltr'>ΙΙαφνουτίου.</span> 
     </span>
    </p>
   </div>
   <div class='ocr_carea' id='block_1_56' title="bbox 462 3164 2094 3243">
    <p class='ocr_par' dir='ltr' id='par_1_56' title="bbox 462 3167 2049 3242">
     <span class='ocr_line' id='line_1_59' title="bbox 462 3167 2049 3242; baseline -0.003 -17"><span class='ocrx_word' id='word_1_381' title='bbox 462 3173 544 3226; x_wconf 92' lang='lat' dir='ltr'>Im</span> <span class='ocrx_word' id='word_1_382' title='bbox 555 3172 633 3242; x_wconf 91' lang='lat' dir='ltr'>pii</span> <span class='ocrx_word' id='word_1_383' title='bbox 661 3170 1005 3225; x_wconf 87' lang='lat' dir='ltr'>Diocletiani</span> <span class='ocrx_word' id='word_1_384' title='bbox 1031 3169 1403 3239; x_wconf 88' lang='lat' dir='ltr'>imperatoris</span> <span class='ocrx_word' id='word_1_385' title='bbox 1421 3167 1742 3222; x_wconf 88' lang='lat' dir='ltr'>crudelitas</span> <span class='ocrx_word' id='word_1_386' title='bbox 1760 3167 2049 3236; x_wconf 91' lang='lat' dir='ltr'>plurimos</span> 
     </span>
    </p>
   </div>
   <div class='ocr_carea' id='block_1_57' title="bbox 2180 3164 3812 3243">
    <p class='ocr_par' dir='ltr' id='par_1_57' title="bbox 2228 3164 3812 3243">
     <span class='ocr_line' id='line_1_60' title="bbox 2228 3164 3812 3243; baseline 0.001 -20"><span class='ocrx_word' id='word_1_387' title='bbox 2228 3170 2289 3223; x_wconf 84' lang='grc' dir='ltr'><strong>Ἦ</strong></span> <span class='ocrx_word' id='word_1_388' title='bbox 2317 3172 2413 3223; x_wconf 87' lang='grc' dir='ltr'>τοῦ</span> <span class='ocrx_word' id='word_1_389' title='bbox 2453 3164 2747 3231; x_wconf 75' lang='grc' dir='ltr'>δυσσεϐοῦς</span> <span class='ocrx_word' id='word_1_390' title='bbox 2806 3167 3072 3242; x_wconf 89' lang='grc' dir='ltr'>βασιλέως</span> <span class='ocrx_word' id='word_1_391' title='bbox 3131 3169 3529 3240; x_wconf 78' lang='grc' dir='ltr'>Διοκλητιανοῦ</span> <span class='ocrx_word' id='word_1_392' title='bbox 3586 3170 3812 3243; x_wconf 83' lang='grc' dir='ltr'>ὠμότης</span> 
     </span>
    </p>
   </div>
   <div class='ocr_carea' id='block_1_58' title="bbox 390 3246 2022 3334">
    <p class='ocr_par' dir='ltr' id='par_1_58' title="bbox 390 3256 2022 3323">
     <span class='ocr_line' id='line_1_61' title="bbox 390 3256 2022 3323; baseline -0.004 -9"><span class='ocrx_word' id='word_1_393' title='bbox 390 3260 861 3315; x_wconf 88' lang='lat' dir='ltr'>Christianorum</span> <span class='ocrx_word' id='word_1_394' title='bbox 898 3275 1013 3312; x_wconf 89' lang='lat' dir='ltr'>non</span> <span class='ocrx_word' id='word_1_395' title='bbox 1045 3258 1237 3312; x_wconf 90' lang='lat' dir='ltr'>solum</span> <span class='ocrx_word' id='word_1_396' title='bbox 1271 3274 1341 3310; x_wconf 85' lang='lat' dir='ltr'>ex</span> <span class='ocrx_word' id='word_1_397' title='bbox 1371 3257 1561 3323; x_wconf 90' lang='lat' dir='ltr'>laicis,</span> <span class='ocrx_word' id='word_1_398' title='bbox 1605 3256 1710 3310; x_wconf 91' lang='lat' dir='ltr'>sed</span> <span class='ocrx_word' id='word_1_399' title='bbox 1743 3273 1813 3311; x_wconf 87' lang='lat' dir='ltr'>ex</span> <span class='ocrx_word' id='word_1_400' title='bbox 1842 3271 2022 3310; x_wconf 89' lang='lat' dir='ltr'>mona</span> 
     </span>
    </p>
   </div>
   <div class='ocr_carea' id='block_1_59' title="bbox 2181 3246 3813 3334">
    <p class='ocr_par' dir='ltr' id='par_1_59' title="bbox 2181 3255 3813 3334">
     <span class='ocr_line' id='line_1_62' title="bbox 2181 3255 3813 3334; baseline 0.001 -22"><span class='ocrx_word' id='word_1_401' title='bbox 2181 3257 2538 3320; x_wconf 73' lang='grc' dir='ltr'>τολλοὺςτῶν</span> <span class='ocrx_word' id='word_1_402' title='bbox 2571 3259 2906 3330; x_wconf 78' lang='grc' dir='ltr'>Χριστιανῶν</span> <span class='ocrx_word' id='word_1_403' title='bbox 2953 3255 3194 3328; x_wconf 82' lang='grc' dir='ltr'>ἀπέδειξε</span> <span class='ocrx_word' id='word_1_404' title='bbox 3245 3259 3541 3334; x_wconf 79' lang='grc' dir='ltr'>μάρτυρας,</span> <span class='ocrx_word' id='word_1_405' title='bbox 3601 3259 3661 3314; x_wconf 83' lang='grc' dir='ltr'>οὐ</span> <span class='ocrx_word' id='word_1_406' title='bbox 3713 3259 3813 3332; x_wconf 84' lang='grc' dir='ltr'>μό-</span> 
     </span>
    </p>
   </div>
   <div class='ocr_carea' id='block_1_60' title="bbox 389 3345 2021 3425">
    <p class='ocr_par' dir='ltr' id='par_1_60' title="bbox 389 3345 2017 3418">
     <span class='ocr_line' id='line_1_63' title="bbox 389 3345 2017 3418; baseline -0.002 -15"><span class='ocrx_word' id='word_1_407' title='bbox 389 3349 517 3404; x_wconf 91' lang='lat' dir='ltr'>chis</span> <span class='ocrx_word' id='word_1_408' title='bbox 547 3348 744 3402; x_wconf 81' lang='lat' dir='ltr'>effecit</span> <span class='ocrx_word' id='word_1_409' title='bbox 799 3352 1133 3418; x_wconf 86' lang='lat' dir='ltr'>martyres:</span> <span class='ocrx_word' id='word_1_410' title='bbox 1177 3363 1247 3400; x_wconf 86' lang='lat' dir='ltr'>ex</span> <span class='ocrx_word' id='word_1_411' title='bbox 1305 3361 1557 3416; x_wconf 87' lang='lat' dir='ltr'>quorum</span> <span class='ocrx_word' id='word_1_412' title='bbox 1629 3361 1877 3400; x_wconf 90' lang='lat' dir='ltr'>numero</span> <span class='ocrx_word' id='word_1_413' title='bbox 1935 3345 2017 3399; x_wconf 92' lang='lat' dir='ltr'>fui</span> 
     </span>
    </p>
   </div>
   <div class='ocr_carea' id='block_1_61' title="bbox 2181 3345 3813 3425">
    <p class='ocr_par' dir='ltr' id='par_1_61' title="bbox 2181 3346 3813 3425">
     <span class='ocr_line' id='line_1_64' title="bbox 2181 3346 3813 3425; baseline 0.001 -23"><span class='ocrx_word' id='word_1_414' title='bbox 2181 3368 2249 3402; x_wconf 88' lang='grc' dir='ltr'>Ιον</span> <span class='ocrx_word' id='word_1_415' title='bbox 2284 3346 2472 3402; x_wconf 81' lang='grc' dir='ltr'>ἐκτῶν</span> <span class='ocrx_word' id='word_1_416' title='bbox 2505 3347 2732 3419; x_wconf 75' lang='grc' dir='ltr'>λαἰκῶν,</span> <span class='ocrx_word' id='word_1_417' title='bbox 2763 3346 2911 3402; x_wconf 77' lang='grc' dir='ltr'>ἀλλὰ</span> <span class='ocrx_word' id='word_1_418' title='bbox 2965 3347 3054 3402; x_wconf 87' lang='grc' dir='ltr'>καὶ</span> <span class='ocrx_word' id='word_1_419' title='bbox 3113 3348 3171 3402; x_wconf 81' lang='grc' dir='ltr'>ἐκ</span> <span class='ocrx_word' id='word_1_420' title='bbox 3226 3353 3334 3404; x_wconf 79' lang='grc' dir='ltr'>τῶν</span> <span class='ocrx_word' id='word_1_421' title='bbox 3397 3353 3676 3425; x_wconf 79' lang='grc' dir='ltr'>μοναχῶν·</span> <span class='ocrx_word' id='word_1_422' title='bbox 3737 3349 3813 3403; x_wconf 81' lang='grc' dir='ltr'>ὧν</span> 
     </span>
    </p>
   </div>
   <div class='ocr_carea' id='block_1_62' title="bbox 388 3433 2020 3514">
    <p class='ocr_par' dir='ltr' id='par_1_62' title="bbox 388 3433 2020 3506">
     <span class='ocr_line' id='line_1_65' title="bbox 388 3433 2020 3506; baseline -0.002 -14"><span class='ocrx_word' id='word_1_423' title='bbox 388 3441 628 3493; x_wconf 88' lang='lat' dir='ltr'>sanctus</span> <span class='ocrx_word' id='word_1_424' title='bbox 687 3435 1082 3506; x_wconf 87' lang='lat' dir='ltr'>Paphnutius,</span> <span class='ocrx_word' id='word_1_425' title='bbox 1144 3434 1244 3504; x_wconf 89' lang='lat' dir='ltr'>qui</span> <span class='ocrx_word' id='word_1_426' title='bbox 1305 3450 1375 3487; x_wconf 87' lang='lat' dir='ltr'>ex</span> <span class='ocrx_word' id='word_1_427' title='bbox 1431 3435 1673 3504; x_wconf 66' lang='lat' dir='ltr'>Egypto</span> <span class='ocrx_word' id='word_1_428' title='bbox 1735 3433 2020 3488; x_wconf 85' lang='lat' dir='ltr'>oriundus</span> 
     </span>
    </p>
   </div>
   <div class='ocr_carea' id='block_1_63' title="bbox 2179 3433 3811 3514">
    <p class='ocr_par' dir='ltr' id='par_1_63' title="bbox 2179 3436 3811 3514">
     <span class='ocr_line' id='line_1_66' title="bbox 2179 3436 3811 3514; baseline 0.001 -23"><span class='ocrx_word' id='word_1_429' title='bbox 2179 3439 2238 3500; x_wconf 78' lang='grc' dir='ltr'>ιῖς</span> <span class='ocrx_word' id='word_1_430' title='bbox 2269 3440 2333 3506; x_wconf 71' lang='grc' dir='ltr'>ἦν</span> <span class='ocrx_word' id='word_1_431' title='bbox 2374 3437 2534 3492; x_wconf 84' lang='grc' dir='ltr'>καὶὸ</span> <span class='ocrx_word' id='word_1_432' title='bbox 2588 3438 2738 3501; x_wconf 79' lang='grc' dir='ltr'>’ὀσιος</span> <span class='ocrx_word' id='word_1_433' title='bbox 2797 3436 3154 3514; x_wconf 73' lang='grc' dir='ltr'>Παφνοότιος.</span> <span class='ocrx_word' id='word_1_434' title='bbox 3216 3436 3390 3502; x_wconf 77' lang='grc' dir='ltr'>Οὗτος</span> <span class='ocrx_word' id='word_1_435' title='bbox 3445 3439 3546 3514; x_wconf 73' lang='grc' dir='ltr'>γὰρ</span> <span class='ocrx_word' id='word_1_436' title='bbox 3605 3437 3655 3508; x_wconf 83' lang='grc' dir='ltr'>ἐξ</span> <span class='ocrx_word' id='word_1_437' title='bbox 3712 3439 3811 3493; x_wconf 79' lang='lat' dir='ltr'>Ai-</span> 
     </span>
    </p>
   </div>
   <div class='ocr_carea' id='block_1_64' title="bbox 387 3523 2019 3603">
    <p class='ocr_par' dir='ltr' id='par_1_64' title="bbox 387 3523 2016 3594">
     <span class='ocr_line' id='line_1_67' title="bbox 387 3523 2016 3594; baseline -0.002 -14"><span class='ocrx_word' id='word_1_438' title='bbox 387 3525 659 3582; x_wconf 90' lang='lat' dir='ltr'>abdicato</span> <span class='ocrx_word' id='word_1_439' title='bbox 689 3527 929 3593; x_wconf 72' lang='lat' dir='ltr'>saeculo,</span> <span class='ocrx_word' id='word_1_440' title='bbox 965 3525 1280 3580; x_wconf 85' lang='lat' dir='ltr'>maximam</span> <span class='ocrx_word' id='word_1_441' title='bbox 1314 3525 1445 3578; x_wconf 63' lang='lat' dir='ltr'>vitae</span> <span class='ocrx_word' id='word_1_442' title='bbox 1474 3529 1702 3594; x_wconf 90' lang='lat' dir='ltr'>partem</span> <span class='ocrx_word' id='word_1_443' title='bbox 1739 3524 1801 3579; x_wconf 90' lang='lat' dir='ltr'>in</span> <span class='ocrx_word' id='word_1_444' title='bbox 1833 3523 2016 3578; x_wconf 87' lang='lat' dir='ltr'>eremi</span> 
     </span>
    </p>
   </div>
   <div class='ocr_carea' id='block_1_65' title="bbox 2185 3523 3817 3603">
    <p class='ocr_par' dir='ltr' id='par_1_65' title="bbox 2185 3525 3817 3602">
     <span class='ocr_line' id='line_1_68' title="bbox 2185 3525 3817 3602; baseline -0.001 -20"><span class='ocrx_word' id='word_1_445' title='bbox 2185 3527 2366 3582; x_wconf 72' lang='grc' dir='ltr'>ύπτου</span> <span class='ocrx_word' id='word_1_446' title='bbox 2421 3526 2816 3602; x_wconf 80' lang='grc' dir='ltr'>καταγόμενος,</span> <span class='ocrx_word' id='word_1_447' title='bbox 2901 3525 3216 3582; x_wconf 88' lang='grc' dir='ltr'>καταλιπὼν</span> <span class='ocrx_word' id='word_1_448' title='bbox 3285 3528 3376 3581; x_wconf 86' lang='grc' dir='ltr'>τὸν</span> <span class='ocrx_word' id='word_1_449' title='bbox 3446 3527 3676 3600; x_wconf 81' lang='grc' dir='ltr'>κόσμον,</span> <span class='ocrx_word' id='word_1_450' title='bbox 3724 3529 3817 3582; x_wconf 88' lang='grc' dir='ltr'>τὸν</span> 
     </span>
    </p>
   </div>
   <div class='ocr_carea' id='block_1_66' title="bbox 388 3610 2020 3690">
    <p class='ocr_par' dir='ltr' id='par_1_66' title="bbox 388 3613 2020 3689">
     <span class='ocr_line' id='line_1_69' title="bbox 388 3613 2020 3689; baseline -0.002 -19"><span class='ocrx_word' id='word_1_451' title='bbox 388 3617 692 3689; x_wconf 81' lang='lat' dir='ltr'>transegit.</span> <span class='ocrx_word' id='word_1_452' title='bbox 728 3616 840 3671; x_wconf 92' lang='lat' dir='ltr'>Sed</span> <span class='ocrx_word' id='word_1_453' title='bbox 871 3632 1007 3671; x_wconf 91' lang='lat' dir='ltr'>cum</span> <span class='ocrx_word' id='word_1_454' title='bbox 1041 3613 1333 3686; x_wconf 89' lang='lat' dir='ltr'>plurimos</span> <span class='ocrx_word' id='word_1_455' title='bbox 1362 3616 1695 3670; x_wconf 64' lang='lat' dir='ltr'>Graacorum</span> <span class='ocrx_word' id='word_1_456' title='bbox 1753 3613 1826 3668; x_wconf 90' lang='lat' dir='ltr'>ad</span> <span class='ocrx_word' id='word_1_457' title='bbox 1885 3613 2020 3668; x_wconf 88' lang='lat' dir='ltr'>Chri</span> 
     </span>
    </p>
   </div>
   <div class='ocr_carea' id='block_1_67' title="bbox 2181 3610 3813 3690">
    <p class='ocr_par' dir='ltr' id='par_1_67' title="bbox 2181 3610 3813 3690">
     <span class='ocr_line' id='line_1_70' title="bbox 2181 3610 3813 3690; baseline -0.001 -18"><span class='ocrx_word' id='word_1_458' title='bbox 2181 3617 2419 3673; x_wconf 83' lang='grc' dir='ltr'>τλεῖστον</span> <span class='ocrx_word' id='word_1_459' title='bbox 2451 3619 2549 3682; x_wconf 80' lang='grc' dir='ltr'>τῆς</span> <span class='ocrx_word' id='word_1_460' title='bbox 2582 3621 2726 3684; x_wconf 83' lang='grc' dir='ltr'>ζωῆς</span> <span class='ocrx_word' id='word_1_461' title='bbox 2755 3617 2917 3670; x_wconf 68' lang='grc' dir='ltr'>αὖτοῦ</span> <span class='ocrx_word' id='word_1_462' title='bbox 2949 3615 3148 3690; x_wconf 72' lang='grc' dir='ltr'>χρόνον</span> <span class='ocrx_word' id='word_1_463' title='bbox 3173 3610 3442 3690; x_wconf 72' lang='grc' dir='ltr'>διέτριϐεν</span> <span class='ocrx_word' id='word_1_464' title='bbox 3476 3615 3526 3670; x_wconf 83' lang='grc' dir='ltr'>ἐν</span> <span class='ocrx_word' id='word_1_465' title='bbox 3562 3614 3813 3690; x_wconf 83' lang='grc' dir='ltr'>ἐρήμοις.</span> 
     </span>
    </p>
   </div>
   <div class='ocr_carea' id='block_1_68' title="bbox 389 3703 2021 3782">
    <p class='ocr_par' dir='ltr' id='par_1_68' title="bbox 389 3703 2021 3776">
     <span class='ocr_line' id='line_1_71' title="bbox 389 3703 2021 3776; baseline -0.002 -16"><span class='ocrx_word' id='word_1_466' title='bbox 389 3711 543 3761; x_wconf 91' lang='lat' dir='ltr'>stum</span> <span class='ocrx_word' id='word_1_467' title='bbox 559 3710 987 3772; x_wconf 87' lang='lat' dir='ltr'>converteret,a</span> <span class='ocrx_word' id='word_1_468' title='bbox 1016 3704 1293 3776; x_wconf 80' lang='lat' dir='ltr'>praefecto</span> <span class='ocrx_word' id='word_1_469' title='bbox 1324 3703 1396 3759; x_wconf 91' lang='lat' dir='ltr'>ad</span> <span class='ocrx_word' id='word_1_470' title='bbox 1420 3720 1627 3759; x_wconf 81' lang='lat' dir='ltr'>necem</span> <span class='ocrx_word' id='word_1_471' title='bbox 1652 3703 2021 3774; x_wconf 74' lang='lat' dir='ltr'>qumrebatur</span> 
     </span>
    </p>
   </div>
   <div class='ocr_carea' id='block_1_69' title="bbox 2182 3703 3814 3782">
    <p class='ocr_par' dir='ltr' id='par_1_69' title="bbox 2182 3703 3814 3782">
     <span class='ocr_line' id='line_1_72' title="bbox 2182 3703 3814 3782; baseline -0.002 -20"><span class='ocrx_word' id='word_1_472' title='bbox 2182 3713 2257 3762; x_wconf 68' lang='grc' dir='ltr'>ιιά</span> <span class='ocrx_word' id='word_1_473' title='bbox 2288 3706 2345 3761; x_wconf 77' lang='grc' dir='ltr'>δὲ</span> <span class='ocrx_word' id='word_1_474' title='bbox 2364 3706 2426 3760; x_wconf 88' lang='grc' dir='ltr'>τὸ</span> <span class='ocrx_word' id='word_1_475' title='bbox 2458 3703 2707 3766; x_wconf 72' lang='grc' dir='ltr'>πολλοὺς</span> <span class='ocrx_word' id='word_1_476' title='bbox 2737 3708 2841 3759; x_wconf 83' lang='grc' dir='ltr'>τῶν</span> <span class='ocrx_word' id='word_1_477' title='bbox 2876 3703 3164 3775; x_wconf 70' lang='grc' dir='ltr'>Ἑλλήνων</span> <span class='ocrx_word' id='word_1_478' title='bbox 3200 3705 3538 3782; x_wconf 81' lang='grc' dir='ltr'>ἐπιστρέφειν</span> <span class='ocrx_word' id='word_1_479' title='bbox 3559 3705 3694 3780; x_wconf 78' lang='grc' dir='ltr'>πρὸς</span> <span class='ocrx_word' id='word_1_480' title='bbox 3724 3706 3814 3760; x_wconf 88' lang='grc' dir='ltr'>τὸν</span> 
     </span>
    </p>
   </div>
   <div class='ocr_carea' id='block_1_70' title="bbox 385 3791 2017 3872">
    <p class='ocr_par' dir='ltr' id='par_1_70' title="bbox 385 3793 2017 3869">
     <span class='ocr_line' id='line_1_73' title="bbox 385 3793 2017 3869; baseline -0.002 -18"><span class='ocrx_word' id='word_1_481' title='bbox 385 3795 580 3851; x_wconf 85' lang='lat' dir='ltr'>Multis</span> <span class='ocrx_word' id='word_1_482' title='bbox 613 3813 748 3869; x_wconf 87' lang='lat' dir='ltr'>ergo</span> <span class='ocrx_word' id='word_1_483' title='bbox 808 3796 938 3866; x_wconf 86' lang='lat' dir='ltr'>ejus</span> <span class='ocrx_word' id='word_1_484' title='bbox 991 3811 1171 3849; x_wconf 88' lang='lat' dir='ltr'>causa</span> <span class='ocrx_word' id='word_1_485' title='bbox 1220 3793 1690 3864; x_wconf 89' lang='lat' dir='ltr'>comprehensis,</span> <span class='ocrx_word' id='word_1_486' title='bbox 1735 3793 1944 3864; x_wconf 88' lang='lat' dir='ltr'>jussus</span> <span class='ocrx_word' id='word_1_487' title='bbox 1971 3793 2017 3849; x_wconf 91' lang='lat' dir='ltr'>al</span> 
     </span>
    </p>
   </div>
   <div class='ocr_carea' id='block_1_71' title="bbox 2178 3791 3810 3872">
    <p class='ocr_par' dir='ltr' id='par_1_71' title="bbox 2178 3791 3810 3872">
     <span class='ocr_line' id='line_1_74' title="bbox 2178 3791 3810 3872; baseline -0.002 -21"><span class='ocrx_word' id='word_1_488' title='bbox 2178 3797 2420 3872; x_wconf 67' lang='grc' dir='ltr'>Κριστὸν,</span> <span class='ocrx_word' id='word_1_489' title='bbox 2471 3792 2706 3869; x_wconf 76' lang='grc' dir='ltr'>ἕξῃτεῖτο</span> <span class='ocrx_word' id='word_1_490' title='bbox 2756 3801 3081 3871; x_wconf 81' lang='grc' dir='ltr'>φονευθῆναι</span> <span class='ocrx_word' id='word_1_491' title='bbox 3164 3794 3311 3868; x_wconf 78' lang='grc' dir='ltr'>παρὰ</span> <span class='ocrx_word' id='word_1_492' title='bbox 3379 3798 3478 3848; x_wconf 86' lang='grc' dir='ltr'>τοῦ</span> <span class='ocrx_word' id='word_1_493' title='bbox 3522 3791 3810 3869; x_wconf 77' lang='grc' dir='ltr'>ἄρχοντος.</span> 
     </span>
    </p>
   </div>
   <div class='ocr_carea' id='block_1_72' title="bbox 384 3881 2016 3957">
    <p class='ocr_par' dir='ltr' id='par_1_72' title="bbox 384 3883 2016 3957">
     <span class='ocr_line' id='line_1_75' title="bbox 384 3883 2016 3957; baseline -0.002 -16"><span class='ocrx_word' id='word_1_494' title='bbox 384 3885 614 3957; x_wconf 79' lang='lat' dir='ltr'>angelo,</span> <span class='ocrx_word' id='word_1_495' title='bbox 643 3885 919 3955; x_wconf 64' lang='lat' dir='ltr'>praefecto</span> <span class='ocrx_word' id='word_1_496' title='bbox 972 3901 1033 3939; x_wconf 91' lang='lat' dir='ltr'>se</span> <span class='ocrx_word' id='word_1_497' title='bbox 1067 3884 1222 3939; x_wconf 86' lang='lat' dir='ltr'>ultro</span> <span class='ocrx_word' id='word_1_498' title='bbox 1256 3884 1558 3948; x_wconf 89' lang='lat' dir='ltr'>obtulit,in</span> <span class='ocrx_word' id='word_1_499' title='bbox 1591 3883 1762 3954; x_wconf 83' lang='lat' dir='ltr'>cujus</span> <span class='ocrx_word' id='word_1_500' title='bbox 1794 3900 2016 3954; x_wconf 90' lang='lat' dir='ltr'>conspe</span> 
     </span>
    </p>
   </div>
   <div class='ocr_carea' id='block_1_73' title="bbox 2180 3881 3812 3957">
    <p class='ocr_par' dir='ltr' id='par_1_73' title="bbox 2180 3881 3812 3957">
     <span class='ocr_line' id='line_1_76' title="bbox 2180 3881 3812 3957; baseline -0.005 -14"><span class='ocrx_word' id='word_1_501' title='bbox 2180 3887 2262 3944; x_wconf 71' lang='grc' dir='ltr'>(αἱ</span> <span class='ocrx_word' id='word_1_502' title='bbox 2295 3883 2522 3941; x_wconf 84' lang='grc' dir='ltr'>πολλῶν</span> <span class='ocrx_word' id='word_1_503' title='bbox 2553 3882 2935 3956; x_wconf 79' lang='grc' dir='ltr'>κρατουμένων</span> <span class='ocrx_word' id='word_1_504' title='bbox 2996 3881 3067 3936; x_wconf 85' lang='grc' dir='ltr'>δι’</span> <span class='ocrx_word' id='word_1_505' title='bbox 3126 3881 3310 3954; x_wconf 77' lang='grc' dir='ltr'>αὐτὸν,</span> <span class='ocrx_word' id='word_1_506' title='bbox 3373 3884 3476 3938; x_wconf 83' lang='grc' dir='ltr'>ὑπὸ</span> <span class='ocrx_word' id='word_1_507' title='bbox 3509 3883 3654 3938; x_wconf 79' lang='grc' dir='ltr'>θείου</span> <span class='ocrx_word' id='word_1_508' title='bbox 3711 3883 3812 3957; x_wconf 85' lang='grc' dir='ltr'>ἆγ-</span> 
     </span>
    </p>
   </div>
   <div class='ocr_carea' id='block_1_74' title="bbox 384 3969 2016 4051">
    <p class='ocr_par' dir='ltr' id='par_1_74' title="bbox 384 3972 2014 4042">
     <span class='ocr_line' id='line_1_77' title="bbox 384 3972 2014 4042; baseline -0.001 -15"><span class='ocrx_word' id='word_1_509' title='bbox 384 3980 485 4028; x_wconf 89' lang='lat' dir='ltr'>ctu</span> <span class='ocrx_word' id='word_1_510' title='bbox 513 3974 813 4027; x_wconf 87' lang='lat' dir='ltr'>Christum</span> <span class='ocrx_word' id='word_1_511' title='bbox 846 3973 1169 4042; x_wconf 86' lang='lat' dir='ltr'>professus,</span> <span class='ocrx_word' id='word_1_512' title='bbox 1231 3974 1456 4026; x_wconf 90' lang='lat' dir='ltr'>catenis</span> <span class='ocrx_word' id='word_1_513' title='bbox 1506 3972 1716 4026; x_wconf 83' lang='lat' dir='ltr'>ferreis</span> <span class='ocrx_word' id='word_1_514' title='bbox 1747 3973 2014 4026; x_wconf 88' lang='lat' dir='ltr'>constrin</span> 
     </span>
    </p>
   </div>
   <div class='ocr_carea' id='block_1_75' title="bbox 2183 3969 3815 4051">
    <p class='ocr_par' dir='ltr' id='par_1_75' title="bbox 2183 3969 3815 4048">
     <span class='ocr_line' id='line_1_78' title="bbox 2183 3969 3815 4048; baseline -0.002 -17"><span class='ocrx_word' id='word_1_515' title='bbox 2183 3977 2324 4031; x_wconf 78' lang='grc' dir='ltr'>’έλου</span> <span class='ocrx_word' id='word_1_516' title='bbox 2405 3973 2735 4042; x_wconf 79' lang='grc' dir='ltr'>κελευσθεὶς,</span> <span class='ocrx_word' id='word_1_517' title='bbox 2808 3969 3059 4035; x_wconf 82' lang='grc' dir='ltr'>ἀπελθὼν</span> <span class='ocrx_word' id='word_1_518' title='bbox 3119 3973 3356 4044; x_wconf 84' lang='grc' dir='ltr'>παρέστη</span> <span class='ocrx_word' id='word_1_519' title='bbox 3426 3976 3506 4044; x_wconf 81' lang='grc' dir='ltr'>τῷ</span> <span class='ocrx_word' id='word_1_520' title='bbox 3589 3969 3815 4048; x_wconf 75' lang='grc' dir='ltr'>ἄρχοντι</span> 
     </span>
    </p>
   </div>
   <div class='ocr_carea' id='block_1_76' title="bbox 385 4058 2017 4143">
    <p class='ocr_par' dir='ltr' id='par_1_76' title="bbox 385 4060 2017 4134">
     <span class='ocr_line' id='line_1_79' title="bbox 385 4060 2017 4134; baseline -0.001 -18"><span class='ocrx_word' id='word_1_521' title='bbox 385 4063 543 4134; x_wconf 81' lang='lat' dir='ltr'>gitur</span> <span class='ocrx_word' id='word_1_522' title='bbox 568 4067 719 4115; x_wconf 91' lang='lat' dir='ltr'>:tum</span> <span class='ocrx_word' id='word_1_523' title='bbox 752 4061 812 4114; x_wconf 91' lang='lat' dir='ltr'>in</span> <span class='ocrx_word' id='word_1_524' title='bbox 847 4061 1167 4131; x_wconf 90' lang='lat' dir='ltr'>equuleum</span> <span class='ocrx_word' id='word_1_525' title='bbox 1190 4067 1451 4125; x_wconf 89' lang='lat' dir='ltr'>actus,eo</span> <span class='ocrx_word' id='word_1_526' title='bbox 1474 4077 1661 4129; x_wconf 88' lang='lat' dir='ltr'>usque</span> <span class='ocrx_word' id='word_1_527' title='bbox 1693 4060 2017 4131; x_wconf 79' lang='lat' dir='ltr'>depectitur</span> 
     </span>
    </p>
   </div>
   <div class='ocr_carea' id='block_1_77' title="bbox 2181 4058 3813 4143">
    <p class='ocr_par' dir='ltr' id='par_1_77' title="bbox 2181 4058 3813 4136">
     <span class='ocr_line' id='line_1_80' title="bbox 2181 4058 3813 4136; baseline 0.001 -17"><span class='ocrx_word' id='word_1_528' title='bbox 2181 4064 2248 4119; x_wconf 83' lang='lat' dir='ltr'>:ui</span> <span class='ocrx_word' id='word_1_529' title='bbox 2299 4063 2391 4117; x_wconf 85' lang='grc' dir='ltr'>τὸν</span> <span class='ocrx_word' id='word_1_530' title='bbox 2450 4062 2680 4136; x_wconf 87' lang='grc' dir='ltr'>Χριστὸν</span> <span class='ocrx_word' id='word_1_531' title='bbox 2742 4059 3122 4134; x_wconf 79' lang='grc' dir='ltr'>ὁμολογήσας,</span> <span class='ocrx_word' id='word_1_532' title='bbox 3205 4058 3480 4134; x_wconf 82' lang='grc' dir='ltr'>δεσμεῖται</span> <span class='ocrx_word' id='word_1_533' title='bbox 3541 4059 3813 4135; x_wconf 74' lang='grc' dir='ltr'>σιδήροις.</span> 
     </span>
    </p>
   </div>
   <div class='ocr_carea' id='block_1_78' title="bbox 391 4147 2023 4228">
    <p class='ocr_par' dir='ltr' id='par_1_78' title="bbox 391 4147 2023 4218">
     <span class='ocr_line' id='line_1_81' title="bbox 391 4147 2023 4218; baseline -0.001 -14"><span class='ocrx_word' id='word_1_534' title='bbox 391 4150 580 4204; x_wconf 92' lang='lat' dir='ltr'>donec</span> <span class='ocrx_word' id='word_1_535' title='bbox 612 4149 774 4202; x_wconf 91' lang='lat' dir='ltr'>illius</span> <span class='ocrx_word' id='word_1_536' title='bbox 804 4149 1028 4203; x_wconf 84' lang='lat' dir='ltr'>viscera</span> <span class='ocrx_word' id='word_1_537' title='bbox 1058 4149 1120 4202; x_wconf 91' lang='lat' dir='ltr'>in</span> <span class='ocrx_word' id='word_1_538' title='bbox 1157 4154 1372 4202; x_wconf 87' lang='lat' dir='ltr'>terram</span> <span class='ocrx_word' id='word_1_539' title='bbox 1413 4147 1796 4218; x_wconf 89' lang='lat' dir='ltr'>proﬁuerent.</span> <span class='ocrx_word' id='word_1_540' title='bbox 1834 4151 2023 4202; x_wconf 87' lang='lat' dir='ltr'>Verun</span> 
     </span>
    </p>
   </div>
   <div class='ocr_carea' id='block_1_79' title="bbox 2186 4147 3818 4228">
    <p class='ocr_par' dir='ltr' id='par_1_79' title="bbox 2186 4147 3818 4228">
     <span class='ocr_line' id='line_1_82' title="bbox 2186 4147 3818 4228; baseline -0.001 -20"><span class='ocrx_word' id='word_1_541' title='bbox 2186 4151 2262 4210; x_wconf 71' lang='grc' dir='ltr'>ἰαὶ</span> <span class='ocrx_word' id='word_1_542' title='bbox 2301 4151 2387 4205; x_wconf 80' lang='grc' dir='ltr'>ἐπὶ</span> <span class='ocrx_word' id='word_1_543' title='bbox 2447 4149 2611 4221; x_wconf 71' lang='grc' dir='ltr'>ξύλου</span> <span class='ocrx_word' id='word_1_544' title='bbox 2663 4148 3008 4222; x_wconf 81' lang='grc' dir='ltr'>κρεμασθεὶς,</span> <span class='ocrx_word' id='word_1_545' title='bbox 3093 4147 3298 4220; x_wconf 82' lang='grc' dir='ltr'>έξέσθη,</span> <span class='ocrx_word' id='word_1_546' title='bbox 3357 4148 3458 4212; x_wconf 86' lang='grc' dir='ltr'>ἔως</span> <span class='ocrx_word' id='word_1_547' title='bbox 3513 4152 3577 4204; x_wconf 80' lang='grc' dir='ltr'>τὰ</span> <span class='ocrx_word' id='word_1_548' title='bbox 3633 4149 3818 4228; x_wconf 80' lang='grc' dir='ltr'>ἔντερα</span> 
     </span>
    </p>
   </div>
   <div class='ocr_carea' id='block_1_80' title="bbox 393 4233 2025 4315">
    <p class='ocr_par' dir='ltr' id='par_1_80' title="bbox 393 4236 2025 4309">
     <span class='ocr_line' id='line_1_83' title="bbox 393 4236 2025 4309; baseline -0.001 -16"><span class='ocrx_word' id='word_1_549' title='bbox 393 4255 528 4293; x_wconf 88' lang='lat' dir='ltr'>cum</span> <span class='ocrx_word' id='word_1_550' title='bbox 559 4237 912 4306; x_wconf 88' lang='lat' dir='ltr'>rursus,illis</span> <span class='ocrx_word' id='word_1_551' title='bbox 927 4237 997 4292; x_wconf 91' lang='lat' dir='ltr'>ab</span> <span class='ocrx_word' id='word_1_552' title='bbox 1013 4237 1221 4309; x_wconf 90' lang='lat' dir='ltr'>angelo</span> <span class='ocrx_word' id='word_1_553' title='bbox 1244 4237 1570 4306; x_wconf 89' lang='lat' dir='ltr'>composite</span> <span class='ocrx_word' id='word_1_554' title='bbox 1592 4236 1858 4291; x_wconf 89' lang='lat' dir='ltr'>inlocum</span> <span class='ocrx_word' id='word_1_555' title='bbox 1877 4253 2025 4292; x_wconf 90' lang='lat' dir='ltr'>suun</span> 
     </span>
    </p>
   </div>
   <div class='ocr_carea' id='block_1_81' title="bbox 2183 4233 3815 4315">
    <p class='ocr_par' dir='ltr' id='par_1_81' title="bbox 2183 4233 3815 4315">
     <span class='ocr_line' id='line_1_84' title="bbox 2183 4233 3815 4315; baseline 0 -19"><span class='ocrx_word' id='word_1_556' title='bbox 2183 4240 2321 4296; x_wconf 79' lang='grc' dir='ltr'>ιῦτοῦ</span> <span class='ocrx_word' id='word_1_557' title='bbox 2375 4233 2562 4294; x_wconf 78' lang='grc' dir='ltr'>ἔπεσον</span> <span class='ocrx_word' id='word_1_558' title='bbox 2625 4237 2714 4293; x_wconf 79' lang='grc' dir='ltr'>ἐπὶ</span> <span class='ocrx_word' id='word_1_559' title='bbox 2762 4239 2861 4306; x_wconf 78' lang='grc' dir='ltr'>τὴν</span> <span class='ocrx_word' id='word_1_560' title='bbox 2925 4244 3052 4312; x_wconf 87' lang='grc' dir='ltr'>γῆν.</span> <span class='ocrx_word' id='word_1_561' title='bbox 3117 4237 3291 4294; x_wconf 84' lang='grc' dir='ltr'>Ἀλλᾶ</span> <span class='ocrx_word' id='word_1_562' title='bbox 3357 4238 3522 4294; x_wconf 76' lang='grc' dir='ltr'>πάλιν</span> <span class='ocrx_word' id='word_1_563' title='bbox 3595 4242 3815 4315; x_wconf 74' lang='grc' dir='ltr'>γέγονεν</span> 
     </span>
    </p>
   </div>
   <div class='ocr_carea' id='block_1_82' title="bbox 391 4325 2023 4404">
    <p class='ocr_par' dir='ltr' id='par_1_82' title="bbox 391 4325 2023 4396">
     <span class='ocr_line' id='line_1_85' title="bbox 391 4325 2023 4396; baseline 0.001 -13"><span class='ocrx_word' id='word_1_564' title='bbox 391 4328 705 4395; x_wconf 88' lang='lat' dir='ltr'>restitutis,</span> <span class='ocrx_word' id='word_1_565' title='bbox 737 4344 917 4382; x_wconf 84' lang='lat' dir='ltr'>sanus</span> <span class='ocrx_word' id='word_1_566' title='bbox 949 4329 1216 4396; x_wconf 73' lang='lat' dir='ltr'>effectus,</span> <span class='ocrx_word' id='word_1_567' title='bbox 1250 4325 1470 4381; x_wconf 92' lang='lat' dir='ltr'>multos</span> <span class='ocrx_word' id='word_1_568' title='bbox 1504 4327 1577 4382; x_wconf 92' lang='lat' dir='ltr'>ad</span> <span class='ocrx_word' id='word_1_569' title='bbox 1623 4328 1837 4382; x_wconf 85' lang='lat' dir='ltr'>Christi</span> <span class='ocrx_word' id='word_1_570' title='bbox 1873 4328 2023 4384; x_wconf 91' lang='lat' dir='ltr'>ﬁden</span> 
     </span>
    </p>
   </div>
   <div class='ocr_carea' id='block_1_83' title="bbox 2179 4325 3811 4404">
    <p class='ocr_par' dir='ltr' id='par_1_83' title="bbox 2179 4326 3811 4404">
     <span class='ocr_line' id='line_1_86' title="bbox 2179 4326 3811 4404; baseline 0 -22"><span class='ocrx_word' id='word_1_571' title='bbox 2179 4330 2345 4404; x_wconf 64' lang='grc' dir='ltr'>ιγιής,</span> <span class='ocrx_word' id='word_1_572' title='bbox 2379 4326 2617 4402; x_wconf 84' lang='grc' dir='ltr'>ἀγγέλου</span> <span class='ocrx_word' id='word_1_573' title='bbox 2672 4330 2840 4381; x_wconf 77' lang='grc' dir='ltr'>ταῦτα</span> <span class='ocrx_word' id='word_1_574' title='bbox 2898 4327 3383 4400; x_wconf 86' lang='grc' dir='ltr'>προσαρμόσαντος</span> <span class='ocrx_word' id='word_1_575' title='bbox 3441 4331 3518 4399; x_wconf 79' lang='grc' dir='ltr'>τῷ</span> <span class='ocrx_word' id='word_1_576' title='bbox 3577 4328 3811 4400; x_wconf 84' lang='grc' dir='ltr'>σώματι·</span> 
     </span>
    </p>
   </div>
   <div class='ocr_carea' id='block_1_84' title="bbox 399 4413 2031 4490">
    <p class='ocr_par' dir='ltr' id='par_1_84' title="bbox 399 4416 2026 4488">
     <span class='ocr_line' id='line_1_87' title="bbox 399 4416 2026 4488; baseline 0.001 -17"><span class='ocrx_word' id='word_1_577' title='bbox 399 4417 695 4487; x_wconf 84' lang='lat' dir='ltr'>traxisset,</span> <span class='ocrx_word' id='word_1_578' title='bbox 730 4417 986 4472; x_wconf 89' lang='lat' dir='ltr'>mittitur</span> <span class='ocrx_word' id='word_1_579' title='bbox 1037 4434 1072 4472; x_wconf 91' lang='lat' dir='ltr'>a</span> <span class='ocrx_word' id='word_1_580' title='bbox 1123 4416 1423 4488; x_wconf 69' lang='lat' dir='ltr'>prtefecto,</span> <span class='ocrx_word' id='word_1_581' title='bbox 1473 4432 1593 4470; x_wconf 90' lang='lat' dir='ltr'>una</span> <span class='ocrx_word' id='word_1_582' title='bbox 1651 4433 1784 4471; x_wconf 90' lang='lat' dir='ltr'>cum</span> <span class='ocrx_word' id='word_1_583' title='bbox 1818 4417 1890 4471; x_wconf 91' lang='lat' dir='ltr'>iis</span> <span class='ocrx_word' id='word_1_584' title='bbox 1948 4435 2026 4488; x_wconf 87' lang='lat' dir='ltr'>qu</span> 
     </span>
    </p>
   </div>
   <div class='ocr_carea' id='block_1_85' title="bbox 2180 4413 3812 4490">
    <p class='ocr_par' dir='ltr' id='par_1_85' title="bbox 2180 4413 3812 4490">
     <span class='ocr_line' id='line_1_88' title="bbox 2180 4413 3812 4490; baseline 0.001 -20"><span class='ocrx_word' id='word_1_585' title='bbox 2180 4417 2431 4474; x_wconf 71' lang='lat' dir='ltr'>,xto&#39;5tou</span> <span class='ocrx_word' id='word_1_586' title='bbox 2458 4415 2661 4471; x_wconf 85' lang='grc' dir='ltr'>πολλοὶ</span> <span class='ocrx_word' id='word_1_587' title='bbox 2715 4415 3026 4470; x_wconf 80' lang='grc' dir='ltr'>ἐπίστευσαν</span> <span class='ocrx_word' id='word_1_588' title='bbox 3084 4420 3163 4487; x_wconf 78' lang='grc' dir='ltr'>τῷ</span> <span class='ocrx_word' id='word_1_589' title='bbox 3219 4419 3467 4490; x_wconf 79' lang='grc' dir='ltr'>Χριστῷ.</span> <span class='ocrx_word' id='word_1_590' title='bbox 3523 4416 3620 4470; x_wconf 81' lang='grc' dir='ltr'>Καὶ</span> <span class='ocrx_word' id='word_1_591' title='bbox 3682 4413 3812 4472; x_wconf 80' lang='grc' dir='ltr'>ἷδὼν</span> 
     </span>
    </p>
   </div>
   <div class='ocr_carea' id='block_1_86' title="bbox 393 4506 2025 4586">
    <p class='ocr_par' dir='ltr' id='par_1_86' title="bbox 393 4506 2025 4578">
     <span class='ocr_line' id='line_1_89' title="bbox 393 4506 2025 4578; baseline 0 -16"><span class='ocrx_word' id='word_1_592' title='bbox 393 4507 790 4575; x_wconf 89' lang='lat' dir='ltr'>crediderant,</span> <span class='ocrx_word' id='word_1_593' title='bbox 823 4507 896 4562; x_wconf 89' lang='lat' dir='ltr'>ad</span> <span class='ocrx_word' id='word_1_594' title='bbox 927 4506 1362 4562; x_wconf 89' lang='lat' dir='ltr'>Diocletianum</span> <span class='ocrx_word' id='word_1_595' title='bbox 1395 4507 1837 4578; x_wconf 86' lang='lat' dir='ltr'>imperatorem,</span> <span class='ocrx_word' id='word_1_596' title='bbox 1871 4524 1905 4562; x_wconf 88' lang='lat' dir='ltr'>a</span> <span class='ocrx_word' id='word_1_597' title='bbox 1932 4525 2025 4578; x_wconf 63' lang='lat' dir='ltr'>qui</span> 
     </span>
    </p>
   </div>
   <div class='ocr_carea' id='block_1_87' title="bbox 2179 4506 3811 4586">
    <p class='ocr_par' dir='ltr' id='par_1_87' title="bbox 2179 4506 3811 4586">
     <span class='ocr_line' id='line_1_90' title="bbox 2179 4506 3811 4586; baseline -0.004 -19"><span class='ocrx_word' id='word_1_598' title='bbox 2179 4516 2189 4566; x_wconf 58' lang='grc'><strong>5</strong></span> <span class='ocrx_word' id='word_1_599' title='bbox 2223 4509 2432 4586; x_wconf 73' lang='grc' dir='ltr'>ἅρχων,</span> <span class='ocrx_word' id='word_1_600' title='bbox 2457 4511 2660 4581; x_wconf 87' lang='grc' dir='ltr'>πέμπει</span> <span class='ocrx_word' id='word_1_601' title='bbox 2696 4507 2854 4562; x_wconf 75' lang='grc' dir='ltr'>αὐτὸν</span> <span class='ocrx_word' id='word_1_602' title='bbox 2884 4507 2975 4560; x_wconf 78' lang='grc' dir='ltr'>σὺν</span> <span class='ocrx_word' id='word_1_603' title='bbox 3007 4513 3126 4569; x_wconf 84' lang='grc' dir='ltr'>τοῖς</span> <span class='ocrx_word' id='word_1_604' title='bbox 3191 4506 3503 4561; x_wconf 80' lang='grc' dir='ltr'>πιστεύσασι</span> <span class='ocrx_word' id='word_1_605' title='bbox 3535 4508 3672 4583; x_wconf 84' lang='grc' dir='ltr'>πρὸς</span> <span class='ocrx_word' id='word_1_606' title='bbox 3720 4510 3811 4563; x_wconf 80' lang='grc' dir='ltr'>τὸν</span> 
     </span>
    </p>
   </div>
   <div class='ocr_carea' id='block_1_88' title="bbox 391 4594 2023 4681">
    <p class='ocr_par' dir='ltr' id='par_1_88' title="bbox 391 4597 2020 4670">
     <span class='ocr_line' id='line_1_91' title="bbox 391 4597 2020 4670; baseline -0.001 -14"><span class='ocrx_word' id='word_1_607' title='bbox 391 4601 604 4670; x_wconf 81' lang='lat' dir='ltr'>palmae</span> <span class='ocrx_word' id='word_1_608' title='bbox 633 4600 870 4666; x_wconf 82' lang='lat' dir='ltr'>afﬁxus,</span> <span class='ocrx_word' id='word_1_609' title='bbox 899 4599 1155 4654; x_wconf 90' lang='lat' dir='ltr'>decessit</span> <span class='ocrx_word' id='word_1_610' title='bbox 1185 4615 1196 4652; x_wconf 90' lang='lat'><strong>:</strong></span> <span class='ocrx_word' id='word_1_611' title='bbox 1237 4604 1412 4668; x_wconf 90' lang='lat' dir='ltr'>atque</span> <span class='ocrx_word' id='word_1_612' title='bbox 1445 4614 1562 4652; x_wconf 90' lang='lat' dir='ltr'>uno</span> <span class='ocrx_word' id='word_1_613' title='bbox 1599 4597 1932 4669; x_wconf 89' lang='lat' dir='ltr'>eodemque</span> <span class='ocrx_word' id='word_1_614' title='bbox 1963 4600 2020 4654; x_wconf 91' lang='lat' dir='ltr'>di</span> 
     </span>
    </p>
   </div>
   <div class='ocr_carea' id='block_1_89' title="bbox 2172 4594 3804 4681">
    <p class='ocr_par' dir='ltr' id='par_1_89' title="bbox 2172 4594 3804 4669">
     <span class='ocr_line' id='line_1_92' title="bbox 2172 4594 3804 4669; baseline -0.004 -13"><span class='ocrx_word' id='word_1_615' title='bbox 2172 4600 2347 4656; x_wconf 72' lang='grc' dir='ltr'>ισιλέι</span> <span class='ocrx_word' id='word_1_616' title='bbox 2380 4597 2794 4668; x_wconf 71' lang='grc' dir='ltr'>Διοκλητιανόν.</span> <span class='ocrx_word' id='word_1_617' title='bbox 2833 4595 2931 4650; x_wconf 82' lang='grc' dir='ltr'>Καὶ</span> <span class='ocrx_word' id='word_1_618' title='bbox 2966 4597 3092 4668; x_wconf 78' lang='grc' dir='ltr'>παρ’</span> <span class='ocrx_word' id='word_1_619' title='bbox 3153 4594 3363 4650; x_wconf 78' lang='grc' dir='ltr'>ἐκείνου</span> <span class='ocrx_word' id='word_1_620' title='bbox 3431 4595 3518 4650; x_wconf 79' lang='grc' dir='ltr'>ἐπὶ</span> <span class='ocrx_word' id='word_1_621' title='bbox 3551 4596 3804 4669; x_wconf 83' lang='grc' dir='ltr'>φοίνικος</span> 
     </span>
    </p>
   </div>
   <div class='ocr_carea' id='block_1_90' title="bbox 393 4681 2025 4766">
    <p class='ocr_par' dir='ltr' id='par_1_90' title="bbox 393 4687 2025 4762">
     <span class='ocr_line' id='line_1_93' title="bbox 393 4687 2025 4762; baseline 0.002 -18"><span class='ocrx_word' id='word_1_622' title='bbox 393 4691 699 4761; x_wconf 84' lang='lat' dir='ltr'>quingenti</span> <span class='ocrx_word' id='word_1_623' title='bbox 759 4690 1150 4762; x_wconf 84' lang='lat' dir='ltr'>quadraginta</span> <span class='ocrx_word' id='word_1_624' title='bbox 1179 4693 1406 4760; x_wconf 90' lang='lat' dir='ltr'>septem</span> <span class='ocrx_word' id='word_1_625' title='bbox 1457 4692 1748 4759; x_wconf 88' lang='lat' dir='ltr'>martyres</span> <span class='ocrx_word' id='word_1_626' title='bbox 1771 4687 2025 4748; x_wconf 90' lang='lat' dir='ltr'>decollat</span> 
     </span>
    </p>
   </div>
   <div class='ocr_carea' id='block_1_91' title="bbox 2177 4681 3809 4766">
    <p class='ocr_par' dir='ltr' id='par_1_91' title="bbox 2177 4681 3809 4766">
     <span class='ocr_line' id='line_1_94' title="bbox 2177 4681 3809 4766; baseline -0.005 -22"><span class='ocrx_word' id='word_1_627' title='bbox 2177 4688 2508 4766; x_wconf 74' lang='grc' dir='ltr'>ιταυρωθεὶς,</span> <span class='ocrx_word' id='word_1_628' title='bbox 2570 4685 2883 4754; x_wconf 81' lang='grc' dir='ltr'>ἐτελειώθη.</span> <span class='ocrx_word' id='word_1_629' title='bbox 2947 4685 3076 4740; x_wconf 86' lang='grc' dir='ltr'>Κατ’</span> <span class='ocrx_word' id='word_1_630' title='bbox 3125 4683 3290 4752; x_wconf 75' lang='grc' dir='ltr'>αὐτὴν</span> <span class='ocrx_word' id='word_1_631' title='bbox 3352 4681 3408 4738; x_wconf 72' lang='grc' dir='ltr'>δὲ</span> <span class='ocrx_word' id='word_1_632' title='bbox 3452 4686 3553 4754; x_wconf 73' lang='grc' dir='ltr'>τήν</span> <span class='ocrx_word' id='word_1_633' title='bbox 3600 4684 3809 4759; x_wconf 74' lang='grc' dir='ltr'>ἡμέραν</span> 
     </span>
    </p>
   </div>
   <div class='ocr_carea' id='block_1_92' title="bbox 391 4773 3503 4857">
    <p class='ocr_par' dir='ltr' id='par_1_92' title="bbox 391 4773 3503 4857">
     <span class='ocr_line' id='line_1_95' title="bbox 391 4773 3503 4857; baseline -0.002 -24"><span class='ocrx_word' id='word_1_634' title='bbox 391 4779 577 4836; x_wconf 82' lang='lat' dir='ltr'>fuere.</span> <span class='ocrx_word' id='word_1_635' title='bbox 2157 4775 2667 4857; x_wconf 74' lang='grc' dir='ltr'>ἀπεκεφαλίσθησαν</span> <span class='ocrx_word' id='word_1_636' title='bbox 2700 4773 3046 4829; x_wconf 83' lang='grc' dir='ltr'>πεντακόσιοι</span> <span class='ocrx_word' id='word_1_637' title='bbox 3097 4774 3182 4845; x_wconf 75' lang='grc' dir='ltr'>μζ¹</span> <span class='ocrx_word' id='word_1_638' title='bbox 3216 4774 3503 4850; x_wconf 82' lang='grc' dir='ltr'>μάρτυρες.</span> 
     </span>
    </p>
   </div>
   <div class='ocr_carea' id='block_1_93' title="bbox 1053 4897 2685 4974">
    <p class='ocr_par' dir='ltr' id='par_1_93' title="bbox 1053 4897 1399 4952">
     <span class='ocr_line' id='line_1_96' title="bbox 1053 4897 1399 4952; baseline 0 0"><span class='ocrx_word' id='word_1_639' title='bbox 1053 4897 1273 4952; x_wconf 81' lang='lat' dir='ltr'>Eodem</span> <span class='ocrx_word' id='word_1_640' title='bbox 1305 4898 1399 4952; x_wconf 91' lang='lat' dir='ltr'>die</span> 
     </span>
    </p>
   </div>
   <div class='ocr_carea' id='block_1_94' title="bbox 1591 4897 3223 4974">
    <p class='ocr_par' dir='ltr' id='par_1_94' title="bbox 2767 4899 3223 4974">
     <span class='ocr_line' id='line_1_97' title="bbox 2767 4899 3223 4974; baseline -0.007 -1"><span class='ocrx_word' id='word_1_641' title='bbox 2767 4901 2848 4973; x_wconf 64' lang='lat' dir='ltr'>Tit</span> <span class='ocrx_word' id='word_1_642' title='bbox 2872 4899 3010 4972; x_wconf 74' lang='grc' dir='ltr'>αὖτῇ</span> <span class='ocrx_word' id='word_1_643' title='bbox 3041 4900 3223 4974; x_wconf 70' lang='grc' dir='ltr'>ἡμέρᾳ</span> 
     </span>
    </p>
   </div>
   <div class='ocr_carea' id='block_1_95' title="bbox 393 5004 2025 5095">
    <p class='ocr_par' dir='ltr' id='par_1_95' title="bbox 393 5015 2023 5095">
     <span class='ocr_line' id='line_1_98' title="bbox 393 5015 2023 5095; baseline 0 -23"><span class='ocrx_word' id='word_1_644' title='bbox 393 5018 493 5072; x_wconf 77' lang='lat'><strong>69</strong></span> <span class='ocrx_word' id='word_1_645' title='bbox 526 5017 978 5073; x_wconf 86' lang='lat' dir='ltr'>Commemoratio</span> <span class='ocrx_word' id='word_1_646' title='bbox 1007 5022 1211 5095; x_wconf 70' lang='lat' dir='ltr'>sancta:</span> <span class='ocrx_word' id='word_1_647' title='bbox 1241 5015 1639 5095; x_wconf 46' lang='lat' dir='ltr'>Euphrosynen),</span> <span class='ocrx_word' id='word_1_648' title='bbox 1677 5032 1798 5086; x_wconf 55' lang='lat' dir='ltr'>qua</span> <span class='ocrx_word' id='word_1_649' title='bbox 1856 5019 2023 5073; x_wconf 88' lang='lat' dir='ltr'>Sama</span> 
     </span>
    </p>
   </div>
   <div class='ocr_carea' id='block_1_96' title="bbox 2182 5004 3814 5095">
    <p class='ocr_par' dir='ltr' id='par_1_96' title="bbox 2182 5004 3814 5095">
     <span class='ocr_line' id='line_1_99' title="bbox 2182 5004 3814 5095; baseline -0.002 -30"><span class='ocrx_word' id='word_1_650' title='bbox 2182 5015 2366 5086; x_wconf 63' lang='grc' dir='ltr'>κινήμη</span> <span class='ocrx_word' id='word_1_651' title='bbox 2400 5017 2499 5080; x_wconf 82' lang='grc' dir='ltr'>τῆς</span> <span class='ocrx_word' id='word_1_652' title='bbox 2533 5005 2684 5070; x_wconf 83' lang='grc' dir='ltr'>ὁσίας</span> <span class='ocrx_word' id='word_1_653' title='bbox 2713 5004 3096 5095; x_wconf 42' lang='grc' dir='ltr'>Εὐφροσόνιηξ,</span> <span class='ocrx_word' id='word_1_654' title='bbox 3154 5007 3252 5074; x_wconf 74' lang='grc' dir='ltr'>τῆς</span> <span class='ocrx_word' id='word_1_655' title='bbox 3315 5008 3814 5080; x_wconf 77' lang='grc' dir='ltr'>μετονομασθείσης</span> 
     </span>
    </p>
   </div>
   <div class='ocr_carea' id='block_1_97' title="bbox 875 5084 2507 5155">
    <p class='ocr_par' dir='ltr' id='par_1_97' title="bbox 875 5084 2300 5155">
     <span class='ocr_line' id='line_1_100' title="bbox 875 5084 2300 5155; baseline 0 -15"><span class='ocrx_word' id='word_1_656' title='bbox 875 5088 1084 5155; x_wconf 79' lang='lat' dir='ltr'>ragdus</span> <span class='ocrx_word' id='word_1_657' title='bbox 1123 5086 1410 5155; x_wconf 83' lang='lat' dir='ltr'>appellata</span> <span class='ocrx_word' id='word_1_658' title='bbox 1437 5090 1567 5154; x_wconf 82' lang='lat' dir='ltr'>fuit.</span> <span class='ocrx_word' id='word_1_659' title='bbox 1627 5084 1634 5086; x_wconf 42' lang='lat'>&#39;</span> <span class='ocrx_word' id='word_1_660' title='bbox 1685 5084 1703 5086; x_wconf 13' lang='lat' dir='ltr'>ﬁ</span> <span class='ocrx_word' id='word_1_661' title='bbox 2294 5084 2300 5086; x_wconf 19' lang='lat' dir='ltr'>V</span> 
     </span>
    </p>
   </div>
   <div class='ocr_carea' id='block_1_98' title="bbox 1527 5084 3159 5155">
    <p class='ocr_par' dir='ltr' id='par_1_98' title="bbox 1529 5084 3159 5151">
     <span class='ocr_line' id='line_1_101' title="bbox 1529 5084 3159 5151; baseline -0.007 -10"><span class='ocrx_word' id='word_1_662' title='bbox 1529 5094 1567 5141; x_wconf 87' lang='grc' dir='ltr'>ι.</span> <span class='ocrx_word' id='word_1_663' title='bbox 1627 5084 1634 5086; x_wconf 17' lang='lat' dir='ltr'><strong>ﬁ</strong></span> <span class='ocrx_word' id='word_1_664' title='bbox 1685 5084 1703 5086; x_wconf 14' lang='grc' dir='ltr'><strong>ἡ</strong></span> <span class='ocrx_word' id='word_1_665' title='bbox 2294 5084 2300 5086; x_wconf 40' lang='grc'><em>“</em></span> <span class='ocrx_word' id='word_1_666' title='bbox 2814 5084 3159 5151; x_wconf 75' lang='grc' dir='ltr'>Σμαρᾶγδου.</span> 
     </span>
    </p>
   </div>
   <div class='ocr_carea' id='block_1_99' title="bbox 465 5183 2097 5274">
    <p class='ocr_par' dir='ltr' id='par_1_99' title="bbox 465 5199 2054 5274">
     <span class='ocr_line' id='line_1_102' title="bbox 465 5199 2054 5274; baseline 0.002 -19"><span class='ocrx_word' id='word_1_667' title='bbox 465 5202 658 5256; x_wconf 82' lang='lat' dir='ltr'>Multae</span> <span class='ocrx_word' id='word_1_668' title='bbox 686 5205 825 5255; x_wconf 89' lang='lat' dir='ltr'>sunt</span> <span class='ocrx_word' id='word_1_669' title='bbox 855 5199 1062 5254; x_wconf 89' lang='lat' dir='ltr'>salutis</span> <span class='ocrx_word' id='word_1_670' title='bbox 1087 5199 1449 5253; x_wconf 64' lang='lat' dir='ltr'>viasEtenim</span> <span class='ocrx_word' id='word_1_671' title='bbox 1481 5201 1872 5273; x_wconf 85' lang='lat' dir='ltr'>Euphrosyna</span> <span class='ocrx_word' id='word_1_672' title='bbox 1903 5218 2054 5274; x_wconf 89' lang='lat' dir='ltr'>opu-</span> 
     </span>
    </p>
   </div>
   <div class='ocr_carea' id='block_1_100' title="bbox 2183 5183 3815 5274">
    <p class='ocr_par' dir='ltr' id='par_1_100' title="bbox 2235 5183 3815 5262">
     <span class='ocr_line' id='line_1_103' title="bbox 2235 5183 3815 5262; baseline -0.004 -15"><span class='ocrx_word' id='word_1_673' title='bbox 2235 5187 2447 5246; x_wconf 83' lang='grc' dir='ltr'>Πολλαί</span> <span class='ocrx_word' id='word_1_674' title='bbox 2475 5185 2577 5242; x_wconf 79' lang='grc' dir='ltr'>εἶσι</span> <span class='ocrx_word' id='word_1_675' title='bbox 2607 5191 2708 5254; x_wconf 84' lang='grc' dir='ltr'>τῆς</span> <span class='ocrx_word' id='word_1_676' title='bbox 2740 5184 3011 5258; x_wconf 82' lang='grc' dir='ltr'>σωτηρίας</span> <span class='ocrx_word' id='word_1_677' title='bbox 3071 5183 3207 5240; x_wconf 83' lang='grc' dir='ltr'>ὁδοί.</span> <span class='ocrx_word' id='word_1_678' title='bbox 3270 5184 3370 5241; x_wconf 79' lang='grc' dir='ltr'>Καὶ</span> <span class='ocrx_word' id='word_1_679' title='bbox 3430 5187 3534 5262; x_wconf 78' lang='grc' dir='ltr'>γὰρ</span> <span class='ocrx_word' id='word_1_680' title='bbox 3593 5189 3628 5254; x_wconf 85' lang='grc' dir='ltr'><strong>ἡ</strong></span> <span class='ocrx_word' id='word_1_681' title='bbox 3694 5187 3815 5240; x_wconf 64' lang='grc' dir='ltr'>ὁσία</span> 
     </span>
    </p>
   </div>
   <div class='ocr_carea' id='block_1_101' title="bbox 397 5271 2029 5360">
    <p class='ocr_par' dir='ltr' id='par_1_101' title="bbox 397 5271 2026 5360">
     <span class='ocr_line' id='line_1_104' title="bbox 397 5271 2026 5360; baseline 0.001 -16"><span class='ocrx_word' id='word_1_682' title='bbox 397 5290 542 5345; x_wconf 91' lang='lat' dir='ltr'>lenti</span> <span class='ocrx_word' id='word_1_683' title='bbox 568 5289 828 5344; x_wconf 87' lang='lat' dir='ltr'>hominis</span> <span class='ocrx_word' id='word_1_684' title='bbox 853 5289 996 5351; x_wconf 88' lang='lat' dir='ltr'>ﬁlia,</span> <span class='ocrx_word' id='word_1_685' title='bbox 1029 5304 1163 5342; x_wconf 89' lang='lat' dir='ltr'>cum</span> <span class='ocrx_word' id='word_1_686' title='bbox 1219 5287 1330 5341; x_wconf 88' lang='lat' dir='ltr'>sibi</span> <span class='ocrx_word' id='word_1_687' title='bbox 1363 5289 1602 5359; x_wconf 86' lang='lat' dir='ltr'>nuptias</span> <span class='ocrx_word' id='word_1_688' title='bbox 1647 5271 1842 5360; x_wconf 85' lang='lat' dir='ltr'>parari</span> <span class='ocrx_word' id='word_1_689' title='bbox 1875 5271 2026 5347; x_wconf 78' lang='lat' dir='ltr'>resci</span> 
     </span>
    </p>
   </div>
   <div class='ocr_carea' id='block_1_102' title="bbox 2183 5271 3815 5360">
    <p class='ocr_par' dir='ltr' id='par_1_102' title="bbox 2183 5271 3815 5358">
     <span class='ocr_line' id='line_1_105' title="bbox 2183 5271 3815 5358; baseline -0.001 -27"><span class='ocrx_word' id='word_1_690' title='bbox 2183 5277 2513 5358; x_wconf 68' lang='grc' dir='ltr'>Βύφροσόνη,</span> <span class='ocrx_word' id='word_1_691' title='bbox 2546 5275 2783 5350; x_wconf 71' lang='grc' dir='ltr'>θυγάτηρ</span> <span class='ocrx_word' id='word_1_692' title='bbox 2813 5271 2946 5327; x_wconf 78' lang='grc' dir='ltr'>οὖσα</span> <span class='ocrx_word' id='word_1_693' title='bbox 3003 5273 3274 5329; x_wconf 88' lang='grc' dir='ltr'>πλουσίου</span> <span class='ocrx_word' id='word_1_694' title='bbox 3325 5276 3498 5346; x_wconf 88' lang='grc' dir='ltr'>τινὸς,</span> <span class='ocrx_word' id='word_1_695' title='bbox 3553 5275 3642 5330; x_wconf 83' lang='grc' dir='ltr'>καὶ</span> <span class='ocrx_word' id='word_1_696' title='bbox 3675 5275 3815 5349; x_wconf 84' lang='grc' dir='ltr'>πρὸς</span> 
     </span>
    </p>
   </div>
   <div class='ocr_carea' id='block_1_103' title="bbox 396 5359 2028 5449">
    <p class='ocr_par' dir='ltr' id='par_1_103' title="bbox 396 5359 2028 5449">
     <span class='ocr_line' id='line_1_106' title="bbox 396 5359 2028 5449; baseline 0.002 -18"><span class='ocrx_word' id='word_1_697' title='bbox 396 5380 596 5443; x_wconf 89' lang='lat' dir='ltr'>visset,</span> <span class='ocrx_word' id='word_1_698' title='bbox 634 5379 878 5449; x_wconf 89' lang='lat' dir='ltr'>ipsaque</span> <span class='ocrx_word' id='word_1_699' title='bbox 936 5377 1150 5430; x_wconf 88' lang='lat' dir='ltr'>Christi</span> <span class='ocrx_word' id='word_1_700' title='bbox 1208 5393 1426 5446; x_wconf 91' lang='lat' dir='ltr'>sponsa</span> <span class='ocrx_word' id='word_1_701' title='bbox 1482 5395 1612 5432; x_wconf 90' lang='lat' dir='ltr'>esse</span> <span class='ocrx_word' id='word_1_702' title='bbox 1652 5359 1729 5434; x_wconf 77' lang='lat' dir='ltr'>in</span> <span class='ocrx_word' id='word_1_703' title='bbox 1787 5381 2028 5435; x_wconf 89' lang='lat' dir='ltr'>animun</span> 
     </span>
    </p>
   </div>
   <div class='ocr_carea' id='block_1_104' title="bbox 2183 5359 3815 5449">
    <p class='ocr_par' dir='ltr' id='par_1_104' title="bbox 2183 5359 3815 5446">
     <span class='ocr_line' id='line_1_107' title="bbox 2183 5359 3815 5446; baseline -0.002 -24"><span class='ocrx_word' id='word_1_704' title='bbox 2183 5373 2341 5446; x_wconf 64' lang='grc' dir='ltr'>γάμον</span> <span class='ocrx_word' id='word_1_705' title='bbox 2376 5362 2658 5438; x_wconf 84' lang='grc' dir='ltr'>μέλλουσα</span> <span class='ocrx_word' id='word_1_706' title='bbox 2715 5359 3027 5430; x_wconf 75' lang='grc' dir='ltr'>ἐκδοθῆναι,</span> <span class='ocrx_word' id='word_1_707' title='bbox 3079 5367 3280 5437; x_wconf 88' lang='grc' dir='ltr'>γνοῦσα</span> <span class='ocrx_word' id='word_1_708' title='bbox 3335 5369 3519 5432; x_wconf 87' lang='grc' dir='ltr'>τοῦτο,</span> <span class='ocrx_word' id='word_1_709' title='bbox 3577 5364 3664 5418; x_wconf 84' lang='grc' dir='ltr'>καὶ</span> <span class='ocrx_word' id='word_1_710' title='bbox 3716 5368 3815 5418; x_wconf 91' lang='grc' dir='ltr'>τοῦ</span> 
     </span>
    </p>
   </div>
   <div class='ocr_carea' id='block_1_105' title="bbox 398 5450 2030 5552">
    <p class='ocr_par' dir='ltr' id='par_1_105' title="bbox 398 5465 2030 5537">
     <span class='ocr_line' id='line_1_108' title="bbox 398 5465 2030 5537; baseline 0.001 -15"><span class='ocrx_word' id='word_1_711' title='bbox 398 5467 750 5532; x_wconf 88' lang='lat' dir='ltr'>induxisset,</span> <span class='ocrx_word' id='word_1_712' title='bbox 772 5465 1036 5537; x_wconf 89' lang='lat' dir='ltr'>confugit</span> <span class='ocrx_word' id='word_1_713' title='bbox 1064 5465 1137 5520; x_wconf 91' lang='lat' dir='ltr'>ad</span> <span class='ocrx_word' id='word_1_714' title='bbox 1168 5466 1486 5535; x_wconf 90' lang='lat' dir='ltr'>quemdam</span> <span class='ocrx_word' id='word_1_715' title='bbox 1533 5474 1801 5523; x_wconf 91' lang='lat' dir='ltr'>sanctum</span> <span class='ocrx_word' id='word_1_716' title='bbox 1826 5487 2030 5524; x_wconf 90' lang='lat' dir='ltr'>senem</span> 
     </span>
    </p>
   </div>
   <div class='ocr_carea' id='block_1_106' title="bbox 2177 5450 3809 5552">
    <p class='ocr_par' dir='ltr' id='par_1_106' title="bbox 2177 5450 3809 5534">
     <span class='ocr_line' id='line_1_109' title="bbox 2177 5450 3809 5534; baseline -0.004 -20"><span class='ocrx_word' id='word_1_717' title='bbox 2177 5460 2398 5534; x_wconf 72' lang='grc' dir='ltr'>Χριστοῦ</span> <span class='ocrx_word' id='word_1_718' title='bbox 2427 5454 2612 5529; x_wconf 70' lang='grc' dir='ltr'>νύμφη</span> <span class='ocrx_word' id='word_1_719' title='bbox 2638 5452 2872 5506; x_wconf 79' lang='grc' dir='ltr'>θέλουσα</span> <span class='ocrx_word' id='word_1_720' title='bbox 2946 5452 3100 5521; x_wconf 75' lang='grc' dir='ltr'>εἶναι,</span> <span class='ocrx_word' id='word_1_721' title='bbox 3161 5450 3536 5526; x_wconf 82' lang='grc' dir='ltr'>προσέδραμεν</span> <span class='ocrx_word' id='word_1_722' title='bbox 3570 5452 3648 5507; x_wconf 82' lang='grc' dir='ltr'>ένὶ</span> <span class='ocrx_word' id='word_1_723' title='bbox 3701 5457 3809 5507; x_wconf 81' lang='grc' dir='ltr'>τῶν</span> 
     </span>
    </p>
   </div>
   <div class='ocr_carea' id='block_1_107' title="bbox 399 5540 2031 5627">
    <p class='ocr_par' dir='ltr' id='par_1_107' title="bbox 399 5554 2031 5627">
     <span class='ocr_line' id='line_1_110' title="bbox 399 5554 2031 5627; baseline 0.001 -16"><span class='ocrx_word' id='word_1_724' title='bbox 399 5573 433 5612; x_wconf 89' lang='lat' dir='ltr'>a</span> <span class='ocrx_word' id='word_1_725' title='bbox 463 5573 580 5626; x_wconf 87' lang='lat' dir='ltr'>quo</span> <span class='ocrx_word' id='word_1_726' title='bbox 628 5554 1102 5610; x_wconf 87' lang='lat' dir='ltr'>sanctimonialis</span> <span class='ocrx_word' id='word_1_727' title='bbox 1157 5554 1310 5609; x_wconf 87' lang='lat' dir='ltr'>facta</span> <span class='ocrx_word' id='word_1_728' title='bbox 1340 5561 1448 5608; x_wconf 90' lang='lat' dir='ltr'>est.</span> <span class='ocrx_word' id='word_1_729' title='bbox 1500 5557 1764 5627; x_wconf 90' lang='lat' dir='ltr'>Cumque</span> <span class='ocrx_word' id='word_1_730' title='bbox 1796 5559 2031 5612; x_wconf 89' lang='lat' dir='ltr'>timeret</span> 
     </span>
    </p>
   </div>
   <div class='ocr_carea' id='block_1_108' title="bbox 2181 5540 3813 5627">
    <p class='ocr_par' dir='ltr' id='par_1_108' title="bbox 2181 5540 3813 5625">
     <span class='ocr_line' id='line_1_111' title="bbox 2181 5540 3813 5625; baseline -0.001 -23"><span class='ocrx_word' id='word_1_731' title='bbox 2181 5549 2333 5625; x_wconf 74' lang='grc' dir='ltr'>ἱγίων</span> <span class='ocrx_word' id='word_1_732' title='bbox 2383 5542 2677 5619; x_wconf 78' lang='grc' dir='ltr'>γερόντιον,</span> <span class='ocrx_word' id='word_1_733' title='bbox 2727 5540 2814 5595; x_wconf 83' lang='grc' dir='ltr'>καὶ</span> <span class='ocrx_word' id='word_1_734' title='bbox 2869 5542 2996 5616; x_wconf 85' lang='grc' dir='ltr'>παρ’</span> <span class='ocrx_word' id='word_1_735' title='bbox 3048 5541 3255 5597; x_wconf 81' lang='grc' dir='ltr'>ἐκείνου</span> <span class='ocrx_word' id='word_1_736' title='bbox 3309 5541 3516 5616; x_wconf 80' lang='grc' dir='ltr'>ἐγένετο</span> <span class='ocrx_word' id='word_1_737' title='bbox 3569 5544 3813 5618; x_wconf 68' lang='grc' dir='ltr'>μοναχῆ.</span> 
     </span>
    </p>
   </div>
   <div class='ocr_carea' id='block_1_109' title="bbox 402 5617 2034 5716">
    <p class='ocr_par' dir='ltr' id='par_1_109' title="bbox 402 5646 2029 5716">
     <span class='ocr_line' id='line_1_112' title="bbox 402 5646 2029 5716; baseline 0.002 -17"><span class='ocrx_word' id='word_1_738' title='bbox 402 5662 476 5700; x_wconf 86' lang='lat' dir='ltr'>ne</span> <span class='ocrx_word' id='word_1_739' title='bbox 534 5661 568 5699; x_wconf 93' lang='lat' dir='ltr'>a</span> <span class='ocrx_word' id='word_1_740' title='bbox 605 5650 770 5716; x_wconf 90' lang='lat' dir='ltr'>patre</span> <span class='ocrx_word' id='word_1_741' title='bbox 823 5649 1299 5716; x_wconf 87' lang='lat' dir='ltr'>cognosceretur,</span> <span class='ocrx_word' id='word_1_742' title='bbox 1333 5651 1568 5715; x_wconf 88' lang='lat' dir='ltr'>sumpto</span> <span class='ocrx_word' id='word_1_743' title='bbox 1621 5646 1774 5700; x_wconf 86' lang='lat' dir='ltr'>virili</span> <span class='ocrx_word' id='word_1_744' title='bbox 1824 5646 2029 5702; x_wconf 90' lang='lat' dir='ltr'>habitu</span> 
     </span>
    </p>
   </div>
   <div class='ocr_carea' id='block_1_110' title="bbox 2181 5617 3813 5716">
    <p class='ocr_par' dir='ltr' id='par_1_110' title="bbox 2181 5617 3813 5716">
     <span class='ocr_line' id='line_1_113' title="bbox 2181 5617 3813 5716; baseline -0.004 -24"><span class='ocrx_word' id='word_1_745' title='bbox 2181 5617 2300 5696; x_wconf 70' lang='lat' dir='ltr'>Eitu</span> <span class='ocrx_word' id='word_1_746' title='bbox 2328 5617 2650 5712; x_wconf 62' lang='grc' dir='ltr'>φοϐηθεῖσα,</span> <span class='ocrx_word' id='word_1_747' title='bbox 2707 5627 2794 5683; x_wconf 72' lang='grc' dir='ltr'>ἵνα</span> <span class='ocrx_word' id='word_1_748' title='bbox 2843 5631 2919 5716; x_wconf 70' lang='grc' dir='ltr'>μὴ</span> <span class='ocrx_word' id='word_1_749' title='bbox 2977 5633 3254 5706; x_wconf 79' lang='grc' dir='ltr'>γνωρισθῇ</span> <span class='ocrx_word' id='word_1_750' title='bbox 3308 5633 3412 5686; x_wconf 83' lang='grc' dir='ltr'>ὑπὸ</span> <span class='ocrx_word' id='word_1_751' title='bbox 3469 5636 3565 5687; x_wconf 85' lang='grc' dir='ltr'>τοῦ</span> <span class='ocrx_word' id='word_1_752' title='bbox 3607 5617 3813 5707; x_wconf 81' lang='grc' dir='ltr'>πατρὸς</span> 
     </span>
    </p>
   </div>
   <div class='ocr_carea' id='block_1_111' title="bbox 399 5715 2031 5805">
    <p class='ocr_par' dir='ltr' id='par_1_111' title="bbox 399 5715 2031 5805">
     <span class='ocr_line' id='line_1_114' title="bbox 399 5715 2031 5805; baseline -0.001 -15"><span class='ocrx_word' id='word_1_753' title='bbox 399 5715 744 5804; x_wconf 84' lang='lat' dir='ltr'>mutatoque</span> <span class='ocrx_word' id='word_1_754' title='bbox 761 5715 1293 5804; x_wconf 84' lang='lat' dir='ltr'>nomine,seipsam</span> <span class='ocrx_word' id='word_1_755' title='bbox 1314 5731 1700 5805; x_wconf 84' lang='lat' dir='ltr'>Smaragdum</span> <span class='ocrx_word' id='word_1_756' title='bbox 1722 5732 2031 5804; x_wconf 87' lang='lat' dir='ltr'>appellavit</span> 
     </span>
    </p>
   </div>
   <div class='ocr_carea' id='block_1_112' title="bbox 2185 5715 3817 5805">
    <p class='ocr_par' dir='ltr' id='par_1_112' title="bbox 2185 5715 3817 5798">
     <span class='ocr_line' id='line_1_115' title="bbox 2185 5715 3817 5798; baseline -0.006 -14"><span class='ocrx_word' id='word_1_757' title='bbox 2185 5729 2353 5798; x_wconf 83' lang='grc' dir='ltr'>ιύτῆς.</span> <span class='ocrx_word' id='word_1_758' title='bbox 2432 5715 2762 5792; x_wconf 75' lang='grc' dir='ltr'>ἐνδυσαμένη</span> <span class='ocrx_word' id='word_1_759' title='bbox 2822 5715 3041 5796; x_wconf 81' lang='grc' dir='ltr'>ἀνδρεία</span> <span class='ocrx_word' id='word_1_760' title='bbox 3095 5719 3306 5794; x_wconf 77' lang='grc' dir='ltr'>ἱμάτια,</span> <span class='ocrx_word' id='word_1_761' title='bbox 3381 5721 3471 5776; x_wconf 82' lang='grc' dir='ltr'>καὶ</span> <span class='ocrx_word' id='word_1_762' title='bbox 3532 5740 3817 5797; x_wconf 73' lang='grc' dir='ltr'>μετασχησ-</span> 
     </span>
    </p>
   </div>
  </div>
