4132 6328
230 381 303 442 13
1675 363 1901 428 SEPTI

2013 363 2172 428 BER.
3585 378 3664 438 74

244 513 494 587 μασθεῖσα
571 508 652 571 εἲς
730 503 924 583 ἄνδρα,
1013 505 1105 560 καὶ
1209 497 1625 576 μετονομάσάσα
1699 496 1894 587 ἑαυτὴν

2013 504 2188 571 atque
2211 500 2273 556 in
2295 501 2558 558 virorum
2589 503 3020 560 monasterium
3046 522 3174 562 sese
3199 509 3472 578 contulit,
3503 514 3664 582 quod

246 583 591 677 Σμάραγδον,
621 593 872 666 ἀπῆλθεν
930 593 1006 657 εἷς
1064 589 1312 668 ἀνδρεῖον
1343 588 1734 677 μοναστήριον,
1767 583 1900 677 εἶς-ὃ

245 689 327 746 καὶ
355 675 628 762 πρότερον
682 686 818 741 κατὰ
869 685 1152 755 συνήθειαν
1210 680 1496 754 ἀπήρχετο
1527 677 1555 732 ὁ
1587 675 1766 749 πατὴρ
1801 675 1901 728 αὐ-

234 788 352 851 τῆς.
413 779 517 837 Καὶ
579 779 721 852 μετὰ
774 780 938 832 τοῦτο
993 771 1161 829 πάλιν
1217 769 1615 847 ἀπερχόμενος,
1678 766 1767 821 καὶ
1825 767 1904 836 τῷ

236 870 531 945 ἡγουμένῳ
607 865 977 940 διηγούμενος
1036 863 1137 930 τήν
1197 862 1374 938 φυγὴν
1429 865 1532 928 τῆς
1589 856 1902 932 θυγατέρος,

237 957 438 1017 ἔελεπε
468 955 752 1017 πολλάκις
810 958 902 1010 καί
961 953 1130 1022 αὐτὴν
1188 948 1596 1024 παρισταμένην
1625 949 1705 1017 τῷ
1733 947 1902 1019 ἡγου-

241 1052 385 1123 μένῳ
417 1048 472 1103 ἐν
503 1048 754 1123 σχήματι
814 1040 1028 1116 ἀνδρὸς,
1083 1040 1174 1095 καὶ
1231 1036 1580 1110 λυπουμένην
1622 1032 1780 1123 δῆθεν
1815 1029 1906 1087 διὰ

232 1121 328 1207 τὴν
386 1121 667 1213 θυγατέρα
723 1135 915 1189 αὐτοῦ·
1000 1130 1130 1186 ἀλλ’
1213 1128 1312 1183 οὐκ
1367 1125 1651 1213 έγνῴριζεν
1683 1121 1900 1213 Δαιότήν.

233 1210 538 1282 Διανῦσασα
581 1210 640 1280 δὲ
686 1223 739 1279 ιν
793 1227 872 1294 τῷ
930 1217 1282 1294 μοναστηρίῳ
1326 1214 1420 1286 ἔτη
1454 1212 1582 1269 δέκα
1610 1210 1700 1267 καὶ
1734 1211 1901 1280 ὀκτὼ,

232 1316 520 1386 ἠσθένησε·
572 1313 666 1368 καὶ
738 1306 1226 1386 προσκαλεσαμένη
1299 1305 1391 1360 τὸν
1450 1301 1656 1378 πατέρα
1714 1299 1902 1368 αὐτῆς,

233 1404 402 1462 εἶπεν.
465 1403 613 1477 Ἐγώ
666 1399 782 1474 εἰμι
837 1396 1080 1472 θυγάτηρ
1137 1414 1256 1451 σου⁶
1315 1392 1407 1450 καὶ
1459 1393 1536 1466 μὴ
1582 1390 1780 1448 λυποῦ·
1812 1387 1903 1444 καὶ

229 1497 396 1550 τοῦτο
431 1492 691 1559 εἰποῦσα,
721 1489 1017 1563 ἐκοιμήθη.

778 1580 966 1636 MHNI
1018 1581 1104 1655 τᾳ
1159 1575 1368 1652 Αγτᾳ.

1038 1664 1126 1734 κζ’

231 1762 293 1819 Ἦ
327 1759 659 1835 μετάστασις
707 1761 808 1814 τοῦ
861 1754 1020 1835 ἁγίου
1066 1751 1316 1835 Ἰωάννου
1365 1753 1464 1806 τοῦ
1507 1747 1783 1824 Θεολόγου
1812 1745 1903 1802 καὶ

888 1825 1269 1903 εῦαγγελστοῦ.

305 1923 371 1979 Ὁ
423 1920 616 1995 Μέγας
674 1914 983 1978 ἀπόστολος
1035 1913 1126 1972 καὶ
1203 1909 1594 1986 εὖαγγελιστής
1646 1907 1899 1978 Ἰωάννης

245 2010 378 2084 μετὰ
405 2011 514 2079 τήν
568 2008 846 2081 ἀνάληψιν
903 2008 1000 2060 τοῦ
1052 2007 1280 2078 Κυριου,
1337 2000 1427 2056 καὶ
1477 2001 1579 2068 τὴν
1634 1997 1893 2071 κοίμησιν

235 2107 331 2171 τῆς
387 2097 684 2169 Θεοτόκου,
740 2094 908 2164 ἦλθεν
968 2093 1043 2156 εἰς
1097 2098 1348 2170 Ἔφεσον,
1407 2086 1899 2164 εὐαγγελιζόμενος

233 2190 322 2244 τὸν
353 2185 618 2260 Χριστόν.
651 2183 754 2242 Καὶ
785 2177 1105 2253 διαϐληθεὶς
1156 2179 1471 2252 Δομετιανῷ
1497 2181 1576 2249 τῷ
1605 2175 1893 2248 Ῥωμαίων

236 2278 483 2357 βασιλεῖ,
513 2274 779 2350 ἐξωρίσθη
835 2271 911 2334 εἰς
968 2272 1188 2342 Πάτμον
1243 2269 1344 2337 τὴν
1389 2269 1582 2357 νῆσονἶ
1607 2265 1776 2357 Ἔνθα
1804 2263 1893 2319 καὶ

231 2352 290 2425 τὸ
321 2368 489 2441 ἅγιον
539 2361 766 2438 ἔγραψεν
814 2357 1169 2434 Εὐαγγέλιον.
1223 2357 1376 2414 Μετά
1414 2353 1471 2410 δὲ
1506 2352 1764 2422 τελευτὴν
1796 2361 1894 2408 Δο-

237 2458 524 2531 μετιανοῦ,
557 2447 886 2521 ὣακληθείς
915 2446 1107 2514 πάλιν,
1140 2443 1307 2514 ἦλθεν
1369 2443 1444 2504 εἰς
1503 2445 1752 2531 Ἔφεσον.
1789 2441 1893 2496 Καὶ

241 2530 376 2619 μετὰ
404 2543 474 2598 τὸ
505 2539 755 2602 πολλοὺς
812 2535 1043 2608 διδάξαι,
1097 2535 1188 2590 καὶ
1245 2531 1336 2589 διὰ
1379 2537 1475 2587 τοῦ
1523 2530 1894 2607 βαπτίσματος

238 2635 618 2708 προσαγαγεῖν
672 2633 753 2700 τῷ
809 2628 1049 2703 Χριστῷ,
1107 2625 1360 2700 προέγνω
1423 2623 1523 2691 τὴν
1576 2621 1894 2708 μετάστασιν

244 2706 444 2777 αῦτοῦς
481 2717 588 2787 Καῗ
639 2723 918 2791 Κυριακῆς
953 2717 1163 2790 ἡμέρας
1206 2710 1493 2780 ἐλθούσης,
1525 2707 1739 2780 διδάξας
1768 2706 1897 2771 τοὺς

244 2808 520 2888 ἀδελφοὺς
575 2808 643 2863 τά
703 2804 963 2880 μεγαλεῖα
1026 2805 1124 2860 τοῦ
1178 2806 1335 2858 Θεοῦο
1385 2799 1474 2856 καὶ
1530 2795 1900 2888 παραγγείλας

247 2900 434 2960 αὐτοῖς
493 2896 780 2975 φυλάττειν
835 2893 1008 2949 πάντα
1063 2892 1129 2946 τὰ
1184 2889 1511 2965 διδαχθέντα
1547 2888 1654 2975 Αὸπ’
1711 2887 1900 2975 αὐτοῦ,

245 2972 546 3064 προσέταξε
625 2983 708 3058 τῷ
793 2985 1012 3056 μαθητῇ
1094 2979 1259 3035 αὐτοῦ
1310 2972 1649 3050 παραλαϐεῖν
1707 2973 1902 3051 ἄνδρας

243 3079 575 3154 κατέχοντας
625 3075 719 3136 τὰς
775 3073 911 3149 πρὸς
967 3067 1180 3147 ὄρυγμα
1253 3067 1462 3144 χρείας,
1519 3066 1609 3122 καὶ
1667 3066 1901 3121 ἀκολου-

244 3170 375 3223 θεῖν.
440 3167 539 3220 Καὶ
601 3161 773 3219 ἰλθὼν
829 3161 918 3216 έπὶ
972 3161 1064 3216 τὸν
1123 3160 1313 3228 τόπον,
1374 3156 1662 3230 ἐπέτρεψεν
1717 3154 1903 3228 ὀρύξαι

246 3259 461 3330 ὄρυγμα
524 3251 659 3330 βαθῦ
720 3246 1082 3326 σταυροειδές.
1145 3249 1244 3304 Καὶ
1323 3245 1751 3318 προσευξάμενος
1807 3243 1896 3317 καὶ
1930 3230 1973 3297 C

244 3346 430 3402 ε’ίπών·
479 3342 690 3417 Εἴρήνη
741 3341 890 3413 ὑμῖν,
945 3335 1196 3410 ἀδελφοὶ,
1244 3333 1504 3404 ἀνεκλίθη
1539 3332 1592 3388 ἰν
1621 3337 1702 3404 τῷ
1741 3331 1900 3406 ὀρύγ-

255 3457 401 3510 ματι.
429 3434 566 3488 Τότε
594 3428 934 3504 καλύψαντες
990 3427 1152 3482 αὐτὸν
1206 3426 1259 3480 οἱ
1321 3421 1560 3510 μαθηταὶ
1609 3421 1900 3510 ἀνεχώρη-

251 3508 362 3581 σαν.
433 3521 538 3580 Καὶ
613 3518 747 3594 μετᾶ
802 3521 967 3574 τοῦτο
1022 3514 1276 3579 ἐλθόντες
1344 3509 1476 3568 ἲδεῖν
1541 3512 1726 3582 αὐτὸν,
1795 3508 1905 3584 οὐχ

255 3613 430 3688 εὗρον.

814 3753 991 3812 MHNI
1029 3749 1120 3826 T9
1160 3749 1352 3826 Anc.

1028 3839 1123 3894 KZ‘

419 3959 699 4029 ’Δθλησις
724 3961 828 4026 τῆς
857 3953 1012 4029 ἁγίας
1051 3953 1325 4028 μάρτυρος
1357 3947 1722 4026 Ἐπιχᾶρεως.

318 4077 616 4155 Ἐπίχαρις
659 4077 695 4144 ἡ
741 4077 840 4128 τοῦ
896 4074 1129 4148 Χριστοῦ
1189 4069 1414 4143 μάρτυς,
1471 4070 1717 4143 ὑπῆρχεν
1751 4066 1802 4122 ἐν
1832 4070 1903 4141 τῇ

266 4170 434 4244 Ρώμῃ
468 4166 558 4221 ἐπὶ
601 4161 996 4233 Διοκλητιανοῦ
1044 4163 1142 4214 τοῦ
1195 4157 1482 4233 βασιλέως⁸
1539 4157 1812 4231 ἐκρατήθη
1847 4155 1905 4212 δὲ

249 4260 392 4331 παρά
450 4259 745 4329 Καισαριου
827 4254 923 4306 τοῦ
1015 4247 1284 4324 ἐπάρχου.
1348 4247 1450 4305 Καὶ
1512 4245 1907 4322 ὁμολογήσασα

250 4343 526 4420 παρῥησίᾳ
576 4343 669 4396 τὸν
726 4337 981 4413 Χριστὸν,
1037 4340 1301 4420 κρεμᾶται
1371 4335 1458 4390 καὶ
1519 4333 1711 4404 ξέεται.
1771 4333 1906 4391 Εἶτα

241 4419 499 4489 τύπτεται
561 4429 698 4505 μετᾶ
757 4431 974 4505 σφυρῶν
1055 4419 1400 4499 μολυϐδίνων
1460 4423 1565 4478 ὑπὸ
1629 4421 1900 4498 τεσσάρων

248 4525 622 4599 στρατιωτῶν·
658 4519 882 4586 οἵτινες,
937 4515 1248 4590 εὐχομένης
1300 4513 1489 4581 αὐτῆς,
1524 4513 1625 4567 ὑπὸ
1655 4512 1900 4588 ἀγγέλων

2011 593 2070 643 et
2096 594 2268 661 pater
2299 591 2427 662 ejus
2457 592 2740 664 frequens
2771 592 2934 649 adire
2994 604 3410 656 consueverat:
3453 608 3663 673 postea

2011 695 2147 734 vero
2180 680 2321 736 illuc
2352 682 2691 752 adveniens,
2728 701 2863 740 cum
2894 688 3241 742 monasterii
3272 690 3550 759 praefecto
3583 692 3656 748 de

2010 765 2146 839 fuga
2180 768 2317 824 ﬁlias
2348 787 2504 842 saape
2530 771 3003 843 colloquebatur,
3036 775 3407 847 inspectante
3439 785 3497 834 et
3551 797 3659 836 au-

2011 854 2210 912 diente
2238 857 2590 930 plerumque
2619 860 2766 932 ﬁlia,
2789 861 3176 934 doloremque
3201 865 3406 921 eadem
3429 866 3501 922 de
3521 885 3660 924 cau-

2011 962 2076 1000 sa
2106 963 2226 1016 prie
2261 963 2321 1002 se
2351 948 2601 1017 ferente,
2630 966 2766 1005 cum
2820 951 3064 1006 interim
3095 967 3130 1006 a
3152 959 3319 1024 patre
3349 971 3658 1028 nunquam

2009 1042 2489 1107 cognosceretur.
2532 1042 2674 1092 Cum
2706 1044 2905 1094 autem
2952 1040 3014 1094 in
3059 1043 3424 1100 monasterio
3469 1062 3659 1103 annos

2008 1121 2214 1178 decem
2247 1130 2304 1179 et
2327 1130 2458 1180 octo
2516 1127 2778 1197 vixisset,
2840 1128 3052 1183 incidit
3105 1130 3170 1184 in
3230 1131 3528 1190 morbum.
3591 1137 3661 1192 Et

2009 1212 2294 1268 accersito
2321 1219 2487 1284 patre
2519 1214 2702 1270 dixit:
2736 1218 2852 1289 Ego
2885 1233 3017 1272 sum
3049 1218 3175 1275 ﬁlia
3225 1225 3345 1291 tua,
3395 1238 3469 1277 ne
3517 1239 3663 1280 con-

2006 1301 2261 1357 tristeris
2286 1319 2299 1357 :
2328 1304 2647 1376 statimque
2679 1304 3059 1362 obdormivit.

2562 1573 2804 1629 EODEM
2842 1573 3094 1631 MENSE.

2529 1662 2634 1718 Die
2667 1663 2945 1719 vicesima
2975 1669 3140 1720 sexta

2006 1747 2106 1803 ἰθ
2148 1749 2456 1806 Translatio
2511 1754 2692 1807 sancti
2745 1753 2977 1879 Ιρᾳέιηὶε
3038 1753 3318 1825 Theologi,
3376 1763 3427 1812 et
3482 1774 3654 1814 evan-

2708 1841 2774 1879 ae
2801 1840 2844 1879 ιε
2871 1842 2936 1879 ω.

2707 1840 2936 1894 αειιειω.

2083 1910 2323 1981 Magnus
2353 1911 2660 1983 apostolus
2691 1917 2749 1967 et
2794 1913 3156 1986 evangelista
3191 1915 3471 1983 Joannes,
3520 1923 3658 1990 post

2004 1998 2240 2052 Domini
2289 2002 2702 2056 ascensionem
2752 2007 2812 2057 et
2867 2003 3134 2074 Deiparaa
3187 2004 3435 2072 obitum,
3496 2008 3657 2063 venit

2005 2087 2324 2157 Ephesum,
2353 2089 2650 2144 Christum
2679 2091 3123 2163 evangelizans;
3174 2092 3524 2166 delatusque
3571 2094 3645 2151 ad

2003 2176 2404 2234 Domitianum
2437 2181 2838 2236 Romanorum
2877 2180 3318 2252 imperatorem,
3351 2183 3650 2255 relegatur

2001 2264 2063 2319 in
2095 2265 2351 2322 insulam
2384 2271 2638 2335 Patmos,
2669 2268 2771 2323 ubi
2803 2275 3074 2324 sanctum
3096 2271 3475 2343 Evangelium
3496 2290 3647 2328 con-

2003 2354 2258 2425 scripsit.
2307 2356 2527 2412 Functo
2560 2362 2758 2412 autem
2789 2358 2907 2413 vita
2933 2359 3286 2427 Domitiano,
3337 2367 3647 2417 revocatus

2001 2444 2072 2499 ab
2109 2446 2337 2515 exsilio,
2371 2447 2549 2502 rediit
2577 2449 2912 2519 Ephesum:
2949 2449 3048 2503 ubi
3081 2467 3217 2504 cum
3257 2451 3476 2508 multos
3525 2452 3640 2507 do-

2001 2534 2471 2606 cuisset,perque
2486 2536 2844 2607 baptismum
2859 2537 2932 2592 ad
2955 2537 3251 2593 Christum
3273 2539 3641 2610 adduxisset,

2002 2623 2453 2679 translationem
2488 2642 2657 2680 suam
2691 2627 2995 2696 praenovit.
3026 2627 3335 2683 Dominico
3358 2629 3537 2700 igitur
3566 2629 3662 2684 die

2006 2729 2141 2768 cum
2170 2713 2383 2768 fratres
2415 2731 2628 2787 magna
2669 2715 2770 2770 Dei
2829 2731 3010 2787 opera
3059 2715 3378 2785 docuisset,
3431 2719 3661 2789 eisque,

2005 2806 2072 2856 ut
2100 2818 2230 2872 quas
2265 2803 2453 2857 edocti
2487 2820 2520 2858 a
2548 2821 2608 2858 se
2636 2803 2891 2871 fuerant,
2920 2804 3320 2871 observarent,
3347 2807 3663 2878 praecepis-

2008 2894 2117 2955 set,
2152 2889 2463 2961 imperavit
2489 2891 2784 2962 discipulo
2816 2897 2900 2960 ut,
2933 2893 3254 2963 assumptis
3285 2893 3657 2960 hominibus,

2009 2984 2070 3033 et
2097 2995 2228 3048 quae
2260 2978 2334 3034 ad
2365 2979 2711 3034 fodiendum
2741 2997 2892 3050 opus
2924 2986 3144 3049 essent,
3178 2982 3402 3051 paratis
3429 2983 3658 3038 instru-

2009 3067 2251 3136 mentis,
2283 3084 2345 3122 se
2376 3073 2877 3139 consequeretur:
2919 3067 3180 3140 abiitque
3230 3070 3291 3124 in
3341 3070 3660 3141 quemdam

2009 3156 2230 3223 locum,
2246 3156 2546 3227 jussitque
2569 3162 2768 3229 egesta
2789 3157 2906 3212 alte
2937 3161 3096 3212 terra
3116 3157 3336 3213 fossam
3371 3159 3433 3214 in
3465 3158 3660 3215 crucis

2014 3247 2262 3319 ﬁguram
2294 3247 2572 3304 effodere.
2603 3251 2730 3302 Mox
2760 3247 2964 3314 oravit,
3000 3254 3058 3302 et
3087 3249 3270 3304 dixit:
3325 3252 3442 3306 Pax
3471 3250 3659 3320 vobis,

2009 3337 2222 3393 fratres
2251 3355 2265 3392 :
2299 3344 2356 3394 et
2380 3339 2444 3394 in
2472 3339 2635 3394 fovea
2665 3355 2794 3394 sese
2842 3341 3214 3411 composuit:
3265 3357 3381 3412 quo
3431 3347 3657 3413 operto,

2011 3428 2286 3499 discipuli
2319 3429 2666 3486 discessere.
2702 3431 2910 3484 Verum
2962 3431 3140 3501 paulo
3196 3435 3330 3502 post
3378 3431 3653 3504 regressi,

2009 3516 2240 3572 visendi
2271 3534 2407 3573 eum
2441 3518 2660 3589 studio,
2691 3533 3071 3589 nequaquam
3103 3519 3462 3575 invenerunt

2567 3752 2809 3807 EODEM
2847 3752 3101 3809 MENSE.

2491 3840 2595 3894 Die
2624 3840 2906 3897 vicesima
2939 3840 3194 3912 septima

2195 3955 2284 4010 ’11
2326 3956 2612 4011 Certamen
2640 3962 2841 4013 sancta
2869 3959 3134 4027 martyris
3162 3959 3480 4030 Epicharis.

2084 4071 2633 4144 Epicharis,Christi
2647 4073 3267 4146 martyr,Diocletiano
3282 4074 3664 4146 imperatore,

2014 4163 2213 4217 Romae
2245 4161 2476 4216 claruit.
2511 4161 2952 4234 Comprehensa
2973 4169 3170 4219 autem
3194 4179 3228 4218 a
3247 4164 3501 4219 Caesario
3523 4181 3669 4235 prai-

2011 4251 2187 4320 fecto,
2225 4251 2616 4323 confessaque
2674 4251 2859 4308 libere
2919 4254 3243 4319 Christum,
3303 4253 3538 4309 sublata
3595 4253 3659 4308 in

2012 4340 2847 4411 equuleum,excarnificatur:
2875 4341 3090 4397 deinde
3111 4341 3344 4397 malleis
3364 4341 3661 4413 plumbeis

2011 4430 2341 4502 percutitur
2361 4447 2394 4484 a
2415 4434 2669 4500 quatuor
2688 4431 3003 4498 militibus,
3035 4431 3154 4502 qui,
3184 4447 3253 4486 ea
3274 4447 3481 4503 preces
3511 4431 3660 4486 fun-

2012 4519 2210 4586 dente,
2243 4519 2314 4573 ab
2346 4518 2570 4590 angelis
2598 4519 2894 4574 interfecti
2931 4526 3086 4575 sunt.
3122 4519 3433 4574 Consuluit
3458 4520 3660 4590 itaque

242 4597 603 4689 ἀνῃρέθησαν.
664 4609 797 4666 Εἶτα
852 4601 1241 4662 συνεϐούλευσε
1292 4608 1372 4676 τῷ
1428 4607 1658 4689 ἄρχοντι
1702 4604 1730 4658 6
1769 4625 1901 4679 συγ-

2013 4608 2285 4679 praefecto
2307 4624 2592 4673 assessor,
2624 4613 2690 4662 ut
2710 4608 2773 4661 in
2805 4608 2970 4663 illam
2988 4608 3167 4662 ferret
3189 4607 3502 4678 capitalem
3527 4624 3661 4663 sen-

247 4687 509 4777 κάθνείρος
565 4699 732 4754 αὐτοῦ
787 4693 1187 4770 ἆποκεφαλίσαι
1245 4691 1437 4762 αὐτήν,
1507 4687 1794 4764 Λαϐούσης
1850 4691 1907 4748 δὶ

240 4793 334 4859 τὴν
386 4788 482 4844 διὰ
515 4788 704 4865 ξίφους
730 4785 1026 4862 ἀπόφασιν,
1081 4783 1172 4838 καὶ
1233 4782 1684 4857 προσευχομένης
1713 4781 1906 4851 αὐτῆς,

244 4882 277 4950 ἡ
308 4880 590 4954 εὗρεθεῖσα
625 4875 879 4932 ὑποκάτω
934 4877 1043 4929 τῶν
1104 4869 1287 4928 ποδῶν
1347 4873 1519 4940 αὐτῆς
1548 4872 1742 4946 πέτρα,
1777 4871 1908 4927 ὕδα-

245 4991 336 5033 τος
366 4962 636 5024 ἀνέϐλυσε
680 4964 914 5034 πλῆθος.
978 4960 1323 5036 Πληρώσασα
1371 4958 1428 5014 δὶ
1456 4961 1556 5029 τήν
1589 4961 1785 5035 εὐχὴν,
1816 4963 1905 5017 καὶ

240 5059 472 5115 κλίνασα
500 5057 594 5112 τὸν
623 5052 846 5129 αὐχένα,
878 5051 1102 5125 έπλήγη
1157 5049 1258 5105 ὑπὸ
1309 5053 1408 5104 τοῦ
1465 5046 1694 5122 δημίου,
1723 5051 1813 5104 καὶ
1839 5052 1902 5106 τὸ

245 5149 333 5220 μὲν
390 5150 615 5217 πνεῦμα
669 5143 837 5211 αὐτῆς
890 5140 1180 5209 έναπετέθη
1237 5137 1316 5200 εἰς
1366 5142 1556 5212 χεῖρας
1602 5142 1735 5193 Θεοῦ
1767 5143 1905 5208 ζῶν-

240 5257 326 5298 τος
361 5233 605 5290 Δικαίων
658 5231 757 5307 γὰρ
815 5228 991 5305 ψυχαὶ
1050 5227 1104 5283 έν
1158 5226 1306 5303 χειρὶ
1338 5233 1496 5284 Θεου.
1532 5227 1612 5282 T6
1633 5224 1690 5282 δὲ
1719 5228 1903 5301 τίμίον

243 5324 502 5399 λείψανον
562 5321 731 5386 αὐτῆς
791 5318 958 5396 ἐτάφη
1010 5316 1241 5390 ἐντίμως
1293 5317 1443 5390 παρᾶ
1475 5315 1726 5386 Φήλικός
1755 5340 1903 5383 τινος

241 5413 639 5489 συγκλητικοῦ,
697 5402 961 5468 εὖλαϐοῦς
1048 5406 1396 5479 Χριστιανυῦ⁸
1478 5405 1641 5480 βρύον
1702 5404 1906 5479 ἴάματα

240 5507 366 5556 πᾶσι
394 5504 520 5563 τοῖς
549 5501 758 5558 πιστῶς
806 5493 1278 5570 προσερχομένοις
1329 5492 1496 5564 αὐτῷ,
1527 5497 1698 5548 πᾶσαν
1725 5495 1902 5567 νόσον,

237 5591 322 5646 καὶ
354 5596 534 5644 πᾶσαν
593 5584 878 5661 συμφορὰν
931 5583 1024 5639 καὶ
1080 5582 1261 5654 λύπην
1317 5582 1556 5656 ετοίμως
1587 5581 1905 5650 ἀποδιῶκον

235 5676 334 5743 ἓως
363 5686 471 5749 τῆς
505 5679 574 5748 σή
589 5695 785 5752 μερον.

520 5797 787 5860 Panos.
833 5796 925 5855 Gn
939 5837 954 5853 .
997 5792 1240 5855 CXVII.

2017 4699 2286 4753 tentiam.
2318 4697 2483 4762 Quod
2515 4713 2649 4751 cum
2675 4697 2914 4752 fecisset
2943 4697 3462 4769 prmfectuspcnpit
3492 4714 3662 4754 orare

2014 4788 2321 4860 Epicharis
2358 4805 2370 4842 :
2401 4788 2720 4858 statimque
2748 4793 2936 4858 petra,
2967 4805 3096 4858 quas
3131 4788 3336 4843 subter
3365 4789 3526 4844 illius
3555 4805 3660 4860 pe-

2017 4876 2120 4932 des
2126 4876 2384 4947 jacebat,
2404 4891 2677 4947 magnam
2694 4875 2902 4930 effudit
2922 4893 3209 4947 aquarum
3227 4879 3364 4932 vim.
3399 4879 3664 4949 Cumque

2015 4981 2220 5039 preces
2277 4965 2716 5036 complevisset,
2778 4966 3066 5022 inclinata
3112 4967 3358 5033 cervice,
3393 4983 3426 5022 a
3455 4967 3664 5023 lictore

2015 5071 2296 5128 percussa
2324 5054 2456 5121 fuit,
2490 5054 2736 5126 ejusque
2765 5055 3006 5126 spiritus
3037 5056 3098 5110 in
3148 5056 3250 5111 Dei
3292 5056 3402 5111 vivi
3447 5072 3662 5111 manus

2015 5145 2339 5200 advolavit:
2372 5146 2652 5199 Justorum
2680 5147 2827 5200 enim
2858 5147 3054 5200 animm
3086 5145 3144 5200 in
3173 5162 3343 5200 manu
3373 5147 3468 5200 Dei
3491 5152 3661 5202 sunt:

2013 5235 2288 5305 pretiosae
2320 5237 2518 5288 autem
2545 5233 2674 5303 ejus
2731 5235 3000 5305 reliquias
3049 5235 3374 5290 honoriﬁce
3406 5252 3441 5291 a
3469 5235 3662 5290 Felice

2014 5323 2271 5394 quodam
2303 5323 2602 5378 senatorio
2634 5322 2756 5376 viro
2789 5324 3006 5394 pioque
3029 5324 3361 5379 Christiano
3386 5325 3658 5395 sepultae,

2013 5413 2350 5468 curationes
2374 5411 2654 5466 emittunt
2674 5413 2952 5467 omnibus
2975 5429 3108 5467 cum
3133 5413 3248 5467 fide
3271 5414 3345 5468 ad
3365 5430 3462 5468 eas
3483 5429 3660 5468 acce-

2013 5501 2310 5570 dentibus,
2367 5518 2723 5573 omnemque
2791 5501 3086 5566 morbum,
3145 5502 3543 5558 calamitatem
3598 5507 3662 5557 et

2013 5591 2427 5663 aagritudinem
2451 5590 2525 5646 ad
2545 5592 2700 5646 hanc
2723 5607 2912 5662 usque
2930 5590 3087 5645 diem
3107 5592 3308 5646 statim
3326 5589 3656 5662 depellunt.

3342 5796 3378 5854 3
