  <div class='ocr_page' id='page_1' title='image "/cluster/home/n/w/nwhite01/storage/ocr_20150623/117/mdp.39015038086818/045.png"; bbox 0 0 4132 6328; ppageno 0'>
   <div class='ocr_carea' id='block_1_1' title="bbox 482 371 561 429">
    <p class='ocr_par' dir='ltr' id='par_1_1' title="bbox 482 371 561 429">
     <span class='ocr_line' id='line_1_1' title="bbox 482 371 561 429; baseline -0.013 0"><span class='ocrx_word' id='word_1_1' title='bbox 482 371 561 429; x_wconf 80' lang='lat'>75</span> 
     </span>
    </p>
   </div>
   <div class='ocr_carea' id='block_1_2' title="bbox 1128 495 1477 556">
    <p class='ocr_par' dir='ltr' id='par_1_2' title="bbox 1128 495 1477 556">
     <span class='ocr_line' id='line_1_2' title="bbox 1128 495 1477 556; baseline -0.011 0"><span class='ocrx_word' id='word_1_2' title='bbox 1128 497 1349 556; x_wconf 88' lang='lat' dir='ltr'>Eodem</span> <span class='ocrx_word' id='word_1_3' title='bbox 1383 495 1477 552; x_wconf 92' lang='lat' dir='ltr'>die</span> 
     </span>
    </p>
   </div>
   <div class='ocr_carea' id='block_1_3' title="bbox 486 583 2129 656">
    <p class='ocr_par' dir='ltr' id='par_1_3' title="bbox 486 583 2129 656">
     <span class='ocr_line' id='line_1_3' title="bbox 486 583 2129 656; baseline -0.012 -4"><span class='ocrx_word' id='word_1_4' title='bbox 486 597 583 652; x_wconf 68' lang='lat'><strong>72</strong></span> <span class='ocrx_word' id='word_1_5' title='bbox 619 595 904 650; x_wconf 83' lang='lat' dir='ltr'>Certamen</span> <span class='ocrx_word' id='word_1_6' title='bbox 933 590 1110 644; x_wconf 78' lang='lat' dir='ltr'>sancti</span> <span class='ocrx_word' id='word_1_7' title='bbox 1138 586 1400 656; x_wconf 80' lang='lat' dir='ltr'>martyris</span> <span class='ocrx_word' id='word_1_8' title='bbox 1432 583 1764 650; x_wconf 86' lang='lat' dir='ltr'>Callistrati,</span> <span class='ocrx_word' id='word_1_9' title='bbox 1812 589 1866 636; x_wconf 84' lang='lat' dir='ltr'>et</span> <span class='ocrx_word' id='word_1_10' title='bbox 1909 586 2129 636; x_wconf 87' lang='lat' dir='ltr'>centum</span> 
     </span>
    </p>
   </div>
   <div class='ocr_carea' id='block_1_4' title="bbox 868 659 1744 730">
    <p class='ocr_par' dir='ltr' id='par_1_4' title="bbox 868 659 1744 730">
     <span class='ocr_line' id='line_1_4' title="bbox 868 659 1744 730; baseline -0.009 -14"><span class='ocrx_word' id='word_1_11' title='bbox 868 667 1156 730; x_wconf 71' lang='lat' dir='ltr'>octoginta</span> <span class='ocrx_word' id='word_1_12' title='bbox 1187 666 1427 729; x_wconf 85' lang='lat' dir='ltr'>quatuor</span> <span class='ocrx_word' id='word_1_13' title='bbox 1455 659 1744 712; x_wconf 84' lang='lat' dir='ltr'>sociorum.</span> 
     </span>
    </p>
   </div>
   <div class='ocr_carea' id='block_1_5' title="bbox 555 741 2130 821">
    <p class='ocr_par' dir='ltr' id='par_1_5' title="bbox 555 741 2130 821">
     <span class='ocr_line' id='line_1_5' title="bbox 555 741 2130 821; baseline -0.012 -8"><span class='ocrx_word' id='word_1_14' title='bbox 555 755 948 818; x_wconf 78' lang='lat' dir='ltr'>Callistratus,</span> <span class='ocrx_word' id='word_1_15' title='bbox 973 748 1243 821; x_wconf 86' lang='lat' dir='ltr'>pluribus</span> <span class='ocrx_word' id='word_1_16' title='bbox 1257 747 1510 818; x_wconf 85' lang='lat' dir='ltr'>insignis</span> <span class='ocrx_word' id='word_1_17' title='bbox 1523 741 1952 800; x_wconf 87' lang='lat' dir='ltr'>certaminibus</span> <span class='ocrx_word' id='word_1_18' title='bbox 1971 756 2130 796; x_wconf 86' lang='lat' dir='ltr'>mar-</span> 
     </span>
    </p>
   </div>
   <div class='ocr_carea' id='block_1_6' title="bbox 485 831 2128 920">
    <p class='ocr_par' dir='ltr' id='par_1_6' title="bbox 485 831 2128 920">
     <span class='ocr_line' id='line_1_6' title="bbox 485 831 2128 920; baseline -0.011 -18"><span class='ocrx_word' id='word_1_19' title='bbox 485 854 598 920; x_wconf 83' lang='lat' dir='ltr'>tyr,</span> <span class='ocrx_word' id='word_1_20' title='bbox 648 848 846 899; x_wconf 82' lang='lat' dir='ltr'>Romae</span> <span class='ocrx_word' id='word_1_21' title='bbox 878 839 1080 895; x_wconf 86' lang='lat' dir='ltr'>ﬂoruit</span> <span class='ocrx_word' id='word_1_22' title='bbox 1127 836 1490 892; x_wconf 79' lang='lat' dir='ltr'>Diocletiano</span> <span class='ocrx_word' id='word_1_23' title='bbox 1523 835 1872 904; x_wconf 82' lang='lat' dir='ltr'>imperante,</span> <span class='ocrx_word' id='word_1_24' title='bbox 1907 831 1990 885; x_wconf 88' lang='lat' dir='ltr'>vir</span> <span class='ocrx_word' id='word_1_25' title='bbox 2038 847 2128 885; x_wconf 85' lang='lat' dir='ltr'>sa-</span> 
     </span>
    </p>
   </div>
   <div class='ocr_carea' id='block_1_7' title="bbox 485 923 2132 1008">
    <p class='ocr_par' dir='ltr' id='par_1_7' title="bbox 485 923 2132 1008">
     <span class='ocr_line' id='line_1_7' title="bbox 485 923 2132 1008; baseline -0.012 -16"><span class='ocrx_word' id='word_1_26' title='bbox 485 938 677 1008; x_wconf 89' lang='lat' dir='ltr'>piens,</span> <span class='ocrx_word' id='word_1_27' title='bbox 710 939 768 987; x_wconf 89' lang='lat' dir='ltr'>et</span> <span class='ocrx_word' id='word_1_28' title='bbox 797 931 1093 984; x_wconf 77' lang='lat' dir='ltr'>Christum</span> <span class='ocrx_word' id='word_1_29' title='bbox 1123 927 1345 981; x_wconf 91' lang='lat' dir='ltr'>colens.</span> <span class='ocrx_word' id='word_1_30' title='bbox 1377 923 1854 994; x_wconf 90' lang='lat' dir='ltr'>Comprehensus</span> <span class='ocrx_word' id='word_1_31' title='bbox 1877 926 2076 976; x_wconf 76' lang='lat' dir='ltr'>autem</span> <span class='ocrx_word' id='word_1_32' title='bbox 2097 936 2132 974; x_wconf 80' lang='grc' dir='ltr'>θ.</span> 
     </span>
    </p>
   </div>
   <div class='ocr_carea' id='block_1_8' title="bbox 489 1009 2130 1095">
    <p class='ocr_par' dir='ltr' id='par_1_8' title="bbox 489 1009 2130 1095">
     <span class='ocr_line' id='line_1_8' title="bbox 489 1009 2130 1095; baseline -0.012 -15"><span class='ocrx_word' id='word_1_33' title='bbox 489 1025 791 1095; x_wconf 86' lang='lat' dir='ltr'>c0piarum</span> <span class='ocrx_word' id='word_1_34' title='bbox 816 1017 1113 1090; x_wconf 62' lang='lat' dir='ltr'>praefecto,</span> <span class='ocrx_word' id='word_1_35' title='bbox 1146 1031 1280 1069; x_wconf 90' lang='lat' dir='ltr'>cum</span> <span class='ocrx_word' id='word_1_36' title='bbox 1305 1013 1376 1067; x_wconf 87' lang='lat' dir='ltr'>ad</span> <span class='ocrx_word' id='word_1_37' title='bbox 1398 1010 1814 1083; x_wconf 82' lang='lat' dir='ltr'>abnegandum</span> <span class='ocrx_word' id='word_1_38' title='bbox 1832 1009 2130 1064; x_wconf 80' lang='lat' dir='ltr'>Christum</span> 
     </span>
    </p>
   </div>
   <div class='ocr_carea' id='block_1_9' title="bbox 490 1099 2135 1174">
    <p class='ocr_par' dir='ltr' id='par_1_9' title="bbox 490 1099 2135 1174">
     <span class='ocr_line' id='line_1_9' title="bbox 490 1099 2135 1174; baseline -0.011 -5"><span class='ocrx_word' id='word_1_39' title='bbox 490 1112 703 1169; x_wconf 84' lang='lat' dir='ltr'>adduci</span> <span class='ocrx_word' id='word_1_40' title='bbox 735 1109 902 1164; x_wconf 84' lang='lat' dir='ltr'>nulla</span> <span class='ocrx_word' id='word_1_41' title='bbox 931 1105 1160 1160; x_wconf 81' lang='lat' dir='ltr'>ratione</span> <span class='ocrx_word' id='word_1_42' title='bbox 1189 1101 1710 1174; x_wconf 89' lang='lat' dir='ltr'>posset,acerrime</span> <span class='ocrx_word' id='word_1_43' title='bbox 1757 1099 2038 1154; x_wconf 80' lang='lat' dir='ltr'>caeditur:</span> <span class='ocrx_word' id='word_1_44' title='bbox 2075 1103 2135 1152; x_wconf 90' lang='lat' dir='ltr'>et</span> 
     </span>
    </p>
   </div>
   <div class='ocr_carea' id='block_1_10' title="bbox 487 1187 2129 1263">
    <p class='ocr_par' dir='ltr' id='par_1_10' title="bbox 487 1187 2129 1263">
     <span class='ocr_line' id='line_1_10' title="bbox 487 1187 2129 1263; baseline -0.012 -6"><span class='ocrx_word' id='word_1_45' title='bbox 487 1202 728 1258; x_wconf 89' lang='lat' dir='ltr'>funibus</span> <span class='ocrx_word' id='word_1_46' title='bbox 759 1196 1133 1261; x_wconf 88' lang='lat' dir='ltr'>constrictus,</span> <span class='ocrx_word' id='word_1_47' title='bbox 1163 1209 1342 1263; x_wconf 84' lang='lat' dir='ltr'>super</span> <span class='ocrx_word' id='word_1_48' title='bbox 1363 1191 1595 1245; x_wconf 88' lang='lat' dir='ltr'>testulis</span> <span class='ocrx_word' id='word_1_49' title='bbox 1617 1187 1978 1244; x_wconf 80' lang='lat' dir='ltr'>acutissimis</span> <span class='ocrx_word' id='word_1_50' title='bbox 1999 1202 2129 1256; x_wconf 90' lang='lat' dir='ltr'>rap-</span> 
     </span>
    </p>
   </div>
   <div class='ocr_carea' id='block_1_11' title="bbox 488 1274 2132 1348">
    <p class='ocr_par' dir='ltr' id='par_1_11' title="bbox 488 1274 2132 1348">
     <span class='ocr_line' id='line_1_11' title="bbox 488 1274 2132 1348; baseline -0.011 -2"><span class='ocrx_word' id='word_1_51' title='bbox 488 1297 664 1346; x_wconf 84' lang='lat' dir='ltr'>tatur.</span> <span class='ocrx_word' id='word_1_52' title='bbox 697 1289 842 1341; x_wconf 91' lang='lat' dir='ltr'>Tum</span> <span class='ocrx_word' id='word_1_53' title='bbox 873 1301 1042 1339; x_wconf 87' lang='lat' dir='ltr'>sacco</span> <span class='ocrx_word' id='word_1_54' title='bbox 1075 1281 1366 1345; x_wconf 88' lang='lat' dir='ltr'>inclusus,</span> <span class='ocrx_word' id='word_1_55' title='bbox 1398 1279 1459 1332; x_wconf 91' lang='lat' dir='ltr'>in</span> <span class='ocrx_word' id='word_1_56' title='bbox 1486 1295 1649 1332; x_wconf 85' lang='lat' dir='ltr'>mare</span> <span class='ocrx_word' id='word_1_57' title='bbox 1667 1276 1996 1348; x_wconf 87' lang='lat' dir='ltr'>projicitur.</span> <span class='ocrx_word' id='word_1_58' title='bbox 2021 1274 2132 1329; x_wconf 90' lang='lat' dir='ltr'>Sed</span> 
     </span>
    </p>
   </div>
   <div class='ocr_carea' id='block_1_12' title="bbox 488 1362 2133 1438">
    <p class='ocr_par' dir='ltr' id='par_1_12' title="bbox 488 1362 2133 1438">
     <span class='ocr_line' id='line_1_12' title="bbox 488 1362 2133 1438; baseline -0.01 -6"><span class='ocrx_word' id='word_1_59' title='bbox 488 1377 738 1432; x_wconf 90' lang='lat' dir='ltr'>discisso</span> <span class='ocrx_word' id='word_1_60' title='bbox 768 1389 958 1438; x_wconf 90' lang='lat' dir='ltr'>sacco,</span> <span class='ocrx_word' id='word_1_61' title='bbox 997 1387 1026 1423; x_wconf 93' lang='lat' dir='ltr'>e</span> <span class='ocrx_word' id='word_1_62' title='bbox 1062 1368 1210 1423; x_wconf 91' lang='lat' dir='ltr'>mari</span> <span class='ocrx_word' id='word_1_63' title='bbox 1242 1366 1559 1421; x_wconf 89' lang='lat' dir='ltr'>incolumis</span> <span class='ocrx_word' id='word_1_64' title='bbox 1592 1364 1852 1420; x_wconf 89' lang='lat' dir='ltr'>emersit.</span> <span class='ocrx_word' id='word_1_65' title='bbox 1873 1364 1996 1428; x_wconf 89' lang='lat' dir='ltr'>Quo</span> <span class='ocrx_word' id='word_1_66' title='bbox 2027 1362 2133 1416; x_wconf 83' lang='lat' dir='ltr'>mi-</span> 
     </span>
    </p>
   </div>
   <div class='ocr_carea' id='block_1_13' title="bbox 484 1452 2131 1526">
    <p class='ocr_par' dir='ltr' id='par_1_13' title="bbox 484 1452 2131 1526">
     <span class='ocr_line' id='line_1_13' title="bbox 484 1452 2131 1526; baseline -0.009 -5"><span class='ocrx_word' id='word_1_67' title='bbox 484 1465 688 1522; x_wconf 89' lang='lat' dir='ltr'>raculo</span> <span class='ocrx_word' id='word_1_68' title='bbox 722 1459 1000 1517; x_wconf 88' lang='lat' dir='ltr'>commoti</span> <span class='ocrx_word' id='word_1_69' title='bbox 1060 1457 1280 1511; x_wconf 91' lang='lat' dir='ltr'>milites</span> <span class='ocrx_word' id='word_1_70' title='bbox 1339 1454 1732 1526; x_wconf 88' lang='lat' dir='ltr'>quadraginta</span> <span class='ocrx_word' id='word_1_71' title='bbox 1783 1469 2015 1516; x_wconf 89' lang='lat' dir='ltr'>novem,</span> <span class='ocrx_word' id='word_1_72' title='bbox 2069 1452 2131 1506; x_wconf 89' lang='lat' dir='ltr'>in</span> 
     </span>
    </p>
   </div>
   <div class='ocr_carea' id='block_1_14' title="bbox 481 1540 2130 1611">
    <p class='ocr_par' dir='ltr' id='par_1_14' title="bbox 481 1540 2130 1611">
     <span class='ocr_line' id='line_1_14' title="bbox 481 1540 2130 1611; baseline -0.009 -2"><span class='ocrx_word' id='word_1_73' title='bbox 481 1555 778 1609; x_wconf 87' lang='lat' dir='ltr'>Christum</span> <span class='ocrx_word' id='word_1_74' title='bbox 810 1546 1210 1605; x_wconf 90' lang='lat' dir='ltr'>crediderunt.</span> <span class='ocrx_word' id='word_1_75' title='bbox 1244 1543 1639 1609; x_wconf 87' lang='lat' dir='ltr'>Quamobrem</span> <span class='ocrx_word' id='word_1_76' title='bbox 1696 1541 1834 1597; x_wconf 81' lang='lat' dir='ltr'>caesi</span> <span class='ocrx_word' id='word_1_77' title='bbox 1867 1557 1901 1595; x_wconf 82' lang='grc' dir='ltr'>θ.</span> <span class='ocrx_word' id='word_1_78' title='bbox 1931 1540 2130 1611; x_wconf 86' lang='lat' dir='ltr'>copia-</span> 
     </span>
    </p>
   </div>
   <div class='ocr_carea' id='block_1_15' title="bbox 483 1629 2130 1711">
    <p class='ocr_par' dir='ltr' id='par_1_15' title="bbox 483 1629 2130 1711">
     <span class='ocr_line' id='line_1_15' title="bbox 483 1629 2130 1711; baseline -0.01 -13"><span class='ocrx_word' id='word_1_79' title='bbox 483 1659 613 1698; x_wconf 88' lang='lat' dir='ltr'>rum</span> <span class='ocrx_word' id='word_1_80' title='bbox 647 1640 947 1711; x_wconf 66' lang='lat' dir='ltr'>praafecto,</span> <span class='ocrx_word' id='word_1_81' title='bbox 983 1637 1044 1688; x_wconf 91' lang='lat' dir='ltr'>in</span> <span class='ocrx_word' id='word_1_82' title='bbox 1076 1633 1310 1687; x_wconf 86' lang='lat' dir='ltr'>vincula</span> <span class='ocrx_word' id='word_1_83' title='bbox 1338 1648 1458 1686; x_wconf 87' lang='lat' dir='ltr'>una</span> <span class='ocrx_word' id='word_1_84' title='bbox 1489 1648 1621 1685; x_wconf 89' lang='lat' dir='ltr'>cum</span> <span class='ocrx_word' id='word_1_85' title='bbox 1672 1635 1876 1686; x_wconf 87' lang='lat' dir='ltr'>sancto</span> <span class='ocrx_word' id='word_1_86' title='bbox 1923 1629 2130 1684; x_wconf 90' lang='lat' dir='ltr'>Callis-</span> 
     </span>
    </p>
   </div>
   <div class='ocr_carea' id='block_1_16' title="bbox 485 1720 2132 1800">
    <p class='ocr_par' dir='ltr' id='par_1_16' title="bbox 485 1720 2132 1800">
     <span class='ocr_line' id='line_1_16' title="bbox 485 1720 2132 1800; baseline -0.009 -14"><span class='ocrx_word' id='word_1_87' title='bbox 485 1738 634 1786; x_wconf 88' lang='lat' dir='ltr'>trato</span> <span class='ocrx_word' id='word_1_88' title='bbox 669 1727 1095 1800; x_wconf 88' lang='lat' dir='ltr'>conjiciuntur,</span> <span class='ocrx_word' id='word_1_89' title='bbox 1127 1741 1160 1777; x_wconf 87' lang='lat' dir='ltr'>a</span> <span class='ocrx_word' id='word_1_90' title='bbox 1190 1739 1306 1792; x_wconf 91' lang='lat' dir='ltr'>quo</span> <span class='ocrx_word' id='word_1_91' title='bbox 1330 1722 1763 1792; x_wconf 80' lang='lat' dir='ltr'>interrogantes</span> <span class='ocrx_word' id='word_1_92' title='bbox 1785 1720 2132 1787; x_wconf 90' lang='lat' dir='ltr'>edocentur,</span> 
     </span>
    </p>
   </div>
   <div class='ocr_carea' id='block_1_17' title="bbox 480 1807 2127 1891">
    <p class='ocr_par' dir='ltr' id='par_1_17' title="bbox 480 1807 2127 1891">
     <span class='ocr_line' id='line_1_17' title="bbox 480 1807 2127 1891; baseline -0.006 -19"><span class='ocrx_word' id='word_1_93' title='bbox 480 1838 610 1891; x_wconf 69' lang='lat' dir='ltr'>qua)</span> <span class='ocrx_word' id='word_1_94' title='bbox 642 1817 714 1873; x_wconf 88' lang='lat' dir='ltr'>ad</span> <span class='ocrx_word' id='word_1_95' title='bbox 739 1815 1059 1887; x_wconf 83' lang='lat' dir='ltr'>judicium,</span> <span class='ocrx_word' id='word_1_96' title='bbox 1118 1810 1688 1876; x_wconf 88' lang='lat' dir='ltr'>remunerationem,</span> <span class='ocrx_word' id='word_1_97' title='bbox 1737 1807 2127 1863; x_wconf 88' lang='lat' dir='ltr'>resurrectio-</span> 
     </span>
    </p>
   </div>
   <div class='ocr_carea' id='block_1_18' title="bbox 479 1901 2129 1976">
    <p class='ocr_par' dir='ltr' id='par_1_18' title="bbox 479 1901 2129 1976">
     <span class='ocr_line' id='line_1_18' title="bbox 479 1901 2129 1976; baseline -0.008 -13"><span class='ocrx_word' id='word_1_98' title='bbox 479 1926 639 1976; x_wconf 90' lang='lat' dir='ltr'>nem,</span> <span class='ocrx_word' id='word_1_99' title='bbox 673 1911 732 1961; x_wconf 89' lang='lat' dir='ltr'>et</span> <span class='ocrx_word' id='word_1_100' title='bbox 762 1904 1021 1960; x_wconf 88' lang='lat' dir='ltr'>animam</span> <span class='ocrx_word' id='word_1_101' title='bbox 1079 1905 1366 1971; x_wconf 89' lang='lat' dir='ltr'>spectant.</span> <span class='ocrx_word' id='word_1_102' title='bbox 1417 1901 1627 1953; x_wconf 88' lang='lat' dir='ltr'>Postea</span> <span class='ocrx_word' id='word_1_103' title='bbox 1659 1914 1688 1952; x_wconf 93' lang='lat' dir='ltr'>e</span> <span class='ocrx_word' id='word_1_104' title='bbox 1719 1913 1956 1952; x_wconf 87' lang='lat' dir='ltr'>carcere</span> <span class='ocrx_word' id='word_1_105' title='bbox 2007 1913 2129 1951; x_wconf 90' lang='lat' dir='ltr'>una</span> 
     </span>
    </p>
   </div>
   <div class='ocr_carea' id='block_1_19' title="bbox 481 1985 2127 2055">
    <p class='ocr_par' dir='ltr' id='par_1_19' title="bbox 481 1985 2127 2055">
     <span class='ocr_line' id='line_1_19' title="bbox 481 1985 2127 2055; baseline -0.008 -4"><span class='ocrx_word' id='word_1_106' title='bbox 481 2013 614 2052; x_wconf 88' lang='lat' dir='ltr'>cum</span> <span class='ocrx_word' id='word_1_107' title='bbox 648 1992 936 2048; x_wconf 89' lang='lat' dir='ltr'>militibus</span> <span class='ocrx_word' id='word_1_108' title='bbox 967 1990 1238 2055; x_wconf 91' lang='lat' dir='ltr'>eductus,</span> <span class='ocrx_word' id='word_1_109' title='bbox 1275 1988 1405 2042; x_wconf 90' lang='lat' dir='ltr'>fusa</span> <span class='ocrx_word' id='word_1_110' title='bbox 1461 1988 1531 2042; x_wconf 90' lang='lat' dir='ltr'>ad</span> <span class='ocrx_word' id='word_1_111' title='bbox 1592 1988 1778 2041; x_wconf 90' lang='lat' dir='ltr'>Deum</span> <span class='ocrx_word' id='word_1_112' title='bbox 1836 1985 2127 2050; x_wconf 90' lang='lat' dir='ltr'>oratione,</span> 
     </span>
    </p>
   </div>
   <div class='ocr_carea' id='block_1_20' title="bbox 479 2075 2126 2148">
    <p class='ocr_par' dir='ltr' id='par_1_20' title="bbox 479 2075 2126 2148">
     <span class='ocr_line' id='line_1_20' title="bbox 479 2075 2126 2148; baseline -0.007 -8"><span class='ocrx_word' id='word_1_113' title='bbox 479 2085 641 2140; x_wconf 89' lang='lat' dir='ltr'>idola</span> <span class='ocrx_word' id='word_1_114' title='bbox 676 2081 1046 2146; x_wconf 84' lang='lat' dir='ltr'>deturbavit;</span> <span class='ocrx_word' id='word_1_115' title='bbox 1081 2095 1198 2148; x_wconf 93' lang='lat' dir='ltr'>quo</span> <span class='ocrx_word' id='word_1_116' title='bbox 1224 2076 1490 2148; x_wconf 88' lang='lat' dir='ltr'>prodigio</span> <span class='ocrx_word' id='word_1_117' title='bbox 1515 2075 1615 2131; x_wconf 87' lang='lat' dir='ltr'>alii</span> <span class='ocrx_word' id='word_1_118' title='bbox 1637 2075 1857 2130; x_wconf 91' lang='lat' dir='ltr'>milites</span> <span class='ocrx_word' id='word_1_119' title='bbox 1889 2080 2126 2129; x_wconf 90' lang='lat' dir='ltr'>centum</span> 
     </span>
    </p>
   </div>
   <div class='ocr_carea' id='block_1_21' title="bbox 478 2163 2128 2246">
    <p class='ocr_par' dir='ltr' id='par_1_21' title="bbox 478 2163 2128 2246">
     <span class='ocr_line' id='line_1_21' title="bbox 478 2163 2128 2246; baseline -0.007 -18"><span class='ocrx_word' id='word_1_120' title='bbox 478 2174 725 2246; x_wconf 76' lang='lat' dir='ltr'>triginta</span> <span class='ocrx_word' id='word_1_121' title='bbox 754 2169 1017 2241; x_wconf 86' lang='lat' dir='ltr'>quinque</span> <span class='ocrx_word' id='word_1_122' title='bbox 1042 2165 1425 2221; x_wconf 89' lang='lat' dir='ltr'>crediderunt</span> <span class='ocrx_word' id='word_1_123' title='bbox 1453 2166 1515 2218; x_wconf 93' lang='lat' dir='ltr'>in</span> <span class='ocrx_word' id='word_1_124' title='bbox 1558 2163 1858 2218; x_wconf 86' lang='lat' dir='ltr'>Christum</span> <span class='ocrx_word' id='word_1_125' title='bbox 1885 2180 1897 2217; x_wconf 94' lang='lat'>:</span> <span class='ocrx_word' id='word_1_126' title='bbox 1952 2167 2128 2233; x_wconf 85' lang='lat' dir='ltr'>atque</span> 
     </span>
    </p>
   </div>
   <div class='ocr_carea' id='block_1_22' title="bbox 478 2254 1404 2328">
    <p class='ocr_par' dir='ltr' id='par_1_22' title="bbox 478 2254 1404 2328">
     <span class='ocr_line' id='line_1_22' title="bbox 478 2254 1404 2328; baseline -0.012 -11"><span class='ocrx_word' id='word_1_127' title='bbox 478 2263 560 2317; x_wconf 87' lang='lat' dir='ltr'>ita</span> <span class='ocrx_word' id='word_1_128' title='bbox 589 2276 800 2316; x_wconf 88' lang='lat' dir='ltr'>omnes</span> <span class='ocrx_word' id='word_1_129' title='bbox 835 2257 1026 2328; x_wconf 88' lang='lat' dir='ltr'>capite</span> <span class='ocrx_word' id='word_1_130' title='bbox 1055 2254 1212 2327; x_wconf 83' lang='lat' dir='ltr'>plexi</span> <span class='ocrx_word' id='word_1_131' title='bbox 1246 2258 1404 2308; x_wconf 89' lang='lat' dir='ltr'>sunt.</span> 
     </span>
    </p>
   </div>
   <div class='ocr_carea' id='block_1_23' title="bbox 1042 2430 1567 2488">
    <p class='ocr_par' dir='ltr' id='par_1_23' title="bbox 1042 2430 1567 2488">
     <span class='ocr_line' id='line_1_23' title="bbox 1042 2430 1567 2488; baseline -0.008 -1"><span class='ocrx_word' id='word_1_132' title='bbox 1042 2431 1292 2488; x_wconf 91' lang='lat' dir='ltr'><strong>EODEM</strong></span> <span class='ocrx_word' id='word_1_133' title='bbox 1334 2431 1480 2485; x_wconf 84' lang='lat' dir='ltr'>MEN</span> <span class='ocrx_word' id='word_1_134' title='bbox 1485 2430 1567 2484; x_wconf 90' lang='lat' dir='ltr'>SE</span> 
     </span>
    </p>
   </div>
   <div class='ocr_carea' id='block_1_24' title="bbox 979 2546 1630 2603">
    <p class='ocr_par' dir='ltr' id='par_1_24' title="bbox 979 2546 1630 2603">
     <span class='ocr_line' id='line_1_24' title="bbox 979 2546 1630 2603; baseline -0.006 0"><span class='ocrx_word' id='word_1_135' title='bbox 979 2547 1083 2603; x_wconf 90' lang='lat' dir='ltr'>Die</span> <span class='ocrx_word' id='word_1_136' title='bbox 1117 2546 1398 2602; x_wconf 88' lang='lat' dir='ltr'>vicesima</span> <span class='ocrx_word' id='word_1_137' title='bbox 1427 2550 1630 2600; x_wconf 83' lang='lat' dir='ltr'>octava</span> 
     </span>
    </p>
   </div>
   <div class='ocr_carea' id='block_1_25' title="bbox 479 2659 2129 2726">
    <p class='ocr_par' dir='ltr' id='par_1_25' title="bbox 479 2659 2129 2726">
     <span class='ocr_line' id='line_1_25' title="bbox 479 2659 2129 2726; baseline -0.005 0"><span class='ocrx_word' id='word_1_138' title='bbox 479 2671 578 2726; x_wconf 73' lang='lat'>78</span> <span class='ocrx_word' id='word_1_139' title='bbox 612 2665 1067 2724; x_wconf 86' lang='lat' dir='ltr'>Commemoratio</span> <span class='ocrx_word' id='word_1_140' title='bbox 1118 2664 1296 2719; x_wconf 84' lang='lat' dir='ltr'>sancti</span> <span class='ocrx_word' id='word_1_141' title='bbox 1348 2662 1533 2716; x_wconf 82' lang='lat' dir='ltr'>Patris</span> <span class='ocrx_word' id='word_1_142' title='bbox 1584 2661 1762 2716; x_wconf 85' lang='lat' dir='ltr'>nostri</span> <span class='ocrx_word' id='word_1_143' title='bbox 1812 2659 2129 2718; x_wconf 84' lang='lat' dir='ltr'>Charitonis</span> 
     </span>
    </p>
   </div>
   <div class='ocr_carea' id='block_1_26' title="bbox 831 2733 1758 2805">
    <p class='ocr_par' dir='ltr' id='par_1_26' title="bbox 831 2733 1758 2805">
     <span class='ocr_line' id='line_1_26' title="bbox 831 2733 1758 2805; baseline -0.006 -13"><span class='ocrx_word' id='word_1_144' title='bbox 831 2736 1176 2805; x_wconf 81' lang='lat' dir='ltr'>confessoris,</span> <span class='ocrx_word' id='word_1_145' title='bbox 1213 2739 1266 2788; x_wconf 84' lang='lat' dir='ltr'>et</span> <span class='ocrx_word' id='word_1_146' title='bbox 1286 2733 1544 2802; x_wconf 82' lang='lat' dir='ltr'>magistri</span> <span class='ocrx_word' id='word_1_147' title='bbox 1573 2734 1758 2787; x_wconf 84' lang='lat' dir='ltr'>eremi.</span> 
     </span>
    </p>
   </div>
   <div class='ocr_carea' id='block_1_27' title="bbox 553 2937 2130 3010">
    <p class='ocr_par' dir='ltr' id='par_1_27' title="bbox 553 2937 2130 3010">
     <span class='ocr_line' id='line_1_27' title="bbox 553 2937 2130 3010; baseline -0.008 -6"><span class='ocrx_word' id='word_1_148' title='bbox 553 2949 799 3004; x_wconf 87' lang='lat' dir='ltr'>Sanctus</span> <span class='ocrx_word' id='word_1_149' title='bbox 829 2945 1003 2999; x_wconf 90' lang='lat' dir='ltr'>Pater</span> <span class='ocrx_word' id='word_1_150' title='bbox 1031 2943 1235 2996; x_wconf 89' lang='lat' dir='ltr'>noster</span> <span class='ocrx_word' id='word_1_151' title='bbox 1263 2938 1596 3010; x_wconf 90' lang='lat' dir='ltr'>Christique</span> <span class='ocrx_word' id='word_1_152' title='bbox 1629 2937 1934 2994; x_wconf 84' lang='lat' dir='ltr'>confessor</span> <span class='ocrx_word' id='word_1_153' title='bbox 1981 2938 2130 2993; x_wconf 88' lang='lat' dir='ltr'>Cha-</span> 
     </span>
    </p>
   </div>
   <div class='ocr_carea' id='block_1_28' title="bbox 479 3025 2126 3104">
    <p class='ocr_par' dir='ltr' id='par_1_28' title="bbox 479 3025 2126 3104">
     <span class='ocr_line' id='line_1_28' title="bbox 479 3025 2126 3104; baseline -0.008 -11"><span class='ocrx_word' id='word_1_154' title='bbox 479 3038 659 3104; x_wconf 91' lang='lat' dir='ltr'>riton,</span> <span class='ocrx_word' id='word_1_155' title='bbox 686 3032 1007 3090; x_wconf 82' lang='lat' dir='ltr'>Aureliano</span> <span class='ocrx_word' id='word_1_156' title='bbox 1039 3031 1419 3100; x_wconf 85' lang='lat' dir='ltr'>imperatore,</span> <span class='ocrx_word' id='word_1_157' title='bbox 1451 3043 1521 3081; x_wconf 82' lang='lat' dir='ltr'>ex</span> <span class='ocrx_word' id='word_1_158' title='bbox 1551 3025 1697 3081; x_wconf 91' lang='lat' dir='ltr'>urbe</span> <span class='ocrx_word' id='word_1_159' title='bbox 1745 3025 1946 3080; x_wconf 91' lang='lat' dir='ltr'>Iconio</span> <span class='ocrx_word' id='word_1_160' title='bbox 1995 3025 2126 3080; x_wconf 89' lang='lat' dir='ltr'>fuit.</span> 
     </span>
    </p>
   </div>
   <div class='ocr_carea' id='block_1_29' title="bbox 479 3113 2133 3195">
    <p class='ocr_par' dir='ltr' id='par_1_29' title="bbox 479 3113 2133 3195">
     <span class='ocr_line' id='line_1_29' title="bbox 479 3113 2133 3195; baseline -0.008 -13"><span class='ocrx_word' id='word_1_161' title='bbox 479 3123 956 3195; x_wconf 88' lang='lat' dir='ltr'>Comprehensus</span> <span class='ocrx_word' id='word_1_162' title='bbox 978 3124 1176 3174; x_wconf 90' lang='lat' dir='ltr'>autem</span> <span class='ocrx_word' id='word_1_163' title='bbox 1200 3133 1235 3171; x_wconf 89' lang='lat' dir='ltr'>a</span> <span class='ocrx_word' id='word_1_164' title='bbox 1257 3113 1980 3186; x_wconf 57' lang='lat' dir='ltr'>praefecto,Christumque</span> <span class='ocrx_word' id='word_1_165' title='bbox 1995 3131 2133 3169; x_wconf 91' lang='lat' dir='ltr'>con-</span> 
     </span>
    </p>
   </div>
   <div class='ocr_carea' id='block_1_30' title="bbox 1806 354 2570 422">
    <p class='ocr_par' dir='ltr' id='par_1_30' title="bbox 1806 354 2570 422">
     <span class='ocr_line' id='line_1_30' title="bbox 1806 354 2570 422; baseline 0.007 -5"><span class='ocrx_word' id='word_1_166' title='bbox 1806 354 2235 417; x_wconf 84' lang='lat' dir='ltr'>MENOLOGII</span> <span class='ocrx_word' id='word_1_167' title='bbox 2281 354 2475 418; x_wconf 79' lang='lat' dir='ltr'>PARS</span> <span class='ocrx_word' id='word_1_168' title='bbox 2519 361 2570 422; x_wconf 88' lang='grc' dir='ltr'>Ῑ.</span> 
     </span>
    </p>
   </div>
   <div class='ocr_carea' id='block_1_31' title="bbox 2157 487 3320 572">
    <p class='ocr_par' dir='ltr' id='par_1_31' title="bbox 2157 487 3320 572">
     <span class='ocr_line' id='line_1_31' title="bbox 2157 487 3320 572; baseline -0.004 -16"><span class='ocrx_word' id='word_1_169' title='bbox 2157 487 2213 556; x_wconf 83' lang='grc' dir='ltr'><strong>Α</strong></span> <span class='ocrx_word' id='word_1_170' title='bbox 2808 499 2894 571; x_wconf 81' lang='grc' dir='ltr'>Τῇ</span> <span class='ocrx_word' id='word_1_171' title='bbox 2938 497 3078 569; x_wconf 76' lang='grc' dir='ltr'>αὐτῇ</span> <span class='ocrx_word' id='word_1_172' title='bbox 3115 497 3320 572; x_wconf 76' lang='grc' dir='ltr'>ἡμέρᾳ.</span> 
     </span>
    </p>
   </div>
   <div class='ocr_carea' id='block_1_32' title="bbox 2157 1856 2204 1921">
    <p class='ocr_par' dir='ltr' id='par_1_32' title="bbox 2157 1856 2204 1921">
     <span class='ocr_line' id='line_1_32' title="bbox 2157 1856 2204 1921; baseline 0 0"><span class='ocrx_word' id='word_1_173' title='bbox 2157 1856 2204 1921; x_wconf 85' lang='grc' dir='ltr'><strong>Β</strong></span> 
     </span>
    </p>
   </div>
   <div class='ocr_carea' id='block_1_33' title="bbox 3811 361 3888 421">
    <p class='ocr_par' dir='ltr' id='par_1_33' title="bbox 3811 361 3888 421">
     <span class='ocr_line' id='line_1_33' title="bbox 3811 361 3888 421; baseline 0.013 -1"><span class='ocrx_word' id='word_1_174' title='bbox 3811 361 3888 421; x_wconf 86' lang='grc'>’16</span> 
     </span>
    </p>
   </div>
   <div class='ocr_carea' id='block_1_34' title="bbox 2237 584 3888 660">
    <p class='ocr_par' dir='ltr' id='par_1_34' title="bbox 2237 584 3888 660">
     <span class='ocr_line' id='line_1_34' title="bbox 2237 584 3888 660; baseline -0.002 -19"><span class='ocrx_word' id='word_1_175' title='bbox 2237 584 2504 658; x_wconf 84' lang='grc' dir='ltr'>Ἀθλησις</span> <span class='ocrx_word' id='word_1_176' title='bbox 2551 590 2648 640; x_wconf 91' lang='grc' dir='ltr'>τοῦ</span> <span class='ocrx_word' id='word_1_177' title='bbox 2677 584 2852 660; x_wconf 61' lang='grc' dir='ltr'>Δἀγίου</span> <span class='ocrx_word' id='word_1_178' title='bbox 2872 659 2881 660; x_wconf 19' lang='lat'><em>7</em></span> <span class='ocrx_word' id='word_1_179' title='bbox 2903 584 3643 660; x_wconf 14' lang='grc' dir='ltr'>μάρτυροςῗκαλλιστράτου,</span> <span class='ocrx_word' id='word_1_180' title='bbox 3671 585 3761 640; x_wconf 83' lang='grc' dir='ltr'>καὶ</span> <span class='ocrx_word' id='word_1_181' title='bbox 3789 591 3888 655; x_wconf 79' lang='grc' dir='ltr'>τῆς</span> 
     </span>
    </p>
   </div>
   <div class='ocr_carea' id='block_1_35' title="bbox 2540 655 3578 733">
    <p class='ocr_par' dir='ltr' id='par_1_35' title="bbox 2540 655 3578 733">
     <span class='ocr_line' id='line_1_35' title="bbox 2540 655 3578 733; baseline 0.001 -22"><span class='ocrx_word' id='word_1_182' title='bbox 2540 655 2792 720; x_wconf 80' lang='grc' dir='ltr'>συνοδίας</span> <span class='ocrx_word' id='word_1_183' title='bbox 2827 655 3017 726; x_wconf 80' lang='grc' dir='ltr'>αὐτοῦ,</span> <span class='ocrx_word' id='word_1_184' title='bbox 3047 655 3140 712; x_wconf 75' lang='grc' dir='ltr'>τὸν</span> <span class='ocrx_word' id='word_1_185' title='bbox 3175 657 3410 733; x_wconf 88' lang='grc' dir='ltr'>ἀριθμὸν</span> <span class='ocrx_word' id='word_1_186' title='bbox 3445 655 3578 729; x_wconf 86' lang='grc' dir='ltr'>ρπδ’.</span> 
     </span>
    </p>
   </div>
   <div class='ocr_carea' id='block_1_36' title="bbox 2308 743 3892 822">
    <p class='ocr_par' dir='ltr' id='par_1_36' title="bbox 2308 743 3892 822">
     <span class='ocr_line' id='line_1_36' title="bbox 2308 743 3892 822; baseline -0.004 -18"><span class='ocrx_word' id='word_1_187' title='bbox 2308 745 2726 822; x_wconf 87' lang='grc' dir='ltr'>Καλλίστρατος</span> <span class='ocrx_word' id='word_1_188' title='bbox 2773 748 2802 802; x_wconf 82' lang='grc' dir='ltr'>ὁ</span> <span class='ocrx_word' id='word_1_189' title='bbox 2857 744 3174 810; x_wconf 82' lang='grc' dir='ltr'>πολύαθλος</span> <span class='ocrx_word' id='word_1_190' title='bbox 3238 745 3465 820; x_wconf 82' lang='grc' dir='ltr'>μάρτυς,</span> <span class='ocrx_word' id='word_1_191' title='bbox 3523 745 3590 814; x_wconf 84' lang='grc' dir='ltr'>ἦν</span> <span class='ocrx_word' id='word_1_192' title='bbox 3649 743 3736 799; x_wconf 83' lang='grc' dir='ltr'>ἐπὶ</span> <span class='ocrx_word' id='word_1_193' title='bbox 3792 747 3892 814; x_wconf 76' lang='grc' dir='ltr'>τῆς</span> 
     </span>
    </p>
   </div>
   <div class='ocr_carea' id='block_1_37' title="bbox 2241 832 3887 911">
    <p class='ocr_par' dir='ltr' id='par_1_37' title="bbox 2241 832 3887 911">
     <span class='ocr_line' id='line_1_37' title="bbox 2241 832 3887 911; baseline -0.002 -21"><span class='ocrx_word' id='word_1_194' title='bbox 2241 833 2520 911; x_wconf 77' lang='grc' dir='ltr'>βασιλείας</span> <span class='ocrx_word' id='word_1_195' title='bbox 2578 834 2994 906; x_wconf 89' lang='grc' dir='ltr'>Διοκλητιανοῦ,</span> <span class='ocrx_word' id='word_1_196' title='bbox 3053 835 3104 890; x_wconf 86' lang='grc' dir='ltr'>ἐν</span> <span class='ocrx_word' id='word_1_197' title='bbox 3161 839 3230 905; x_wconf 74' lang='grc' dir='ltr'>τῇ</span> <span class='ocrx_word' id='word_1_198' title='bbox 3289 832 3450 888; x_wconf 91' lang='grc' dir='ltr'>πόλει</span> <span class='ocrx_word' id='word_1_199' title='bbox 3509 835 3720 908; x_wconf 82' lang='grc' dir='ltr'>Ῥώμῃ,</span> <span class='ocrx_word' id='word_1_200' title='bbox 3751 836 3887 910; x_wconf 77' lang='grc' dir='ltr'>ἀνὴρ</span> 
     </span>
    </p>
   </div>
   <div class='ocr_carea' id='block_1_38' title="bbox 2237 919 3889 1002">
    <p class='ocr_par' dir='ltr' id='par_1_38' title="bbox 2237 919 3889 1002">
     <span class='ocr_line' id='line_1_38' title="bbox 2237 919 3889 1002; baseline 0 -23"><span class='ocrx_word' id='word_1_201' title='bbox 2237 925 2427 1002; x_wconf 80' lang='grc' dir='ltr'>σοφὸς,</span> <span class='ocrx_word' id='word_1_202' title='bbox 2485 925 2575 978; x_wconf 81' lang='grc' dir='ltr'>καὶ</span> <span class='ocrx_word' id='word_1_203' title='bbox 2631 925 2722 979; x_wconf 88' lang='grc' dir='ltr'>τὸν</span> <span class='ocrx_word' id='word_1_204' title='bbox 2780 925 3011 997; x_wconf 80' lang='grc' dir='ltr'>Χριστὸν</span> <span class='ocrx_word' id='word_1_205' title='bbox 3091 919 3410 997; x_wconf 75' lang='grc' dir='ltr'>σεϐόμενος.</span> <span class='ocrx_word' id='word_1_206' title='bbox 3468 924 3772 998; x_wconf 86' lang='grc' dir='ltr'>Κρατηθεὶς</span> <span class='ocrx_word' id='word_1_207' title='bbox 3833 922 3889 979; x_wconf 81' lang='grc' dir='ltr'>δὶ</span> 
     </span>
    </p>
   </div>
   <div class='ocr_carea' id='block_1_39' title="bbox 2235 1013 3888 1088">
    <p class='ocr_par' dir='ltr' id='par_1_39' title="bbox 2235 1013 3888 1088">
     <span class='ocr_line' id='line_1_39' title="bbox 2235 1013 3888 1088; baseline 0 -20"><span class='ocrx_word' id='word_1_208' title='bbox 2235 1015 2383 1088; x_wconf 80' lang='grc' dir='ltr'>παρά</span> <span class='ocrx_word' id='word_1_209' title='bbox 2409 1017 2507 1068; x_wconf 86' lang='grc' dir='ltr'>τοῦ</span> <span class='ocrx_word' id='word_1_210' title='bbox 2560 1013 2960 1085; x_wconf 82' lang='grc' dir='ltr'>στρατηλάτου,</span> <span class='ocrx_word' id='word_1_211' title='bbox 3022 1014 3109 1068; x_wconf 88' lang='grc' dir='ltr'>καὶ</span> <span class='ocrx_word' id='word_1_212' title='bbox 3169 1013 3526 1087; x_wconf 84' lang='grc' dir='ltr'>ἀναγκασθεὶς</span> <span class='ocrx_word' id='word_1_213' title='bbox 3557 1013 3888 1086; x_wconf 74' lang='grc' dir='ltr'>ἀρνήσασθαι</span> 
     </span>
    </p>
   </div>
   <div class='ocr_carea' id='block_1_40' title="bbox 2234 1099 3889 1176">
    <p class='ocr_par' dir='ltr' id='par_1_40' title="bbox 2234 1099 3889 1176">
     <span class='ocr_line' id='line_1_40' title="bbox 2234 1099 3889 1176; baseline -0.002 -19"><span class='ocrx_word' id='word_1_214' title='bbox 2234 1103 2324 1157; x_wconf 90' lang='grc' dir='ltr'>τὸν</span> <span class='ocrx_word' id='word_1_215' title='bbox 2359 1104 2612 1176; x_wconf 86' lang='grc' dir='ltr'>Χριστὸν,</span> <span class='ocrx_word' id='word_1_216' title='bbox 2647 1103 2733 1157; x_wconf 87' lang='grc' dir='ltr'>καὶ</span> <span class='ocrx_word' id='word_1_217' title='bbox 2771 1103 2847 1174; x_wconf 80' lang='grc' dir='ltr'>μὴ</span> <span class='ocrx_word' id='word_1_218' title='bbox 2905 1103 3167 1170; x_wconf 77' lang='grc' dir='ltr'>πεισθεὶς,</span> <span class='ocrx_word' id='word_1_219' title='bbox 3227 1101 3426 1175; x_wconf 78' lang='grc' dir='ltr'>έτύφθη</span> <span class='ocrx_word' id='word_1_220' title='bbox 3488 1105 3749 1176; x_wconf 76' lang='grc' dir='ltr'>ἰσχυρῶς.</span> <span class='ocrx_word' id='word_1_221' title='bbox 3789 1099 3889 1158; x_wconf 84' lang='grc' dir='ltr'>Καὶ</span> 
     </span>
    </p>
   </div>
   <div class='ocr_carea' id='block_1_41' title="bbox 2239 1189 3888 1266">
    <p class='ocr_par' dir='ltr' id='par_1_41' title="bbox 2239 1189 3888 1266">
     <span class='ocr_line' id='line_1_41' title="bbox 2239 1189 3888 1266; baseline -0.001 -20"><span class='ocrx_word' id='word_1_222' title='bbox 2239 1189 2410 1253; x_wconf 79' lang='grc' dir='ltr'>δεθεὶς</span> <span class='ocrx_word' id='word_1_223' title='bbox 2443 1191 2736 1266; x_wconf 84' lang='grc' dir='ltr'>σχοινίοις,</span> <span class='ocrx_word' id='word_1_224' title='bbox 2794 1191 3007 1265; x_wconf 69' lang='grc' dir='ltr'>σύρεται</span> <span class='ocrx_word' id='word_1_225' title='bbox 3067 1191 3154 1246; x_wconf 78' lang='grc' dir='ltr'>ἐπὶ</span> <span class='ocrx_word' id='word_1_226' title='bbox 3213 1190 3488 1265; x_wconf 82' lang='grc' dir='ltr'>ὀστράκων</span> <span class='ocrx_word' id='word_1_227' title='bbox 3539 1190 3725 1260; x_wconf 79' lang='grc' dir='ltr'>ὀξέων.</span> <span class='ocrx_word' id='word_1_228' title='bbox 3759 1191 3888 1247; x_wconf 83' lang='grc' dir='ltr'>Εἶτα</span> 
     </span>
    </p>
   </div>
   <div class='ocr_carea' id='block_1_42' title="bbox 2236 1276 3888 1356">
    <p class='ocr_par' dir='ltr' id='par_1_42' title="bbox 2236 1276 3888 1356">
     <span class='ocr_line' id='line_1_42' title="bbox 2236 1276 3888 1356; baseline 0 -22"><span class='ocrx_word' id='word_1_229' title='bbox 2236 1276 2537 1352; x_wconf 75' lang='grc' dir='ltr'>ἐμϐληθεὶς</span> <span class='ocrx_word' id='word_1_230' title='bbox 2571 1280 2648 1340; x_wconf 74' lang='grc' dir='ltr'>εἷς</span> <span class='ocrx_word' id='word_1_231' title='bbox 2683 1278 2901 1348; x_wconf 81' lang='grc' dir='ltr'>σάκκον,</span> <span class='ocrx_word' id='word_1_232' title='bbox 2953 1279 3147 1356; x_wconf 77' lang='grc' dir='ltr'>ἐῤῥίφη</span> <span class='ocrx_word' id='word_1_233' title='bbox 3212 1279 3287 1341; x_wconf 83' lang='grc' dir='ltr'>εἷς</span> <span class='ocrx_word' id='word_1_234' title='bbox 3343 1280 3442 1346; x_wconf 76' lang='grc' dir='ltr'>τὴν</span> <span class='ocrx_word' id='word_1_235' title='bbox 3476 1278 3768 1349; x_wconf 80' lang='grc' dir='ltr'>θάλασσαν,</span> <span class='ocrx_word' id='word_1_236' title='bbox 3797 1281 3888 1334; x_wconf 87' lang='grc' dir='ltr'>καὶ</span> 
     </span>
    </p>
   </div>
   <div class='ocr_carea' id='block_1_43' title="bbox 2238 1363 3889 1444">
    <p class='ocr_par' dir='ltr' id='par_1_43' title="bbox 2238 1363 3889 1444">
     <span class='ocr_line' id='line_1_43' title="bbox 2238 1363 3889 1444; baseline -0.002 -21"><span class='ocrx_word' id='word_1_237' title='bbox 2238 1367 2551 1444; x_wconf 74' lang='grc' dir='ltr'>σχισθέντος</span> <span class='ocrx_word' id='word_1_238' title='bbox 2597 1373 2693 1422; x_wconf 90' lang='grc' dir='ltr'>τοῦ</span> <span class='ocrx_word' id='word_1_239' title='bbox 2727 1371 2947 1436; x_wconf 79' lang='grc' dir='ltr'>σάκκου,</span> <span class='ocrx_word' id='word_1_240' title='bbox 3009 1367 3202 1441; x_wconf 78' lang='grc' dir='ltr'>ἐξῆλθε</span> <span class='ocrx_word' id='word_1_241' title='bbox 3257 1374 3357 1436; x_wconf 85' lang='grc' dir='ltr'>τῆς</span> <span class='ocrx_word' id='word_1_242' title='bbox 3413 1366 3687 1437; x_wconf 73' lang='grc' dir='ltr'>θαλάσσης</span> <span class='ocrx_word' id='word_1_243' title='bbox 3719 1363 3889 1421; x_wconf 76' lang='grc' dir='ltr'>ἀϐλα-</span> 
     </span>
    </p>
   </div>
   <div class='ocr_carea' id='block_1_44' title="bbox 2238 1453 3890 1531">
    <p class='ocr_par' dir='ltr' id='par_1_44' title="bbox 2238 1453 3890 1531">
     <span class='ocr_line' id='line_1_44' title="bbox 2238 1453 3890 1531; baseline 0 -20"><span class='ocrx_word' id='word_1_244' title='bbox 2238 1453 2360 1528; x_wconf 78' lang='grc' dir='ltr'>ϐής.</span> <span class='ocrx_word' id='word_1_245' title='bbox 2397 1459 2498 1514; x_wconf 75' lang='grc' dir='ltr'>Καὶ</span> <span class='ocrx_word' id='word_1_246' title='bbox 2549 1455 2752 1520; x_wconf 76' lang='grc' dir='ltr'>ἴδόντες</span> <span class='ocrx_word' id='word_1_247' title='bbox 2799 1459 2861 1512; x_wconf 88' lang='grc' dir='ltr'>τὸ</span> <span class='ocrx_word' id='word_1_248' title='bbox 2915 1460 3096 1530; x_wconf 88' lang='grc' dir='ltr'>θαῦμα</span> <span class='ocrx_word' id='word_1_249' title='bbox 3135 1462 3461 1530; x_wconf 89' lang='grc' dir='ltr'>στρατιῶται</span> <span class='ocrx_word' id='word_1_250' title='bbox 3491 1459 3890 1531; x_wconf 64' lang='grc' dir='ltr'>τεσσαράκοντα</span> 
     </span>
    </p>
   </div>
   <div class='ocr_carea' id='block_1_45' title="bbox 2239 1546 3890 1622">
    <p class='ocr_par' dir='ltr' id='par_1_45' title="bbox 2239 1546 3890 1622">
     <span class='ocr_line' id='line_1_45' title="bbox 2239 1546 3890 1622; baseline -0.001 -20"><span class='ocrx_word' id='word_1_251' title='bbox 2239 1547 2410 1617; x_wconf 73' lang='grc' dir='ltr'>ἐννέα,</span> <span class='ocrx_word' id='word_1_252' title='bbox 2469 1546 2782 1602; x_wconf 84' lang='grc' dir='ltr'>ἐπίστευσαν</span> <span class='ocrx_word' id='word_1_253' title='bbox 2830 1551 2909 1620; x_wconf 81' lang='grc' dir='ltr'>τῷ</span> <span class='ocrx_word' id='word_1_254' title='bbox 2966 1550 3202 1622; x_wconf 80' lang='grc' dir='ltr'>Χριστῷ·</span> <span class='ocrx_word' id='word_1_255' title='bbox 3261 1547 3351 1600; x_wconf 83' lang='grc' dir='ltr'>καὶ</span> <span class='ocrx_word' id='word_1_256' title='bbox 3407 1547 3696 1620; x_wconf 83' lang='grc' dir='ltr'>τυφθέντες</span> <span class='ocrx_word' id='word_1_257' title='bbox 3747 1547 3890 1621; x_wconf 82' lang='grc' dir='ltr'>παρά</span> 
     </span>
    </p>
   </div>
   <div class='ocr_carea' id='block_1_46' title="bbox 2236 1633 3885 1710">
    <p class='ocr_par' dir='ltr' id='par_1_46' title="bbox 2236 1633 3885 1710">
     <span class='ocr_line' id='line_1_46' title="bbox 2236 1633 3885 1710; baseline -0.001 -20"><span class='ocrx_word' id='word_1_258' title='bbox 2236 1640 2333 1690; x_wconf 88' lang='grc' dir='ltr'>τοῦ</span> <span class='ocrx_word' id='word_1_259' title='bbox 2393 1633 2794 1710; x_wconf 74' lang='grc' dir='ltr'>στρατηλάτου,</span> <span class='ocrx_word' id='word_1_260' title='bbox 2883 1635 3314 1705; x_wconf 81' lang='grc' dir='ltr'>ἀπεκλείσθησαν</span> <span class='ocrx_word' id='word_1_261' title='bbox 3393 1634 3444 1689; x_wconf 82' lang='grc' dir='ltr'>ἐν</span> <span class='ocrx_word' id='word_1_262' title='bbox 3516 1638 3585 1708; x_wconf 79' lang='grc' dir='ltr'>τῇ</span> <span class='ocrx_word' id='word_1_263' title='bbox 3645 1633 3885 1708; x_wconf 79' lang='grc' dir='ltr'>φυλακῇ,</span> 
     </span>
    </p>
   </div>
   <div class='ocr_carea' id='block_1_47' title="bbox 2243 1721 3890 1800">
    <p class='ocr_par' dir='ltr' id='par_1_47' title="bbox 2243 1721 3890 1800">
     <span class='ocr_line' id='line_1_47' title="bbox 2243 1721 3890 1800; baseline -0.001 -21"><span class='ocrx_word' id='word_1_264' title='bbox 2243 1725 2376 1798; x_wconf 86' lang='grc' dir='ltr'>μετά</span> <span class='ocrx_word' id='word_1_265' title='bbox 2451 1729 2548 1779; x_wconf 87' lang='grc' dir='ltr'>τοῦ</span> <span class='ocrx_word' id='word_1_266' title='bbox 2633 1725 2785 1800; x_wconf 80' lang='grc' dir='ltr'>ἁγίου</span> <span class='ocrx_word' id='word_1_267' title='bbox 2872 1723 3306 1797; x_wconf 71' lang='grc' dir='ltr'>Καλλιστράτου,</span> <span class='ocrx_word' id='word_1_268' title='bbox 3363 1721 3667 1800; x_wconf 77' lang='grc' dir='ltr'>ἔρωτῶντες</span> <span class='ocrx_word' id='word_1_269' title='bbox 3726 1723 3890 1778; x_wconf 84' lang='grc' dir='ltr'>αὐτὸν</span> 
     </span>
    </p>
   </div>
   <div class='ocr_carea' id='block_1_48' title="bbox 2237 1811 3888 1887">
    <p class='ocr_par' dir='ltr' id='par_1_48' title="bbox 2237 1811 3888 1887">
     <span class='ocr_line' id='line_1_48' title="bbox 2237 1811 3888 1887; baseline -0.002 -17"><span class='ocrx_word' id='word_1_270' title='bbox 2237 1813 2328 1870; x_wconf 84' lang='grc' dir='ltr'>καὶ</span> <span class='ocrx_word' id='word_1_271' title='bbox 2386 1811 2766 1887; x_wconf 82' lang='grc' dir='ltr'>διδασκόμενοι</span> <span class='ocrx_word' id='word_1_272' title='bbox 2851 1814 2939 1868; x_wconf 80' lang='grc' dir='ltr'>ὑπ’</span> <span class='ocrx_word' id='word_1_273' title='bbox 3022 1813 3208 1882; x_wconf 79' lang='grc' dir='ltr'>αὐτοῦ,</span> <span class='ocrx_word' id='word_1_274' title='bbox 3277 1812 3400 1886; x_wconf 81' lang='grc' dir='ltr'>περὶ</span> <span class='ocrx_word' id='word_1_275' title='bbox 3453 1812 3704 1880; x_wconf 84' lang='grc' dir='ltr'>κρίσεως,</span> <span class='ocrx_word' id='word_1_276' title='bbox 3765 1813 3888 1887; x_wconf 86' lang='grc' dir='ltr'>περὶ</span> 
     </span>
    </p>
   </div>
   <div class='ocr_carea' id='block_1_49' title="bbox 2236 1900 3887 1978">
    <p class='ocr_par' dir='ltr' id='par_1_49' title="bbox 2236 1900 3887 1978">
     <span class='ocr_line' id='line_1_49' title="bbox 2236 1900 3887 1978; baseline -0.002 -20"><span class='ocrx_word' id='word_1_277' title='bbox 2236 1900 2674 1972; x_wconf 84' lang='grc' dir='ltr'>ἆνταποδόσεως,</span> <span class='ocrx_word' id='word_1_278' title='bbox 2731 1901 2854 1978; x_wconf 73' lang='grc' dir='ltr'>περὶ</span> <span class='ocrx_word' id='word_1_279' title='bbox 2931 1902 3296 1970; x_wconf 79' lang='grc' dir='ltr'>ἀναστάσεως,</span> <span class='ocrx_word' id='word_1_280' title='bbox 3352 1902 3442 1956; x_wconf 84' lang='grc' dir='ltr'>καὶ</span> <span class='ocrx_word' id='word_1_281' title='bbox 3497 1901 3623 1976; x_wconf 88' lang='grc' dir='ltr'>περὶ</span> <span class='ocrx_word' id='word_1_282' title='bbox 3681 1904 3887 1975; x_wconf 78' lang='grc' dir='ltr'>ψυχῆς,</span> 
     </span>
    </p>
   </div>
   <div class='ocr_carea' id='block_1_50' title="bbox 2231 1986 3888 2070">
    <p class='ocr_par' dir='ltr' id='par_1_50' title="bbox 2231 1986 3888 2070">
     <span class='ocr_line' id='line_1_50' title="bbox 2231 1986 3888 2070; baseline -0.003 -22"><span class='ocrx_word' id='word_1_283' title='bbox 2231 1995 2364 2050; x_wconf 80' lang='grc' dir='ltr'>Εἶτα</span> <span class='ocrx_word' id='word_1_284' title='bbox 2416 1999 2516 2061; x_wconf 80' lang='grc' dir='ltr'>τῆς</span> <span class='ocrx_word' id='word_1_285' title='bbox 2577 1991 2824 2070; x_wconf 77' lang='grc' dir='ltr'>φυλακῆς</span> <span class='ocrx_word' id='word_1_286' title='bbox 2899 1986 3188 2061; x_wconf 78' lang='grc' dir='ltr'>ἐκϐληθεὶς</span> <span class='ocrx_word' id='word_1_287' title='bbox 3269 1990 3402 2064; x_wconf 81' lang='grc' dir='ltr'>μετὰ</span> <span class='ocrx_word' id='word_1_288' title='bbox 3455 1994 3564 2046; x_wconf 89' lang='grc' dir='ltr'>τῶν</span> <span class='ocrx_word' id='word_1_289' title='bbox 3620 2011 3888 2065; x_wconf 83' lang='grc' dir='ltr'>στρατιω-</span> 
     </span>
    </p>
   </div>
   <div class='ocr_carea' id='block_1_51' title="bbox 2229 2077 3888 2157">
    <p class='ocr_par' dir='ltr' id='par_1_51' title="bbox 2229 2077 3888 2157">
     <span class='ocr_line' id='line_1_51' title="bbox 2229 2077 3888 2157; baseline -0.002 -21"><span class='ocrx_word' id='word_1_290' title='bbox 2229 2086 2358 2152; x_wconf 88' lang='grc' dir='ltr'>τῶν,</span> <span class='ocrx_word' id='word_1_291' title='bbox 2440 2081 2530 2135; x_wconf 87' lang='grc' dir='ltr'>καὶ</span> <span class='ocrx_word' id='word_1_292' title='bbox 2613 2080 3066 2155; x_wconf 79' lang='grc' dir='ltr'>προσευξάμενος,</span> <span class='ocrx_word' id='word_1_293' title='bbox 3125 2079 3312 2157; x_wconf 63' lang='grc' dir='ltr'>ἔρριψε</span> <span class='ocrx_word' id='word_1_294' title='bbox 3380 2079 3446 2133; x_wconf 79' lang='grc' dir='ltr'>τὰ</span> <span class='ocrx_word' id='word_1_295' title='bbox 3497 2077 3720 2136; x_wconf 76' lang='grc' dir='ltr'>εἴδωλα.</span> <span class='ocrx_word' id='word_1_296' title='bbox 3783 2079 3888 2136; x_wconf 83' lang='grc' dir='ltr'>Καὶ</span> 
     </span>
    </p>
   </div>
   <div class='ocr_carea' id='block_1_52' title="bbox 2233 2164 3890 2244">
    <p class='ocr_par' dir='ltr' id='par_1_52' title="bbox 2233 2164 3890 2244">
     <span class='ocr_line' id='line_1_52' title="bbox 2233 2164 3890 2244; baseline -0.002 -20"><span class='ocrx_word' id='word_1_297' title='bbox 2233 2167 2434 2230; x_wconf 75' lang='grc' dir='ltr'>ἴδόντες</span> <span class='ocrx_word' id='word_1_298' title='bbox 2479 2167 2655 2240; x_wconf 77' lang='grc' dir='ltr'>’ὲτεροι</span> <span class='ocrx_word' id='word_1_299' title='bbox 2716 2172 3041 2244; x_wconf 89' lang='grc' dir='ltr'>στρατιῶται</span> <span class='ocrx_word' id='word_1_300' title='bbox 3100 2167 3286 2222; x_wconf 75' lang='grc' dir='ltr'>ἑκατὸν</span> <span class='ocrx_word' id='word_1_301' title='bbox 3338 2164 3787 2238; x_wconf 70' lang='grc' dir='ltr'>τριακονταπέντε</span> <span class='ocrx_word' id='word_1_302' title='bbox 3823 2167 3890 2221; x_wconf 88' lang='grc' dir='ltr'>τὸ</span> 
     </span>
    </p>
   </div>
   <div class='ocr_carea' id='block_1_53' title="bbox 2229 2255 3890 2334">
    <p class='ocr_par' dir='ltr' id='par_1_53' title="bbox 2229 2255 3890 2334">
     <span class='ocr_line' id='line_1_53' title="bbox 2229 2255 3890 2334; baseline -0.001 -21"><span class='ocrx_word' id='word_1_303' title='bbox 2229 2260 2549 2334; x_wconf 80' lang='grc' dir='ltr'>γενόμενον,</span> <span class='ocrx_word' id='word_1_304' title='bbox 2609 2257 2917 2312; x_wconf 85' lang='grc' dir='ltr'>ἐπίστευσαν</span> <span class='ocrx_word' id='word_1_305' title='bbox 2977 2255 3066 2312; x_wconf 86' lang='grc' dir='ltr'>καὶ</span> <span class='ocrx_word' id='word_1_306' title='bbox 3136 2256 3290 2312; x_wconf 80' lang='grc' dir='ltr'>αὐτοὶ</span> <span class='ocrx_word' id='word_1_307' title='bbox 3344 2260 3425 2329; x_wconf 88' lang='grc' dir='ltr'>τῷ</span> <span class='ocrx_word' id='word_1_308' title='bbox 3481 2257 3725 2330; x_wconf 80' lang='grc' dir='ltr'>Χριστῷ.</span> <span class='ocrx_word' id='word_1_309' title='bbox 3786 2256 3890 2312; x_wconf 83' lang='grc' dir='ltr'>Καὶ</span> 
     </span>
    </p>
   </div>
   <div class='ocr_carea' id='block_1_54' title="bbox 2231 2344 3228 2425">
    <p class='ocr_par' dir='ltr' id='par_1_54' title="bbox 2231 2344 3228 2425">
     <span class='ocr_line' id='line_1_54' title="bbox 2231 2344 3228 2425; baseline 0 -23"><span class='ocrx_word' id='word_1_310' title='bbox 2231 2347 2404 2409; x_wconf 79' lang='grc' dir='ltr'>οὕτως</span> <span class='ocrx_word' id='word_1_311' title='bbox 2435 2344 2942 2425; x_wconf 74' lang='grc' dir='ltr'>ἀπεκεφαλίσθησαν</span> <span class='ocrx_word' id='word_1_312' title='bbox 2977 2346 3228 2407; x_wconf 76' lang='grc' dir='ltr'>ἅπαντες.</span> 
     </span>
    </p>
   </div>
   <div class='ocr_carea' id='block_1_55' title="bbox 2782 2453 3329 2531">
    <p class='ocr_par' dir='ltr' id='par_1_55' title="bbox 2782 2453 3329 2531">
     <span class='ocr_line' id='line_1_55' title="bbox 2782 2453 3329 2531; baseline 0 -22"><span class='ocrx_word' id='word_1_313' title='bbox 2782 2453 2961 2509; x_wconf 84' lang='lat' dir='ltr'>MHNI</span> <span class='ocrx_word' id='word_1_314' title='bbox 3001 2458 3084 2531; x_wconf 69' lang='lat' dir='ltr'>To</span> <span class='ocrx_word' id='word_1_315' title='bbox 3125 2453 3329 2528; x_wconf 76' lang='grc' dir='ltr'>ΑΥΤῼ.</span> 
     </span>
    </p>
   </div>
   <div class='ocr_carea' id='block_1_56' title="bbox 3003 2568 3109 2624">
    <p class='ocr_par' dir='ltr' id='par_1_56' title="bbox 3003 2568 3109 2624">
     <span class='ocr_line' id='line_1_56' title="bbox 3003 2568 3109 2624; baseline 0.028 -3"><span class='ocrx_word' id='word_1_316' title='bbox 3003 2568 3109 2624; x_wconf 84' lang='grc' dir='ltr'>ΚΗ’</span> 
     </span>
    </p>
   </div>
   <div class='ocr_carea' id='block_1_57' title="bbox 2232 2685 3892 2761">
    <p class='ocr_par' dir='ltr' id='par_1_57' title="bbox 2232 2685 3892 2761">
     <span class='ocr_line' id='line_1_57' title="bbox 2232 2685 3892 2761; baseline -0.004 -17"><span class='ocrx_word' id='word_1_317' title='bbox 2232 2688 2440 2761; x_wconf 71' lang='grc' dir='ltr'>Μνήμη</span> <span class='ocrx_word' id='word_1_318' title='bbox 2498 2691 2601 2741; x_wconf 88' lang='grc' dir='ltr'>τοῦ</span> <span class='ocrx_word' id='word_1_319' title='bbox 2660 2687 2815 2742; x_wconf 86' lang='grc' dir='ltr'>ὁσίου</span> <span class='ocrx_word' id='word_1_320' title='bbox 2874 2686 3080 2761; x_wconf 78' lang='grc' dir='ltr'>Πατρὸς</span> <span class='ocrx_word' id='word_1_321' title='bbox 3153 2687 3315 2761; x_wconf 79' lang='grc' dir='ltr'>ἡμῶν</span> <span class='ocrx_word' id='word_1_322' title='bbox 3370 2685 3687 2761; x_wconf 82' lang='grc' dir='ltr'>Χαρίτωνος</span> <span class='ocrx_word' id='word_1_323' title='bbox 3747 2685 3892 2757; x_wconf 83' lang='grc' dir='ltr'>ὀμο-</span> 
     </span>
    </p>
   </div>
   <div class='ocr_carea' id='block_1_58' title="bbox 2303 2757 3891 2904">
    <p class='ocr_par' dir='ltr' id='par_1_58' title="bbox 2303 2757 3891 2904">
     <span class='ocr_line' id='line_1_58' title="bbox 2303 2757 3891 2904; baseline -0.001 -91"><span class='ocrx_word' id='word_1_324' title='bbox 2303 2757 2548 2904; x_wconf 50' lang='grc' dir='ltr'>ἒὲἷέἓεῦ</span> <span class='ocrx_word' id='word_1_325' title='bbox 2692 2757 3008 2832; x_wconf 73' lang='grc' dir='ltr'>γενομένου,</span> <span class='ocrx_word' id='word_1_326' title='bbox 3151 2757 3240 2811; x_wconf 83' lang='grc' dir='ltr'>καὶ</span> <span class='ocrx_word' id='word_1_327' title='bbox 3348 2759 3666 2832; x_wconf 82' lang='grc' dir='ltr'>καθηγητοῦ</span> <span class='ocrx_word' id='word_1_328' title='bbox 3783 2762 3891 2826; x_wconf 85' lang='grc' dir='ltr'>τῆς</span> 
     </span>
    </p>
   </div>
   <div class='ocr_carea' id='block_1_59' title="bbox 2304 2941 3892 3023">
    <p class='ocr_par' dir='ltr' id='par_1_59' title="bbox 2304 2941 3892 3023">
     <span class='ocr_line' id='line_1_59' title="bbox 2304 2941 3892 3023; baseline -0.003 -20"><span class='ocrx_word' id='word_1_329' title='bbox 2304 2946 2546 3023; x_wconf 82' lang='grc' dir='ltr'>Χαρίτων</span> <span class='ocrx_word' id='word_1_330' title='bbox 2581 2946 2609 3002; x_wconf 84' lang='grc' dir='ltr'>ὁ</span> <span class='ocrx_word' id='word_1_331' title='bbox 2641 2944 2792 3007; x_wconf 79' lang='grc' dir='ltr'>ὅσιος</span> <span class='ocrx_word' id='word_1_332' title='bbox 2840 2945 3028 3020; x_wconf 79' lang='grc' dir='ltr'>Πατὴρ</span> <span class='ocrx_word' id='word_1_333' title='bbox 3077 2946 3238 3017; x_wconf 79' lang='grc' dir='ltr'>ἡμῶν</span> <span class='ocrx_word' id='word_1_334' title='bbox 3279 2943 3368 2999; x_wconf 85' lang='grc' dir='ltr'>καὶ</span> <span class='ocrx_word' id='word_1_335' title='bbox 3401 2941 3761 3018; x_wconf 82' lang='grc' dir='ltr'>ὁμολογητής</span> <span class='ocrx_word' id='word_1_336' title='bbox 3787 2947 3892 2998; x_wconf 91' lang='grc' dir='ltr'>τοῦ</span> 
     </span>
    </p>
   </div>
   <div class='ocr_carea' id='block_1_60' title="bbox 2232 3029 3896 3110">
    <p class='ocr_par' dir='ltr' id='par_1_60' title="bbox 2232 3029 3896 3110">
     <span class='ocr_line' id='line_1_60' title="bbox 2232 3029 3896 3110; baseline -0.002 -19"><span class='ocrx_word' id='word_1_337' title='bbox 2232 3039 2496 3110; x_wconf 78' lang='grc' dir='ltr'>Χριστοῦ,</span> <span class='ocrx_word' id='word_1_338' title='bbox 2526 3033 2773 3108; x_wconf 80' lang='grc' dir='ltr'>ὑπῆρχεν</span> <span class='ocrx_word' id='word_1_339' title='bbox 2813 3032 2901 3088; x_wconf 84' lang='grc' dir='ltr'>ἐπὶ</span> <span class='ocrx_word' id='word_1_340' title='bbox 2954 3039 3053 3102; x_wconf 85' lang='grc' dir='ltr'>τῆς</span> <span class='ocrx_word' id='word_1_341' title='bbox 3111 3031 3385 3106; x_wconf 86' lang='grc' dir='ltr'>βασιλείας</span> <span class='ocrx_word' id='word_1_342' title='bbox 3419 3029 3793 3107; x_wconf 81' lang='grc' dir='ltr'>Αὐρηλιάνοῦ,</span> <span class='ocrx_word' id='word_1_343' title='bbox 3827 3031 3896 3088; x_wconf 75' lang='grc' dir='ltr'>ἐκ</span> 
     </span>
    </p>
   </div>
   <div class='ocr_carea' id='block_1_61' title="bbox 2230 3117 3892 3196">
    <p class='ocr_par' dir='ltr' id='par_1_61' title="bbox 2230 3117 3892 3196">
     <span class='ocr_line' id='line_1_61' title="bbox 2230 3117 3892 3196; baseline -0.003 -16"><span class='ocrx_word' id='word_1_344' title='bbox 2230 3132 2333 3194; x_wconf 83' lang='grc' dir='ltr'>τῆς</span> <span class='ocrx_word' id='word_1_345' title='bbox 2364 3125 2580 3186; x_wconf 83' lang='grc' dir='ltr'>πόλεως</span> <span class='ocrx_word' id='word_1_346' title='bbox 2617 3125 2866 3180; x_wconf 86' lang='grc' dir='ltr'>Ἰκονίου.</span> <span class='ocrx_word' id='word_1_347' title='bbox 2914 3122 3212 3196; x_wconf 84' lang='grc' dir='ltr'>Κρατηθεὶς</span> <span class='ocrx_word' id='word_1_348' title='bbox 3263 3118 3321 3176; x_wconf 77' lang='grc' dir='ltr'>δὲ</span> <span class='ocrx_word' id='word_1_349' title='bbox 3378 3121 3524 3194; x_wconf 85' lang='grc' dir='ltr'>παρά</span> <span class='ocrx_word' id='word_1_350' title='bbox 3549 3125 3647 3175; x_wconf 91' lang='grc' dir='ltr'>τοῦ</span> <span class='ocrx_word' id='word_1_351' title='bbox 3676 3117 3892 3196; x_wconf 78' lang='grc' dir='ltr'>ἄρχον-</span> 
     </span>
    </p>
   </div>
   <div class='ocr_carea' id='block_1_62' title="bbox 477 3203 2119 3288">
    <p class='ocr_par' dir='ltr' id='par_1_62' title="bbox 477 3203 2119 3278">
     <span class='ocr_line' id='line_1_62' title="bbox 477 3203 2119 3278; baseline -0.007 -9"><span class='ocrx_word' id='word_1_352' title='bbox 477 3215 690 3278; x_wconf 86' lang='lat' dir='ltr'>fessus,</span> <span class='ocrx_word' id='word_1_353' title='bbox 719 3209 1005 3266; x_wconf 86' lang='lat' dir='ltr'>acerrime</span> <span class='ocrx_word' id='word_1_354' title='bbox 1029 3205 1276 3260; x_wconf 74' lang='lat' dir='ltr'>caaditur</span> <span class='ocrx_word' id='word_1_355' title='bbox 1304 3222 1318 3270; x_wconf 89' lang='lat'><strong>;</strong></span> <span class='ocrx_word' id='word_1_356' title='bbox 1342 3208 1518 3273; x_wconf 90' lang='lat' dir='ltr'>atque</span> <span class='ocrx_word' id='word_1_357' title='bbox 1537 3203 1596 3257; x_wconf 92' lang='lat' dir='ltr'>in</span> <span class='ocrx_word' id='word_1_358' title='bbox 1628 3203 2119 3274; x_wconf 85' lang='lat' dir='ltr'>igneminjectus.</span> 
     </span>
    </p>
   </div>
   <div class='ocr_carea' id='block_1_63' title="bbox 2232 3203 3892 3288">
    <p class='ocr_par' dir='ltr' id='par_1_63' title="bbox 2232 3209 3892 3288">
     <span class='ocr_line' id='line_1_63' title="bbox 2232 3209 3892 3288; baseline -0.001 -19"><span class='ocrx_word' id='word_1_359' title='bbox 2232 3236 2344 3280; x_wconf 89' lang='grc' dir='ltr'>τος,</span> <span class='ocrx_word' id='word_1_360' title='bbox 2377 3215 2465 3269; x_wconf 83' lang='grc' dir='ltr'>καὶ</span> <span class='ocrx_word' id='word_1_361' title='bbox 2496 3214 2586 3268; x_wconf 88' lang='grc' dir='ltr'>τὸν</span> <span class='ocrx_word' id='word_1_362' title='bbox 2621 3213 2854 3287; x_wconf 84' lang='grc' dir='ltr'>Χριστὸν</span> <span class='ocrx_word' id='word_1_363' title='bbox 2913 3209 3288 3287; x_wconf 73' lang='grc' dir='ltr'>ὁμολογήσας,</span> <span class='ocrx_word' id='word_1_364' title='bbox 3345 3210 3545 3287; x_wconf 80' lang='grc' dir='ltr'>ἐτύφθη</span> <span class='ocrx_word' id='word_1_365' title='bbox 3608 3209 3892 3288; x_wconf 76' lang='grc' dir='ltr'>σφοδρῶς.</span> 
     </span>
    </p>
   </div>
   <div class='ocr_carea' id='block_1_64' title="bbox 477 3291 2121 3357">
    <p class='ocr_par' dir='ltr' id='par_1_64' title="bbox 477 3291 2121 3357">
     <span class='ocr_line' id='line_1_64' title="bbox 477 3291 2121 3357; baseline -0.006 0"><span class='ocrx_word' id='word_1_366' title='bbox 477 3295 1070 3357; x_wconf 85' lang='lat' dir='ltr'>amburitur.Deinde</span> <span class='ocrx_word' id='word_1_367' title='bbox 1102 3293 1166 3347; x_wconf 89' lang='lat' dir='ltr'>in</span> <span class='ocrx_word' id='word_1_368' title='bbox 1188 3308 1487 3347; x_wconf 87' lang='lat' dir='ltr'>carcerem</span> <span class='ocrx_word' id='word_1_369' title='bbox 1519 3291 1872 3345; x_wconf 89' lang='lat' dir='ltr'>detruditur.</span> <span class='ocrx_word' id='word_1_370' title='bbox 1896 3292 2121 3347; x_wconf 89' lang='lat' dir='ltr'>Mortuo</span> 
     </span>
    </p>
   </div>
   <div class='ocr_carea' id='block_1_65' title="bbox 473 3384 2119 3453">
    <p class='ocr_par' dir='ltr' id='par_1_65' title="bbox 473 3384 2119 3453">
     <span class='ocr_line' id='line_1_65' title="bbox 473 3384 2119 3453; baseline -0.007 -6"><span class='ocrx_word' id='word_1_371' title='bbox 473 3396 673 3448; x_wconf 89' lang='lat' dir='ltr'>autem</span> <span class='ocrx_word' id='word_1_372' title='bbox 704 3386 1022 3443; x_wconf 88' lang='lat' dir='ltr'>Aureliano</span> <span class='ocrx_word' id='word_1_373' title='bbox 1056 3384 1436 3453; x_wconf 89' lang='lat' dir='ltr'>imperatore,</span> <span class='ocrx_word' id='word_1_374' title='bbox 1469 3385 1529 3435; x_wconf 92' lang='lat' dir='ltr'>et</span> <span class='ocrx_word' id='word_1_375' title='bbox 1548 3385 1816 3434; x_wconf 87' lang='lat' dir='ltr'>cessante</span> <span class='ocrx_word' id='word_1_376' title='bbox 1841 3397 2119 3451; x_wconf 88' lang='lat' dir='ltr'>persecu-</span> 
     </span>
    </p>
   </div>
   <div class='ocr_carea' id='block_1_66' title="bbox 471 3469 2121 3542">
    <p class='ocr_par' dir='ltr' id='par_1_66' title="bbox 471 3469 2121 3542">
     <span class='ocr_line' id='line_1_66' title="bbox 471 3469 2121 3542; baseline -0.006 -7"><span class='ocrx_word' id='word_1_377' title='bbox 471 3480 632 3534; x_wconf 75' lang='lat' dir='ltr'>tione</span> <span class='ocrx_word' id='word_1_378' title='bbox 659 3476 962 3541; x_wconf 89' lang='lat' dir='ltr'>dimissus,</span> <span class='ocrx_word' id='word_1_379' title='bbox 992 3469 1399 3542; x_wconf 81' lang='lat' dir='ltr'>Hierosolyma</span> <span class='ocrx_word' id='word_1_380' title='bbox 1455 3486 1517 3524; x_wconf 90' lang='lat' dir='ltr'>se</span> <span class='ocrx_word' id='word_1_381' title='bbox 1576 3469 1846 3524; x_wconf 90' lang='lat' dir='ltr'>contulit.</span> <span class='ocrx_word' id='word_1_382' title='bbox 1898 3469 2011 3524; x_wconf 92' lang='lat' dir='ltr'>Sed</span> <span class='ocrx_word' id='word_1_383' title='bbox 2060 3470 2121 3525; x_wconf 94' lang='lat' dir='ltr'>in</span> 
     </span>
    </p>
   </div>
   <div class='ocr_carea' id='block_1_67' title="bbox 469 3557 2121 3630">
    <p class='ocr_par' dir='ltr' id='par_1_67' title="bbox 469 3557 2121 3630">
     <span class='ocr_line' id='line_1_67' title="bbox 469 3557 2121 3630; baseline -0.005 -6"><span class='ocrx_word' id='word_1_384' title='bbox 469 3570 683 3624; x_wconf 90' lang='lat' dir='ltr'>itinere</span> <span class='ocrx_word' id='word_1_385' title='bbox 716 3582 751 3620; x_wconf 87' lang='lat' dir='ltr'>a</span> <span class='ocrx_word' id='word_1_386' title='bbox 780 3560 1112 3619; x_wconf 89' lang='lat' dir='ltr'>latronibus</span> <span class='ocrx_word' id='word_1_387' title='bbox 1144 3563 1471 3630; x_wconf 88' lang='lat' dir='ltr'>correptus,</span> <span class='ocrx_word' id='word_1_388' title='bbox 1532 3557 1592 3611; x_wconf 90' lang='lat' dir='ltr'>in</span> <span class='ocrx_word' id='word_1_389' title='bbox 1627 3573 1868 3628; x_wconf 88' lang='lat' dir='ltr'>specum</span> <span class='ocrx_word' id='word_1_390' title='bbox 1890 3557 2121 3615; x_wconf 88' lang='lat' dir='ltr'>vinctus</span> 
     </span>
    </p>
   </div>
   <div class='ocr_carea' id='block_1_68' title="bbox 468 3643 2117 3718">
    <p class='ocr_par' dir='ltr' id='par_1_68' title="bbox 468 3643 2117 3718">
     <span class='ocr_line' id='line_1_68' title="bbox 468 3643 2117 3718; baseline -0.006 -6"><span class='ocrx_word' id='word_1_391' title='bbox 468 3655 802 3713; x_wconf 88' lang='lat' dir='ltr'>abducitur.</span> <span class='ocrx_word' id='word_1_392' title='bbox 840 3653 1006 3706; x_wconf 90' lang='lat' dir='ltr'>Forte</span> <span class='ocrx_word' id='word_1_393' title='bbox 1037 3653 1236 3704; x_wconf 88' lang='lat' dir='ltr'>autem</span> <span class='ocrx_word' id='word_1_394' title='bbox 1269 3661 1514 3717; x_wconf 90' lang='lat' dir='ltr'>serpens</span> <span class='ocrx_word' id='word_1_395' title='bbox 1546 3643 1772 3699; x_wconf 90' lang='lat' dir='ltr'>dolium</span> <span class='ocrx_word' id='word_1_396' title='bbox 1824 3645 1965 3714; x_wconf 88' lang='lat' dir='ltr'>vini,</span> <span class='ocrx_word' id='word_1_397' title='bbox 2001 3663 2117 3718; x_wconf 92' lang='lat' dir='ltr'>quo</span> 
     </span>
    </p>
   </div>
   <div class='ocr_carea' id='block_1_69' title="bbox 467 3733 2115 3809">
    <p class='ocr_par' dir='ltr' id='par_1_69' title="bbox 467 3733 2115 3809">
     <span class='ocr_line' id='line_1_69' title="bbox 467 3733 2115 3809; baseline -0.007 -8"><span class='ocrx_word' id='word_1_398' title='bbox 467 3745 732 3800; x_wconf 89' lang='lat' dir='ltr'>latrones</span> <span class='ocrx_word' id='word_1_399' title='bbox 754 3735 1634 3809; x_wconf 87' lang='lat' dir='ltr'>utebantur,ingressus,vinum</span> <span class='ocrx_word' id='word_1_400' title='bbox 1651 3733 2115 3804; x_wconf 82' lang='lat' dir='ltr'>infecitveneno,</span> 
     </span>
    </p>
   </div>
   <div class='ocr_carea' id='block_1_70' title="bbox 468 3825 2118 3906">
    <p class='ocr_par' dir='ltr' id='par_1_70' title="bbox 468 3825 2118 3906">
     <span class='ocr_line' id='line_1_70' title="bbox 468 3825 2118 3906; baseline -0.006 -16"><span class='ocrx_word' id='word_1_401' title='bbox 468 3851 586 3906; x_wconf 88' lang='lat' dir='ltr'>quo</span> <span class='ocrx_word' id='word_1_402' title='bbox 620 3838 792 3905; x_wconf 89' lang='lat' dir='ltr'>epoto</span> <span class='ocrx_word' id='word_1_403' title='bbox 822 3831 1084 3886; x_wconf 88' lang='lat' dir='ltr'>latrones</span> <span class='ocrx_word' id='word_1_404' title='bbox 1118 3826 1334 3881; x_wconf 88' lang='lat' dir='ltr'>mortui</span> <span class='ocrx_word' id='word_1_405' title='bbox 1365 3829 1520 3879; x_wconf 87' lang='lat' dir='ltr'>sunt.</span> <span class='ocrx_word' id='word_1_406' title='bbox 1544 3825 1689 3878; x_wconf 90' lang='lat' dir='ltr'>Tum</span> <span class='ocrx_word' id='word_1_407' title='bbox 1711 3840 1845 3878; x_wconf 90' lang='lat' dir='ltr'>vero</span> <span class='ocrx_word' id='word_1_408' title='bbox 1877 3831 2118 3880; x_wconf 88' lang='lat' dir='ltr'>sanctus</span> 
     </span>
    </p>
   </div>
   <div class='ocr_carea' id='block_1_71' title="bbox 469 3912 2116 3985">
    <p class='ocr_par' dir='ltr' id='par_1_71' title="bbox 469 3912 2116 3985">
     <span class='ocr_line' id='line_1_71' title="bbox 469 3912 2116 3985; baseline -0.005 -8"><span class='ocrx_word' id='word_1_409' title='bbox 469 3923 772 3985; x_wconf 86' lang='lat' dir='ltr'>Chariten,</span> <span class='ocrx_word' id='word_1_410' title='bbox 805 3915 1141 3973; x_wconf 89' lang='lat' dir='ltr'>distributis</span> <span class='ocrx_word' id='word_1_411' title='bbox 1186 3915 1248 3968; x_wconf 89' lang='lat' dir='ltr'>in</span> <span class='ocrx_word' id='word_1_412' title='bbox 1303 3930 1518 3985; x_wconf 89' lang='lat' dir='ltr'>egenos</span> <span class='ocrx_word' id='word_1_413' title='bbox 1570 3912 1851 3967; x_wconf 90' lang='lat' dir='ltr'>omnibus</span> <span class='ocrx_word' id='word_1_414' title='bbox 1882 3930 2014 3984; x_wconf 58' lang='lat' dir='ltr'>quas</span> <span class='ocrx_word' id='word_1_415' title='bbox 2046 3930 2116 3968; x_wconf 83' lang='lat' dir='ltr'>ex</span> 
     </span>
    </p>
   </div>
   <div class='ocr_carea' id='block_1_72' title="bbox 470 4002 2114 4082">
    <p class='ocr_par' dir='ltr' id='par_1_72' title="bbox 470 4002 2114 4082">
     <span class='ocr_line' id='line_1_72' title="bbox 470 4002 2114 4082; baseline -0.005 -17"><span class='ocrx_word' id='word_1_416' title='bbox 470 4015 660 4082; x_wconf 90' lang='lat' dir='ltr'>rapto,</span> <span class='ocrx_word' id='word_1_417' title='bbox 681 4013 740 4063; x_wconf 88' lang='lat' dir='ltr'>et</span> <span class='ocrx_word' id='word_1_418' title='bbox 760 4006 1019 4062; x_wconf 72' lang='lat' dir='ltr'>cmdibus</span> <span class='ocrx_word' id='word_1_419' title='bbox 1036 4004 1298 4058; x_wconf 84' lang='lat' dir='ltr'>latrones</span> <span class='ocrx_word' id='word_1_420' title='bbox 1329 4002 1839 4072; x_wconf 89' lang='lat' dir='ltr'>congesserant,in</span> <span class='ocrx_word' id='word_1_421' title='bbox 1864 4002 2114 4058; x_wconf 87' lang='lat' dir='ltr'>alteram</span> 
     </span>
    </p>
   </div>
   <div class='ocr_carea' id='block_1_73' title="bbox 471 4087 2113 4168">
    <p class='ocr_par' dir='ltr' id='par_1_73' title="bbox 471 4087 2113 4168">
     <span class='ocr_line' id='line_1_73' title="bbox 471 4087 2113 4168; baseline -0.006 -14"><span class='ocrx_word' id='word_1_422' title='bbox 471 4097 654 4154; x_wconf 88' lang='lat' dir='ltr'>eremi</span> <span class='ocrx_word' id='word_1_423' title='bbox 687 4095 1035 4168; x_wconf 89' lang='lat' dir='ltr'>speluncam</span> <span class='ocrx_word' id='word_1_424' title='bbox 1067 4090 1232 4157; x_wconf 88' lang='lat' dir='ltr'>abiit,</span> <span class='ocrx_word' id='word_1_425' title='bbox 1263 4089 1464 4158; x_wconf 88' lang='lat' dir='ltr'>ibique</span> <span class='ocrx_word' id='word_1_426' title='bbox 1496 4087 1780 4142; x_wconf 86' lang='lat' dir='ltr'>habitavit</span> <span class='ocrx_word' id='word_1_427' title='bbox 1813 4105 1825 4142; x_wconf 89' lang='lat'><strong>:</strong></span> <span class='ocrx_word' id='word_1_428' title='bbox 1860 4106 2113 4160; x_wconf 89' lang='lat' dir='ltr'>cumque</span> 
     </span>
    </p>
   </div>
   <div class='ocr_carea' id='block_1_74' title="bbox 469 4175 2112 4248">
    <p class='ocr_par' dir='ltr' id='par_1_74' title="bbox 469 4175 2112 4248">
     <span class='ocr_line' id='line_1_74' title="bbox 469 4175 2112 4248; baseline -0.005 -5"><span class='ocrx_word' id='word_1_429' title='bbox 469 4187 659 4243; x_wconf 88' lang='lat' dir='ltr'>multa</span> <span class='ocrx_word' id='word_1_430' title='bbox 687 4182 1015 4239; x_wconf 89' lang='lat' dir='ltr'>certamina</span> <span class='ocrx_word' id='word_1_431' title='bbox 1046 4178 1344 4243; x_wconf 88' lang='lat' dir='ltr'>subiisset,</span> <span class='ocrx_word' id='word_1_432' title='bbox 1365 4177 1578 4248; x_wconf 89' lang='lat' dir='ltr'>dignus</span> <span class='ocrx_word' id='word_1_433' title='bbox 1600 4175 1827 4248; x_wconf 88' lang='lat' dir='ltr'>fuitqui</span> <span class='ocrx_word' id='word_1_434' title='bbox 1852 4177 2112 4248; x_wconf 88' lang='lat' dir='ltr'>plurima</span> 
     </span>
    </p>
   </div>
   <div class='ocr_carea' id='block_1_75' title="bbox 465 4264 2112 4332">
    <p class='ocr_par' dir='ltr' id='par_1_75' title="bbox 465 4264 2112 4332">
     <span class='ocr_line' id='line_1_75' title="bbox 465 4264 2112 4332; baseline -0.006 0"><span class='ocrx_word' id='word_1_435' title='bbox 465 4273 756 4332; x_wconf 89' lang='lat' dir='ltr'>miracula</span> <span class='ocrx_word' id='word_1_436' title='bbox 787 4271 1008 4327; x_wconf 90' lang='lat' dir='ltr'>ederet.</span> <span class='ocrx_word' id='word_1_437' title='bbox 1046 4269 1313 4332; x_wconf 87' lang='lat' dir='ltr'>Demum,</span> <span class='ocrx_word' id='word_1_438' title='bbox 1349 4282 1485 4320; x_wconf 90' lang='lat' dir='ltr'>cum</span> <span class='ocrx_word' id='word_1_439' title='bbox 1524 4264 1738 4319; x_wconf 78' lang='lat' dir='ltr'>multos</span> <span class='ocrx_word' id='word_1_440' title='bbox 1791 4265 2003 4321; x_wconf 91' lang='lat' dir='ltr'>virtute</span> <span class='ocrx_word' id='word_1_441' title='bbox 2055 4272 2112 4322; x_wconf 89' lang='lat' dir='ltr'>et</span> 
     </span>
    </p>
   </div>
   <div class='ocr_carea' id='block_1_76' title="bbox 461 4354 1723 4424">
    <p class='ocr_par' dir='ltr' id='par_1_76' title="bbox 461 4354 1723 4424">
     <span class='ocr_line' id='line_1_76' title="bbox 461 4354 1723 4424; baseline -0.009 -3"><span class='ocrx_word' id='word_1_442' title='bbox 461 4363 733 4421; x_wconf 89' lang='lat' dir='ltr'>doctrina</span> <span class='ocrx_word' id='word_1_443' title='bbox 761 4360 836 4416; x_wconf 90' lang='lat' dir='ltr'>ad</span> <span class='ocrx_word' id='word_1_444' title='bbox 867 4364 1051 4413; x_wconf 91' lang='lat' dir='ltr'>Deum</span> <span class='ocrx_word' id='word_1_445' title='bbox 1085 4354 1380 4420; x_wconf 83' lang='lat' dir='ltr'>traxisset,</span> <span class='ocrx_word' id='word_1_446' title='bbox 1412 4354 1723 4424; x_wconf 86' lang='lat' dir='ltr'>requievit.</span> 
     </span>
    </p>
   </div>
   <div class='ocr_carea' id='block_1_77' title="bbox 1101 4557 1459 4615">
    <p class='ocr_par' dir='ltr' id='par_1_77' title="bbox 1101 4557 1459 4615">
     <span class='ocr_line' id='line_1_77' title="bbox 1101 4557 1459 4615; baseline 0 -1"><span class='ocrx_word' id='word_1_447' title='bbox 1101 4557 1323 4615; x_wconf 90' lang='lat' dir='ltr'>Eodem</span> <span class='ocrx_word' id='word_1_448' title='bbox 1363 4558 1459 4614; x_wconf 89' lang='lat' dir='ltr'>die</span> 
     </span>
    </p>
   </div>
   <div class='ocr_carea' id='block_1_78' title="bbox 465 4675 2109 4745">
    <p class='ocr_par' dir='ltr' id='par_1_78' title="bbox 465 4675 2109 4745">
     <span class='ocr_line' id='line_1_78' title="bbox 465 4675 2109 4745; baseline -0.007 -2"><span class='ocrx_word' id='word_1_449' title='bbox 465 4689 505 4742; x_wconf 75' lang='grc'><em>’1</em></span> <span class='ocrx_word' id='word_1_450' title='bbox 517 4691 564 4742; x_wconf 77' lang='lat'><strong>4</strong></span> <span class='ocrx_word' id='word_1_451' title='bbox 598 4690 882 4742; x_wconf 86' lang='lat' dir='ltr'>Certamen</span> <span class='ocrx_word' id='word_1_452' title='bbox 906 4685 1218 4736; x_wconf 84' lang='lat' dir='ltr'>sanctorum</span> <span class='ocrx_word' id='word_1_453' title='bbox 1248 4682 1560 4744; x_wconf 83' lang='lat' dir='ltr'>martyrum</span> <span class='ocrx_word' id='word_1_454' title='bbox 1593 4675 1834 4745; x_wconf 59' lang='lat' dir='ltr'>Alphei,</span> <span class='ocrx_word' id='word_1_455' title='bbox 1869 4676 2109 4732; x_wconf 72' lang='lat' dir='ltr'>Alexan-</span> 
     </span>
    </p>
   </div>
   <div class='ocr_carea' id='block_1_79' title="bbox 911 4750 1654 4817">
    <p class='ocr_par' dir='ltr' id='par_1_79' title="bbox 911 4750 1654 4817">
     <span class='ocr_line' id='line_1_79' title="bbox 911 4750 1654 4817; baseline -0.008 -10"><span class='ocrx_word' id='word_1_456' title='bbox 911 4751 1023 4817; x_wconf 86' lang='lat' dir='ltr'>dri,</span> <span class='ocrx_word' id='word_1_457' title='bbox 1057 4750 1252 4815; x_wconf 79' lang='lat' dir='ltr'>Marci,</span> <span class='ocrx_word' id='word_1_458' title='bbox 1283 4754 1336 4803; x_wconf 89' lang='lat' dir='ltr'>et</span> <span class='ocrx_word' id='word_1_459' title='bbox 1362 4750 1654 4802; x_wconf 83' lang='lat' dir='ltr'>sociorum.</span> 
     </span>
    </p>
   </div>
   <div class='ocr_carea' id='block_1_80' title="bbox 537 4925 2110 4998">
    <p class='ocr_par' dir='ltr' id='par_1_80' title="bbox 537 4925 2110 4998">
     <span class='ocr_line' id='line_1_80' title="bbox 537 4925 2110 4998; baseline -0.005 -8"><span class='ocrx_word' id='word_1_460' title='bbox 537 4932 905 4990; x_wconf 88' lang='lat' dir='ltr'>Diocletiano</span> <span class='ocrx_word' id='word_1_461' title='bbox 933 4929 1314 4998; x_wconf 85' lang='lat' dir='ltr'>imperatore,</span> <span class='ocrx_word' id='word_1_462' title='bbox 1334 4925 1564 4980; x_wconf 87' lang='lat' dir='ltr'>Marcus</span> <span class='ocrx_word' id='word_1_463' title='bbox 1586 4929 1812 4996; x_wconf 85' lang='lat' dir='ltr'>martyr</span> <span class='ocrx_word' id='word_1_464' title='bbox 1831 4927 2110 4998; x_wconf 89' lang='lat' dir='ltr'>pascebat</span> 
     </span>
    </p>
   </div>
   <div class='ocr_carea' id='block_1_81' title="bbox 464 5012 2105 5088">
    <p class='ocr_par' dir='ltr' id='par_1_81' title="bbox 464 5012 2105 5088">
     <span class='ocr_line' id='line_1_81' title="bbox 464 5012 2105 5088; baseline -0.005 -9"><span class='ocrx_word' id='word_1_465' title='bbox 464 5041 600 5079; x_wconf 79' lang='lat' dir='ltr'>oves</span> <span class='ocrx_word' id='word_1_466' title='bbox 630 5023 692 5076; x_wconf 89' lang='lat' dir='ltr'>in</span> <span class='ocrx_word' id='word_1_467' title='bbox 721 5024 923 5077; x_wconf 87' lang='lat' dir='ltr'>monte</span> <span class='ocrx_word' id='word_1_468' title='bbox 955 5015 1212 5088; x_wconf 85' lang='lat' dir='ltr'>quodam</span> <span class='ocrx_word' id='word_1_469' title='bbox 1242 5012 1399 5084; x_wconf 89' lang='lat' dir='ltr'>apud</span> <span class='ocrx_word' id='word_1_470' title='bbox 1430 5015 1803 5069; x_wconf 82' lang='lat' dir='ltr'>Antiochiam</span> <span class='ocrx_word' id='word_1_471' title='bbox 1831 5015 2105 5071; x_wconf 66' lang='lat' dir='ltr'>Pisidiae:</span> 
     </span>
    </p>
   </div>
   <div class='ocr_carea' id='block_1_82' title="bbox 463 5101 2108 5167">
    <p class='ocr_par' dir='ltr' id='par_1_82' title="bbox 463 5101 2108 5167">
     <span class='ocr_line' id='line_1_82' title="bbox 463 5101 2108 5167; baseline -0.006 0"><span class='ocrx_word' id='word_1_472' title='bbox 463 5117 626 5167; x_wconf 87' lang='lat' dir='ltr'>tanto</span> <span class='ocrx_word' id='word_1_473' title='bbox 648 5115 848 5165; x_wconf 91' lang='lat' dir='ltr'>autem</span> <span class='ocrx_word' id='word_1_474' title='bbox 872 5105 1066 5161; x_wconf 91' lang='lat' dir='ltr'>studio</span> <span class='ocrx_word' id='word_1_475' title='bbox 1088 5102 1333 5157; x_wconf 88' lang='lat' dir='ltr'>virtutes</span> <span class='ocrx_word' id='word_1_476' title='bbox 1355 5101 1633 5167; x_wconf 82' lang='lat' dir='ltr'>excoluit,</span> <span class='ocrx_word' id='word_1_477' title='bbox 1663 5107 1730 5156; x_wconf 89' lang='lat' dir='ltr'>ut</span> <span class='ocrx_word' id='word_1_478' title='bbox 1759 5107 1816 5156; x_wconf 91' lang='lat' dir='ltr'>et</span> <span class='ocrx_word' id='word_1_479' title='bbox 1834 5101 1972 5158; x_wconf 65' lang='lat' dir='ltr'>fera)</span> <span class='ocrx_word' id='word_1_480' title='bbox 1995 5104 2108 5158; x_wconf 90' lang='lat' dir='ltr'>im-</span> 
     </span>
    </p>
   </div>
   <div class='ocr_carea' id='block_1_83' title="bbox 460 5191 2106 5272">
    <p class='ocr_par' dir='ltr' id='par_1_83' title="bbox 460 5191 2106 5272">
     <span class='ocr_line' id='line_1_83' title="bbox 460 5191 2106 5272; baseline -0.006 -16"><span class='ocrx_word' id='word_1_481' title='bbox 460 5201 626 5272; x_wconf 91' lang='lat' dir='ltr'>perio</span> <span class='ocrx_word' id='word_1_482' title='bbox 658 5199 787 5270; x_wconf 85' lang='lat' dir='ltr'>ejus</span> <span class='ocrx_word' id='word_1_483' title='bbox 821 5193 1277 5266; x_wconf 88' lang='lat' dir='ltr'>subjicerentur.</span> <span class='ocrx_word' id='word_1_484' title='bbox 1313 5191 1456 5245; x_wconf 88' lang='lat' dir='ltr'>Nam</span> <span class='ocrx_word' id='word_1_485' title='bbox 1488 5205 1622 5244; x_wconf 91' lang='lat' dir='ltr'>cum</span> <span class='ocrx_word' id='word_1_486' title='bbox 1645 5196 1953 5247; x_wconf 86' lang='lat' dir='ltr'>venatores</span> <span class='ocrx_word' id='word_1_487' title='bbox 1974 5193 2106 5262; x_wconf 88' lang='lat' dir='ltr'>qui-</span> 
     </span>
    </p>
   </div>
   <div class='ocr_carea' id='block_1_84' title="bbox 461 5278 2104 5352">
    <p class='ocr_par' dir='ltr' id='par_1_84' title="bbox 461 5278 2104 5352">
     <span class='ocr_line' id='line_1_84' title="bbox 461 5278 2104 5352; baseline -0.005 -9"><span class='ocrx_word' id='word_1_488' title='bbox 461 5289 596 5344; x_wconf 91' lang='lat' dir='ltr'>dam</span> <span class='ocrx_word' id='word_1_489' title='bbox 628 5303 829 5342; x_wconf 90' lang='lat' dir='ltr'>ursam</span> <span class='ocrx_word' id='word_1_490' title='bbox 861 5285 1340 5352; x_wconf 91' lang='lat' dir='ltr'>insequerentur,</span> <span class='ocrx_word' id='word_1_491' title='bbox 1374 5279 1480 5334; x_wconf 89' lang='lat' dir='ltr'>illa</span> <span class='ocrx_word' id='word_1_492' title='bbox 1508 5278 1582 5333; x_wconf 88' lang='lat' dir='ltr'>ad</span> <span class='ocrx_word' id='word_1_493' title='bbox 1614 5284 1882 5334; x_wconf 87' lang='lat' dir='ltr'>sanctum</span> <span class='ocrx_word' id='word_1_494' title='bbox 1914 5281 2104 5335; x_wconf 88' lang='lat' dir='ltr'>virum</span> 
     </span>
    </p>
   </div>
   <div class='ocr_carea' id='block_1_85' title="bbox 457 5367 2102 5448">
    <p class='ocr_par' dir='ltr' id='par_1_85' title="bbox 457 5367 2102 5448">
     <span class='ocr_line' id='line_1_85' title="bbox 457 5367 2102 5448; baseline -0.007 -15"><span class='ocrx_word' id='word_1_495' title='bbox 457 5376 829 5448; x_wconf 81' lang='lat' dir='ltr'>confugiens,</span> <span class='ocrx_word' id='word_1_496' title='bbox 863 5372 992 5443; x_wconf 91' lang='lat' dir='ltr'>ejus</span> <span class='ocrx_word' id='word_1_497' title='bbox 1023 5369 1204 5440; x_wconf 88' lang='lat' dir='ltr'>pedes</span> <span class='ocrx_word' id='word_1_498' title='bbox 1245 5367 1506 5440; x_wconf 88' lang='lat' dir='ltr'>lingebat</span> <span class='ocrx_word' id='word_1_499' title='bbox 1539 5384 1552 5421; x_wconf 90' lang='lat'><strong>:</strong></span> <span class='ocrx_word' id='word_1_500' title='bbox 1586 5367 1743 5438; x_wconf 90' lang='lat' dir='ltr'>quod</span> <span class='ocrx_word' id='word_1_501' title='bbox 1775 5368 1975 5422; x_wconf 88' lang='lat' dir='ltr'>intuiti</span> <span class='ocrx_word' id='word_1_502' title='bbox 2005 5386 2102 5423; x_wconf 86' lang='lat' dir='ltr'>ve-</span> 
     </span>
    </p>
   </div>
   <div class='ocr_carea' id='block_1_86' title="bbox 455 5457 2100 5528">
    <p class='ocr_par' dir='ltr' id='par_1_86' title="bbox 455 5457 2100 5528">
     <span class='ocr_line' id='line_1_86' title="bbox 455 5457 2100 5528; baseline -0.006 -6"><span class='ocrx_word' id='word_1_503' title='bbox 455 5474 714 5527; x_wconf 88' lang='lat' dir='ltr'>natores,</span> <span class='ocrx_word' id='word_1_504' title='bbox 747 5478 875 5517; x_wconf 89' lang='lat' dir='ltr'>rem</span> <span class='ocrx_word' id='word_1_505' title='bbox 907 5474 1145 5515; x_wconf 89' lang='lat' dir='ltr'>omnem</span> <span class='ocrx_word' id='word_1_506' title='bbox 1180 5457 1416 5528; x_wconf 66' lang='lat' dir='ltr'>praesidi</span> <span class='ocrx_word' id='word_1_507' title='bbox 1450 5457 1775 5511; x_wconf 64' lang='lat' dir='ltr'>Antiochia;</span> <span class='ocrx_word' id='word_1_508' title='bbox 1806 5457 2100 5526; x_wconf 87' lang='lat' dir='ltr'>aperiunt,</span> 
     </span>
    </p>
   </div>
   <div class='ocr_carea' id='block_1_87' title="bbox 454 5545 2101 5626">
    <p class='ocr_par' dir='ltr' id='par_1_87' title="bbox 454 5545 2101 5626">
     <span class='ocr_line' id='line_1_87' title="bbox 454 5545 2101 5626; baseline -0.005 -16"><span class='ocrx_word' id='word_1_509' title='bbox 454 5555 575 5626; x_wconf 88' lang='lat' dir='ltr'>qui,</span> <span class='ocrx_word' id='word_1_510' title='bbox 610 5552 811 5608; x_wconf 90' lang='lat' dir='ltr'>missis</span> <span class='ocrx_word' id='word_1_511' title='bbox 843 5549 1083 5620; x_wconf 84' lang='lat' dir='ltr'>triginta</span> <span class='ocrx_word' id='word_1_512' title='bbox 1112 5545 1423 5610; x_wconf 86' lang='lat' dir='ltr'>militibus,</span> <span class='ocrx_word' id='word_1_513' title='bbox 1457 5545 1630 5618; x_wconf 90' lang='lat' dir='ltr'>jubet</span> <span class='ocrx_word' id='word_1_514' title='bbox 1675 5545 2101 5615; x_wconf 89' lang='lat' dir='ltr'>comprehendi</span> 
     </span>
    </p>
   </div>
   <div class='ocr_carea' id='block_1_88' title="bbox 451 5633 2096 5701">
    <p class='ocr_par' dir='ltr' id='par_1_88' title="bbox 451 5633 2096 5701">
     <span class='ocr_line' id='line_1_88' title="bbox 451 5633 2096 5701; baseline -0.005 -2"><span class='ocrx_word' id='word_1_515' title='bbox 451 5648 744 5698; x_wconf 86' lang='lat' dir='ltr'>sanctum.</span> <span class='ocrx_word' id='word_1_516' title='bbox 780 5642 852 5693; x_wconf 84' lang='lat' dir='ltr'>At</span> <span class='ocrx_word' id='word_1_517' title='bbox 881 5637 992 5701; x_wconf 92' lang='lat' dir='ltr'>illi,</span> <span class='ocrx_word' id='word_1_518' title='bbox 1019 5635 1082 5690; x_wconf 89' lang='lat' dir='ltr'>in</span> <span class='ocrx_word' id='word_1_519' title='bbox 1111 5634 1324 5690; x_wconf 88' lang='lat' dir='ltr'>itinere</span> <span class='ocrx_word' id='word_1_520' title='bbox 1355 5635 1426 5690; x_wconf 89' lang='lat' dir='ltr'>ab</span> <span class='ocrx_word' id='word_1_521' title='bbox 1460 5651 1528 5689; x_wconf 91' lang='lat' dir='ltr'>eo</span> <span class='ocrx_word' id='word_1_522' title='bbox 1549 5633 1762 5699; x_wconf 91' lang='lat' dir='ltr'>edocti,</span> <span class='ocrx_word' id='word_1_523' title='bbox 1787 5633 1858 5688; x_wconf 87' lang='lat' dir='ltr'>ad</span> <span class='ocrx_word' id='word_1_524' title='bbox 1883 5635 2096 5690; x_wconf 90' lang='lat' dir='ltr'>Christi</span> 
     </span>
    </p>
   </div>
   <div class='ocr_carea' id='block_1_89' title="bbox 451 5723 2094 5793">
    <p class='ocr_par' dir='ltr' id='par_1_89' title="bbox 451 5723 2094 5793">
     <span class='ocr_line' id='line_1_89' title="bbox 451 5723 2094 5793; baseline -0.007 -4"><span class='ocrx_word' id='word_1_525' title='bbox 451 5733 631 5788; x_wconf 80' lang='lat' dir='ltr'>fidem</span> <span class='ocrx_word' id='word_1_526' title='bbox 663 5731 1109 5786; x_wconf 85' lang='lat' dir='ltr'>convertuntur.</span> <span class='ocrx_word' id='word_1_527' title='bbox 1145 5724 1305 5788; x_wconf 86' lang='lat' dir='ltr'>Quod</span> <span class='ocrx_word' id='word_1_528' title='bbox 1337 5724 1436 5779; x_wconf 90' lang='lat' dir='ltr'>ubi</span> <span class='ocrx_word' id='word_1_529' title='bbox 1470 5723 1702 5777; x_wconf 83' lang='lat' dir='ltr'>rescivit</span> <span class='ocrx_word' id='word_1_530' title='bbox 1726 5739 1966 5793; x_wconf 75' lang='lat' dir='ltr'>praases,</span> <span class='ocrx_word' id='word_1_531' title='bbox 1992 5725 2094 5779; x_wconf 86' lang='lat' dir='ltr'>ad-</span> 
     </span>
    </p>
   </div>
   <div class='ocr_carea' id='block_1_90' title="bbox 2235 3295 3890 3377">
    <p class='ocr_par' dir='ltr' id='par_1_90' title="bbox 2235 3295 3890 3377">
     <span class='ocr_line' id='line_1_90' title="bbox 2235 3295 3890 3377; baseline -0.002 -19"><span class='ocrx_word' id='word_1_532' title='bbox 2235 3304 2330 3358; x_wconf 84' lang='grc' dir='ltr'>Καὶ</span> <span class='ocrx_word' id='word_1_533' title='bbox 2391 3302 2563 3367; x_wconf 80' lang='grc' dir='ltr'>τεθεὶς</span> <span class='ocrx_word' id='word_1_534' title='bbox 2614 3302 2700 3356; x_wconf 85' lang='grc' dir='ltr'>ἐπὶ</span> <span class='ocrx_word' id='word_1_535' title='bbox 2765 3301 2935 3375; x_wconf 86' lang='grc' dir='ltr'>πυρὸς</span> <span class='ocrx_word' id='word_1_536' title='bbox 2988 3298 3360 3377; x_wconf 76' lang='grc' dir='ltr'>κατεφλέχθη.</span> <span class='ocrx_word' id='word_1_537' title='bbox 3419 3301 3550 3356; x_wconf 77' lang='grc' dir='ltr'>Εἶτα</span> <span class='ocrx_word' id='word_1_538' title='bbox 3609 3295 3890 3372; x_wconf 77' lang='grc' dir='ltr'>ἐνεϐλήθη</span> 
     </span>
    </p>
   </div>
   <div class='ocr_carea' id='block_1_91' title="bbox 2233 3386 3896 3470">
    <p class='ocr_par' dir='ltr' id='par_1_91' title="bbox 2233 3386 3896 3470">
     <span class='ocr_line' id='line_1_91' title="bbox 2233 3386 3896 3470; baseline -0.003 -23"><span class='ocrx_word' id='word_1_539' title='bbox 2233 3391 2308 3455; x_wconf 81' lang='grc' dir='ltr'>είς</span> <span class='ocrx_word' id='word_1_540' title='bbox 2361 3391 2630 3470; x_wconf 75' lang='grc' dir='ltr'>φυλακήν.</span> <span class='ocrx_word' id='word_1_541' title='bbox 2663 3396 2771 3447; x_wconf 83' lang='grc' dir='ltr'>Τοῦ</span> <span class='ocrx_word' id='word_1_542' title='bbox 2810 3389 2868 3446; x_wconf 78' lang='grc' dir='ltr'>δὲ</span> <span class='ocrx_word' id='word_1_543' title='bbox 2923 3389 3193 3466; x_wconf 87' lang='grc' dir='ltr'>βασιλέως</span> <span class='ocrx_word' id='word_1_544' title='bbox 3243 3386 3592 3463; x_wconf 84' lang='grc' dir='ltr'>Αὐρηλιανοῦ</span> <span class='ocrx_word' id='word_1_545' title='bbox 3621 3388 3896 3458; x_wconf 86' lang='grc' dir='ltr'>τελευτή-</span> 
     </span>
    </p>
   </div>
   <div class='ocr_carea' id='block_1_92' title="bbox 2232 3476 3896 3554">
    <p class='ocr_par' dir='ltr' id='par_1_92' title="bbox 2232 3476 3896 3554">
     <span class='ocr_line' id='line_1_92' title="bbox 2232 3476 3896 3554; baseline -0.003 -18"><span class='ocrx_word' id='word_1_546' title='bbox 2232 3502 2445 3550; x_wconf 88' lang='grc' dir='ltr'>σαντος,</span> <span class='ocrx_word' id='word_1_547' title='bbox 2478 3481 2565 3535; x_wconf 85' lang='grc' dir='ltr'>καὶ</span> <span class='ocrx_word' id='word_1_548' title='bbox 2599 3483 2696 3535; x_wconf 89' lang='grc' dir='ltr'>τοῦ</span> <span class='ocrx_word' id='word_1_549' title='bbox 2727 3476 2979 3554; x_wconf 75' lang='grc' dir='ltr'>διωγμοῦ</span> <span class='ocrx_word' id='word_1_550' title='bbox 3026 3479 3344 3550; x_wconf 83' lang='grc' dir='ltr'>παυθέντος,</span> <span class='ocrx_word' id='word_1_551' title='bbox 3378 3477 3672 3539; x_wconf 85' lang='grc' dir='ltr'>ἀπολυθεὶς</span> <span class='ocrx_word' id='word_1_552' title='bbox 3703 3477 3896 3548; x_wconf 88' lang='grc' dir='ltr'>ἀπήρ-</span> 
     </span>
    </p>
   </div>
   <div class='ocr_carea' id='block_1_93' title="bbox 2232 3562 3892 3646">
    <p class='ocr_par' dir='ltr' id='par_1_93' title="bbox 2232 3562 3892 3646">
     <span class='ocr_line' id='line_1_93' title="bbox 2232 3562 3892 3646; baseline -0.004 -21"><span class='ocrx_word' id='word_1_553' title='bbox 2232 3590 2362 3646; x_wconf 89' lang='grc' dir='ltr'>χετο</span> <span class='ocrx_word' id='word_1_554' title='bbox 2410 3569 2545 3644; x_wconf 87' lang='grc' dir='ltr'>πρὸς</span> <span class='ocrx_word' id='word_1_555' title='bbox 2601 3568 2981 3643; x_wconf 82' lang='grc' dir='ltr'>Ἱεροσόλυμα.</span> <span class='ocrx_word' id='word_1_556' title='bbox 3042 3569 3130 3623; x_wconf 85' lang='grc' dir='ltr'>Ἐν</span> <span class='ocrx_word' id='word_1_557' title='bbox 3191 3563 3250 3620; x_wconf 79' lang='grc' dir='ltr'>δὲ</span> <span class='ocrx_word' id='word_1_558' title='bbox 3305 3569 3374 3638; x_wconf 80' lang='grc' dir='ltr'>τῇ</span> <span class='ocrx_word' id='word_1_559' title='bbox 3435 3562 3545 3637; x_wconf 86' lang='grc' dir='ltr'>ὁδῷ</span> <span class='ocrx_word' id='word_1_560' title='bbox 3591 3569 3892 3638; x_wconf 74' lang='grc' dir='ltr'>κρατηθεὶς</span> 
     </span>
    </p>
   </div>
   <div class='ocr_carea' id='block_1_94' title="bbox 2233 3649 3887 3731">
    <p class='ocr_par' dir='ltr' id='par_1_94' title="bbox 2233 3649 3887 3731">
     <span class='ocr_line' id='line_1_94' title="bbox 2233 3649 3887 3731; baseline -0.005 -18"><span class='ocrx_word' id='word_1_561' title='bbox 2233 3659 2336 3713; x_wconf 80' lang='grc' dir='ltr'>ὑπὸ</span> <span class='ocrx_word' id='word_1_562' title='bbox 2394 3657 2630 3731; x_wconf 91' lang='grc' dir='ltr'>λῃστῶν,</span> <span class='ocrx_word' id='word_1_563' title='bbox 2689 3656 2914 3729; x_wconf 88' lang='grc' dir='ltr'>ἀπήχθη</span> <span class='ocrx_word' id='word_1_564' title='bbox 2986 3651 3271 3725; x_wconf 86' lang='grc' dir='ltr'>δεδεμένος</span> <span class='ocrx_word' id='word_1_565' title='bbox 3328 3651 3404 3713; x_wconf 80' lang='grc' dir='ltr'>εἷς</span> <span class='ocrx_word' id='word_1_566' title='bbox 3461 3652 3523 3706; x_wconf 89' lang='grc' dir='ltr'>τὸ</span> <span class='ocrx_word' id='word_1_567' title='bbox 3581 3649 3887 3722; x_wconf 86' lang='grc' dir='ltr'>σπήλαιον,</span> 
     </span>
    </p>
   </div>
   <div class='ocr_carea' id='block_1_95' title="bbox 2227 3739 3890 3820">
    <p class='ocr_par' dir='ltr' id='par_1_95' title="bbox 2227 3739 3890 3820">
     <span class='ocr_line' id='line_1_95' title="bbox 2227 3739 3890 3820; baseline -0.005 -19"><span class='ocrx_word' id='word_1_568' title='bbox 2227 3745 2376 3803; x_wconf 84' lang='grc' dir='ltr'>Κατὰ</span> <span class='ocrx_word' id='word_1_569' title='bbox 2428 3744 2720 3820; x_wconf 85' lang='grc' dir='ltr'>συγκυρίαν</span> <span class='ocrx_word' id='word_1_570' title='bbox 2779 3740 2857 3810; x_wconf 69' lang='grc' dir='ltr'>δί,</span> <span class='ocrx_word' id='word_1_571' title='bbox 2917 3743 3040 3818; x_wconf 75' lang='grc' dir='ltr'>ὄφις</span> <span class='ocrx_word' id='word_1_572' title='bbox 3095 3739 3350 3796; x_wconf 77' lang='grc' dir='ltr'>εἰσελθὼν</span> <span class='ocrx_word' id='word_1_573' title='bbox 3399 3739 3476 3802; x_wconf 86' lang='grc' dir='ltr'>εἷς</span> <span class='ocrx_word' id='word_1_574' title='bbox 3527 3739 3745 3814; x_wconf 75' lang='grc' dir='ltr'>οἷ’νηρὸν</span> <span class='ocrx_word' id='word_1_575' title='bbox 3777 3741 3890 3815; x_wconf 87' lang='grc' dir='ltr'>ἀγ-</span> 
     </span>
    </p>
   </div>
   <div class='ocr_carea' id='block_1_96' title="bbox 2222 3830 3886 3912">
    <p class='ocr_par' dir='ltr' id='par_1_96' title="bbox 2222 3830 3886 3912">
     <span class='ocr_line' id='line_1_96' title="bbox 2222 3830 3886 3912; baseline -0.002 -22"><span class='ocrx_word' id='word_1_576' title='bbox 2222 3841 2367 3912; x_wconf 84' lang='grc' dir='ltr'>γεῖον</span> <span class='ocrx_word' id='word_1_577' title='bbox 2415 3839 2523 3889; x_wconf 91' lang='grc' dir='ltr'>τῶν</span> <span class='ocrx_word' id='word_1_578' title='bbox 2581 3831 2820 3908; x_wconf 78' lang='grc' dir='ltr'>λῃστῶν,</span> <span class='ocrx_word' id='word_1_579' title='bbox 2878 3834 3050 3904; x_wconf 71' lang='grc' dir='ltr'>ἤμεσε</span> <span class='ocrx_word' id='word_1_580' title='bbox 3100 3831 3191 3886; x_wconf 83' lang='grc' dir='ltr'>τὸν</span> <span class='ocrx_word' id='word_1_581' title='bbox 3252 3830 3352 3886; x_wconf 83' lang='grc' dir='ltr'>ἰόν.</span> <span class='ocrx_word' id='word_1_582' title='bbox 3413 3831 3511 3884; x_wconf 81' lang='grc' dir='ltr'>Καὶ</span> <span class='ocrx_word' id='word_1_583' title='bbox 3568 3831 3786 3892; x_wconf 87' lang='grc' dir='ltr'>πιόντες</span> <span class='ocrx_word' id='word_1_584' title='bbox 3819 3833 3886 3886; x_wconf 79' lang='grc' dir='ltr'>οἱ</span> 
     </span>
    </p>
   </div>
   <div class='ocr_carea' id='block_1_97' title="bbox 2221 3915 3880 3998">
    <p class='ocr_par' dir='ltr' id='par_1_97' title="bbox 2221 3915 3880 3998">
     <span class='ocr_line' id='line_1_97' title="bbox 2221 3915 3880 3998; baseline -0.002 -20"><span class='ocrx_word' id='word_1_585' title='bbox 2221 3923 2420 3998; x_wconf 85' lang='grc' dir='ltr'>λῃσταὶ</span> <span class='ocrx_word' id='word_1_586' title='bbox 2450 3923 2541 3978; x_wconf 87' lang='grc' dir='ltr'>τὸν</span> <span class='ocrx_word' id='word_1_587' title='bbox 2575 3923 2739 3991; x_wconf 73' lang='grc' dir='ltr'>οἶνον,</span> <span class='ocrx_word' id='word_1_588' title='bbox 2789 3921 3071 3985; x_wconf 86' lang='grc' dir='ltr'>ἀπέθανον.</span> <span class='ocrx_word' id='word_1_589' title='bbox 3130 3918 3266 3977; x_wconf 88' lang='grc' dir='ltr'>Τότε</span> <span class='ocrx_word' id='word_1_590' title='bbox 3323 3915 3549 3974; x_wconf 83' lang='grc' dir='ltr'>διέδωκε</span> <span class='ocrx_word' id='word_1_591' title='bbox 3576 3925 3692 3981; x_wconf 86' lang='grc' dir='ltr'>τοῖς</span> <span class='ocrx_word' id='word_1_592' title='bbox 3721 3941 3880 3974; x_wconf 89' lang='grc' dir='ltr'>πτω-</span> 
     </span>
    </p>
   </div>
   <div class='ocr_carea' id='block_1_98' title="bbox 2221 4005 3880 4088">
    <p class='ocr_par' dir='ltr' id='par_1_98' title="bbox 2221 4005 3880 4088">
     <span class='ocr_line' id='line_1_98' title="bbox 2221 4005 3880 4088; baseline -0.001 -22"><span class='ocrx_word' id='word_1_593' title='bbox 2221 4018 2347 4088; x_wconf 87' lang='grc' dir='ltr'>χοῖς</span> <span class='ocrx_word' id='word_1_594' title='bbox 2409 4013 2436 4066; x_wconf 83' lang='grc' dir='ltr'>ὁ</span> <span class='ocrx_word' id='word_1_595' title='bbox 2492 4010 2639 4066; x_wconf 79' lang='grc' dir='ltr'>ὅσιος</span> <span class='ocrx_word' id='word_1_596' title='bbox 2708 4009 2958 4083; x_wconf 86' lang='grc' dir='ltr'>Χαρίτων</span> <span class='ocrx_word' id='word_1_597' title='bbox 3015 4009 3082 4064; x_wconf 77' lang='grc' dir='ltr'>τὰ</span> <span class='ocrx_word' id='word_1_598' title='bbox 3137 4005 3188 4080; x_wconf 75' lang='grc' dir='ltr'>ἔξ</span> <span class='ocrx_word' id='word_1_599' title='bbox 3240 4008 3490 4082; x_wconf 75' lang='grc' dir='ltr'>ἁρπαγῆς</span> <span class='ocrx_word' id='word_1_600' title='bbox 3547 4008 3636 4061; x_wconf 81' lang='grc' dir='ltr'>καὶ</span> <span class='ocrx_word' id='word_1_601' title='bbox 3695 4007 3880 4072; x_wconf 83' lang='grc' dir='ltr'>φόνων</span> 
     </span>
    </p>
   </div>
   <div class='ocr_carea' id='block_1_99' title="bbox 2221 4095 3876 4176">
    <p class='ocr_par' dir='ltr' id='par_1_99' title="bbox 2221 4095 3876 4176">
     <span class='ocr_line' id='line_1_99' title="bbox 2221 4095 3876 4176; baseline -0.002 -20"><span class='ocrx_word' id='word_1_602' title='bbox 2221 4100 2552 4176; x_wconf 76' lang='grc' dir='ltr'>συναχθέντα</span> <span class='ocrx_word' id='word_1_603' title='bbox 2607 4104 2725 4161; x_wconf 89' lang='grc' dir='ltr'>τοῖς</span> <span class='ocrx_word' id='word_1_604' title='bbox 2794 4097 3023 4173; x_wconf 78' lang='grc' dir='ltr'>λῃσταῖς</span> <span class='ocrx_word' id='word_1_605' title='bbox 3089 4098 3404 4170; x_wconf 83' lang='grc' dir='ltr'>πράγματα,</span> <span class='ocrx_word' id='word_1_606' title='bbox 3472 4097 3562 4151; x_wconf 87' lang='grc' dir='ltr'>καὶ</span> <span class='ocrx_word' id='word_1_607' title='bbox 3629 4095 3876 4166; x_wconf 78' lang='grc' dir='ltr'>ἀπῆλθεν</span> 
     </span>
    </p>
   </div>
   <div class='ocr_carea' id='block_1_100' title="bbox 2220 4181 3880 4263">
    <p class='ocr_par' dir='ltr' id='par_1_100' title="bbox 2220 4181 3880 4263">
     <span class='ocr_line' id='line_1_100' title="bbox 2220 4181 3880 4263; baseline -0.001 -21"><span class='ocrx_word' id='word_1_608' title='bbox 2220 4187 2296 4250; x_wconf 86' lang='grc' dir='ltr'>εἷς</span> <span class='ocrx_word' id='word_1_609' title='bbox 2352 4185 2535 4263; x_wconf 71' lang='grc' dir='ltr'>ἕτερον</span> <span class='ocrx_word' id='word_1_610' title='bbox 2602 4193 2702 4256; x_wconf 81' lang='grc' dir='ltr'>τῆς</span> <span class='ocrx_word' id='word_1_611' title='bbox 2767 4185 2979 4261; x_wconf 87' lang='grc' dir='ltr'>ἐρήμου</span> <span class='ocrx_word' id='word_1_612' title='bbox 3045 4182 3342 4255; x_wconf 88' lang='grc' dir='ltr'>σπήλαιον·</span> <span class='ocrx_word' id='word_1_613' title='bbox 3402 4183 3490 4238; x_wconf 88' lang='grc' dir='ltr'>καὶ</span> <span class='ocrx_word' id='word_1_614' title='bbox 3557 4181 3880 4256; x_wconf 83' lang='grc' dir='ltr'>κατῴκησεν</span> 
     </span>
    </p>
   </div>
   <div class='ocr_carea' id='block_1_101' title="bbox 2217 4271 3876 4348">
    <p class='ocr_par' dir='ltr' id='par_1_101' title="bbox 2217 4271 3876 4348">
     <span class='ocr_line' id='line_1_101' title="bbox 2217 4271 3876 4348; baseline -0.005 -14"><span class='ocrx_word' id='word_1_615' title='bbox 2217 4276 2349 4334; x_wconf 86' lang='grc' dir='ltr'>ἐκεῖ.</span> <span class='ocrx_word' id='word_1_616' title='bbox 2409 4277 2497 4333; x_wconf 88' lang='grc' dir='ltr'>Ἐν</span> <span class='ocrx_word' id='word_1_617' title='bbox 2557 4276 2602 4348; x_wconf 82' lang='grc' dir='ltr'>ᾧ</span> <span class='ocrx_word' id='word_1_618' title='bbox 2661 4273 2846 4330; x_wconf 86' lang='grc' dir='ltr'>πολλά</span> <span class='ocrx_word' id='word_1_619' title='bbox 2892 4273 3322 4346; x_wconf 85' lang='grc' dir='ltr'>ἀγωνισάμενος,</span> <span class='ocrx_word' id='word_1_620' title='bbox 3355 4271 3623 4327; x_wconf 87' lang='grc' dir='ltr'>πλείστων</span> <span class='ocrx_word' id='word_1_621' title='bbox 3657 4273 3876 4346; x_wconf 77' lang='grc' dir='ltr'>ἠξιώθη</span> 
     </span>
    </p>
   </div>
   <div class='ocr_carea' id='block_1_102' title="bbox 2217 4359 3880 4439">
    <p class='ocr_par' dir='ltr' id='par_1_102' title="bbox 2217 4359 3880 4439">
     <span class='ocr_line' id='line_1_102' title="bbox 2217 4359 3880 4439; baseline -0.002 -19"><span class='ocrx_word' id='word_1_622' title='bbox 2217 4363 2530 4439; x_wconf 63' lang='grc' dir='ltr'>θαυμάτων</span> <span class='ocrx_word' id='word_1_623' title='bbox 2580 4365 2669 4419; x_wconf 85' lang='grc' dir='ltr'>καὶ</span> <span class='ocrx_word' id='word_1_624' title='bbox 2727 4362 2816 4418; x_wconf 78' lang='grc' dir='ltr'>διὰ</span> <span class='ocrx_word' id='word_1_625' title='bbox 2868 4363 2964 4432; x_wconf 76' lang='grc' dir='ltr'>τὴν</span> <span class='ocrx_word' id='word_1_626' title='bbox 3024 4361 3220 4437; x_wconf 74' lang='grc' dir='ltr'>ἀρετὴν</span> <span class='ocrx_word' id='word_1_627' title='bbox 3283 4362 3472 4430; x_wconf 81' lang='grc' dir='ltr'>αὐτοῦ,</span> <span class='ocrx_word' id='word_1_628' title='bbox 3497 4361 3584 4415; x_wconf 86' lang='grc' dir='ltr'>καὶ</span> <span class='ocrx_word' id='word_1_629' title='bbox 3617 4359 3880 4417; x_wconf 88' lang='grc' dir='ltr'>διδασκα-</span> 
     </span>
    </p>
   </div>
   <div class='ocr_carea' id='block_1_103' title="bbox 2215 4449 3690 4526">
    <p class='ocr_par' dir='ltr' id='par_1_103' title="bbox 2215 4449 3690 4526">
     <span class='ocr_line' id='line_1_103' title="bbox 2215 4449 3690 4526; baseline -0.001 -17"><span class='ocrx_word' id='word_1_630' title='bbox 2215 4453 2360 4523; x_wconf 91' lang='grc' dir='ltr'>λίαν,</span> <span class='ocrx_word' id='word_1_631' title='bbox 2391 4450 2637 4514; x_wconf 82' lang='grc' dir='ltr'>πολλοὺς</span> <span class='ocrx_word' id='word_1_632' title='bbox 2663 4456 2744 4525; x_wconf 87' lang='grc' dir='ltr'>τῷ</span> <span class='ocrx_word' id='word_1_633' title='bbox 2773 4455 2888 4523; x_wconf 87' lang='grc' dir='ltr'>Θεῷ</span> <span class='ocrx_word' id='word_1_634' title='bbox 2916 4451 3304 4526; x_wconf 86' lang='grc' dir='ltr'>προσαγαγὼν,</span> <span class='ocrx_word' id='word_1_635' title='bbox 3336 4449 3690 4507; x_wconf 79' lang='grc' dir='ltr'>ἀνεπαύσατο.</span> 
     </span>
    </p>
   </div>
   <div class='ocr_carea' id='block_1_104' title="bbox 2784 4563 3298 4644">
    <p class='ocr_par' dir='ltr' id='par_1_104' title="bbox 2784 4563 3298 4644">
     <span class='ocr_line' id='line_1_104' title="bbox 2784 4563 3298 4644; baseline 0.002 -21"><span class='ocrx_word' id='word_1_636' title='bbox 2784 4571 2864 4642; x_wconf 79' lang='grc' dir='ltr'>Τῇ</span> <span class='ocrx_word' id='word_1_637' title='bbox 2919 4567 3061 4642; x_wconf 80' lang='grc' dir='ltr'>αὐτῇ</span> <span class='ocrx_word' id='word_1_638' title='bbox 3097 4563 3298 4644; x_wconf 66' lang='grc' dir='ltr'>ἡμέρᾳ.</span> 
     </span>
    </p>
   </div>
   <div class='ocr_carea' id='block_1_105' title="bbox 2216 4683 3870 4762">
    <p class='ocr_par' dir='ltr' id='par_1_105' title="bbox 2216 4683 3870 4762">
     <span class='ocr_line' id='line_1_105' title="bbox 2216 4683 3870 4762; baseline -0.002 -19"><span class='ocrx_word' id='word_1_639' title='bbox 2216 4688 2487 4760; x_wconf 74' lang='grc' dir='ltr'>’Ἂθλησις</span> <span class='ocrx_word' id='word_1_640' title='bbox 2515 4691 2623 4762; x_wconf 85' lang='grc' dir='ltr'>τῶν</span> <span class='ocrx_word' id='word_1_641' title='bbox 2656 4686 2824 4762; x_wconf 89' lang='grc' dir='ltr'>ἀγίων</span> <span class='ocrx_word' id='word_1_642' title='bbox 2859 4683 3148 4762; x_wconf 80' lang='grc' dir='ltr'>μαρτύρων</span> <span class='ocrx_word' id='word_1_643' title='bbox 3183 4683 3870 4762; x_wconf 20' lang='grc' dir='ltr'>’ᾼλφεισᾷῃἈλιξάνδροη</span> 
     </span>
    </p>
   </div>
   <div class='ocr_carea' id='block_1_106' title="bbox 2538 4754 3545 4833">
    <p class='ocr_par' dir='ltr' id='par_1_106' title="bbox 2538 4754 3545 4833">
     <span class='ocr_line' id='line_1_106' title="bbox 2538 4754 3545 4833; baseline -0.003 -20"><span class='ocrx_word' id='word_1_644' title='bbox 2538 4754 2788 4833; x_wconf 72' lang='grc' dir='ltr'>Μάρκὸυ,</span> <span class='ocrx_word' id='word_1_645' title='bbox 2813 4754 2903 4812; x_wconf 79' lang='grc' dir='ltr'>καὶ</span> <span class='ocrx_word' id='word_1_646' title='bbox 2933 4754 3316 4826; x_wconf 75' lang='grc' dir='ltr'>τῆς’συνοδίας</span> <span class='ocrx_word' id='word_1_647' title='bbox 3347 4755 3545 4815; x_wconf 77' lang='grc' dir='ltr'>αὐτῶν.</span> 
     </span>
    </p>
   </div>
   <div class='ocr_carea' id='block_1_107' title="bbox 2290 4917 3875 4994">
    <p class='ocr_par' dir='ltr' id='par_1_107' title="bbox 2290 4917 3875 4994">
     <span class='ocr_line' id='line_1_107' title="bbox 2290 4917 3875 4994; baseline -0.004 -18"><span class='ocrx_word' id='word_1_648' title='bbox 2290 4920 2412 4976; x_wconf 85' lang='grc' dir='ltr'>Ἐπὶ</span> <span class='ocrx_word' id='word_1_649' title='bbox 2443 4926 2541 4988; x_wconf 85' lang='grc' dir='ltr'>τῆς</span> <span class='ocrx_word' id='word_1_650' title='bbox 2595 4917 2874 4994; x_wconf 87' lang='grc' dir='ltr'>βασιλείας</span> <span class='ocrx_word' id='word_1_651' title='bbox 2935 4918 3354 4988; x_wconf 89' lang='grc' dir='ltr'>Διοκλητιανοῦ,</span> <span class='ocrx_word' id='word_1_652' title='bbox 3415 4917 3635 4992; x_wconf 82' lang='grc' dir='ltr'>Μάρκος</span> <span class='ocrx_word' id='word_1_653' title='bbox 3663 4918 3691 4971; x_wconf 84' lang='grc' dir='ltr'>ὁ</span> <span class='ocrx_word' id='word_1_654' title='bbox 3725 4917 3875 4990; x_wconf 81' lang='grc' dir='ltr'>μάρ-</span> 
     </span>
    </p>
   </div>
   <div class='ocr_carea' id='block_1_108' title="bbox 2213 5000 3874 5081">
    <p class='ocr_par' dir='ltr' id='par_1_108' title="bbox 2213 5000 3874 5081">
     <span class='ocr_line' id='line_1_108' title="bbox 2213 5000 3874 5081; baseline -0.002 -19"><span class='ocrx_word' id='word_1_655' title='bbox 2213 5029 2306 5070; x_wconf 89' lang='grc' dir='ltr'>τυς</span> <span class='ocrx_word' id='word_1_656' title='bbox 2336 5008 2402 5076; x_wconf 80' lang='grc' dir='ltr'>ἦν</span> <span class='ocrx_word' id='word_1_657' title='bbox 2435 5005 2742 5080; x_wconf 87' lang='grc' dir='ltr'>ποιμαίνων</span> <span class='ocrx_word' id='word_1_658' title='bbox 2770 5000 3017 5081; x_wconf 75' lang='grc' dir='ltr'>πρόϐατα</span> <span class='ocrx_word' id='word_1_659' title='bbox 3069 5004 3120 5059; x_wconf 86' lang='grc' dir='ltr'>ἐν</span> <span class='ocrx_word' id='word_1_660' title='bbox 3169 5002 3282 5078; x_wconf 81' lang='grc' dir='ltr'>δρει</span> <span class='ocrx_word' id='word_1_661' title='bbox 3329 5005 3434 5058; x_wconf 85' lang='grc' dir='ltr'>τινὶ</span> <span class='ocrx_word' id='word_1_662' title='bbox 3478 5003 3713 5074; x_wconf 87' lang='grc' dir='ltr'>πλησίον</span> <span class='ocrx_word' id='word_1_663' title='bbox 3745 5008 3874 5060; x_wconf 81' lang='grc' dir='ltr'>Ἀν-</span> 
     </span>
    </p>
   </div>
   <div class='ocr_carea' id='block_1_109' title="bbox 2212 5091 3873 5173">
    <p class='ocr_par' dir='ltr' id='par_1_109' title="bbox 2212 5091 3873 5173">
     <span class='ocr_line' id='line_1_109' title="bbox 2212 5091 3873 5173; baseline -0.002 -21"><span class='ocrx_word' id='word_1_664' title='bbox 2212 5097 2461 5173; x_wconf 84' lang='grc' dir='ltr'>τιοχείας</span> <span class='ocrx_word' id='word_1_665' title='bbox 2517 5103 2617 5166; x_wconf 79' lang='grc' dir='ltr'>τῆς</span> <span class='ocrx_word' id='word_1_666' title='bbox 2677 5092 2948 5156; x_wconf 82' lang='grc' dir='ltr'>Πισιδίας·</span> <span class='ocrx_word' id='word_1_667' title='bbox 3003 5097 3260 5148; x_wconf 90' lang='grc' dir='ltr'>τοσοῦτον</span> <span class='ocrx_word' id='word_1_668' title='bbox 3320 5091 3377 5147; x_wconf 75' lang='grc' dir='ltr'>δὲ</span> <span class='ocrx_word' id='word_1_669' title='bbox 3433 5095 3747 5168; x_wconf 75' lang='grc' dir='ltr'>ἠγωνίσατο</span> <span class='ocrx_word' id='word_1_670' title='bbox 3791 5094 3873 5158; x_wconf 78' lang='grc' dir='ltr'>εἷς</span> 
     </span>
    </p>
   </div>
   <div class='ocr_carea' id='block_1_110' title="bbox 2214 5183 3867 5260">
    <p class='ocr_par' dir='ltr' id='par_1_110' title="bbox 2214 5183 3867 5260">
     <span class='ocr_line' id='line_1_110' title="bbox 2214 5183 3867 5260; baseline -0.003 -19"><span class='ocrx_word' id='word_1_671' title='bbox 2214 5187 2433 5260; x_wconf 79' lang='grc' dir='ltr'>ἀρετὴν,</span> <span class='ocrx_word' id='word_1_672' title='bbox 2487 5186 2561 5248; x_wconf 86' lang='grc' dir='ltr'>ὡς</span> <span class='ocrx_word' id='word_1_673' title='bbox 2618 5184 2708 5238; x_wconf 79' lang='grc' dir='ltr'>καὶ</span> <span class='ocrx_word' id='word_1_674' title='bbox 2763 5183 2829 5238; x_wconf 78' lang='grc' dir='ltr'>τὰ</span> <span class='ocrx_word' id='word_1_675' title='bbox 2876 5183 3041 5258; x_wconf 83' lang='grc' dir='ltr'>θηρία</span> <span class='ocrx_word' id='word_1_676' title='bbox 3101 5184 3442 5237; x_wconf 83' lang='grc' dir='ltr'>ὑποτάσσειν·</span> <span class='ocrx_word' id='word_1_677' title='bbox 3496 5183 3720 5256; x_wconf 87' lang='grc' dir='ltr'>κυνηγοὶ</span> <span class='ocrx_word' id='word_1_678' title='bbox 3758 5183 3867 5258; x_wconf 89' lang='grc' dir='ltr'>γάρ</span> 
     </span>
    </p>
   </div>
   <div class='ocr_carea' id='block_1_111' title="bbox 2211 5269 3866 5348">
    <p class='ocr_par' dir='ltr' id='par_1_111' title="bbox 2211 5269 3866 5348">
     <span class='ocr_line' id='line_1_111' title="bbox 2211 5269 3866 5348; baseline -0.002 -18"><span class='ocrx_word' id='word_1_679' title='bbox 2211 5297 2352 5338; x_wconf 83' lang='grc' dir='ltr'>τινες</span> <span class='ocrx_word' id='word_1_680' title='bbox 2408 5272 2698 5335; x_wconf 87' lang='grc' dir='ltr'>διώκοντες</span> <span class='ocrx_word' id='word_1_681' title='bbox 2755 5275 2971 5348; x_wconf 80' lang='grc' dir='ltr'>ἄρκτον,</span> <span class='ocrx_word' id='word_1_682' title='bbox 3029 5269 3172 5326; x_wconf 82' lang='grc' dir='ltr'>εἶδον</span> <span class='ocrx_word' id='word_1_683' title='bbox 3217 5272 3386 5341; x_wconf 79' lang='grc' dir='ltr'>αὐτὴν</span> <span class='ocrx_word' id='word_1_684' title='bbox 3447 5277 3866 5348; x_wconf 79' lang='grc' dir='ltr'>προσφυγοῦσαν</span> 
     </span>
    </p>
   </div>
   <div class='ocr_carea' id='block_1_112' title="bbox 2209 5355 3865 5436">
    <p class='ocr_par' dir='ltr' id='par_1_112' title="bbox 2209 5355 3865 5436">
     <span class='ocr_line' id='line_1_112' title="bbox 2209 5355 3865 5436; baseline -0.002 -18"><span class='ocrx_word' id='word_1_685' title='bbox 2209 5369 2287 5435; x_wconf 87' lang='grc' dir='ltr'>τῷ</span> <span class='ocrx_word' id='word_1_686' title='bbox 2334 5363 2488 5436; x_wconf 85' lang='grc' dir='ltr'>ἁγίῳ,</span> <span class='ocrx_word' id='word_1_687' title='bbox 2539 5363 2628 5417; x_wconf 85' lang='grc' dir='ltr'>καὶ</span> <span class='ocrx_word' id='word_1_688' title='bbox 2680 5360 2972 5436; x_wconf 83' lang='grc' dir='ltr'>λείχουσαν</span> <span class='ocrx_word' id='word_1_689' title='bbox 3019 5359 3147 5421; x_wconf 79' lang='grc' dir='ltr'>τοὺς</span> <span class='ocrx_word' id='word_1_690' title='bbox 3196 5355 3366 5422; x_wconf 87' lang='grc' dir='ltr'>πόδας</span> <span class='ocrx_word' id='word_1_691' title='bbox 3398 5359 3585 5424; x_wconf 83' lang='grc' dir='ltr'>αὐτοῦ,</span> <span class='ocrx_word' id='word_1_692' title='bbox 3616 5360 3705 5414; x_wconf 80' lang='grc' dir='ltr'>καὶ</span> <span class='ocrx_word' id='word_1_693' title='bbox 3734 5381 3865 5414; x_wconf 81' lang='grc' dir='ltr'>κατ-</span> 
     </span>
    </p>
   </div>
   <div class='ocr_carea' id='block_1_113' title="bbox 2211 5446 3869 5525">
    <p class='ocr_par' dir='ltr' id='par_1_113' title="bbox 2211 5446 3869 5525">
     <span class='ocr_line' id='line_1_113' title="bbox 2211 5446 3869 5525; baseline -0.003 -19"><span class='ocrx_word' id='word_1_694' title='bbox 2211 5451 2458 5515; x_wconf 85' lang='grc' dir='ltr'>ελθόντες</span> <span class='ocrx_word' id='word_1_695' title='bbox 2514 5449 2842 5525; x_wconf 82' lang='grc' dir='ltr'>ἀνήγγειλαν</span> <span class='ocrx_word' id='word_1_696' title='bbox 2899 5447 3021 5520; x_wconf 86' lang='grc' dir='ltr'>περὶ</span> <span class='ocrx_word' id='word_1_697' title='bbox 3100 5446 3264 5502; x_wconf 87' lang='grc' dir='ltr'>αὐτοῦ</span> <span class='ocrx_word' id='word_1_698' title='bbox 3319 5451 3397 5519; x_wconf 85' lang='grc' dir='ltr'>τῷ</span> <span class='ocrx_word' id='word_1_699' title='bbox 3453 5446 3682 5524; x_wconf 82' lang='grc' dir='ltr'>ἄρχοντι</span> <span class='ocrx_word' id='word_1_700' title='bbox 3741 5449 3869 5504; x_wconf 83' lang='grc' dir='ltr'>Ἀν-</span> 
     </span>
    </p>
   </div>
   <div class='ocr_carea' id='block_1_114' title="bbox 2206 5536 3865 5615">
    <p class='ocr_par' dir='ltr' id='par_1_114' title="bbox 2206 5536 3865 5615">
     <span class='ocr_line' id='line_1_114' title="bbox 2206 5536 3865 5615; baseline -0.002 -20"><span class='ocrx_word' id='word_1_701' title='bbox 2206 5540 2473 5615; x_wconf 85' lang='grc' dir='ltr'>τιοχείας.</span> <span class='ocrx_word' id='word_1_702' title='bbox 2534 5541 2596 5596; x_wconf 89' lang='grc' dir='ltr'>Ὁ</span> <span class='ocrx_word' id='word_1_703' title='bbox 2655 5538 2713 5594; x_wconf 75' lang='grc' dir='ltr'>δὲ</span> <span class='ocrx_word' id='word_1_704' title='bbox 2771 5536 3096 5598; x_wconf 84' lang='grc' dir='ltr'>ἀποστείλας</span> <span class='ocrx_word' id='word_1_705' title='bbox 3153 5536 3444 5612; x_wconf 87' lang='grc' dir='ltr'>τρίάκοντα</span> <span class='ocrx_word' id='word_1_706' title='bbox 3511 5539 3865 5612; x_wconf 83' lang='grc' dir='ltr'>στρατιώτας,</span> 
     </span>
    </p>
   </div>
   <div class='ocr_carea' id='block_1_115' title="bbox 2206 5623 3867 5703">
    <p class='ocr_par' dir='ltr' id='par_1_115' title="bbox 2206 5623 3867 5703">
     <span class='ocr_line' id='line_1_115' title="bbox 2206 5623 3867 5703; baseline -0.002 -20"><span class='ocrx_word' id='word_1_707' title='bbox 2206 5631 2466 5703; x_wconf 83' lang='grc' dir='ltr'>ἐκράτησε</span> <span class='ocrx_word' id='word_1_708' title='bbox 2492 5627 2585 5683; x_wconf 83' lang='grc' dir='ltr'>τὸν</span> <span class='ocrx_word' id='word_1_709' title='bbox 2649 5631 2823 5703; x_wconf 75' lang='grc' dir='ltr'>ἅγιονο</span> <span class='ocrx_word' id='word_1_710' title='bbox 2886 5624 3082 5687; x_wconf 70' lang='grc' dir='ltr'>οἵτινες</span> <span class='ocrx_word' id='word_1_711' title='bbox 3145 5623 3495 5700; x_wconf 83' lang='grc' dir='ltr'>διδαχθέντες</span> <span class='ocrx_word' id='word_1_712' title='bbox 3542 5627 3669 5702; x_wconf 85' lang='grc' dir='ltr'>παρ’</span> <span class='ocrx_word' id='word_1_713' title='bbox 3699 5626 3867 5681; x_wconf 83' lang='grc' dir='ltr'>αὐτοῦ</span> 
     </span>
    </p>
   </div>
   <div class='ocr_carea' id='block_1_116' title="bbox 2203 5715 3866 5792">
    <p class='ocr_par' dir='ltr' id='par_1_116' title="bbox 2203 5715 3866 5792">
     <span class='ocr_line' id='line_1_116' title="bbox 2203 5715 3866 5792; baseline -0.002 -17"><span class='ocrx_word' id='word_1_714' title='bbox 2203 5719 2339 5775; x_wconf 80' lang='grc' dir='ltr'>κατὰ</span> <span class='ocrx_word' id='word_1_715' title='bbox 2392 5720 2491 5787; x_wconf 78' lang='grc' dir='ltr'>τὴν</span> <span class='ocrx_word' id='word_1_716' title='bbox 2552 5715 2696 5790; x_wconf 83' lang='grc' dir='ltr'>ὁδὸν,</span> <span class='ocrx_word' id='word_1_717' title='bbox 2750 5717 3063 5774; x_wconf 79' lang='grc' dir='ltr'>ἐπίστευσαν</span> <span class='ocrx_word' id='word_1_718' title='bbox 3123 5720 3205 5788; x_wconf 86' lang='grc' dir='ltr'>τῷ</span> <span class='ocrx_word' id='word_1_719' title='bbox 3263 5717 3501 5790; x_wconf 80' lang='grc' dir='ltr'>Χριστῷ.</span> <span class='ocrx_word' id='word_1_720' title='bbox 3561 5717 3664 5774; x_wconf 80' lang='grc' dir='ltr'>Καὶ</span> <span class='ocrx_word' id='word_1_721' title='bbox 3701 5717 3866 5792; x_wconf 84' lang='grc' dir='ltr'>γνοὺς</span> 
     </span>
    </p>
   </div>
  </div>
