4132 6328
241 338 315 396 ’Π
1579 355 1583 358 ·
1696 335 1888 397 SEPT

1998 331 2193 396 [ΗΕΒ.
3589 344 3671 404 73

237 474 396 524 τοῦτο
429 471 458 524 ὁ
489 471 712 547 ἄρχων,
772 475 1094 547 προσέταξεν
1151 471 1493 547 ἀπαχθέντας
1553 470 1629 534 εἰς
1681 469 1888 525 Νίκαιαι

2019 469 2227 526 ductos
2248 472 2522 539 Nicaeam,
2556 471 2801 528 mandat
2830 472 3110 529 decollari
3138 491 3152 542 ;
3188 492 3323 530 cum
3363 493 3496 532 vero
3527 495 3670 534 san-

236 558 780 634 ἆποκεφαλισθῆναι.
839 561 948 618 Τὸν
1007 558 1064 616 δέ
1110 561 1265 635 ἄγίον
1329 562 1551 633 Μάρκον
1589 558 1765 634 σύρων
1797 557 1904 612 ἀπὸ

239 647 457 712 πόλεῶς
487 649 566 711 εἷς
608 648 802 716 πόλιν,
849 647 1079 720 ἐζήτησε
1129 648 1359 723 χαλκεῖς
1406 654 1632 716 ποιῆσαι
1682 648 1904 722 βασανι-

237 739 459 812 στήρια.
521 739 627 795 Καὶ
690 739 989 811 εὑρεθέντας
1043 736 1325 815 Ἀλφειὸς,
1381 733 1759 811 Ἀλέξανδρος,
1816 734 1906 789 καὶ

239 829 518 900 Ζώσιμος,
571 827 664 882 καὶ
711 829 1086 903 πειρασθέντες
1135 826 1458 903 χαλκεῦααι,
1501 825 1653 898 εὕρον
1701 824 1792 878 τὸν
1825 821 1904 876 σί-

242 915 412 989 δηρον
471 916 608 991 πυρὶ
652 919 728 989 μὴ
792 915 1226 990 μαλασσόμενον*
1287 915 1376 971 καὶ
1443 914 1755 969 ἐπίστευσαν
1813 913 1900 968 καὶ

241 1003 396 1058 αὐτοὶ
453 1009 541 1076 τῷ
592 1006 829 1080 Χριστῷ-
888 1007 979 1060 καὶ
1033 1001 1533 1079 ἀπεκεφαλίσθησαν
1620 1003 1752 1074 μετὰ
1808 1005 1905 1056 τοῦ

241 1092 399 1168 ἆγίου
454 1092 707 1168 Μάρκου·
761 1092 851 1148 καὶ
901 1093 993 1148 σὺν
1042 1094 1228 1155 αὐτοῖς
1279 1093 1482 1161 Νίκων,
1519 1091 1693 1159 Νέων,
1727 1089 1906 1145 Ἡλιό-

241 1179 424 1256 δωρος
453 1183 857 1252 πιστεύσαντες,
891 1183 1298 1260 ἀπεσφάγησαν.

805 1300 983 1356 Man
1027 1301 1120 1378 To
1157 1303 1351 1378 A119.

1032 1447 1123 1498 ΚΘ

309 1560 525 1631 Μνήμη
585 1556 684 1614 τοῦ
742 1557 899 1614 ὁσίου
951 1561 1157 1634 Πατρὸς
1210 1561 1371 1633 ἡμῶν
1431 1561 1705 1634 Κυριακοῦ
1734 1563 1830 1614 τοῦ

883 1649 1266 1724 ἁναχωρητοῦ.

310 1792 373 1848 Ὁ
417 1790 574 1852 ὅσιος
623 1793 808 1864 Πατὴρ
880 1793 1040 1864 ἡμῶν
1116 1790 1381 1866 Κυριακὸς
1419 1791 1447 1845 ὁ
1507 1790 1896 1866 ἀναχωρητὴς,

2018 565 2179 614 ctum
2211 562 2467 615 Marcum
2488 578 2594 632 per
2615 561 2876 618 diversas
2921 562 3098 618 urbes
3131 565 3428 633 traxisset,
3461 568 3673 637 quassi-

2015 649 2095 702 vit
2124 649 2321 704 fabros
2343 650 2603 718 mrarios,
2624 651 2724 721 qui
2747 651 3145 706 instrumenta
3161 651 3236 707 ad
3269 654 3669 725 torquendum

2015 737 2318 792 cuderent.
2352 739 2414 793 Id
2437 755 2584 810 opus
2615 757 2749 794 cum
2781 740 3445 811 Alphaeus,A1exander,
3480 748 3539 798 et
3563 746 3669 800 Ζο-

2017 829 2202 883 simus
2231 829 2511 901 aggressi,
2543 829 2766 884 ferrum
2797 831 2963 885 nulla
2997 833 3228 887 ratione
3260 833 3380 904 igni
3409 835 3666 890 emolliri

2014 922 2073 972 et
2103 918 2292 990 subigi
2320 919 2544 989 experti
2569 919 2784 990 saapius
2809 927 3026 989 essent,
3051 921 3112 975 in
3143 922 3441 977 Christum
3474 923 3667 979 credi-

2014 1005 2173 1072 dere,
2222 1007 2606 1078 damnatique
2653 1009 2865 1079 capitis
2916 1014 3058 1063 sunt
3103 1026 3225 1064 una
3267 1026 3402 1064 cum
3460 1017 3665 1067 sancto

2012 1097 2202 1151 Marco
2229 1113 2242 1150 :
2267 1096 2482 1167 quibus
2503 1096 2596 1167 adj
2609 1098 2769 1152 uncti
2793 1098 3185 1166 Nicon,Neon,
3207 1104 3266 1153 et
3289 1099 3664 1170 Heliodorus,

2013 1185 2113 1255 qui
2146 1184 2324 1240 ﬁdem
2356 1185 2569 1240 Christi
2601 1191 3008 1257 susceperant,
3033 1187 3288 1259 jugulati
3319 1187 3504 1244 fuere.

2567 1302 2808 1357 EODEM
2846 1302 3099 1356 MENSE.

2539 1442 2642 1499 Die
2667 1443 2948 1498 vicesima
2971 1458 3130 1500 nona

2011 1559 2104 1616 15
2180 1558 2629 1613 Commemoratio
2690 1558 2874 1614 sancti
2938 1561 3120 1614 Patris
3203 1562 3383 1614 nostri
3443 1561 3664 1631 συνίαοί

2655 1649 3016 1704 anachoreta.

2076 1792 2325 1847 Sanctus
2383 1793 2557 1848 Pater
2608 1797 2812 1847 noster
2867 1793 3144 1865 Cyriacus
3201 1793 3562 1850 anachoreta
3588 1811 3660 1850 ex

241 1880 493 1955 ὑπῆρχεν
527 1881 636 1936 ἀπὸ
665 1883 763 1948 τῆς
795 1879 1012 1942 πόλεως
1057 1864 1328 1953 Κορίνθου
1357 1878 1445 1934 ἐπὶ
1487 1885 1586 1948 τῆς
1613 1864 1888 1953 βασιλείας

2008 1881 2152 1935 urbe
2181 1881 2460 1936 Corintho
2493 1881 2624 1948 fuit,
2657 1864 2984 1937 TheodoSio
3031 1884 3234 1953 Magno
3276 1883 3656 1955 imperatore,

241 1969 540 2025 Θεοδοσίου
597 1974 694 2024 τοῦ
750 1969 1012 2046 μεγάλου,
1069 1970 1184 2031 υίὸς
1236 1969 1490 2024 Ἰωάννου
1528 1963 1899 2044 πρεσϐυτέρου

240 2068 336 2130 τῆς
391 2060 726 2130 Ἐκκλησίας
779 2059 1062 2133 Κορίνθου,
1108 2058 1201 2114 τὸν
1262 2057 1469 2133 βαθμὸν
1531 2057 1896 2132 ἀναγνώστης.

240 2149 418 2219 Ἀλλὰ
447 2151 544 2205 τὸν
576 2151 807 2225 Χριστὸν
854 2147 1020 2204 πλέον
1054 2149 1268 2202 πάντων
1316 2147 1566 2221 ἀγαπῶν,
1598 2146 1688 2199 καὶ
1719 2143 1892 2208 θέλων

238 2247 508 2310 σωθῆναι,
541 2239 719 2316 ἀφῆκε
754 2240 846 2294 τὸν
904 2237 1133 2310 κόσμον,
1191 2237 1279 2291 καὶ
1316 2233 1690 2305 ἠκολούθησεν
1724 2234 1892 2306 αὐτῷ.

236 2332 370 2384 Δέκα
403 2328 506 2404 γὰρ
561 2328 652 2383 καὶ
686 2327 830 2383 ὀκτὼ
885 2326 1016 2381 ἐτῶν
1079 2327 1393 2399 γενόμενος,
1451 2321 1694 2392 ἀπῆλθεν
1728 2323 1802 2385 εἰς
1829 2322 1896 2378 τὰ

233 2420 624 2494 Ἱεροσόλυμα,
674 2418 763 2472 καὶ
823 2415 1109 2489 εὐξάμενος
1167 2415 1242 2476 εἷς
1298 2415 1426 2478 τοὺς
1455 2412 1643 2488 ἁγίους
1671 2412 1894 2482 τόπους,

233 2513 574 2581 κατήντησεν
609 2508 685 2569 εἷς
713 2509 812 2578 τήν
865 2505 1066 2580 λαῦραν
1112 2509 1210 2560 τοῦ
1260 2504 1420 2580 ἁγίου
1460 2503 1760 2576 Εὐθυμίου.
1797 2503 1893 2557 Καὶ

237 2604 323 2656 ὑπ’
389 2600 604 2657 ἐκείνου
667 2594 1022 2674 περιεϐάλετο
1095 2597 1158 2651 τὸ
1222 2595 1366 2670 ἱερὸν
1443 2599 1550 2649 τῶν
1633 2597 1891 2670 μοναχῶν

239 2699 454 2767 σχῆμα.
489 2693 759 2746 Τοσοῦτον
812 2685 870 2743 δέ
916 2689 1134 2762 γέγονεν
1187 2686 1408 2761 εὐφυὴς,
1441 2685 1516 2747 ὡς
1546 2685 1636 2740 καὶ
1664 2683 1797 2746 τοὺς
1825 2685 1893 2738 τὰ

239 2792 549 2866 Ὠριγένους
607 2792 936 2866 φρονοῦντας
1011 2783 1259 2860 ἐλέγχειν
1327 2783 1418 2838 καὶ
1487 2781 1687 2846 πείθειν
1739 2781 1890 2836 εὐκό-

242 2880 370 2942 λως.
434 2879 669 2947 Πολλὴν
727 2874 786 2932 δὶ
842 2873 1245 2948 ἐπιδειξάμενος
1297 2870 1520 2942 ἄσκησιν
1569 2872 1656 2926 καὶ
1691 2870 1895 2946 σκληρ-

241 2970 502 3045 αγωγίαν,
553 2969 645 3024 καὶ
695 2967 1062 3042 προορατικοῦ
1111 2961 1450 3039 χαρίσματος
1504 2960 1769 3032 ἀξιωθεὶς,
1819 2961 1892 3022 ὡς

238 3059 325 3114 καὶ
380 3059 512 3120 τοὺς
569 3055 834 3134 κρυφίους
886 3059 993 3110 τῶν
1051 3051 1346 3128 ἀνθρώπων
1408 3047 1708 3123 λογισμοὺς
1738 3047 1894 3124 γινώ-

239 3171 402 3219 σκειν,
432 3149 527 3203 καὶ
564 3146 751 3220 πράως
808 3145 897 3199 καὶ
955 3141 1178 3216 ἡμέρως
1239 3140 1638 3212 ἀναμιμήσκειν
1670 3138 1888 3206 αὐτοὺς,

2008 1969 2167 2025 illius
2217 1971 2459 2026 Joannis
2517 1970 2845 2042 presbyteri
2899 1971 3175 2025 Ecclesia:
3233 1972 3519 2026 Corinthi.
3555 1974 3658 2027 Hic

2007 2075 2141 2114 cum
2163 2059 2347 2132 gradu
2369 2059 2553 2114 lector
2577 2065 2752 2126 esset,
2773 2075 2975 2115 amore
2999 2059 3212 2114 Christi
3235 2077 3355 2131 prae
3379 2061 3656 2117 omnibus

2005 2147 2370 2213 incensus,et
2399 2148 2573 2203 saluti
2605 2166 2725 2204 suae
2757 2147 3067 2204 consulere
3105 2148 3330 2215 volens,
3364 2150 3654 2206 mundum

2003 2239 2264 2311 reliquit,
2287 2256 2540 2311 eumque
2559 2244 2795 2295 secutus
2818 2244 2924 2294 est.
2946 2241 3115 2293 Anno
3139 2239 3299 2294 enim
3322 2245 3497 2294 natus
3515 2240 3656 2296 duo-

2004 2329 2301 2402 deviginti,
2339 2329 2807 2400 Hierosolymam
2846 2329 3025 2400 petit;
3055 2329 3154 2382 ubi
3186 2345 3319 2383 cum
3350 2329 3424 2384 ad
3451 2336 3656 2384 sancta

2003 2418 2133 2474 loca
2157 2424 2402 2487 orasset,
2426 2419 2487 2472 in
2509 2418 2738 2473 lauram
2762 2419 2949 2473 sancti
2973 2419 3270 2489 Euthymii
3292 2435 3354 2473 se
3381 2418 3655 2486 contulit,

2002 2526 2036 2564 a
2067 2526 2184 2580 quo
2217 2525 2448 2564 sacrum
2488 2509 2915 2563 monachorum
2975 2507 3240 2562 habitum
3299 2509 3656 2579 suscipiens,

2005 2606 2124 2656 tam
2156 2606 2326 2656 acuto
2357 2600 2596 2671 ingenio
2620 2600 2854 2665 claruit,
2879 2605 2944 2654 ut
2966 2616 3086 2666 eos,
3112 2599 3210 2670 qui
3237 2617 3371 2655 cum
3403 2601 3656 2672 Origene

2003 2690 2312 2755 sentirent,
2345 2688 2746 2760 redargueret,
2781 2693 2839 2742 et
2877 2687 3048 2742 facile
3081 2689 3476 2744 convinceret.
3510 2693 3656 2745 Cum

1999 2795 2135 2833 vero
2169 2778 2357 2832 multa
2389 2794 2451 2831 se
2478 2777 2899 2831 exercitatione
2932 2781 2990 2831 et
3018 2777 3151 2830 vitm
3185 2778 3531 2832 austeritate
3564 2794 3658 2832 ex-

1999 2867 2305 2931 coluisset,
2338 2883 2404 2920 ac
2455 2866 2665 2936 spiritu
2713 2865 3059 2935 prophetico
3092 2865 3173 2919 ita
3204 2883 3237 2920 a
3269 2867 3385 2919 Deo
3417 2865 3653 2921 afﬂatus

2001 2963 2176 3025 esset,
2211 2961 2274 3010 ut
2300 2956 2390 3010 vel
2422 2955 2668 3010 occultis
2689 2954 3000 3009 hominum
3033 2955 3487 3025 cogitationibus
3517 2971 3654 3026 per-

2000 3047 2240 3119 spectis,
2274 3061 2506 3100 summa
2536 3061 2636 3098 eos
2667 3043 3126 3098 mansuetudine
3158 3050 3216 3097 et
3245 3044 3524 3098 comitate
3555 3044 3654 3099 ad-

2000 3141 2270 3191 moneret
2289 3151 2356 3190 ac
2388 3133 2768 3200 emendaret;
2810 3132 2872 3186 in
2916 3132 3210 3203 profunda
3239 3137 3540 3188 senectute
3573 3132 3648 3188 ad

237 3239 320 3293 καὶ
362 3242 431 3311 τῇ
483 3234 772 3308 διορθώσει
830 3231 1082 3310 ὠφελεῖν,
1135 3230 1184 3285 ἐν
1249 3228 1528 3304 βαθυτάτῳ
1577 3228 1722 3302 γήρᾳ
1751 3227 1886 3301 πρὸς

1998 3225 2336 3290 Dominum,
2364 3224 2533 3296 cujus
2554 3238 2754 3277 amore
2782 3221 2853 3276 ab
2881 3220 3133 3277 infantia
3153 3221 3449 3295 ﬂagrarat,
3476 3222 3647 3279 lwtus

241 3331 455 3402 Κυριον,
491 3324 550 3380 ὅν
584 3323 646 3379 ἐκ
699 3321 930 3400 βρέφους
987 3320 1275 3391 ἐπόθησεν,
1327 3314 1631 3390 ἐξεδήμησε
1678 3314 1887 3390 χαίρων

239 3418 320 3470 καὶ
351 3412 760 3490 ἀγαλλόμενος.

787 3543 972 3599 MHNI
1011 3543 1103 3618 T9
1140 3540 1339 3617 ΑγΤᾳ.

1035 3664 1093 3712 Α,

253 3783 445 3854 Μνήμη
474 3783 577 3836 τοῦ
610 3777 764 3854 ἁγίου
802 3773 1199 3851 ἱερομάρτυρος
1249 3769 1555 3848 Γρηγορίου
1593 3770 1892 3826 ἐπισκόπου

698 3872 800 3934 τῆς
842 3861 1084 3938 μεγάλης
1111 3857 1425 3938 Ἀρμενίας.

312 4013 370 4070 Ὁ
418 4009 748 4083 ἱερομάρτυς
806 4007 894 4061 καὶ
953 4001 1265 4064 πολύαθλος
1332 4001 1659 4077 Γρηγόριος,
1719 4000 1891 4075 ὐπῆρ-

253 4119 334 4175 χεν
390 4099 477 4154 ἐπὶ
542 4105 645 4168 τῆς
717 4094 994 4172 βασιλείας
1060 4091 1480 4162 Διοκλητιανοῦ,
1548 4092 1762 4166 Πάρθος
1823 4090 1888 4145 τὸ

247 4189 404 4261 γένος,
463 4188 732 4262 συγγενὴς
789 4189 885 4240 τοῦ
933 4190 1035 4253 τῆς
1093 4178 1385 4256 Ἀρμενίας
1431 4177 1722 4255 βασιλέως.
1754 4181 1893 4255 Χρι-

250 4277 443 4340 στιανὸς
495 4276 552 4332 δέ
597 4274 694 4347 ὢν,
740 4273 1032 4351 κρατηθεὶς
1083 4273 1228 4344 παρά
1272 4266 1597 4344 Τηριδάτου,
1655 4267 1744 4322 καὶ
1797 4267 1885 4323 αὖ·

246 4373 332 4421 τοῦ
363 4366 632 4443 βασιλέως
689 4363 1000 4440 Ἀρμενίας,
1059 4359 1274 4422 πολλᾶς
1314 4358 1568 4432 ὑπέμεινε
1591 4355 1882 4430 τιμωρίας,

249 4459 471 4529 μαλιστα
505 4456 792 4529 μαθόντος,
845 4453 928 4508 ὅτι
978 4450 1094 4513 υἱός
1140 4450 1249 4505 ἐστι
1297 4453 1393 4503 τοῖ’)
1439 4448 1528 4502 τὸν
1563 4449 1768 4520 πατέρα
1799 4445 1887 4501 αὖ·

246 4552 334 4600 τοῦ
357 4546 868 4620 δολοφονεῦσαντος.
905 4541 1001 4596 Διὰ
1053 4543 1218 4595 τοῦτο
1277 4535 1466 4610 δεσμεῖ
1493 4537 1657 4590 αὐτοῦ
1689 4541 1878 4612 χεῖρας

246 4639 323 4691 καὶ
350 4635 539 4697 πόδας·
591 4634 680 4689 καὶ
732 4632 808 4694 εἷς
841 4629 1044 4686 λάκκον
1105 4626 1268 4704 βαθὺν
1305 4621 1549 4681 ἐνέϐαλεν
1583 4625 1876 4696 πεπληρωο

253 4726 393 4796 μένον
445 4725 650 4795 θηρίων
696 4722 785 4776 καὶ
843 4722 1100 4793 ἑρπετῶν
1161 4715 1212 4770 ἐν
1273 4717 1318 4787 ᾧ
1369 4713 1635 4787 διέτριψεν
1668 4707 1761 4781 ἔτη
1797 4711 1878 4768 δε-

246 4817 479 4881 καπέντε,
510 4810 836 4888 τρεφόμενος
892 4805 1070 4883 κρύφα
1123 4803 1267 4876 παρὰ
1321 4805 1503 4877 χήρας
1558 4803 1704 4864 τινὸς
1751 4803 1878 4875 Χρι-

246 4911 472 4971 πιανῆς.
537 4901 659 4955 Κατ’
719 4896 1032 4969 οἰκονομίαν
1092 4891 1150 4948 δὲ
1207 4895 1364 4958 Θεοῦ,
1419 4895 1516 4946 τοῦ
1563 4888 1874 4965 Τηριδάτου

244 4993 761 5070 παραφρονήσαντος,
819 4986 910 5042 καὶ
966 4985 1062 5046 τὰς
1123 4983 1323 5056 σάρκας
1380 4981 1546 5034 αὖτοῦ
1601 4980 1875 5053 κατατρώ-

243 5062 440 5154 γοντος,
502 5078 590 5133 καὶ
653 5076 786 5150 μετὰ
838 5078 948 5130 τῶν
998 5071 1205 5147 χοίρων
1258 5069 1309 5124 έν
1355 5073 1472 5129 τοῖς
1503 5062 1650 5142 ὄρεσι
1685 5067 1875 5141 βοσκο-

244 5173 410 5243 μένου,
472 5165 606 5223 εἶδεν
665 5165 923 5222 ὀπτασίαν
983 5165 1018 5231 ἡ
1072 5158 1282 5235 ἄθελφή
1341 5156 1524 5228 αὐτοῦ,
1561 5156 1868 5229 μηνύουσαν

242 5263 381 5330 αὖτῇ,
414 5262 500 5316 ὅτι
531 5259 576 5314 εἰ
611 5259 687 5330 μὴ
737 5255 946 5329 ἐξέλθοι
1001 5251 1308 5327 Γρηγόριος
1353 5251 1449 5303 τοῦ
1507 5246 1732 5316 λάκκου,
1769 5250 1873 5316 Τη-

242 5325 442 5424 piari):
503 5325 621 5423 οὐχ.
669 5325 917 5421 ὑγίαίνει.
977 5325 1239 5414 Ἐξελθὼν
1293 5337 1412 5406 οὖν,
1471 5330 1724 5390 ἐϐάπτισε
1779 5336 1870 5389 τὸν

243 5439 556 5512 Τηριδάτην,
611 5435 700 5492 καὶ
754 5434 955 5494 πάντας
1006 5430 1132 5492 τοὺς
1165 5429 1252 5484 ὑπ’
1295 5426 1471 5484 αὐτόν.
1504 5426 1603 5482 Καὶ
1647 5425 1868 5499 γενόμε⁶

241 5552 313 5594 τος
339 5531 656 5592 ἐπίσκοπος,
710 5526 800 5580 καὶ
842 5520 1059 5582 πολλὰς
1105 5515 1436 5588 Ἐκκλησίας
1466 5515 1870 5586 συστησάμενος

244 5618 306 5675 ἐπ’
331 5621 554 5695 ὀνόματι
585 5617 831 5693 Χριστοῦ
851 5612 942 5668 καὶ
970 5613 1078 5666 τῶν
1109 5607 1303 5683 ἁγίων,
1335 5604 1650 5674 ἐτελειώθη.

1993 3318 2050 3368 et
2079 3312 2342 3386 gaudens
2374 3311 2662 3384 migravit.

2551 3543 2793 3599 EODEM
2831 3543 3083 3598 MENSE.

2598 3658 2700 3711 Die
2732 3657 3039 3728 trigesima

1998 3781 2095 3836 τε
2153 3775 2603 3835 Commemoratio
2663 3774 2999 3828 sacrosancti
3056 3774 3317 3842 martyris
3365 3773 3644 3846 Gregorii,

2383 3846 2625 3916 episcopi
2678 3861 2890 3913 magna:
2946 3845 3242 3901 Armenias.

1977 4014 1999 4026 _
2065 3961 2402 4034 Gregorius,
2443 3965 2839 4029 sacromartyr
2869 3975 2935 4013 ac
2971 3958 3287 4030 multiplici
3317 3961 3643 4017 certamine

1991 4051 2265 4120 illustris,
2298 4048 2664 4104 Diocletiano
2719 4047 3076 4118 imperatore
3135 4047 3357 4116 ﬂoruit,
3391 4050 3643 4105 Parthus

1989 4158 2227 4217 genere,
2260 4138 2629 4211 prOpinquus
2674 4137 2966 4191 Armenim
3016 4137 3192 4208 regis.
3249 4139 3393 4192 Cum
3442 4145 3641 4194 autem

1990 4230 2360 4288 Christianus
2386 4231 2561 4293 esset,
2591 4227 3054 4296 comprehensus
3085 4242 3120 4280 a
3149 4227 3426 4294 Tiridate,
3452 4229 3552 4299 qui
3585 4232 3644 4283 et

1989 4325 2114 4394 ipse
2147 4318 2442 4375 Armenia)
2469 4333 2570 4371 rex
2591 4321 2737 4381 erat,
2763 4316 2966 4370 multis
2984 4315 3356 4370 excruciatur
3386 4322 3644 4372 tormen-

1990 4413 2097 4468 tis:
2132 4409 2461 4482 praasertim
2509 4422 2645 4460 cum
2703 4421 2837 4459 eum
2897 4405 3266 4476 cognovisset
3317 4423 3445 4460 esse
3479 4406 3639 4461 illius

1989 4502 2199 4566 ﬁlium,
2234 4499 2336 4570 qui
2369 4502 2594 4568 patrem
2629 4510 2802 4548 suum
2836 4493 2970 4548 dolo
3003 4494 3400 4548 interfecerat.
3432 4495 3641 4560 Quam-

1908 4585 1951 4650 Β
1986 4591 2190 4646 obrem
2223 4603 2357 4642 eum
2386 4583 2660 4639 manibus
2718 4581 3084 4653 pedibusque
3138 4583 3545 4650 constrictum,
3578 4584 3639 4639 in

1985 4678 2344 4754 profundum
2378 4676 2570 4729 lacum
2603 4672 2743 4726 feris
2777 4677 2833 4725 et
2854 4672 3225 4741 serpentibus
3260 4673 3504 4744 plenum
3536 4675 3639 4729 de-

1976 4772 2146 4846 jecit,
2178 4769 2238 4822 in
2272 4782 2388 4837 quo
2415 4779 2604 4818 annos
2632 4760 2976 4832 quindecim
3025 4763 3264 4826 mansit,
3299 4764 3637 4819 Christiana

1985 4859 2244 4931 quadam
2274 4853 2448 4907 vidua
2476 4850 2682 4904 furtim
2713 4849 2763 4902 ei
2799 4847 3086 4904 alimenta
3125 4849 3634 4909 subministrante.

1986 4952 2198 5004 Verum
2230 4943 2428 4998 divina
2457 4939 2678 4994 factum
2727 4943 2817 4992 est
2866 4938 3256 5008 providentia,
3290 4945 3353 4994 ut
3381 4941 3636 4997 Tiridate

1982 5036 2217 5095 insania
2245 5034 2538 5100 correpto,
2571 5043 2828 5097 suasque
2867 5043 3079 5081 carnes
3127 5029 3398 5097 esitante,
3432 5035 3490 5084 et
3517 5047 3635 5085 una

1981 5143 2117 5185 cum
2148 5121 2344 5195 porcis
2365 5119 2427 5173 in
2448 5115 2750 5172 montibus
2774 5122 3080 5187 pascente,
3099 5133 3264 5170 soror
3285 5117 3414 5188 ejus
3437 5136 3542 5189 per
3561 5119 3637 5172 vi-

1983 5219 2210 5274 sionem
2241 5209 2545 5266 admonita
2585 5206 2784 5272 fuerit,
2820 5205 2935 5260 nisi
2988 5206 3300 5276 Gregorius
3331 5223 3360 5261 e
3392 5207 3522 5262 lacu
3547 5207 3634 5262 di-

1980 5306 2332 5363 mitteretur,
2357 5296 2676 5352 Tiridatem
2700 5309 3007 5365 nunquam
3040 5300 3311 5349 sauatum
3341 5296 3434 5351 iri.
3455 5297 3636 5367 Igitur

1980 5397 2227 5452 eductus
2260 5405 2289 5442 e
2321 5387 2452 5441 lacu
2500 5384 2838 5455 Gregorius,
2871 5382 3190 5437 Tiridatem
3231 5399 3365 5436 cum
3399 5384 3635 5437 omibus

1979 5489 2109 5559 ejus
2139 5477 2350 5538 ditioni
2390 5474 2675 5545 subjectis
2716 5472 3064 5544 baptizavit;
3117 5477 3176 5525 et
3205 5473 3520 5544 episcopus
3550 5473 3638 5526 fa-

1976 5585 2128 5642 ctus,
2177 5567 2501 5636 multisque
2558 5562 2839 5618 Ecclesiis
2894 5560 3110 5615 Christi
3171 5567 3633 5632 sanctorumque

1977 5661 2210 5726 nomini
2241 5654 2478 5724 erectis,
2500 5651 2680 5708 vitam
2711 5649 2919 5706 ﬁnivit.
