4140 6302
506 392 587 454 79
1828 387 2155 451 MENOLO

2307 392 2514 455 mas
2558 394 2608 456 ι.
3834 397 3912 458 80

1158 522 1381 579 Eodem
1410 522 1506 578 die

511 618 552 672 7
562 618 605 671 ’1
627 616 912 673 Certamen
931 620 1249 739 sanctarutm
1272 618 1582 697 martyrum
1601 611 2159 681 Ripsimiaeﬁaiana.

1153 701 1181 738 e
1228 700 1519 739 sociorum.

1153 700 1205 739 et
1228 700 1519 739 sacrorum.

580 774 868 848 Ripsimia
889 778 1133 844 martyr,
1157 776 1216 826 et
1245 772 1484 838 Gaiana,
1508 771 1570 827 in
1596 770 1838 842 regione
1865 769 2159 825 Armenia)

510 865 766 937 virgines
799 868 858 917 et
886 860 1369 917 sanctimoniales
1395 859 1675 915 fuerunt:
1710 863 1766 913 et
1795 857 2017 915 Gaiana
2037 857 2162 928 qui-

512 953 648 1009 dem
679 968 866 1019 anus;
900 950 1186 1021 Ripsimia
1239 965 1371 1005 vero
1433 947 1896 1016 adolescentula,
1927 946 2161 1019 generis

511 1042 844 1107 nobilitate,
877 1046 936 1094 et
965 1038 1182 1094 eximia
1211 1037 1475 1109 corporis
1506 1037 1703 1108 specie
1733 1036 1912 1091 clara.
1945 1037 2158 1101 Quam-

511 1132 717 1187 obrem
738 1129 1045 1196 Tiridates,
1065 1128 1300 1200 cognita
1315 1126 1477 1181 illius
1494 1124 1959 1197 pulchritudine,
1977 1124 2162 1194 impo-

509 1222 656 1276 tenti
689 1223 897 1291 captus
929 1234 1153 1285 amore,
1181 1215 1673 1287 comprehensam
1711 1213 1785 1269 ad
1832 1212 2158 1269 nefandum

508 1310 783 1381 adigebat
818 1308 1181 1379 amplexum.
1238 1305 1351 1359 Sed
1406 1306 1616 1373 factus,
1674 1303 1889 1360 Christi
1922 1303 2156 1371 virtute,

506 1400 623 1452 voti
652 1398 743 1453 sui
772 1397 987 1468 impos,
1017 1411 1267 1450 mcerore
1290 1394 1499 1465 jacuit,
1534 1398 1815 1463 tanquam
1864 1396 2155 1445 mortuus.

508 1489 783 1543 Sanctam
814 1491 1014 1542 autem
1041 1484 1369 1557 fugientem
1419 1482 1674 1537 assecuti
1715 1480 1959 1550 milites,
1986 1480 2156 1535 Chri-

508 1582 667 1633 stum
697 1575 971 1648 abjurare
994 1573 1333 1646 impellunt.
1359 1570 1524 1639 Quod
1545 1587 1681 1629 cum
1705 1570 1811 1627 illa
1840 1570 2033 1626 facere
2055 1568 2157 1626 de-

508 1670 804 1731 trectaret,
840 1664 1105 1719 discissis
1154 1662 1283 1732 ejus
1331 1660 1613 1729 vestibus,
1663 1660 1979 1732 ligatisque
2025 1661 2160 1730 post

507 1761 736 1826 tergum
785 1752 1083 1817 manibus,
1136 1752 1402 1822 linguam
1460 1749 1512 1803 ei
1572 1748 1923 1819 praecidunt,
1956 1747 2158 1803 oculos

509 1842 818 1911 effodiunt,
847 1847 906 1896 et
933 1857 1147 1911 corpus
1176 1840 1238 1894 in
1265 1840 1460 1911 ignem
1489 1838 1787 1909 injiciunt.
1816 1836 1998 1891 Paulo
2025 1841 2160 1907 post

508 1931 703 2005 gladio
734 1946 887 1987 caesa
914 1929 1176 1983 reddidit
1203 1928 1467 1983 animam
1493 1943 1505 1981 :
1557 1931 1616 1981 et
1661 1942 1797 1981 cum
1827 1942 1896 1980 ea
1924 1931 2154 1997 septua-

506 2022 670 2093 ginta
699 2020 805 2073 viri
838 2017 1179 2085 Christiani,
1204 2023 1263 2071 et
1282 2017 1521 2088 triginta
1543 2014 1673 2069 duae
1702 2014 1943 2070 feminae
1974 2015 2158 2069 inter-

507 2109 689 2181 empti
721 2113 879 2164 sunt.
936 2110 1010 2162 At
1061 2111 1265 2162 sancta
1299 2106 1539 2171 Gaiana,
1572 2104 1835 2160 detracta
1863 2103 2027 2175 prius
2061 2104 2158 2160 18

507 2216 538 2254 e
587 2214 833 2269 corpore
891 2201 1015 2250 toto
1072 2195 1251 2267 pelle,
1311 2194 1696 2265 contusisque
1726 2209 1867 2249 saxo
1900 2192 2156 2263 ossibus,

506 2288 697 2360 capite
746 2287 1084 2343 damnatur.

799 2474 1224 2571 MENSE
1293 2472 1863 2569 OCTOBRI.

1163 2654 1266 2711 Die
1308 2653 1504 2725 prima

511 2778 548 2832 1
562 2776 611 2832 ο
638 2775 725 2831 εει
739 2780 919 2831 tamen
940 2770 1274 2830 sacrosancti
1292 2772 1555 2840 martyris
1570 2775 1622 2824 et
1641 2769 1877 2841 apostoli
1892 2771 2155 2837 Ananiae,

924 2846 929 2855 ’
1064 2845 1305 2914 episcopi
1327 2843 1597 2896 Damasci.

573 2961 857 3029 Ananias,
892 2960 1108 3016 Christi
1137 2963 1360 3031 martyr
1383 2963 1443 3013 et
1470 2957 1796 3030 apostolus,
1828 2956 2158 3030 discipulus

498 3067 851 3124 magnorum
871 3048 1277 3121 apostolorum
1296 3047 1452 3102 Petri
1477 3051 1535 3101 et
1554 3046 1827 3118 Δηὼ-θαι,
1847 3046 2156 3103 ordinatus

437 3162 440 3165 '
497 3150 590 3199 est
613 3142 687 3198 ab
715 3142 930 3196 iisdem
956 3140 1121 3194 urbis
1143 3138 1413 3193 Damasci
1439 3138 1771 3210 episcopus.
1791 3138 1935 3192 Cum
1956 3143 2155 3193 autem

2182 522 2238 590 Α

2858 528 2935 600 Τῇ
2975 524 3112 601 αὐτῇ
3139 529 3322 599 ἡμέρᾳ

2262 610 2530 681 Ἂθλησις
2579 616 2689 669 τῶν
2746 615 2917 689 ἁγίων
3008 615 3319 689 μαρτύρων,
3368 615 3688 689 κῬιψιμίας,
3746 621 3906 672 Γαια-

2650 693 2767 755 νῆς,
2794 686 2890 741 ’καὶ
2918 686 3019 755 τῆς
3045 686 3290 749 συνοδίας
3322 686 3519 743 αὐτῶν.

2334 773 2398 829 Ἡ
2462 774 2672 847 μάρτυς
2730 776 2986 849 Ῥιψιμία
3044 775 3135 830 σὺν
3220 778 3289 848 τῇ
3375 779 3601 850 Γαΐανῇ,
3658 777 3903 852 ὑπῆρχον

2259 863 2519 936 παρθένοι
2572 864 2662 918 καὶ
2724 866 3054 936 μονάζουσαι
3114 864 3165 920 ἐν
3230 870 3301 938 τῇ
3362 866 3521 940 χώρᾳ
3598 864 3905 938 ’Δρμενίας.

2261 951 2366 1006 Καὶ
2424 956 2457 1021 ἡ
2522 953 2615 1025 μὶν
2672 956 2872 1022 Γαῖανή
2930 954 2995 1023 ἦν
3054 958 3239 1028 γραῦς*
3302 957 3337 1023 ἡ
3398 952 3455 1009 δὶ
3509 954 3761 1027 Ῥιψιμία
3801 954 3909 1027 νέα,

2261 1038 2485 1112 εὐγενὴς
2536 1042 2621 1094 καὶ
2674 1039 2966 1119 εὔμορφος.
3021 1042 3218 1106 Μαθὼν
3277 1040 3334 1097 δὲ
3386 1043 3507 1119 περὶ
3550 1046 3647 1097 τοῦ
3676 1041 3913 1105 κάλλους

2260 1128 2432 1198 αὐτῆς
2464 1128 2853 1204 ὁΤηριδάτης,
2909 1130 3121 1206 ἐγένετο
3178 1131 3228 1186 ἐν
3285 1130 3546 1205 ἐπιθυμίᾳ
3602 1131 3787 1196 αὐτῆς·
3823 1132 3910 1187 καὶ

2259 1218 2606 1287 άπουτείλας,
2692 1221 2780 1275 καὶ
2866 1224 3139 1296 κρατήσας
3222 1222 3413 1291 αὐτὴν,
3474 1217 3719 1291 ἐϐιάζετο
3777 1223 3909 1296 πρὸς

2260 1307 2515 1378 ἀθέμιτον
2553 1307 2715 1379 μίξιν.
2775 1309 2864 1377 Mi,
2916 1305 3337 1385 περιγενόμενος
3396 1307 3453 1364 δὶ
3501 1309 3688 1379 αὐτῆς,
3718 1313 3786 1383 τῇ
3816 1314 3910 1364 τοῦ

2259 1395 2493 1469 Χριστοῦ
2578 1392 2824 1469 δυνάμει,
2900 1398 3164 1469 λυπηθεὶς
3242 1395 3437 1467 ἔκειτο,
3514 1398 3644 1453 ὡσεὶ
3700 1399 3908 1472 νεκρὸς.

2260 1483 2630 1560 Ἐκφυγοῦσαν
2664 1483 2722 1540 δὶ
2750 1488 2849 1555 τὴν
2888 1486 3038 1562 ἁγίαν
3097 1484 3480 1560 ἐπιδιώξαντες
3540 1488 3592 1542 οἱ
3646 1492 3912 1562 στρατιῶ-

2256 1591 2366 1643 ται,
2398 1573 2487 1627 καὶ
2538 1574 2856 1646 φθάσαντες,
2913 1574 3221 1651 ἠνάγκασαν
3282 1575 3616 1652 ἀρνήσασθαι
3656 1580 3748 1631 τὸν
3780 1582 3910 1652 Χρι-

2260 1660 2405 1715 στόν.
2469 1660 2564 1715 Καὶ
2626 1663 2701 1734 μή
2760 1663 3094 1735 πεισθείσης,
3150 1662 3432 1741 διέρρηξαν
3477 1665 3646 1734 αὐτῆς
3674 1665 3741 1720 τὰ
3770 1664 3907 1739 ἱμά-

2259 1767 2367 1806 τια.
2429 1748 2525 1803 Καὶ
2581 1751 2676 1812 τὰς
2731 1757 2922 1827 χεῖρας
2980 1751 3156 1808 ὀπίσω
3214 1751 3486 1823 δήσαντες,
3521 1755 3624 1823 τὴν
3654 1752 3908 1829 γλῶσσαν

2262 1833 2550 1909 ἀπέτεμον,
2608 1838 2698 1892 καὶ
2773 1837 2901 1901 τοὺς
2985 1838 3305 1917 ὀφθαλμοὺς
3360 1840 3647 1916 ἐξώρυξαν,
3699 1841 3793 1895 καὶ
3848 1841 3911 1896 τὸ

2264 1930 2424 1997 σῶμα
2480 1927 2647 1995 αὐτῆς
2707 1927 2783 1990 εἷς
2853 1932 2958 2004 πῦρ
3019 1925 3294 1985 ἐνέϐαλον·
3357 1932 3469 1986 εἶτα
3523 1931 3661 1986 κατᾶ
3720 1931 3915 2005 μικρὸν

2258 2017 2374 2074 τοῖς
2434 2012 2602 2091 ξίφεσι
2668 2018 2976 2088 κοπτομένη
3036 2014 3320 2090 παρέδωκε
3373 2019 3475 2087 τήν
3545 2020 3750 2092 ψυχήν.
3817 2016 3917 2072 Καὶ

2261 2100 2352 2155 σὺν
2387 2101 2523 2176 αὐτῇ
2583 2102 2847 2167 άπέθανον
2902 2102 3091 2179 ἄνδρες
3150 2107 3470 2180 Χριστιανοὶ
3510 2101 3917 2179 ἑϐδομήκοντα,

2260 2188 2348 2243 καὶ
2406 2196 2653 2264 γυναῖκες
2710 2190 3130 2267 τριακονταδύο.
3183 2194 3245 2248 Ἦ
3301 2191 3358 2248 δὲ
3422 2194 3546 2269 ἁγία
3598 2197 3801 2265 Γαῖανή
3855 2195 3919 2249 τὸ

2261 2273 2432 2352 δέρμα
2485 2282 2583 2332 τοῦ
2637 2281 2907 2354 σώματος.
2948 2278 3083 2336 ὅλου
3139 2279 3443 2358 ἐκδαρεῖσα,
3500 2282 3590 2337 καὶ
3641 2282 3819 2346 Λίθοις
3852 2285 3922 2338 τὰ

2259 2366 2391 2420 ὁστᾶ
2420 2363 2781 2443 συντριϐεῖσα,
2814 2369 2986 2431 οὕτως
3016 2368 3307 2443 ἀπετμήθη
3338 2371 3439 2441 τὴν
3470 2370 3733 2446 κεφαλήν.

2554 2486 2877 2581 MHNI
2969 2487 3619 2583 ΟΚΤΩΒΡΙΩ

2864 2638 2949 2695 Ἐν
2998 2642 3066 2713 τῇ
3109 2640 3302 2714 πρώτῃ

2258 2751 2525 2822 Ἀθλησις
2587 2756 2685 2807 τοῦ
2744 2752 2903 2880 ἁγίου
2980 2753 3376 2828 ἱερομάρτυρος
3456 2755 3545 2809 καὶ
3603 2754 3930 2812 ἀποστόλου

2617 2826 2773 2880 Ἀναν
2804 2845 2890 2880 ου.
2913 2824 3212 2880 ἐπισκόπου
3243 2830 3554 2880 Δαμασκοῦ.

2617 2824 2890 2895 Ἀνανίου,
2913 2824 3212 2880 ἐπισκόπου
3243 2824 3554 2894 Δαμασκοῦ.

2332 2939 2583 3009 Ανανίας,
2637 2941 2665 2994 6
2722 2944 2819 2995 τοῦ
2869 2942 3103 3015 Χριστοῦ
3175 2944 3380 3014 μάρτυς
3436 2941 3526 2996 καὶ
3584 2941 3935 3013 ἀπόστολος,

2263 3029 2479 3103 ὑπῆρχε
2525 3029 2622 3101 μὶν
2684 3030 2935 3101 μαθητὴς
2982 3034 3091 3083 τῶν
3151 3029 3401 3105 μεγάλων
3456 3030 3779 3086 ἀποστόλων
3822 3032 3936 3087 [Ιέ-

2258 3138 2389 3189 τρου
2468 3118 2557 3171 καὶ
2640 3116 2916 3192 Ἀνδρέου’
3001 3118 3394 3193 ἐχειροτονήθη
3458 3118 3514 3174 δὲ
3560 3122 3685 3197 παρ’
3738 3121 3932 3178 αὐτῶν

494 3234 557 3289 in
602 3230 809 3285 eadem
858 3228 1004 3282 urbe
1056 3232 1409 3291 versaretur,
1460 3226 1843 3296 audissetque
1874 3224 2147 3292 Paulum,

2264 3206 2560 3268 ἐπίσκοπος
2588 3208 2687 3275 τῆς
2732 3206 2949 3269 πόλεως
2999 3208 3309 3280 Δαμασκοῦ.
3342 3204 3643 3284 Διατρίϐων
3678 3208 3735 3264 δὲ
3763 3210 3824 3265 ἐν
3858 3215 3933 3284 τῇ

496 3324 622 3373 tum
645 3316 923 3371 Ecclesiae
947 3315 1160 3370 Christi
1185 3318 1649 3385 persecutorem,
1669 3314 1869 3368 venire
1889 3314 2158 3369 Hieroso.

495 3406 673 3480 lymis
702 3410 771 3462 ut
819 3420 882 3459 se
927 3401 1486 3474 comprehenderet,
1518 3402 1715 3472 fugam
1748 3400 2013 3473 parabat.
2046 3402 2158 3457 Sed

501 3510 796 3566 apparens
828 3492 916 3546 illi
951 3491 1257 3557 Dominus,
1291 3490 1601 3560 imperavit
1629 3494 1695 3543 ut
1724 3490 2160 3557 consisteret,et

504 3581 753 3641 Paulum
785 3580 1126 3651 baptizaret,
1154 3578 1328 3648 eique
1353 3577 1542 3631 visum
1564 3577 1906 3631 restitueret
1930 3594 1942 3631 :
1967 3594 2157 3633 caecus

504 3672 663 3728 enim
696 3672 757 3726 in
790 3671 1003 3725 itinere
1044 3668 1233 3723 factus
1279 3668 1496 3735 fuerat,
1543 3683 1678 3722 cum
1721 3666 1926 3721 lumen
1958 3668 2009 3721 ei
2041 3667 2158 3722 cir-

500 3760 825 3826 cumfulsit,
860 3775 1086 3831 voxque
1118 3758 1219 3813 80
1277 3774 1307 3812 e
1365 3756 1591 3812 lumine
1631 3755 1870 3827 prodiit,
1907 3755 2152 3811 dicens:

497 3851 684 3914 Saule,
710 3851 847 3920 quid
863 3866 947 3903 me
957 3848 1302 3918 persequeris
1322 3850 1350 3902 ?
1378 3848 1493 3916 Ego
1513 3862 1632 3901 sum
1654 3848 1806 3900 Iesus
1829 3845 2073 3901 Christus
2093 3844 2117 3878 ⁴
2134 3863 2157 3908 ,·

510 3938 614 3993 sed
645 3937 787 3991 vade
820 3936 892 3991 ad
926 3936 1240 4000 Ananiam,
1275 3939 1333 3988 et
1360 3933 1676 4004 baptizare,
1702 3939 1760 3989 et
1787 3935 1976 3988 visum
2009 3934 2160 3988 reci-

504 4028 652 4098 pies.
686 4026 831 4079 Cum
865 4024 1044 4095 igitur
1092 4022 1353 4077 Ananias
1402 4022 1747 4075 mandatum
1779 4022 2011 4076 Domini
2041 4023 2157 4077 im-

498 4112 800 4187 plevisset,
834 4111 1076 4164 Saulum
1109 4108 1438 4180 baptizavit,
1472 4114 1697 4163 mutato
1731 4111 1974 4164 nomine
2006 4112 2156 4165 Pau-

496 4202 622 4256 lum
689 4215 825 4253 eum
886 4197 1214 4268 appellans.
1276 4199 1487 4250 Postea
1560 4197 2024 4266 comprehensus
2083 4197 2154 4251 ab

499 4289 857 4355 idololatris,
890 4288 963 4343 ad
996 4288 1319 4343 Lucianum
1364 4287 1714 4356 praefectum
1760 4286 2092 4355 adducitur,
2123 4302 2158 4343 a

500 4396 619 4453 quo
651 4396 840 4435 caesus
874 4379 1157 4451 primum,
1191 4374 1406 4430 deinde
1448 4375 1509 4429 in
1557 4374 1843 4430 lateribus
1874 4375 2154 4447 depexus,

496 4475 799 4542 postremo
834 4473 999 4523 extra
1029 4465 1240 4521 urbem
1292 4465 1538 4536 ejectus,
1578 4462 1876 4535 lapidibus
1907 4464 2154 4520 obrutus

493 4564 615 4615 est:
652 4574 907 4629 eumque
952 4556 1145 4611 vivere
1175 4553 1469 4621 desiisset,
1516 4553 1577 4608 in
1628 4552 1833 4608 eadem
1866 4553 2010 4609 urbe
2041 4555 2153 4609 Da-

492 4664 693 4703 masco
724 4646 995 4719 sepultus
1025 4644 1157 4700 fuit.

1144 4760 1365 4817 Eodem
1404 4759 1499 4815 die

493 4881 586 4936 8|
625 4878 910 4935 Certamen
938 4878 1120 4933 sancti
1160 4877 1417 4944 martyris
1458 4873 1765 4941 Michaelis,
1797 4881 1850 4929 et
1876 4876 2147 4931 sociorum

923 4949 1159 5016 triginta
1187 4962 1282 5001 sea:
1308 4947 1716 5001 monachorum.
2116 4984 2119 4987 μ

565 5067 812 5121 Sanctus
828 5063 1074 5119 Michael
1093 5079 1227 5143 cum
1249 5062 1423 5116 sociis
1440 5063 1683 5134 triginta
1700 5079 1799 5117 sex
1813 5062 2147 5130 monachis,

492 5154 880 5211 Constantino
912 5158 971 5207 et
1008 5154 1176 5207 Irene
1218 5151 1671 5222 imperantibus,
1705 5151 2032 5206 solitariam
2060 5152 2145 5205 vi-

492 5250 612 5300 tam
646 5243 855 5316 agebat
883 5242 945 5295 in
984 5240 1347 5295 monasterio
1388 5239 1645 5294 Sebastaa
1685 5239 1818 5293 urbi
1853 5241 2142 5310 proximo.

491 5336 636 5387 Cum
664 5349 797 5387 vero
832 5331 988 5385 Alim
1019 5330 1448 5384 Saracenorum
1478 5344 1711 5383 ameras
1742 5329 2145 5384 incursionem

491 5422 552 5475 in
589 5422 753 5475 illam
783 5420 1086 5491 regionem
1116 5417 1357 5484 faceret,
1388 5423 1592 5488 captos
1624 5422 1858 5471 sanctos
1889 5417 2146 5487 compel-

495 5510 653 5566 lebat
679 5510 980 5565 Christum
1011 5507 1326 5581 abnegare,
1368 5512 1428 5562 et
1476 5506 1957 5579 superstitionem
1993 5508 2143 5579 Agap

561 5676 582 5710 ‘
614 5678 734 5730 Act.
767 5690 845 5741 1x,
876 5674 930 5727 4.

2262 3294 2398 3369 αὐτῇ
2430 3293 2589 3350 πόλει
2641 3295 2732 3350 καὶ
2794 3296 2998 3368 μαθὼν,
3058 3295 3140 3350 ὅτι
3198 3300 3418 3360 Παῦλος
3448 3297 3627 3352 ὁτότε
3680 3296 3939 3370 διώκτης

2260 3384 2358 3450 τῆς
2410 3380 2739 3453 Ἐκκλησίας
2792 3388 2889 3438 τοῦ
2942 3386 3198 3458 Χριστοῦ,
3250 3387 3572 3461 κατέρχεται
3613 3387 3934 3463 άπὸΊερο-

2263 3472 2545 3544 σολύμων,
2590 3473 2726 3539 πρὸς
2756 3474 2817 3526 τὸ
2846 3480 3112 3548 κρατῆσαι
3159 3474 3341 3543 αὐτὸν,
3391 3470 3668 3545 ἐϐουλήθη
3702 3482 3933 3552 φυγεῖν.

2262 3558 2421 3615 Ἀλλ’
2471 3562 2498 3615 6
2558 3561 2754 3634 Κύριος
2823 3560 3168 3638 ἐμφανισθεὶς
3254 3562 3422 3634 αὐτῷ,
3482 3563 3773 3638 προσέταξε
3845 3567 3931 3638 μὴ

2263 3653 2472 3726 φυγεῖν,
2506 3648 2651 3703 άλλᾶ
2702 3655 3032 3722 περιμεῖναι,
3092 3651 3182 3705 καὶ
3246 3651 3503 3725 βαπτίσαι
3546 3652 3728 3724 αὐτὸν,
3761 3652 3934 3716 ὅπως

2262 3732 2566 3811 ἀναϐλέψῃ.
2629 3737 2952 3815 Ἐτυφλώθη
3012 3740 3113 3814 γὰρ
3170 3739 3307 3794 κατά
3360 3742 3461 3808 τήν
3522 3737 3666 3808 ὁδὸν,
3736 3744 3936 3817 φωτὸς

2262 3826 2674 3901 ἐπιλάμψαντος
2727 3825 2890 3897 αύτῷ·
2951 3826 3041 3880 καὶ
3094 3834 3279 3904 φωνῆς
3338 3827 3662 3899 ἐξελθούσης
3716 3828 3773 3884 ἐκ
3819 3836 3933 3886 τοῦ

2262 3917 2463 3993 φωτὸς,
2521 3915 2611 3969 καὶ
2666 3914 2948 3984 εἶπούσης’
3006 3914 3204 3983 Σαῦλε,
3260 3916 3314 3971 τί
3378 3937 3445 3989 με
3504 3914 3759 3986 διώκεις;
3806 3920 3934 3994 ἐγώ

2262 4004 2376 4075 εἶμι
2410 4005 2619 4073 Ἰησοῦς
2675 4005 2702 4057 6
2763 4003 3018 4076 Χριστός’
3074 4004 3199 4059 ἀλλ’
3257 4002 3509 4067 ἀπελθὼν
3565 4006 3705 4081 πρὸς
3754 4010 3935 4063 Ἀνα-

2259 4091 2399 4161 νίαν,
2461 4090 2809 4166 βαπτίσθητι,
2866 4092 2955 4146 καὶ
3009 4087 3357 4165 ἀναϐλέψεις.
3418 4097 3659 4163 Ποιήσας
3708 4093 3802 4149 οὖν
3861 4098 3934 4152 τὸ

2260 4179 2586 4255 πρόσταγμα
2658 4185 2755 4234 τοῦ
2832 4178 3039 4257 Κυρίου
3097 4183 3124 4235 6
3184 4182 3455 4253 Ἀνανίας,
3514 4178 3770 4239 ἐϐάπτισε
3827 4186 3940 4241 τὸν

2263 4268 2494 4338 Σαῦλον,
2549 4269 2921 4343 μετονομάσας
2975 4269 3136 4325 αὐτὸν
3194 4269 3433 4329 Παῦλον,
3469 4271 3598 4327 Εἶτα
3626 4276 3938 4346 κρατηθεὶς

2259 4359 2405 4433 παρὰ
2458 4362 2565 4411 τῶν
2624 4356 3063 4434 εἰδωλολατρῶν,
3131 4361 3422 4434 προσήχθη
3494 4366 3779 4433 Λουκιανῷ
3842 4369 3941 4436 τῷ

2261 4444 2510 4521 ἄρχοντι.
2594 4446 2699 4502 Καὶ
2773 4449 3015 4524 τυφθεὶς,
3091 4447 3182 4502 καὶ
3240 4448 3336 4509 τὰς
3394 4447 3634 4523 πλευρὰς
3690 4450 3938 4521 ξεσθεὶς,

2256 4533 2414 4595 τέλος
2479 4529 2769 4605 ἐκϐληθεὶς
2842 4537 2940 4603 τῆς
3036 4534 3275 4607 πόλεως,
3347 4533 3742 4609 ἐλιθοϐολήθη.
3818 4543 3937 4596 Καὶ

2260 4620 2587 4695 τελειωθεὶς,
2622 4622 2790 4694 ἐταφη
2824 4623 2875 4679 ἐν
2907 4624 3046 4698 αὐτῇ
3076 4628 3145 4698 τῇ
3177 4622 3337 4679 πόλει
3371 4625 3662 4699 Δαμασκῷ.

2849 4739 3309 4818 τῇώήὴμη

2256 4854 2523 4926 Ἀθλησις
2572 4858 2669 4909 τοῦ
2728 4855 3128 4944 όσιομάρτυρος
3186 4856 3441 4944 Μιχαὴλ,
3499 4860 3590 4913 καὶ
3649 4863 3760 4914 τῶν
3814 4860 3933 4919 σὺν

2785 4926 2942 4999 αὐτῷ
2969 4926 3048 4996 λζῖ
3091 4926 3373 5003 μοναχῶν.

2324 5048 2386 5103 Ὀ
2417 5046 2567 5122 ἅγιος
2596 5045 2828 5121 Μιχαὴλ
2891 5046 3023 5118 μετὰ
3071 5050 3176 5101 τῶν
3234 5046 3325 5101 σὺν
3381 5049 3531 5121 αὐτῷ
3558 5054 3933 5125 τριακονταὲξ

2258 5138 2534 5208 μοναχῶν,
2578 5133 2793 5209 ὑπῆρχε
2845 5134 2939 5206 μὲν
2999 5132 3087 5188 ἐπὶ
3141 5138 3238 5204 τῆς
3301 5136 3578 5210 βασιλείας
3611 5140 3932 5194 Κωνσταν-

2250 5222 2400 5276 τίνου
2454 5223 2541 5277 καὶ
2606 5222 2868 5297 Εἱρήνης’
2950 5221 3196 5298 ἡσύχαζε
3277 5220 3334 5278 δὲ
3392 5223 3445 5279 ἐν
3532 5227 3930 5301 μοναστηρίῳ,

2251 5309 2490 5380 πλησίον
2542 5306 3053 5372 Σεϐαστουπόλεως.
3107 5312 3529 5387 Ἐκστρατεύσας
3571 5312 3629 5368 δὲ
3659 5315 3687 5369 ὁ
3720 5313 3933 5390 Ἀλήμ

2252 5403 2279 5454 6
2311 5400 2526 5473 άμηρᾶς
2561 5403 2668 5453 τῶν
2702 5404 3032 5469 Σαρακηνῶν
3092 5402 3229 5455 κατὰ
3291 5409 3393 5471 τῆς
3451 5402 3639 5477 χώρας
3669 5402 3930 5479 ἐκείνης,

2251 5488 2515 5564 ἐκράτησε
2585 5487 2714 5549 τοὺς
2785 5486 2990 5562 ἁγίους·
3069 5488 3159 5544 καὶ
3216 5489 3517 5565 ἠνάγκασεν
3575 5490 3935 5567 ἀρνήσασθαι
