4132 6328
434 355 514 416 83
1756 348 2185 412 MENOLOGII
2229 349 2434 412 PARS
2479 353 2526 411 l.
3771 345 3852 403 84

993 483 1234 538 EODEM
1273 484 1526 540 MENSE.

1063 601 1168 656 Die
1199 601 1464 657 secunda

550 719 652 774 84
685 719 969 774 Certamen
996 726 1310 773 sanctorum
1342 719 1610 789 Cypriani
1639 724 1691 772 et
1719 718 1969 771 Iustinae.

514 839 861 908 Cyprianus,
897 839 1135 908 sapiens
1183 838 1468 909 pontifex,
1514 837 1688 892 Decio
1734 837 2088 906 imperante,

445 927 768 982 Antiochiae
800 927 980 998 Syriae
1013 932 1206 994 natus,
1242 927 1500 998 primum
1531 925 1920 996 philosophus
1943 929 2088 993 erat,

447 1021 506 1069 et
532 1015 780 1087 magicis
815 1015 1042 1069 artibus
1073 1016 1342 1086 apprime
1375 1015 1682 1069 eruditus:
1735 1013 1839 1067 sed
1888 1018 2094 1082 postea

446 1105 816 1158 Christianus
849 1103 959 1158 hac
994 1105 1222 1157 ratione
1254 1103 1444 1158 factus
1468 1109 1576 1158 est.
1608 1103 1899 1157 Justinam
1920 1101 2092 1173 virgi-

448 1211 587 1248 nem
621 1193 683 1246 in
715 1193 919 1247 eadem
953 1193 1120 1260 urbe,
1156 1209 1286 1263 qua)
1320 1192 1390 1247 ab
1443 1194 1650 1263 Optato
1681 1191 1956 1262 episcopo
1990 1190 2094 1244 ba-

447 1283 661 1354 ptizata
681 1281 1136 1346 fuerat,Graecus
1160 1282 1426 1351 quidam,
1450 1282 1582 1336 Idas
1597 1278 2098 1344 dictus,ardenter

450 1370 708 1427 amabat.
735 1371 846 1425 Sed
869 1387 1004 1425 cum
1027 1371 1144 1424 voti
1181 1371 1270 1424 sui
1294 1387 1538 1442 compos
1571 1370 1698 1424 fieri
1727 1385 1848 1423 non
1875 1372 2096 1438 posset,

451 1459 719 1530 confugit
747 1458 821 1512 ad
853 1459 1237 1529 Cyprianum,
1297 1476 1510 1530 rogans
1557 1475 1692 1513 eum
1742 1463 1808 1511 ut
1853 1455 2098 1528 magicis

452 1550 678 1606 artibus
703 1551 995 1604 Justinam
1015 1550 1086 1604 ad
1110 1549 1223 1604 sibi
1251 1549 1746 1604 consentiendum
1769 1547 2096 1602 induceret.

453 1641 596 1695 Cum
621 1655 753 1693 vero
775 1639 1101 1709 Cyprianus
1123 1639 1534 1692 fornicationis
1564 1638 1866 1692 daemones
1888 1635 1959 1690 ad
1985 1635 2100 1690 sol-

455 1727 803 1783 licitandam
835 1728 1120 1799 virginem
1155 1729 1326 1782 tertio
1351 1729 1726 1794 destinasset,
1753 1729 1880 1799 ejus
1905 1733 2102 1781 tamen

456 1820 726 1874 animum
759 1833 1095 1888 expugnare
1137 1819 1422 1889 nequivit,
1484 1834 1614 1889 quae
1663 1816 1982 1872 fundendis
2030 1816 2104 1871 ad

455 1906 642 1960 Deum
673 1904 948 1976 precibus
977 1921 1212 1976 semper
1242 1906 1472 1960 intenta
1501 1911 1645 1960 erat.
1680 1904 1790 1960 Sed
1819 1905 1944 1976 ipse
1992 1922 2097 1975 po-

452 1995 570 2049 tius
602 2011 636 2048 a
656 1999 1170 2065 postremo,quem
1192 1995 1456 2062 miserat,
1481 1995 1750 2050 dmmone
1768 1999 2096 2065 correptus,

451 2083 765 2152 intellexit,
798 2100 1009 2138 vanam
1041 2101 1108 2140 ac
1138 2084 1373 2139 futilem
1402 2101 1531 2139 esse
1566 2086 1856 2156 magicam
1887 2089 2095 2139 artem.

453 2174 846 2240 Quamobrem
873 2173 1198 2229 combustis
1221 2173 1408 2240 libris,
1433 2173 1757 2244 baptizatus
1779 2180 1896 2229 est:
1933 2189 2100 2228 eum-

455 2280 570 2334 que
601 2262 662 2317 in
697 2263 910 2318 virtute
942 2279 1324 2334 progressum
1354 2263 1512 2330 fecit,
1561 2269 1626 2318 ut
1657 2265 1969 2335 episcopus
2001 2280 2098 2317 or-

455 2351 694 2407 dinatus
723 2351 920 2421 fuerit,
957 2352 1295 2422 multosque
1348 2353 1564 2407 Christi
1597 2353 1774 2408 fidem
1807 2353 2095 2408 docuerit.

455 2441 716 2496 Tandem
748 2457 868 2495 una
918 2458 1053 2496 cum
1107 2442 1338 2496 Justina
1393 2444 1860 2514 comprehensus
1909 2459 1943 2497 a
1989 2443 2098 2497 Da-

459 2533 643 2588 masci
673 2531 971 2604 praefecto,
1004 2551 1110 2604 pro
1141 2533 1371 2588 Christo
1403 2534 1730 2591 decollatus
1763 2540 1870 2590 est.

1107 2651 1328 2706 Eodem
1359 2650 1453 2706 die

462 2767 562 2824 85
595 2769 878 2825 Certamen
925 2769 1102 2822 sancti
1157 2766 1354 2906 ἴαιτίεο
1397 2766 1575 2822 nostri
1626 2766 1916 2838 Theophili
1970 2783 2100 2822 con-

1189 2854 1400 2894 essoris.

1189 2854 1400 2894 θεεονις.

529 2957 726 3012 Sancti
759 2957 931 3012 Pater
959 2962 1164 3012 noster
1193 2955 1530 3027 Christique
1556 2957 1862 3012 confessor
1917 2957 2101 3011 Theo-

457 3045 679 3117 philus,
713 3045 1042 3100 monachus
1072 3044 1184 3099 fuit
1211 3045 1343 3114 pius
1375 3045 1677 3115 Deumque
1709 3046 1948 3110 timens,
1991 3045 2102 3098 im-

458 3139 705 3204 perante
739 3133 929 3188 Leone
958 3135 1200 3198 Isauro;
1253 3148 1430 3202 quem
1480 3149 1616 3187 cum
1657 3134 1885 3190 videret
1930 3133 1992 3186 in
2043 3132 2101 3188 id

2118 484 2176 549 A

2759 485 2936 536 MHNI
2975 483 3062 536 ΤΩ
3099 483 3290 538 ΛΥΤΩ.

2997 597 3055 653 Β,

2303 711 2570 783 ’Ἃθλησις
2598 717 2706 767 τῶν
2737 713 2902 790 ἁγίων
2944 717 3260 788 Κυπριανοῦ
3299 711 3388 767 καὶ
3421 710 3738 780 ’ίουστίνης.

2270 828 2573 904 Κυπριανὸς
2603 831 2631 884 ὁ
2680 829 2846 906 σοφὸς
2903 831 3192 904 ίεράρχης,
3242 831 3460 904 ὑπῆρχε
3501 830 3596 903 μὲν
3629 827 3716 882 ἐπὶ
3746 834 3846 896 τῆς

2202 917 2479 993 βασιλείας
2555 920 2770 988 Δεκίου,
2846 918 2952 974 ἂιπό
3029 919 3365 994 Ἀντιοχείας
3437 925 3538 988 τῆς
3622 918 3842 992 Συρίας.

2197 1009 2298 1064 Ἢν
2334 1005 2391 1061 δὲ
2420 1006 2726 1083 φιλόσοφος
2781 1008 2871 1063 καὶ
2932 1010 3106 1083 μάγος
3161 1007 3391 1070 τέλειος.
3440 1006 3595 1062 Ἀλλ’
3626 1006 3845 1081 ὕστερον

2197 1099 2384 1174 γέγονε
2438 1100 2759 1174 Χριστιανὸς
2827 1099 2933 1154 ἀπὸ
2999 1099 3302 1164 ὑποθέσεως
3366 1099 3642 1170 τοιαύτης’
3703 1105 3848 1173 Παρ-

2203 1189 2352 1258 θΙένος
2382 1209 2466 1250 τις
2500 1189 2743 1263 ὑπῆρχεν
2779 1189 2830 1242 ἐν
2858 1188 2993 1262 αὐτῇ
3025 1193 3094 1264 τῇ
3144 1189 3327 1260 πόλει,
3360 1189 3622 1259 Ἰουστίνη
3655 1189 3850 1261 ὄνομα,

2209 1278 2558 1351 βαπτισθεῐσα
2611 1278 2756 1353 παρᾶ
2817 1277 3083 1335 Ὀπτάτου
3147 1283 3244 1334 τοῦ
3296 1278 3616 1335 ἐπισκόπου.
3685 1279 3850 1350 Ἀνὴρ

2206 1363 2264 1420 δέ
2288 1386 2370 1428 τις
2399 1366 2634 1438 Ἕλλην,
2685 1363 2831 1429 ’Ίδας
2879 1365 3238 1440 καλούμενος,
3288 1367 3625 1441 ἐπεθύμησεν
3665 1367 3851 1436 αὐτῆς·

2204 1455 2294 1508 καὶ
2373 1456 2450 1528 μὴ
2525 1457 2710 1530 τυχὼν
2785 1459 2884 1525 τῆς
2977 1457 3284 1530 ἐπιθυμίας,
3359 1457 3704 1534 προσέδραμε
3775 1461 3856 1529 τῷ

2208 1549 2518 1619 Κυπριανῷ,
2595 1546 2926 1606 παρακαλῶν
2999 1547 3178 1620 αὐτὸν,
3239 1545 3328 1602 διὰ
3387 1548 3613 1623 μαγείας
3672 1552 3854 1602 πεῖσαι

2207 1633 2304 1700 τὴν
2366 1633 2679 1704 Ἰουστίναν,
2741 1635 3040 1690 ὑπακοῦσαι
3098 1636 3264 1709 αὐτῷ.
3325 1636 3680 1699 Ἀποστείλας
3731 1634 3788 1691 δὲ
3828 1638 3855 1690 ὁ

2208 1724 2518 1798 Κυπριανὸς
2579 1723 2637 1778 ἐκ
2691 1724 2876 1799 τρίτου
2935 1723 3197 1798 δαίμονας
3253 1727 3354 1795 τὴς
3407 1727 3659 1801 πορνείας
3715 1727 3853 1799 πρὸς

2207 1813 2307 1880 τήν
2339 1813 2623 1886 παρθένον,
2680 1813 2769 1867 καὶ
2833 1815 2907 1886 μή
2966 1813 3153 1877 πείσας
3200 1815 3370 1885 αὐτὴν
3402 1817 3856 1891 προσευχομένην

2205 1905 2286 1971 τῷ
2327 1905 2444 1972 Θεῷ
2475 1899 2785 1973 διαπαντὸς,
2840 1899 3191 1975 ἐδαίμονίσθη
3250 1903 3429 1966 αὐτός’
3474 1909 3570 1959 τοῦ
3619 1904 3854 1980 ἐσχάτου

2207 1986 2467 2062 δαίμονος
2517 1985 2861 2064 στραφέντος,
2913 1992 3001 2046 καὶ
3055 1991 3394 2056 εἰσελθόντος
3440 1993 3516 2056 είς
3547 1993 3725 2050 αὐτόν.
3761 1995 3861 2048 Καὶ

2208 2077 2460 2149 συνιδὼν,
2495 2079 2576 2133 ὅτι
2635 2077 2788 2134 οὐδὲν
2845 2079 3048 2157 ὠφελεῖ
3103 2085 3136 2150 ἡ
3201 2083 3408 2158 μαγική
3448 2084 3641 2158 τέχνη,
3672 2078 3865 2138 ἔκαυσε

2205 2167 2273 2222 τὰ
2351 2163 2540 2241 βιϐλία
2613 2169 2776 2224 αὐτοῦ
2851 2169 2941 2224 καὶ
3017 2165 3334 2243 ἐϐαπτίσθη.
3421 2172 3526 2228 Καὶ
3598 2177 3859 2228 τοσοῦτον

2209 2256 2417 2334 ἐγένετο
2484 2258 2755 2334 ἐνάρετος,
2825 2260 2899 2322 ὡς
2961 2263 3049 2316 καὶ
3123 2261 3418 2326 ἐπίσκοπος
3475 2260 3737 2338 γενέσθαι,
3767 2267 3863 2320 καὶ

2208 2346 2452 2410 πολλοὺς
2511 2347 2710 2420 διδάξει
2763 2351 2862 2419 τήν
2919 2356 3016 2406 τοῦ
3073 2358 3312 2428 Χριστοῦ
3359 2356 3564 2412 πίστιν.
3603 2358 3860 2432 Ὕστερον

2210 2434 2267 2492 δὶ
2321 2439 2609 2514 κρατηθεὶς
2669 2439 2803 2512 μετὰ
2870 2443 2972 2506 τῆς
3047 2443 3349 2513 Ἰουστίνης
3403 2444 3548 2517 παρὰ
3600 2449 3698 2499 τοῦ
3756 2452 3861 2516 τῆς

2210 2531 2497 2600 Δαμασκοῦ
2554 2529 2845 2604 ἄρχοντος,
2925 2531 3055 2605 ὑπὲρ
3129 2534 3364 2606 Χριστοῦ
3423 2532 3855 2608 ἀπεκιφαλίσθη.

2795 2649 2874 2720 Τῇ
2905 2646 3038 2720 αὖτῇ
3069 2649 3270 2723 ἡμέρᾳ·

2201 2760 2474 2832 Ἀθλησις
2538 2766 2635 2817 τοῦ
2703 2761 2877 2844 ὁσίου.
2920 2765 3132 2844 Πατρὸς
3184 2767 3356 2844 -ᾐμῶν
3421 2765 3688 2844 Θεοφίλου
3751 2773 3853 2824 τοῦ

2857 2835 3235 2912 ὁμολογητοῦζ

2282 2951 2338 3003 Ὀ
2370 2951 2519 3014 δσιος
2549 2953 2732 3024 Πατὴρ
2765 2954 2924 3024 ἡμῶν
2958 2952 3047 3007 καὶ
3097 2951 3458 3028 ὁμολοῃτής
3488 2960 3587 3010 τοῦ
3620 2959 3870 3032 Χριστοῦ

2213 3039 2496 3114 Θεόφιλος,
2535 3042 2602 3109 ἦν
2661 3043 2902 3117 μοναχὸς
2958 3039 3198 3113 εὐλαϐὴς
3249 3045 3340 3100 καὶ
3398 3042 3738 3124 φοϐούμενος
3767 3049 3869 3102 τὸν

2213 3131 2365 3199 Θεὸν,
2395 3129 2483 3184 ἐπὶ
2538 3137 2639 3201 τῆς
2699 3131 2975 3207 βασιλείας
3032 3133 3265 3198 Λέοντος
3318 3140 3416 3190 τοῦ
3467 3136 3730 3212 Ἰσαύρου.
3765 3142 3874 3194 "Ov

463 3237 697 3274 summo
731 3221 924 3275 studio
956 3220 1323 3285 incumbere,
1355 3225 1422 3276 ut
1451 3236 1649 3276 sacras
1667 3221 1956 3292 imagines
1979 3221 2105 3276 sub-

2219 3216 2350 3272 ἱδὼν
2403 3218 2780 3289 σπουδάζοντα
2853 3223 3212 3298 καταστρέψαι
3269 3226 3364 3288 τὰς
3421 3226 3578 3301 ἁγίας
3635 3227 3874 3298 εἰκόνας,

462 3314 735 3375 verteret,
771 3325 1099 3379 omnesque
1131 3311 1200 3364 ad
1252 3310 1781 3365 Iconomachorum
1838 3311 2112 3366 haeresim

466 3398 730 3452 traheret
758 3423 771 3462 ;
806 3398 1008 3452 divino
1040 3399 1162 3452 zelo
1194 3414 1502 3465 accensus,
1538 3399 1684 3453 adiit
1730 3415 1903 3454 eum:
1937 3405 2112 3469 atque

472 3486 794 3541 conﬁdenti
827 3487 1028 3541 animo
1049 3487 1397 3558 objurgavit,
1422 3488 1928 3557 praevaricatorem
1955 3504 2110 3554 eum,

469 3575 818 3631 Antichristi
850 3593 1298 3647 praecursorem,
1341 3577 1600 3648 fideique
1639 3577 1980 3632 orthodoxae
2012 3577 2116 3632 de-

476 3671 761 3720 sertorem
787 3665 1188 3720 inclamando.
1209 3667 1400 3730 Quare
1423 3666 1483 3720 in
1506 3666 1654 3721 iram
1679 3671 1737 3720 et
1756 3665 2116 3738 indignatio-

475 3771 613 3808 nem
643 3755 814 3809 illum
846 3755 1132 3822 excitans,
1173 3755 1430 3826 primum
1482 3755 1722 3825 quidem
1771 3755 2116 3827 gravissime

475 3845 723 3900 caeditur
749 3863 761 3900 :
793 3845 1007 3900 deinde
1040 3847 1100 3900 in
1132 3863 1429 3901 carcerem
1460 3846 1806 3916 includitur,
1831 3852 1900 3900 ut
1919 3846 2119 3900 inedia

471 3949 687 4004 corpus
744 3934 1157 3988 conﬁceretur.
1223 3935 1792 3990 Posteaecustodia
1845 3935 2114 3999 eductus,

473 4037 610 4076 cum
643 4037 850 4075 rursus
881 4020 1291 4091 impelleretur
1321 4027 1386 4076 ut
1416 4028 1756 4077 sanctarum
1789 4023 2117 4094 imaginum

473 4109 700 4165 cultum
733 4115 790 4163 et
818 4109 1226 4164 adorationem
1259 4111 1537 4180 ejuraret,
1569 4127 1679 4165 nec
1709 4111 1783 4166 ad
1813 4111 1874 4164 id
1913 4111 2116 4167 induci

475 4199 762 4270 posset,in
782 4198 1053 4252 exsilium
1079 4197 1284 4268 pulsus
1317 4199 1490 4267 est,in
1514 4216 1632 4270 quo
1663 4200 1881 4255 multas
1902 4217 2116 4255 mrum-

473 4303 582 4342 nas
613 4287 1019 4358 plurimasque
1052 4285 1354 4342 molestias
1383 4304 1720 4359 perpessus,
1753 4293 1812 4342 et
1837 4305 1944 4359 pro
1991 4305 2116 4343 om-

475 4375 650 4430 nibus
682 4376 867 4430 Deum
897 4374 1260 4446 gloriﬁcans,
1321 4377 1566 4447 ejusque
1627 4383 1829 4432 sancto
1886 4376 2115 4432 nomini

472 4464 690 4537 gratias
720 4480 920 4537 agens,
955 4463 1030 4519 ad
1055 4464 1352 4519 Christum
1383 4465 1556 4520 laetus
1586 4466 1877 4538 migravit.

1023 4670 1264 4726 EODEM
1304 4671 1558 4726 MENSE.

1143 4758 1248 4814 Die
1279 4760 1454 4816 tertia

477 4878 572 4935 85
605 4879 888 4935 Certamen
912 4878 1250 4931 sacrosancti
1277 4879 1538 4946 martyris
1584 4879 1836 4949 Dionysii
1865 4880 2119 4950 Areopa-

883 4961 1034 5028 gitae,
1071 4957 1414 5012 Athenarum
1443 4961 1702 5030 episcopi.

548 5076 788 5146 Magnus
820 5071 1136 5143 Dionysius
1167 5071 1229 5126 in
1260 5072 1405 5127 urbe
1452 5075 1815 5130 Athenarum
1863 5094 2017 5133 unus
2047 5094 2118 5133 ex

471 5163 566 5230 iis,
601 5163 702 5233 qui
732 5162 939 5234 gloria,
971 5160 1214 5228 divitiis,
1249 5167 1308 5215 et
1337 5162 1626 5233 sapientia
1649 5165 2034 5234 excellebant,
2057 5166 2117 5220 in

474 5268 563 5319 eo,
590 5268 765 5322 quem
787 5259 1154 5321 Areopagum
1178 5256 1409 5317 vocant,
1435 5267 1744 5306 causarum
1761 5253 1944 5324 judex
1968 5259 2112 5308 erat.

473 5342 618 5396 Cum
650 5357 785 5395 vero
805 5345 1044 5394 sanctus
1066 5339 1369 5409 apostolus
1391 5342 1610 5396 Paulus
1632 5344 1893 5396 Athenas
1920 5344 2114 5413 profe-

473 5435 622 5497 ctus,
652 5430 948 5485 Christum
985 5427 1354 5498 praedicaret,
1386 5430 1473 5484 uti
1505 5437 1633 5485 erat
1683 5432 1803 5486 acri
1853 5433 2112 5504 ingenio,

473 5521 780 5574 veritatem
811 5518 983 5573 facile
1008 5517 1322 5586 intellexit,
1349 5524 1406 5573 et
1427 5519 1489 5572 in
1511 5519 1810 5575 Christum
1832 5522 2111 5577 credidit:

470 5607 938 5678 baptizatusque,
991 5605 1354 5660 Athenarum
1410 5611 1724 5678 episcopus
1783 5609 2114 5688 ordinatur,

472 5696 810 5764 multosque
834 5695 1169 5749 Grmccrum
1193 5692 1478 5762 docuit,et
1497 5693 1569 5748 ad
1593 5695 1775 5750 Deum
1800 5714 2112 5755 conversos

2217 3308 2306 3361 καὶ
2359 3307 2562 3370 πάντας
2618 3311 2755 3383 πρὸς
2833 3313 2933 3379 τὴν
3015 3311 3414 3388 Εἶκονομάχων
3473 3315 3676 3389 αἳρεσιν
3747 3314 3874 3370 ἐπι-

2221 3397 2464 3470 στρέψαι,
2502 3397 2655 3471 ζήλῳ
2702 3399 2829 3472 θείῳ
2884 3401 3124 3471 κινηθεὶς
3179 3401 3375 3473 ἐστάθη
3419 3403 3648 3458 ἐνώπιον
3681 3405 3874 3464 αὐτοῦ,

2223 3487 2319 3540 Καὶ
2398 3488 2534 3558 μετὰ
2604 3488 2912 3564 παρρησίας
2987 3487 3214 3565 ἤλεγξεν
3289 3492 3470 3562 αὐτὸν,
3545 3513 3875 3569 παρανομον

2222 3576 2382 3632 αὐτὸν
2415 3575 2604 3648 εἰπὼν,
2663 3577 2752 3632 καὶ
2809 3583 2904 3634 τοῦ
2962 3581 3344 3656 Ἀντιχρίστου
3400 3579 3740 3657 πρόδρομον,
3771 3586 3868 3638 καὶ

2222 3664 2462 3739 ἀρνητήν
2535 3672 2637 3734 τῆς
2700 3665 2993 3740 ὀρθοδόξου
3059 3668 3313 3731 πίστεως.
3380 3670 3476 3733 Εἲς
3545 3672 3714 3743 θυμὸν
3779 3671 3878 3725 οὖν

2223 3753 2312 3807 καὶ
2393 3752 2560 3828 ὀργὴν
2635 3757 2860 3826 κινήσας
2935 3757 3119 3827 αὐτὸν,
3196 3763 3412 3832 πρῶτον
3493 3760 3587 3832 μὲν
3665 3759 3872 3836 ἐτύφθη

2225 3839 2496 3919 σφοδρῶς,
2529 3843 2620 3898 καὶ
2669 3844 2743 3906 εἷς
2801 3843 3049 3915 φυλακὴν
3099 3841 3394 3918 ἐνεϐλήθη,
3425 3849 3512 3902 καὶ
3569 3849 3671 3902 ὑπὸ
3699 3847 3877 3920 λιμοῦ

2222 3934 2285 3986 τὸ
2337 3937 2497 4005 σῶμα
2553 3931 2986 4005 κατεδαπανήθη.
3040 3938 3171 3992 Εῖτα
3221 3942 3320 4006 τῆς
3373 3941 3622 4014 φυλακῆς
3669 3932 3880 4008 ἐκϐλη-

2225 4022 2356 4090 θεὶς,
2413 4023 2505 4076 καὶ
2561 4021 2726 4078 πάλιν
2791 4024 3140 4098 ἀναγκασθεὶς
3205 4025 3535 4098 ἀρνήσασθαι
3598 4027 3698 4095 τήν
3760 4032 3873 4082 τῶν

2224 4110 2391 4184 ἁγίων
2450 4111 2669 4167 εἰκόνων
2725 4113 3094 4186 προσκύνησιν
3149 4112 3241 4169 καὶ
3293 4115 3354 4170 τὸ
3410 4109 3592 4184 σέϐας,
3651 4116 3739 4170 καὶ
3793 4118 3876 4187 μὴ

2224 4200 2486 4270 πεισθεὶς,
2545 4199 2620 4264 εἷς
2677 4199 2884 4272 ἐξορίαν
2945 4203 3359 4260 ἀποστέλλεται.
3422 4204 3520 4259 Καὶ
3572 4205 3684 4260 ἐκεῖ
3728 4201 3879 4260 πολ-

2226 4287 2358 4352 λοὺς
2388 4291 2724 4363 πειρασμοὺς
2775 4291 3089 4364 ὑπομείνας,
3144 4293 3234 4348 καὶ
3287 4292 3452 4368 μυρία
3481 4290 3629 4348 δεινά
3657 4294 3875 4367 παθὼν,

2225 4378 2314 4433 καὶ
2373 4377 2458 4432 ἐπὶ
2516 4384 2647 4434 πᾶσι
2702 4381 2793 4434 τὸν
2855 4381 2983 4436 Θεὸν
3045 4378 3300 4454 δοξάζων,
3357 4381 3446 4437 καὶ
3497 4386 3577 4454 τῷ
3643 4383 3876 4456 ὀνόματι

2223 4471 2302 4538 τῷ
2359 4468 2496 4542 ἁγίῳ
2552 4467 2720 4524 αὐτοῦ
2777 4468 3136 4546 εὐχαριστῶν,
3194 4471 3330 4546 πρὸς
3388 4471 3624 4545 Χριστὸν
3656 4472 3874 4547 χαίρων

2153 4577 2201 4642 D
2230 4553 2579 4630 ἐξεδήμησενο

2786 4676 2965 4732 ΜΙΙΝΙ
3002 4679 3085 4728 ΤΩ
3123 4678 3315 4732 ΑΥΤΩ.

3024 4792 3078 4846 Γ,

2299 4879 2568 4976 ’Δθλησίς
2614 4885 2712 4936 τοῦ
2755 4881 2912 4976 ἁγίου
2955 4880 3676 4976 ἱερομάρτυροςιθιονυσίου
3704 4888 3801 4939 τοῦ

2510 4952 2926 5029 ⁹Λρι-ιοπαγίτου,
2978 4952 3276 5009 ἐπισκόπου
3322 4955 3586 5026 Ἀθηνῶν.

2295 5070 2356 5126 Ὀ
2391 5065 2555 5145 μέγας
2585 5071 2862 5136 Διονύσιος
2894 5072 3111 5148 ὑπῆρχε
3163 5071 3258 5145 μὲν
3290 5069 3340 5126 ἐν
3375 5074 3583 5144 Ἀθήνη
3611 5077 3678 5148 τῇ
3709 5073 3872 5128 πόλει

2225 5170 2300 5230 εἷς
2353 5175 2459 5224 τῶν
2506 5166 2756 5240 ἐνδόξων,
2809 5170 2899 5224 καὶ
2956 5171 3259 5244 πλουσίων,
3318 5172 3408 5226 καὶ
3465 5177 3663 5250 σοφῶν·
3697 5169 3872 5246 ἔκρινε

2226 5253 2284 5310 δὲ
2340 5255 2416 5320 εἷς
2492 5257 2584 5312 τὸν
2662 5255 2956 5332 λεγόμενον
3035 5261 3244 5334 Ἀρειον
3305 5259 3474 5336 πάγον
3537 5261 3630 5323 τὰς
3696 5259 3869 5324 δίκας.

2224 5342 2586 5409 Ἀπελθόντος
2651 5345 2708 5402 δὲ
2770 5351 2866 5402 τοῦ
2933 5347 3084 5423 ἁγίου
3149 5345 3460 5406 ἀποστόλου
3517 5349 3737 5406 Παύλου
3794 5349 3873 5412 εἷς

2224 5432 2479 5504 Ἀθήνας,
2537 5435 2624 5489 καὶ
2683 5435 3048 5510 κηρύττοντος
3100 5437 3190 5492 τὸν
3259 5441 3510 5515 Χριστὸν,
3567 5439 3740 5515 ταχὺς
3798 5435 3871 5492 ὥν

2220 5523 2322 5590 τήν
2377 5523 2608 5592 σύνεσιν,
2661 5523 2870 5598 ἐπέγνω
2926 5525 3024 5593 τὴν
3084 5527 3366 5598 ἀλήθειαν,
3427 5530 3517 5583 καὶ
3566 5529 3869 5585 ἐπίστευσεν

2222 5610 2298 5673 εἷς
2375 5612 2632 5687 Χριστόν.
2710 5615 2809 5670 Καὶ
2893 5614 3228 5688 βαπτισθεὶς,
3287 5624 3685 5694 χειροτονεῖται
3752 5619 3871 5674 ἐπί-

2221 5719 2422 5764 σκοπος
2449 5703 2716 5772 Ἀθηνῶν·
2778 5699 3044 5758 διδάσκων
3098 5701 3346 5767 πολλοὺς
3398 5711 3507 5762 τῶν
3563 5706 3872 5780 Ἐλλήνων,
