4132 6328
243 368 319 428 85
1763 361 2150 427 OCTOBER.
3595 358 3676 418 86

246 499 494 590 καὶπρὸς
526 500 659 590 Θ-εον
693 499 1056 578 ἐπιστρέφων,
1113 502 1199 556 καὶ
1260 499 1555 576 βαπτίζων.
1610 498 1818 571 Ἐμαθε
1850 494 1907 551 δὲ

2022 515 2350 590 baptizavit.
2386 519 2602 575 Didicit
2654 519 2834 573 etiam
2891 529 3109 570 arcana
3164 511 3266 568 Dei
3323 509 3672 582 mysteriaa

245 589 338 679 ααὶ
369 589 437 642 τὰ
467 588 764 664 ἀπόρῥητα
808 611 1085 664 μυστηρια
1111 594 1210 645 τοῦ
1266 594 1397 648 Θεοῦ
1447 589 1549 644 ὑπὸ
1603 591 1706 642 τοῦ
1763 584 1915 660 ἁγίου

268 677 510 752 [εροθέου
565 683 666 733 τοῦ
740 679 1054 755 ἐρισκόπου.
1115 681 1218 736 Καὶ
1293 679 1664 754 συνεγράψατο
1726 671 1916 750 βιϐλία

247 765 425 821 πολλᾶ
465 767 590 838 περὶ
649 773 758 821 τῶν
820 768 1161 844 ἐπουρανίων
1220 767 1525 839 δυνάμεων.
1587 761 1915 835 Διαϐληθεῖς

249 854 303 908 δὲ
329 860 410 926 τῷ
439 859 550 910 τῶν
580 857 828 925 Ἀθηνῶν
860 855 1088 932 ἄρχοντι
1135 857 1282 930 παρᾶ
1311 860 1416 910 τῶν
1451 853 1794 926 εἰδωλολατρ
1811 857 1910 924 ῶν,

249 943 521 1016 ὲκραθήθη
574 945 711 1018 μετὰ
763 943 860 1000 δύο
924 949 1182 1019 μαθητῶν
1215 946 1408 1015 αὐτοῦ,
1447 945 1537 999 καὶ
1595 943 1784 999 πολλὰ
1832 964 1918 997 τι-

251 1034 616 1104 μωρηθέντες,
672 1039 891 1107 πρῶτος
956 1036 1049 1107 μὲν
1105 1036 1271 1097 αὐτός
1333 1032 1766 1111 ἀπεκεφαλίσθη.
1817 1029 1916 1085 Καὶ

249 1121 539 1194 δεξάμενος
596 1124 696 1192 τὴν
752 1123 996 1200 κεφαλὴν
1058 1123 1226 1180 αὐτοῦ
1277 1129 1397 1186 ταῖς
1458 1122 1686 1184 οἰκείαις
1733 1119 1915 1196 χερσὶ,

249 1210 621 1283 περιεπάτησε
703 1211 870 1284 μίλια
925 1209 1043 1268 δύο.
1108 1212 1204 1267 Καὶ
1266 1211 1326 1267 οὗ
1380 1211 1645 1285 πρότερον
1703 1206 1914 1280 ἔθηκεν,

251 1299 419 1366 αὐτὴν
455 1345 472 1370 ,
537 1297 642 1361 ἔως
729 1301 1005 1371 συήντησε
1097 1299 1316 1376 γυναικὶ
1406 1301 1752 1373 Χριστιανῇ,
1825 1298 1915 1351 καὶ

249 1387 524 1443 ἐπέδωκεν
585 1387 775 1458 αὐτην.
847 1391 1076 1447 Ἔπειτα
1152 1390 1665 1464 ἀπεκεφαλίσθησαν
1715 1388 1803 1442 καὶ
1865 1387 1916 1441 οἱ

263 1474 359 1531 δύο
394 1479 644 1550 μαθηταὶ
672 1477 859 1535 αὐτοῦ.

828 1596 1015 1654 ΜΗΝΙ
1046 1597 1135 1653 ΤΩ
1163 1597 1349 1653 ΑΥΤΩ

1067 1713 1118 1767 Δ.

2029 615 2232 665 sancto
2266 610 2581 665 Hierotheo
2616 609 2917 679 episcopo,
2942 611 3000 660 et
3018 603 3238 659 multos
3268 601 3452 655 libros
3474 599 3546 654 de
3562 617 3672 655 caa-

2027 697 2278 755 lestibus
2309 699 2622 754 virtutibus
2662 695 3034 766 conscripsit.
3087 692 3326 747 Delatus
3370 695 3566 745 autem
3599 689 3671 744 ad

2028 791 2394 845 Athenarum
2424 789 2764 861 praefectum
2804 785 2876 840 ab
2895 784 3184 848 idolatris,
3216 778 3670 851 comprehendi-

2029 883 2124 933 tur
2151 896 2286 934 cum
2344 877 2573 932 duobus
2623 874 2934 946 discipulis
2969 890 2980 928 :
3023 886 3277 941 cumque
3331 868 3519 923 multa
3553 873 3671 922 tor-

2028 973 2230 1023 menta
2257 967 2598 1033 subiissent,
2631 966 2858 1037 primus
2887 961 3127 1034 quidem
3164 960 3289 1031 ipse
3321 956 3672 1022 decollatur,

2029 1057 2129 1127 qui
2161 1056 2283 1110 suis
2313 1055 2593 1110 manibus
2627 1059 2805 1124 caput
2825 1052 2898 1107 ad
2929 1051 3045 1105 duo
3074 1048 3354 1103 milliaria
3408 1046 3670 1113 sustulit,

2025 1163 2138 1202 nec
2179 1147 2347 1218 prius
2385 1145 2681 1217 deposuit,
2723 1158 2900 1214 quam
2931 1139 3279 1195 Christianas
3307 1137 3543 1192 femina;
3569 1136 3672 1190 ob-

2027 1237 2177 1290 viam
2209 1235 2422 1303 factus,
2474 1232 2624 1288 illud
2655 1233 2707 1288 ei
2743 1230 3002 1286 tradidit.
3037 1231 3250 1284 Postea
3279 1231 3338 1282 et
3368 1225 3484 1282 duo
3544 1225 3672 1296 ejus

2027 1324 2306 1396 discipuli
2341 1323 2532 1394 capite
2563 1320 2897 1377 obtruncati
2929 1323 3087 1374 sunt.

2580 1615 2821 1672 EODEM
2859 1612 3112 1668 MENSE.

2680 1731 2782 1786 Die
2813 1732 3025 1801 quarta

245 1823 526 1896 Ἀθλησις
626 1831 736 1929 τῶν
817 1827 984 1929 άγίων
1069 1828 1359 1904 μαρτύρων
1443 1825 1741 1884 Ἀδαύκτου
1819 1827 1907 1881 καὶ

2025 1852 2120 1908 87
2157 1853 2439 1909 Certamen
2466 1855 2782 1905 sanctorum
2826 1851 3137 1916 martyrum
3193 1843 3432 1898 Adaucti
3462 1847 3515 1898 et
3546 1838 3675 1895 Cal-

571 1915 941 1987 Καλλισθένης
971 1923 1068 1988 τῆς
1098 1919 1266 1973 αὐτοῦ
1305 1916 1593 1993 θυγατρός.

318 2029 625 2094 Ἀδαυκτος
656 2034 684 2088 ὁ
719 2036 946 2108 μάρτυς,
995 2036 1214 2110 ὑπῆρχε
1265 2035 1362 2108 μὲν
1416 2035 1520 2089 ἀπὸ
1548 2041 1650 2103 τῆς
1689 2033 1905 2095 πόλεως

249 2123 504 2197 Ἐφέσου.
569 2120 758 2196 ἐπεῖχε
805 2119 862 2177 δὶ
884 2125 984 2192 τὴν
1028 2127 1125 2177 τοῦ
1183 2121 1376 2186 δουκὸς
1406 2123 1577 2194 ἀξίαν,
1637 2121 1724 2178 ἐπὶ
1785 2125 1901 2179 Μα-

247 2209 468 2282 ξιμίνου
497 2215 597 2264 τοῦ
635 2209 928 2284 βασιλέως.
975 2205 1119 2285 ἔχων
1167 2211 1257 2267 καὶ
1316 2213 1582 2286 θυγατέρα
1635 2211 1898 2286 παρθένον

243 2299 336 2352 καὶ
394 2297 814 2375 εὐμορφοτάτην
852 2343 865 2368 ,
927 2297 1296 2366 Καλλίσθένην
1359 2300 1610 2373 ὀνόματι.
1642 2298 1900 2361 Ἀκούσας

246 2385 304 2441 ὃὶ
334 2387 364 2441 ὁ
399 2387 708 2460 Μαξιμίνος
757 2389 879 2459 περὶ
909 2395 1100 2458 αυτῆς,
1155 2388 1465 2444 ἀπέστειλεν
1525 2387 1698 2444 ἐλθεῖν
1731 2387 1898 2456 αὐτὴν

244 2477 384 2551 πρὸς
447 2475 608 2530 αὐτόν
642 2519 656 2532 .
717 2478 778 2534 Ὁ
846 2475 902 2531 δὲ
976 2479 1154 2551 πατὴρ
1212 2477 1378 2547 αὐτῆς
1426 2474 1649 2552 ἔκρυψεν
1710 2477 1898 2546 αὐτὴν,

246 2561 588 2641 φυγαδεύσας
647 2564 724 2626 εἰς
781 2564 848 2620 τὰ
905 2570 1043 2640 μέρη
1102 2573 1202 2635 τῆς
1259 2565 1580 2634 Ἀνατολῆς.
1617 2566 1810 2629 Μαθὼν
1842 2563 1898 2620 δὲ

244 2658 409 2708 τοῦτο
465 2655 493 2708 ὁ
552 2655 861 2727 Μαξιμῖνος
894 2699 906 2723 ,
964 2656 1055 2710 καὶ
1112 2657 1378 2730 ὀργισθεὶς
1413 2699 1426 2725 ,
1486 2655 1750 2728 ἐκράτησε
1803 2657 1893 2710 τὸν

245 2742 551 2799 Ἀδαυκτον
632 2746 898 2820 προφάσει
967 2749 1062 2800 τοῦ
1119 2747 1587 2818 Χριστιανισμοῦσ
1648 2747 1735 2800 καὶ
1795 2743 1894 2816 δηυ

250 2833 476 2903 μύσας,
549 2831 802 2908 εξώρισεν
880 2832 957 2896 εἷς
1041 2834 1456 2907 Μεσοποταμίαν
1492 2879 1505 2904 ,
1558 2834 1766 2910 γράψας
1819 2839 1899 2906 τῷ

243 2929 344 2990 τῆς
406 2924 834 2996 Μεσοποταμίας
893 2926 1168 3001 ἄρχοντι,
1230 2925 1520 3000 ἀναγκάσαι
1581 2926 1674 2999 μὲν
1735 2925 1895 2980 αὐτὸν

247 3016 402 3074 θῦσαι
463 3017 580 3074 τοῖς
630 3011 920 3076 είδώλοις’
981 3017 1055 3087 μή
1116 3015 1434 3087 πειθόμενον
1487 3012 1564 3083 δὶ,
1619 3018 1895 3091 φονεῦσαι.

244 3102 306 3157 Ὁ
366 3098 428 3156 δὲ
503 3099 692 3176 ἄρχων
782 3104 858 3175 μὴ
940 3103 1126 3164 πείσας
1203 3103 1400 3171 αὐτὸν,
1481 3103 1894 3177 ἀπεκεφάλισεν.

2545 1937 2800 1992 tisthenes
2848 1937 2966 2006 ejus
2991 1933 3144 2002 ﬁliae.

2086 2057 2386 2112 Adauctus
2443 2057 2668 2124 martyr
2717 2069 2788 2107 ex
2855 2051 3000 2105 urbe
3057 2049 3289 2120 Epheso
3348 2045 3660 2115 oriundus,

2013 2147 2182 2202 ducis
2208 2146 2494 2216 dignitate
2523 2141 2890 2213 temporibus
2929 2138 3231 2194 Maximini
3287 2135 3664 2208 imperatoris

2013 2240 2278 2302 ornatus,
2313 2233 2498 2289 filiam
2531 2232 2818 2303 virginem
2851 2246 2917 2284 ac
2949 2226 3430 2282 venustissimam
3459 2223 3668 2279 habuit

2011 2324 2436 2379 Callisthenem
2457 2321 2698 2376 nomine
2724 2336 2736 2374 :
2761 2319 2933 2390 cujus
2958 2317 3150 2372 forma
3173 2320 3379 2386 captus
3403 2312 3662 2368 Maximi-

2011 2431 2144 2478 nus,
2171 2413 2354 2485 jussit
2383 2428 2514 2466 eam
2546 2410 2620 2465 ad
2652 2427 2714 2464 se
2745 2408 2980 2463 adduci.
3017 2409 3091 2460 At
3121 2409 3289 2476 pater
3319 2420 3455 2458 cum
3499 2402 3667 2456 illam

2010 2504 2385 2570 occultasset,
2410 2501 2471 2554 in
2486 2498 2742 2554 Orientis
2765 2501 2961 2567 partes
2983 2509 3116 2549 ama
3133 2493 3354 2548 ndavit.
3377 2490 3541 2556 Quod
3567 2488 3670 2544 ubi

2008 2591 2357 2648 Maximinus
2387 2588 2699 2650 intellexit,
2734 2586 2932 2640 furore
2996 2583 3278 2656 percitus,
3329 2579 3664 2635 Adauctum

2005 2683 2252 2736 obtenta
2276 2679 2627 2735 Christianas
2659 2675 2795 2730 ﬁdei
2825 2690 3004 2729 causa
3032 2677 3400 2742 correptum,
3433 2675 3492 2724 et
3516 2684 3660 2740 pro.

2006 2771 2315 2840 scriptum,
2333 2768 2394 2821 in
2414 2765 2895 2836 Mesopotamiam
2916 2762 3217 2833 relegavit,
3250 2776 3388 2814 cum
3411 2756 3654 2812 manda-

2007 2859 2081 2913 tis
2110 2858 2185 2913 ad
2217 2855 2648 2926 Mesopotamiaa
2680 2852 3045 2924 praafectum,
3071 2856 3138 2904 ut
3159 2866 3294 2904 eum
3328 2847 3402 2902 ad
3434 2846 3666 2902 sacriﬁ-

2007 2947 2262 3003 candum
2289 2943 2468 2999 idolis
2497 2940 2914 3012 compelleret;
2935 2955 3105 2993 secus
3138 2936 3478 3003 facientem,
3513 2935 3663 2989 inte-

2006 3038 2264 3091 rimeret.
2293 3033 2588 3089 Adauctus
2612 3030 2808 3102 igitur,
2833 3029 2896 3083 in
2924 3027 3222 3083 sententia
3249 3039 3656 3096 perseverans,

2006 3127 2196 3198 capite
2228 3124 2542 3179 damnatus
2593 3126 2682 3174 est
2737 3135 2771 3174 a
2821 3117 3118 3189 prasfecto,
3163 3113 3551 3185 sepultusque
3585 3111 3656 3165 ab
3706 3107 3708 3109 ’

245 3190 582 3292 Εἷταὲτάφη
633 3191 779 3292 παρὰ
831 3197 932 3258 τῆς
980 3191 1232 3265 γυναικὸς
1289 3191 1474 3262 αὐτοῦ,
1534 3192 1623 3246 καὶ
1675 3199 1774 3262 τῆς
1805 3194 1898 3247 θυ-

2022 3190 2190 3272 uxore
2221 3219 2280 3269 et
2312 3213 2456 3268 filia.
2489 3209 2599 3264 Sed
2630 3225 2764 3263 cum
2789 3222 2990 3262 rerum
3052 3204 3275 3276 potitus
3326 3207 3484 3257 esset
3514 3201 3662 3256 Lici-

241 3279 488 3353 γατρός.
538 3283 647 3347 Τῆς
708 3276 764 3333 δὶ
833 3280 1110 3354 βασιλείας
1171 3281 1543 3354 κρατήσαντος
1598 3281 1897 3349 Λικιννίου,

245 3368 566 3442 προσῆλθεν
601 3370 636 3437 ἡ
688 3366 1024 3438 Καλλισθένη
1079 3372 1146 3442 τῇ
1196 3367 1511 3443 βασιλίσσῃ,
1572 3369 1662 3424 καὶ
1703 3367 1903 3444 διηγή-

245 3479 376 3512 σατο
445 3457 640 3515 πάντα.
718 3457 820 3514 Καὶ
894 3461 996 3531 τῇς
1075 3455 1360 3532 βασιλίδος
1423 3457 1710 3533 προστάξει
1775 3479 1902 3531 μετ-

247 3547 475 3619 εκόμισε
500 3550 601 3600 τοῦ
653 3546 855 3620 πατρὸς
912 3545 1084 3615 αὐτῆς
1113 3546 1175 3600 τὸ
1231 3546 1483 3620 λείψανον
1522 3547 1598 3611 εἰς
1641 3547 1898 3626 Ἔφεσον.

249 3638 382 3692 Εἶτα
406 3638 500 3689 καὶ
521 3633 660 3704 αὐτὴ
690 3633 874 3696 καλῶς
901 3635 1190 3709 βιώσασ[α]
1221 3633 1547 3706 ἐτελειώθη.

847 3751 928 3824 Τῇ
961 3748 1098 3822 αὐτῇ
1139 3747 1324 3826 ἡμίρφ

252 3868 530 3940 Ἀθλησις
579 3872 679 3923 τοῦ
734 3866 888 3942 ἁγίου
939 3867 1332 3943 ίερομάρτυρος
1374 3869 1580 3944 [Ιέτρου
1610 3868 1908 3924 ἐπισκόπου

883 3955 1260 4012 Καπετωλὲων
1272 4001 1285 4014 .

328 4071 551 4143 νΕλλην
634 4073 877 4147 ὑπῆρχεν
933 4074 1092 4136 οὗτος
1147 4074 1174 4128 ὁ
1235 4075 1435 4146 Πέτρος
1469 4092 1482 4106 ⁸
1541 4073 1667 4130 ἀλλ’
1721 4072 1908 4141 ἐπειδὴ

253 4169 352 4230 τῆς
410 4166 512 4217 τοῦ
589 4165 824 4234 Χριστοῦ
882 4159 1230 4223 διδασκαλίας
1287 4161 1560 4238 ἐγεύσατο,
1621 4162 1909 4225 πιστεύσας

255 4247 556 4320 ἐϐαπτίσθη
589 4250 723 4322 μετᾶ
768 4256 868 4318 τῆς
921 4251 1192 4324 γυναικὸς,
1250 4251 1341 4306 καὶ
1397 4256 1508 4305 τῶν
1564 4251 1789 4318 τὲκνῶν,
1821 4252 1906 4305 καὶ

256 4338 389 4394 ὅλου
447 4344 548 4394 τοῦ
608 4337 761 4394 οἴκου
809 4338 996 4393 αὐτοῦ.
1052 4341 1181 4396 Εἶτα
1237 4339 1525 4412 ἀναγνοὺς,
1581 4341 1671 4394 καὶ
1727 4340 1908 4414 μαθὼν

253 4432 352 4497 τήν
387 4428 537 4492 θείαν
594 4429 802 4502 Γραφή,
862 4431 962 4492 τῆς
1021 4432 1130 4481 τῶν
1195 4427 1557 4485 Καπετωλέων
1617 4426 1912 4497 ἐκκλησίας

255 4516 659 4592 προεχειρίσθη
694 4517 1014 4578 ἐπίσκοπος.
1051 4515 1306 4578 Πολλοὺς
1356 4515 1414 4571 δὲ
1466 4521 1574 4571 τῶν
1627 4515 1911 4585 Ἐλλήνων

2009 3305 2166 3374 nius,
2197 3303 2345 3358 adiit
2368 3298 2729 3355 Callisthene
2763 3299 3108 3368 Augustam.
3144 3309 3177 3348 a
3207 3308 3346 3362 qua,
3381 3306 3448 3344 re
3479 3290 3666 3358 omni,

2008 3395 2094 3450 uti
2128 3409 2188 3448 se
2220 3391 2528 3454 habuerat,
2562 3386 2848 3458 exposita,
2882 3382 3241 3454 impetravit,
3264 3386 3330 3434 ut
3359 3380 3542 3450 patris
3574 3395 3671 3433 re-

2010 3483 2225 3553 liquias
2255 3480 2553 3550 Ephesum
2587 3475 2935 3531 transferret
2963 3489 2976 3539 ;
3029 3471 3128 3526 ubi
3162 3471 3294 3541 ipsa
3325 3485 3463 3524 cum
3492 3468 3670 3523 vitam

2009 3577 2170 3628 recte
2203 3568 2581 3637 traduxisset,
2611 3564 2892 3620 decessit.
3159 3559 3170 3570 ⁸

2662 3750 2885 3805 Eodem
2931 3747 3025 3803 die

2015 3876 2115 3933 88
2147 3875 2432 3932 Certamen
2477 3869 2806 3926 sacrosancti
2870 3865 3134 3936 martyris
3192 3865 3366 3931 Petri,
3427 3865 3666 3935 episCOpi

2633 3956 3058 4028 Capitoleorum.

2088 4081 2322 4133 Graecus
2344 4081 2471 4131 erat
2499 4075 2596 4129 hic
2620 4076 2828 4128 Petrus
2857 4090 2868 4126 :
2899 4071 3001 4126 sed
3033 4070 3132 4124 ubi
3163 4071 3423 4141 primum
3454 4069 3669 4124 Christi

2019 4168 2352 4223 doctrinam
2379 4164 2732 4236 degustavit,
2767 4159 3039 4226 credidit,
3071 4159 3514 4229 baptizatusque
3562 4158 3675 4213 fuit

2020 4274 2153 4313 cum
2185 4272 2389 4323 uxore,
2423 4254 2628 4308 liberis
2657 4294 2669 4318 ,
2714 4256 2954 4320 totaque
2991 4249 3237 4304 familia.
3271 4248 3494 4303 Deinde
3526 4248 3673 4302 divi-

2019 4363 2158 4402 nam
2207 4345 2571 4415 Scripturam
2617 4341 2820 4413 legens
2851 4356 2917 4393 ac
2945 4337 3202 4403 discens,
3235 4336 3673 4408 Capitoleorum

2019 4435 2296 4491 Ecclesiae
2332 4433 2644 4504 episcopus
2679 4428 3077 4484 renuntiatur.
3113 4428 3257 4480 Cum
3287 4442 3422 4480 vero
3455 4426 3673 4479 multos

2025 4528 2360 4582 Graecorum
2383 4520 2650 4577 docendo
2673 4519 2747 4575 ad
2767 4519 3065 4573 Christum
3086 4515 3490 4582 convertisset,
3515 4519 3677 4568 mota

257 4603 557 4674 διδάσκων,
601 4603 690 4658 καὶ
748 4605 884 4678 πρὸς
945 4611 1178 4678 Χριστον
1244 4605 1607 4682 ἐπιστρέφων,
1666 4603 1907 4680 διωγμοῦ

2022 4616 2303 4671 adversus
2354 4611 2720 4666 Christianos
2777 4604 3212 4678 persecutione,
3271 4602 3344 4658 ab
3401 4601 3673 4658 idolatris

251 4694 569 4764 κινηθέντος
628 4694 766 4748 κατὰ
822 4697 928 4747 τῶν
988 4696 1324 4768 Χριστιανῶν
1363 4739 1375 4762 ,
1436 4694 1705 4768 ἐκρατήθη
1766 4692 1912 4768 παρᾶ

254 4788 367 4837 τῶν
429 4779 852 4856 εἰδωλολατρῶν
888 4801 900 4814 ·
977 4781 1064 4837 καὶ
1140 4780 1388 4859 σφοδρῶς
1470 4783 1732 4859 τυφθεὶς,
1822 4781 1911 4837 καὶ

256 4870 486 4925 ἁλύσεσι
571 4868 796 4942 δεθεὶς,
876 4869 1148 4943 παρεδόθη
1227 4871 1308 4943 τῷ
1386 4874 1614 4947 ἄρχοντι
1651 4915 1662 4927 .
1738 4872 1799 4928 Ὀ
1859 4868 1915 4925 δὲ

255 4960 452 5036 ἄρχων
517 4962 595 5033 μή
662 4959 848 5022 πείσας
934 4961 1118 5030 αὐτὸν,
1204 4966 1388 5029 θῦσαι,
1433 4968 1551 5024 τοῖς
1636 4959 1917 5030 εἰδώλοις,

254 5051 385 5113 τοὺς
425 5049 752 5126 ὀφθαλμοὺς
810 5049 1060 5124 ἐξώρυξε,
1091 5051 1180 5104 καὶ
1231 5052 1331 5119 τήν
1381 5050 1632 5124 γλῶτταν
1682 5051 1916 5124 ἐξέτεμε,

255 5140 347 5194 καὶ
404 5138 475 5194 τὰ
526 5137 665 5192 ὠτία
719 5139 1007 5211 ἀπέκοψε,
1065 5138 1155 5193 καὶ
1199 5139 1292 5198 τὰς
1351 5145 1541 5214 χεῖρας
1574 5183 1588 5206 ,
1645 5140 1734 5194 καὶ
1789 5138 1919 5200 τοὺς

257 5227 438 5290 πόδας
499 5227 918 5302 ἐνευροκόπησε.
978 5228 1137 5284 Μετᾶ
1194 5225 1255 5282 δὶ
1310 5228 1372 5282 τὸ
1431 5232 1655 5293 ποιῆσαι
1722 5227 1917 5291 ταύτας

255 5321 353 5382 τὰς
407 5315 687 5389 τιμωρίας
779 5316 1009 5391 σταυρὸν
1094 5315 1428 5391 εὐτρεπίσας,
1513 5316 1779 5392 ἐκρέμασε
1827 5317 1916 5372 τὸν

260 5409 442 5483 ἅγιον,
475 5403 781 5479 εὐχόμενον
838 5405 974 5479 πρὸς
1023 5405 1114 5460 τὸν
1161 5406 1315 5476 Θεὸν,
1373 5405 1463 5461 καὶ
1522 5405 1776 5482 λέγοντα.
1813 5406 1919 5464 K6-

2024 4709 2230 4775 cap'tus
2255 4701 2598 4774 gravissime
2625 4696 2903 4761 caeditur;
2927 4693 3272 4763 catenisque
3294 4693 3672 4761 constrictus,

2023 4793 2096 4848 ad
2128 4790 2442 4862 praesidem
2477 4787 2831 4842 adducitur:
2864 4783 2963 4853 qui
3009 4798 3145 4836 cum
3175 4797 3310 4836 eum
3341 4782 3416 4837 ad
3447 4782 3672 4838 sacriﬁ-

2025 4879 2282 4936 candum
2306 4877 2484 4932 idolis
2532 4874 2815 4929 inducere
2847 4871 3142 4941 nequiret,
3187 4871 3342 4925 eruit
3372 4872 3423 4926 ei
3446 4871 3673 4939 oculos,

2031 4969 2297 5039 linguam
2329 4963 2618 5037 praecidit,
2651 4978 2824 5017 aures
2870 4959 3213 5031 amputavit,
3254 4975 3542 5014 manuum
3573 4975 3677 5030 pe-

2033 5057 2294 5126 dumque
2353 5069 2562 5108 nervos
2611 5049 2880 5106 succidit.
2932 5051 3071 5104 Post
3106 5049 3214 5103 hos
3273 5049 3591 5116 cruciatus,
3616 5049 3679 5103 in

2028 5148 2418 5216 praeparatam
2467 5155 2704 5195 crucem
2764 5142 3037 5192 sanctum
3107 5135 3224 5206 egit
3282 5141 3553 5191 orantem
3605 5135 3679 5190 ad

2029 5235 2215 5288 Deum
2248 5248 2315 5287 ac
2342 5231 2639 5286 dicentem
2657 5245 2670 5281 :
2688 5228 3000 5292 Domine,ne
3014 5230 3222 5279 statuas
3245 5225 3357 5278 illis
3377 5224 3476 5280 hoc
3487 5240 3686 5294 pecca-

2030 5329 2144 5378 tum
2165 5322 2206 5376 ⁸.
2232 5319 2494 5376 Tandem
2514 5317 2706 5373 adhuc
2731 5314 2981 5386 spiranti
3006 5312 3224 5367 milites
3246 5318 3422 5384 caput
3441 5313 3688 5367 obtrun-

2033 5415 2355 5469 caverunt;
2386 5414 2564 5479 atque
2587 5408 2670 5461 ita
2697 5405 2876 5459 vitam
2907 5403 3116 5458 ﬁnivit.

260 5517 364 5572 ριε,
394 5497 473 5568 μὴ
509 5494 715 5568 στήσῃς
744 5493 926 5558 αὐτοῖς
973 5495 1070 5564 τὴν
1120 5494 1391 5570 ἁμαρτίαν
1432 5496 1658 5568 ταύτην.
1690 5497 1823 5554 Ἐπι
1856 5493 1914 5550 δὲ
1942 5496 2237 5572 ἐμπέοντα,
2271 5495 2444 5566 ἦλθον
2474 5496 2527 5550 οἱ
2558 5497 2906 5571 στρατίῶται,
2938 5491 3029 5546 καὶ
3071 5488 3469 5567 ἀπεκεφάλισαν
3496 5487 3683 5546 αὐτόνο

257 5587 351 5642 καὶ
387 5581 568 5645 οὕτως
598 5581 916 5654 ἐτελειώθη.

327 5715 352 5751 ⁵
381 5717 518 5770 Act.
553 5727 654 5783 vn,
687 5714 772 5768 59.
