4140 6302
290 378 357 440 89
1833 371 2217 461 OCTOBER.
3642 386 3723 451 90

295 512 447 567 αὐτοῦ
476 508 764 586 σωτήριον
820 511 1246 588 ἑνανθρώπησιν
1273 516 1391 577 τοῖς
1447 512 1607 571 πᾶσιν
1666 512 1970 589 ἀνακηρύτ-

2087 521 2305 574 cantes.
2340 512 2735 583 Quamobrem
2764 510 3177 592 comprehensi
3210 516 3268 574 et
3297 519 3411 591 ipsi
3446 518 3520 574 ab
3544 520 3735 575 idolo-

298 596 608 661 τοντες·διᾶ
664 604 849 657 τοῦτο
912 602 1273 678 κρατηθέντες
1329 603 1421 658 καῖ
1479 602 1637 660 αότοῖ
1689 603 1834 677 παρὰ
1860 607 1969 658 τῶν

305 686 753 764 εἷδωλολατρῶν,
786 690 884 745 καὶ
920 688 1161 755 δεθέντες
1191 692 1409 748 ἆλύσεσι
1454 690 1725 769 σιδηραῖς,
1756 690 1838 764 τῷ
1874 699 1972 761 τῆς

309 773 715 851 Ἀλεξανδρείας
805 777 1191 854 παρεδόθησαν
1271 781 1520 856 ἄρχοντι.
1581 779 1679 836 καί
1733 778 1971 842 πολλαῖς

314 867 558 941 βασάνοις
613 862 1061 938 ὗποϐληθέντες,
1116 868 1275 925 τέλος
1335 869 1363 926 ὀ
1418 870 1514 943 μὲν
1572 867 1832 935 Εὐσέϐιος
1886 870 1975 925 έπὶ

313 954 470 1025 ξύλου
498 957 864 1030 κρεμασθεὶς,
914 958 1007 1013 καὶ
1066 959 1264 1031 ξεσθεῖς
1316 958 1633 1031 ἐτελειώθη.
1666 960 1728 1017 Ὁ
1758 956 1815 1015 δὲ
1841 960 1977 1017 Χαι-

312 1046 500 1120 ρήμων
535 1040 773 1120 ῥάϐδοις
802 1046 1149 1120 τυπτόμενος
1180 1047 1511 1119 ἐξέπνευσεν.

910 1167 991 1238 Τῇ
1026 1163 1160 1239 αὐτῇ
1192 1164 1377 1239 ἡμέρᾳ

310 1250 515 1323 Πνήμη
573 1255 675 1305 τοῦ
733 1250 787 1307 έν
839 1252 1012 1329 ἁγίοις
1067 1255 1277 1329 Πατρὸς
1331 1257 1494 1329 ἡμῶν
1560 1253 1651 1310 καὶ
1710 1256 1975 1331 ἱεράρχου

993 1346 1287 1417 Ἱεροθὲου.

386 1430 654 1505 ’Ῑερόθεος
687 1431 911 1509 ὁμέγας
969 1434 1234 1509 ίεράρχης
1294 1434 1512 1509 ὑπῆρχε
1577 1435 1671 1508 μὲν
1733 1437 1811 1497 εἷς
1865 1439 1974 1490 τῶν

311 1515 461 1573 ἐννέα
496 1519 816 1593 βουλευτῶν
853 1521 907 1577 έν
965 1523 1219 1593 Ἀθήναις
1275 1526 1344 1596 τῇ
1402 1521 1588 1592 πόλει,
1651 1520 1978 1586 διδάσκαλος

314 1604 371 1661 δὲ
402 1609 690 1663 Διονυσίου
748 1610 1163 1685 ’Δρεοπαγίτου.
1218 1608 1505 1686 Διδαχθεὶς
1544 1609 1601 1666 δὲ
1629 1612 1696 1666 τὰ
1725 1612 1847 1688 περὶ
1879 1617 1976 1667 τοῦ

310 1698 551 1769 Χριστοῦ
611 1699 759 1772 παρά
813 1703 924 1753 τῶν
1004 1701 1169 1775 άγίων
1226 1700 1552 1756 ἀποστόλων
1591 1747 1605 1772 ,
1683 1700 1977 1770 ηκοΑούθει

308 1784 497 1847 αὐτοῖς
533 1828 548 1855 ,
613 1787 703 1841 καὶ
762 1785 1215 1863 συνεδοξολόγει,
1275 1787 1515 1859 έξοδίους
1575 1788 1779 1863 ὕμνους
1839 1811 2019 1871 σύμ-ν

2081 605 2269 672 latris,
2294 611 2352 662 et
2372 609 2597 663 catenis
2621 604 2831 665 ferreis
2848 609 3173 677 constricti,
3198 604 3573 679 AleXandriae‘
3589 626 3732 679 prte-

2080 691 2234 747 fecto
2263 693 2590 762 sistuntur;
2625 700 2683 750 et
2701 696 2859 751 varie
2884 696 3043 765 torti,
3077 696 3321 751 tandem
3352 694 3641 750 Eusebius
3670 697 3734 752 in

2082 782 2401 851 equuleum
2441 789 2629 851 actus,
2691 784 3093 856 depexusque,
3150 783 3439 853 decessit;
3498 784 3734 840 Chaare-

2083 886 2223 927 mon
2252 887 2388 927 vero
2418 873 2592 945 virgis
2623 891 2814 930 cmcus
2835 874 3172 945 exspiravit.

2730 1171 2950 1227 Eodem
2982 1171 3077 1226 die

2081 1255 2184 1327 92
2244 1257 2697 1315 Commemoratio
2750 1264 2927 1316 sancti
2982 1263 3163 1317 Patris
3215 1262 3392 1316 nostri
3446 1260 3734 1316 Hierothei

2752 1352 3055 1419 pontiﬁcis.

2156 1434 2525 1503 Hierotheus,
2550 1453 2797 1510 magnus
2816 1438 3101 1510 pontifex,
3126 1438 3408 1493 fuitunus
3431 1455 3500 1493 ex
3518 1454 3733 1493 novem

2081 1523 2342 1578 virorum
2375 1541 2625 1580 numero
2657 1526 2759 1597 qui
2790 1528 3038 1582 Athenis
3068 1532 3374 1582 senatores
3407 1532 3732 1593 erant,ma—

2082 1610 2264 1683 gister
2294 1612 2558 1683 Dionysii
2617 1616 3009 1688 Arcopagiiaa:
3061 1616 3275 1671 Christi
3327 1621 3524 1671 autem
3566 1615 3737 1671 ﬁdea

2084 1700 2602 1771 sanctisapostolis
2621 1702 2903 1770 imbutus,
2934 1720 3153 1774 eosque
3177 1709 3435 1768 secutus,
3458 1719 3578 1758 una
3599 1720 3735 1759 cum

2084 1786 2229 1859 ipsis
2253 1805 2350 1844 res
2382 1789 2608 1845 divinas
2640 1791 2999 1863 celebrabat,
3024 1793 3265 1848 exodios
3292 1794 3547 1865 hymnos
3577 1809 3736 1847 com-

310 1874 535 1929 πλέκων
568 1876 661 1929 καὶ
692 1874 922 1949 ψάλλων
953 1876 1007 1933 έν
1034 1882 1103 1951 τῇ
1142 1880 1401 1951 κοιμησει
1456 1885 1558 1948 τῆς
1618 1878 1773 1954 ἁγίας
1810 1879 1975 1954 ὑπερ-

2087 1893 2329 1947 ponens,
2363 1883 2422 1933 et
2450 1880 2775 1936 concinens
2806 1882 2866 1936 in
2899 1882 3255 1937 dormitione
3281 1886 3499 1937 sanctae
3522 1887 3580 1935 et
3599 1881 3730 1953 glo-

304 1961 526 2033 ενδόξου
560 1964 863 2034 Δεσποίνης
919 1968 1080 2038 ἡμῶν
1143 1966 1411 2022 θεοτόκου
1460 1965 1551 2021 καὶ
1582 1967 1969 2041 ’Δειπαρθένου

304 2052 526 2122 Μαρίας
562 2096 576 2119 ,
632 2052 723 2106 καὶ
782 2050 1094 2130 διαπρέπων
1175 2053 1403 2109 ἐνώπιον
1489 2059 1595 2109 τῶν
1646 2054 1968 2110 ἀποστόλων

303 2140 441 2194 κατὰ
498 2140 674 2196 πάντα
708 2188 721 2199 .
773 2142 869 2206 Εἷς
921 2148 1177 2199 τοσοῦτον
1238 2142 1295 2199 δὲ
1350 2138 1545 2222 ἔφθασε
1603 2144 1818 2222 σοφίας,
1875 2144 1963 2198 καὶ

308 2229 570 2304 γνώσεως
595 2235 754 2299 Θεοῦ,
785 2231 858 2295 ὡς
886 2233 976 2288 καὶ
1026 2235 1118 2289 τὸν
1174 2235 1325 2309 ἅγιον
1379 2234 1686 2307 Διονύσιον,
1746 2232 1880 2307 μετὰ
1908 2232 1970 2287 τὸ

309 2322 598 2373 πιστεῦσαι
638 2319 715 2381 είς
756 2322 984 2394 Χριστὸν
1043 2320 1146 2376 ὑπὸ
1202 2320 1298 2377 τοῦ
1359 2321 1600 2397 μεγάλου
1659 2319 1969 2397 ἀποστόλου

314 2405 538 2463 Παύλου
573 2451 589 2477 ,
647 2413 717 2475 τῆ
778 2407 1002 2484 δυνάμει
1079 2412 1169 2468 καὶ
1248 2412 1498 2487 συνεργίᾳ
1550 2416 1648 2467 τοῦ
1706 2410 1971 2486 παναγίου

316 2497 668 2569 Ηνεύματος,
700 2495 910 2570 διδάξαι
939 2502 1007 2555 τά
1036 2501 1159 2576 περὶ
1211 2506 1317 2557 τῶν
1347 2500 1612 2575 ούρανιων
1668 2492 1970 2572 δυνάμεων,

316 2586 407 2640 καὶ
436 2592 551 2641 τῶν
608 2586 908 2665 ἆγγελικῶν
966 2591 1193 2663 τάξεων,
1224 2590 1313 2645 καὶ
1342 2590 1543 2651 παντὸς
1572 2593 1669 2644 τοῦ
1717 2586 1977 2665 οὐρανίου

322 2675 557 2749 κόσμου.
594 2680 983 2752 Συνεγράψακο
1016 2676 1073 2734 Si
1122 2678 1211 2734 καὶ
1270 2678 1444 2742 ἄλλας
1477 2673 1708 2755 βίϐλους
1763 2676 1978 2738 πολλάς

319 2765 445 2839 περὶ
521 2766 840 2841 μυστηρίων
921 2766 1171 2843 μεγάλων
1248 2764 1686 2843 διαγορευούσας.
1762 2766 1977 2827 Βιώσας

318 2851 373 2907 δὶ
402 2855 499 2910 τὸν
531 2854 665 2911 ὅλον
693 2863 795 2925 τῆς
835 2861 983 2926 ζωῆς
1040 2857 1211 2912 αὐτοῦ
1260 2856 1457 2933 χρόνον
1516 2854 1569 2911 έν
1604 2849 1859 2927 εὐλαϐείᾳ
1884 2852 1976 2908 καὶ

2078 1965 2422 2021 riosissimaa
2468 1968 2732 2024 Domina;
2790 1976 3008 2025 nostrai
3060 1972 3320 2042 Deiparze
3372 1986 3729 2041 semperque

2080 2054 2335 2126 Virginis
2358 2057 2573 2114 Mariae.
2608 2057 2871 2130 Cumque
2893 2060 2953 2114 in
2975 2060 3378 2132 apostolorum
3402 2059 3591 2114 oculis
3621 2059 3727 2113 ho-

2079 2142 2419 2200 nestissime
2458 2153 2811 2214 versaretur,
2846 2164 2913 2205 eo
2950 2150 3256 2221 sapientiae
3287 2154 3343 2204 et
3374 2147 3729 2221 cognitionis

2080 2231 2292 2287 divinae
2333 2236 2643 2305 processit,
2698 2243 2764 2292 ut
2813 2243 3087 2293 sanctum
3140 2238 3513 2311 Dionysium,
3549 2253 3730 2307 quem

2082 2338 2329 2394 magnus
2350 2325 2654 2394 apostolus
2671 2327 2889 2382 Paulus
2910 2327 2985 2383 ad
3000 2328 3216 2383 Christi
3232 2328 3412 2383 ﬁdem
3427 2331 3732 2382 converte-

2082 2415 2194 2476 rat,
2210 2411 2450 2477 virrute,
2475 2412 2876 2486 adjunctaque
2898 2432 3080 2487 Opera
3100 2415 3463 2471 sanctissimi
3480 2416 3733 2487 Spiritus

2083 2498 2156 2554 de
2178 2499 2516 2556 caalestibus
2547 2502 2881 2571 virtutibus,
2914 2510 3091 2575 atque
3114 2504 3396 2577 angelicis
3418 2503 3731 2558 ordinibus

2083 2586 2274 2659 deque
2305 2590 2580 2645 universo
2610 2592 2833 2647 caelesti
2866 2592 3006 2648 orbe
3037 2593 3324 2649 docuerit.
3356 2592 3622 2663 Cumque
3647 2596 3731 2646 to-

2084 2680 2210 2732 tum
2242 2677 2372 2732 vitae
2403 2695 2523 2733 sua;
2554 2684 2789 2752 tempus
2818 2682 2882 2736 in
2940 2682 3159 2753 pietate
3198 2687 3257 2738 et
3300 2683 3508 2738 virtute
3555 2696 3727 2737 com-

2088 2766 2461 2837 sumpsisset,
2485 2768 2859 2840 multumque
2890 2772 3007 2825 Deo
3053 2770 3371 2840 serviisset,
3420 2769 3728 2840 multaque

2088 2854 2309 2911 idcirco
2334 2856 2490 2912 dona
2519 2862 2966 2931 promeruisset,
2997 2861 3059 2916 in
3087 2878 3232 2933 pace
3257 2863 3564 2933 requievit.

314 2942 480 3016 ἇρετῆ
516 2988 532 3012 ,
593 2945 683 2999 καὶ
739 2945 834 3001 τὸν
891 2946 1020 3001 Θεὸν
1079 2945 1267 3002 πολλὰ
1333 2944 1681 3023 θεραπεύσας,
1730 2942 1821 2999 καὶ
1876 2939 1967 2997 διὰ
2018 2945 2180 2998 τοῦτο
2237 2944 2327 2998 καὶ
2381 2944 2737 3021 χαρισμάτων
2797 2944 3025 3003 πολλῶν
3079 2946 3347 3021 ἀξιωθεὶς,
3401 2947 3732 3017 τελειωθεὶς,

314 3031 678 3092 ἀνεπαύσατο.

922 3128 1008 3199 Τῇ
1035 3124 1170 3200 αὖτῇ
1201 3126 1385 3200 ἡμέρᾳ

492 3237 765 3311 Ἀθλησις
793 3244 891 3295 τοῦ
922 3240 1072 3315 ἁγίου
1119 3240 1382 3315 Δομετίου
1427 3245 1528 3297 τοῦ
1561 3239 1789 3315 Πέρσου.

384 3359 447 3415 Ὀ
510 3354 662 3435 ἅγιος
745 3358 1008 3431 Δομέτιος
1091 3360 1336 3435 ὑπῆρχεν
1415 3357 1501 3413 ἐπὶ
1565 3357 1972 3416 Κώνσταντίνου

314 3451 413 3501 τοῦ
474 3445 735 3522 Μεγάλου
792 3447 852 3501 ἐκ
904 3454 1005 3517 τῆς
1064 3450 1253 3524 χώρας
1312 3452 1551 3523 [Ῑερσῶνὁ
1602 3444 1867 3522 ἐδιδάχθη
1918 3442 1975 3501 δὲ

321 3536 424 3591 ὑπὸ
474 3540 814 3608 Χριστιανοῦ
895 3548 1041 3598 τινος
1092 3538 1193 3606 τῆν
1247 3532 1520 3591 εὐσέϐειαν
1558 3580 1574 3604 ,
1632 3536 1722 3591 καὶ
1780 3536 1975 3611 βαπτι-

322 3624 491 3693 σθεὶς,
524 3625 677 3700 ἀφεῖς
718 3626 806 3680 καὶ
868 3631 1048 3701 γονεῖς
1102 3626 1193 3681 καὶ
1248 3626 1506 3698 πλοῦτον,
1538 3615 1779 3695 ἀπῆλθεν
1809 3624 1884 3688 είς
1915 3624 1977 3679 τὸ

327 3715 703 3787 μοναστῆριον
752 3717 849 3770 τοῦ
907 3715 1063 3791 άγίου
1123 3715 1356 3790 Σεργίου
1411 3713 1502 3769 καὶ
1554 3709 1794 3789 Βάκχου,
1826 3710 1978 3782 πλη·

321 3803 440 3857 σίον
494 3801 1032 3867 Θεοδοσιουπόλεως·
1089 3803 1179 3859 καὶ
1229 3804 1437 3880 ἐγένετο
1497 3803 1758 3879 μοναχός.
1811 3794 1898 3861 Ἐν
1933 3802 1978 3875 ᾧ

322 3891 411 3945 καὶ
470 3888 563 3946 διὰ
617 3894 719 3961 τήν
776 3893 970 3968 ἀρετὴν
1030 3893 1193 3949 αὐτοῦ
1242 3898 1639 3968 χειροτονεῖται
1707 3889 1978 3955 διάκονος’

326 3983 417 4036 καὶ
468 3981 930 4058 λειτουργοῦντος
985 3987 1082 4037 τοῦ
1139 3980 1591 4057 άρχιμανδρίτου,
1649 3976 1862 4057 κρατῶν
1918 3979 1982 4037 τὸ

331 4068 685 4148 ριπιστήριον
742 4069 980 4139 πλησίον
1025 4079 1126 4141 τῆς
1179 4071 1328 4145 ἁγίας
1384 4068 1693 4147 τραπέζης,
1766 4072 1866 4143 ὁρᾷ
1921 4070 1983 4126 τὸ

333 4166 557 4233 Πνεῦμα
612 4161 675 4214 τὸ
730 4160 876 4234 ἅγιεν
922 4157 974 4215 έν
1003 4158 1132 4215 εἴδει
1188 4165 1504 4235 περιστερᾶς
1553 4159 1984 4235 περιπετόμενσὺ

331 4241 517 4297 ὲπίτᾶ
548 4241 677 4315 ἅγια
707 4237 876 4315 δῶρα,
910 4240 1000 4295 καὶ
1062 4240 1462 4314 έπικαθήμενόν
1521 4239 1727 4303 αὐτοῖς.
1784 4236 1985 4295 T0605-

326 4352 422 4386 τον
446 4330 552 4407 γὰρ
586 4330 706 4407 εἶχε
733 4332 974 4405 καθαράν
1003 4332 1104 4400 τὴν
1152 4331 1363 4406 ψυχὴν,
1396 4331 1471 4392 ὡς
1526 4330 1615 4384 καὶ
1671 4329 1735 4385 τὸ
1769 4333 1986 4403 Πνεῦμα

324 4420 387 4474 τὸ
418 4419 576 4495 ἅγιον
627 4416 1016 4493 σωματοειδῶς
1074 4423 1320 4493 θεωρεῖν,
1370 4417 1462 4473 καὶ
1523 4418 1611 4473 ὑπ’
1668 4416 1835 4474 αὗτοὸ
1866 4438 1982 4496 φω-

2726 3127 2947 3184 Eodem
2976 3128 3073 3185 die

2325 3244 2426 3300 οι
2457 3243 2737 3301 Certamen
2774 3247 2953 3301 sancti
2989 3248 3218 3302 Dometii
3255 3251 3456 3303 Perses.

2150 3358 2398 3414 Sanctus
2423 3361 2721 3417 Dometius
2743 3364 2941 3429 Persa,
2973 3362 3357 3418 Constantino
3380 3363 3583 3432 Magno
3616 3362 3727 3416 im-

2080 3454 2347 3518 perante,
2371 3448 2652 3519 pietatem
2674 3467 2708 3506 a
2728 3451 3060 3507 Christiano
3092 3451 3351 3523 quodam
3383 3452 3646 3518 edoctus,
3671 3455 3730 3504 et

2080 3535 2429 3607 baptizatus.
2464 3538 2690 3593 relictis
2729 3541 3075 3610 parentibus
3106 3546 3165 3595 et
3211 3539 3452 3609 divitiis,
3506 3556 3639 3594 sese
3668 3540 3730 3594 in

2084 3630 2427 3681 sanctorum
2464 3626 2647 3699 Sergii
2680 3633 2739 3683 et
2767 3628 2977 3682 Bacchi
3010 3628 3439 3683 monasterium
3465 3627 3731 3682 Theodo-

2086 3710 2298 3785 siopoli
2326 3715 2664 3785 proximum
2694 3715 2948 3785 recepit:
2972 3716 3073 3770 ubi
3107 3715 3431 3769 monachus
3472 3714 3732 3785 primum

2084 3802 2275 3857 factus
2308 3806 2437 3866 est;
2462 3808 2588 3857 tum
2626 3802 2700 3858 συ
2732 3804 2994 3875 egregias
3034 3801 3218 3857 animi
3251 3801 3417 3857 dotes
3455 3802 3740 3857 diaconus

2088 3890 2419 3946 ordinatus.
2456 3892 2602 3946 cum
2632 3898 2770 3947 "vero
2809 3891 3108 3964 liturgiam
3168 3889 3489 3961 aliquando
3542 3890 3737 3945 archi-

2089 3978 2747 4047 mandritaCelebrat-‘et,
2762 3980 3085 4045 Dometius,
3106 3980 3206 4051 qui
3228 3974 3533 4036 ﬂabellum
3555 3996 3737 4052 prope

2090 4078 2319 4124 sacram
2350 4078 2617 4124 mensam
2648 4078 2768 4141 prae
2801 4069 3076 4124 manibus
3097 4067 3356 4135 tenebat,
3388 4066 3534 4122 vidit
3554 4068 3738 4140 Spiri-

2090 4161 2215 4212 tum
2249 4159 2519 4212 sanctum
2550 4157 2659 4213 sub
2690 4156 2978 4213 columbae
3010 4156 3205 4229 specie
3237 4167 3405 4213 Sacra
3434 4157 3591 4213 dOna
3621 4158 3737 4212 cir—

2090 4246 2553 4310 cumvolitatem,
2588 4250 2645 4301 et
2667 4254 2848 4318 super
2876 4245 3021 4317 ipsis
3041 4242 3404 4302 insidentem
3434 4262 3446 4301 :
3472 4245 3556 4301 sic
3577 4246 3738 4301 enim

2090 4344 2300 4408 puram
2325 4336 2585 4392 animam
2606 4332 2883 4402 habebat,
2908 4340 2973 4390 tit
2989 4338 3048 4390 et
3078 4338 3352 4391 sanctum
3373 4328 3655 4406 Spiritum
3678 4334 3741 4390 in

2091 4422 2284 4481 forma
2312 4436 2598 4497 oorporea
2627 4428 2918 4493 cerneret,
2952 4430 3241 4495 meusque
3266 4425 3394 4495 ejus
3424 4423 3497 4478 ab
3526 4423 3738 4480 eodem

322 4481 568 4577 τίζεέθαι
599 4481 997 4577 τῆν’διάνοιαν.
1030 4481 1404 4577 Βουληθέντος
1455 4503 1512 4562 δὶ
1566 4511 1663 4562 τοῦ
1704 4481 1975 4582 ἄρχιμίαν-

2087 4481 2508 4571 illustrarethr.
2541 4514 2689 4569 Cum
2719 4481 2918 4569 autem
2950 4518 3008 4567 et
3026 4481 3439 4584 presttevrutn
3469 4526 3605 4566 eum
3637 4528 3733 4567 ar-

330 4594 521 4672 δρίτου
550 4603 939 4672 χειροτονῆσαι
990 4596 1150 4652 αὐτὸν
1207 4596 1299 4653 καὶ
1344 4591 1737 4672 πρεσϐύτερον,
1769 4599 1973 4675 φυγὼν,

327 4686 573 4754 ἀπῆλθεν
604 4680 660 4741 ἔν
684 4706 793 4740 τινι
825 4686 1108 4759 σπηλαίῳ.
1138 4688 1303 4750 Ἔνθα
1338 4684 1586 4749 πολλοὺς
1645 4691 1752 4742 τῶν
1805 4700 1975 4762 προσ-

326 4778 646 4851 ερχομένων
728 4776 874 4849 αότῷ
951 4774 1221 4831 διδάσκων
1289 4776 1512 4855 ὠφέλει.
1602 4779 1705 4836 Καὶ
1793 4780 1975 4852 μαθὼν

320 4870 484 4920 τοῦτο
540 4863 843 4929 Ἰουλιανὸς
885 4865 913 4920 ό
948 4860 1296 4941 Παραϐάτης,
1337 4864 1661 4930 ἀποστείλας
1717 4862 1972 4924 έλιθοϐό-

323 4952 495 5023 λησεν
524 4953 705 5012 αὐτόν.

914 5075 999 5146 Τῇ
1039 5072 1176 5147 αὐτῇ
1207 5072 1388 5151 ἡμέρᾳ

506 5190 713 5263 Μνήμη
760 5192 858 5245 τοῦ
889 5172 1048 5264 ἁγίου
1079 5190 1135 5247 ’Δ
1150 5193 1282 5262 μοῢν
1326 5195 1424 5247 τοῦ
1473 5190 1790 5268 Αἴγυπτίου.

388 5306 600 5377 ’Δμοῦν
654 5303 976 5378 ὁθεοφόρος
1022 5302 1073 5358 έν
1134 5304 1389 5377 ἀσκητοῖς
1423 5307 1518 5379 μὶν
1575 5306 1785 5383 ἐγένετο
1843 5317 1970 5374 θαυ-

321 5395 545 5467 μασότς·
582 5394 804 5469 ὑπῆρχε
833 5392 893 5449 δδ
921 5393 1027 5448 ἀπὸ
1074 5396 1175 5464 τῆς
1225 5395 1524 5472 Αἰγύπτου,
1582 5397 1968 5477 φιλομόναχος

316 5482 526 5539 ὤνάπὸ
554 5484 832 5552 νεότητος·
862 5483 1003 5537 κατὰ
1058 5482 1114 5539 δὲ
1167 5483 1295 5549 τοὺς
1347 5485 1571 5561 καιροὺς
1625 5488 1968 5561 Μαξιμιανοῦ

312 5578 406 5628 τοῦ
472 5571 774 5648 βφσϊλὲωξ,
842 5570 1191 5646 δεχώρησεν
1248 5573 1326 5637 εἷς
1403 5574 1509 5645 τὴν
1588 5571 1818 5652 ἔρημον*
1874 5579 1966 5634 καὶ

310 5652 557 5719 ὶίιὶλδὼν
615 5659 938 5735 καταμόνας
1021 5660 1291 5737 ἡσύχαζεν
1327 5708 1341 5736 ,
1418 5661 1475 5720 ἓν
1533 5666 1697 5739 μόνον
1745 5665 1964 5741 ἱμάτιον

2087 4602 2485 4659 chimandrita
2514 4602 2788 4657 ordinare
2818 4601 3014 4666 vellet,
3046 4600 3244 4673 fugam
3276 4600 3548 4671 arripuit,
3583 4601 3728 4657 etin

2082 4691 2427 4762 speluncam
2475 4708 2537 4747 se
2576 4689 2837 4745 abdidit:
2899 4688 3003 4744 ubi
3055 4704 3191 4744 cum
3239 4687 3461 4744 inultos
3494 4702 3727 4759 eorum,

2082 4781 2185 4854 qui
2234 4780 2309 4835 ad
2339 4797 2401 4835 se
2431 4778 2811 4845 accedebant,
2834 4775 3102 4833 docendo
3143 4777 3428 4849 juv‘asset,
3459 4779 3728 4835 Julianus

2080 4874 2369 4940 apostata,
2400 4884 2463 4924 re
2486 4868 2740 4939 cognita,
2771 4866 2936 4922 misit
2963 4867 3064 4939 qui
3099 4864 3401 4939 lapidibus
3450 4878 3587 4924 eum
3618 4868 3724 4924 ob-

2080 4962 2343 5013 ruerent.

2726 5043 2948 5100 Eodem
2979 5045 3074 5101 die

2223 5133 2327 5191 94
2357 5133 2812 5191 Commemoratio
2851 5136 3027 5190 sancti
3074 5134 3260 5190 Aman
3306 5134 3579 5206 Egyptii.

2147 5316 2341 5369 Amun
2368 5312 2925 5385 theophorus,inter
2946 5313 3201 5368 inscetas
3224 5312 3613 5381 admirabilis,
3648 5329 3719 5370 ex

2076 5405 2315 5475 Egypto
2338 5408 2531 5458 ortum
2558 5398 2743 5470 duxit,
2762 5403 3106 5458 manastic'ze
3126 5404 3257 5458 vitae
3279 5403 3350 5459 ab
3372 5403 3719 5461 adolescen-

2077 5492 2158 5547 tia
2173 5508 2281 5548 sua
2302 5492 2621 5547 studiosus.
2653 5492 2798 5546 Cum
2830 5498 3028 5547 autem
3052 5492 3440 5548 Maximianus
3462 5493 3718 5564 impera-

2075 5587 2168 5638 tor
2195 5590 2396 5638 reru'rn
2417 5576 2729 5654 potiretur,
2762 5580 2910 5637 abiit
2929 5580 2992 5636 in
3015 5588 3302 5649 arentum,
3327 5582 3524 5653 qniete
3555 5583 3717 5638 solus

2073 5681 2273 5749 agens,
2303 5678 2544 5747 unoque
2565 5672 2747 5747 pallio
2779 5676 3114 5743 contentus,
3140 5672 3299 5745 quod
3328 5679 3534 5731 noctes
3565 5675 3714 5730 dies-
