4132 6328
357 303 430 365 91
1676 305 2110 371 MENOLOGII
2151 305 2358 368 PARS
2403 308 2456 366 I.
3688 301 3764 362 92

359 448 474 502 que
503 433 790 504 gestabat,
822 435 1142 507 herbisque
1183 455 1290 509 pro
1323 437 1453 494 cibo
1484 442 1680 509 utens,
1714 456 1861 511 quas
1891 438 2004 494 tel-

2128 434 2262 511 φέων
2319 435 2508 498 νυκτὸς
2565 435 2657 490 καὶ
2722 435 2955 510 ἡμέρας,
3008 431 3102 488 scil
3155 430 3486 508 τρεφόμενος
3545 430 3606 485 ἐκ
3657 432 3763 485 τῶν

357 521 453 576 lus
485 528 693 593 sponte
731 539 838 580 sua
865 524 1113 580 ferebat.
1145 526 1305 581 Vixit
1332 533 1529 583 autem
1558 545 1749 599 usque
1789 528 1862 583 ad
1889 529 2004 582 An-

363 611 508 664 tonii
540 613 730 684 Magni
762 615 1090 669 certamina
1121 617 1223 686 qui
1254 633 1387 671 cum
1419 616 1738 688 aliquando
1771 617 2007 681 sedens,

356 699 572 755 fratres
596 701 766 756 utilia
795 703 1009 757 animae
1040 705 1217 759 verba
1266 705 1526 772 doceret,
1585 705 1730 760 vidit
1774 705 2007 760 beatam

361 793 550 843 Amun
573 790 833 845 animam
859 808 887 845 e
911 809 1156 862 corpore
1177 811 1496 865 egressam,
1525 795 1870 866 angelorum
1891 811 2010 849 ma-

361 878 537 933 nibus
566 880 627 932 in
659 881 871 935 caelum
897 884 1090 936 efferri
1115 900 1126 936 :
1152 889 1210 938 et
1232 883 1430 938 statim
1463 901 1802 956 exsurgens,
1829 885 2008 938 Deum

359 967 749 1039 gloriﬁcabat.
786 973 1038 1041 Rogatus
1095 978 1293 1027 autem
1325 974 1398 1028 ab
1457 974 1530 1028 iis
1584 975 1684 1044 qui
1742 973 2006 1040 aderant,

368 1057 527 1126 quod
560 1057 804 1128 viderat,
831 1058 1130 1117 indicavit.
1164 1062 1255 1116 Illi
1287 1062 1466 1134 igitur
1494 1068 1698 1118 notata
1723 1063 2010 1132 horapro-

362 1145 501 1200 fecti
530 1146 592 1200 in
627 1149 952 1218 (Egyptum,
983 1154 1116 1220 post
1145 1150 1352 1205 decem
1385 1151 1510 1206 dies
1533 1168 1895 1222 comperere,
1921 1167 2011 1206 ea-

365 1234 500 1288 dem
532 1235 699 1302 hora,
725 1252 842 1305 qua
890 1236 1119 1292 dixerat
1149 1239 1460 1305 Antonius,
1495 1245 1768 1294 sanctum
1797 1241 2011 1293 Amum

370 1322 783 1380 obdormiisse.

919 1594 1158 1649 EODEM
1209 1595 1460 1652 MENSE.

1026 1683 1125 1737 Die
1157 1685 1366 1754 quinta

503 1768 602 1823 95
639 1769 921 1824 Certamen
950 1779 1152 1825 sancta:
1181 1774 1443 1842 martyris
1480 1772 1874 1828 Mamelchtlw.

439 1857 1013 1914 SanctaMamelchta
1027 1876 1098 1914 ex
1112 1860 1354 1914 Perside
1379 1860 1510 1929 fuit,
1535 1862 1742 1933 templi
1767 1861 2011 1932 quidem

365 1945 565 1999 Dianae
599 1946 892 2014 sacerdos,
915 1948 1017 2002 sed
1050 1965 1313 2004 sororem
1335 1949 1732 2005 Christianam
1761 1950 2009 2007 habens.

364 2034 507 2088 Cum
541 2040 739 2090 autem
777 2037 841 2090 in
890 2039 1115 2093 somnis
1146 2039 1390 2094 vidisset
1441 2041 1717 2113 angelum
1768 2041 1870 2095 Dei
1902 2040 2014 2095 sibi

362 2123 830 2180 Christianorum
844 2128 1127 2197 mysteria
1144 2128 1580 2199 ostendentem,
1603 2130 1857 2184 excitata
1878 2145 2009 2184 cum

363 2217 592 2267 terrore
619 2213 691 2267 de
724 2231 954 2280 somno,
990 2233 1116 2270 rem
1147 2234 1386 2272 omnem
1444 2220 1630 2273 sorori
1681 2219 1954 2290 aperuit:
1982 2235 2016 2273 a

367 2315 485 2370 qua
505 2301 576 2355 ad
600 2302 945 2374 episcopum
967 2305 1298 2361 adducitur.
1320 2309 1644 2379 Episcopus
1666 2325 1823 2374 vero,
1845 2307 2017 2363 intel-

365 2389 520 2444 lecto
550 2390 793 2447 visionis
826 2393 1114 2464 symbolo.
1149 2396 1564 2460 Christianam,
1598 2398 1815 2469 inquit,
1840 2415 2017 2469 opor-

369 2483 452 2532 tet
481 2482 538 2532 te
571 2479 722 2536 ﬁeri.
763 2481 1091 2553 Statimque
1123 2483 1309 2552 illam,
1369 2486 1588 2541 sororis
1637 2486 1912 2541 manibus
1943 2485 2016 2540 de

369 2584 536 2623 sacro
549 2569 714 2624 fonte
737 2578 1095 2643 susceptam,
1123 2573 1452 2645 baptizavit.
1470 2577 1659 2641 Quare
1681 2574 2015 2632 vehementi

369 2656 568 2712 furore
600 2661 854 2730 correpti
901 2661 1174 2733 gentiles,
1229 2663 1435 2718 multis
1466 2664 1861 2719 excruciatam
1893 2669 2018 2718 tor-

376 2747 616 2814 mentis,
651 2747 1067 2821 lapidibusque
1105 2751 1377 2808 obrutam
1407 2752 1779 2822 interfecere,
1813 2753 2016 2824 splen-

371 2837 511 2892 dida
539 2837 733 2893 adhuc
764 2841 914 2894 sacri
933 2840 1304 2912 baptismatis
1326 2847 1484 2899 veste
1514 2843 1806 2912 indutam,
1840 2848 2016 2914 atque

367 2927 430 2980 in
461 2926 997 2997 profundissimum
1036 2930 1234 2986 lacum
1265 2931 1601 2988 demersere
1628 2950 1640 2987 :
1674 2933 1831 2988 unde
1861 2933 1954 2987 vix
1984 2948 2020 2987 a

370 3015 722 3071 Christianis
744 3023 1006 3073 extracta
1037 3025 1144 3073 est.
1178 3020 1338 3074 Adiit
1358 3026 1556 3077 autem
1587 3023 1902 3077 Persarum
1933 3037 2013 3075 re-

365 3120 497 3175 gem
543 3107 878 3176 episcopus,
936 3108 1412 3179 impetravitque,
1444 3114 1532 3176 ut,
1581 3125 1784 3166 everso
1817 3109 2016 3165 Dianaa

369 3192 614 3263 templo,
648 3194 960 3250 ecclesiam
993 3202 1212 3251 sanctas
1255 3199 1532 3270 martyris
1589 3199 1832 3253 nomine
1863 3198 2017 3252 exci-

371 3287 565 3336 taret:
597 3283 755 3354 quod
804 3301 937 3339 cum
977 3285 1352 3356 aediﬁcasset,
1396 3287 1686 3360 pretiosas
1719 3291 1847 3361 ejus
1877 3289 2019 3345 reli-

374 3387 520 3440 quas
551 3371 630 3425 ibi
663 3371 955 3444 deposuit,

1023 3464 1243 3521 Eodem
1277 3466 1370 3522 die

513 3549 615 3604 99
647 3551 930 3608 Certamen
966 3562 1178 3612 sancta?
1226 3558 1494 3626 martyris
1541 3556 1839 3612 Charitina’
1865 3600 1878 3614 .

447 3639 749 3695 Charitina
778 3641 993 3696 Christi
1023 3660 1224 3715 maryr
1251 3644 1362 3700 fuit
1389 3646 1758 3717 temporibus
1788 3645 2022 3702 Diocle-

368 3727 518 3782 tiani
551 3729 950 3800 imperatoris,
976 3737 1034 3786 et
1054 3733 1294 3787 Domitii
1318 3735 1576 3801 comitis,
1597 3751 1767 3790 serva
1795 3735 2024 3790 Claudii

376 3817 689 3887 cujusdam
715 3835 728 3871 :
774 3819 846 3873 de
872 3836 990 3890 qua
1019 3837 1154 3876 cum
1185 3822 1260 3876 ad
1289 3824 1569 3878 comitem
1599 3841 1804 3879 rumor
1831 3825 2021 3879 venis-

378 3910 486 3970 set,
550 3907 788 3976 scripsit
835 3907 930 3962 hic
967 3908 1041 3962 ad
1098 3909 1260 3964 illius
1318 3911 1648 3980 dominum,
1677 3918 1743 3967 ut
1773 3929 1842 3968 ea
1861 3914 1935 3968 ad
1962 3930 2024 3969 se

379 3993 734 4061 mitteretur,
759 4001 1076 4066 propterea
1105 3997 1263 4067 quod
1297 3997 1367 4054 de
1400 4015 1469 4054 ea
1523 4005 1808 4070 tanquam
1855 4002 2026 4057 Chri-

378 4081 572 4136 stiana
595 4081 800 4136 haberi
823 4084 1216 4153 quaestionem
1237 4091 1554 4156 oporteret.
1581 4089 1727 4143 Tum
1748 4089 2028 4144 dominus

377 4185 632 4225 maerore
675 4170 922 4226 affectus
953 4176 1012 4226 et
1038 4189 1209 4228 sacco
1263 4173 1528 4240 indutus,
1586 4181 1806 4231 sortem
1865 4176 2028 4233 illius

2044 1801 2091 1867 Β

2116 524 2400 600 φυομένων
2439 524 2704 598 βοτανῶν.
2739 525 2996 597 Διήρκεσε
3027 520 3084 576 δὶ
3134 522 3169 592 ἠ
3220 522 3332 591 ζωὴ
3393 521 3560 575 αὐτοῦ
3596 520 3764 594 μέχρι

2114 616 2222 666 τῶν
2249 611 2502 686 ἀγνώνων
2536 615 2630 668 τοῦ
2661 610 2917 687 Μεγάλου
2976 611 3290 669 Ἀντωνίουο
3351 610 3402 680 ἐξ
3457 608 3518 664 οὗ
3548 610 3638 665 καὶ
3667 615 3766 678 τῆς

2118 700 2383 775 μακαρίας
2417 705 2601 777 ψυχῆς
2656 705 2753 756 τοῦ
2800 704 3006 774 Ἀμοῦν
3056 705 3153 755 τοῦ
3211 702 3462 772 σώματος
3520 697 3767 770 ἐξελθού-

2115 810 2235 858 σης,
2293 791 2381 844 καὶ
2440 791 2575 865 πρὸς
2633 791 2858 866 οὐρανὸν
2921 791 3348 864 ἀναφερομένης,
3404 784 3764 858 καθεζόμενος

2117 877 2144 932 ὁ
2179 878 2330 954 ἅγιος
2361 879 2670 949 Ἀντώνιος,
2701 880 2790 934 καὶ
2843 876 3109 934 διδάσκων
3169 879 3317 940 τινὰς
3375 881 3482 932 τῶν
3515 875 3765 949 ἀδελφῶν

2116 967 2425 1041 ψυχωφελῆ
2462 967 2702 1044 ῥηματα,
2743 965 2873 1022 ἷδὼν
2933 970 3030 1037 τὴν
3089 968 3300 1042 ψυχὴν,
3331 964 3581 1043 ἐξαίφνης
3641 963 3768 1018 ἀνα-

2117 1057 2262 1122 στάς,
2319 1049 2544 1111 ἔϐλεπεν
2630 1055 2794 1126 αὐτὴν
2883 1055 3282 1133 ὀφικευομένην
3345 1056 3447 1110 ὑπὸ
3523 1051 3764 1129 ἀγγέλων

2117 1143 2206 1197 καί
2257 1140 2472 1214 ἐδόξαζε
2510 1146 2601 1200 τὸν
2637 1146 2788 1204 Θεόν.
2851 1147 3252 1220 Ἐρωτήσαντες
3297 1142 3354 1198 δέ
3403 1144 3456 1198 οἱ
3481 1142 3764 1216 παρόντες,

2118 1231 2208 1285 καὶ
2263 1229 2524 1306 μαθόντες
2573 1234 2634 1288 τὸ
2682 1238 2926 1310 πρᾶγμα,
2960 1229 3276 1310 ἠκρίϐωσαν
3327 1234 3428 1303 τήν
3480 1230 3648 1306 ὥραν,
3678 1230 3768 1285 καὶ

2120 1321 2440 1387 ἀπελθόντες
2496 1323 2571 1386 εἰς
2623 1320 2899 1398 Αἴγυπτον
2935 1368 2948 1394 ,
3029 1325 3162 1397 μετὰ
3219 1321 3448 1394 δεκάτην
3507 1324 3715 1398 ἡμέραν
3753 1365 3768 1392 ,

2123 1408 2299 1486 εῦρον,
2333 1412 2415 1467 ὅτι
2447 1411 2718 1485 ἐκοιμήθη
2754 1414 2782 1467 ὁ
2813 1412 2966 1489 ἅγιος
2994 1414 3198 1487 Ἀμοῦν
3255 1413 3370 1468 κατ’
3425 1409 3637 1482 ἐκείνην
3666 1411 3768 1478 τὴν

2122 1499 2288 1573 ὥραν,
2321 1501 2387 1571 ἢν
2421 1503 2567 1556 εἶπεν
2601 1502 2912 1564 Ἀντώνιος.

2671 1591 2854 1648 MUNI
2883 1593 2975 1668 To
3011 1593 3208 1670 arm.

2262 1763 2535 1837 Ἀθλησις
2570 1774 2672 1838 τῆς
2709 1767 2863 1842 ἀγίας
2927 1768 3198 1843 μάρτυρος
3255 1766 3624 1843 Μαμέλχθης.

2195 1855 2261 1910 Ἦ
2348 1857 2474 1931 ἁγία
2557 1859 2837 1932 Μαμέχθα
2921 1857 3140 1933 ὑπῆρχε
3218 1857 3310 1930 μὲν
3373 1857 3432 1911 ἐκ
3488 1852 3767 1929 Περσίδος,

2127 1942 2295 2020 ἱέρεια
2352 1941 2409 1999 δὲ
2436 1949 2533 2000 τοῦ
2564 1950 2695 2001 ναοῦ
2751 1945 3095 2022 Ἀρτέμιδος,
3156 1942 3359 2021 ἔχουσα
3387 1946 3477 2000 καὶ
3525 1943 3766 2022 ἀδελφὴν

2125 2035 2482 2106 Χριστιανήν.
2541 2038 2934 2110 Κατενεχθεῖσα
2981 2033 3039 2090 δὲ
3068 2035 3144 2097 εἷς
3175 2035 3365 2105 ὕπτον,
3420 2032 3554 2090 εἶδεν
3608 2031 3770 2110 ἄγγε-

2128 2133 2224 2176 Λον
2258 2122 2392 2178 Θεοῦ
2423 2120 2731 2178 δεικνύοντα
2777 2124 2913 2198 αὐτῇ
2961 2124 3028 2179 τὰ
3087 2126 3359 2199 μυστήρια
3387 2127 3495 2177 τῶν
3530 2125 3776 2190 Χριστια-

2127 2215 2260 2269 νῶν.
2330 2211 2426 2265 Καὶ
2459 2212 2727 2268 ἀναστᾶσα
2783 2208 3048 2291 ἔμφοϐος,
3110 2212 3381 2287 διηγεῖται
3431 2215 3498 2284 τῇ
3538 2207 3772 2286 ἀδελφῇ.

2126 2301 2186 2355 Ἦ
2223 2297 2279 2354 δὲ
2327 2297 2445 2374 ἄγει
2499 2300 2665 2370 αὐτὴν
2721 2303 2856 2377 πρὸς
2900 2303 2992 2356 τὸν
3053 2299 3368 2357 ἐπίσκοπον.
3430 2300 3525 2354 Καὶ
3589 2299 3772 2372 μαθὼν

2128 2387 2422 2451 ἐπίσκοπος
2453 2391 2521 2444 τὰ
2566 2397 2664 2460 τῆς
2721 2390 2979 2453 ἀπτασίας
3035 2391 3180 2445 εἶπεν
3241 2390 3400 2463 αὐτῇ,
3456 2388 3538 2444 ὅτι
3600 2387 3774 2460 Ὀφεί-

2127 2477 2244 2539 λεις
2299 2479 2599 2552 Χριστιανή
2657 2478 2923 2553 γενέσθαι·
2977 2481 3043 2550 ἢν
3103 2478 3300 2541 εὐθέως
3359 2473 3634 2544 ἐϐάπτισε,
3687 2477 3777 2532 καὶ

2128 2563 2340 2636 ἐδέξατο
2389 2567 2556 2637 αὐτήν
2607 2569 2641 2636 ἡ
2701 2566 2812 2622 ἰδία
2867 2566 3075 2646 ἀδελφή
3109 2613 3120 2625 .
3194 2569 3353 2631 Ὀθεν
3415 2568 3666 2640 μανέντες
3723 2565 3776 2620 οἱ

2127 2653 2440 2726 ”Ελληνες,
2509 2654 2920 2729 ἐτιμωρήσαντο
2979 2657 3174 2726 αὐτὴν,
3229 2657 3318 2711 καὶ
3377 2655 3690 2710 ἀπέκτειναν
3721 2652 3772 2709 ἐν

2128 2739 2325 2809 λίθοις,
2359 2741 2435 2798 ἔτι
2483 2743 2549 2798 τὰ
2577 2745 2827 2819 ἐμφώτια
2869 2750 2965 2800 τοῦ
2996 2745 3156 2819 ἁγίου
3218 2743 3590 2820 βαπτίσματος
3618 2764 3774 2820 περι-

2129 2827 2498 2907 ϐεϐλημένην.
2549 2835 2652 2892 Καὶ
2709 2829 2930 2912 ἕῤῥιψαν
2981 2837 3055 2898 εἲς
3112 2834 3315 2890 λάκκον
3369 2835 3689 2906 βαθύτατον
3722 2833 3774 2904 ἐξ

2129 2921 2191 2977 οῦ
2239 2924 2552 2997 Χριστιανοὶ
2603 2921 2769 2996 μόλις
2820 2925 2985 2992 αὐτὴν
3028 2925 3321 2999 ἀνήγαγον.
3356 2923 3680 2999 Προσελθὼν
3716 2919 3774 2977 δέ

2127 3017 2205 3083 τῷ
2240 3011 2454 3086 βασιλεῖ
2498 3017 2604 3067 τῶν
2667 3017 2883 3087 Περσῶν
2940 3015 2968 3068 ὁ
3003 3013 3317 3083 ἐπισκοπος,
3376 3013 3464 3067 καὶ
3523 3012 3772 3083 αἰτήσας,

2129 3094 2320 3154 ἔλαϐεν
2373 3100 2612 3170 ἐξουσίαν
2667 3104 2764 3155 τοῦ
2821 3105 3119 3156 καταλῦσαι
3182 3103 3275 3175 μὶν
3332 3102 3426 3156 τὸν
3497 3101 3622 3155 ναὸν
3676 3107 3776 3169 τῆς

2131 3183 2464 3263 Δρτέμιδος,
2519 3187 2882 3262 οἴκοδομῆσαι
2931 3188 2990 3245 δὲ
3041 3189 3333 3261 ἐκκλησίαν
3393 3187 3482 3244 ἐπ’
3538 3189 3772 3262 ὀνόματι

2121 3285 2221 3347 τῆς
2275 3278 2460 3352 Ἀγίας
2517 3279 2812 3355 μάρτυρος·
2873 3280 2938 3350 ἢν
2998 3279 3088 3334 καὶ
3145 3279 3354 3350 κτίσας,
3417 3278 3468 3335 ἐν
3523 3278 3670 3351 αὐτῷ
3707 3279 3769 3332 τὸ

2121 3365 2308 3440 τίμιον
2342 3366 2508 3433 αὐτῆς
2531 3367 2754 3423 ἀπέθετο
2788 3367 3060 3443 λείψανον.

2705 3459 2788 3530 Τῇ
2831 3457 2967 3530 αὐτῇ
3009 3458 3194 3533 ἡμέρᾳ

2340 3543 2610 3616 Ἀθλησις
2641 3548 2739 3614 τῆς
2760 3545 2916 3620 ἀγίας
2950 3546 3222 3622 μάρτυρος
3253 3545 3564 3620 Χαριτίνης.

2197 3635 2260 3691 Ἦ
2320 3633 2524 3708 μάρτυς
2580 3639 2676 3689 τοῦ
2740 3637 2972 3708 Χριστοῦ
3028 3635 3315 3710 Χαριτίνη,
3380 3637 3626 3711 ὑπῆρχεν
3686 3633 3776 3690 ἐπὶ

2127 3721 2520 3792 Διοκλητιανοῦ
2549 3727 2644 3778 τοῦ
2689 3722 2978 3798 βασιλέως,
3036 3724 3127 3779 καὶ
3187 3721 3451 3798 Δομετίου
3507 3723 3774 3796 κόμητος,

2129 3809 2303 3882 δούλη
2338 3812 2468 3867 οὖσα
2499 3809 2778 3868 Κλαυδίου
2833 3814 3004 3875 τινός.
3056 3812 3188 3887 Περὶ
3231 3813 3300 3881 ἦς
3332 3814 3360 3866 ὁ
3389 3812 3572 3885 κόμης
3600 3811 3775 3868 ἀκού-

2128 3923 2244 3972 σας,
2269 3901 2461 3980 γράφει
2509 3907 2587 3974 τῷ
2635 3903 2807 3978 κυρίῳ
2859 3904 3027 3973 αὐτῆς
3077 3903 3397 3959 ἀποστεῖλαι
3449 3904 3587 3978 πρὸς
3616 3902 3775 3957 αὐτὸν

2129 3991 2296 4060 αὐτὴν
2347 3991 2424 4055 εἷς
2481 3991 2711 4062 ἐξέτασιν
2768 3994 2842 4056 ὠς
2901 3995 3230 4069 Χριστιανήν
3291 3991 3660 4068 ὑπάρχουσαν.
3719 3992 3778 4049 Ὁ

2133 4076 2190 4134 δὲ
2247 4081 2434 4152 κύριος
2520 4080 2687 4150 αὐτῆς
2750 4081 3014 4152 λυπηθεὶς
3045 4126 3060 4152 ,
3145 4081 3342 4137 σάκκον
3425 4078 3780 4154 ἐνδυσάμενος

2131 4170 2343 4244 ἐθρήνει
2378 4169 2566 4240 αὐτήν.
2623 4172 2686 4228 Ἥ
2744 4169 2802 4226 δὲ
2856 4173 3221 4246 παρεμυθεῖτο
3280 4171 3462 4244 αὐτὸν,
3521 4169 3778 4245 λέγουσω

381 4256 746 4327 deplorabat.
770 4257 879 4313 Illa
899 4275 1032 4313 vero
1050 4258 1361 4315 dominum
1382 4279 1556 4316 suum
1579 4263 2015 4319 consolabatur;

2133 4258 2224 4326 Μή
2257 4255 2454 4328 λυποῦ,
2513 4258 2675 4333 χύριέ
2735 4281 2860 4332 μου.
2900 4260 2997 4325 ,Τὰ
3051 4261 3153 4335 γὰρ
3205 4257 3434 4333 λείψανά
3467 4280 3594 4332 μου,
3649 4260 3779 4334 ὑπὲρ

383 4348 463 4402 Ne
484 4351 538 4400 te
561 4345 833 4416 afﬂictes,
849 4347 1406 4419 inquiens,domine
1429 4350 1509 4405 mi
1541 4367 1554 4405 :
1579 4367 1682 4424 ego
1708 4353 1867 4408 enim
1889 4354 2015 4408 reli-

2132 4347 2245 4399 τῶν
2273 4344 2420 4417 ἐμῶν
2461 4345 2551 4401 καὶ
2604 4351 2712 4401 τῶν
2767 4352 2873 4402 σῶν
2929 4347 3388 4422 παραπτωμάτων
3449 4347 3672 4423 δίδωμι.
3720 4351 3782 4407 Ὀ

383 4436 553 4506 quias
585 4453 748 4492 meas
778 4455 882 4509 pro
914 4438 1065 4493 meis
1097 4439 1331 4510 tuisque
1363 4441 1621 4512 peccatis
1651 4441 1900 4497 tradam.
1925 4443 2015 4499 Cu‘

2137 4433 2195 4489 δέ
2252 4436 2419 4490 εἶπεν
2482 4437 2744 4509 Μέμνησό
2805 4458 2913 4510 μου
2971 4437 3058 4492 ἐπὶ
3114 4442 3210 4493 τοῦ
3264 4439 3587 4515 ἐπουρανίου
3631 4443 3782 4514 βασι-

379 4525 480 4580 ille
509 4543 521 4580 :
555 4527 846 4582 Memento
878 4527 994 4582 mei
1037 4527 1194 4599 apud
1251 4528 1553 4584 ccelestem
1595 4547 1812 4603 regem.
1843 4532 2015 4604 Igitur

2136 4522 2305 4587 λέως.
2363 4524 2498 4580 Τότε
2549 4523 2829 4596 ἀπεστάλη
2888 4531 2968 4598 τῷ
3025 4527 3252 4599 κόμητι·
3310 4528 3399 4582 καὶ
3453 4532 3776 4603 Χριπιανήν

383 4616 567 4671 missa
596 4617 670 4672 ad
701 4619 1000 4686 comitem,
1041 4635 1222 4690 seque
1253 4619 1443 4691 ipsam
1473 4621 1865 4678 Christianam
1894 4639 2015 4693 pro-

2141 4613 2334 4680 ἑαυτὴν
2395 4611 2791 4689 ὁμολογήσασα
2825 4657 2838 4683 ,
2894 4614 3158 4688 ευρίζεται
3214 4617 3312 4686 τήν
3366 4615 3634 4695 κεφαλήνο
3695 4620 3782 4676 καὶ

381 4704 558 4773 fessa,
609 4705 867 4775 primum
915 4709 1108 4778 capite
1156 4725 1311 4775 raso,
1373 4715 1432 4764 et
1478 4709 1712 4764 cadenti
1769 4711 2015 4766 carbone

2145 4699 2361 4768 ζέουσαν
2415 4699 2703 4775 ἀνθρακιὰν
2785 4705 3180 4759 καταπάσσεται
3215 4748 3228 4760 .
3291 4707 3424 4762 Εἶτα
3507 4704 3783 4781 δεσμεῖται

381 4809 739 4864 conspersa;
774 4795 989 4850 deinde
1016 4797 1241 4868 ingenti
1265 4814 1294 4853 e
1328 4798 1482 4853 collo
1513 4801 1640 4870 ejus
1657 4815 1918 4871 appenso
1941 4800 2015 4855 la-

2142 4787 2282 4862 λίθῳ
2315 4790 2492 4864 βαρεῖ,
2521 4791 2609 4846 καὶ
2645 4789 2886 4866 ῥίπτεται
2919 4791 2970 4846 ἐν
3019 4796 3086 4865 τῇ
3117 4792 3376 4868 θαλάσσῃ.
3427 4796 3526 4850 Kal
3573 4795 3782 4871 ἐδέξατο

384 4883 544 4954 pide,
576 4883 638 4938 in
663 4900 822 4940 mare
855 4885 1146 4952 demersa,
1181 4904 1396 4956 aquam
1419 4889 1600 4944 maris
1621 4906 1726 4961 pro
1743 4889 2015 4961 baptism<

2140 4877 2203 4931 τὸ
2259 4875 2404 4952 ὕδωρ
2459 4879 2536 4943 εἰς
2595 4880 2892 4954 βάπτισμα·
2951 4883 3038 4936 καὶ
3099 4879 3408 4954 ἐξελθοῦσα,
3468 4884 3783 4960 ἐνεφανίσθη

391 4972 616 5026 habuit.
652 4973 816 5028 Unde
850 4991 1104 5046 egressa.
1135 4974 1209 5029 ad
1233 4982 1618 5046 conspectum
1669 4979 1902 5033 comitis
1933 4995 2015 5032 ve-

2139 4970 2220 5039 τῷ
2271 4967 2519 5040 κόμητι.
2610 4969 2706 5023 Καὶ
2783 4967 2987 5033 ἰδόντες
3045 4970 3212 5040 αὐτὴν
3274 4973 3326 5026 οἱ
3384 4979 3740 5049 περιεστῶτες
3773 5021 3787 5046 ,

391 5061 501 5124 nit,
534 5061 885 5133 animosque
909 5063 1270 5119 adstantium
1290 5064 1377 5118 rei
1399 5065 1809 5136 magnitudine
1832 5067 2015 5122 attoni

2142 5054 2466 5128 ἐθαύμασαν.
2527 5057 2661 5114 Τότε
2711 5062 2829 5122 τοῖς
2885 5056 3106 5122 ὀδόντας
3159 5059 3528 5135 ἐκριζωθεῖσα,
3561 5065 3788 5120 καὶτῶν

384 5157 476 5205 tos
499 5150 758 5205 reddidit
790 5169 803 5205 :
838 5157 1136 5223 postremo
1161 5153 1375 5207 evulsis
1408 5152 1706 5220 dentibus,
1741 5157 2015 5226 praacisis-

2140 5151 2346 5220 χειρῶν
2375 5147 2466 5201 καὶ
2493 5150 2600 5201 τῶν
2651 5144 2837 5202 ποδῶν
2895 5147 3022 5210 τοὺς
3064 5146 3363 5213 δακτύλους
3425 5151 3787 5226 ἀποκοπεῖσα,

391 5255 504 5310 que
538 5255 779 5295 manum
809 5257 878 5296 ac
906 5241 1124 5312 pedum
1157 5241 1374 5312 digitis,
1404 5242 1582 5296 vitam
1614 5243 1824 5299 ﬁnivit.

2140 5232 2456 5307 ἐτελειώθη.

940 5331 1180 5385 EODEM
1218 5331 1362 5385 MEN
1369 5331 1470 5386 SE.

2674 5327 2859 5383 mum
2901 5329 2994 5404 Τᾳ
3052 5331 3248 5408 ΔΥΤῼ.

1056 5419 1160 5474 Die
1200 5424 1366 5475 sexta

2925 5421 2984 5485 ς.

636 5508 735 5564 97
773 5508 1059 5564 Certamen
1080 5511 1259 5566 sancti
1293 5510 1508 5565 Thomas
1528 5511 1780 5581 apostoli.

2379 5501 2650 5574 ’Δθλησις
2696 5507 2792 5559 τοῦ
2815 5503 2970 5579 ἀγίου
2999 5504 3314 5562 ἀποστόλου
3345 5513 3535 5582 Θωμᾶ.

462 5597 603 5656 Post
615 5600 849 5656 Domini
866 5599 1092 5656 nostri]
1098 5615 1202 5655 esu
1222 5599 1428 5656 Caristi
1444 5600 1880 5672 ascensionem,
1893 5617 2015 5657 cum

2209 5595 2360 5653 Μετά
2404 5612 2503 5663 την
2583 5592 2854 5666 ἀνάληψιν
2939 5597 3038 5650 τοῦ
3111 5595 3310 5672 Κυρίου
3368 5598 3530 5670 ἡμῶν
3597 5599 3779 5670 Ἰησοῦ
