4132 6328
295 370 370 430 93
1801 362 2180 425 OGTOBER.
3639 365 3718 424 94

287 501 547 574 Χριστοῦ,
613 494 843 559 ’ἕκαστος
898 499 1006 550 τῶν
1068 495 1232 572 ἁγίων
1313 494 1637 552 ἀποστόλων
1697 493 1948 556 ἀπελθὼν

2077 493 2472 564 apostolorum
2503 493 2720 566 singuli
2759 494 2822 549 in
2865 510 3018 562 eam,
3050 510 3182 566 qua;
3215 498 3372 549 sorte
3403 493 3516 548 sibi
3547 494 3724 548 obve-

293 589 368 650 εἶς
425 589 526 656 τήν
587 585 873 662 λαχοῦσαν
929 585 1077 656 αὖτῷ
1153 584 1367 660 χώραν,
1412 583 1709 641 ἐδίδασκεν.
1743 581 1956 656 Ἕλαχε

296 677 357 733 δὶ
414 677 503 732 καὶ
547 681 630 747 τῷ
691 677 831 751 ἁγίῳ
888 679 1059 747 Θωμᾷ
1109 677 1143 744 ἡ
1201 679 1310 729 τῶν
1370 671 1558 729 Ἰνδῶν
1613 674 1794 747 χώρα.
1858 670 1960 726 Καὶ

298 765 552 830 ἀπελθὼν
587 765 640 820 έν
685 765 850 838 αὐτῇ,
909 764 1170 839 ἐκήρυττε
1222 765 1314 819 τὸν
1362 763 1622 840 Χριστόν.
1674 760 1958 816 Πιστευσά-

301 878 400 926 σης
432 854 492 910 δὲ
525 853 618 910 διὰ
646 859 747 909 τοῦ
781 852 948 928 λόγου
991 851 1157 908 αὐτοῦ
1211 860 1312 921 τῆς
1368 854 1624 928 γυναικὸς
1650 854 1748 906 τοῦ
1809 850 1961 924 βασι-

297 945 439 1007 λέως
465 950 573 999 τῶν
619 942 832 1011 Ἰνδῶν,
868 945 1004 1016 μετὰ
1030 948 1127 997 τοῦ
1181 944 1302 997 υἱοῦ
1361 942 1552 1010 αὐτῆς,
1603 945 1682 1011 τῷ
1721 941 1961 1013 Χριστῷ,

299 1032 604 1110 διεῇώσθη
640 1037 668 1088 ο
699 1038 922 1104 Θωμᾶς,
953 1033 1042 1086 καὶ
1081 1036 1150 1105 τῇ
1201 1036 1299 1086 τοῦ
1333 1032 1601 1107 βασιλέως
1650 1027 1961 1103 προστάξει,

301 1121 634 1192 ἀπεκλείσθη
688 1122 763 1183 εἷς
823 1119 1097 1198 φυλακὴν,
1161 1121 1295 1193 μετά
1339 1120 1429 1174 καὶ
1475 1120 1670 1194 ἑτέρων
1758 1115 1965 1188 δεσμωο

297 1218 429 1269 τῶν.
466 1214 661 1273 Δόντες
729 1209 786 1266 δὲ
846 1212 1112 1285 χρήματα
1169 1216 1284 1272 τοῖς
1342 1209 1699 1286 στρατιώταις
1759 1207 1786 1260 6
1843 1203 1962 1265 υἱὸς

294 1309 390 1358 τοῦ
428 1301 722 1377 βασιλέως,
765 1301 855 1356 καὶ
913 1303 948 1369 ἡ
1019 1303 1204 1374 μήτηρ
1266 1299 1452 1369 αὐτοῦ,
1510 1299 1600 1354 καὶ
1650 1295 1815 1353 ἄλλοι
1863 1294 1964 1349 οὐκ

298 1393 511 1468 ὀλίγοι,
545 1391 804 1460 εἰσῆλθον
838 1391 972 1465 πρὸς
1001 1389 1159 1444 αὐτὸν
1211 1389 1264 1444 έν
1314 1394 1384 1463 τῇ
1444 1387 1686 1466 φυλακῇ,
1716 1385 1806 1440 καὶ
1839 1379 1962 1438 ἐϐα-

295 1481 623 1550 πτίσθησαν.
681 1481 776 1534 Καὶ
844 1478 977 1552 μετά
1029 1479 1228 1554 χρόνον
1288 1479 1470 1533 ἱκανὸν
1503 1476 1554 1549 ἐξ
1584 1475 1760 1530 αὐτῶν
1813 1472 1963 1547 ἔχει·

301 1579 674 1647 ροτονηθησαν
723 1563 1109 1644 πρεσϐύτεροι,
1167 1568 1257 1622 καὶ
1317 1565 1585 1624 διάκονοι.
1618 1565 1723 1622 Καὶ
1781 1560 1960 1617 ἐδίδα-

299 1683 424 1716 σκον
457 1660 548 1714 ἐπὶ
577 1665 658 1732 τῷ
690 1658 919 1731 ὀνόματι
974 1656 1072 1713 τοῦ
1127 1661 1385 1732 Χριστοῦ.
1439 1657 1542 1714 Καὶ
1600 1655 1762 1730 γνοὺς
1800 1655 1962 1706 τοῦτο

301 1753 329 1805 6
386 1747 645 1825 βασιλεὺς
701 1747 791 1803 καὶ
856 1747 1148 1824 ὀργισθεὶς,
1208 1745 1437 1821 ἐξήγαγε
1483 1747 1576 1801 τὸν
1662 1739 1965 1798 ἀπόστολον

296 1841 618 1915 προσέταξεν
697 1838 1033 1894 ἀποκτεῖναι.
1115 1835 1499 1912 Ἀναγαγόντες
1585 1831 1674 1889 οὖν
1737 1831 1813 1893 εἷς
1897 1828 1961 1883 τὸ

295 1930 616 1984 ἀπέκτειναν
627 1970 640 1981 .

904 2019 981 2088 τῇ
1005 2014 1141 2088 αὖτῆ
1172 2013 1356 2088 ἡμέρᾳ

298 2110 511 2179 Μνήμη
571 2105 669 2161 τοῦ
725 2104 881 2159 ὁσίου
936 2104 1148 2176 Πατρὸς
1203 2105 1364 2175 ἡμῶν
1424 2103 1640 2170 Νικήτα
1678 2103 1776 2155 τοῦ
1835 2100 1966 2172 ὁμο-

997 2192 1260 2268 λογητοῦ.

365 2287 428 2342 Ὁ
460 2283 513 2339 έν
567 2283 736 2358 ἁγίοις
799 2284 981 2355 Πατὴρ
1014 2285 1174 2354 ἡμῶν
1234 2281 1470 2350 Νικήτας
1526 2277 1615 2334 καὶ
1669 2277 1960 2352 ὀμοΛογη-

299 2380 399 2446 τῆς
477 2381 579 2432 τοῦ
637 2380 894 2452 Χριστοῦ,
939 2373 1158 2449 ὑπῆρχε
1235 2374 1494 2448 συγγενὴς
1565 2371 1808 2447 Εἰρήνης
1860 2377 1961 2439 τῆς

307 2465 658 2542 βασιλίσσης,
715 2464 841 2534 ἤτις
898 2457 1272 2536 προσελάϐετο
1331 2460 1516 2530 αὐτὸν,
1579 2459 1639 2514 οὗ
1717 2456 1807 2513 διὰ
1859 2460 1958 2525 τὴν

306 2557 622 2630 συγγένειαν
658 2555 846 2627 μόνον,
898 2550 1044 2607 ἀλλὰ
1097 2552 1186 2606 καὶ
1246 2549 1335 2606 διὰ
1386 2552 1486 2619 τήν
1543 2549 1738 2624 ἀρετὴν
1771 2548 1958 2604 αὐτοῦ.

305 2643 493 2705 Οῧτως
532 2645 632 2717 γὰρ
666 2642 974 2717 ἠγωνίσατο
1031 2639 1122 2694 καὶ
1181 2639 1390 2714 ἐγένετο
1439 2636 1708 2707 ἐνάρετος,
1743 2637 1818 2700 ὡς
1873 2637 1960 2691 καὶ

313 2733 363 2787 ἐν
420 2737 490 2805 τῇ
547 2733 688 2786 κατά
734 2730 957 2785 Νίκαιαν
1017 2730 1136 2805 ἱερᾷ
1188 2725 1399 2800 συνόδῳ
1462 2728 1522 2781 τὸ
1580 2722 1851 2800 δεύτερον,
1903 2724 1964 2781 έκ

305 2823 607 2897 προσώπου
684 2826 784 2889 τῆς
869 2817 1156 2888 δεσποίνης
1215 2814 1666 2888 ἐξαποσταλῆναι,
1722 2815 1811 2869 καὶ
1876 2816 1959 2869 θε-

307 2910 545 2986 αρέστως
576 2907 628 2963 έν
653 2909 792 2981 αὐτῇ
825 2904 1139 2982 διαπρέψαι.
1184 2906 1373 2980 Ἕχων
1428 2901 1484 2958 δὲ
1533 2900 1753 2971 πολλὴν
1783 2901 1961 2956 ίκανό-

299 3018 461 3065 τητα,
518 2995 774 3068 τιμηθεὶς
834 2993 1142 3066 πατρίκιος,
1199 2989 1584 3065 προεχειρίσθη
1665 2988 1962 3064 στρατηγὸς

305 3085 580 3148 Σικελίας.
642 3084 741 3140 Καὶ
801 3081 986 3144 καλῶς
1046 3081 1100 3136 ἐν
1157 3080 1292 3153 αὐτῇ
1353 3080 1580 3153 πράξας,
1639 3079 1728 3133 καὶ
1786 3081 1965 3153 χήρας

302 3175 390 3231 καὶ
450 3173 718 3249 όρῳανοὺς
774 3171 1028 3242 ἐλεήσας,
1088 3171 1436 3244 ὑπέστρεψεν,
1482 3167 1674 3242 Εὐρὼν
1729 3165 1786 3222 δὲ
1840 3187 1964 3243 κρα-

2067 589 2256 651 uerat,
2288 585 2590 656 regionem
2621 585 2893 656 profecti,
2914 586 3219 650 docerent,
3253 585 3462 658 obtigit
3515 591 3720 640 sancto

2066 674 2302 727 Thomaa
2335 674 2616 729 Indorum
2649 675 2831 746 regio,
2881 675 2982 728 ubi
3023 675 3322 730 Christum
3358 673 3721 745 praedicavit.

2067 762 2211 816 Cum
2226 767 2425 816 autem
2456 762 2529 817 ad
2551 763 2954 818 Christiﬁdem
2986 780 3227 818 uxorem
3260 763 3414 836 regis
3439 763 3722 818 ludorum

2069 851 2316 920 ejusque
2352 851 2539 906 ﬁlium
2572 853 3248 914 convertisset,defcrtur
3277 853 3350 907 ad
3376 868 3596 925 regem,
3621 853 3724 922 qui

2068 940 2349 994 Thomam
2383 941 2444 994 in
2477 957 2772 995 carcerem
2800 958 2933 996 cum
2957 941 3090 996 aliis
3121 942 3330 996 vinctis
3345 940 3723 1012 detrudijus-

2071 1028 2165 1084 sit.
2197 1029 2500 1099 Corruptis
2530 1035 2729 1084 autem
2761 1031 3014 1101 pecunia
3041 1031 3354 1098 militibus,
3380 1031 3533 1103 regis
3565 1029 3724 1084 ﬁlius

2070 1133 2202 1171 cum
2237 1123 2447 1185 matre,
2479 1124 2655 1189 atque
2685 1119 2819 1173 aliis
2847 1136 2968 1175 non
3025 1121 3250 1191 paucis,
3301 1135 3600 1176 carcerem
3633 1119 3726 1173 in-

2068 1206 2277 1274 gressi,
2300 1206 2372 1261 ab
2397 1223 2463 1260 eo
2493 1207 2767 1278 baptizati
2799 1215 2970 1275 sunt;
3000 1216 3058 1265 et
3107 1216 3241 1280 post
3269 1209 3551 1264 idoneum
3574 1213 3722 1262 tem-

2070 1311 2181 1366 pus
2211 1295 2465 1350 ordinati
2487 1295 2650 1350 fuere
2683 1313 2753 1351 ex
2785 1299 2876 1352 his
2899 1299 3316 1369 presbyteri,et
3344 1297 3600 1365 diaconi,
3621 1297 3725 1367 qui

2069 1384 2131 1437 in
2161 1385 2401 1438 nomine
2415 1385 2628 1439 Christi
2649 1386 2951 1441 docebant.
2967 1386 3133 1451 Quod
3163 1386 3263 1440 ubi
3287 1403 3388 1441 rex
3409 1385 3725 1453 intellexit,

2070 1472 2277 1540 iratus,
2312 1473 2593 1528 eductum
2625 1491 2655 1528 e
2687 1491 2922 1531 carcere
2952 1475 3308 1547 apostolum,
3343 1480 3400 1529 et
3434 1474 3728 1530 militibus

2071 1561 2377 1628 traditum,
2403 1563 2587 1633 jussit
2613 1564 2826 1620 occidi.
2855 1565 3191 1620 Abductum
3225 1565 3426 1635 itaque
3454 1568 3728 1619 sanctum

2071 1650 2135 1704 in
2166 1650 2668 1720 montem,lancea
2694 1653 3726 1724 transverberantes,interfecerunt.

2071 1745 2174 1807 τῆς
2241 1736 2515 1815 φυλακῆς,
2594 1741 2683 1795 καὶ
2761 1741 3037 1817 παραδοὺς
3113 1742 3274 1798 αὐτὸν
3352 1740 3728 1816 στρατιώταις,

2070 1828 2196 1900 ὃρος
2227 1830 2320 1883 τὸν
2393 1831 2572 1904 ἅγιον,
2654 1833 2788 1905 μετὰ
2857 1836 2966 1887 τῶν
3041 1832 3343 1908 κονταρίων
3421 1829 3729 1902 πλήξαντες

2728 2013 2948 2068 Eodem
2981 2014 3075 2069 die

2074 2100 2175 2155 98
2231 2101 2684 2156 Commemoratio
2759 2105 2939 2157 sancti
3021 2104 3202 2158 Patris
3266 2104 3444 2158 nostri

2745 2176 3089 2242 confessoris.

3521 2104 3728 2158 Nicetw

2148 2291 2396 2345 Sanctus
2474 2291 2648 2345 Pater
2729 2296 2933 2345 noster
3015 2290 3352 2360 Christique
3423 2287 3730 2344 confessor

2073 2379 2324 2448 Nicetas,
2356 2381 2556 2434 lrenes
2613 2383 2888 2453 Augusta;
2934 2382 3324 2452 pr0pinquus,
3361 2380 3411 2436 ei
3454 2395 3573 2433 non
3608 2383 3727 2432 tam

2073 2468 2146 2522 ob
2180 2469 2707 2539 propinquitatem,
2740 2486 2919 2540 quam
2953 2469 3026 2524 ob
3060 2486 3227 2524 suam
3260 2469 3533 2524 virtutem
3559 2483 3725 2520 acceo

2073 2561 2207 2627 ptus
2238 2563 2381 2621 erat.
2417 2558 2510 2612 Sic
2557 2559 2715 2612 enim
2761 2558 2823 2613 in
2875 2558 3301 2614 certaminibus
3349 2575 3416 2613 ac
3444 2557 3729 2611 virtutum

2074 2646 2596 2702 exercitationibus
2627 2647 2924 2714 excelluit,
2958 2652 3024 2701 ut
3053 2647 3124 2702 ad
3146 2652 3410 2702 sanctam
3429 2646 3728 2702 Nicaanam

2076 2734 2398 2788 secundam
2431 2736 2747 2807 synodum,
2781 2737 3175 2808 imperatricis
3224 2736 3474 2808 legatus,
3508 2735 3726 2790 missus

2073 2821 2288 2888 fuerit;
2322 2839 2438 2893 quo
2485 2824 2548 2878 in
2590 2841 2839 2879 munere
2891 2826 3119 2897 egregie
3156 2831 3215 2880 et
3268 2825 3602 2896 insigniter,
3663 2828 3728 2878 ut

2077 2909 2192 2963 Deo
2219 2910 2501 2980 placitum
2535 2919 2714 2980 est,se
2738 2915 3085 2985 gessit.Erat
3100 2914 3259 2969 enim
3282 2913 3355 2968 ad
3371 2913 3730 2983 omniapraa-

2072 2997 2228 3053 clare
2259 3002 2520 3072 gerenda
2547 3002 2805 3058 maxime
2835 3001 3107 3058 idoneus.
3141 3004 3332 3067 Quare
3378 3001 3728 3072 patriciatus

2073 3088 2303 3145 honore
2334 3092 2690 3160 cumulatus,
2725 3093 2938 3149 Sicilia;
3000 3100 3290 3166 strategus
3345 3092 3681 3148 declaratur
3713 3107 3727 3146 :

2078 3192 2201 3247 qua
2230 3180 2406 3235 etiam
2439 3183 2742 3252 provincia
2771 3184 2993 3254 optime
3051 3183 3482 3247 administrata,
3544 3181 3734 3236 multa

303 3267 546 3334 τήσαντα
574 3269 676 3332 τῆς
719 3261 997 3336 βασιλείας
1050 3260 1142 3314 τὸν
1202 3258 1590 3332 Εἰκονομάχον
1652 3257 1854 3311 Λέοντα
1880 3256 1964 3310 τὸν

2087 3244 2383 3341 prmcipue
2415 3244 2550 3342 erga
2578 3272 2784 3328 viduas
2809 3244 2872 3327 et
2909 3273 3166 3345 pupillos
3197 3244 3558 3344 benignitate
3590 3287 3732 3324 usus

315 3353 614 3425 Αρμένιον,
670 3349 992 3405 καταλιπὼν
1053 3348 1291 3421 ἀξίωμα,
1352 3346 1595 3402 πλοῦτον
1652 3346 1742 3400 καὶ
1800 3350 1974 3399 πᾶσαν

311 3441 467 3512 δόξαν
495 3443 594 3495 τοῦ
623 3439 835 3511 κόσμου
885 3437 1071 3514 γέγονε
1131 3435 1399 3511 μοναχός.
1460 3436 1556 3490 Καὶ
1609 3434 1793 3508 μαθὼν
1851 3431 1975 3508 περὶ

313 3530 476 3585 αὐτοῦ
509 3531 537 3582 6
593 3526 870 3603 βασιλεὺς,
930 3526 1020 3580 καὶ
1082 3524 1260 3581 θέλων
1313 3524 1474 3579 αὐτὸν
1531 3525 1973 3599 τιμωρήσασθαι,

313 3619 580 3692 ἐμήνυσεν
636 3615 804 3688 αὐτῷ,
875 3613 1195 3670 ἀποστεῖλαι
1244 3615 1344 3681 τήν
1389 3614 1574 3668 εἷ’κόνα
1626 3617 1724 3667 τοῦ
1784 3619 1973 3681 Σωτῆ-

316 3728 427 3782 ρος,
461 3706 614 3768 8πως
646 3705 960 3780 κατακαῦσῃ
992 3704 1180 3773 αὐτήν.
1242 3705 1336 3772 Μὴ
1383 3701 1671 3758 πεισθέντα
1727 3699 1783 3756 δὲ
1810 3706 1974 3756 τοῦτο

313 3803 570 3867 ποιῆσαι,
602 3793 848 3870 ἐξώρισε,
878 3794 968 3848 καὶ
993 3792 1044 3849 έν
1075 3796 1146 3866 τῇ
1177 3793 1357 3866 ἑξορίᾳ
1414 3790 1605 3847 πολλὰ
1643 3790 1974 3864 πειρασθεὶς,

312 3884 607 3955 ἐτελειώθη
619 3928 633 3940 .

875 4093 922 4144 Μ
935 4089 1055 4146 llNl
1098 4093 1182 4142 ΤΩ
1211 4093 1412 4146 ΑΥΤΩ.

1139 4205 1192 4260 Ζ.

449 4319 728 4392 Ἀθλησις
756 4324 863 4375 τῶν
917 4320 1085 4395 ἁγίων
1123 4319 1412 4395 μαρτύρων
1446 4318 1676 4396 Σεργίου
1704 4318 1794 4374 καὶ

1051 4410 1292 4485 Βάκχου.

381 4531 614 4604 Σέργιος
644 4527 738 4582 καὶ
773 4523 990 4602 Βάκχος
1045 4527 1097 4580 οἱ
1149 4525 1356 4596 ἔνδοξοι
1411 4530 1508 4580 τοῦ
1562 4527 1796 4601 Χριστοῦ
1829 4528 1967 4602 μάρο

2077 3357 2318 3412 domum
2351 3360 2541 3416 rediit.
2582 3363 2797 3416 Verum
2841 3363 2980 3432 quia
3038 3363 3289 3434 imperio
3331 3361 3553 3433 potitus
3605 3363 3732 3414 erat

2078 3447 2189 3502 Leo
2216 3454 2507 3505 Armenus
2534 3451 2983 3523 Iconomachus,
3006 3455 3255 3509 remisso
3288 3453 3736 3526 dignitati,divi-

2077 3537 2194 3603 tiis,
2227 3539 2512 3610 omnique
2544 3541 2859 3596 mundanas
2889 3543 3091 3614 glorias
3141 3543 3373 3610 nuntio,
3402 3542 3733 3597 monachus

2077 3625 2350 3681 efficitur.
2411 3629 2576 3692 Quod
2609 3645 2743 3684 cum
2776 3630 3100 3700 imperator
3121 3631 3474 3698 rescivisset,
3532 3630 3734 3684 volens

2075 3713 2247 3768 illum
2278 3717 2594 3771 tormentis
2628 3717 2942 3788 subjicere,
2977 3719 3285 3789 imperavit
3317 3724 3382 3773 ut
3411 3719 3734 3774 Servatoris

2075 3802 2395 3874 imaginem
2431 3805 2834 3876 mitteret,quo
2856 3805 3022 3860 illam
3055 3806 3568 3862 combureret.Sed
3601 3793 3735 3860 cum

2077 3890 2136 3945 id
2164 3891 2360 3947 facere
2389 3893 2941 3962 detrectaret,illum
2965 3895 3276 3968 relegavit:
3311 3897 3412 3968 qui
3444 3896 3504 3950 in
3523 3895 3732 3950 exsilio

2077 3981 2282 4036 multis
2306 3982 2611 4038 confectus
2640 3985 2944 4053 arumnis,
2972 3984 3245 4042 decessit.

2628 4101 2870 4158 EODEM
2928 4103 3185 4160 MENSE.

2718 4218 2822 4273 Die
2871 4219 3125 4290 septima

2074 4331 2176 4386 99
2267 4331 2552 4388 Certamen
2624 4340 3339 4460 sanctoguthmartyrum
3410 4334 3594 4404 Sergii
3678 4339 3730 4388 et

2098 4424 2104 4430 ·
2867 4423 2960 4460 acc
3001 4423 3039 4460 ι.

2098 4424 2104 4430 ”
2819 4423 3039 4462 ϋαοοηι.

2147 4527 2380 4600 Sergius
2414 4533 2472 4582 et
2518 4529 2802 4596 Bacchus,
2858 4530 3103 4602 gloriosi
3138 4529 3353 4584 Christi
3411 4533 3728 4599 martyres,

308 4638 485 4692 τυρες,
522 4618 778 4690 ὑπῆρχον
808 4615 894 4669 επὶ
931 4616 1270 4687 Μαξιμιανοῦ
1297 4617 1396 4668 τοῦ
1448 4615 1742 4688 βασιλέως,
1774 4616 1964 4689 ὡραῖοι

2077 4615 2430 4672 Maximiano
2460 4617 2819 4690 imperatore
2850 4619 3137 4686 claruere,
3189 4618 3419 4690 egregia
3465 4617 3731 4688 corporis

305 4706 369 4761 τὸ
399 4703 568 4772 εἶδος,
611 4704 700 4758 καὶ
760 4707 838 4775 τῷ
895 4701 1115 4778 βασιλεῖ
1180 4697 1561 4778 περίϐλεπτοι.
1610 4704 1670 4761 Ὁ
1705 4703 1801 4776 μὲν
1833 4705 1969 4779 Σέρ-

306 4816 426 4868 γιος
508 4793 891 4868 πριμικήριοςο
954 4793 982 4846 6
1059 4789 1116 4846 δὲ
1179 4793 1404 4867 Βάκχος
1476 4789 1723 4868 δεύτερος
1784 4791 1966 4848 αὐτοῦ’

308 4883 642 4960 ’Δμφότεροι
676 4877 733 4936 δὲ
775 4875 1050 4950 εὐλαϐεῖς,
1107 4881 1198 4935 καὶ
1248 4876 1536 4954 σεϐόμενοι
1587 4883 1678 4936 τὸν
1710 4883 1966 4952 Χριστόνι

307 4972 407 5025 Διά
433 4973 599 5024 τοῦτο
628 4968 718 5022 καὶ
746 4961 1133 5038 διαϐληθέντες
1187 4971 1266 5040 τῷ
1327 4966 1564 5042 βασιλεῖ,
1596 4969 1968 5043 ἠναγκάζοντο

307 5052 465 5113 θῦσαι
496 5062 615 5119 τοῖς
648 5053 925 5118 είδώλοις.
987 5055 1092 5112 Καὶ
1153 5057 1229 5128 μή
1275 5055 1717 5130 καταδεξάμενοι,
1750 5062 1968 5133 πρῶτον

316 5148 409 5220 μἐν
465 5146 816 5222 ἀφῃρέθησαν
873 5148 982 5200 τῶν
1041 5144 1365 5218 ἀξιωμάτων
1442 5146 1640 5216 αὐτῶν,
1716 5147 1804 5201 καὶ
1862 5151 1969 5201 τῶν

319 5235 646 5306 μανιακίων.
724 5232 822 5287 Καὶ
881 5233 980 5300 τήν
1065 5233 1325 5310 ἆνὸρικήν
1381 5233 1684 5296 έκδυθὲντες
1745 5233 1967 5306 στολὴν,

313 5322 636 5393 ξνεδῦθησαν
666 5321 859 5394 ἱμάτια
912 5327 1190 5395 γυναικεῖα
1247 5320 1619 5396 δημευόμενοι
1677 5323 1841 5389 μέσον
1867 5325 1966 5393 τῆς

307 5413 539 5474 πόλεως.
575 5412 804 5468 Ἔπειτα
860 5406 1212 5487 ἐπέμφθησαν
1272 5411 1409 5484 πρὸς
1461 5412 1552 5467 τὸν
1603 5419 1704 5482 τῆς
1762 5412 1970 5489 Αὐγου-

310 5500 657 5564 στουπόλεως
709 5499 976 5576 ἄρχοντα,
1036 5497 1122 5553 ἐπὶ
1171 5503 1250 5572 τῷ
1305 5501 1432 5575 παρ’
1515 5500 1717 5556 ἐκείνου
1789 5523 1964 5576 τιμω-

314 5598 563 5662 ρηθῆναι.
629 5589 780 5647 Κατᾶ
855 5583 913 5641 δὲ
967 5587 1067 5655 τήν
1127 5585 1251 5642 ὁδὸν
1304 5589 1612 5662 περιεπάτει
1661 5587 1964 5665 ἔμπροσθεν

313 5680 480 5734 αὐτῶν
509 5679 745 5757 ἄγγελος
776 5679 880 5732 τοῦ
927 5680 1082 5749 Θεοῦ,
1135 5674 1351 5754 ὁδηγῶν
1400 5675 1614 5742 αὐτούς.
1675 5680 1801 5735 Εἶτα
1857 5700 1962 5735 πα-

2078 4703 2268 4760 forma
2293 4705 2548 4776 prmditi,
2578 4712 2637 4760 et
2665 4707 2971 4778 spectabili
3015 4707 3170 4779 apud
3223 4707 3498 4761 eumdem
3543 4707 3732 4778 impe-

2079 4798 2335 4848 ratorem
2368 4794 2520 4851 loco.
2550 4795 2785 4867 Sergius
2841 4797 3002 4850 enim
3057 4796 3434 4868 primicerius
3480 4802 3624 4861 erat,
3675 4799 3736 4848 et

2081 4883 2341 4938 Bacchus
2371 4883 2442 4938 ab
2469 4883 2598 4954 ipso
2648 4885 2946 4940 secundus
2984 4901 2997 4941 :
3031 4893 3282 4957 uterque
3341 4891 3540 4941 autem
3573 4884 3732 4955 pius,

2080 4976 2138 5025 et
2180 4971 2475 5026 Christum
2532 4972 2753 5028 colens.
2789 4975 3187 5039 Quamobrem
3227 4975 3406 5030 delati
3437 4973 3512 5030 ad
3543 4973 3733 5043 impe-

2078 5065 2358 5126 ratorem,
2394 5060 2572 5116 idolis
2603 5063 2937 5118 sacrificare
2971 5065 3429 5137 compelluntur.
3458 5063 3568 5118 Sed
3599 5077 3734 5116 cum

2077 5150 2150 5205 ad
2181 5149 2240 5204 id
2272 5149 2483 5204 adduci
2519 5153 3133 5224 nequirent,primum
3157 5154 3396 5225 quidem
3430 5153 3738 5226 dignitate,

2081 5243 2310 5309 torque,
2347 5244 2406 5294 et
2434 5239 2588 5294 virili
2631 5245 2763 5313 toga
2811 5241 3144 5312 spoliantur
3173 5259 3184 5297 :
3214 5243 3427 5298 deinde
3460 5239 3736 5296 muliebri

2080 5327 2232 5382 stola
2276 5327 2720 5400 induti,perque
2752 5329 2960 5386 urbem
2985 5332 3394 5395 circumducti,
3425 5332 3746 5386 mittuntur

2078 5415 2151 5471 ad
2170 5418 2646 5490 Augustopoleos
2669 5419 3108 5490 praefectum,ut
3118 5421 3188 5476 ab
3203 5438 3271 5476 eo
3294 5425 3734 5492 torquerentur.

2078 5505 2143 5559 In
2179 5505 2394 5560 itinere
2423 5524 2566 5562 vero
2596 5507 2849 5578 prasibat
2887 5508 3006 5563 illis
3032 5509 3276 5583 angelus
3307 5511 3428 5565 Dei.
3459 5505 3734 5565 Perducti

2075 5595 2256 5666 igitur
2279 5594 2352 5648 ad
2383 5595 3021 5666 praafectum,Bacchus
3039 5599 3201 5668 prior
3221 5600 3545 5655 certamine
3561 5600 3731 5661 inito,

2085 5685 2147 5740 in
2178 5684 2323 5756 ipsis
2355 5685 2668 5740 tormentis
2688 5689 2960 5741 mortuus
2977 5686 3332 5742 est:deinde
3364 5683 3726 5758 Sergiuscal-
