4132 6328
318 379 396 440 95
1639 359 2020 429 MENOIJOG

2126 361 2323 423 PARS
2366 362 2415 423 Ι.
3657 348 3735 409 96

325 508 650 566 ceamentis
673 505 904 573 ferreis,
919 520 1049 577 quas
1079 503 1153 560 ad
1176 503 1357 575 pedes
1382 500 1572 558 acutis
1601 498 1781 555 clavis
1798 495 1979 552 afﬁxa
2004 502 2020 559 Α

2126 494 2380 553 «στάντες
2436 493 2517 561 τῷ
2572 486 2821 563 ἄρχοντι,
2850 486 3068 559 πρῶτος
3123 481 3152 536 ὁ
3212 478 3428 577 Βάκχος
3470 479 3734 577 ἆιγιρὶησξιΓ

322 603 494 654 erant
522 597 789 665 indutus,
821 599 880 650 et
932 610 1174 650 currere
1222 596 1482 663 coactus,
1538 588 1734 663 gladio
1787 586 1971 640 vitam

2126 603 2247 644 ενος
2312 580 2363 635 ἐν
2440 577 2626 639 αύταῖς
2706 578 2825 638 ταῖς
2884 573 3142 649 βασάνοις
3197 568 3481 633 ἀπέθανεν.
3555 568 3617 625 Ὁ
3679 564 3737 622 δὲ

324 687 535 750 ﬁnivit.
776 657 785 665 '
1468 657 1477 663 ’
1543 657 1569 663 ν
2081 657 2305 747 Σέργιος
2341 665 2657 740 ὑποδήμασι
2688 661 2939 738 σιδηροῖς
2997 661 3133 734 μετὰ
3183 660 3337 750 iika
3389 657 3553 750 bﬁtwv
3599 657 3737 750 Δτοὺς

2077 744 2251 823 πόδας
2295 754 2660 827 καθηλωθεὶς,
2726 752 2817 807 καὶ
2889 751 3106 825 τρέχειν
3171 746 3545 822 ἀναγκασθεὶς,
3596 744 3740 819 ξίφει

2083 846 2408 917 ἰτελειώθη.

2677 959 2763 1031 Τῇ
2793 953 2931 1029 αὐτῇ
2961 952 3145 1028 ἡμέρᾳ

2295 1051 2568 1119 ’Δθλησις
2596 1053 2700 1115 τῆς
2730 1044 2885 1121 ἁγίας
2923 1044 3199 1119 μάρτυρος
3227 1039 3528 1116 Πελαγίας.

2155 1138 2401 1215 Πελάγία
2429 1139 2465 1206 ἠ
2500 1137 2701 1210 μάρτυς
2763 1135 3009 1207 ὑπῆρχεν
3066 1131 3155 1185 ἐπὶ
3198 1128 3596 1215 Διοκλητιανοῦ
3649 1129 3750 1181 τοῦ

398 1220 636 1292 Pelagia
667 1224 893 1292 martyr
922 1235 992 1274 ex
1035 1218 1180 1273 urbe
1225 1220 1403 1273 Tarso
1457 1216 1570 1272 fuit
1616 1211 1983 1305 temporibus

2128 1211 2363 1290 ασιλέιιλς
2424 1226 2483 1281 ἐκ
2533 1231 2634 1294 τῆς
2679 1223 2897 1286 πόλεως
2954 1224 3190 1297 Ταρσοῦ.
3248 1219 3449 1275 Κλίνου
3510 1214 3569 1271 Si
3651 1217 3749 1272 τοῦ

336 1309 689 1366 Diocletiani
721 1308 1117 1379 imperatoris.
1176 1308 1320 1361 Cum
1380 1310 1577 1360 autem
1626 1304 1830 1361 Clinus
1859 1300 1982 1371 epi-

2126 1319 2386 1373 πισκόπου
2444 1313 2694 1375 πολλοὺς
2748 1317 2857 1367 τῶν
2921 1308 3209 1381 Ἑλλήνων
3272 1308 3655 1385 βαπτίζοντος,
3711 1309 3746 1377 ἡ

337 1415 554 1470 scopus
581 1398 802 1453 multos
833 1414 902 1452 ex
935 1396 1150 1451 Graecis
1180 1395 1521 1467 baptizaret,
1555 1396 1685 1467 ipsa
1708 1394 1853 1448 vidit
1881 1408 1987 1464 per

2126 1407 2215 1483 γία
2246 1404 2495 1480 Πελαγία
2529 1404 2631 1479 ὁρᾷ
2658 1403 2775 1457 κατ’
2806 1395 2936 1477 ὄναρ
2987 1404 3313 1475 χαρακτῆρα
3366 1401 3464 1452 τοῦ
3524 1395 3749 1451 ἐπισκό-

328 1488 588 1560 quietem
620 1488 964 1558 episcopum
984 1502 1046 1540 se
1058 1485 1132 1541 ad
1163 1484 1525 1555 baptismum
1548 1483 1984 1542 adhortantem.

2126 1518 2196 1551 που
2229 1493 2643 1570 παρακαλοῦντα
2706 1490 2876 1559 αὐτὴν
2941 1490 3077 1561 πρὸς
3160 1488 3224 1542 τὸ
3286 1487 3569 1563 βάπτισμα
3651 1483 3748 1541 Καὶ

330 1578 519 1642 Quare
551 1576 736 1647 petita
764 1592 799 1630 a
825 1580 1015 1629 matre
1040 1573 1303 1641 venia,ut
1329 1574 1622 1628 nutricem
1643 1571 1753 1627 sibi
1778 1586 1990 1627 conve-

2130 1585 2359 1656 ίτήσασα
2385 1584 2485 1651 τὴν
2516 1580 2744 1655 μητέρα,
2791 1580 2866 1641 ὡς
2890 1576 2957 1647 δὴ
3019 1579 3157 1651 πρὸς
3187 1578 3286 1645 τὴν
3334 1574 3539 1652 τροφὸν
3569 1571 3746 1629 ἀπελ-

332 1666 463 1721 nire
489 1666 716 1731 liceret,
750 1663 895 1719 adiit
923 1663 1288 1734 episcopum,
1317 1668 1377 1718 et
1405 1662 1697 1733 baptizata
1711 1667 1837 1729 est;
1870 1666 1992 1715 trs-

2131 1678 2227 1743 εἶν,
2274 1673 2491 1741 ἀπῆλθε
2550 1669 2685 1744 πρὸς
2739 1668 2832 1722 τὸν
2894 1666 3213 1737 ἐπίσκοπον,
3270 1663 3366 1719 καὶ
3427 1658 3754 1731 ἐϐαπτίσθη.

335 1756 577 1825 ditaque
635 1758 770 1824 p0st
816 1752 1179 1823 baptismum
1211 1768 1339 1820 sua,
1374 1768 1552 1821 quam
1584 1751 1897 1822 episcopus
1926 1750 1989 1803 in

2126 1763 2196 1817 ἰαὶ
2234 1762 2367 1834 μετὰ
2410 1760 2473 1814 τὸ
2536 1758 2917 1834 βαστισθῆναι,
2974 1752 3179 1810 δέδωκε
3207 1758 3288 1826 τῷ
3319 1752 3600 1825 ἐπισκόπῳ
3653 1751 3756 1818 τὴν

337 1858 630 1916 pauperes
654 1846 944 1913 erogaret,
977 1840 1219 1895 maximi
1249 1839 1423 1911 pretii
1454 1839 1625 1906 stola,
1684 1838 1863 1893 rediit
1916 1837 1990 1893 ad
2016 1847 2020 1909 ί

2126 1851 2403 1924 πολύτιμον
2433 1847 2602 1917 αύτῆς
2656 1845 2862 1915 στολὴν
2900 1843 3088 1901 δοῦναι
3120 1850 3240 1907 τοῖς
3274 1847 3549 1918 πτωχοῖς.
3609 1840 3757 1924 leta

336 1937 611 1998 matrem,
646 1947 776 2001 quaa
810 1929 995 1984 ﬁliam
1030 1930 1093 1984 in
1124 1929 1199 1982 vii
1239 1944 1308 1983 ac
1355 1928 1594 1983 sordida
1648 1932 1807 1983 veste
1838 1944 1988 1982 con-

333 2022 580 2095 spicata,
614 2036 683 2075 ea
713 2036 1093 2091 nequaquam
1126 2018 1410 2087 admissa,
1438 2020 1503 2074 in
1534 2019 1741 2074 ﬂetum
1774 2018 1987 2089 erupit,

331 2117 391 2167 et
419 2125 770 2182 properans,
805 2109 930 2164 ﬁlio
989 2108 1364 2175 Diocletiani,
1397 2109 1497 2180 qui
1548 2108 1660 2163 sibi
1692 2108 1988 2179 Pelagiam

334 2198 736 2269 desponderat
763 2214 1032 2265 uxorem,
1065 2197 1345 2253 indicavit
1382 2197 1546 2252 illam
1603 2198 1679 2252 ad
1708 2196 1992 2251 Christia-

334 2303 553 2344 norum
587 2303 755 2342 sacra
775 2286 1109 2342 transiisse.
1134 2286 1299 2352 Quod
1346 2303 1481 2342 cum
1539 2286 1805 2342 audisset
1850 2286 1990 2341 ado-

334 2377 570 2432 lescens
600 2375 803 2431 dolore
824 2375 1274 2447 perculsus,sibi
1292 2392 1533 2431 manum
1556 2374 1993 2439 intulit.Quam-

337 2466 544 2523 obrem
575 2465 976 2521 Diocletianus
1023 2467 1153 2536 ejus
1210 2471 1396 2537 pater,
1429 2466 1519 2521 ira
1546 2466 1825 2521 adversus
1857 2482 1993 2521 san-

334 2560 491 2612 ctam
522 2571 829 2620 accensus,
843 2561 1176 2627 correptam
1190 2556 1373 2627 jussit
1395 2556 1695 2611 boviaaneo
1725 2555 1993 2629 subjecto

334 2647 470 2717 igne
501 2644 728 2701 includi
755 2649 815 2700 et
845 2644 1119 2700 cremari.

905 2787 1147 2843 EODEM
1179 2788 1431 2846 MENSE.

966 983 1187 1040 Eodem
1245 982 1340 1038 die

471 1104 626 1161 τοι)
685 1105 972 1159 Certamen
1029 1107 1227 1157 sanctas
1283 1100 1543 1169 martyris
1576 1098 1837 1167 Pelagia.

2094 1947 2264 1999 ταῦτα
2286 1920 2597 1995 άπελθοῦσα
2626 1938 2763 2010 πρὸς
2810 1937 2908 2005 τήν
2976 1935 3210 2009 μητερα,
3248 1932 3346 1987 οὐκ
3400 1929 3601 2007 ἐδέχθη
3628 1920 3758 2005 παρ’

2096 2032 2282 2099 αὐτῆς.
2318 2028 2471 2087 Ἀλλ’
2499 2025 2686 2082 ἰδοῦσα
2717 2025 2883 2095 αὐτῆς
2897 2029 2996 2093 τὴν
3020 2023 3281 2092 ταπεινὴν
3307 2016 3757 2095 στολὴν,ἔκλαιε,

2095 2122 2184 2178 καὶ
2208 2119 2515 2197 δραμοῦσα,
2558 2113 2851 2192 ἀνήγγειλε
2904 2118 2985 2187 τῷ
3043 2114 3147 2187 υίῷ
3205 2113 3622 2182 Διοκλητιανοῦ,
3680 2112 3763 2179 τῷ

2098 2211 2308 2276 θέλοντι
2341 2209 2511 2277 αὐτὴν
2546 2206 2624 2267 είς
2683 2210 2935 2273 γυναῖκα,
2993 2204 3241 2273 εἰποῦσα,
3282 2202 3368 2256 ’ὁτι
3411 2199 3601 2276 γέγονε
3634 2201 3770 2273 Χρι-

2098 2300 2289 2368 στιανή
2320 2301 2355 2368 ἠ
2390 2295 2656 2371 Πελαγία.
2688 2296 2750 2351 Ὁ
2782 2292 2839 2349 δὲ
2892 2292 3145 2363 ἀκούσας,
3201 2291 3292 2347 καί
3343 2288 3626 2361 λυπηθεὶς,
3683 2288 3764 2357 τῷ

2099 2389 2222 2463 ἰδίῳ
2282 2388 2421 2466 ξίφει
2477 2387 2671 2441 ὶαυτὸν
2732 2385 2961 2442 ἀνεῖλεν.
3034 2382 3343 2458 Ὀργισθεὶς
3384 2378 3442 2436 δὶ
3497 2380 3525 2433 ὁ
3583 2375 3767 2451 πατὴρ

2097 2478 2261 2536 αὐτοῦ
2298 2475 2695 2546 Διοκλητιανὸς
2758 2473 2895 2529 κατᾶ
2947 2475 3048 2541 τῆς
3106 2472 3287 2547 ἁγίας,
3344 2470 3434 2526 καὶ
3492 2468 3767 2543 κρατήσας

2100 2567 2290 2637 αὐτὴν,
2322 2559 2572 2620 ἐνέϐαλεν
2623 2564 2701 2626 είς
2743 2560 2994 2637 χαλκοῦν
3054 2562 3183 2629 βοῦν
3216 2558 3616 2636 ἐκπυρωθέντα,
3674 2553 3772 2610 καὶ

2095 2651 2313 2711 ἔκαυσε.

2664 2738 2840 2797 ΜΗΝΙ
2869 2740 2959 2795 ΤΩ
2990 2740 3184 2796 ΔΥΤΩ.

993 2903 1097 2959 Die
1120 2909 1323 2960 octava
2103 2923 2310 2997 Μνήμη
2344 2919 2528 2997 ιτιρας
2562 2917 2714 2995 ἁγίας
2755 2830 3027 2992 Πελαγιῗας
3084 2922 3186 2986 τῆς
3241 2915 3531 2990 παρθένου,
3575 2916 3677 2981 τῆς
3704 2907 3766 2964 ἐν

343 3020 490 3076 101
601 3019 1055 3076 Commemoratio
1148 3022 1377 3077 alterius
1467 3027 1672 3077 sancta:
1754 3021 1996 3091 Pelagia

2779 3004 3113 3077 ’AvttoXstq.

840 3093 1075 3161 virginis
1119 3093 1496 3149 Antiochenai.

2182 3191 2250 3246 Ἦ
2305 3188 2432 3265 ἁγία
2478 3183 2739 3260 Πελαγία,
2797 3190 3045 3261 υπῆρχεν
3105 3184 3193 3240 ἰπὶ
3250 3183 3626 3257 Νουμεριανοῦ
3680 3182 3785 3235 τοῦ

2123 3278 2391 3355 βασιλέως
2449 3276 2553 3331 ἀπὸ
2611 3272 2952 3350 Ἀντιοχείας
3008 3281 3109 3345 τῆς
3175 3272 3392 3347 Συρίας,
3465 3272 3655 3346 γένους
3702 3268 3790 3324 ἐν-

2120 3365 2297 3441 δόξου.
2362 3363 2563 3423 Μαθὼν
2620 3360 2677 3418 δὶ
2735 3364 2763 3417 ὁ
2814 3360 3002 3438 ἄρχων
3054 3368 3159 3433 τῆς
3209 3361 3450 3431 πόλεως,
3508 3358 3592 3414 ὅτι
3653 3364 3787 3433 Χρι-

2120 3457 2307 3526 στιανή
2361 3453 2527 3521 ἔστιν,
2586 3453 2870 3508 ἀπέστειλε
2952 3452 3289 3528 στρατιώτας
3361 3454 3461 3505 τοῦ
3516 3454 3789 3525 κρατῆσαι

2124 3546 2316 3617 αὐτήν,
2366 3544 2435 3602 Οἳ
2524 3539 2581 3597 δὲ
2638 3541 2967 3605 ἀπελθόντες
3016 3539 3458 3616 περιεκύκλωσαν
3484 3540 3577 3594 τὸν
3634 3538 3790 3592 οἶκον

418 3234 635 3289 Sancta
664 3233 919 3306 Pelagia,
953 3235 1312 3291 Numeriano
1344 3236 1699 3308 imperante,
1731 3236 1793 3292 in
1851 3236 1998 3291 urbe

350 3322 546 3395 Syriae
572 3321 892 3379 Antiochia
945 3340 1177 3378 summo
1210 3324 1341 3379 loco
1374 3331 1515 3381 nata
1545 3330 1672 3391 est;
1710 3341 1889 3396 quam
1920 3322 2022 3380 ubi

351 3410 520 3465 urbis
556 3410 871 3482 praafectus
924 3411 1321 3468 Christianam
1382 3430 1509 3467 esse
1559 3413 1784 3483 didicit,
1843 3414 2027 3469 mittit

358 3499 719 3571 milites,qui
755 3516 882 3555 eam
918 3500 1513 3573 comprehenderent.
1534 3502 1679 3557 Cum
1709 3501 1889 3575 igitur
1912 3502 2021 3557 mi-

357 3588 500 3645 lites
525 3589 837 3659 abiissent,
873 3596 936 3645 et
964 3592 1206 3646 domum
1241 3591 1368 3663 ejus
1408 3592 1872 3663 circumquaque
1932 3591 2030 3647 ob-

370 3679 763 3748 sedissent,ut
795 3680 960 3736 illam
987 3686 1302 3752 raperent;
1338 3679 1399 3735 id
1429 3687 1634 3737 sancta
1663 3681 2027 3753 conspicata,

370 3770 612 3841 rogavit,
644 3774 711 3824 ut
738 3770 1049 3841 paululum
1076 3775 1507 3842 exspectarent,
1530 3769 1721 3826 donec
1765 3770 2026 3826 vestibus

369 3858 583 3914 induta
613 3858 1024 3917 descenderet.
1048 3860 1173 3915 Illis
1202 3878 1337 3916 vero
1359 3860 2030 3933 annuentibus,Pelagia

373 3952 568 4002 erecto
600 3954 1063 4019 corpore,atque
1097 3949 1170 4004 ad
1201 3950 1492 4005 orientem
1518 3951 1580 4005 in
1613 3966 1704 4019 eo,
1727 3949 1828 4005 ubi
1859 3966 2028 4005 orare

372 4042 778 4103 consueverat,
806 4036 937 4091 loco
969 4054 1274 4105 conversa,
1328 4038 1605 4093 manibus
1636 4039 1941 4109 oculisque
1967 4039 2027 4093 in

375 4124 588 4180 ccelum
620 4124 891 4192 sublatis,
916 4125 1139 4179 diutius
1170 4132 1410 4196 precata
1464 4127 1648 4181 Deum
1698 4132 1807 4193 est,
1839 4144 1915 4182 ne
1967 4128 2031 4182 in

376 4213 634 4269 militum
657 4218 1009 4285 potestatem
1038 4214 1399 4282 veniret,sed
1419 4221 1740 4287 antequam
1751 4232 2030 4287 compre-

380 4302 762 4373 henderetur,
798 4308 959 4359 casta
989 4308 1049 4358 et
1072 4320 1221 4375 pura
1239 4303 1314 4359 ad
1336 4305 1531 4377 ipsum
1560 4306 1858 4379 migraret.
1898 4307 2033 4361 Ηωο

377 4409 513 4449 cum
544 4390 811 4463 dixisset,
846 4409 1025 4464 seque
1056 4392 1248 4464 ipsam
1280 4393 1526 4449 honeste
1577 4395 2031 4466 composuisset,

379 4483 655 4555 spiritum
688 4482 936 4538 Domino
969 4481 1562 4539 tradidit.Praafectus
1591 4500 1726 4538 vero
1758 4500 1879 4539 una
1895 4501 2030 4541 cum

378 4572 523 4639 suis,
558 4586 627 4628 ea
654 4588 718 4628 re
749 4572 1002 4645 cognita,
1032 4570 1358 4645 obstupuit,
1383 4572 1441 4627 et
1462 4572 1712 4629 miratus
1741 4576 1849 4629 est.

1039 4715 1261 4772 Eodem
1282 4714 1378 4773 die

382 4840 535 4898 τοι
640 4841 1090 4897 Commemoratio
1161 4847 1362 4897 sanctae
1445 4830 1679 4913 Pelagia:
1752 4842 2034 4915 quondam

1055 4915 1377 4970 meretricis.

454 5018 877 5076 Sanctissimus
908 5018 1237 5075 Antiochiae
1269 5034 1499 5092 magna;
1543 5020 1880 5092 patriarcha
1909 5039 2035 5079 coe-

383 5110 469 5183 git
496 5107 819 5182 aliquando
853 5108 1226 5164 subditorum
1261 5108 1372 5163 sibi
1396 5109 1807 5183 episcoporum
1835 5114 2032 5169 conci-

384 5198 533 5255 lium
584 5197 657 5254 ob
718 5195 1018 5270 quoddam
1070 5196 1539 5254 ecclesiasticum
1602 5202 1918 5273 negotium.
1968 5204 2036 5260 In

387 5296 591 5344 eorum
622 5304 872 5343 numero
919 5286 1031 5342 fuit
1060 5282 1118 5341 et
1169 5280 1415 5343 Nonnus
1453 5294 1693 5343 sanctus
1724 5291 2036 5364 episcopus

386 5379 485 5451 qui
517 5384 651 5433 cum
683 5366 968 5449 p0puiun‘i
992 5375 1249 5443 doceret,
1275 5379 1333 5431 et
1359 5376 1597 5449 Pelagia
1611 5379 2036 5438 meretrixcum

386 5472 509 5523 toto
542 5474 648 5523 suo
682 5464 2038 5538 ornatupraeteriret,lapidibuspretiosis,mar-

386 5555 611 5628 garitis,
662 5560 840 5628 atque
896 5572 1039 5612 auro
1096 5560 1331 5619 onusta,
1386 5552 1810 5628 luxuriosoque
1857 5559 2041 5615 totius

387 5644 652 5717 corpOris
681 5642 845 5701 cultu
879 5662 893 5701 ε
922 5633 1127 5701 ἁὰιιωο
1184 5646 1347 5701 tanta
1376 5648 1819 5716 unguentorum
1866 5646 2039 5719 copia

2123 3636 2314 3704 αὐτῆς,
2353 3631 2684 3709 βουλόμενοι
2735 3635 2833 3685 τοῦ
2882 3628 3117 3706 ἁρπάσαι
3158 3630 3349 3701 αύτήν.
3410 3630 3670 3693 Μαθοῦσα
3724 3622 3789 3681 δὲ

2122 3729 2289 3780 τοῦτο
2331 3725 2366 3792 ἠ
2429 3722 2581 3795 ἁγία,
2638 3718 2974 3794 παρεκάλεσε
3033 3719 3225 3794 μικρὸν
3280 3722 3612 3793 περιμεῖναι,
3677 3711 3789 3777 ἓως

2127 3812 2189 3871 ἄν
2223 3810 2555 3884 ἐνδυσαμένη
2604 3807 2857 3881 κατέλθῃ.
2918 3811 3042 3866 Τῶν
3094 3804 3152 3862 δὲ
3206 3808 3524 3863 πεισθέντων
3575 3804 3663 3860 ἐπὶ
3710 3806 3784 3879 τῇ

2129 3901 2445 3977 ὑποσχέσει,
2505 3897 2678 3969 ἐκείνη
2741 3898 2992 3953 σταθεῖσα
3042 3898 3180 3970 πρὸς
3264 3895 3532 3958 ἀνατολὰς
3592 3893 3644 3950 ἰν
3705 3895 3789 3967 τῷ

2125 3994 2304 4065 τόπῳ,
2374 3990 2426 4045 ἐν
2505 3990 2553 4061 ᾧ
2628 3985 2784 4043 εἷ’ωθε
2838 3986 3258 4062 προσεύχεσθαι,
3328 3984 3636 4041 ἀνατείνασα
3690 3983 3792 4048 τὰς

2127 4086 2342 4157 χεῖρας,
2401 4078 2493 4133 καὶ
2539 4078 2667 4138 τοὺς
2725 4074 3048 4153 ὀφθαλμοὺς
3082 4073 3254 4149 ἄρασα
3310 4075 3385 4137 εἷς
3413 4074 3505 4129 τὸν
3538 4072 3790 4146 οὐρανὸν,

2128 4167 2477 4243 προσηύξατο
2511 4164 2749 4220 ἐπιπολὺ
2779 4164 2918 4240 πρὸς
2981 4166 3073 4220 τὸν
3102 4164 3251 4236 Θεὸν,
3305 4166 3381 4237 μὴ
3414 4160 3791 4237 παραδοθῆναι

2127 4263 2247 4320 τοῖς
2281 4255 2661 4332 στρατιώταις,
2710 4252 2857 4309 ἀλλὰ
2913 4253 3020 4326 πρὸ
3076 4257 3177 4309 τοῦ
3235 4259 3593 4329 κρατηθῆναι,
3650 4250 3794 4325 πρὸς

2131 4348 2294 4403 αὐτὸν
2324 4346 2581 4402 ἀπελθεῖν
2611 4345 2745 4420 ἁγνή
2778 4344 2869 4399 καί
2899 4341 3127 4418 καθαρά.
3185 4344 3293 4399 Καὶ
3346 4346 3512 4398 ταῦτα
3541 4340 3793 4414 εἷ’ποῦσα,

2131 4437 2222 4494 καὶ
2250 4440 2462 4509 σεμνῶς
2511 4433 2891 4509 περιστείλασα
2922 4433 3115 4502 ἑαυτὴν
3124 4477 3141 4502 ,
3179 4431 3460 4508 παρέδωκε
3486 4437 3548 4488 τὸ
3577 4435 3793 4504 πνεῦμα

2132 4531 2215 4599 τῷ
2244 4525 2453 4599 Κυρίῳ.
2491 4521 2689 4579 Μαθὼν
2740 4520 2799 4578 δὶ
2843 4527 3011 4578 ταῦτα
3040 4524 3068 4577 ὁ
3118 4520 3307 4598 ἄρχων
3360 4522 3496 4596 μετὰ
3546 4524 3656 4577 τῶν
3694 4519 3789 4575 σὺν

2140 4614 2309 4688 αὐτῷ,
2341 4611 2636 4689 ἐξεπλάγη,
2658 4612 2749 4667 καί
2778 4610 3100 4685 ἐθαύμασεν.

2745 4713 2825 4784 Tii
2857 4709 2995 4784 αὐτῇ
3025 4711 3207 4787 ἡμέρᾳ

2246 4846 2458 4919 Μνήμη
2483 4848 2583 4913 τῆς
2613 4840 2764 4917 ἁγίας
2796 4839 3069 4917 Πελαγίας
3098 4844 3202 4908 τῆς
3231 4841 3336 4897 ἀπὸ
3372 4837 3679 4917 ἑταιρίδων.

2210 5025 2272 5082 Ὁ
2329 5021 2640 5097 ἀγιώτατος
2692 5019 3043 5097 πατριάρχης
3120 5025 3220 5089 τῆς
3291 5018 3539 5095 μεγάλης
3598 5021 3791 5076 Αντιο-

2140 5114 2295 5175 χείας
2352 5109 2791 5189 προσεκαλὼατο
2840 5111 2892 5167 ἰν
2939 5116 3058 5173 ταῖς
3104 5109 3339 5185 ἡμέραις
3393 5108 3621 5166 ἐκείναις
3666 5109 3794 5172 τοὺς

2144 5204 2230 5259 ὑπ’
2261 5201 2422 5257 αὐτὸν
2450 5200 2799 5273 ἐπισκόπους,
2860 5197 2951 5256 διά
3000 5220 3121 5254 τινα
3153 5199 3343 5273 χρείαν
3402 5196 3793 5269 ἐκκλησιαστι-

2142 5294 2267 5363 κήν.
2300 5291 2389 5347 Ἐν
2423 5291 2505 5353 οἷς
2535 5293 2602 5360 ἦν
2630 5290 2723 5345 καὶ
2756 5290 2951 5348 Νόννος
2978 5290 3006 5344 ὁ
3040 5288 3188 5349 ὅσιος
3238 5286 3558 5349 ἐπίσκοπος.
3589 5287 3799 5346 Τούτου

2147 5378 2205 5436 δὶ
2227 5384 2326 5435 τοῦ
2353 5379 2559 5435 Νόννου
2593 5376 2941 5441 διδάσκοντος
2972 5378 3064 5433 τὸν
3098 5376 3253 5445 λαὸν,
3291 5378 3427 5452 γυνή
3483 5398 3566 5440 τις
3598 5377 3799 5452 πόρνη,

2148 5470 2325 5544 δνομα
2360 5467 2621 5544 Πελαγία,
2681 5466 2945 5545 διήρχετο
3005 5467 3140 5540 μετὰ
3192 5469 3291 5521 τοῦ
3340 5464 3556 5540 ὀψικίου
3610 5465 3801 5537 αὐτῆς,

2144 5557 2502 5632 κοσμουμένη
2584 5557 2781 5628 λίθοις,
2835 5556 2925 5612 καὶ
2986 5553 3374 5631 μαργαρίταις,
3438 5554 3527 5610 καὶ
3583 5559 3796 5631 χρυσῷ.

2146 5636 2234 5704 καί
2257 5650 2327 5722 τῇ
2356 5644 2526 5721 λοιπῇ
2559 5644 2835 5724 φαντασίᾳ·
2871 5646 2947 5708 ὡς
2980 5644 3072 5699 καὶ
3125 5644 3216 5699 τὸν
3264 5644 3394 5718 ἀέρα
3450 5640 3800 5718 πληροῦσθαι
