4132 6328
332 401 411 462 ιῃ
1839 398 2228 467 OCTOBER.
3666 419 3750 479 98

336 534 532 607 μύρου.
590 537 709 587 Τῶν
765 530 955 587 ἄλλων
1013 530 1105 587 οῦν
1161 532 1472 618 ἂπισκόπων
1532 532 1980 608 ἀποστρεψάντων

2103 536 2355 608 perfusa,
2390 546 2452 597 ut
2484 558 2586 599 aer
2607 543 2807 600 odoris
2827 544 3153 618 ingentia
3174 547 3517 605 inﬁceretur
3543 565 3555 606 :
3581 555 3751 607 caate-

328 622 459 686 τοὺς
489 620 842 698 ὀφθαλμοὺς,
875 623 1045 696 μόνος
1075 622 1105 678 6
1133 620 1339 683 Νόννος
1370 616 1597 679 ἔϐλεπεν
1646 621 1813 691 αθτήν
1869 621 1994 677 ἀτε-

328 718 463 776 νῶς.
494 712 633 772 Εἶτα
661 711 928 781 κλαύσας,
961 711 1130 782 εἶπεν,
1161 711 1246 766 ὅτι
1301 711 1514 783 Ταύτην
1547 712 1575 766 6
1615 713 1743 775 Θεὸς
1797 709 1992 784 μέλλει

331 798 766 880 προσλαϐέσθαι,
821 803 1209 882 φιλάνθρωπος
1270 800 1367 859 ὥν.
1443 804 1545 860 Καὶ
1625 804 1762 877 μετὰ
1824 806 1991 859 τοῦτο

330 891 501 949 πάλιν
561 889 912 954 διδάσκοντος
969 895 1068 947 τοῦ
1124 890 1444 960 ἐπισκόπου,
1502 894 1751 968 ἠκροᾶτο
1810 892 1901 948 καὶ
1954 894 1990 962 ἡ

339 979 582 1056 Πελαγία
624 981 764 1054 μετὰ
814 984 913 1036 τοῦ
970 979 1126 1037 λαοῦ.
1188 979 1286 1035 Καὶ
1340 979 1513 1042 οὕτως
1569 980 1857 1057 κατενύγη,
1915 981 1990 1043 ὡς

328 1071 422 1126 καὶ
478 1073 867 1147 βαπτισθῆναι,
927 1071 1018 1127 καὶ
1072 1068 1256 1126 δοῦναι
1311 1076 1428 1133 τοῖς
1484 1077 1738 1146 πτωχοῖς
1822 1070 1994 1125 πάντα

329 1160 427 1214 τὸν
454 1157 697 1215 πλοῦτον
728 1158 919 1228 αὐτῆς.
964 1161 1096 1217 Εἶτα
1150 1157 1456 1214 ἀπελθοῦσα
1508 1157 1585 1222 είς
1638 1156 1993 1234 Ἱεροσόλυμα

331 1250 425 1307 καὶ
453 1248 718 1323 γενομένη
754 1250 1001 1324 μοναχὴ,
1032 1248 1298 1317 τοσαύτην
1331 1244 1460 1323 ἔσχε
1489 1247 1627 1323 πρὸς
1675 1249 1804 1304 Θεὸν
1853 1247 1993 1323 παῤ-

336 1338 664 1417 ρησίαν,ὡς
695 1336 787 1393 καὶ
847 1340 1093 1411 θαύματα
1147 1336 1335 1395 πολλὰ
1380 1344 1631 1409 ποιῆσαι,
1689 1337 1780 1393 καὶ
1847 1335 1991 1392 οὕτω

333 1429 720 1498 τελειωθῆναι.

892 1604 1077 1663 nam
1110 1608 1198 1710 το
1235 1606 1435 1680 Mm.

1133 1698 1173 1749 Θ

339 1793 610 1864 Ἄθλησις
668 1795 777 1847 τῶν
829 1790 997 1866 ἇγίων
1083 1790 1373 1918 μαρτύρων
1460 1786 1815 1848 Ἰουϐεντίνου
1897 1791 1988 1847 καὶ

1026 1863 1145 1918 Ma!
1176 1884 1309 1918 μου.

1026 1863 1309 1936 Μαξίμου.

406 1956 475 2013 Οἱ
530 1957 629 2009 τοῦ
682 1957 917 2028 Χριστοῦ
972 1952 1237 2029 μάρτυρες
1295 1947 1649 2016 Ἰουόεντῖνος
1727 1952 1818 2008 καὶ
1873 1954 1988 2009 Μά-

338 2049 520 2116 ξιμος,
580 2042 834 2117 ὑπῆρχον
887 2040 974 2098 επὶ
1055 2047 1166 2097 τῶν
1243 2040 1457 2117 χρόνων
1538 2040 1843 2098 Ἰουλιανοῦ
1897 2045 1995 2097 τοῦ

341 2128 688 2207 Παραϐάτου,
789 2130 1010 2187 ἔνοπλοι
1120 2131 1297 2201 πεζοὶ,
1406 2134 1828 2206 περιπατοῦντες
1906 2129 1995 2186 ἒν-

339 2222 512 2275 ώπιον
552 2219 737 2291 αὐτοῦ,
796 2220 885 2275 καὶ
940 2220 1297 2294 ἀγαπώμενοι
1349 2221 1478 2294 παρ’
1527 2220 1695 2274 αὐτοῦ
1752 2216 1841 2274 διὰ
1893 2220 1995 2287 τὴν

342 2306 593 2384 ἀνδρείαν
654 2310 833 2364 αὐτῶν
889 2304 1269 2384 Διατρίϐοντος
1323 2305 1380 2363 δὲ
1428 2307 1480 2364 ὲν
1540 2306 1850 2384 Ἀντιοχείᾳ
1894 2314 1997 2377 τῆς

344 2399 567 2472 Συρίας,
626 2400 716 2453 καὶ
786 2398 1178 2474 προστάξαντος
1257 2398 1546 2471 μιανθῆναι
1622 2398 1717 2459 τὰς
1793 2396 1995 2472 πηγὰς,

338 2488 430 2543 καὶ
459 2488 590 2551 τοὺς
620 2488 925 2559 ποταμοὺς,
982 2486 1071 2543 καὶ
1114 2487 1180 2543 τὰ
1227 2486 1562 2559 πωλούμενα
1613 2485 1878 2562 βρώματα
1919 2483 1999 2558 τῷ

342 2577 533 2650 αἵματι
566 2581 675 2633 τῶν
717 2578 939 2645 θυσιῶν,
989 2576 1137 2639 ὅπως
1198 2578 1250 2631 οἱ
1307 2576 1597 2651 γευόμενοι
1654 2575 1852 2643 αὐτῶν,
1907 2572 1997 2629 καί

347 2668 422 2739 μὴ
481 2665 732 2730 θέλοντες
792 2668 1066 2742 μετέχωσι
1125 2666 1225 2735 τῆς
1284 2664 1472 2730 θυσίας
1536 2669 1644 2720 τῶν
1728 2661 1995 2719 εἰδώλωνο

347 2757 581 2831 ὁρῶντες
639 2756 692 2810 οἱ
750 2756 916 2829 ἅγιοι,
975 2754 1255 2824 ἐστέναζον
1317 2752 1661 2827 δακρύοντες.
1718 2754 1851 2817 Εἶτα
1907 2753 1997 2809 καὶ

349 2842 433 2898 ἐπὶ
464 2845 750 2919 τραπάζης
805 2844 1107 2916 καθήμενοι
1163 2842 1254 2898 καὶ
1313 2841 1605 2912 ἐσθίοντες,
1665 2842 1994 2915 θερμότερον

344 2928 636 3003 ἔκλαυσαν,
668 2931 757 2988 καὶ
788 2933 936 2987 εἶπον
968 2932 1105 3007 πρὸς
1161 2933 1253 2987 τὸν
1299 2931 1451 2990 Θεόν.
1509 2933 1620 2989 Ἰνα
1674 2930 1749 3002 τί,
1807 2930 1994 3003 Κύριε,

342 3019 660 3097 παρέδωκας
718 3023 867 3094 ἡμᾶς
929 3020 1145 3095 βασιλεῖ
1201 3020 1478 3094 ἀποστάτῃ
1532 3022 1621 3075 καὶ
1690 3020 1998 3096 παρανόμῳ

341 3110 485 3188 παρὰ
511 3112 687 3166 πάντα
721 3110 789 3165 τὰ
839 3106 1014 3179 ἔθνη,
1071 3109 1247 3165 Ταῦτά
1294 3130 1380 3170 τις
1435 3114 1545 3164 τῶν
1601 3110 1994 3184 ὁμοτραπὲζων

341 3200 593 3267 ἀκούσας,
624 3200 967 3271 κατεμήνυσε
1006 3202 1084 3270 τῷ
1128 3195 1433 3269 Ἰουλιανῷ.
1485 3197 1547 3253 Ὀ
1599 3193 1657 3251 δὶ
1709 3196 1997 3272 ὀργισθεὶς,

2100 625 2183 681 ris
2215 627 2507 702 episcopis
2536 631 2740 688 oculos
2769 633 2842 689 ab
2872 650 2942 689 ea
2968 635 3391 705 avertentibus,
3418 636 3550 710 ipse
3582 640 3748 695 solus

2102 715 2364 775 intentos
2390 721 2453 776 in
2489 738 2619 778 eam
2651 723 2855 779 oculos
2913 725 3120 781 deﬁxit
3167 728 3447 784 Nonnus:
3499 746 3637 784 mox
3685 732 3748 787 in

2100 803 2396 880 lacrymas
2426 812 2623 882 erupit
2649 812 2930 883 inquiens
2954 831 2975 869 :
3006 816 3168 871 Hanc
3194 817 3374 873 etiam
3422 816 3599 889 Deus,
3630 836 3751 891 qua

2102 900 2192 950 est
2220 896 2283 953 in
2312 897 2589 956 homines
2636 901 2978 971 clementia,
3025 905 3324 977 suscipiet.
3374 907 3567 971 Quare
3614 925 3749 964 cum

2101 986 2347 1042 Nonnus
2372 988 2606 1055 docere,
2638 992 2725 1046 uti
2757 992 3121 1058 instituerat,
3179 1001 3472 1068 pergeret,
3520 997 3752 1053 audivit

2101 1080 2162 1129 et
2189 1075 2426 1149 Pelagia
2456 1094 2575 1134 una
2632 1095 2767 1135 cum
2824 1082 3082 1153 populo;
3145 1083 3348 1155 sicque
3396 1091 3752 1157 compuncta

2101 1166 2211 1229 est,
2241 1168 2306 1217 ut
2334 1169 2393 1218 et
2421 1164 2838 1237 baptizaretur,
2873 1174 2931 1224 et
2959 1186 3167 1225 omnes
3220 1170 3453 1227 divitias
3502 1189 3643 1229 suas
3685 1176 3748 1229 in

2100 1266 2392 1322 pauperes
2422 1260 2711 1326 erogaret.
2748 1256 2977 1312 Deinde
3010 1259 3421 1331 Hierosolyma
3461 1261 3745 1331 profecta,

2099 1342 2160 1392 et
2186 1340 2585 1397 monasticum
2619 1342 2957 1400 institutum
2986 1345 3282 1417 amplexa,
3314 1351 3539 1403 tantam
3588 1348 3746 1419 apud

2099 1426 2286 1483 Deum
2316 1429 2596 1487 ﬁduciam
2628 1437 2804 1489 nacta
2845 1439 2935 1489 est
2987 1438 3054 1490 ut
3108 1439 3168 1489 et
3224 1435 3413 1492 multa
3458 1436 3749 1493 miracula

2100 1515 2330 1575 fecerit.
2363 1520 2556 1591 Atque
2586 1522 2669 1578 ita
2693 1523 2964 1595 migravit
2991 1523 3065 1579 ad
3100 1525 3435 1581 Dominum.

2654 1612 2895 1668 EODEM
2931 1614 3183 1669 MENSE.

2780 1702 2878 1757 Die
2908 1718 3069 1759 nona

2098 1787 2253 1843 108
2285 1786 2573 1845 Certamen
2608 1797 2946 1919 sanctogum.
2984 1797 3291 1876 martyrum
3335 1794 3641 1863 Juventini,
3693 1802 3748 1851 et

2850 1879 3045 1919 annm.

2850 1879 3045 1919 αωιηιι.

2170 1950 2389 2008 Christi
2412 1955 2704 2023 martyres
2723 1952 3070 2008 Juventinus
3093 1953 3452 2012 etMaximus
3478 1954 3746 2011 claruere

2099 2039 2465 2110 temporibus
2484 2040 2704 2095 Juliani
2725 2042 3129 2111 apostataa,cui
3153 2042 3331 2098 etiam
3364 2043 3477 2098 iter
3501 2043 3744 2099 facienti

2099 2127 2331 2199 pedites
2360 2129 2572 2184 armati
2602 2146 2967 2200 praecurrere
3016 2130 3171 2185 soliti
3223 2136 3412 2200 erant,
3454 2134 3744 2205 cujusque

2100 2214 2573 2272 benevolentiam
2605 2218 2679 2272 ob
2711 2235 2879 2274 suam
2908 2218 3319 2275 fortitudinem
3343 2220 3752 2277 sibiconcilia-

2100 2309 2256 2360 rant.
2288 2306 2432 2362 Cum
2460 2312 2657 2363 autem
2688 2307 2750 2361 in
2781 2307 2926 2363 urbe
2958 2307 3139 2378 Syriae
3187 2310 3503 2369 Antiochia
3548 2327 3746 2367 versa-

2100 2400 2328 2461 rentur,
2362 2395 2832 2467 imperassetque
2864 2396 2965 2452 ille
3022 2397 3396 2454 victimarum
3452 2401 3740 2471 sanguine

2099 2482 2315 2551 fontes,
2344 2484 2575 2553 ﬂuvios,
2608 2486 2963 2558 venalesque
2996 2486 3158 2543 cibos
3189 2488 3374 2560 pollui
3410 2495 3467 2543 et
3513 2490 3745 2560 fmdari,

2099 2576 2168 2628 ut
2196 2572 2296 2643 qui
2330 2589 2399 2628 ea
2428 2573 2860 2646 degustassent,
2893 2575 2983 2629 vel
3009 2576 3198 2644 inviti,
3233 2577 3509 2633 sacrificii
3559 2578 3747 2634 idolo—

2100 2676 2234 2715 rum
2265 2662 2585 2733 participes
2620 2669 2857 2733 essent;
2890 2663 3002 2719 sibi
3036 2671 3365 2737 temperare
3398 2669 3586 2723 sancti
3630 2685 3752 2723 non

2100 2755 2445 2821 potuerunt,
2478 2751 2624 2823 quin
2656 2751 3137 2824 ingemiscerent,
3173 2761 3230 2810 et
3258 2755 3748 2828 lacrymarentur.

2102 2838 2369 2910 Cumque
2399 2839 2473 2895 ad
2502 2857 2773 2896 mensam
2805 2842 3241 2911 accubuissent,
3267 2849 3391 2899 tum
3414 2862 3548 2901 vero
3576 2847 3752 2902 vehe—

2102 2927 2363 2983 mentius
2394 2928 2831 3000 complorantes
2864 2930 3101 2986 dixere:
3137 2933 3252 2985 Cur
3274 2948 3404 3003 nos,
3435 2933 3610 3001 Deus,
3632 2940 3750 2989 tra-

2103 3015 2307 3072 didisti
2337 3016 2679 3089 imperatori
2712 3023 2995 3089 apostatse
3028 3025 3086 3073 et
3140 3021 3575 3091 prmvaricatori
3624 3040 3746 3093 prae

2104 3106 2335 3161 caateris
2369 3105 2645 3179 gentibus
2667 3106 2694 3161 ?
2723 3108 2966 3179 Excepit
2994 3108 3121 3164 haec
3148 3108 3325 3166 verba
3353 3110 3455 3182 qui
3484 3112 3751 3183 proxime

2106 3194 2426 3265 assidebat,
2461 3201 2520 3249 et
2549 3195 2762 3250 detulit
2790 3196 2862 3251 ad
2893 3196 3193 3252 lulianum
3227 3214 3241 3252 :
3275 3198 3397 3270 qui,
3429 3198 3520 3255 ira
3544 3217 3751 3261 escan-

343 3289 539 3351 εὐθέως
573 3269 897 3349 ἀποστείλας
924 3283 1092 3359 ἤγαγε
1117 3285 1245 3347 τοὺς
1294 3284 1481 3359 ἁγίους
1532 3269 1763 3339 ἐνώπιον
1788 3269 1992 3340 αὐτοῦ.

2109 3284 2381 3354 descens,
2413 3285 2613 3340 statim
2641 3291 2877 3340 sanctos
2894 3285 2968 3341 ad
2992 3303 3052 3341 se
3070 3269 3410 3359 perductus,
3430 3288 3753 3352 multisque

344 3376 440 3431 Kal
468 3375 708 3441 πολλαῖς
738 3373 935 3437 αὐτοὺς
966 3374 1057 3429 καὶ
1113 3373 1384 3449 χαλεπαῖς
1434 3374 1686 3449 βασανοις
1732 3368 1995 3449 πρότερον

346 3462 662 3534 ὑποϐαλῶν,
689 3466 780 3521 καὶ
821 3466 900 3538 μὴ
959 3485 1047 3519 πει
1074 3484 1175 3529 σας
1223 3463 1558 3539 ἀρνήσασθαι
1598 3464 1691 3518 τὸν
1742 3465 1996 3539 Χριστὸν,

345 3552 565 3630 ὕστερον
588 3556 685 3616 τὰς
714 3553 954 3631 κεφαλὰς
982 3554 1159 3609 αὐτῶν
1190 3553 1443 3626 ἀπέτεμε.

922 3645 1006 3716 Τῇ
1037 3641 1174 3715 αὐτῇ
1205 3643 1409 3717 ἡμέρᾳ.

550 3734 755 3803 Μνήμη
787 3738 887 3800 τῆς
920 3731 1069 3792 όσίας
1100 3730 1355 3791 ΙΙοπΛίας
1385 3735 1483 3799 τῆς
1516 3726 1789 3785 διακόνου.

417 3822 522 3878 Καὶ
571 3823 607 3890 ἡ
666 3819 790 3895 ἁγία
846 3817 1067 3876 Ποπλια
1123 3818 1211 3874 ἐπὶ
1258 3817 1567 3875 Ἰουλιανοῦ
1625 3819 1846 3895 ὑπῆρχε
1898 3816 1995 3873 τοῦ

345 3905 690 3983 Παραϐάτου,
734 3910 958 3986 εὐγενὴς
1020 3909 1114 3982 μὶν
1172 3906 1325 3977 οὖσα,
1376 3906 1623 3970 διάκονος
1668 3904 1725 3963 δὲ
1778 3914 1880 3977 τῆς
1940 3907 1992 3963 ἐν

346 3998 658 4072 Ἀντιοχείᾳ
711 4004 812 4067 τῆς
872 3996 1071 4072 Συρίας
1114 3994 1463 4067 Ἑκκλησίας·
1522 3997 1613 4052 καὶ
1663 3992 1993 4072 περιϐόητος

345 4088 438 4159 μὶν
473 4086 549 4149 εἷς
577 4088 796 4161 ἀρετήν·
830 4088 968 4163 πρὸς
998 4085 1192 4161 ὀλίγον
1229 4083 1287 4141 δὲ
1315 4084 1775 4158 προσομιλήσασα
1804 4087 1993 4160 γάμῳ,

337 4176 425 4230 καὶ
484 4177 788 4253 γεννήσασα
842 4176 1098 4246 Ἰωάννην
1150 4176 1242 4231 τὸν
1321 4174 1625 4249 ἁγιώτατον
1700 4168 1996 4249 πρεσϐύτε-

335 4282 451 4336 ρον·
514 4259 722 4339 ἔχουσα
779 4261 836 4319 δὶ
891 4265 1061 4339 χορὸν
1148 4264 1452 4339 παρθένων,
1539 4260 1847 4337 εδοξολόγει
1898 4264 1990 4318 τὸν

331 4355 491 4411 Θεόν.
526 4357 615 4412 Ἐν
678 4360 778 4428 μιᾷ
830 4355 919 4409 οῦν
978 4358 1086 4410 τῶν
1145 4356 1368 4429 ἡμερῶν
1432 4352 1651 4428 μεγάλῃ
1709 4357 1777 4427 τῇ
1836 4356 1991 4431 φωνῇ

331 4443 773 4519 στιχολογούσης
801 4444 895 4498 τὸν
927 4443 1149 4517 ψαλμὸν
1204 4445 1297 4498 τὸν
1350 4442 1606 4517 λεγοντα·
1652 4443 1735 4499 Τὰ
1791 4438 1993 4498 εἴδωλα

324 4536 432 4587 τῶν
505 4531 675 4596 ἐθνῶν
729 4531 1015 4607 ἀργύριον,
1072 4533 1160 4587 καὶ
1244 4530 1496 4607 χρυσίον,
1585 4528 1712 4606 ἔργα
1788 4536 1992 4608 χειρῶν

326 4620 652 4697 ἀνθρώπων·
711 4622 899 4695 ὅμοιοι
971 4621 1156 4684 αὐτοῖς
1240 4623 1488 4695 γένοιντο
1574 4621 1626 4676 οἱ

328 4709 486 4777 αὐτὰ,
515 4708 609 4764 καὶ
661 4711 854 4772 πάντες
911 4711 964 4765 οἱ
1021 4709 1345 4775 πεποιθότες
1403 4708 1487 4764 ἐπ’
1546 4707 1766 4770 αὖτοῖςί
1827 4706 1984 4783 διήρ-

335 4817 464 4872 χετο
512 4801 542 4853 6
602 4798 900 4862 Ἰουλιανὸς
954 4799 1043 4854 καὶ
1103 4799 1337 4862 ἀκούσας
1390 4798 1686 4873 προσέταξε
1745 4801 1982 4873 σιγῆσαι.

330 4888 397 4943 Ἡ
427 4884 489 4943 δὲ
530 4886 749 4943 Ποπλία
800 4886 1015 4961 μᾶλλον
1074 4888 1297 4961 μείζονα
1351 4886 1578 4961 ἔψαλλε.
1636 4886 1774 4944 Τότε
1829 4885 1986 4962 ὀργι-

334 4978 473 5047 σθεὶ,
502 4978 530 5031 6
562 4971 909 5050 Παραὸάτης,
959 4976 1049 5032 καὶ
1106 4976 1320 5052 ἀγαγὼν
1380 4976 1547 5045 αὐτὴν
1606 4974 1836 5030 ἐνώπιον
1891 4975 1988 5030 αύ-

331 5069 451 5131 τοῦ,
482 5067 773 5139 προσέταξε
801 5072 923 5128 τοῖς
964 5066 1323 5141 στρατιώταις
1375 5066 1593 5121 τύπτειν
1644 5064 1811 5135 αὐτὴν
1857 5064 1991 5119 κατὰ

328 5158 428 5208 τοῦ
487 5154 813 5228 προσώπου.
874 5155 940 5212 Ἠ
1001 5153 1060 5210 δὲ
1117 5154 1245 5230 ἁγία
1297 5153 1555 5229 ἐλέγξασα
1625 5154 1725 5222 τήν
1809 5151 1990 5208 ἀθεΐαν

329 5243 522 5313 αὐτοῦ,
579 5242 903 5317 ὀπιστρεψεν
962 5243 1041 5306 εἷς
1100 5245 1192 5300 τὸν
1254 5246 1405 5299 οἷκον
1476 5242 1667 5313 αὐτῆς,
1744 5244 1989 5313 συνήθως

326 5330 640 5403 ψάλλουσα,
699 5334 789 5387 καὶ
857 5330 1226 5409 δοξολογοῦσα
1276 5332 1367 5388 τὸν
1449 5332 1578 5387 Θεὸν
1665 5330 1800 5403 μετὰ
1880 5335 1988 5386 τῶν

328 5418 541 5475 λοιπῶν
572 5422 871 5496 παρθένων.
935 5422 1066 5478 Εἶτα
1119 5418 1305 5482 καλῶς
1362 5421 1631 5496 βιώσασα,
1683 5420 1734 5474 ἐν
1794 5418 1988 5494 εἰρήνῃ

329 5507 648 5581 ἰτελειώθη.

394 5730 424 5767 ¹
452 5731 611 5790 Psal.
644 5747 798 5804 (mn,
826 5735 883 5792 ε.

2106 3391 2173 3430 ac
2200 3373 2344 3429 diris
2377 3374 2687 3429 tormentis
2720 3375 3106 3443 excruciatos,
3140 3393 3275 3431 cum
3334 3376 3406 3432 ad
3450 3377 3754 3451 abnegau-

2104 3461 2244 3518 dum
2302 3462 2602 3517 Christum
2655 3463 2791 3519 illos
2848 3463 3130 3521 inducere
3202 3466 3498 3537 nequiret,
3558 3468 3748 3539 capite

2102 3552 2445 3609 obtruncari
2474 3553 2795 3609 mandavit.

2752 3641 2975 3697 Eodem
3007 3642 3101 3697 die

2182 3731 2335 3786 104
2368 3730 2822 3785 Commemoratio
2850 3736 3050 3786 sanctae
3082 3731 3289 3786 Publiae
3319 3732 3663 3789 diaconissz.

2172 3818 2386 3873 Sancta
2415 3835 2653 3889 quoque
2686 3818 2897 3874 Publia
2927 3819 3296 3891 temporibus
3334 3820 3554 3876 Juliani
3602 3836 3745 3893 apo-

2102 3912 2266 3963 statss
2298 3906 2428 3975 fuit,
2462 3913 2519 3963 et
2550 3907 2738 3963 nobili
2778 3924 2995 3981 genere
3052 3914 3213 3980 nata,
3265 3914 3324 3965 et
3375 3910 3438 3967 in
3486 3910 3752 3967 Ecclesia

2101 3997 2430 4053 Antiochiaa
2476 3997 2656 4069 Syria;
2716 3997 3085 4066 diaconissa;
3136 3998 3451 4056 virtutibus
3504 4001 3746 4072 quidem

2100 4086 2373 4153 celebris,
2405 4102 2657 4158 quasque
2680 4088 2891 4160 exiguo
2923 4090 3209 4160 temporis
3236 4090 3425 4161 spatio
3449 4090 3752 4146 matrimo-

2099 4176 2184 4230 nii
2216 4175 2343 4249 lege
2362 4176 2654 4247 copulata,
2676 4177 3121 4237 sanctissimum
3142 4177 3555 4250 presbyterum
3572 4181 3752 4236 Joan-

2100 4281 2237 4320 nem
2270 4269 2591 4337 genuerat:
2625 4264 2871 4320 chorum
2903 4271 3102 4322 autem
3152 4267 3449 4340 virginum
3500 4268 3749 4337 habens,

2098 4354 2353 4425 hymnos
2385 4352 2503 4408 Deo
2536 4353 2907 4409 concinebat.
2941 4355 3206 4421 Quadam
3238 4362 3437 4413 autem
3473 4357 3591 4423 die,
3614 4373 3749 4413 cum

2098 4443 2261 4498 illius
2293 4442 2514 4497 Psalmi
2540 4441 2719 4498 verba
2750 4460 2964 4517 magna
2993 4461 3132 4499 voce
3167 4451 3446 4500 caneret:
3499 4468 3528 4495 «
3560 4446 3753 4501 Simu-

2102 4554 2126 4586 ε
2162 4532 2322 4589 lacra
2349 4532 2616 4604 gentium
2647 4538 2958 4605 argentum
3013 4539 3072 4588 et
3117 4550 3352 4595 aurum.
3405 4550 3585 4606 opera
3628 4552 3750 4590 ma-

1707 4624 1989 4682 ποιοῦντες

2103 4646 2127 4672 ι(
2162 4637 2347 4676 nuum
2379 4620 2689 4675 hominum
2726 4638 2739 4688 ;
2768 4622 2996 4677 similes
3030 4622 3151 4677 illis
3184 4623 3348 4691 ﬁant,
3393 4624 3493 4695 qui
3525 4622 3754 4679 faciunt

2094 4734 2123 4762 ‹‹
2158 4727 2228 4767 ea
2258 4714 2315 4765 et
2344 4726 2552 4764 omnes
2583 4709 2685 4780 qui
2718 4709 3028 4765 confidunt
3056 4711 3117 4765 in
3141 4711 3225 4766 eis
3250 4710 3273 4745 ⁸
3306 4734 3326 4760 ι
3356 4730 3370 4780 ;
3404 4713 3751 4783 praeteriens

2095 4799 2385 4864 Julianus,
2420 4797 2598 4868 idque
2630 4797 2901 4860 audiens,
2936 4803 3129 4853 tacere
3150 4800 3352 4871 jussit.
3382 4801 3493 4856 Sed
3520 4807 3750 4858 tantum

2098 4886 2305 4952 abfuit,
2340 4891 2405 4940 ut
2438 4885 2647 4941 Publia
2697 4891 2939 4955 taceret,
2987 4893 3052 4943 ut
3104 4889 3317 4960 majori
3367 4890 3545 4947 etiam
3592 4891 3750 4946 vocis

2098 4976 2477 5031 contentione
2504 4975 2805 5047 psalleret.
2823 4977 3216 5042 Quamobrem
3240 4980 3425 5035 iratus
3447 4982 3750 5052 Aposlata,

2099 5065 2173 5121 ad
2206 5082 2269 5120 se
2300 5064 2570 5120 adductae
2600 5065 2813 5121 faciem
2845 5066 2993 5121 caedi
3024 5067 3370 5123 amilitibus
3429 5069 3747 5124 mandavit.

2098 5154 2209 5209 Illa
2237 5170 2373 5209 vero
2419 5153 2731 5226 objurgata
2791 5156 2921 5226 ejus
2983 5156 3292 5227 impietate
3350 5157 3594 5213 domum
3653 5172 3751 5212 re-

2100 5258 2320 5316 gressa,
2353 5258 2518 5297 more
2552 5259 2657 5298 suo
2713 5244 3024 5315 psallebat,
3083 5253 3142 5299 et
3189 5245 3395 5301 laudes
3442 5245 3561 5301 Deo
3610 5262 3747 5301 cnm

2099 5329 2348 5401 reliquis
2368 5330 2691 5403 virginibus
2714 5331 3069 5387 celebrabat.
3098 5338 3342 5389 Demum
3366 5350 3500 5389 cum
3524 5334 3746 5405 optime

2100 5421 2280 5476 vitam
2312 5419 2691 5491 traduxisset,
2725 5421 2787 5476 in
2818 5438 2962 5493 pace
2993 5421 3268 5480 decessit.
