4140 6302
392 384 470 444 99

1049 517 1269 571 Eodem
1299 517 1354 571 di

1049 518 1091 570 E
1299 517 1354 571 d'

394 606 544 664 105
583 604 873 660 Certamen
903 608 1080 660 sancti
1095 517 1394 672 (3313:1012:
1427 607 1827 677 archiepiscopi
1887 609 2040 677 Tyri.

467 785 817 852 Dorotheus,
843 785 930 839 vir
946 784 1392 853 celeberrimus,
1417 786 1729 858 episcopus
1751 787 1906 858 Tyri,
1941 785 2041 857 qui

394 875 705 929 universas
731 875 1046 946 Scripturas
1069 875 1347 930 historias
1373 875 1648 943 callebat,
1672 891 1806 929 cum
1837 891 2044 946 perse-

396 964 653 1018 cutionis
683 964 934 1018 vitandas
960 980 1138 1019 causa
1158 964 1423 1036 fugisset,
1454 971 1590 1036 post
1614 964 1965 1020 Diocletiani
1989 968 2046 1018 et

396 1053 604 1106 Licinii
637 1059 888 1107 mortem
920 1055 1135 1124 Tyrum
1167 1054 1364 1120 rediit,
1400 1059 1458 1108 et
1487 1059 1754 1108 sanctam
1804 1055 1907 1108 Dei
1938 1055 2042 1108 Ec-

394 1141 637 1196 clesiam
669 1141 742 1196 ad
772 1141 988 1196 Juliani
1021 1143 1318 1212 Apostataa
1352 1147 1620 1213 tempora
1675 1141 2040 1214 gubernavit.

395 1229 505 1284 Sed
528 1245 661 1283 cum
693 1229 999 1284 Iulianum
1023 1230 1277 1297 occulte,
1301 1247 1420 1284 non
1443 1230 1638 1301 palam
1664 1231 1857 1284 caades
1878 1231 2042 1285 Chri-

394 1317 722 1371 stianorum
741 1334 846 1387 per
863 1316 1174 1388 praefectos
1197 1335 1335 1373 suos
1355 1324 1697 1389 perpetrare
1716 1318 2041 1385 didicisset,

392 1408 540 1476 Tyro
577 1405 912 1470 discedens,
948 1407 1011 1459 in
1041 1406 1301 1460 Thraciae
1331 1407 1636 1478 regionem
1690 1423 1751 1461 se
1783 1407 2039 1478 recepit:

395 1510 514 1548 non
543 1499 742 1550 tamen
757 1495 839 1548 ibi
853 1494 1304 1550 idololatrarum
1327 1511 1540 1551 manus
1554 1497 1812 1568 effugere
1828 1496 2040 1566 potuit.

397 1584 873 1654 Comprehensus
907 1585 1067 1638 enim
1101 1601 1135 1638 a
1162 1584 1384 1639 Iuliani
1415 1585 1729 1656 praefectis,
1762 1590 1821 1639 et
1840 1585 2044 1640 multis

396 1673 704 1743 suppliciis
731 1673 1122 1739 excruciatus,
1158 1673 1220 1727 in
1279 1673 1425 1745 ipsis
1471 1673 1803 1740 tormentis,
1855 1690 2044 1729 annos

393 1766 634 1816 centum
669 1767 726 1816 et
756 1767 983 1833 septem
1015 1766 1213 1832 natus,
1246 1779 1356 1833 pro
1406 1762 1621 1818 Christi
1671 1762 2043 1818 confessione

1714 381 2144 446 MENOLOGII
2184 381 2394 446 PARS
2437 383 2488 445 Ι.

2077 520 2127 587 Α
2737 517 2814 588 Τῇ
2845 514 2983 590 αὗτῇ
3015 513 3223 591 ἡμάρςι-

3697 386 3814 447 100

2159 602 2426 674 Ἀθλησις
2509 607 2606 659 τοῦ
2705 603 2860 678 ἁγίου
2969 605 3271 678 Δωροθέου,

3369 605 3813 680 ἀρχιεπισκόπου

2750 675 2974 738 πύλεως
3009 675 3212 751 Τύρου.

2230 782 2532 858 Δωρόθεος,
2560 783 2588 837 6
2620 779 2870 855 ἀοίδιμος
2905 783 3062 858 ἀνὴρ,
3122 782 3416 845 ἐπίσκοπος
3473 782 3667 859 γέγονε
3712 792 3816 856 τῆς

2159 871 2377 935 πόλεως
2429 871 2625 945 Τύρου,
2681 877 2854 926 πᾶσαν
2918 873 3190 949 γραφικὴν
3249 870 3605 945 ἐπιστάμενος
3663 875 3812 928 ἱστο-

2158 960 2294 1036 ρίαν.
2333 963 2428 1014 Καὶ
2461 961 2530 1030 ἦν
2557 961 2651 1032 μὶν
2684 960 2868 1037 φυγὼν
2927 959 3018 1015 διὰ
3072 961 3162 1015 τὸν
3223 956 3488 1036 διωγμόν.
3547 961 3698 1017 Μετά
3755 959 3814 1016 δὲ

2154 1047 2413 1118 τελευτήν
2475 1049 2868 1120 Διοκλητιανοῦ
2925 1049 3016 1105 καὶ
3101 1049 3396 1120 Λικιννίου,
3481 1044 3811 1106 καταλαϐὼν

2155 1139 2318 1195 πάλιν
2364 1142 2466 1210 τήν
2519 1141 2713 1216 Τύρον,
2783 1136 3096 1212 διεκυϐέρνα
3148 1142 3249 1209 τὴν
3307 1140 3458 1216 ἁγίαν
3515 1145 3612 1196 τοῦ
3671 1145 3808 1197 Θεοῦ

2155 1229 2482 1299 Ἐκκλησίαν
2527 1229 2722 1305 μέχρις
2782 1229 3084 1285 ἰουλιανοῦ
3137 1233 3235 1284 τοῦ
3292 1225 3633 1304 Παραϐάτου.
3697 1229 3810 1287 Καὶ

2155 1319 2342 1391 ἐπειδὴ
2375 1321 2437 1376 οὐ
2470 1326 2735 1396 φανερῶς,
2784 1319 2932 1376 ἀλλὰ
2979 1341 3233 1397 κρυπτως
3281 1323 3343 1377 τὸ
3397 1321 3660 1398 πρότερον
3717 1319 3811 1376 διὰ

2152 1414 2261 1465 τῶν
2320 1410 2602 1486 ἀρχόντων
2664 1410 2828 1466 αὐτοῦ
2887 1409 3166 1484 ἰφόνευσεν
3222 1412 3250 1465 6
3307 1409 3608 1472 Ἰουλιανὸς
3679 1410 3811 1473 τοὺς

2153 1498 2540 1571 Χριστιανοὺς,
2575 1500 2806 1562 ἀκούσας
2840 1501 2868 1555 ὁ
2897 1499 3051 1575 ἃγιος
3109 1499 3408 1576 Δωρόθεος,
3457 1498 3807 1574 ἀνεχώρησεν

2155 1584 2213 1639 ἐκ
2240 1593 2338 1656 τῆς
2377 1587 2580 1661 Τύρου,
2637 1586 2728 1641 καὶ
2784 1580 3052 1642 κατίλαϐε
3107 1587 3206 1655 τήν
3267 1585 3455 1660 χώραν
3509 1592 3608 1654 τῆς
3663 1590 3804 1661 Θρᾷ-

2152 1696 2277 1746 κης.
2311 1675 2468 1732 Ἀλλ’
2500 1675 2614 1731 οὐδ’
2643 1675 2756 1731 ἐκεῖ
2811 1677 2903 1732 τὸν
2951 1675 3012 1730 ἑκ
3061 1679 3167 1730 τῶν
3230 1673 3652 1750 εἷδωλολατρῶν
3709 1674 3810 1739 θά-

2153 1785 2310 1820 νατον
2345 1763 2616 1841 διέφυγεν.
2651 1765 2948 1841 Κρατηθεὶς
2996 1764 3100 1839 γὰρ
3150 1764 3297 1840 παρὰ
3345 1767 3454 1818 τῶν
3507 1765 3810 1818 ῚουΛιανοῦ

390 1850 557 1919 obiit,
587 1857 646 1905 et
674 1851 909 1905 beatam
941 1851 1170 1905 Christo
1220 1852 1483 1906 animam
1532 1850 1797 1918 tradidit,
1845 1851 2029 1907 multa

2154 1853 2460 1928 ἀρχόντων,
2491 1853 2581 1910 καὶ
2640 1852 2855 1915 πολλὰς
2911 1852 3181 1926 τιμωρίας
3242 1851 3564 1925 ὑπομείνας,
3621 1853 3809 1907 καίτοι

387 1956 509 1993 non
539 1939 857 1995 mediocris
885 1940 1162 1994 utilitatis
1189 1941 1409 2011 scripta
1437 1940 1803 2012 relinquens.

2137 1935 2312 2014 γέρων
2375 1938 2469 2010 ὣν,
2527 1940 2619 1994 καὶ
2679 1938 2870 1994 ἑκατὸν
2955 1938 3092 1992 ἒπτά
3175 1937 3307 1992 ἐτῶν
3387 1937 3680 2012 ὑπάρχων,
3752 1936 3806 1990 ἐν

387 2025 574 2087 αὐταῖς
605 2029 723 2087 ταῖς
761 2026 1040 2100 βασάνοις,
1075 2023 1163 2081 διὰ
1189 2028 1290 2094 τὴν
1345 2027 1421 2091 εἰς
1468 2028 1695 2100 Χριστὸν
1751 2025 2077 2102 ὁμολογίαν,
2131 2027 2380 2092 ἀπέθανεο
2433 2028 2522 2083 καὶ
2581 2025 2842 2101 παρέθετο
2899 2026 2998 2094 τὴν
3071 2027 3340 2099 μακαρίαν
3396 2025 3560 2081 αὐτοῦ
3611 2025 3808 2100 ψυχὴν

382 2117 465 2184 τῷ
493 2115 734 2187 Χριστῷ,
767 2111 953 2169 πολλὰ
980 2115 1068 2169 καὶ
1100 2114 1408 2191 ψυχωφελῆ
1451 2114 1848 2191 συγγράμματα
1877 2115 2140 2191 πρότερον
2169 2115 2399 2186 συνθεὶς,
2423 2116 2508 2171 κτὶ
2535 2115 2874 2171 καταλιπών.

1037 2231 1258 2286 Eodem
1292 2231 1387 2286 die

497 2319 652 2374 106
685 2319 971 2376 Certamen
1001 2323 1181 2375 sancti
1210 2321 1449 2390 apostoli
1475 2322 1669 2376 Jacobi
1693 2320 1934 2392 Alphaei.

461 2496 962 2563 Jacobus,Christi
988 2497 1484 2569 apostolus,ﬁlius
1504 2498 1755 2570 Alphaai,
1782 2503 1841 2553 et
1862 2499 2046 2553 frater

392 2585 647 2640 Matthsei
679 2585 984 2656 publicani
1018 2591 1076 2642 et
1106 2587 1501 2659 evangelista,
1533 2587 1771 2643 verbum
1826 2587 2044 2642 Christi

391 2675 772 2746 prmdicabat,
808 2680 866 2729 et
895 2692 965 2730 ea
989 2693 1119 2746 qua)
1151 2675 1226 2730 ad
1254 2681 1546 2731 aeternum
1580 2677 1742 2732 illius
1794 2693 2043 2749 regnum

393 2768 683 2834 spectant,
719 2780 928 2818 omnes
956 2765 1027 2819 ad
1059 2765 1254 2835 ipsum
1305 2766 1679 2830 accedentes,
1727 2766 1961 2821 Judaaos
1988 2771 2046 2822 et

391 2854 642 2919 Graecos,
678 2852 948 2922 docebat,
998 2870 1392 2926 magnamque
1439 2855 1748 2911 hominum
1801 2856 2040 2912 turbam

388 2939 451 2994 in
485 2940 727 2995 nomine
757 2941 968 3008 Patris,
1005 2947 1062 2995 et
1090 2942 1242 3009 Filii,
1277 2947 1336 2997 et
1368 2943 1618 3013 Spiritus
1639 2943 1829 2998 sancti
1850 2942 2042 3014 bapti-

389 3028 573 3084 zabat.
607 3028 771 3094 Quod
802 3029 986 3084 Judaei
1018 3030 1259 3103 indigne
1289 3032 1570 3099 ferentes,
1624 3033 1754 3104 ejus
1810 3033 2044 3086 interﬁ-

394 3117 588 3172 ciendi
621 3117 939 3172 consilium
973 3124 1276 3190 ceperunt.
1311 3122 1500 3184 Quare
1532 3121 1594 3175 in
1626 3137 1811 3175 unum
1843 3121 2040 3175 locum

2740 2233 2818 2304 Τῇ
2857 2229 2994 2304 αὖτῇ
3025 2230 3208 2306 ἡμέρᾳ

2155 2320 2423 2392 Ι’Δθλησις
2503 2325 2600 2377 τοῦ
2679 2321 2835 2397 ἁγίου
2938 2317 3248 2374 ἀποστόλου

2827 2389 3120 2469 Ἀλφαίου.

2223 2476 2482 2544 Ἰάκωϐος
2531 2482 2688 2537 ὁτοῦ
2745 2484 2980 2556 Χριστοῦ
3037 2475 3371 2552 ἀπόστολος,
3433 2479 3652 2554 ὑπῆρχε
3711 2481 3810 2552 μὶν

2153 2567 2270 2631 υίὸς
2323 2573 2421 2623 τοῦ
2482 2569 2775 2642 Ἁλφαίου·
2838 2565 3070 2644 ἀδελφὸς
3131 2565 3188 2621 δὲ
3243 2567 3519 2622 Ματθαίου
3567 2571 3664 2622 τοῦ
3715 2587 3806 2622 τε-

2155 2656 2336 2711 λώνου
2365 2657 2456 2711 καὶ
2488 2657 2895 2732 εὐαγγελιστοῦ.
2929 2655 3222 2730 Κηρύττων
3266 2653 3323 2710 δὶ
3351 2657 3445 2711 τὸν
3494 2655 3656 2731 λόγον
3701 2659 3800 2710 τοῦ

2152 2751 2409 2819 Χριστοῦ,
2457 2746 2546 2801 καὶ
2590 2743 2857 2800 διδάσκων
2913 2746 2982 2800 τὰ
3035 2745 3157 2820 περὶ
3210 2751 3310 2814 τῆς
3367 2743 3586 2799 αἰωνίου
3654 2745 3804 2820 βασι-

2153 2833 2303 2896 λείας
2363 2834 2528 2890 αὐτοῦ
2595 2834 2794 2896 πάντας
2853 2834 2980 2896 τοὺς
3065 2834 3550 2910 προσερχομένους
3631 2833 3802 2907 αὐτῷ,

2153 2921 2447 2987 Ἰουδαίους
2475 2945 2533 2978 τε
2575 2924 2665 2978 καὶ
2721 2923 3022 2994 Ἓλληνας,
3061 2921 3152 2976 καὶ
3216 2920 3466 2979 πολλοὺς
3527 2921 3804 2997 βαπτίζων

2153 3010 2240 3068 διὰ
2269 3017 2367 3078 τῆς
2398 3009 2744 3073 διδασκαλίας
2775 3013 2964 3080 αὐτοῦ,
2995 3010 3072 3072 είς
3100 3009 3163 3065 τὸ
3194 3005 3371 3083 ὄνομα
3423 3014 3520 3064 τοῦ
3558 3011 3796 3084 Ηατρὸς,

2150 3102 2242 3157 καὶ
2271 3106 2369 3157 τοῦ
2401 3103 2552 3169 Υἱοῦ,
2601 3102 2692 3156 καὶ
2738 3105 2840 3156 τοῦ
2887 3100 3039 3177 ἁγίου
3088 3099 3423 3173 Πνεύματος,
3485 3100 3561 3172 μὴ
3611 3100 3800 3176 φέρον-

3362 2314 3626 2374 Ἰακώϐου
3704 2322 3806 2373 τοῦ

390 3206 604 3269 coacti,
633 3207 1154 3277 comprehensum,
1196 3209 1520 3279 multisque
1570 3209 1883 3264 tormentis
1913 3209 2029 3264 dire

2149 3211 2238 3246 τες
2273 3191 2325 3245 οἱ
2357 3189 2636 3259 Ἰουδαῖοι,
2674 3187 2882 3265 βουλὴν
2912 3191 3258 3258 ποιήσαντες,
3288 3189 3378 3279 καί
3417 3185 3808 3264 ἐπισυναχθέν-

401 3300 458 3348 et
490 3293 809 3349 crudeliter
843 3297 1268 3366 excruciatum,
1298 3303 1596 3368 postremo
1627 3299 1804 3370 virgis
1825 3315 2029 3353 caasuu

2155 3299 2267 3348 τες,
2325 3280 2416 3334 καὶ
2468 3281 2832 3354 κρατήσαντες
2893 3277 3074 3347 αὐτὸν,
3131 3276 3221 3331 καὶ
3278 3273 3467 3331 πολλὰ
3543 3279 3804 3348 τιμωρή-

387 3385 782 3452 interemere;
819 3400 953 3438 cum
1011 3385 1249 3439 interim
1299 3391 1538 3441 sanctus
1583 3386 1657 3441 ad
1700 3391 2029 3442 extremum

2154 3390 2337 3432 σαντες
2382 3367 2550 3442 ὠμῶς
2602 3368 2691 3422 καὶ
2748 3368 3147 3443 ἀπανθρώπως,
3201 3364 3513 3422 τελευταῖον
3574 3361 3801 3441 ῥάϐδοις

385 3471 661 3542 spiritum
677 3471 884 3527 laudes
907 3474 1156 3528 Domino
1181 3480 1384 3529 nostro
1406 3475 1540 3530 Jesu
1563 3475 1794 3530 Christo
1818 3475 2029 3530 tribue-

2150 3457 2451 3532 πλήξαντες
2508 3457 2821 3533 ἐφόνευσαν,
2884 3455 3173 3530 δοξάζοντα
3227 3457 3320 3511 τὸν
3379 3454 3579 3532 Κύριον
3637 3454 3801 3529 ἡμῶν

387 3566 502 3628 ret,
536 3566 593 3616 et
621 3563 840 3634 gratias
885 3568 1089 3618 sancto
1137 3564 1264 3636 ejus
1314 3565 1544 3619 nomini
1595 3571 1814 3638 ageret,
1874 3565 2029 3636 quod

2146 3551 2353 3617 Ἰησοῦν
2425 3547 2658 3618 Χριστὸν
2749 3545 2916 3621 μέχρι
3003 3552 3106 3615 τῆς
3189 3544 3426 3646 ἰσχέτης
3499 3545 3798 3613 ἀναωοῆτ

380 3651 542 3705 illius
573 3633 683 3722 ope
715 3656 774 3706 et
801 3633 1219 3723 cooperatione
1241 3653 1566 3722 diabolum,
1591 3633 2029 3724 veluntatisque

2146 3637 2230 3693 καὶ
2285 3636 2713 3712 εὐχαριστοῦντα
2783 3640 2862 3707 τῷ
2947 3634 3085 3710 ἁγίῳ
3169 3633 3333 3690 αὐτοῦ
3412 3633 3658 3707 ὀνόματι,
3719 3637 3798 3706 τῷ

381 3740 510 3811 ejus
568 3740 874 3795 ministros
933 3741 1321 3811 confudisset,
1384 3747 1560 3814 atque
1645 3743 1904 3800 vicisset.
1961 3746 2031 3799 Et

379 3828 613 3886 reddita
641 3830 801 3886 hunc
835 3830 895 3884 in
953 3831 1197 3887 modum
1259 3832 1456 3910 beata,
1488 3833 1709 3901 anima,
1762 3833 2028 3906 sepultus

376 3917 510 3973 fuit.

928 4186 1167 4240 EODEM
1207 4187 1458 4241 MENSE.

1014 4274 1118 4328 Die
1150 4274 1381 4330 decima

377 4363 528 4417 ’107
578 4362 863 4419 Certamen
929 4370 1242 4418 sanctorum
1280 4370 1589 4434 martyrum
1642 4365 1930 4436 Eulampii
1973 4372 2025 4421 et

1030 4436 1357 4505 Eulampia.

443 4523 792 4596 Eulampius
821 4525 1040 4581 Christi
1073 4530 1317 4596 martyr,
1350 4531 1409 4580 et
1436 4525 1746 4596 Eulampia
1767 4526 1896 4597 ejus
1927 4544 2020 4582 so-

2146 3727 2505 3802 βοηθήσαντι,
2533 3725 2620 3780 καὶ
2679 3726 3070 3799 συνεργήσαντι
3128 3722 3296 3795 αὐτῷ,
3355 3721 3431 3784 είς
3488 3722 3551 3776 τὸ
3607 3741 3801 3776 καται-

2141 3819 2360 3891 σχῦναι,
2392 3813 2482 3869 καὶ
2513 3814 2728 3882 νικῆσαι
2777 3813 2870 3868 τὸν
2924 3807 3208 3882 διάϐολον,
3260 3812 3350 3866 καὶ
3391 3809 3518 3872 τοὺς
3567 3815 3795 3864 ποιοῦν-

2147 3925 2241 3966 τας
2286 3904 2356 3958 τὰ
2413 3901 2701 3975 θελήματα
2757 3901 2941 3957 αὐτοῦ.
3005 3902 3102 3955 Καὶ
3159 3899 3303 3954 οὕτω
3359 3895 3634 3973 παραδοὺς
3687 3900 3790 3968 τὴν

2141 3991 2406 4069 μακαρίαν
2440 3991 2602 4046 αὐτοῦ
2636 3992 2847 4066 ψυχὴν,
2879 3989 3070 4064 ἐτάφη.

2682 4179 2862 4234 ΜΗΝΙ
2901 4180 2993 4234 ΤΩ
3037 4179 3228 4234 ΑΥΤΩ.

2937 4266 2976 4323 Ι.

2132 4355 2405 4428 Ἀθλησις
2456 4359 2563 4411 τῶν
2650 4354 3197 4431 ἀγίωνῃμαρτύρων
3279 4349 3610 4426 Εὖλαμπίου
3691 4352 3786 4406 καὶ

2783 4423 3132 4498 Εὐλαμπίας,

2202 4517 2530 4591 Εύλάμπιος
2561 4517 2587 4571 6
2629 4513 2833 4590 μάρτυς
2889 4518 2987 4569 τοῦ
3040 4516 3299 4588 Χριστοῦ,
3346 4511 3436 4567 καὶ
3485 4509 3787 4583 Εὗλαμπία

370 4630 489 4681 ror,
550 4615 1051 4683 Nicomedienses,
1111 4614 1463 4671 Maximiano
1527 4616 1900 4686 imperatore,
1954 4620 2019 4670 ut

371 4704 839 4725 _-__--_-12..____
889 4705 1202 4725 _‘I__i_'4-i___1
1243 4705 1294 4725 Ζ..
1326 4709 1582 4725 ..Α-..4--Α
1617 4721 1670 4725 ,Α
1708 4721 1826 4725 _____
1860 4705 1979 4725 _.___I

2146 4607 2364 4675 ἡαύτοῦ
2405 4603 2641 4682 ἀδελφὴ,
2703 4606 2955 4678 ὑπῆρχον
3010 4601 3070 4656 ἐκ
3113 4608 3213 4670 τῆς
3261 4600 3477 4662 πόλεως
3535 4602 3788 4672 Νικομη-

2146 4699 2271 4725 LI“-
2353 4697 2438 4725 2...}
2497 4703 2597 4725 ρξ’-
2660 4692 2936 4725 ο--.ἴ..[..-
2995 4695 3363 4725 λίηζ...ικυλῗῖο
3425 4688 3514 4725 Χυὲ.
3573 4688 3628 4725 πὶ
3682 4691 3778 4725 πολι.

371 4704 847 4772 persecutionem
880 4705 1303 4772 devitarent,in
1325 4709 1588 4759 montem
1614 4721 1675 4759 se
1701 4721 1835 4759 cum
1860 4705 2012 4759 mul-

2146 4699 2295 4766 ῑείας,
2353 4697 2440 4752 ἐπὶ
2497 4703 2597 4765 τῆς
2660 4692 2936 4769 βασιλείας
2995 4695 3363 4765 Μαξιμιανοῦ’
3425 4688 3516 4745 διὰ
3573 4688 3629 4745 δὲ
3682 4691 3778 4745 τὸν

367 4787 445 4841 tis
476 4787 610 4842 aliis
640 4789 988 4846 Christianis
1019 4791 1318 4847 abdidere.
1351 4793 1653 4847 Profectus
1710 4809 1845 4846 vero
1896 4794 2012 4847 Eu—

369 4875 627 4947 lampius
657 4877 720 4931 in
752 4877 959 4933 urbem
1017 4879 1090 4934 ad
1139 4896 1438 4935 annonam
1488 4881 1825 4949 emendem,
1872 4899 2008 4937 cum

365 4967 671 5036 proposita
701 4968 762 5021 in
819 4967 944 5022 foro
997 4969 1377 5037 imperatoria
1425 4970 1617 5025 edicta
1662 4971 1905 5026 vidisset
1952 4977 2010 5026 et

365 5055 608 5126 legeret,
670 5058 1136 5128 comprehensus
1193 5056 1266 5112 ab
1313 5058 1607 5114 idolorum
1658 5061 2005 5129 cultoribus,

369 5144 598 5199 sistitur
619 5145 963 5216 imperatori
995 5164 1007 5212 ;
1034 5152 1092 5201 et
1109 5151 1439 5218 pertractus
1459 5147 1521 5202 in
1537 5148 1835 5204 idolorum
1857 5154 2010 5204 tem-

365 5235 555 5305 plum,
588 5241 653 5288 ut
683 5235 1040 5302 immolaret,
1074 5241 1345 5308 precatus
1376 5242 1467 5291 est
1502 5237 1799 5293 Christum
1827 5255 1840 5292 :
1883 5239 2004 5294 col-

363 5323 667 5394 lapsisque
699 5324 772 5380 ad
803 5330 1040 5392 terram,
1073 5330 1132 5379 et
1177 5326 1447 5381 contritis
1501 5325 1698 5394 idolis,
1743 5329 2004 5398 torqueri

367 5411 561 5480 ccepit.
597 5411 761 5475 Quod
791 5413 889 5466 ubi
921 5413 1190 5484 cognovit
1219 5413 1527 5485 Eulampia
1557 5431 1741 5490 soror,
1766 5414 2009 5470 descen-

367 5499 454 5553 dit
475 5499 544 5553 de
568 5507 790 5565 monte,
816 5507 874 5556 et
898 5502 958 5555 in
985 5502 1184 5556 media
1207 5502 1377 5556 turba
1405 5503 1646 5558 fratrem
1676 5505 2006 5574 complexa,

369 5588 589 5644 sociam
617 5606 677 5644 se
713 5591 1055 5646 certaminis
1087 5591 1174 5646 illi
1226 5591 1518 5662 adjunxit.
1577 5593 1641 5647 In
1687 5592 2008 5650 ferventem

365 5679 546 5750 igitur
565 5679 846 5735 cacabum
863 5680 1035 5737 ambo
1060 5682 1191 5753 conj
1202 5681 1402 5750 ecti,et
1423 5681 1754 5739 incolumes
1767 5684 2006 5756 egressi,

2124 4786 2364 4862 διωγμὸν
2423 4783 2878 4857 κατεκρύπτοντο,
2944 4783 3078 4855 μετὰ
3133 4779 3224 4835 καὶ
3283 4778 3470 4835 ἄλλων
3549 4778 3778 4838 πολλῶν

2118 4879 2453 4952 Χριστιανῶν
2485 4873 2536 4928 ἒν
2575 4877 2656 4944 τῷ
2711 4867 2846 4946 ὄρει.
2910 4869 3194 4927 Κατιλθὼν
3255 4866 3313 4923 δὶ
3370 4870 3398 4922 6
3450 4867 3778 4940 Εὐλάμπιος

2118 4966 2194 5028 εἷς
2220 4967 2320 5034 τήν
2353 4963 2515 5018 πόλιν
2571 4959 2708 5036 πρός
2765 4961 2827 5014 τὸ
2884 4960 3145 5034 ἀγοράσαι
3201 4956 3430 5035 τροφὰς,
3489 4957 3580 5010 καὶ
3639 4953 3774 5010 ἰδὼν

2115 5055 2412 5132 γράμματα
2441 5049 2829 5125 προτεθειμένα
2861 5048 2936 5111 εἷς
2991 5049 3090 5116 τὴν
3141 5047 3343 5122 ἀγορὰν
3389 5049 3498 5100 τῶν
3550 5045 3770 5119 βασιΑι-

2115 5149 2224 5200 κῶν
2261 5141 2566 5211 διατάξεων·
2599 5139 2686 5193 καὶ
2718 5142 2886 5193 ταῦτα
2942 5137 3156 5201 σταθεὶς
3207 5135 3298 5190 καὶ
3363 5134 3772 5207 ἀναγινώσκων,

2115 5234 2388 5308 ἐκρατήθη
2420 5228 2566 5302 παρὰ
2601 5229 2709 5282 τῶὲ
2765 5223 3210 5301 εἰδωλολατρῶν,
3270 5223 3361 5278 καὶ
3411 5221 3650 5298 παρέστη
3695 5226 3775 5293 τῷ

2121 5321 2354 5398 βασιλεῖ.
2418 5317 2514 5373 Καὶ
2595 5315 2947 5391 ἀναγκασθεὶς
3007 5312 3267 5376 εἰσελθεῖν
3330 5311 3406 5374 εἰς
3486 5312 3580 5366 τὸν
3643 5311 3770 5365 ναὸν

2115 5415 2224 5466 τῶν
2258 5406 2528 5473 εἰδώλων,
2592 5403 2678 5459 καὶ
2737 5405 2914 5472 Θῦσαι,
2976 5401 3234 5464 εἰσελθὼν
3292 5398 3638 5473 προσηύξατο
3695 5402 3775 5472 τῷ

2119 5501 2354 5570 Χριστῷ”
2433 5495 2524 5549 καὶ
2607 5494 2839 5548 πεσόντα
2920 5491 2986 5545 τὰ
3071 5487 3275 5544 εἷ’δωλα
3361 5483 3772 5561 συνετρίϐησαν.

2120 5581 2558 5657 Βασανιζομὲνου
2587 5579 2643 5636 δὲ
2676 5581 2842 5636 αὐτοῦ
2875 5577 2965 5634 διὰ
2991 5583 3176 5648 τοῦτο,
3223 5581 3466 5651 μασοῦσα
3490 5578 3525 5646 ἡ
3559 5573 3769 5652 ἀδελφή

2121 5675 2285 5736 αὐτοῦ
2348 5672 2641 5748 Εὐλαμπία
2694 5673 2757 5728 τὸ
2838 5670 3151 5747 γινόμενον,
3213 5666 3621 5760 ,κατῆλθεν-,ὲκ
3671 5669 3771 5737 τοῦ
