4132 6328
327 407 430 467 101

1835 399 2216 461 OCTOBER.

3611 401 3729 464 102

321 539 498 612 ὅρους,
528 535 616 590 καὶ
644 533 994 608 περιεπλάκη
1050 537 1130 605 τῷ
1185 529 1408 610 ἀδελφῷ
1449 531 1610 604 μέσον
1636 534 1734 586 τοῦ
1765 526 1965 605 ὅχΑου,

2091 534 2370 590 miraculo
2401 535 2485 589 rei
2544 535 2831 591 ducentos
2887 536 3109 592 milites
3161 535 3236 592 ad
3292 536 3508 591 Christi
3549 535 3730 592 ﬁdem

317 629 403 681 καὶ
460 623 861 701 συνηγωνίζετο
921 621 1086 693 αὐτῷ·
1148 622 1267 676 ὅθεν
1327 615 1694 693 ἐμϐληθέντες
1752 619 1827 680 εἰς
1875 614 1970 674 λέὲ

2081 629 2333 688 traxere,
2365 639 2500 678 cum
2532 624 2748 695 quibus
2777 625 2970 696 capite
2999 625 3156 696 plexi
3185 630 3342 681 sunt.

317 711 459 784 ϐητα
485 713 860 788 κοχλάζοντα,
893 709 1119 784 ἐξῆλθον
1152 703 1432 773 ἀϐλαϐεῖς.
1464 707 1561 765 Καὶ
1614 705 1823 771 ῒδόντες
1871 709 1933 763 τὸ
1984 713 2164 783 θαῦμα
2215 707 2482 766 διακόσιοι
2534 716 2883 788 στρατιῶται,
2915 713 3227 768 ἐπίστευσαν
3256 716 3334 786 τῷ
3365 718 3609 789 Χριστῷ,
3640 714 3730 770 καὶ

320 805 414 859 σὺν
442 801 628 865 αὐτοῖς
656 799 1189 878 ἀπεκεφαλίσθησαν.

887 922 966 991 Τῇ
1018 916 1154 990 αὐτῇ
1197 915 1396 992 inﬁm-

475 1011 690 1083 Μνήμη
722 1013 819 1063 τοῦ
860 1007 1015 1062 ὁσίου
1046 1006 1254 1079 [ἰατρὸς
1287 1008 1446 1078 ἡμῶν
1477 1007 1797 1061 Βασσιανοῦ.

385 1101 448 1158 Ὁ
474 1102 621 1160 ὅσιος
662 1099 848 1170 Πατὴρ
904 1099 1065 1168 ἡμῶν
1126 1095 1444 1161 Βασσιανὸς,
1475 1093 1540 1160 ἦν
1573 1093 1622 1166 ἐξ
1652 1094 1972 1148 Ἀνατολῶν

315 1193 412 1258 τῆς
446 1189 637 1262 Σόρων
689 1187 896 1262 χώρας.
956 1185 1080 1241 Ἐπὶ
1139 1180 1196 1238 δὶ
1252 1186 1560 1256 Μαρκιανοῦ
1589 1183 1685 1237 τοῦ
1717 1177 1974 1246 εὐσεϐοῦς

320 1280 589 1355 βασιλέως
648 1276 896 1347 εἰσῆλθεν
956 1276 1006 1330 ἐν
1065 1274 1653 1330 Κωνσταντινουπόλει.
1713 1272 1816 1330 Καὶ
1884 1271 1972 1327 διὰ

313 1373 414 1438 τήν
449 1370 646 1444 ἀρετήν
679 1367 844 1422 αὐτοῦ
881 1364 1147 1442 γνωρίσας
1206 1363 1364 1418 αὐτὸν
1409 1364 1436 1417 ὁ
1491 1360 1765 1438 βασιλεὺς,
1815 1360 1974 1434 ἐτίμα

317 1461 478 1516 αὐτὸν
541 1457 614 1519 ὠς
672 1457 876 1530 πατέρα
929 1457 1210 1523 τοσοῦτον,
1270 1450 1352 1506 ὅτι
1409 1453 1497 1506 καὶ
1548 1453 1638 1506 τὸν
1670 1451 1795 1505 ναὸν
1827 1449 1969 1506 ἔκτι-

321 1571 405 1605 σεν
448 1547 536 1602 ἐπὶ
583 1550 663 1613 τῷ
724 1539 950 1616 ὀνόματι
1007 1542 1196 1611 αὐτοῦ,
1259 1542 1406 1603 ὅστις
1470 1541 1634 1616 μέχρι
1665 1542 1765 1611 τῆς
1797 1543 1973 1612 σήμε-

321 1660 410 1715 ρον
446 1637 704 1710 ὑπάρχει.
737 1637 995 1694 Τοιοῦτος
1027 1629 1083 1686 δὲ
1120 1632 1187 1700 ἦν
1237 1629 1584 1708 ψυχωφελῶν
1615 1629 1705 1684 καὶ
1734 1627 1976 1684 διδακτι-

317 1728 436 1798 κὸς,
475 1726 550 1787 ὠς
600 1721 847 1783 πολλοὺς
894 1721 1092 1776 πείθειν
1148 1719 1239 1774 τὸν
1291 1720 1499 1791 κόσμον
1541 1719 1970 1791 καταλιμπάνειν

317 1818 406 1871 καὶ
443 1812 725 1888 μοναχοὺς
781 1810 1041 1886 γίνεσθαι.
1100 1809 1191 1879 Ἐξ
1252 1808 1324 1862 ὧν
1384 1808 1450 1876 ἦν
1510 1807 1599 1862 καὶ
1632 1810 1666 1876 ἡ
1699 1807 1829 1882 ἁγία
1860 1814 1972 1862 Μα-

315 1911 520 1979 τρῶνα.
583 1900 935 1971 Ἐπληθύνθη
998 1900 1103 1974 γὰρ
1171 1899 1199 1952 ὁ
1267 1897 1499 1972 ἀριθμὸς
1560 1901 1669 1952 τῶν
1719 1901 1976 1969 μαθητῶν

2734 925 2951 979 Eodem
2983 923 3075 978 die

2081 1011 2232 1066 108
2267 1013 2715 1067 Commemoratio
2770 1017 2948 1068 sancti
3007 1015 3187 1067 Patris
3243 1015 3416 1068 nostri
3455 1014 3728 1070 Bassiani.

2153 1100 2400 1155 Sanctus
2460 1104 2634 1156 Pater
2690 1108 2892 1156 noster
2949 1102 3285 1169 Bassianus,
3345 1118 3416 1155 ex
3457 1101 3732 1156 orientali

2080 1189 2360 1258 Syrorum
2389 1190 2629 1261 regione
2657 1191 2968 1260 oriundus,
3012 1192 3302 1246 Marciano
3344 1191 3440 1262 pio
3474 1191 3734 1262 impera-

2080 1281 2228 1342 tore,
2291 1277 2867 1350 Constantinopolim
2943 1280 3260 1350 profectus,
3327 1279 3402 1334 ob
3456 1279 3732 1335 virtutem

2083 1381 2249 1419 suam
2296 1366 2638 1437 imperatori
2683 1370 2881 1424 statim
2932 1367 3210 1434 innotuit,
3245 1368 3344 1439 qui
3395 1384 3515 1422 non
3557 1368 3734 1423 modo

2082 1471 2217 1509 eum
2265 1461 2548 1527 tanquam
2595 1463 2823 1529 patrem
2873 1458 3123 1526 colebat,
3153 1457 3257 1513 sed
3300 1463 3357 1512 et
3383 1459 3538 1513 aedes
3571 1459 3733 1514 illius

2082 1544 2347 1611 nomine,
2381 1563 2512 1616 quas
2545 1547 2617 1601 ad
2650 1548 2808 1602 hunc
2840 1564 3028 1618 usque
3073 1547 3229 1601 diem
3260 1552 3512 1614 exstant,
3546 1546 3734 1602 aadili-

2083 1633 2252 1689 cavit.
2288 1635 2420 1689 Fuit
2450 1635 2610 1690 enim
2642 1635 2715 1690 ad
2761 1636 3094 1691 docendum
3138 1637 3636 1708 appositissimus,
3671 1641 3736 1690 ut

2082 1721 2290 1777 multis
2321 1723 2727 1794 persuaderet,
2752 1725 2958 1780 relicto
2983 1725 3199 1779 szeculo
3233 1725 3620 1780 monasticam
3651 1724 3739 1777 vi-

2087 1816 2204 1867 tam
2235 1828 2408 1883 agere
2434 1831 2446 1866 :
2481 1813 2542 1868 in
2573 1830 2828 1884 quorum
2865 1831 3114 1869 numero
3145 1814 3259 1869 fuit
3287 1820 3493 1870 sancta
3520 1816 3737 1868 Matro-

2083 1917 2197 1956 na:
2231 1903 2530 1973 crevitque
2579 1903 3010 1975 discipulorum
3060 1904 3189 1976 ejus
3233 1921 3518 1959 numerus
3549 1919 3736 1974 usque

320 1993 483 2048 αὐτοῦ
515 1991 686 2064 μέχρι
740 1985 1086 2062 τριακοσίων.
1138 1983 1318 2041 ἈλΑά
1371 1985 1460 2038 καὶ
1513 1981 1760 2057 θαύματα
1790 1982 1976 2038 πολλά

2091 1989 2157 2045 ad
2188 1995 2507 2046 trecentos.
2571 1992 2659 2047 Ad
2715 1993 2839 2047 hinc
2883 1993 3074 2048 multa
3129 1993 3418 2048 miracula
3465 1993 3735 2064 patravit.

320 2082 570 2151 ἐποίησεο
659 2078 747 2132 καὶ
833 2074 961 2138 τοὺς
1048 2073 1123 2135 εἷς
1215 2072 1528 2145 πταίσματα
1589 2071 1977 2145 περιπεσόντας

324 2170 538 2248 μεγάλα
593 2170 682 2224 καὶ
744 2167 822 2230 εἷς
884 2165 1192 2240 ἀπόγνωσιν
1269 2163 1626 2240 ἐρχομένους,
1690 2163 1980 2236 συμπαθὴς

323 2260 419 2331 ὢν,
477 2263 590 2315 τῶν
643 2261 741 2312 τοῦ
798 2250 1063 2310 διαϐόλου
1119 2257 1322 2329 χειρῶν
1375 2251 1692 2327 ἐλυτροῦτο,
1751 2252 1840 2306 καὶ
1893 2249 1982 2306 διὰ

322 2347 613 2424 μετανοίας
672 2346 972 2421 προσέφερε
1025 2341 1105 2414 τῷ
1157 2340 1531 2419 φιλανθρώπῳ
1588 2345 1724 2412 Θεῷ.
1781 2344 1882 2396 Ἦν
1923 2338 1982 2395 δὲ

319 2439 406 2495 καὶ
438 2434 826 2512 προορατικὸς,
860 2433 952 2487 καὶ
991 2431 1276 2506 προλέγων
1324 2431 1392 2485 τὰ
1444 2429 1743 2503 μέλλοντα,
1777 2427 1978 2506 ὠφέλει

321 2525 596 2588 πολλούς.
646 2523 803 2580 Οὕτω
855 2519 912 2576 δὲ
965 2521 1186 2596 βιώσας,
1248 2518 1300 2574 ἐν
1359 2517 1641 2594 βαθυτάτῳ
1669 2519 1816 2594 γήρᾳ
1844 2518 1980 2593 πρὸς

323 2615 520 2690 Κύριον
581 2609 906 2684 ἐξεδήμησε,
960 2610 1046 2664 καὶ
1107 2606 1275 2685 ἑταίρη
1334 2609 1478 2682 παρά
1539 2611 1646 2662 τῶν
1720 2611 1976 2680 μαθητῶν

325 2705 490 2760 αὐτοῦ
519 2701 572 2757 ἐν
605 2705 686 2774 τῷ
719 2697 1023 2770 δηλωθέντι
1058 2697 1226 2752 αὐτοῦ
1254 2700 1386 2769 ναῷ.

926 2993 1012 3065 Τῇ
1038 2989 1174 3064 αὐτῇ
1206 2986 1387 3063 ἡμέρᾳ

394 3113 604 3184 Μνήμη
660 3113 758 3164 τοῦ
817 3107 968 3162 ὁσίου
1025 3106 1262 3184 ῌατρὸςμ
1292 3106 1454 3178 ἡμῶν
1515 3098 1778 3160 Ἰακώϐου
1814 3107 1910 3158 τοῦ

1028 3178 1286 3246 ἀσκητοῦ.

396 3305 456 3360 Ὀ
521 3301 674 3364 ὅσιος
739 3299 924 3371 Πατὴρ
1012 3297 1172 3368 ἡμῶν
1253 3289 1513 3357 Ἰἅκωϐος
1596 3293 1650 3350 ὲν
1717 3293 1979 3366 ἀσκηταῖς

332 3396 492 3465 μέγας
550 3388 788 3464 ἐγένετο·
842 3387 1067 3456 νικήσας
1131 3383 1225 3457 μὶν
1283 3385 1376 3438 τὸν
1431 3378 1714 3452 διάϐολον,
1774 3383 1863 3438 καὶ
1894 3405 1978 3438 νι-

326 3481 513 3550 κηθεὶς
549 3480 640 3535 ὑπ’
670 3478 857 3544 αὐτοῦ,
889 3476 980 3530 καὶ
1025 3474 1353 3550 περιπεσὼν,
1385 3471 1533 3529 ἀλλὰ
1560 3473 1724 3528 πάλιν
1757 3475 1982 3544 νικήσας

328 3569 483 3624 αὐτὸν
544 3567 938 3644 γενναιότερον.
1002 3563 1241 3634 Οίκήσας
1297 3563 1399 3638 γὰρ
1459 3562 1510 3617 ἐν
1569 3563 1848 3633 σπηλαίῳ,
1893 3552 1984 3616 καὶ

329 3657 609 3734 ἡσυχάσας
665 3651 759 3724 ἔτη
821 3652 1108 3709 δεκαπέντε
1155 3647 1318 3707 ἔλαϐε
1374 3650 1519 3727 παρά
1565 3653 1698 3707 Θεοῦ
1743 3653 1983 3724 ἐξουσίαν

331 3752 424 3802 τοῦ
457 3745 677 3801 διώκειν
710 3743 837 3804 τοὺς
861 3741 1141 3816 δαίμονας.
1170 3742 1352 3796 Θέλων
1389 3738 1446 3795 δὲ
1475 3740 1634 3795 αὐτὸν
1665 3741 1692 3794 ὁ
1725 3737 1985 3802 διάϐολος

335 3839 485 3914 ῥίψαι
518 3837 592 3898 εἷς
625 3835 877 3911 πορνείαν
937 3833 1027 3888 καὶ
1086 3853 1269 3910 φονον,
1330 3831 1584 3901 εἰσῆλθεν
1613 3831 1692 3894 εἷς
1723 3833 1988 3906 θυγατέρα

331 3927 603 3982 πλουσίου
659 3924 828 3995 τινὸς,
887 3921 975 3976 καὶ
1029 3919 1422 3997 παρεσκεύασεν
1481 3921 1647 3989 αὐτὴν
1706 3919 1985 3997 ἐπικαλεῖς

333 4019 447 4070 σθαι
477 4016 570 4070 τὸν
605 4013 783 4089 ἅγιον.
838 4012 1252 4086 Ἐρευνήσαντες
1309 4007 1400 4064 οὖν
1457 4009 1510 4064 οἱ
1559 4014 1736 4084 γονεῖς
1764 4015 1863 4078 τῆς
1891 4008 1988 4063 κό-

334 4124 452 4177 ρης,
512 4102 605 4157 καὶ
667 4101 912 4174 εὑρόντες
980 4100 1042 4153 τὸ
1125 4097 1418 4168 σπήλαιον,
1480 4096 1761 4172 ἀπήγαγον
1817 4097 1985 4165 αὐτὴν

331 4195 462 4265 πρὸς
539 4189 725 4258 αὐτὸν,
800 4187 890 4243 καὶ
965 4185 1334 4261 παρεκάλεσαν
1423 4187 1764 4260 θεραπεῦσαι’
1837 4187 1864 4240 ὁ
1932 4182 1990 4240 δὲ

330 4281 644 4353 εὐξάμενος,
690 4275 946 4348 ἐξήλασεν
1003 4273 1064 4330 ἒκ
1115 4281 1216 4344 τῆς
1271 4274 1442 4348 κόρης
1482 4275 1573 4329 τὸν
1606 4271 1853 4346 δαίμονα.
1891 4276 1986 4330 Καὶ

331 4366 657 4448 φοϐηθέντες
717 4368 767 4421 οἱ
826 4370 1006 4441 γονεῖς
1061 4363 1249 4434 αὐτῆς,
1311 4366 1510 4436 μήπως
1571 4361 1789 4438 εἰσέλθῃ
1820 4360 1986 4418 πᾶλιν

331 4447 406 4522 εἰς
459 4457 634 4527 αὐτην
693 4457 721 4510 ὁ
780 4452 1011 4528 δαίμων,
1071 4454 1280 4530 ἀφῆκαν
1338 4450 1466 4522 ἐκεῖ,
1527 4447 1633 4513 ἕως
1674 4452 1735 4506 οὗ
1765 4450 1988 4514 τελείως

329 4548 551 4622 ὑγιάνῃ.
611 4545 894 4618 Ἕφθειρεν
957 4543 1047 4596 οὖν
1102 4543 1202 4610 τήν
1261 4539 1430 4617 κόρην
1487 4541 1514 4595 ὁ
1575 4540 1838 4610 ἀπκητής
1875 4543 1988 4595 εἶτα

330 4636 602 4712 ἐφόνευσε·
656 4633 746 4688 καὶ
803 4625 1082 4710 φοϐηθεὶς,
1142 4624 1326 4708 ἔφυγε.
1385 4631 1488 4684 Καὶ
1536 4629 1673 4683 κατὰ
1717 4629 1817 4697 τὴν
1861 4626 1983 4684 ὁδὸν

2085 2082 2378 2136 Praeterea
2405 2082 2452 2136 si
2476 2082 2610 2152 quis
2632 2083 2694 2137 in
2719 2083 3135 2154 gravissimum
3156 2083 3398 2154 aliquod
3427 2089 3738 2154 peccatum

2085 2169 2288 2240 lapsus
2318 2176 2495 2236 esset,
2521 2173 2580 2226 et
2608 2171 2828 2226 idcirco
2883 2171 2954 2226 de
3005 2187 3110 2226 sua
3155 2171 3344 2226 salute
3371 2171 3738 2243 desperaret,

2084 2257 2171 2312 vir
2223 2263 2463 2313 sanctus
2519 2259 2647 2330 pari
2705 2275 2840 2314 cum
2898 2276 2966 2314 eo
3027 2259 3230 2315 dolore
3289 2265 3584 2332 suscepto,
3618 2276 3739 2315 non

2085 2346 2251 2417 prius
2303 2351 2520 2402 conatu
2568 2347 2912 2424 desistebat,
2965 2365 3142 2420 quam
3189 2348 3423 2420 lapsum
3457 2366 3487 2404 e
3518 2348 3738 2404 diaboli

2082 2435 2360 2490 manibus
2393 2441 2685 2508 ereptum,
2717 2453 2823 2508 per
2851 2437 3264 2508 paenitentiam
3296 2437 3369 2492 ad
3401 2438 3586 2492 Deum
3618 2436 3738 2490 cle-

2083 2524 2526 2579 mentissimum
2571 2524 2912 2580 adduceret.
2949 2527 3197 2597 Insuper
3225 2525 3550 2597 prophetia:
3583 2525 3740 2579 dono

2085 2611 2360 2681 illustris,
2392 2629 2529 2668 cum
2583 2613 2784 2669 futura
2831 2614 3199 2685 praediceret,
3241 2613 3448 2669 multis
3496 2613 3738 2685 profuit.

2085 2703 2303 2757 Exacta
2331 2718 2438 2773 per
2467 2703 2904 2760 buncmodum
2937 2705 3072 2772 vita,
3096 2703 3402 2759 confectus
3434 2704 3602 2758 senio
3631 2703 3743 2757 mi-

2085 2791 2273 2863 gravit
2300 2790 2374 2845 ad
2406 2791 2748 2860 Dominum,
2774 2797 2833 2847 et
2855 2808 2891 2847 a
2912 2791 3224 2863 discipulis
3246 2793 3369 2847 suis
3398 2791 3461 2847 in
3490 2790 3740 2859 aedibus,

2089 2896 2221 2950 qua)
2254 2879 2383 2951 ejus
2413 2895 2636 2936 nomen
2668 2881 3012 2952 praaferunt,
3046 2881 3312 2952 sepultus
3345 2885 3454 2935 est.

2729 2996 2951 3051 Eodem
3005 2995 3100 3051 die

2087 3112 2240 3168 109
2305 3111 2752 3168 Commemoratio
2815 3114 2993 3167 sancti
3079 3113 3263 3167 Patris
3309 3113 3485 3167 nostri
3547 3112 3741 3166 Jacobi

2803 3190 3013 3239 ascetae.

2163 3299 2412 3354 Sanctus
2441 3300 2614 3354 Pater
2666 3303 2872 3354 noster
2921 3298 3173 3355 Iacobus
3223 3316 3472 3372 magnus
3524 3303 3744 3370 asceta,

2093 3405 2227 3444 cum
2259 3405 2414 3460 saepe
2445 3389 2749 3444 victoriam
2805 3389 2878 3444 de
2935 3389 3172 3446 diabolo
3204 3389 3528 3458 retulisset,
3555 3393 3742 3452 victus

2091 3483 2151 3533 et
2180 3478 2306 3548 ipse
2337 3477 2681 3548 aliquando,
2714 3484 2913 3533 tamen
2942 3479 3160 3533 iterum
3193 3494 3329 3533 eum
3361 3496 3429 3534 eo
3461 3498 3741 3554 congres-

2092 3584 2213 3631 sus,
2243 3567 2514 3638 superior
2543 3585 2573 3622 e
2605 3568 2810 3639 prtelio
2841 3567 3133 3622 discessit.
3164 3570 3307 3622 Nam
3345 3585 3480 3624 cum
3511 3569 3573 3624 in
3609 3587 3743 3641 spe-

2092 3655 2271 3710 lunca
2300 3673 2490 3710 annos
2514 3655 2856 3726 quindecim
2880 3655 3201 3727 tranquille
3233 3656 3469 3728 egisset,
3489 3657 3744 3728 dataque

2092 3744 2205 3815 ipsi
2238 3750 2390 3799 esset
2422 3761 2455 3800 a
2487 3745 2604 3800 Deo
2634 3744 3032 3816 fugandorum
3080 3744 3420 3798 daamonum
3458 3751 3740 3816 potestas,

2094 3839 2428 3888 commotus
2459 3832 2678 3888 invidia
2710 3833 2968 3900 daemon,
3002 3838 3273 3888 sanctum
3305 3833 3497 3888 virum
3527 3835 3590 3889 in
3622 3840 3746 3889 stu-

2093 3937 2265 3992 prum
2297 3926 2356 3976 et
2379 3921 2769 3976 homicidium
2802 3921 3064 3992 pellexit.
3112 3922 3418 3994 Ingressus
3450 3922 3609 3977 enim
3640 3940 3748 3978 cu-

2086 4009 2327 4080 jusdam
2357 4009 2553 4065 divitis
2585 4009 2790 4080 tiliam,
2825 4010 3116 4083 suggessit
3139 4015 3204 4066 ut
3224 4011 3504 4067 Jacobum
3530 4011 3748 4084 implo-

2093 4102 2270 4153 raret.
2324 4099 2684 4154 Perscrutati
2730 4099 2911 4172 igitur
2954 4104 3231 4171 parentes
3261 4100 3475 4171 puella)
3507 4101 3748 4172 spelun-

2094 4204 2248 4256 cam,
2280 4187 2517 4243 ductam
2550 4188 2624 4244 ad
2656 4194 2926 4244 sanctum
2951 4189 3156 4258 ﬁliam,
3181 4196 3482 4262 rogarunt,
3505 4196 3571 4245 ut
3599 4191 3751 4245 libe-

2094 4283 2282 4333 raret:
2307 4277 2704 4348 qui,adhibita
2723 4278 3188 4350 prece,propulit
3206 4279 3278 4334 ab
3301 4296 3370 4335 ea
3390 4280 3745 4335 daemonem.

2094 4366 2377 4420 Parentes
2402 4382 2536 4420 vero
2579 4367 2748 4421 veriti
2797 4382 2873 4421 ne
2925 4367 3140 4421 iterum
3172 4383 3206 4421 a
3235 4367 3528 4422 daemonio
3562 4369 3749 4422 corri-

2093 4459 2351 4526 peretur,
2379 4454 2460 4509 ibi
2492 4471 2622 4511 eam
2647 4455 3040 4527 reliquerunt,
3066 4455 3261 4527 quoad
3289 4455 3476 4510 libera
3500 4457 3744 4511 omnino

2093 4543 2458 4599 redderetur.
2493 4549 2567 4598 At
2595 4551 2792 4599 asceta
2835 4545 3059 4599 vitiavit
3106 4544 3387 4615 puellam,
3419 4549 3478 4598 et
3508 4545 3745 4600 occidit.

2095 4635 2283 4698 Quare
2311 4633 2520 4687 timore
2552 4633 2882 4704 perculsus,
2916 4634 2975 4687 in
3009 4633 3203 4705 fugam
3237 4650 3296 4687 se
3330 4633 3602 4703 conjecit.
3634 4634 3747 4690 Sed

333 4693 760 4797 μεταμεληθεὶς,
815 4693 1081 4789 εἷσῆγλθενῖ
1130 4693 1205 4780 εἷς
1257 4693 1429 4796 τάφον
1474 4715 1706 4772 κλαίων⁸
1741 4693 1830 4772 καὶ
1862 4739 1979 4772 τοσ-

2096 4722 2157 4776 in
2190 4723 2280 4776 via
2309 4722 2657 4792 paenitentia
2686 4721 2918 4787 ductus,
2953 4722 3293 4791 effususque
3325 4722 3387 4775 in
3427 4721 3743 4794 lacrymas,

331 4818 487 4868 οὗτον
542 4810 867 4882 ἐκαθαρίσθη
927 4815 1025 4878 τῆς
1086 4807 1378 4881 ἁμαρτίας,
1434 4806 1508 4869 ὠς
1558 4805 1611 4861 ἐν
1643 4802 1885 4881 ἀϐροχία
1915 4804 1985 4860 δι’

332 4903 504 4978 εὐχῆς
575 4901 726 4955 ὑετὸν
804 4902 1141 4973 καταγαγεῖν·
1210 4896 1298 4950 καὶ
1377 4893 1520 4950 οὕτω
1593 4894 1976 4964 τελειωθῆναι.

866 5077 1050 5133 MIINI
1097 5080 1182 5129 ΤΩ
1239 5075 1443 5131 ΑΥΤΩ.

1112 5191 1198 5246 IA'

331 5314 537 5384 κνήμη
595 5313 702 5364 τῶν
755 5302 1255 5384 ἁγίωνλζηναΐδος
1303 5303 1393 5384 καὶ
1470 5303 1820 5375 Φιλονίλλης
1875 5312 1978 5375 τῆς

900 5375 1142 5455 ἀδελφῆς
1198 5375 1410 5442 αὐτῆς..

399 5501 460 5555 Ἦ
521 5499 649 5552 ὁσία
697 5496 894 5566 Ζηναῗς
959 5494 1094 5567 μετὰ
1145 5499 1244 5561 τῆς
1296 5488 1540 5568 ἀδελφῆς
1599 5490 1766 5558 αὐτῆς
1805 5491 1982 5548 Φιλο-

332 5587 542 5658 νίλλης,
623 5588 871 5659 ὑπῆρχεν
951 5584 1044 5656 μὲν
1147 5581 1207 5637 ἐκ
1278 5587 1376 5649 τῆς
1449 5579 1665 5641 πόλεως
1742 5583 1976 5656 Ταρσοῦ,

335 5678 594 5753 συγγενὴς
652 5676 787 5731 οὖσα
841 5676 938 5729 τοῦ
994 5671 1146 5748 ἁγίου
1201 5666 1515 5726 ἀποστόλου
1571 5665 1811 5724 Παύλου.
1868 5674 1982 5726 Με-

2095 4811 2156 4864 in
2188 4810 2526 4881 sepulcrum
2550 4827 2611 4864 se
2643 4809 2907 4863 abdidit:
2939 4809 3041 4864 ubi
3072 4816 3384 4880 peccatum
3418 4812 3501 4866 sic
3533 4813 3744 4882 expia-

2089 4899 2190 4966 vit,
2221 4904 2286 4953 ut
2314 4899 2374 4952 in
2405 4915 2621 4971 magna
2662 4899 2926 4954 siccitate
2971 4899 3226 4953 imbrem
3267 4900 3338 4954 de
3370 4900 3516 4956 ccelo
3548 4900 3738 4972 impe-

2088 4987 2347 5042 traverit.
2383 4987 2748 5059 Atque’item
2781 4987 2963 5042 ﬁnem
2994 4987 3223 5042 vivendi
3257 4989 3416 5044 fecit.

2644 5073 2884 5131 EODEM
2926 5076 3176 5131 MENSE.

2692 5191 2795 5246 Die
2821 5190 3138 5247 undecima

2043 5372 2062 5389 ο
2089 5307 2244 5362 110
2294 5307 3111 5389 Commemoratiomsanctarum
3161 5310 3412 5366 Zenaidis
3458 5319 3510 5365 et
3549 5311 3746 5366 Philo-

2696 5378 2853 5436 nilla,?
2871 5396 3138 5435 sororum.

2162 5493 2376 5548 Sancta
2416 5494 2623 5548 Zenais
2672 5509 2807 5548 cum
2865 5511 3066 5550 sorore
3122 5495 3466 5563 Philonilla,
3499 5513 3566 5552 ex
3598 5496 3746 5553 urbe

2088 5584 2266 5638 Tarso
2292 5582 2424 5649 fuit,
2449 5582 2758 5654 sanguinis
2779 5583 3220 5654 propinquitate
3248 5590 3452 5640 sancto
3473 5585 3742 5655 apostolo

2089 5671 2270 5726 Paulo
2300 5671 2637 5743 conjuncta.
2697 5672 2769 5724 Et
2820 5671 3080 5741 primum
3109 5671 3352 5742 quidem
3381 5672 3739 5728 medicinam
