4140 6302
407 378 523 444 103

1722 370 2162 441 MENOLOGH
2200 371 2403 439 ‘PARS
2449 374 2497 434 l.

3699 374 3814 439 101

404 509 695 584 professa,
722 509 941 567 deinde
972 508 1045 565 ab
1074 509 1205 580 ipso
1245 507 1513 581 apostolo
1544 507 1662 565 ﬁde
1691 507 1908 565 Christi
1939 507 2054 567 im,

2168 505 2377 578 ἤρχετο
2432 504 2531 572 τὴν
2593 503 2842 577 ἰατρικὴν
2895 500 3123 579 τέχνην.
3184 500 3363 558 Ἀλλὰ
3418 505 3820 576 μαθητευθεῖσα

403 599 568 669 buta,
600 599 881 659 valedixit
926 598 1062 668 arti,
1111 597 1353 667 divitiis,
1392 603 1459 659 at
1501 597 1734 665 sorori;
1785 596 2057 667 atquein

402 695 633 745 remoto
662 688 882 745 montis
913 692 1083 744 antro
1134 686 1462 743 solitariam
1501 686 1679 742 vitam
1709 701 1912 755 agens,
1944 683 2056 743 soli

402 781 543 845 Deo,
574 778 803 849 sibique
852 776 1119 844 vacabat,
1150 776 1353 831 herbis
1398 780 1653 840 tantum,
1685 791 1832 845 quas
1872 788 2057 845 prope

402 867 752 939 speluncam
784 865 963 921 tellus
995 866 1125 937 ipsa
1148 864 1396 931 ferebat,
1420 864 1639 920 famem
1672 868 2053 919 sustentans:

402 956 475 1011 ad
500 970 645 1027 quas
668 955 950 1027 legendas
973 953 1290 1025 aliquando
1315 970 1569 1024 egressa,
1595 954 1812 1025 pressit
1831 953 2059 1026 impru-

400 1045 547 1100 dens
579 1043 993 1100 acutissimum
1024 1044 1254 1098 clavum
1305 1043 1590 1115 ligneum,
1624 1042 1846 1098 diaboli
1876 1057 2058 1114 Opera

399 1135 567 1191 humi
599 1134 881 1205 defixum,
934 1133 1346 1205 indignissime
1394 1132 1664 1198 ferentis,
1697 1132 1855 1205 quod
1886 1132 2055 1189 multi

396 1225 628 1280 occulte
658 1223 733 1279 ad
763 1239 893 1279 eam
924 1222 1307 1291 ventitantes,
1361 1222 1436 1277 ad
1480 1222 1695 1278 Christi
1726 1221 1904 1277 fidem
1938 1228 2056 1276 tra-

401 1315 787 1371 ducerentur.
826 1315 965 1380 Qum
1017 1329 1153 1369 cum
1200 1312 1389 1368 dolori
1446 1312 1637 1384 impar
1666 1311 2052 1383 consedisset,

402 1409 468 1458 ut
497 1420 528 1459 e
560 1402 709 1475 pede
740 1401 969 1458 clavum
1000 1400 1257 1468 tolleret,
1287 1400 1562 1471 spiritum
1596 1400 1845 1461 Domino
1879 1399 2057 1457 tradi-

399 1491 504 1547 dit.
539 1490 860 1546 Philonilla
910 1494 1111 1545 autem
1164 1488 1325 1545 domi
1380 1490 1736 1560 consistens,
1767 1505 1903 1546 eum
1934 1504 2057 1553 non

397 1579 639 1645 minori,
661 1594 846 1652 quam
874 1596 1060 1648 soror,
1085 1576 1282 1639 studio
1308 1576 1382 1634 ad
1404 1579 1683 1635 virtutem
1714 1576 2059 1634 contendis-

399 1673 510 1737 set,
529 1684 862 1741 magnoque
892 1683 1128 1740 semper
1148 1667 1313 1725 cultu
1335 1668 1522 1724 Deum
1544 1672 1858 1739 prosecuta
1879 1670 2037 1723 esset
2038 1720 2056 1753 ο

403 1758 467 1814 in
498 1773 645 1831 pace
676 1756 1030 1820 obdoruivit,

1040 1961 1265 2023 Eodem
1318 1960 1417 2025 die

415 2082 494 2137 II
513 2082 551 2135 ι
588 2080 1040 2137 Commemoratio
1086 2080 1263 2133 sancti
1291 2076 1530 2148 apostoli
1558 2076 1829 2147 Philippi,
1857 2078 1924 2133 de
1952 2094 2062 2149 quo

504 2156 565 2221 ﬁt
594 2153 801 2207 mentio
842 2153 903 2206 in
944 2151 1171 2206 Actibus
1204 2156 1522 2207 sanctorum
1551 2149 1943 2220 apostolomm.

468 2265 802 2336 Philippus,
824 2264 1040 2320 Christi
1072 2263 1376 2335 apostolus
1409 2279 1480 2317 ex
1511 2267 1738 2334 septem
1769 2262 2058 2318 diacono-

408 2369 541 2408 rum
574 2367 845 2419 numero,
875 2368 1011 2406 cum
1042 2351 1105 2406 in
1133 2350 1280 2406 urbe
1309 2352 1492 2421 Joppe
1522 2350 1821 2405 Christum
1852 2350 2064 2421 prandi-

411 2446 592 2510 caret,
644 2443 852 2514 jussus
905 2445 995 2497 est
1022 2457 1057 2495 a
1085 2440 1305 2511 Spiritu
1336 2444 1541 2494 sancto
1573 2440 1779 2495 Gazam
1825 2444 2060 2510 petere:

409 2547 524 2601 quo
575 2529 636 2585 in
685 2530 899 2585 itinere
945 2528 1175 2583 obviam
1214 2528 1404 2583 factus
1455 2526 1708 2584 Candaci
1764 2528 2058 2597 eunucho,

405 2620 623 2687 regina)
652 2619 991 2689 Ethiopum
1048 2617 1347 2689 praefecto,
1410 2616 1710 2689 quadrigae
1750 2616 2057 2686 insidenti,

404 2709 877 2778 prophetamque
924 2706 1135 2762 Isaiam
1187 2706 1427 2779 legenti,
1475 2706 1764 2761 accedens
1793 2706 2057 2777 propius,

406 2797 701 2868 qumsivit,
734 2812 878 2852 num
920 2814 1050 2869 qua:
1102 2796 1326 2868 legeret
1373 2795 1750 2867 intelligeret.
1783 2794 1887 2850 Cui
1919 2794 2057 2850 ille:

403 2886 507 2951 Qui
544 2902 806 2958 possum,
840 2885 1056 2956 inquit,
1089 2886 1325 2956 assequi
1368 2884 1497 2940 sine
1528 2884 1676 2939 duce
1708 2889 1767 2938 et
1796 2884 1924 2939 sine
1954 2884 2056 2940 in-

403 2980 659 3047 terprete
680 2974 709 3030 ?
728 2974 1047 3045 Elatusque
1068 2975 1129 3029 in
1152 2991 1392 3029 currum
1416 2973 1856 3045 Philippus,illo
1878 2990 2056 3044 quem

400 3064 712 3120 eunuchus
744 3062 999 3137 legebat,
1054 3063 1183 3118 loco
1210 3063 1500 3134 exposito,
1535 3062 1649 3118 ﬁde
1672 3061 1887 3117 Christi
1918 3079 2055 3121 eum

400 3152 679 3208 instituit.
713 3153 968 3223 Cumque
1027 3151 1099 3206 ad
1156 3168 1374 3222 aquam
1429 3151 1756 3217 venissent,
1804 3153 1889 3207 ait
1918 3153 2057 3205 Phi-

2084 1875 2133 1941 B

2168 593 2255 647 ὑπ’
2310 594 2499 666 αὐτοῦ,
2556 593 2818 649 κατέλιπε
2890 598 2980 649 και
3054 594 3157 662 τὴν
3213 590 3438 667 τέχνην,
3497 594 3585 649 καὶ
3645 587 3820 651 πάντα

2160 682 2254 738 τὸν
2312 680 2553 739 πλοῦτον
2609 680 2796 752 αὐτῆς,
2855 684 2942 737 καὶ
3004 682 3104 752 τήν
3162 678 3424 758 ἀδελφήν.
3456 681 3556 741 Καὶ
3586 680 3821 751 ἀνῆλθεν

2193 770 2207 791 ν
2300 770 2327 825 ὸ
2610 770 2624 789 ε
2713 771 2725 791 ρ
3306 770 3321 789 τ
3366 776 3394 786 -
3690 770 3702 789 ,
3754 775 3780 786 ..

2163 790 2241 832 εις
2266 791 2294 824 τ
2359 791 2509 846 ορος,
2537 792 2626 825 και
2677 790 2907 842 ευρουσα
2955 768 3247 841 σπήλαιον,
3279 768 3526 839 εισηλθεν
3561 770 3612 825 έν
3645 791 3817 842 αυτῳ,

2160 860 2251 914 καὶ
2282 859 2548 934 ἡσύχασε,
2604 864 2683 931 τῷ
2739 863 2858 932 Θεῷ
2920 859 3070 932 μόνῷ
3126 859 3215 913 καὶ
3248 858 3412 931 ἑαυτῇ
3446 859 3818 934 προσέχουσα,

2160 949 2250 1003 καὶ
2302 950 2607 1025 τρεφομένη
2667 949 2725 1003 έκ
2781 953 2887 1003 τῶν
2947 949 3377 1025 παραφυομένων
3437 951 3519 1020 τῷ
3558 948 3819 1022 σπηλαίῳ

2167 1038 2433 1113 βοτανῶν.
2467 1037 2557 1094 Ἐν
2586 1041 2683 1110 μιᾷ
2714 1032 2771 1091 δί
2793 1042 2901 1091 τῶν
2948 1039 3191 1112 ἡμερῶν,
3225 1034 3516 1106 ἐξελθοῦσα
3542 1042 3640 1091 τοῦ
3672 1058 3823 1108 σπη-

2162 1126 2320 1181 λαίου
2379 1127 2515 1201 πρὸς
2569 1128 2631 1181 τὸ
2690 1132 3005 1202 συναγαγεῖν
3065 1125 3318 1199 βοτάνας,
3372 1124 3635 1193 ἐπάτησεν
3672 1125 3819 1195 ἧλον

2163 1215 2326 1289 ξύλου
2353 1215 2603 1289 ὀξύτατον
2656 1216 2759 1271 ὑπὸ
2815 1222 2916 1285 τῆς
2970 1219 3068 1270 τοῦ
3101 1210 3365 1270 διαϐόλου
3399 1216 3707 1290 συνεργίας,
3743 1217 3822 1289 μή

2164 1304 2421 1378 φέροντος
2452 1303 2671 1381 βλέπειν
2727 1304 2854 1369 τοὺς
2909 1306 3245 1375 καθεκαστην
3290 1305 3424 1379 πρὸς
3456 1304 3622 1374 αὐτὴν
3656 1303 3821 1382 ἆρχο-

2167 1397 2361 1468 μένους
2414 1395 2612 1472 κρύφα,
2666 1394 2756 1450 καὶ
2811 1392 3162 1456 πιστεύοντας
3221 1390 3292 1449 δι’
3349 1392 3518 1463 αὐτῆς
3575 1397 3656 1466 τῷ
3690 1395 3825 1469 Χρι-

2165 1488 2295 1557 στῷ.
2329 1485 2428 1540 Καὶ
2483 1482 2791 1559 περιαλγὴς
2845 1482 3139 1559 γενομένη,
3193 1482 3283 1537 καὶ
3338 1483 3604 1537 καθίσασα
3656 1477 3820 1537 ἔκϐα-

2164 1570 2280 1627 λεῖν
2309 1573 2400 1629 τὸν
2446 1571 2604 1644 ἧλον,
2663 1569 2949 1647 παρέδωκε
2997 1573 3061 1627 τὸ
3118 1576 3333 1645 πνεῦμα
3385 1576 3466 1644 τῷ
3524 1569 3725 1647 Κυρίῳ.
3756 1572 3822 1627 Ἠ

2166 1658 2222 1717 δὲ
2253 1658 2564 1717 Φιλονίλλα
2606 1660 2658 1717 ἐν
2709 1666 2791 1734 τῷ
2847 1659 2984 1733 οἴκῳ
3043 1661 3139 1735 μὶν
3167 1659 3527 1734 καθεζομένη,
3563 1657 3733 1734 μηδὲν
3765 1657 3825 1716 δὶ

2163 1757 2264 1821 τῆς
2323 1748 2564 1826 ἀδελφῆς
2624 1749 2702 1813 εἷς
2782 1751 2977 1826 ἀρετὴν
3052 1749 3466 1827 ἀπολειφθεῖσα,
3526 1748 3673 1805 ἀλλᾶ
3725 1750 3821 1805 τὸν

2165 1842 2292 1896 Θεὸν
2323 1839 2511 1896 πολλᾶ
2539 1838 2932 1915 θεραπεύσασα,
2963 1840 3016 1894 ἐν
3048 1840 3236 1915 εὶρήνῃ
3269 1839 3564 1913 ἐκοιμήθη.

2732 1961 2818 2032 Τῇ
2874 1958 3011 2032 αὐτῇ
3068 1957 3252 2034 ἡμέρᾳ

2166 2077 2373 2148 Μνήμη
2424 2077 2520 2128 τοῦ
2569 2074 2726 2149 ἁγίου
2775 2072 3084 2149 ἀποστόλου
3127 2072 3445 2149 φιλίππου,
3489 2076 3587 2128 τοῦ
3614 2070 3669 2127 έν
3697 2077 3823 2135 ταῖς

2523 2145 2753 2221 Πράξεσι
2776 2150 2885 2205 τῶν
2914 2147 3087 2221 ἁγίων
3116 2145 3460 2202 ἀποστόλων.

2239 2261 2525 2324 Φίλιππος
2577 2264 2605 2318 ὁ
2658 2266 2755 2316 τοῦ
2808 2265 3041 2335 Χριστοῦ
3098 2259 3405 2322 ἀπόστολος
3462 2260 3682 2335 ὑπῆρχε
3722 2260 3823 2333 μὶν

2168 2354 2244 2413 εἷς
2300 2356 2407 2407 τῶν
2461 2352 2594 2407 ἔπτὰ
2652 2349 2935 2407 διακόνων.
2987 2352 3087 2405 Ἦν
3142 2347 3198 2405 δὲ
3238 2349 3290 2404 ἐν
3321 2353 3390 2424 τῇ
3423 2347 3585 2403 πόλει
3617 2348 3817 2423 Ἰόππῃ

2165 2441 2448 2516 κηρύττων
2480 2441 2572 2495 τὸν
2602 2440 2861 2516 Χριστόν.
2908 2443 2985 2513 Τῇ
3031 2436 3087 2494 δὶ
3115 2438 3505 2513 παρακελεύσει
3535 2440 3633 2491 τοῦ
3663 2436 3822 2511 ἁγίου

2167 2530 2503 2603 Πνεύματος,
2534 2532 2900 2605 πορευόμενος
2937 2529 3041 2583 ἀπὸ
3082 2535 3182 2598 τῆς
3233 2528 3460 2597 Ἰόππης
3489 2528 3625 2602 πρὸς
3650 2527 3825 2595 Γάζαν

2164 2621 2263 2689 τὴν
2298 2619 2483 2689 πόλιν,
2518 2622 2820 2690 συνήντησε
2848 2623 2928 2690 τῷ
2961 2624 3061 2687 τῆς
3113 2616 3468 2693 βασσιλίσσης
3495 2619 3602 2671 τῶν
3636 2614 3826 2678 Δῖθιό-

2165 2730 2282 2764 πων
2317 2706 2573 2784 δυνάστῃ,
2607 2707 2860 2782 εὐνούχῳ
2891 2710 2985 2781 μὲν
3021 2707 3350 2781 ὑπάρχοντι,
3384 2702 3629 2778 Κανδάκῃ
3661 2700 3719 2758 δὲ
3741 2702 3827 2758 λε-

2162 2799 2405 2873 γομένῳ,
2440 2796 2524 2853 ἐπὶ
2558 2799 2801 2873 ἅρματος
2848 2797 3034 2851 ἳππων
3090 2795 3460 2868 κατεζομένῳ,
3504 2792 3596 2848 καὶ
3626 2792 3828 2867 ἀναγι-

2166 2887 2432 2943 νώσκοντι
2510 2887 2604 2942 τὸν
2685 2887 2974 2962 προφήτην
3055 2882 3300 2942 Ἡσαΐαν·
3360 2883 3450 2938 καὶ
3502 2879 3822 2957 προσελθὼν

2163 2977 2447 3051 ἠρώτησεν
2503 2974 2686 3030 αὐτὸν·
2742 2996 2769 3028 α
2797 2979 2932 3049 Ἀρα
2976 2975 3285 3050 γινώσκεις,
3324 2972 3358 3027 a
3402 2970 3822 3048 ἀναγινώσκεις;

2162 3067 2220 3119 '0
2253 3063 2311 3120 δὲ
2347 3066 2480 3127 εἶπε·
2539 3068 2666 3123 HG):
2724 3064 2783 3121 ἂν
2845 3062 3135 3137 δυναίμην,
3183 3062 3271 3119 ἐὰν
3330 3063 3405 3134 μή
3462 3082 3544 3124 τις
3574 3057 3825 3135 ὁδηγήσῃ

2167 3172 2269 3228 με;
2305 3180 2326 3207 ι
2367 3152 2470 3210 Καὶ
2504 3152 2703 3215 εὐθέως
2744 3147 3058 3206 ἀνεϐίϐασεν
3108 3150 3266 3206 αὐτὸν
3312 3150 3399 3205 ἐπὶ
3428 3153 3524 3203 τοῦ
3554 3150 3822 3222 ἅρματος,

402 3240 565 3311 lippo
598 3240 943 3294 eunuchus:
1003 3237 1157 3294 Edce
1214 3254 1403 3309 aqua;
1464 3239 1607 3308 quid
1654 3239 1931 3310 prohibet
1960 3256 2053 3294 me

2165 3242 2252 3299 καὶ
2330 3240 2727 3315 διηρμήνευσεν
2821 3240 2969 3312 αύτῷ
3071 3242 3204 3315 ἅπερ
3280 3237 3629 3315 ἀνεγίνωσκε,
3731 3236 3819 3291 καὶ

398 3327 730 3399 baptizari?
774 3327 1066 3382 Desiliens
1110 3327 1311 3397 itaque
1362 3343 1432 3381 ex
1481 3343 1680 3393 curru,
1724 3327 2051 3400 baptizatus

401 3422 509 3483 est,
542 3432 737 3487 neque
768 3415 1027 3488 amplius
1057 3414 1203 3470 vidit
1243 3415 1623 3487 Philippum:
1656 3422 1859 3488 raptus
1891 3416 2053 3472 enim

400 3503 550 3560 fuit:
585 3503 688 3559 sed
718 3504 1017 3576 reliquum
1066 3504 1179 3559 iter
1226 3503 1397 3560 laetus
1444 3504 1737 3560 conﬁcere
1769 3505 2049 3578 perrexit.

400 3592 712 3666 Philippus
742 3610 901 3663 vero,
932 3593 1186 3649 Thrallis
1215 3594 1278 3649 in
1327 3594 1464 3649 Asia
1494 3592 1807 3666 episcopus
1837 3593 2051 3663 factus,

396 3682 592 3740 vivere
622 3682 822 3739 desiit.

962 3983 1204 4039 EODEM
1241 3983 1494 4038 HENSE.

981 4124 1085 4178 Die
1126 4122 1478 4179 duodecima

400 4269 555 4325 112
588 4267 1037 4322 Co-mmemoratio
1082 4270 1286 4320 sanctae
1330 4265 1572 4334 septimae
1618 4267 1811 4335 synodi
1841 4272 2051 4323 trecen-

543 4346 722 4395 torum
747 4338 1044 4407 sexaginta
1070 4342 1273 4407 septem
1316 4342 1630 4393 sanctorum
1656 4342 1909 4393 Patrum.

470 4489 682 4545 Sancta
728 4486 952 4558 Optima
997 4482 1364 4541 mcumenica
1412 4482 1674 4555 synodus
1724 4484 1929 4540 Niciam
1959 4501 2055 4540 se-

399 4577 594 4634 cundo
625 4576 832 4633 habita
859 4580 950 4631 est
978 4572 1364 4630 Constantino
1396 4576 1456 4627 et
1502 4573 1672 4627 Irene
1704 4573 1833 4644 ejus
1863 4579 2051 4629 matre

397 4665 853 4738 imperantibus,
906 4669 965 4719 et
1019 4663 1256 4719 Tarasio
1316 4660 1693 4717 sanctissimo
1741 4677 1810 4717 ac
1851 4660 2051 4719 divino

397 4757 569 4810 Patre
598 4758 802 4810 nostro
829 4753 1167 4824 patriarcha
1190 4750 1868 4822 ConstantinOpolitano.
1905 4752 2051 4808 Cum

398 4850 597 4899 autem
659 4842 847 4903 sancti
905 4844 1108 4896 Patres
1165 4856 1414 4896 numero
1467 4840 1716 4895 trecenti
1749 4840 2054 4915 sexaginta

400 4938 651 5003 septem,
676 4931 851 5002 jussu
886 4929 1281 4999 imperatoris,
1316 4927 1597 4982 adversus
1628 4928 2051 4989 Iconomachos

397 5019 837 5085 convenissent,
870 5016 1207 5086 conscripto
1256 5015 1652 5083 anathemate,
1687 5032 1804 5086 quo
1844 5033 2051 5072 omnes

396 5108 653 5164 haereses
703 5110 762 5161 et
818 5103 1263 5171 haeresiarchas,
1297 5102 1596 5173 simulque
1626 5104 2051 5161 Iconomachos

396 5196 776 5261 damnarunt,
810 5209 1017 5249 omnes
1047 5208 1165 5247 uno
1214 5207 1313 5246 ore
1354 5191 1837 5247 conclamavere:
1869 5193 2047 5259 Quis-

398 5287 531 5359 quis
564 5302 760 5341 sacras
786 5282 1073 5355 imagines
1106 5298 1225 5337 non
1264 5280 1426 5350 colit,
1468 5280 1701 5337 alienus
1730 5288 1821 5337 est
1847 5283 1921 5338 ab
1954 5300 2051 5339 or-
2082 5352 2095 5364 __

397 5376 792 5432 thodoxorum
825 5372 978 5428 ﬁde:
1031 5372 1222 5427 honor
1271 5376 1489 5435 autem,
1524 5370 1624 5441 qui
1670 5370 1914 5444 imagini
1944 5373 2048 5429 ha-

397 5466 591 5531 betur,
626 5465 689 5519 in
720 5464 1168 5535 prototypon,ut
1196 5460 1280 5516 ait
1315 5475 1561 5531 magnus
1592 5458 1864 5526 Basilius,
1896 5462 2051 5518 reci-

398 5555 522 5612 dit:
555 5553 658 5625 qui
689 5552 898 5609 adorat
944 5555 1004 5607 et
1051 5551 1307 5607 honorat
1344 5549 1686 5622 imaginem,
1735 5549 1943 5607 adorat
1986 5551 2050 5609 in

399 5660 468 5703 ea
489 5647 550 5700 et
568 5642 822 5699 honorat
843 5641 994 5713 ejus,
1018 5656 1199 5712 quem
1220 5639 1414 5711 imago
1436 5636 1637 5706 refert,
1657 5638 2047 5711 hypostasim.

406 5734 547 5801 Quae
574 5748 709 5789 cum
734 5727 1663 5801 decrevissent,orthodoxamque
1694 5728 1875 5788 ﬁdem
1904 5732 2049 5789 scri-

2164 3329 2450 3407 ὠδήγησεν
2509 3329 2667 3386 αὐτὸν
2728 3330 2803 3392 είς
2862 3331 2963 3399 τὴν
3016 3332 3116 3385 τοῦ
3171 3330 3406 3403 Χριστοῦ
3462 3325 3667 3382 πίστιν.
3718 3324 3822 3381 Καὶ

2160 3421 2405 3497 εὑρόντες
2454 3417 2623 3494 ὕδωρ,
2658 3416 2803 3494 λέγει
2837 3420 2865 3474 ὁ
2899 3418 3164 3493 εὐνοῦχος
3191 3422 3271 3490 τῷ
3302 3414 3588 3487 Φιλίππῳ·
3623 3440 3651 3467 ‹‹
3681 3411 3823 3471 Ἰδοὺ

2167 3508 2339 3587 ὕδωρ,
2370 3509 2423 3564 τί
2451 3507 2655 3564 κωλύει
2691 3529 2756 3581 με
2799 3509 3159 3583 βαπτισθῆναι
3186 3526 3202 3578 ;
3232 3529 3261 3559 »
3311 3504 3418 3563 Καὶ
3447 3500 3685 3565 καταϐὰς
3717 3503 3825 3558 ἀπὸ

2156 3607 2254 3659 τοῦ
2305 3603 2546 3677 ἅρματος
2604 3596 2931 3669 ἐϐαπτίσθη.
2986 3601 3089 3657 Τὸν
3152 3596 3209 3654 δὲ
3266 3596 3547 3653 Φίλιππον
3593 3596 3696 3651 οὐκ
3741 3592 3822 3651 ἔτι

2157 3689 2291 3747 ἴδεν·
2352 3686 2573 3767 ἡρπάγη
2636 3688 2761 3766 γὰρ·
2826 3686 2957 3745 ἀλλ’
3008 3687 3295 3763 ἐπορεύετο
3347 3686 3446 3755 τὴν
3497 3682 3621 3741 ὁδὸν
3653 3684 3824 3740 αὑτοῦ

2158 3781 2397 3856 χαίρων.
2456 3778 2607 3839 Μετὰ
2676 3779 2845 3834 ταῦτα
2904 3779 2933 3833 ὁ
2990 3774 3271 3838 Φίλιππος
3326 3775 3380 3831 ἐν
3440 3771 3666 3849 Θράλλῃ
3719 3780 3820 3844 τῆς

2158 3867 2343 3934 Ἀσίας
2367 3867 2658 3930 ἐπίσκοπος
2681 3866 2999 3945 γενόμενος,
3033 3864 3351 3935 έτελειώθη.

2717 3985 2898 4042 MHNI
2929 3987 3022 4062 T9
3060 3988 3253 4061 ma

2946 4132 3021 4180 IB'

2156 4279 2219 4335 Ἢ
2250 4277 2551 4351 ἀνάμνησις
2599 4283 2699 4347 τῆς
2745 4277 2912 4423 alia:
2941 4269 3212 4404 Ῑξϐδὲμης
3269 4268 3497 4327 συνόδου
3551 4273 3661 4325 τῶν
3711 4271 3819 4339 τὴς

2838 4368 2911 4402 ων
2993 4367 3054 4401 ατ
3088 4366 3220 4419 ρων.

2838 4368 2911 4402 ων
2941 4366 2984 4404 ιι
2993 4366 3220 4419 ατερων.

2224 4493 2285 4545 Ἡ
2341 4489 2469 4564 ἁγία
2519 4483 2730 4561 ἑϐδόμη
2789 4487 2877 4543 καὶ
2939 4485 3291 4561 οίκουμενιιιὴ
3347 4479 3570 4546 σύνοδος
3611 4477 3821 4557 ἐγένετο

2158 4576 2209 4632 έν
2241 4578 2441 4649 Νικαίᾳ
2493 4578 2555 4633 τὸ
2610 4575 2881 4652 δεύτερον,
2921 4575 3008 4631 ἐπὶ
3056 4582 3157 4644 τῆς
3213 4571 3491 4650 βασιλείας
3537 4574 3820 4628 Κωνσταν-

2158 4666 2309 4722 τίνου
2365 4666 2455 4722 καὶ
2509 4666 2752 4742 Εἰρήνης
2804 4668 2903 4735 τῆς
2941 4664 3104 4721 αὐτοῦ
3168 4664 3424 4736 μητέρος·
3474 4661 3822 4735 ὑπάρχοντος

2160 4759 2506 4833 πατριάρχου
2608 4753 3233 4817 Κωνσταντινουπόλεως
3332 4751 3625 4828 Ταρασίου,
3718 4752 3819 4804 τοῦ

2161 4847 2492 4921 ἁγιωτάτου,
2549 4847 2639 4900 καὶ
2698 4845 2961 4921 θεοφόρου
3015 4844 3222 4918 Πατρὸς
3280 4844 3466 4915 ἡμῶν.
3516 4841 3705 4905 Ὀντες
3761 4834 3821 4892 δὲ

2160 4935 2213 4988 οἱ
2271 4936 2412 5008 ἅγιοι
2478 4933 2712 5008 Πατέρες
2767 4933 2861 4987 τὸν
2928 4933 3157 5008 ἀριθμὸν
3220 4931 3526 5006 τριακόσιοι
3594 4926 3822 4997 ἑξηκον-

2158 5024 2383 5092 ταεπτὰ,
2441 5022 2708 5092 συνῆλθον
2758 5021 3011 5079 κελεύσει
3067 5020 3164 5076 τοῦ
3227 5017 3495 5096 βασιλέως
3542 5016 3680 5071 κατὰ
3705 5018 3817 5069 τῶν

2159 5111 2583 5187 Εἴκονομάχων.
2647 5110 2745 5166 Καὶ
2822 5108 3212 5184 ἀνεθεμάτισαν
3284 5107 3568 5185 ἐγγράφως
3642 5108 3817 5159 πᾶσαν

2159 5202 2389 5275 αἳρεσιν,
2449 5202 2540 5256 καὶ
2616 5201 2743 5262 τοὺς
2828 5204 2936 5255 τῶν
3021 5199 3282 5273 αἱρέσεων
3338 5192 3642 5269 ἀρχηγούς·
3705 5194 3820 5247 εἶτα

2158 5289 2248 5344 καὶ
2304 5288 2434 5352 τοὺς
2488 5288 2933 5363 Εἲκονομάχους·
2966 5289 3226 5350 ἅπαντας·
3264 5284 3458 5345 πάντες
3491 5281 3821 5358 ὁμοφρόνως

2159 5377 2419 5440 εἰπόντες·
2480 5379 2562 5434 ὅτι
2621 5380 2683 5435 Ὀ
2736 5379 2831 5439 τὰς
2892 5377 3041 5451 ἁγίας
3102 5375 3312 5438 εἰκόνας
3365 5376 3441 5449 μὴ
3475 5375 3820 5448 προσκυνῶν,

2158 5464 2458 5539 ἀλλότριός
2512 5465 2623 5522 ἐστι
2669 5468 2771 5535 τῆς
2827 5470 2935 5520 τῶν
2982 5461 3292 5536 ὀρθοδόξων
3322 5464 3579 5523 πίστεως·
3612 5460 3707 5514 καὶ
3736 5456 3821 5513 ὅτι

2159 5561 2193 5629 ἡ
2225 5556 2436 5620 εῗκόνος
2492 5559 2656 5630 τιμὴ,
2714 5556 2789 5619 ὡς
2848 5557 2876 5611 ὁ
2938 5556 3107 5630 μέγας
3161 5551 3329 5633 ἔφησε
3387 5551 3698 5620 Βασίλειος,
3730 5548 3820 5604 ἐπὶ

2157 5649 2222 5703 τὸ
2286 5649 2646 5724 πρωτότυεπον
2715 5640 3009 5718 διαϐαίνει,
3064 5646 3127 5704 Ὀ
3182 5644 3283 5722 γὰρ
3338 5645 3658 5719 προσκυνῶν
3714 5639 3816 5707 τὴν

2170 5734 2354 5791 εἰκόνα
2404 5735 2494 5791 καὶ
2549 5740 2750 5810 τιμῶν,
2807 5738 3068 5809 προκυνεῑ
3124 5731 3176 5788 ἐν
3228 5733 3364 5807 αὐτῇ
3438 5730 3530 5787 καὶ
3557 5732 3693 5805 τιμᾷ
3719 5730 3820 5784 τοῦ
