4140 6302
232 419 331 477 105

1801 450 2183 517 OCTOBER.

3602 493 3722 555 106

231 547 666 629 ὲΠραφομὲνου
726 566 854 633 τὴν
893 569 1224 631 ὑπόστασιν.
1258 575 1355 630 Καὶ
1387 576 1527 634 οὕτω
1555 576 1908 654 διαταξάμενο

231 641 304 693 καὶ
353 643 458 696 τήν
531 646 891 696 ὀεῆάδηζηυ
964 660 1151 696 ηιμ...
1208 661 1483 696 ;.,..,..ι....-
1547 663 1906 696 ο-ε....ι.---.--

2030 637 2034 651 λ
2069 592 2170 658 pto
2205 591 2560 666 ﬁrmassent,
2594 606 2770 674 atque
2820 605 3145 672 honoriﬁce
3177 619 3400 690 accepti
3431 620 3504 676 ab
3532 622 3723 696 impe-

231 641 304 693 καὶ
353 643 458 710 τὴν
531 646 891 726 ὀρθόδοξον
964 660 1151 716 πίστιν
1208 661 1483 742 ἐγγράφως
1545 663 1961 744 βεϐαιώσαντες,

237 729 502 808 καὶπαρᾶ
530 742 652 792 τοῦ
709 743 1032 816 βασιλέως
1088 752 1424 825 τιμηθέντες,
1467 753 1688 820 ἕκαστος
1739 759 1813 821 εἷς
1859 762 1960 829 τήν

243 818 425 876 ἑαυτοῦ
456 823 819 902 ἐπισκοπὴν
859 836 1148 909 ἀπελύθη.

873 980 961 1050 Τῇ
1014 975 1149 1048 αὐτῇ
1206 976 1390 1051 ἡμέρᾳ

265 1053 529 1126 Ἃθλησις
589 1064 710 1117 τῶν
780 1063 987 1156 ἁγίων,
1026 1066 1314 1158 μαρτύρων
1375 1068 1612 1147 Πρόϐου,
1671 1075 1950 1152 Ταράχου,

896 1137 991 1192 καὶ
1026 1137 1367 1214 Ἀνδρονίκου

343 1218 408 1275 Ol.
434 1225 591 1294 τρεῖς
624 1222 961 1282 πολύαθλοι
1026 1228 1310 1306 μάρτυρες,
1374 1229 1608 1306 Πρόϐος,
1669 1239 1948 1313 Τάραχος,

279 1307 362 1360 καὶ
422 1307 828 1383 Ἀνδρόνικος,
893 1315 1148 1391 ὑπῆρχον
1205 1320 1301 1392 μὲν
1356 1319 1444 1376 ἐπὶ
1519 1330 1619 1393 τῆς
1674 1307 1950 1400 βασιλείας

286 1395 714 1467 Διοκλητιανοῦ.
753 1407 1081 1478 Χριστιανοί
1113 1405 1170 1462 δὲ
1199 1405 1372 1482 ὄντες,
1429 1412 1517 1466 καὶ
1569 1413 1661 1468 τὸν
1712 1417 1944 1490 Χριστὸν

286 1485 726 1562 ὁμολογοῦντες,
760 1491 1140 1567 ἐκρατήθησαν
1190 1498 1337 1573 παρᾶ
1390 1506 1485 1554 τοῦ
1537 1509 1636 1571 τῆς
1697 1503 1944 1568 Κιλικίας

289 1577 582 1651 ἄρχοντος.
619 1581 724 1634 Καὶ
757 1588 980 1655 πρῶτος
1044 1586 1137 1658 μὲν
1192 1584 1496 1662 συντριϐεὶς
1547 1591 1610 1646 τὸ
1652 1594 1945 1667 πρόσωπον

290 1666 315 1718 ὁ
371 1666 658 1743 Τάραχος,
719 1670 1052 1743 ἀπεκλείσθη
1113 1674 1188 1737 εἷς
1247 1675 1518 1751 φυλακήν.
1589 1666 1846 1757 Δεύτερος
1887 1681 1944 1739 δὲ

285 1757 504 1831 ττι-τεθεὶς
569 1759 599 1811 ὁ
663 1755 902 1831 Πρόϐος,
963 1763 1051 1816 καὶ
1111 1762 1478 1838 σιδηροδεθείς
1537 1755 1808 1844 παρεδόθη
1851 1781 1940 1833 καὶ

287 1844 446 1906 αὐτὸς
476 1850 548 1919 τῇ
610 1846 856 1923 φυλακῇ.
905 1853 1005 1907 Καὶ
1063 1851 1244 1928 τρίτος
1302 1857 1330 1910 ὁ
1387 1858 1536 1931 ἅγιος
1595 1858 1943 1934 Ἀνδρόνικος

282 1935 530 2009 τυφθεὶς,
562 1937 816 2000 καὶτοὺς
851 1942 1061 2014 μηροὺς
1118 1942 1258 2016 ξίφει
1313 1949 1636 2020 χαραχθεὶς,
1696 1950 1784 2004 καὶ
1840 1952 1935 2013 τὰς
1968 1952 2015 2015 Β

281 2021 528 2096 πλευρὰς
589 2026 812 2095 ξεσθεῖς,
871 2029 961 2083 καὶ
1051 2033 1184 2102 μετά
1240 2037 1337 2087 τοῦ
1378 2034 1578 2098 ἅλατος
1633 2035 1938 2112 ἀνατριϐεἱς

279 2108 554 2183 ἐνεϐλήθη
595 2115 731 2187 μετὰ
758 2121 863 2169 τῶν
894 2118 1101 2172 λοιπῶν
1161 2121 1238 2185 εἰς
1287 2123 1385 2191 τήν
1437 2125 1603 2195 αὐτὴν
1661 2108 1932 2205 φυλακήν.

280 2203 411 2256 Εἶτα
444 2202 556 2256 ἀπὸ
618 2202 870 2267 Κιλικίας
918 2203 1156 2271 δεθέντες
1207 2208 1460 2285 ἤχθησαν
1515 2214 1592 2277 εἷς
1675 2202 1934 2292 Μοψουε-

276 2291 455 2348 στίαν.
491 2293 599 2348 Καὶ
651 2294 726 2364 μή
777 2297 1080 2361 πεισθέντες
1135 2299 1463 2375 ἀρνήσασθαι
1518 2305 1610 2359 τὸν
1669 2310 1932 2382 Χριστὸν,

275 2380 448 2434 πάλιν
516 2377 968 2454 ἐϐασανίσθησαν.
1029 2387 1089 2444 Ὀ
1147 2389 1243 2460 μὲν
1325 2391 1580 2467 Τάραχος
1633 2397 1695 2451 τὸ
1727 2377 1932 2470 ἰστόμα

273 2470 658 2541 συνθλασθεὶς,
748 2473 839 2527 καὶ
921 2475 1020 2541 τὴν
1110 2476 1355 2552 κεφαλήν
1410 2483 1690 2554 ξυρισθείς.
1768 2487 1824 2538 Ὁ
1875 2484 1932 2542 δὲ

273 2555 628 2630 Ἀνδρόνικος
682 2561 785 2628 τήν
843 2564 1078 2648 γαστέρα
1159 2561 1383 2641 ῥάϐδοις
1462 2571 1699 2648 τυφθείς,
1759 2575 1815 2628 Ὀ
1873 2572 1930 2630 δὲ

272 2643 493 2718 Πξόὸος
553 2648 693 2720 μιτά
741 2646 1014 2706 σουϐλίων
1073 2657 1481 2730 πεπυρωμένων
1541 2643 1635 2724 τὰς
1703 2665 1926 2738 μασχά-

277 2733 399 2803 λας,
461 2736 556 2791 καὶ
616 2739 688 2792 τὰ
743 2738 854 2812 ψύα
903 2743 1210 2805 κατακαείς.
1273 2746 1376 2802 Καὶ
1429 2747 1686 2812 πλείονας
1716 2753 1925 2808 τούτων

277 2823 549 2896 βασάνους
600 2826 1010 2900 ὑπομείναντες,
1042 2829 1260 2905 ὕστερον
1293 2833 1817 2912 ἀπεκεφαλίσθησαν.

851 2964 933 3037 Τῇ
984 2965 1122 3040 αὐτῇ
1175 2967 1357 3041 ἡμέρᾳ

339 3055 616 3124 Ἀθλησις
671 3060 772 3124 τῆς
835 3057 990 3134 ἁγίας
1050 3056 1318 3137 μᾴρτυρος
1372 3061 1722 3129 Ἀναστασίας
1751 3073 1850 3137 τῆς

954 3149 1061 3202 παρ
1069 3131 1245 3193 eam".

337 3215 403 3270 Ἥ
450 3213 663 3286 μάρτυς
718 3220 816 3271 τοῦ
869 3217 1107 3293 Χριστοῦ
1163 3221 1488 3294 Αναστασία,
1546 3223 1766 3302 ὑπῆρχε
1825 3229 1920 3301 μὲν

261 3302 350 3356 ἐπὶ
377 3310 478 3373 τῆς
539 3303 825 3377 βασιλείας
884 3307 1072 3362 Δεκίου
1128 3309 1216 3364 καὶ
1275 3311 1666 3387 Οὔαλεριανοῦ,
1732 3316 1790 3371 ἐκ
1817 3321 2042 3394 τῇςβί

260 3391 479 3456 πόλεως
509 3395 760 3468 Ῥώμης.
792 3396 894 3452 Ἦν
929 3393 986 3451 δὲ
1047 3397 1371 3471 μονάζουσὰ,
1431 3404 1564 3475 μετᾶ
1591 3404 1679 3462 καὶ
1711 3404 1907 3480 έτέρων

259 3482 568 3556 παρθένων,
653 3484 706 3538 ἐν
771 3487 1120 3558 μοναστηρίῳ
1170 3489 1296 3544 τινί.
1358 3485 1632 3564 Διεϐληθη
1693 3492 1786 3548 οὗν
1833 3500 1914 3567 τῷ

261 3568 513 3645 ἄρχοντι.
568 3577 629 3629 Ὁ
691 3569 748 3628 δὲ
806 3575 1155 3647 ἀποστείλας,
1235 3580 1435 3654 ἤγαγεν
1521 3581 1688 3652 αὐτὴν
1773 3585 1910 3656 πρὸς

261 3659 448 3715 ἑαυτὸν
486 3664 623 3732 μετᾶ
675 3662 869 3718 κλοιοῦ
919 3661 1166 3740 σιδηροῦ·
1225 3669 1310 3722 καὶ
1373 3675 1623 3733 σταθεῖσα
1700 3671 1908 3748 ἔμπρο-

263 3762 379 3813 σθεν
411 3755 510 3804 τοῦ
553 3748 850 3826 ἄρχοντος,
902 3753 992 3807 καὶ
1055 3753 1406 3830 ἐρωτηθεῖσα,
1462 3758 1792 3835 ὡμολόγησε
1846 3764 1907 3818 τὸ

263 3838 435 3912 ὄνομα
462 3846 563 3896 τοῦ
594 3845 853 3915 Χριστοῦ.
891 3846 992 3898 Καὶ
1040 3844 1292 3901 τύπτεται
1337 3847 1414 3910 εἰς
1469 3849 1532 3904 τὸ
1589 3852 1904 3923 πρόσωπον

263 3930 347 3983 καὶ
407 3936 738 4004 γυμνοῦται·
799 3933 889 3986 καὶ
948 3933 1051 3988 ὑπὸ
1103 3937 1273 4009 πυρὸς
1329 3937 1691 3995 nummis-car
1754 3941 1903 4020 ἐπιρ-

265 4015 601 4092 ῥαινομένων
658 4019 838 4075 ἐπάνω
896 4023 1066 4092 αὐτῆς
1129 4024 1326 4095 πίσσης
1403 4026 1491 4081 καὶ
1569 4027 1754 4085 ἐλαίου
1812 4035 1898 4088 καὶ

257 4109 500 4186 Θεαςιίου.
535 4110 672 4167 Εἶτα
700 4119 962 4186 κρεμίται
996 4111 1046 4167 ἐν
1090 4119 1167 4186 τῷ
1197 4114 1367 4188 ξύλῳ.
1403 4118 1503 4173 Καὶ
1536 4122 1901 4196 στρεφομένου

253 4203 345 4252 τοῦ
378 4200 696 4273 στυρακίου,
733 4198 941 4275 ἔτριζον
998 4203 1066 4257 τὰ
1128 4202 1258 4258 ὀστᾶ
1312 4204 1502 4275 αὐτῆς.
1587 4211 1715 4266 Εἶτα
1753 4212 1898 4268 ἀπο·-

255 4286 501 4360 τέμνεται
534 4289 666 4351 τοὺς
726 4287 822 4344 δύο
876 4292 1045 4356 αὐτῆς
1099 4294 1358 4366 μασθοὺς,
1391 4295 1481 4350 καὶ
1536 4297 1663 4361 τοὺς
1695 4296 1896 4376 ὄνυχας

255 4377 687 4436 ἀνασπᾶται.Καῖ
723 4379 858 4451 μετὰ
884 4384 1052 4434 ταῦτα
1077 4379 1332 4438 κόπτεται
1379 4383 1476 4448 τὰς
1526 4384 1623 4441 δύο
1680 4395 1890 4465 χεῖρας.

250 4467 382 4524 Εἶτα
409 4470 540 4530 τοὺς
573 4466 672 4523 δύο
705 4467 894 4531 πόδαςο
954 4470 1042 4525 καὶ
1100 4470 1405 4548 έκριζοῦται
1457 4475 1586 4540 τοὺς
1643 4477 1889 4546 ὀδόντας·

2071 684 2267 735 ratore
2296 692 2518 756 essent,
2550 690 2612 744 in
2671 709 2844 750 suum
2876 698 3128 770 quisque
3157 688 3563 779 episcopatum
3595 731 3724 770 sese

2065 770 2315 841 recepit.

2713 1007 2930 1065 Eodem
2963 1011 3058 1067 die

2059 1081 2213 1137 I13
2238 1085 2522 1144 Certamen
2577 1101 2887 1182 saactoram
2941 1110 3246 1182 martyrum
3299 1111 3485 1182 Probi,
3541 1118 3713 1176 Tara-

2618 1166 2728 1233 chi,
2760 1175 2812 1224 et
2838 1166 3157 1234 Andronici.

2128 1243 2372 1314 Probus,
2402 1249 2696 1309 Tarachus
2747 1262 2804 1312 et
2859 1260 3258 1338 Andronicus,
3289 1274 3409 1326 tres
3438 1274 3708 1346 pluribus

2052 1328 2320 1404 insignes
2351 1342 2776 1400 certaminibus
2796 1353 3106 1422 martyres,
3138 1356 3500 1419 Diocletiano
3522 1366 3707 1439 impe-

2051 1424 2268 1492 ratore,
2294 1426 2453 1494 quod
2484 1429 2801 1489 Christiani
2847 1446 3064 1510 essent,
3096 1443 3513 1522 Christumque
3530 1424 3708 1525 prbﬁ-

2052 1515 2340 1579 terentur,
2375 1520 2787 1588 comprehensi
2821 1542 2855 1580 a
2884 1527 3100 1586 Cilicxa:
3149 1535 3446 1611 praefecto,
3479 1544 3706 1613 primus

2049 1599 2289 1667 quidem
2321 1603 2616 1663 Tarachus
2649 1611 2914 1684 colaphis
2955 1625 3238 1678 contusus
3285 1626 3348 1682 in
3408 1646 3705 1690 carcerem

2047 1688 2381 1758 conjicitur.
2418 1695 2640 1752 Deinde
2674 1701 2898 1758 Probus
2929 1706 3104 1781 virgis
3136 1728 3343 1783 caasus,
3377 1717 3705 1794 ferreisque

2047 1777 2270 1831 catenis
2302 1784 2684 1853 constrictus,
2717 1793 3000 1849 custodias
3025 1777 3304 1857 traditur.
3338 1805 3530 1863 Tertio
3565 1829 3704 1869 san-

2045 1868 2172 1919 ctus
2207 1868 2580 1929 Andronicus
2613 1893 2747 1932 cum
2806 1883 3162 1958 vapulasset,
3197 1891 3447 1964 ejusque
3475 1898 3702 1958 femora

2047 1953 2242 2025 gladio
2274 1957 2574 2017 lancinata
2600 1974 2885 2036 essent,et
2915 1971 3099 2030 latera
3130 1953 3698 2054 exc'arnificataﬁale

2041 2048 2409 2114 aspersus,in‘
2439 2053 2711 2110 eumdem
2753 2075 2878 2114 cum
2903 2063 3151 2134 reliquis
3183 2085 3478 2129 carcerem
3504 2078 3697 2136 inclu-

2042 2131 2224 2190 ditur.
2266 2138 2406 2192 Post
2434 2139 2560 2196 haec
2589 2161 2623 2198 a
2652 2145 2854 2204 Cilicia
2875 2131 3292 2224 Mopsuestiam
3315 2131 3634 2236 ducti,cum
3657 2188 3691 2228 a

2039 2221 2253 2277 Christi
2311 2228 2683 2288 confessione
2715 2236 2998 2295 dimoveri
3030 2260 3152 2301 non
3184 2259 3450 2323 possent,
3481 2275 3688 2332 rursus

2039 2315 2676 2383 excruciati,Tarachus
2707 2329 2947 2397 quidem
2979 2350 3080 2389 ore
3105 2344 3372 2408 contuso,
3407 2349 3466 2399 et
3495 2351 3686 2421 capite

2040 2400 2166 2421 -‘L__
2310 2407 2322 2421 Α
2406 2407 2420 2421 ‘
2545 2412 2554 2421 '

3359 2400 3370 2408 .
3507 2400 3593 2421 κ-ςτ
3609 2400 3684 2408 --ν

2037 2400 2246 2460 abraso
2264 2421 2277 2472 ;
2293 2407 2665 2468 Andronicus
2688 2423 2885 2476 autem
2901 2439 3050 2478 caeso
3072 2427 3436 2500 scipionibus
3458 2443 3689 2508 ventre;

2038 2488 2078 2508 11
2152 2491 2166 2508 1
2580 2505 2586 2508 ‘
2639 2503 2652 2508 ⁸
2729 2505 2737 2508 ⁸

2035 2488 2260 2548 Probus
2305 2513 2438 2552 vero
2496 2503 2774 2560 ustulatis
2799 2488 3190 2571 candentibus
3223 2488 3691 2586 subulisvamllis

2033 2576 2372 2654 lumbisque
2396 2602 2409 2654 ;
2435 2589 2640 2645 multis
2669 2592 2910 2653 demum
2941 2601 3073 2658 aliis
3105 2607 3463 2682 cruciatibus
3483 2630 3690 2684 omnes

2032 2670 2243 2739 vexati,
2278 2675 2467 2744 capite
2497 2679 2858 2748 plectuntur.

2683 2996 2904 3055 Eodem
2936 3000 3030 3057 die

2029 3073 2188 3130 114
2244 3077 2526 3135 Certamen
2606 3093 2830 3172 sanctaa.
2886 3095 3152 3173 martyris
3205 3098 3518 3159 Anastasio;
3567 3107 3681 3161 vir-

2774 3176 2939 3227 gims.

2099 3253 2413 3313 Anastasia
2487 3259 2701 3317 Christi
2745 3273 2990 3338 martyr,
3049 3272 3222 3330 Decio
3277 3282 3335 3332 et
3371 3281 3680 3341 Valeriano

2049 3345 2504 3415 mperatoribus,
2538 3367 2607 3404 ex
2627 3351 2772 3408 urbe
2797 3356 2974 3412 Roma
3005 3359 3134 3429 fuit,
3171 3370 3564 3426 monasticam
3595 3375 3680 3428 vi-

2021 3430 2139 3482 tam
2172 3447 2306 3486 cum
2337 3433 2470 3490 aliis
2504 3438 2826 3510 virginibus
2884 3445 2945 3500 in
2996 3450 3254 3518 quodam
3311 3462 3676 3515 monasterio

2023 3533 2220 3602 agens.
2255 3522 2445 3585 Quare
2475 3526 2548 3579 ad
2571 3529 2912 3596 praefectum
2946 3535 3160 3603 delata,
3195 3541 3325 3611 ejus
3347 3545 3522 3616 jussu
3554 3550 3679 3604 col-

3149 3596 3159 3603 ,
3223 3596 3244 3611 ,,
3308 3596 3317 3597 κ
3347 3596 3522 3616 σπη-
3557 3596 3646 3604 νε-

2020 3605 2128 3660 lari
2154 3596 2342 3664 ferreo
2360 3615 2679 3671 constricta
2704 3619 2777 3672 ad
2808 3621 2999 3690 ipsum
3029 3626 3346 3686 adducitur
3369 3635 3471 3689 :ad
3503 3639 3674 3710 cujus

2019 3704 2399 3766 conspectum
2423 3719 2556 3756 cum
2590 3707 3034 3780 stetisset,quod
3064 3704 3669 3791 interrogata,Christi

2016 3799 2237 3839 nomen
2268 3789 2539 3844 confessa
2569 3800 2743 3860 esset,
2776 3797 3040 3868 colaphis
3071 3805 3318 3861 caeditur
3351 3825 3364 3863 :
3398 3815 3523 3867 tum
3555 3830 3672 3868 nu-

2015 3871 2170 3937 data,
2201 3873 2466 3944 subjecto
2499 3879 2632 3950 igne
2661 3883 3016 3955 amburitur,
3064 3890 3290 3962 liquata
3340 3898 3491 3968 pice,
3538 3901 3670 3959 oleo

2011 3975 2080 4015 ac
2112 3961 2397 4032 sulphure
2428 3969 2976 4038 superinfusis.Mox
2999 3978 3061 4034 in
3079 3961 3398 4052 equuleuin
3422 3961 3669 4048 sublata;

2012 4065 2148 4105 ossa
2175 4053 2396 4123 omnia,
2440 4073 2720 4114 converso
2754 4061 2976 4130 hastili,
3011 4070 3492 4144 confringuntur.
3527 4081 3669 4136 Post

2008 4137 2135 4193 haec
2158 4140 2346 4196 ambas
2377 4146 2659 4201 mamillae
2691 4149 2744 4204 ei
2762 4151 3213 4226 abscinduntur,
3231 4178 3460 4234 ungues
3477 4173 3668 4225 extra-

2009 4225 2249 4293 huntur,
2282 4235 2530 4304 utraque
2552 4251 2766 4293 manus
2786 4249 3148 4316 amputatur,
3180 4264 3247 4306 ac
3279 4251 3488 4310 dentes
3509 4259 3661 4315 evel-

2006 4313 2494 4377 luntur.Tandem
2528 4330 2664 4396 post
2691 4329 2911 4386 multos
2942 4334 3092 4390 alios
3123 4313 3437 4412 cruciatus,
3463 4313 3658 4417 gladio

2004 4404 2185 4460 ﬁnem
2217 4412 2480 4481 accepit:
2513 4419 2690 4485 atque
2741 4418 2822 4475 ita
2882 4423 3157 4492 spiritum
3197 4444 3372 4485 suum
3401 4433 3656 4492 Domino

2001 4493 2262 4553 tradidit.

249 4558 336 4609 καὶ
368 4559 557 4631 ἒτέρας
589 4559 861 4632 τιμωρίας
904 4559 1121 4623 πολλὰς
1182 4562 1533 4638 ὑπομείνασα,
1593 4567 1906 4629 τελευταῖον
1936 4578 1998 4632 τὸ
2031 4577 2327 4661 διάξίφους
2359 4583 2576 4662 δέχεται
2633 4591 2809 4657 τέλος.
2867 4597 2965 4650 Καὶ
3006 4599 3180 4662 οὕτως
3233 4603 3517 4680 παρέδωκε
3597 4611 3660 4667 τὸ

252 4651 456 4680 amr“...
489 4650 659 4680 ..ζ-νζ-
690 4647 768 4680 -.ἶ
791 4649 973 4680 11....ἰ.-.

252 4651 457 4721 πνεῦμα
487 4650 659 4713 αὗτῆς
689 4647 769 4721 τῷ
790 4649 996 4725 Κυρίῳ.

843 4771 920 4840 τῇ
953 4767 1090 4841 αὐτῇ
1120 4767 1320 4843 ἡμέρᾳ.
1923 4791 1970 4856 ι)

455 4853 735 4925 ’Δθλησις
762 4862 861 4925 τῆς
887 4857 1044 4931 ἁγίας
1079 4856 1350 4932 μάρτυρος
1380 4861 1672 4934 Δομνίνης.

313 4943 376 5001 Ἡ
439 4946 650 5019 μάρτυς
707 4948 804 4998 τοῦ
865 4948 1102 5019 Χριστοῦ
1175 4953 1412 5021 Δομνῖνα
1493 4951 1733 5028 ὑπῆρχεν
1801 4956 1889 5014 ἐπὶ

2638 4798 2856 4855 Eodem
2916 4803 3011 4859 die

2142 4881 2291 4938 115
2329 4882 2611 4940 certamen
2664 4897 2867 4945 sancta:
2909 4900 3169 4966 martyris
3200 4902 3504 4958 Domninm.

2071 4967 2364 5027 Domnina
2377 4973 2593 5029 Christi
2619 4985 2865 5052 martyr,
2889 4983 3248 5044 Diocletiano
3268 4991 3650 5065 imperatore,

247 5031 648 5102 Διοχλητιανοῦ
695 5031 974 5095 Βασιλέως
1006 5032 1065 5088 ἐκ
1110 5035 1209 5102 τῆς
1252 5032 1591 5111 Ἀναζάρϐιου
1649 5042 1887 5111 πόλεως·

244 5118 512 5197 ἐκρατήθη
548 5120 628 5195 δὲ,
671 5123 745 5184 ὡς
777 5124 1100 5197 Χριστιανὴ,
1149 5125 1295 5200 παρὰ
1327 5123 1540 5200 δημίων
1574 5128 1885 5205 Ἐλλήνων.

243 5212 338 5264 Καὶ
366 5213 613 5286 παρέστη
644 5216 724 5284 τῷ
770 5211 1042 5288 κριτηρίῳ
1097 5213 1299 5270 Λυσίου
1357 5219 1457 5270 τοῦ
1514 5214 1728 5283 δουκος.
1786 5224 1885 5280 Καὶ

244 5297 634 5373 ὁμολογήσασα
705 5301 842 5373 μετὰ
898 5300 1204 5377 παρῥησίας
1261 5295 1493 5358 ἕνώπιον
1551 5305 1766 5364 πάντων
1821 5314 1884 5368 τὸ

244 5383 409 5459 ἔνομα
465 5392 566 5443 τοῦ
623 5390 825 5465 Κυρίου
873 5391 1039 5461 ἡμῶν
1089 5392 1269 5460 Ἰησοῦ
1309 5394 1546 5466 Χριστοῦ
1601 5396 1690 5452 καὶ
1751 5402 1878 5456 Θεὸν

242 5474 496 5546 ἀληθινὸν
558 5479 717 5533 αὐτὸν
770 5479 1028 5547 εἰποῦσα,
1086 5479 1174 5533 καὶ
1232 5485 1478 5551 Ποιητην
1533 5489 1630 5538 τοῦ
1677 5490 1878 5555 παντὸς

236 5565 352 5631 τοὺς
406 5566 467 5623 δὲ
520 5572 626 5623 τῶν
699 5567 999 5637 Ἑλλήνων
1053 5567 1202 5631 θεοὺς
1262 5568 1476 5643 ψευδεῖς
1531 5573 1877 5652 ἀποδείξασα,

237 5658 312 5708 καὶ
377 5656 572 5722 λίθους
626 5660 714 5714 καὶ
779 5656 949 5731 ξύλα,
1003 5657 1093 5712 καὶ
1164 5660 1364 5734 σαθρὰν
1409 5659 1563 5729 ὅλην·
1623 5667 1878 5730 τύπτεται

1997 5057 2059 5112 in
2072 5057 2217 5114 urbe
2235 5061 2536 5119 Anazarbo
2553 5071 2878 5140 nata,quod
2893 5073 3228 5135 Christiana
3249 5057 3423 5155 esset,
3441 5101 3475 5140 a
3491 5057 3655 5141 licto;

1995 5146 2162 5202 ribus
2215 5150 2430 5206 Gracis
2471 5158 2924 5231 comprehensa,
2959 5165 3186 5222 sistitur
3241 5168 3428 5242 Lysia;
3485 5173 3654 5231 ducis

1995 5236 2570 5314 tribunali.Cumque
2588 5248 2821 5304 Domini
2844 5254 3032 5307 nostri
3048 5255 3183 5311 Jesu
3196 5236 3410 5316 Christi
3434 5279 3656 5321 nomen

1996 5323 2181 5382 libere
2213 5344 2413 5385 coram
2432 5333 2710 5390 omnibus
2729 5340 3132 5413 proﬁteretur,
3151 5345 3323 5404 illum
3345 5351 3652 5410 affirmans

1991 5430 2194 5470 verum
2217 5418 2402 5474 Deum
2434 5437 2584 5490 esse,
2620 5426 3005 5504 universique
3034 5435 3438 5510 Conditorem,
3469 5442 3654 5502 falsos

1991 5509 2188 5559 autem
2221 5507 2556 5566 Graecorum
2588 5511 2752 5582 deos,
2780 5515 3008 5589 lapides
3041 5538 3169 5579 esse
3218 5529 3559 5602 ostendens,
3595 5535 3654 5588 et

1993 5592 2172 5665 ligna,
2204 5601 2262 5651 et
2285 5603 2521 5668 putrem
2571 5606 2901 5672 materiam,
2936 5611 3349 5672 crudelissime
3380 5622 3648 5695 caeditur,

1993 5682 2292 5755 pedesque
2324 5687 2487 5744 illius
2545 5693 2939 5753 candentibus
2997 5700 3226 5758 subulis
3265 5682 3647 5770 aduruntur;

504 5777 763 5840 ΡΑτιιοι..
817 5778 944 5837 Gn.
990 5775 1214 5840 CXVII.

3323 5821 3360 5879 4
