4132 6328
479 408 598 469 10⁵7

1795 402 2234 468 MENOLOGII
2277 405 2489 468 PARS
2532 405 2582 467 l.

3776 420 3890 482 108

480 571 697 630 deinde
727 571 790 626 in
834 585 1134 626 carcerem
1191 568 1529 641 conjicitur.
1563 567 1676 623 Sed
1704 568 1924 623 iterum
1983 582 2137 638 quae-

2250 562 2522 636 ἀνηλεῶς,
2577 568 2666 623 καὶ
2744 569 2879 641 μετὰ
2934 567 3206 629 σουϐλίων
3291 575 3701 650 πεπυρωμένων
3761 581 3892 645 τοὺς

479 662 657 719 stioni
691 660 977 732 subjecta,
1013 658 1382 729 scipionibus
1413 658 1704 713 acerrime
1745 657 2092 712 verberatur
2126 671 2140 710 :

481 753 555 807 ad
615 752 740 805 haec
796 748 1014 821 singuli
1047 748 1452 802 membrorum
1483 753 1647 802 artus
1696 746 2021 818 forcipibus
2052 744 2141 800 illi

482 842 782 907 luxantur,
816 854 1142 908 rursusque
1172 838 1234 891 in
1261 837 1597 892 custodiam
1636 835 1968 891 includitur
2001 851 2014 890 :
2075 835 2138 889 in

486 947 606 1002 qua
629 945 765 985 cum
791 932 1008 992 oraret,
1037 932 1096 981 et
1149 926 1367 998 gratias
1414 927 1532 981 Deo
1596 931 1815 998 ageret,
1860 942 1968 996 pro
2024 938 2140 994 quo

486 1021 665 1076 etiam
694 1016 1046 1088 martyrium
1080 1015 1338 1078 subibat,
1362 1015 1603 1070 beatum
1635 1016 1913 1086 spiritum
1938 1012 2140 1069 reddi-

492 1110 580 1164 dit
613 1126 626 1164 :
658 1106 928 1177 reliquiae
960 1120 1100 1161 vero
1135 1105 1262 1176 ejus
1294 1105 1620 1160 honoriﬁce
1650 1103 1924 1175 sepulcro
1956 1103 2140 1158 illatae

486 1200 646 1254 Sunt.

1052 1376 1293 1430 EODEM
1319 1373 1571 1428 MENSE.

1038 1490 1141 1546 Die
1173 1490 1405 1545 decima
1429 1487 1608 1543 tertia

481 1613 521 1667 1
536 1614 574 1666 1
589 1611 636 1666 0
688 1611 970 1666 Certamen
994 1615 1309 1663 sanctorum
1332 1612 1646 1675 martyrum
1696 1603 1884 1673 Carpi,
1917 1600 2140 1673 Papyli,

698 1689 749 1736 et
778 1683 1050 1736 sociorum
1082 1678 1434 1748 Agathodori
1464 1684 1516 1730 et
1549 1676 1925 1747 Agathonicae.

559 1852 755 1908 Sancti
787 1855 1080 1922 martyres
1107 1850 1331 1920 Carpus
1364 1851 1422 1902 et
1450 1844 1707 1917 Papylus
1738 1844 1913 1900 Decio
1952 1844 2143 1916 impe-

2238 652 2410 718 πόδας
2492 653 2812 717 διακαίεται.
2871 660 3006 716 Εἶτα
3076 662 3155 726 εἷς
3223 663 3473 740 φυλακὴν
3531 663 3889 740 ἐμϐάλλεται.

2241 747 2420 798 Στᾶσα
2470 743 2528 799 δὲ
2604 745 2769 802 πάλιν
2830 749 2908 812 εἰς
2991 748 3240 827 δευτέραν
3323 753 3579 826 ἐξέτασιν,
3635 756 3888 815 τύπτεται

2244 833 2379 923 μετὰ
2414 829 2650 909 ῥαϐδίων
2686 838 2950 914 ἱσχυρῶςσ
3001 842 3088 896 καὶ
3154 842 3502 918 ἐξαρθροῦται
3562 842 3651 901 διὰ
3698 848 3890 923 χειρο-

2245 916 2436 1013 λ-άϐων
2480 924 2548 979 τὰ
2608 925 2780 1002 ἂρθρα
2832 933 2940 982 τῶν
3003 929 3208 1002 μελῶν.
3270 916 3368 987 Kal
3426 932 3590 989 πάλιν
3644 916 3887 1013 ῥίπτεται

2243 1009 2321 1073 εἰς
2349 1008 2621 1088 φυλακήν.
2656 1016 2764 1071 Καὶ
2808 1015 2860 1070 ἐν
2918 1016 3054 1091 αὐτῇ
3115 1018 3270 1091 οὖσα,
3322 1008 3740 1097 εύχαριστούσα,
3799 1027 3888 1082 καὶ

2243 1100 2688 1175 προσευχομένη,
2770 1105 3035 1179 παρέθετο
3092 1112 3173 1180 τῷ
3235 1113 3372 1181 Θεῷ,
3463 1112 3596 1187 ὑπὲρ
3679 1111 3742 1169 οὗ
3797 1118 3887 1170 καὶ

2247 1188 2609 1277 ἐμαρτύρησε,
2665 1195 2766 1263 τὴν
2831 1195 3098 1272 μακαρίαν
3185 1199 3375 1269 αὐτῆς
3429 1204 3639 1277 ψυχήν.
3698 1206 3774 1260 Τὸ
3832 1203 3891 1260 δὲ

2246 1275 2500 1352 λείψανον
2534 1283 2704 1352 αὐτῆς
2732 1282 2901 1360 ἒτάφη
2935 1286 3195 1360 ἐντίμως.

2806 1403 2985 1460 MHNI
3013 1407 3096 1458 ΤΩ
3127 1409 3327 1463 ΑΥΤΩ.

3044 1495 3142 1550 ll“.

2245 1601 2514 1688 Ἅβλησις
2572 1609 2680 1688 τῷν
2738 1606 2936 1688 ,ᾀγίωνι
3005 1610 3325 1688 μαρτύρων,
3406 1612 3651 1688 Κάρπου,
3711 1616 3896 1672 Παπύ-

2318 1673 2478 1764 look
2525 1676 2617 1764 καὶ
2698 1673 2809 1733 τῶν
2890 1673 3016 1735 σὺν’
3063 1673 3250 1746 άύτὸῖς
3300 1673 3704 1764 ’Ἅγαθρδώρου
3796 1689 3894 1745 καὶ

2320 1747 2543 1820 Ἀγαθον
2553 1747 2638 1818 ίκη
2649 1769 2693 1810 ς,

2319 1835 2387 1924 Οἱ
2418 1836 2568 1910 ἅγιοι
2604 1836 2870 1914 μάρτυρες
2903 1841 3127 1916 Κάρπος
3175 1844 3266 1899 καὶ
3324 1845 3584 1909 Πάπυλος
3640 1849 3895 1924 ὑπῆρχον

482 1949 678 1999 ratore
713 1942 1063 1996 ﬂoruerunt.
1124 1940 1196 1992 Et
1225 1941 1466 1992 sanctus
1497 1934 1738 2006 quidem
1765 1935 1986 2005 Carpus
2012 1933 2137 2005 epi-

2248 1921 2341 1978 ἐπὶ
2400 1924 2591 1980 Δεκίου
2617 1931 2717 1982 τοῦ
2751 1928 3039 2003 βασιλέως.
3073 1932 3235 1989 Καὶὸ
3297 1935 3392 2006 μὶν
3452 1937 3613 2011 ἅγιος
3667 1921 3894 2012 Κάρπος

481 2048 694 2103 scopus
723 2029 1139 2102 Thyatirorum
1160 2026 1273 2082 fuit
1297 2044 1311 2091 ;
1332 2024 1587 2097 Papylus
1610 2029 1807 2079 autem
1827 2023 2130 2080 diaconus.

479 2121 905 2194 Comprehensi
937 2125 1136 2176 autem
1165 2118 1237 2173 ab
1268 2118 1422 2172 Asiae
1452 2115 2132 2189 praefecto,interrogati-

477 2229 617 2286 que,
649 2212 866 2267 Christi
897 2210 1132 2266 Domini
1163 2224 1383 2264 nomen
1413 2208 1475 2262 in
1506 2212 1827 2277 conspectu
1867 2206 2134 2261 omnium

478 2301 733 2358 confessi
764 2305 942 2356 sunt:
969 2300 1244 2371 jussique
1275 2296 1450 2352 idolis
1482 2296 1817 2363 immolare,
1846 2296 2138 2366 imperata

478 2392 673 2447 facere
701 2392 1077 2445 recusarunt.
1107 2388 1297 2452 Quare
1320 2384 1591 2458 alligatos
1621 2384 1695 2439 ad
1726 2399 2135 2455 equos,usque

444 2492 447 2495 '
481 2481 556 2537 ad
589 2478 799 2535 Sardes
830 2477 1037 2533 urbem
1066 2493 1187 2549 prae
1219 2492 1280 2531 se
1303 2476 1508 2548 egit,et
1526 2474 1781 2546 raptavit
1801 2471 2133 2544 praefectus,

482 2570 684 2640 ibique
715 2569 777 2622 in
809 2567 1128 2639 equuleum
1160 2570 1322 2621 actos
1364 2562 1773 2620 excarniﬁcari
1816 2561 2134 2617 mandavit.

485 2658 896 2731 Agathodorus
926 2662 1124 2712 autem
1158 2660 1501 2710 sanctorum
1525 2669 1745 2723 servus,
1777 2651 1913 2707 illos
1934 2667 2137 2722 prose-

486 2753 679 2815 cutus,
712 2746 919 2802 tandiu
982 2749 1311 2815 torquetur,
1363 2743 1550 2798 donec
1604 2741 1907 2814 expiravit.
1960 2741 2137 2796 Porro

485 2838 708 2909 Carpus
740 2852 873 2891 cum
905 2835 967 2889 in
999 2833 1252 2904 equuleo
1285 2832 1638 2902 subrideret,
1672 2835 1908 2904 rogatus
1939 2847 1974 2885 a
1998 2847 2143 2901 prai-

482 2928 658 2996 fecto,
691 2927 864 2997 cujus
887 2940 1066 2980 causa
1095 2923 1153 2978 id
1183 2923 1426 2993 faceret,
1456 2921 1787 2993 respondit,
1818 2936 1880 2975 se
1912 2919 2138 2974 exhila-

482 3021 680 3072 ratum
711 3031 862 3081 esse,
895 3013 1056 3084 quod
1108 3012 1358 3082 gloriam
1422 3011 1520 3066 Dei
1560 3010 1822 3066 vidisset.
1854 3009 2038 3081 Igitur
2065 3007 2139 3064 de

483 3105 738 3175 equuleo
771 3102 1113 3174 depositi,in
1128 3102 1327 3173 ignem
1339 3099 1760 3171 conjiciuntur.
1780 3098 2141 3170 Agathonica

478 3197 679 3248 autem
702 3190 906 3261 Papyli
949 3205 1139 3256 soror,
1173 3205 1305 3259 quas
1336 3194 1461 3243 tum
1492 3187 1786 3258 aderat,in
1816 3202 2024 3258 rogum
2045 3202 2140 3241 ar-

2243 2012 2537 2077 ἐπίσκοπος
2583 2016 2650 2084 ἦν
2706 2018 3036 2093 Θυατείρων*
3096 2023 3124 2077 ὁ
3186 2018 3244 2077 δὲ
3300 2024 3560 2088 Πάπυλος
3617 2022 3897 2090 διάκονος.

2241 2104 2611 2176 Κρατηθὲντες
2640 2104 2729 2159 οὖν
2762 2106 2911 2179 παρὰ
2938 2112 3035 2162 τοῦ
3093 2107 3366 2185 ἄρχοντος
3403 2120 3506 2182 τῆς
3537 2114 3741 2186 Ἄσίας,
3800 2118 3898 2171 καὶ

2239 2189 2624 2265 ἐρωτηθέντες,
2658 2193 3030 2271 ὡμολόγησαν
3080 2198 3314 2254 ἐνώπιον
3347 2204 3565 2257 πάντων
3596 2204 3658 2258 τὸ
3716 2200 3901 2279 ὄνομα

2237 2285 2337 2334 τοῦ
2369 2282 2646 2349 Δεσπότου
2694 2285 2960 2359 Χριστοῦ.
3020 2288 3121 2341 Καὶ
3173 2293 3691 2367 καταναγκασθὲντες
3738 2297 3901 2350 θῦσαι

2239 2374 2358 2433 τοῖς
2432 2368 2713 2443 εἰδώλοις,
2771 2373 2863 2427 καὶ
2952 2376 3028 2449 μὴ
3104 2379 3428 2453 πεισθέντες,
3485 2380 3897 2456 προσεδὲθησαν

2242 2457 2456 2530 ἵπποις,
2514 2460 2604 2515 καὶ
2661 2465 3021 2537 περιεπάτουν
3085 2463 3386 2541 ἔμπροσθεν
3442 2474 3539 2524 τοῦ
3596 2470 3897 2546 ἄρχοντος,

2243 2547 2538 2622 συρόμενοι
2623 2550 2760 2624 πρὸς
2818 2550 2914 2613 τὰς
2972 2551 3225 2627 Σάρδεις,
3281 2558 3438 2611 κᾶκεῖ
3504 2560 3906 2633 κρεμασθέντες

2243 2635 2332 2692 ἐπὶ
2363 2636 2539 2707 ξύλων
2596 2638 2826 2708 ἐξέοντο.
2884 2641 2945 2698 Ὁ
3002 2639 3059 2697 δὲ
3117 2643 3511 2720 ’Λγαοόδωρος,
3562 2645 3759 2711 δοῦλος
3816 2649 3898 2707 ὢν

2240 2730 2349 2782 τῶν
2383 2727 2571 2802 ἁγίων,
2603 2729 2695 2783 καὶ
2741 2728 3058 2786 ἀκολουθῶν
3112 2734 3322 2807 αὐτοῖς,
3370 2736 3726 2811 βασανισθεὶς,
3781 2740 3904 2796 ἐτε-

2246 2815 2474 2886 λειώθη.
2508 2818 2881 2892 Κρεμώμενος
2913 2816 2972 2874 δὲ
3003 2822 3032 2874 ὁ
3084 2822 3234 2897 ἅγιος
3293 2824 3535 2896 Κάρπος,
3595 2825 3902 2898 ἐμειδίασε

2243 2906 2334 2960 καὶ
2366 2905 2613 2968 εἰπόντος
2631 2912 2727 2961 τοῦ
2758 2905 3049 2983 ἄρχοντος
3100 2911 3262 2975 Τίνος
3316 2911 3478 2987 χάριν
3532 2912 3820 2992 ἔγὲλασας,
3854 2919 3907 2975 ὦ

2246 2995 2451 3069 Κὶρπε·
2507 2995 2795 3069 ἀπεκρίθη’
2851 2996 3010 3054 Εἶδον
3064 3002 3163 3069 τήν
3234 2999 3388 3073 δόξαν
3446 3008 3541 3058 τοῦ
3598 3011 3755 3077 Θεοῦ,
3799 3011 3904 3065 καὶ

2245 3083 2475 3159 ἐχάρην.
2535 3081 3023 3150 Καταϐιϐασθὲντες
3082 3087 3140 3144 δὲ
3196 3089 3302 3144 ἀπὸ
3357 3096 3466 3146 τῶν
3530 3093 3731 3166 ξύλων,
3809 3098 3908 3154 ἐν-

2246 3174 2555 3249 εϐλήθησαν
2617 3178 2693 3240 εἰς
2741 3180 2806 3234 τὸ
2859 3184 2987 3256 πῦρ.
3050 3181 3148 3237 Καὶ
3178 3188 3427 3260 παροῦσα
3457 3188 3493 3255 ἠ
3526 3184 3736 3266 ἀδελφὴ
3794 3196 3910 3247 τοῦ

479 3280 720 3335 dentem
751 3294 859 3334 sua
890 3282 1100 3350 sponte
1158 3277 1421 3350 gaudens
1453 3275 1679 3331 insilit:
1714 3279 1773 3330 et
1799 3274 1975 3330 ambo
2006 3275 2131 3330 ani-

2248 3266 2904 3372 Danﬁ‘loul'Ayaeolep,
2966 3271 3187 3372 εἷσΪλλθε
3243 3273 3511 3348 χαίρουσα
3577 3278 3912 3354 ἀφ’ὲαυτῆς
3962 3343 3966 3346 ς

478 3385 608 3425 mas
628 3367 881 3424 Domino
914 3365 1234 3422 tradidere.

1126 3545 1368 3621 .Eodem
1396 3545 1492 3600 die

628 3639 777 3693 ἰΙῖ
846 3639 1139 3693 Certamen
1189 3637 1367 3691 sancti
1410 3636 1675 3704 martyris
1711 3633 1996 3690 Florentii.

555 3754 890 3809 Florentius
903 3759 1128 3825 martyr
1146 3769 1217 3808 ex
1246 3751 1391 3807 urbe
1420 3751 1842 3807 Thessalonica
1860 3749 2142 3805 fuit.Cum

487 3849 688 3899 autem
709 3843 1077 3898 Christianus
1094 3843 1632 3913 esset,honestique
1646 3841 2139 3911 studiosissimus,

484 3932 703 4004 probra
729 3936 788 3986 et
816 3933 1082 3987 convicia
1112 3932 1367 3987 maxime
1393 3932 1660 3986 omnium
1693 3931 1757 3985 in
1805 3932 2143 3986 Graecorum

484 4021 626 4076 deos
668 4020 953 4092 jactabat,
1011 4036 1342 4090 vanamque
1399 4037 1604 4075 eorum
1653 4020 2140 4091 superstitionem

485 4108 1025 4165 anathematizabat
1055 4126 1069 4175 ;
1094 4125 1291 4163 veram
1322 4115 1520 4163 autem
1551 4108 1767 4162 Christi
1801 4107 1980 4163 fidem
2012 4124 2138 4163 om-

477 4214 585 4253 nes
617 4197 1418 4269 edocebat,Christianosque
1439 4197 1834 4253 conﬁrmabat
1854 4202 1913 4252 et
1928 4198 2137 4253 cohor-

477 4287 718 4343 tabatur
769 4287 844 4342 ad
905 4286 1259 4359 explendam
1288 4286 1392 4342 Dei
1423 4287 1806 4342 voluntatem.
1839 4286 2019 4359 Cujus
2050 4287 2138 4343 rei

478 4393 658 4432 causa
687 4377 1153 4448 comprehensus
1184 4392 1218 4432 a
1249 4376 1509 4448 regionis
1556 4375 1857 4447 prmfecto,
1889 4377 2139 4431 interro-

476 4474 785 4541 gatusque,
818 4468 879 4523 in
908 4467 1073 4523 illius
1106 4472 1428 4538 conspectu
1460 4466 1767 4522 confessus
1799 4471 1908 4533 est,
1933 4466 2137 4521 Domi-

476 4574 622 4613 num
656 4563 929 4613 nostrum
957 4558 1157 4613 Jesum
1188 4556 1485 4611 Christum
1523 4572 1653 4611 esse
1685 4554 1878 4610 solum
1909 4556 2093 4610 Deum
2121 4562 2136 4613 ἶ

2247 3355 2323 3417 εἷς
2355 3357 2454 3425 τήν
2485 3355 2737 3430 κάμινον*
2771 3357 2862 3413 καὶ
2892 3357 3211 3436 παρέδωκαν
3254 3362 3555 3440 ἀμφότεροι
3584 3366 3681 3430 τὰς
3709 3369 3914 3444 ψυχᾶς

2247 3448 2326 3516 τῷ
2356 3444 2565 3521 Κυρίῳ.

2844 3540 2919 3611 Τῇ
2945 3537 3082 3612 αὐτῇ
3108 3538 3295 3616 ἡμέρᾳ

2424 3622 2690 3694 Ἂθλησις
2717 3629 2814 3680 τοῦ
2836 3624 2995 3700 ἁγίου
3029 3627 3303 3703 μάρτυρος
3333 3630 3705 3705 Φλωρεντίου.

2316 3748 2377 3806 Ὀ
2431 3751 2636 3823 μάρτυς
2689 3750 3038 3827 Φλωρὲντιος
3101 3754 3346 3831 ὑπῆρχεν
3404 3758 3463 3813 ἐκ
3511 3765 3607 3829 τῆς.
3665 3760 3911 3827 πόλεως

2246 3836 2666 3909 Θεσσαλονίκης*
2709 3842 3029 3915 Χριστιανὸς
3086 3838 3143 3896 δὲ
3200 3839 3297 3914 ὥν,
3354 3847 3442 3901 καὶ
3508 3846 3762 3917 ζηλωτὴς
3788 3855 3911 3906 τοῦ

2241 3925 2437 3994 καλοῦ,
2470 3922 2654 3997 ὕϐριζε
2703 3929 2792 3983 καὶ
2825 3924 3108 3986 διέϐαλλεν
3141 3930 3228 3987 ἐπὶ
3283 3934 3498 3991 πάντων
3552 3936 3681 3999 τοὺς
3728 3938 3924 4004 θεοὺς·

2241 4019 2352 4070 τῶν
2379 4013 2690 4087 Ἑλλήνων,
2739 4018 2831 4073 καὶ
2892 4020 2990 4090 τήν
3051 4023 3335 4096 θρησκείαν
3396 4024 3571 4080 αὐτῶν
3622 4026 3915 4101 ἀνεθεμά-

2239 4110 2408 4174 τιζεν,
2446 4102 2690 4162 ἐδίδασκε
2719 4105 2776 4163 δὶ
2805 4108 3007 4174 πάντας
3061 4112 3161 4181 τὴν
3220 4110 3491 4184 ἀληθινὴν
3546 4115 3729 4171 πίστιν
3782 4124 3913 4175 τοῦ

2242 4198 2507 4270 Χριστοῦ“
2566 4197 2656 4252 καὶ
2703 4196 2953 4272 ἐστήριξε
3005 4199 3133 4264 τοὺς
3182 4202 3565 4274 Χριστιανοὺς,
3609 4205 3699 4260 καὶ
3750 4227 3917 4285 παρ-

2243 4283 2448 4355 εκάλει,
2479 4285 2616 4361 πρὸς
2645 4287 2708 4341 τὸ
2737 4291 2911 4341 ποιεῖν
2971 4287 3039 4343 τὰ
3085 4288 3371 4364 θελήματα
3400 4297 3497 4347 τοῦ
3543 4298 3699 4353 Θεοῦ,
3735 4283 3921 4354 Οὕτω

2242 4369 2300 4427 δὲ
2328 4378 2524 4444 ποιῶν,
2556 4373 2827 4452 ἐκρατήθη
2879 4379 3024 4452 παρὰ
3078 4382 3175 4433 τοῦ
3229 4387 3328 4451 τῆς
3358 4383 3547 4458 χώρας
3593 4380 3915 4460 ἄρχοντος.

2242 4463 2347 4518 Καὶ
2370 4462 2682 4537 ἐρωτηθεὶς,
2742 4464 3107 4543 ὡμολόγησεν
3166 4466 3399 4525 ἐνώπιον
3461 4470 3625 4527 αὐτοῦ
3653 4473 3747 4528 τὸν
3778 4474 3923 4529 Κύ-

2243 4570 2357 4627 ριον
2389 4554 2548 4626 ἡμῶν
2594 4554 2804 4625 Ἰησοῦν
2864 4557 3097 4629 Χριστὸν
3154 4557 3490 4632 εἶναιμόνον
3548 4560 3696 4617 Θεόν·
3757 4563 3925 4632 τοὺς

478 4649 814 4702 Graecorum
842 4663 978 4702 vero
1009 4646 1172 4712 deos,
1204 4646 1363 4717 ligna
1419 4660 1569 4712 esse,
1604 4644 1853 4716 lapides,
1900 4660 2131 4711 aurum,

2248 4637 2436 4737 Betim
2468 4641 2752 4737 Ἑλλήνων
2812 4646 2966 4708 θεοὺς
3023 4644 3157 4717 ξύλα
3210 4648 3497 4724 ὑπάρχειν,
3547 4652 3635 4706 καὶ
3670 4650 3917 4729 λίθους,

474 4741 808 4807 argentum,
842 4754 925 4790 ms
957 4740 1016 4790 et
1045 4735 1290 4800 ferrum,
1320 4734 1482 4790 idola
1536 4734 1751 4789 animae
1802 4749 2132 4804 sensusque

2248 4730 2330 4818 καὶ
2352 4732 2578 4806 χρυσὸν,
2610 4733 2700 4787 καί
2747 4734 3003 4809 ἄργυρον,
3060 4737 3152 4791 καὶ
3203 4737 3437 4813 χαλκὸν,
3489 4740 3577 4795 καὶ
3637 4737 3920 4818 σίδηρον,

472 4824 755 4895 expertia.
784 4825 923 4889 Quae
953 4840 1089 4879 cum
1120 4822 1694 4890 dixisset,concitato
1716 4822 1778 4877 in
1808 4822 1959 4878 iram
1981 4838 2132 4894 praa-

2248 4817 2445 4875 εἷ’δωλα
2525 4818 2711 4895 ἄψυχα
2764 4822 2857 4878 καὶ
2930 4824 3249 4894 ἀναίσθητα.
3310 4828 3414 4885 Καὶ
3469 4834 3636 4885 ταῦτα
3693 4817 3922 4908 εῗπὼν,

468 4913 644 4983 fecto,
676 4913 856 4968 variis
886 4913 1196 4967 tormentis
1228 4911 1919 4967 excruciatur.Deindein
1941 4927 2132 4981 equu-

2248 4911 2328 4965 καὶ
2361 4909 2437 4972 εἷς
2470 4910 2641 4984 ὀργὴν
2668 4914 2894 4982 κινήσας
2948 4915 3041 4970 τὸν
3102 4913 3363 4991 ἄρχοντα,
3394 4925 3719 4993 τιμωρεῖται
3766 4918 3927 4978 δια-

472 5000 635 5057 leum
662 5001 852 5057 elatus
883 5001 1189 5072 scalpitur.
1218 5002 1467 5056 Demum
1526 5000 1588 5054 in
1640 5000 2129 5056 ardentissimum

2248 4999 2438 5078 ρόρως.
2500 5000 2632 5056 Εἶτα
2686 5007 2950 5078 κρεμᾶται
3009 5003 3097 5060 ἐπὶ
3142 5005 3328 5080 ξύλου,
3376 5009 3469 5064 καὶ
3525 5009 3718 5081 ξέεται.
3778 5014 3922 5072 Καὶ

472 5102 684 5163 rogum
707 5091 983 5162 injectus,
1018 5106 1197 5145 orans
1230 5095 1289 5144 et
1313 5090 1532 5162 gratias
1562 5089 1680 5144 Deo
1709 5106 1909 5163 agens,
1945 5090 2127 5145 tinem

2248 5095 2409 5165 πυρᾶς
2464 5090 2789 5168 ἀναφθείσης
2853 5091 3117 5168 μεγάλης,
3170 5092 3508 5170 ἐμϐάλλεται
3577 5099 3656 5162 εἷς
3709 5102 3920 5174 αὐτὴν

469 5181 642 5237 latus
668 5180 916 5251 accepit.

2248 5179 2466 5255 χαίρων.
2498 5179 2593 5235 Καὶ
2626 5179 2680 5237 ἐν
2730 5180 2865 5255 αὐτῇ
2920 5186 3389 5260 προσευχόμενος,
3419 5187 3510 5243 καὶ
3540 5188 3918 5265 εὐχαριστῶν

2232 5272 2312 5341 τῷ
2342 5272 2459 5340 Θεῷ
2496 5266 2811 5342 ἐτελειώθη.

2794 5365 2973 5420 ΜΗΝΙ
3004 5365 3096 5420 ΤΩ
3127 5368 3321 5424 ΔΥΤΩ.

3050 5454 3149 5512 ῙΔ“.

2231 5551 2504 5625 Ἀθλησις
2530 5559 2639 5612 τῶν
2671 5554 2834 5645 άγίων
2890 5559 3511 5645 μαρτύρων-Ναζᾳρίου,
3557 5561 3919 5645 Γερϐασίου,

2683 5628 3012 5704 Προτασίου,
3048 5628 3139 5688 καὶ
3188 5628 3421 5691 Κελσίου

1032 5386 1274 5442 EODEM
1303 5385 1555 5443 MENSE.

1002 5504 1106 5559 Die
1138 5503 1369 5561 decima
1398 5509 1610 5576 quarta

418 5653 429 5663 ,
464 5596 614 5652 118
643 5596 929 5653 Certamen
979 5600 1299 5649 sanctorum
1326 5601 1635 5665 martyrum
1680 5589 1931 5659 Nazarii,
1991 5591 2121 5647 Ger-

919 5666 1078 5736 vasii,
1111 5667 1353 5721 Protasii
1400 5673 1453 5722 et
1498 5665 1656 5721 Celsi.

532 5758 600 5812 Hi
633 5756 822 5815 sancti
854 5758 1053 5814 Romae
1083 5752 1444 5825 claruerunt,
1506 5756 1733 5810 Nerone
1763 5749 2115 5823 imperante.

2299 5751 2465 5809 Οὗτοι
2505 5750 2557 5805 οἱ
2591 5750 2738 5828 ἅγιοι
2796 5753 3050 5831 ὑπῆρχον
3101 5755 3191 5814 ἐπὶ
3244 5759 3498 5838 Νερωνος
3560 5767 3656 5818 τοῦ
3718 5763 3925 5842 βασι..
