4140 6302
245 408 340 466 109
1819 426 1950 488 0οΊ

2060 427 2193 488 lER.
3610 441 3640 500 1
3653 443 3734 507 10

241 535 390 641 λέως⁸
409 540 468 594 ἐν
663 548 934 627 Ῥώμῃο
993 555 1065 624 ἧν
1109 553 1165 610 δὲ
1221 557 1249 610 ὁ
1307 557 1576 632 Ναζάριός
1635 559 1752 619 υἱὸς
1784 559 1937 635 Ἀφρι

2087 561 2219 615 Fuit
2247 567 2446 619 autem
2477 567 2751 622 Nazarius
2777 567 3735 643 AfricanietPerpetuaﬂlius,qui

246 634 393 683 κανοῦ
439 634 545 686 καὶ
597 641 1040 716 Περπετούας,
1095 649 1197 699 τῶν
1261 647 1657 720 βαπτισθέντων
1690 649 1835 723 παρὰ
1877 653 1950 703 τοὶ

2079 667 2114 705 a
2144 659 2346 708 sancto
2405 657 2578 709 Petro
2637 657 2911 729 baptizati
2963 664 3104 714 sunt
3135 676 3148 712 :
3182 634 3309 730 ipse
3338 677 3474 714 vero
3501 677 3536 715 a
3590 634 3732 717 Lino

252 720 394 792 ἁγίου
427 721 696 798 Πέτρου.
775 729 980 793 Αὐτὸς
1045 731 1102 786 δέ
1153 734 1464 808 βαπτισθεὶς
1516 737 1620 790 ὑπὸ
1677 737 1842 791 Λίνου
1872 759 1946 792 πα

2079 742 2414 809 patriarcha
2437 735 2700 800 Romano
2729 746 3074 818 baptizatus,
3107 765 3243 802 cum
3275 765 3500 803 annum
3525 749 3731 804 vicesi-

256 811 521 909 τριᾶρχου
599 816 890 909 ἰΡώμης.
964 823 1068 877 Καὶ
1159 823 1418 896 ὑπάρήων
1508 825 1721 898 χρόνων
1781 825 1969 895 εἴκοσι,
2080 845 2243 884 mum
2275 841 2492 904 ageret,
2553 835 2731 890 urbes
2792 837 2973 891 italiae
3030 837 3398 909 peragrabat,
3431 839 3728 892 Christum

2077 919 2429 987 praedicans.
2473 924 2598 976 Mox
2627 924 2686 977 in
2720 924 3015 979 civitatem
3056 927 3373 996 quamdam
3405 931 3723 996 profectus,

2073 1010 2294 1077 reperit
2353 1013 2691 1068 Gervasium
2751 1021 2810 1068 et
2861 1016 3192 1070 Protasium
3243 1015 3303 1069 in
3361 1015 3595 1070 vincula
3651 1015 3724 1070 ob

599 816 890 890 Ῥώμης.
964 823 1068 877 Καὶ
1159 823 1418 896 ὑπάρήων
1508 825 1721 898 χρόνων
1781 825 1969 895 εἴκοσι,

270 899 503 966 ἀπῆλθεν
572 902 660 966 εἷς
726 907 839 968 τὰς
898 909 1101 972 πόλεις
1160 910 1411 981 Ἰταλίας,
1440 912 1528 966 καί
1578 913 1838 989 ἐκήρυσσε
1881 915 1972 969 τὸν

277 986 520 1063 Χριστόν.
559 994 705 1048 Εἶτα
758 995 944 1064 ἦλθεν
1003 998 1057 1059 ἐς
1117 1000 1278 1053 πόλιν
1333 1002 1472 1068 τινα,
1529 999 1650 1056 ἔνθα
1708 998 1972 1057 κατέλαϐε

291 1083 611 1154 [ipa-.1320»),
664 1085 765 1138 καὶ
828 1082 1130 1155 Γερϐἀσιον
1189 1085 1346 1152 ὄντας
1401 1089 1478 1151 εἷς
1541 1092 1640 1158 τὴν
1698 1091 1966 1168 φυλακὴν,

296 1167 376 1224 διὰ
427 1172 527 1239 τήν
602 1172 687 1234 εἷς
755 1177 1006 1247 Χριστὸν
1066 1177 1266 1247 πίστιν,
1329 1179 1433 1232 ὑπὸ
1487 1183 1584 1233 τοῦ
1622 1186 1722 1247 τῆς
1779 1183 1968 1255 χώρας

299 1257 584 1335 ἄρχοντος.
619 1264 872 1339 σιευρξθεῖς
939 1262 1016 1331 δὲ,
1068 1265 1155 1320 καὶ
1204 1273 1305 1335 τῆς
1359 1266 1576 1331 πόλεως
1623 1265 1966 1343 ἐκδιωχθεὶς,

302 1349 538 1418 ἀπῆλθεν
572 1350 653 1405 εἷς
687 1348 887 1425 ἓτέραν
921 1351 1111 1423 πόλιν,
1145 1354 1229 1409 καὶ
1274 1352 1682 1428 προσλαμϐάνει
1733 1356 1963 1413 Κέλσιον

305 1443 463 1512 τριῶν
526 1441 754 1514 χρόνων
819 1438 970 1497 ὄντα.
1025 1443 1152 1497 Εἶτα
1215 1448 1313 1514 τήν
1368 1444 1528 1500 πόλιν
1610 1443 1962 1502 Μεδιολάνων

303 1523 652 1596 καταλαϐὼν,
690 1529 928 1606 εὗρίσκει
963 1531 1127 1586 πάλιν
1158 1533 1210 1587 ἐν
1235 1537 1303 1607 τῇ
1337 1531 1555 1609 φυλακῇ
1605 1533 1732 1598 τοὺς
1779 1535 1963 1610 ἁγίους

1790 1645 1962 1699 παραυ

308 1702 576 1778 πέμπεται
611 1707 668 1762 ἐν
700 1710 893 1783 Ῥώμῃ
953 1711 1098 1784 παρὰ
1153 1716 1247 1766 τοῦ
1306 1711 1596 1788 ἄρχοντος.
1639 1713 1743 1770 Καὶ
1798 1713 1964 1769 πάλιν

309 1793 382 1856 εἷς
443 1793 786 1851 Μεδιώλανα
835 1798 1195 1872 ὑποστρέψας,
1233 1796 1481 1873 τέμνεται
1537 1803 1636 1870 τήν
1696 1799 1959 1876 κεφαλήν,

309 1884 419 1954 ἅμα
457 1890 579 1947 τοῖς
643 1883 868 1948 λοιποῖς
929 1888 1130 1962 ἁγίοις,
1180 1890 1268 1944 καὶ
1325 1894 1404 1961 τῷ
1459 1887 1666 1963 παιδίῳ
1717 1887 1956 1964 Κελσίῳ,

309 1973 620 2048 ὑπάρχοντι
650 1976 870 2051 χρόνων
903 1976 1053 2032 ἐννέα
1081 1976 1168 2032 καὶ
1199 1982 1386 2050 μηνῶν
1411 1976 1564 2035 ἐπτά.

877 2068 1059 2125 MHNI
1093 2070 1183 2146 Τῼ
1212 2072 1406 2146 Am.

1097 2159 1177 2212 IE‘

479 2241 760 2315 Ἀθλησις
789 2249 889 2300 τοῦ
938 2245 1094 2320 ἁγίου
1151 2247 1422 2323 μάρτυρος
1455 2251 1776 2304 Λουκιανοῦ.

309 1612 597 1689 Γερϐιὶσιον
660 1621 756 1673 καὶ
818 1622 1142 1696 Προτάσιον.
1223 1622 1319 1676 Καὶ
1392 1624 1702 1696 κρατηθεὶς,

370 2361 681 2422 Λουκιανὸς
720 2363 749 2416 6
778 2364 982 2438 μάρτυς
1037 2362 1282 2438 ὑπῆρχεν
1331 2363 1437 2417 ἀπὸ
1476 2363 1812 2438 Ἀντιοχείας
1855 2369 1958 2430 τῆς

300 2450 526 2521 Συρίας,
589 2448 682 2503 ἐπὶ
741 2453 840 2518 τῆς
907 2449 1185 2525 βασιλείας
1245 2449 1657 2518 Διοκλητιανοῦ.
1699 2454 1847 2508 Μετὰ
1899 2450 1956 2507 δὲ

296 2541 529 2601 θάνατον
557 2543 669 2593 τῶν
701 2539 933 2613 γονέων,
966 2537 1097 2601 δοὺς
1153 2539 1220 2593 τὰ
1273 2540 1588 2611 ὑπάρχοντα
1637 2538 1785 2611 αὖτῷ
1814 2561 1956 2594 πτω-

296 2634 448 2702 χοῖς,
511 2633 782 2703 προσεῖχε
831 2631 900 2701 τῇ
962 2628 1256 2702 ἀναγνώσει
1320 2632 1430 2682 τῶν
1487 2628 1642 2692 θείων
1704 2634 1950 2706 Γραφῶν.

297 2718 401 2772 Καὶ
431 2714 688 2777 πολλοὺς
710 2721 818 2770 τῶν
848 2715 1134 2786 Ἑλλήνων
1193 2716 1509 2791 ἐπέστρεψεν
1570 2716 1657 2772 ἐπὶ
1703 2718 1793 2771 τὸν
1847 2718 1952 2772 Κύ-

296 2826 440 2878 ριον.
493 2803 832 2861 Καταλιπὼν
885 2803 942 2859 δέ
999 2807 1097 2872 τὴν
1154 2805 1517 2881 Ἀντιόχειαν,
1558 2802 1822 2861 κατέλαϐε
1850 2809 1949 2877 τήν

299 2893 714 2967 Νικομήδειαν,
757 2889 880 2948 ἔνθα
911 2895 940 2948 ὁ
995 2894 1382 2964 Διοκλητιανὸς
1439 2895 1566 2958 τοὺς
1594 2898 1949 2972 Χριστιανοὺς

295 2985 570 3060 ἐφόνευεν.
636 2985 742 3040 Καὶ
824 2983 940 3038 ἐπεὶ
997 2983 1241 3047 πολλοὺς
1304 2986 1423 3062 εὗρε
1476 2985 1562 3040 διὰ
1615 2982 1782 3064 φόϐον
1859 2988 1950 3042 τὸν

288 3076 723 3148 Χριστιανισμον
813 3073 1185 3146 βουλομένους
1298 3076 1670 3150 ἀρνήσασθαι,
1749 3089 1948 3152 θαρσο-

265 3168 550 3233 ποιήσας,
612 3163 794 3218 ἔπεισε
853 3171 1216 3239 μαρτυρῆσαι.
1293 3166 1568 3222 Τοσοῦτον
1628 3163 1685 3220 δὲ
1757 3165 1947 3242 γέγονε

284 3250 350 3306 διν
391 3255 594 3327 ἀρετῆς
650 3258 768 3324 θεῷ
824 3255 1042 3324 ὅμοιος,
1101 3252 1237 3307 ὥστε
1290 3254 1388 3322 τὴν
1448 3254 1611 3309 πόλιν
1651 3258 1936 3331 περιέρχε-
1971 3297 2014 3362 C

300 3353 340 3362 γ’
539 3342 552 3358 ε
724 3345 738 3362 ,
805 3342 831 3358 ν
973 3341 990 3362 χ
1090 3341 1169 3362 ,ηπ
1345 3341 1436 3362 n\!
1550 3345 1576 3362 Λ
1823 3346 1833 3362 ’
1875 3343 1901 3362 τ’

286 3353 433 3410 σθαι,
464 3342 556 3396 καὶ
606 3345 738 3416 παρ’
796 3342 868 3394 ὧν
933 3341 1028 3413 μὲν
1088 3341 1282 3412 θέλειν,
1344 3341 1658 3418 βλέπεσθαι,
1707 3346 1833 3418 παρ’
1864 3343 1937 3399 ὧν

289 3428 345 3486 δὲ
382 3434 458 3502 μή
513 3431 722 3501 θέλειν,
787 3433 861 3504 μὴ
922 3431 1167 3504 ὁρᾶσθαι.
1227 3433 1358 3508 Περὶ
1409 3432 1607 3488 τούτου
1671 3434 1856 3507 μαθὼν
1917 3436 1944 3490 ὁ

291 3520 713 3591 Διοκλητιανὸς,
793 3522 883 3575 καὶ
965 3515 1230 3597 φοϐηθεὶς
1289 3521 1365 3584 είς
1431 3524 1726 3596 πρόσωπον
1786 3523 1942 3579 αὐτὸν

292 3610 536 3684 ἀγαγεῖν,
625 3611 848 3681 μήποτε
895 3611 1024 3684 παρ’
1092 3610 1257 3664 αὐτοῦ
1337 3610 1602 3686 ἐλεγχθῇ,
1669 3613 1944 3688 κρεμάσας

301 3699 475 3770 βῆλον
512 3701 807 3772 συνέτυχεν
829 3697 998 3768 αὐτῷ,
1027 3698 1117 3751 καὶ
1150 3695 1278 3753 ἰδὼν
1309 3699 1372 3753 τὸ
1423 3707 1524 3769 τῆς
1577 3705 1801 3774 γνώμης
1834 3701 1942 3756 αὐ-

295 3792 388 3840 τοῦ
419 3788 780 3858 ἀμετάθετον,
836 3784 1180 3856 καταδικάζει
1228 3788 1389 3843 αὐτὸν
1448 3787 1940 3862 λιμοκτονηθῆναι·

297 3875 376 3930 ἐπὶ
413 3875 633 3937 πολλὰς
669 3873 726 3930 δὲ
772 3876 868 3937 τὰς
926 3877 1136 3949 ἡμέρας
1199 3877 1273 3948 μὴ
1333 3874 1652 3950 μεταλαϐὼν
1711 3887 1941 3956 τροφῆς,

295 3965 342 4018 ἐν
396 3970 466 4039 τῇ
527 3964 752 4043 φυλακῇ
803 3964 1118 4036 ἐτελειώθη.
1177 3965 1282 4022 Καὶ
1339 3965 1531 4045 ἐρρίφη
1605 3968 1656 4023 ἐν
1713 3972 1782 4043 τῇ
1843 3971 1942 4024 θα-

295 4052 480 4128 iisan.

897 4177 972 4247 Τῇ
1003 4173 1144 4246 αὐτῇ
1169 4174 1352 4248 ἡμέρᾳ

293 4301 494 4373 Μνῆμη
545 4305 645 4356 τοῦ
732 4300 786 4355 ἐν
847 4301 1022 4375 ἁγίοις
1077 4300 1285 4375 Πατρὸς
1343 4303 1504 4374 ἡμῶν
1557 4297 1788 4358 Σαϐίνου
1843 4301 1941 4358 τοῦ

1001 4370 1321 4428 ἐπισκόπου.

847 4493 1101 4566 Σαϐῖνος,
1165 4496 1254 4554 διὰ
1323 4500 1422 4568 τὴν
1488 4495 1936 4576 ὑπερϐάλλουσαν

1409 4588 1615 4664 ἐγένετο
1672 4590 1934 4665 πρότερον

358 4502 419 4557 Ὀ
471 4500 762 4572 Μακάριος

295 4588 455 4645 αὐτοῦ
534 4589 734 4663 ἀρετήν
806 4588 896 4643 καὶ
981 4589 1326 4658 κατάστασιν,

1986 1933 2035 1998 Β

2073 1097 2286 1152 Christi
2314 1099 2491 1155 fidem
2523 1119 2557 1156 a
2587 1104 2843 1174 regionis
2873 1103 3150 1174 praefecto
3181 1105 3502 1175 conjectos.
3527 1106 3724 1160 Czesus

2072 1186 2452 1260 igitur,atque
2483 1192 2554 1247 ab
2583 1193 2727 1246 urbe
2759 1195 3058 1265 expulsus,
3094 1194 3154 1248 in
3186 1195 3362 1249 aliam
3395 1195 3722 1265 concessit;

2070 1275 2469 1350 adjunctoque
2492 1281 2604 1335 sibi
2636 1266 2802 1336 Celso
2836 1284 3012 1337 trium
3045 1299 3338 1338 annorum
3369 1300 3576 1354 puero,
3609 1286 3724 1338 Me-

2073 1365 2379 1423 diolanum
2403 1371 2565 1439 abiit,
2604 1372 2703 1426 ubi
2759 1374 2973 1428 iterum
3007 1380 3240 1428 sanctos
3273 1375 3611 1429 Gervasium
3670 1379 3729 1429 et

2074 1455 2406 1511 Protasium
2438 1459 2498 1513 in
2530 1477 2765 1515 carcere
2798 1462 3726 1532 invenit:retentusque,Romam

2070 1559 2103 1597 a
2133 1546 2409 1636 praefecto
2442 1550 2716 1604 mittitur.
2753 1553 2962 1606 Verum
2983 1551 3377 1606 Mediolanum
3400 1568 3725 1636 regressus,

2068 1635 2259 1704 capite
2290 1637 2573 1706 plectitur
2601 1655 2721 1694 una
2742 1657 2876 1695 cum
2910 1641 3161 1711 reliquis
3194 1641 3435 1708 sanctis,
3460 1646 3518 1695 et
3537 1635 3720 1711 puero

2067 1722 2233 1778 Celso
2267 1741 2491 1781 annum
2525 1733 2663 1783 tunc
2695 1745 2923 1784 nonum
2983 1736 3042 1784 et
3099 1745 3367 1785 mensem
3399 1730 3722 1800 septimum

2067 1818 2294 1882 agente.

2630 2088 2869 2143 EODEM
2900 2089 3152 2145 MENSE.

2599 2176 2697 2230 Die
2729 2176 2957 2233 decima
2977 2179 3188 2249 quinta

2267 2263 2306 2316 1
2323 2263 2419 2317 I9
2445 2264 2726 2320 Certamen
2751 2269 2930 2321 sancti
2957 2269 3215 2336 martyris
3245 2267 3497 2324 Luciam'.

2132 2379 2422 2435 Lucianus
2453 2383 3020 2454 martyrAntiochiaa
3044 2383 3223 2456 Syriae
3255 2385 3717 2456 natus,impera-

2060 2471 2185 2522 tore
2219 2469 2862 2539 Diocletiano,mortuis
2891 2473 3260 2544 parentibus,
3293 2473 3622 2529 distributis
3653 2475 3715 2530 in

2059 2574 2350 2629 pauperes
2372 2559 2752 2618 facultatibus
2770 2563 3249 2624 suis,divinarum
3274 2564 3713 2636 Scripturarum

2059 2646 2299 2703 lectioni
2331 2655 2518 2705 totum
2553 2669 2613 2706 se
2653 2652 2834 2720 dedit,
2877 2653 3215 2725 multosque
3248 2656 3582 2710 Graecorum
3637 2655 3713 2710 ad

2061 2737 2375 2792 Dominum
2409 2742 2714 2795 convertit.
2749 2742 2974 2798 Relicta
3003 2749 3199 2797 autem
3220 2742 3710 2798 AntiochiaNico-

2058 2825 2314 2880 mediam
2349 2827 2538 2897 petiit,
2572 2828 2671 2882 ubi
2705 2830 3067 2885 Diocletiano
3103 2848 3208 2902 per
3229 2831 3418 2886 caedes
3451 2831 3510 2885 in
3543 2831 3712 2886 Chri-

2057 2914 2285 2968 stianos
2316 2915 3051 2988 debacchante.plurimos,
3087 2937 3236 2990 quos
3270 2925 3428 2974 metu
3453 2926 3709 2974 tormen-

2056 3007 2248 3057 torum
2281 3004 2518 3059 adactos
2548 3005 2936 3061 defectionem
2968 3026 3001 3062 a
3023 3008 3357 3062 Christiana
3375 3008 3488 3063 ﬁde
3510 3008 3709 3062 moliri

2055 3093 2864 3164 deprehendit,confirmavit,
2899 3098 3312 3169 persuasitque
3336 3099 3524 3164 eis,ut
3551 3115 3711 3154 mar-

2054 3183 2271 3254 tyrium
2305 3183 2591 3240 subirent.
2627 3186 2787 3241 Adeo
2820 3192 3018 3242 autem
3042 3187 3115 3242 ob
3147 3189 3392 3242 virtutes
3425 3205 3561 3243 suas
3591 3189 3709 3244 Deo

2056 3271 2268 3326 similis
2301 3275 2543 3328 effectus
2575 3280 2682 3342 est,
2710 3282 2776 3330 ut
2804 3293 2936 3331 cum
2966 3277 3173 3331 urbem
3205 3277 3417 3348 obiret,
3437 3294 3472 3332 a
3491 3277 3712 3348 quibus

2053 3361 2230 3415 vellet
2258 3363 2720 3434 conspiceretur,
2753 3382 2786 3420 a
2811 3366 3025 3436 quibus
3056 3383 3190 3421 vero
3219 3366 3427 3431 nollet,
3479 3382 3709 3437 nequa-

2051 3465 2228 3518 quam
2260 3450 2575 3506 videretur.
2633 3453 2755 3517 Qua
2811 3470 2872 3508 re
2933 3460 3255 3526 comperta,
3308 3454 3710 3510 Diocletianus

2048 3538 2370 3604 veritus,ne
2394 3541 2440 3594 si
2474 3541 2645 3596 illum
2672 3542 2744 3596 ad
2760 3559 2820 3596 se
2839 3543 3155 3610 acciret,ab
3177 3560 3244 3598 eo
3269 3543 3704 3616 objurgaretur,

2050 3636 2282 3700 sumpto
2315 3631 2440 3684 velo
2473 3633 2748 3686 convenit
2797 3633 3118 3687 Lucianum
3155 3649 3168 3687 :
3229 3633 3398 3703 cujus
3434 3634 3700 3688 animum

2049 3735 2182 3772 cum
2216 3718 2396 3773 nullis
2429 3720 2655 3774 artibus
2684 3737 2718 3774 a
2748 3722 3045 3775 sententia
3061 3719 3356 3776 dimovere
3388 3721 3698 3792 potuisset,

2047 3805 2248 3861 inedia
2276 3824 2410 3861 eum
2443 3809 2653 3863 conﬁci
2679 3809 2878 3879 jussit.
2913 3809 3097 3880 Igitur
3122 3826 3256 3864 cum
3312 3809 3547 3864 nullum
3594 3826 3702 3882 per

2049 3893 2268 3948 multos
2299 3895 2422 3949 dies
2453 3895 2649 3950 cibum
2683 3895 3137 3968 degustasset,in
3156 3913 3390 3952 carcere
3419 3897 3697 3969 decessit,

2047 3998 2114 4037 ac
2145 3982 2205 4036 in
2236 3999 2398 4038 mare
2427 3984 2728 4056 projectus
2753 3984 2883 4040 fuit.

2701 4195 2923 4250 Eodem
2962 4195 3056 4252 die

2045 4313 2200 4370 I20
2248 4313 2704 4369 Commemoratio
2777 4317 2956 4396 sancti
2990 4315 3194 4396 .Patris
3280 4315 3458 4371 nostri
3499 4314 3703 4371 Sabini

2753 4402 3017 4456 episcopz.

2116 4503 2326 4556 Beatus
2349 4501 2598 4557 Sabinus
2630 4508 2873 4573 propter
2905 4502 3150 4556 eximias
3180 4502 3447 4568 virtutes,
3500 4507 3558 4555 et
3587 4502 3693 4556 ho-

2041 4591 2413 4645 nestissimos
2437 4607 2630 4645 mores
2651 4591 2907 4661 primum
2933 4591 3172 4660 quidem
3204 4590 3515 4661 episcopus
3541 4590 3700 4645 ordi-

293 4677 614 4739 ἐπίσκοπος.
650 4679 806 4744 Εἶτα,
848 4675 978 4739 τοὺς
1037 4672 1301 4751 θορύϐους
1357 4682 1454 4732 τοῦ
1505 4679 1714 4750 κόσμου
1769 4700 1932 4734 κατα-

2060 4685 2216 4734 ιδῐιιε
2245 4679 2373 4733 fuit.
2409 4679 2519 4734 Sed
2560 4684 2764 4750 postea
2823 4695 2956 4733 cum
3015 4679 3328 4733 saeculares
3379 4679 3696 4749 tumultus,

291 4767 494 4838 λιπὼν,
523 4765 616 4821 διὰ
646 4767 708 4821 τὸ
758 4772 862 4836 τῆς
919 4766 1154 4840 ἡσυχίας
1211 4766 1401 4834 καλὸν,
1446 4765 1712 4840 ἐμάκρυνε
1773 4789 1944 4845 φυγα-

293 4853 458 4910 δεῦων
489 4857 545 4910 ἐν
572 4862 692 4917 ταῖς
721 4855 968 4930 ἐρήμοις·
1019 4855 1109 4909 καὶ
1160 4859 1418 4910 τοσοῦτον
1469 4857 1778 4930 ἠγωνίσατο
1809 4857 1944 4933 πρὸς

293 4945 506 5019 ἀρετήν,
597 4943 897 5014 νηστείαις,
950 4945 1040 4999 καὶ
1095 4945 1434 5020 ἀγρυπνίαις,
1502 4946 1591 5000 καὶ
1658 4947 1944 5017 ἀσκήσεσιν

298 5035 480 5090 ἑαυτὸν
508 5033 758 5099 ἐπιδοὺς,
792 5035 864 5095 ὡς
894 5035 982 5088 καὶ
1017 5035 1306 5107 θαυμάτων
1339 5035 1634 5106 ἀξιωθῆναι
1692 5035 1941 5091 πολλῶνο

295 5125 476 5186 νόσους
543 5121 892 5190 ἀπελαύνειν,
946 5121 1189 5198 λεπροὺς
1271 5123 1600 5196 καθαρίζειν,
1683 5121 1942 5197 δαίμονας

300 5211 536 5284 διώκειν,
597 5213 688 5267 καὶ
734 5211 1023 5287 προλέγειν
1076 5212 1145 5267 τὰ
1203 5211 1498 5286 μέλλοντα.
1577 5211 1828 5276 Πολλοὺς
1887 5212 1944 5268 δὲ

303 5302 609 5379 ὠσελήσας,
644 5301 731 5356 καὶ
777 5303 912 5376 πρὸς
964 5303 1157 5377 ἀρετήν
1206 5299 1485 5356 ἐπιδοῦναι
1541 5303 1797 5372 ποιήσας,
1857 5299 1944 5357 διὰ

300 5394 388 5458 τῆς
412 5390 770 5454 διδασκαλίας
800 5390 985 5445 αὐτοῦ’
1020 5389 1107 5445 καὶ
1140 5390 1242 5465 γὰρ
1300 5389 1507 5446 πολλοὶ
1555 5391 1942 5466 προσήρχοντο

305 5481 440 5553 αὖτῷ
472 5483 641 5556 χάριν
685 5479 979 5556 ὠφελείαςο
1032 5480 1122 5533 καὶ
1181 5479 1366 5541 πείσας
1421 5481 1632 5556 ἀφεῖναι
1690 5483 1777 5536 καὶ
1837 5501 1940 5558 γο-

304 5576 419 5639 νεῖς,
448 5572 539 5626 καὶ
574 5569 872 5648 ἀδελφοὺς,
917 5569 1009 5624 καὶ
1071 5568 1325 5637 οἰκείους,
1377 5569 1466 5624 καὶ
1521 5575 1601 5644 τῷ
1660 5572 1944 5644 μοναχικῷ

308 5658 398 5731 βίῳ
429 5659 782 5737 προσελθεῖν,
842 5659 935 5714 καὶ
997 5658 1214 5733 Χριστῷ
1273 5655 1571 5730 δουλεύειν,
1627 5660 1715 5714 καὶ
1787 5661 1942 5732 θερα-

305 5749 468 5806 πεύειν
500 5750 663 5805 αὐτὸν
720 5747 811 5804 διὰ
862 5748 1202 5823 καθάρσεως,
1246 5747 1337 5802 καὶ
1389 5750 1486 5817 τῆς
1536 5752 1643 5804 τῶν
1704 5747 1942 5805 ἐντολῶν

2053 4769 2267 4840 quietis
2296 4768 2908 4835 studio,fastidiret,in
2939 4785 3205 4822 eremum
3237 4769 3524 4840 proculab
3541 4770 3703 4824 omni

2052 4858 2360 4912 hominum
2393 4856 2826 4912 consuetudine
2857 4858 3175 4928 profectus,
3225 4874 3292 4913 ea
3323 4859 3702 4914 contentione

2053 4946 2468 5018 comparandis
2500 4945 2810 5000 virtutibus
2842 4946 3130 5013 incubuit,
3156 4946 3415 5018 seipsum
3430 4947 3702 5019 jejuniis,

2051 5036 2286 5108 vigiliis,
2335 5040 2393 5089 et
2449 5034 2974 5090 exercitationibus
3024 5034 3238 5103 dando,
3299 5041 3366 5090 ut
3418 5036 3708 5091 meruerit

2051 5125 2240 5180 multa
2271 5123 2557 5178 miracula
2587 5122 2783 5192 edere,
2815 5124 3054 5179 morbos
3085 5123 3406 5196 depellere,
3434 5123 3706 5196 leprosos

2052 5213 2360 5280 mundare,
2395 5213 2694 5267 daemones
2727 5211 2949 5285 fugare,
2981 5212 3257 5268 etfutura
3279 5214 3704 5285 prmnuntiare.

2051 5305 2196 5358 Cum
2227 5309 2423 5358 autem
2457 5301 2661 5356 multis
2692 5302 3036 5374 profuisset,
3075 5308 3132 5356 et
3161 5302 3234 5357 ad
3267 5319 3328 5358 se
3360 5303 3712 5359 accedentes

2051 5393 2321 5447 doctrina
2345 5409 2450 5447 sua
2481 5391 2552 5446 ad
2582 5391 2831 5447 virtutes
2861 5409 2930 5448 eo
2962 5393 3359 5464 provexisset,
3393 5398 3460 5448 ut
3488 5393 3712 5448 relictis

2052 5481 2419 5553 parentibus,
2442 5480 2746 5548 fratribus,
2781 5487 2838 5536 et
2873 5481 3071 5548 domo,
3106 5483 3284 5536 vitam
3319 5483 3714 5538 monasticam

2052 5572 2325 5644 professi,
2360 5571 2591 5626 Christo
2653 5572 2962 5639 servirent,
2997 5572 3170 5643 eique
3223 5571 3283 5624 in
3319 5572 3597 5642 puritate,
3660 5574 3719 5626 et

2054 5661 2469 5716 mandatorum
2498 5658 2768 5714 custodia
2813 5660 3288 5723 famularentur;
3325 5657 3386 5712 in
3417 5675 3566 5729 pace
3611 5657 3716 5713 de-

2054 5750 2252 5818 cessit,
2281 5765 2514 5805 sacrum
2541 5747 2782 5818 quidem
2815 5748 3087 5819 spiritum
3119 5745 3389 5814 Domino,
3422 5747 3711 5816 pretiosas
