4140 6302
478 446 589 507 111

1794 441 2233 507 MENOLOGII
2272 442 2475 505 PARS
2518 442 2568 502 Ι.

3772 445 3887 507 112

476 584 675 635 autem
704 579 990 652 reliquias
1021 595 1157 637 suas
1189 584 1452 655 cognatae
1474 586 1645 637 terrea
1661 578 2118 636 commendans:

2243 572 2505 649 ιργασίας,
2535 570 2588 628 ἔν
2619 569 2811 647 εἲρήνῇ
2852 569 3172 643 ἐτελειώθη’
3225 571 3289 628 τὸ
3340 573 3435 646 μὶν
3490 572 3635 650 ἱερὸν
3666 578 3883 649 πνεῦμα

477 686 609 741 quae
642 686 831 742 usque
862 670 923 725 in
973 676 1331 743 praesentem
1379 670 1537 728 diem
1583 670 1922 728 curationes
1966 668 2136 724 emit-

481 764 632 815 tunt.

1042 878 1284 934 EODEM
1308 877 1561 934 MENSE.

1054 996 1157 1052 Die
1187 996 1419 1052 decima
1442 1000 1606 1050 sexta

479 1087 623 1143 121
666 1087 951 1143 Certamen
988 1085 1171 1141 sancti
1215 1084 1477 1157 martyris
1506 1082 1749 1155 Longini
1777 1082 2132 1141 centurionis.

546 1248 650 1303 Hic
679 1247 909 1303 Tiberio
941 1246 1171 1303 Caesare
1194 1264 1264 1302 ex
1293 1247 1535 1319 regione
1566 1245 1978 1319 Cappadocum
1994 1261 2135 1302 cen-

476 1338 632 1393 turio
660 1336 793 1408 fuit,
841 1336 1109 1392 militans
1155 1337 1263 1393 sub
1329 1337 1520 1392 Pilato
1572 1335 1787 1392 Judaaae
1830 1336 2131 1408 praefecto,

476 1426 648 1496 cujus
670 1426 847 1497 jussu
874 1426 1149 1498 pretiosae
1179 1426 1395 1480 Christi
1442 1425 1706 1498 passioni
1738 1429 1797 1480 et
1824 1425 1984 1481 cruci
2015 1441 2137 1482 una

475 1532 610 1570 cum
640 1515 910 1571 centuria
940 1530 1048 1571 sua
1096 1516 1471 1571 ministravit.
1507 1515 1618 1571 Sed
1670 1532 1805 1571 cum
1864 1533 1953 1585 ea,
2002 1532 2134 1588 quaa

476 1605 706 1661 Christo
738 1604 800 1659 in
832 1621 1069 1660 crucem
1095 1605 1327 1661 sublato
1370 1604 1614 1674 fiebant,
1648 1603 1937 1660 miracula
1955 1604 2136 1660 vidis-

479 1700 588 1762 set,
622 1696 794 1750 terrm
827 1695 1054 1750 scilicet
1077 1693 1473 1763 motum,solis
1504 1693 2138 1767 deliquium,sepulcra

479 1791 703 1857 aperta,
736 1789 1001 1839 mortuos
1033 1784 1550 1856 excitatos,petras
1582 1785 1817 1854 scissas,
1848 1784 2139 1840 exclama-

476 1873 595 1927 vit:
631 1874 777 1928 Vere
809 1873 909 1926 Dei
943 1873 1126 1927 Filius
1154 1878 1279 1927 erat
1304 1873 1413 1927 iste
1448 1872 1882 1944 :abdicatoque
1905 1872 2134 1927 militiaa

2238 664 2406 719 αὑτοῦ
2432 659 2708 737 παραδοὺς
2737 665 2817 734 τῷ
2846 664 3058 737 Κυρίῳ,
3113 661 3176 717 τὸ
3234 659 3293 718 δὲ
3340 663 3529 735 τίμιον
3575 662 3745 720 αὑτοῦ
3777 663 3889 721 λεί-

2240 754 2412 826 ψανον
2438 755 2509 827 τῇ
2542 756 2780 828 συγγενεῖ
2804 753 2899 826 γῇ,
2923 748 3005 806 ἔτι
3031 749 3124 805 καὶ
3153 754 3247 806 νῦν
3282 750 3448 827 βρύον
3482 750 3709 826 ἰάματα.

2794 878 2970 936 ΜΗΝΙ
2998 882 3082 933 ΤΩ
3114 880 3318 937 ΑΥΤΩ.

3039 996 3114 1064 lC‘

2240 1086 2511 1157 ’Λθλησις
2537 1088 2635 1142 τοῦ
2675 1086 2832 1160 ἀγίου
2866 1088 3140 1162 μάρτυρος
3191 1085 3461 1162 Λογγίνου
3509 1088 3609 1140 τοῦ
3665 1086 3891 1143 ἑκατον-

2982 1160 3216 1232 τᾶρχσυ.

2312 1244 2435 1303 Ἐπὶ
2465 1240 2727 1320 Τιϐερίου
2771 1246 3038 1322 Καίσαρος
3096 1245 3164 1314 ἦν
3215 1244 3376 1310 οὗτος
3428 1243 3490 1301 ἐκ
3542 1252 3643 1317 τῆς
3695 1248 3888 1324 χώρας

2235 1338 2343 1389 τῶν
2416 1333 2832 1409 Καππαδοκῶν,
2917 1336 3322 1411 ἑκατοντάρχης
3407 1337 3671 1413 ὑπάρχων
3695 1381 3711 1408 ,
3793 1338 3889 1393 καὶ

2237 1424 2662 1500 στρατευόμενος
2721 1425 2823 1480 ὑπὸ
2869 1422 3100 1498 Πιλάτῳ
3149 1428 3229 1497 τῷ
3277 1427 3377 1490 τῆς
3430 1422 3698 1489 Ἰουδαίας
3757 1428 3891 1502 ἠγε-

2242 1513 2389 1586 μόνι·
2450 1513 2600 1575 ὅστις
2656 1512 2746 1567 καὶ
2802 1511 3124 1590 προσέταξεν
3192 1513 3344 1586 αὑτῷ
3408 1514 3747 1589 ὑπηρετῆσαι
3812 1515 3893 1578 εἷς

2235 1600 2301 1655 τὰ
2355 1600 2512 1675 τίμια
2566 1598 2713 1673 πάθη
2766 1605 2862 1657 τοῦ
2922 1603 3184 1677 Χριστοῦ,
3239 1603 3328 1657 καὶ
3391 1605 3491 1673 τήν
3554 1603 3892 1679 σταύρωσιν,

2240 1689 2376 1763 μετὰ
2404 1694 2512 1746 τῶν
2546 1690 2636 1746 ὑπ’
2666 1691 2825 1746 αὑτὸν
2861 1691 3049 1747 ἑκατὸν
3082 1696 3453 1768 στρατιωτῶν.
3516 1691 3677 1749 ’Λλλ⁹
3722 1693 3893 1758 αὐτὸς

2239 1775 2369 1833 ἰδὼν
2398 1779 2465 1834 τὰ
2496 1777 2584 1834 ἐπὶ
2609 1783 2707 1835 τοῦ
2739 1784 2971 1855 σταυροῦ
3027 1784 3120 1836 τοῦ
3150 1782 3386 1855 Χριστοῦ
3442 1782 3713 1856 γενόμενα
3763 1782 3894 1847 θαύ-

2242 1889 2403 1942 ματα,
2434 1868 2525 1924 τὸν
2556 1871 2800 1942 σεισμὸν,
2832 1875 2930 1924 τοῦ
2956 1870 3121 1941 ἡλίου
3194 1872 3255 1927 τὸ
3311 1870 3525 1943 σκότος,
3579 1872 3706 1935 τοὺς
3764 1872 3899 1930 ἀνο-

479 1964 591 2020 sibi
620 1965 901 2036 subjecta;
933 1982 1204 2032 munere,
1238 1966 1299 2019 in
1331 1966 1582 2037 patriam
1607 1966 1804 2031 rediit,
1838 1965 2132 2020 Christum

2243 1953 2426 2030 γέντας
2476 1959 2708 2031 τάφους,
2759 1958 2886 2021 τοὺς
2937 1957 3245 2035 ἐγερθέντας
3296 1960 3542 2037 νεκροὺς,
3616 1963 3710 2025 τὰς
3760 1962 3894 2019 σχι-

479 2054 828 2125 praedicans.
863 2055 986 2119 Quo
1019 2059 1323 2125 comperto
1354 2054 1561 2120 Judaai,
1594 2055 1846 2125 pecunia
1877 2053 2132 2108 Pilatum

481 2144 902 2210 subornarunt,
925 2144 1026 2213 qui
1059 2144 1134 2198 ad
1164 2143 1461 2198 Tiberium
1493 2144 1773 2199 adversus
1804 2144 2132 2215 Longinum

482 2233 929 2304 scripsit.Atille
952 2233 1234 2289 decollari
1258 2251 1393 2289 eum
1416 2251 1537 2289 una
1557 2251 1693 2290 cum
1714 2233 1947 2290 duobus
1961 2232 2137 2289 sociis

484 2321 776 2375 militibus
790 2321 1110 2390 mandavit,
1137 2323 1385 2394 ejusque
1407 2328 1583 2393 caput
1604 2322 2010 2393 Hierosolyma
2035 2321 2139 2376 de—

485 2411 626 2466 ierri
658 2410 845 2482 :quod
874 2412 936 2464 in
962 2411 1404 2482 sterquilinium
1427 2411 1745 2483 dejectum,
1768 2411 1978 2467 tandiu
1993 2409 2139 2465 deli-

486 2499 816 2565 tuit,donec
853 2498 1071 2553 mulier
1096 2500 1369 2570 quaadam
1400 2500 1715 2571 Cappadox
1744 2516 1919 2567 caeca,
1943 2499 2139 2554 divino

2242 2046 2451 2110 σθείσας
2511 2048 2735 2123 πέτρας,
2787 2044 3102 2120 ἀνεϐόησεν
3138 2048 3395 2121 Ἀληθῶς
3452 2055 3586 2106 Θεοῦ
3639 2052 3762 2114 Υἱὸς
3821 2055 3892 2122 ἦν

2243 2135 2420 2200 οὗτος.
2455 2136 2557 2193 Καὶ
2586 2134 2903 2193 καταλιπὼν
2932 2140 3031 2208 τὴν
3084 2139 3451 2212 ὑποκειμένην
3514 2141 3659 2212 αὐτῷ
3714 2161 3894 2216 στρα-

2243 2223 2409 2295 τείαν,
2450 2225 2540 2280 καὶ
2627 2226 2725 2296 τήν
2812 2224 2955 2281 ῗδίαν
3004 2227 3193 2303 χώραν
3251 2222 3596 2300 καταλαϐὼν,
3629 2229 3899 2305 ἐκήρυττε

2245 2314 2336 2368 τὸν
2366 2315 2617 2389 Χριστόν.
2651 2316 2749 2369 Καὶ
2785 2315 3043 2389 μαθόντες
3089 2320 3252 2371 τοῦτο
3320 2316 3372 2371 οἱ
3429 2314 3706 2387 Ἰουδαῖοι,
3755 2314 3901 2373 ἔδω-

2248 2422 2342 2457 καν
2382 2407 2461 2475 τῷ
2518 2401 2742 2476 Πιλάτῳ
2798 2406 3082 2479 χρήματα.
3142 2405 3239 2459 Καὶ
3298 2406 3325 2460 ὁ
3401 2406 3637 2469 Πιλᾶτος
3693 2396 3901 2484 ἔγραψε

2247 2492 2385 2567 πρὸς
2417 2487 2667 2565 Τιϐέριον
2697 2495 2833 2549 κατά
2860 2499 2957 2549 τοῦ
2989 2494 3278 2570 Λογγίνου.
3341 2496 3402 2552 Ὀ
3458 2493 3515 2551 δὲ
3562 2497 3899 2561 ἀποστείλας

483 2588 788 2644 admonita
814 2588 963 2651 visu,
996 2588 1407 2661 Hierosolyma
1448 2589 1732 2661 profecta,
1783 2588 2029 2657 invenit,
2056 2587 2132 2642 vi-

2250 2583 2638 2660 ἀπεκεφάλισεν
2671 2584 2855 2653 αὐτὸν,
2913 2585 3003 2639 καὶ
3052 2585 3183 2647 τοὺς
3241 2584 3332 2639 σὺν
3385 2585 3531 2658 αὑτῷ
3588 2584 3683 2641 δύο
3730 2607 3907 2662 στρα-

482 2693 732 2747 sumque
763 2676 1006 2746 recepit.

2248 2673 2473 2744 τιώτας,
2504 2673 2833 2736 ἀποστείλας
2888 2674 2989 2743 τήν
3047 2672 3290 2752 κεφαλὴν
3352 2675 3521 2731 αὑτοῦ
3588 2676 3908 2754 εἷςἹερου-

479 2763 619 2834 σαλή
632 2783 689 2837 μ·
724 2761 844 2833 ἤτις
876 2757 1079 2838 ἐκρύϐη
1113 2761 1165 2818 ἐν
1196 2764 1410 2841 κόπρῳ.
1443 2766 1697 2841 Ὕστερον
1732 2762 1789 2820 δὲ
1819 2765 1954 2841 γυνή
1985 2783 2070 2825 τις
2105 2760 2212 2818 ἀπὸ
2232 2757 2612 2819 Καππαδοκῶν
2639 2760 2819 2840 τυφλή
2851 2760 2904 2817 ἐν
2936 2760 3081 2826 θείας
3125 2760 3385 2826 ὀπτασίας
3442 2762 3753 2820 ἀπελθοῦσα
3811 2765 3899 2829 είς

494 2861 863 2937 Ιερουσαλήμ,
897 2858 988 2915 καὶ
1020 2862 1254 2936 εὑρουσα
1280 2863 1379 2932 τὴν
1411 2861 1683 2940 κεφαλήν,
1715 2857 2033 2938 ἀνέϐλεψεν.

1042 2995 1284 3051 EODEM
1313 2994 1458 3050 ΜΕΝ
1463 2994 1565 3049 SE.

976 3110 1081 3166 Die
1108 3109 1341 3167 decima
1384 3110 1638 3182 septima

483 3225 639 3282 122
672 3228 962 3283 Certamen
1019 3235 1341 3353 sanctogum.
1381 3235 1690 3301 martyrum
1709 3229 2042 3302 Chrysemthi
2085 3237 2138 3287 et

1252 3316 1409 3353 ariae.

1252 3316 1409 3356 artae.

550 3403 675 3471 Isti,
699 3404 1057 3461 Numeriano
1088 3406 1465 3478 imperatore,
1496 3406 1858 3477 claruerunt,
1883 3413 1942 3465 et
1956 3409 2130 3482 Chry-

481 3492 729 3548 santhus
756 3493 995 3565 quidem
1027 3497 1272 3552 Romam
1299 3513 1433 3552 cum
1464 3503 1637 3569 patre
1662 3500 1945 3555 senatorii
1979 3498 2133 3554 ordi-

478 3580 574 3635 nis
632 3581 753 3636 viro
811 3584 1133 3656 prolectus,
1205 3585 1420 3640 Christi
1501 3585 1618 3641 ﬁde
1696 3587 1771 3641 ab
1847 3588 2137 3660 Episcopo

480 3672 739 3745 quodam
772 3674 834 3730 in
866 3676 1151 3748 spelunca
1181 3676 1401 3733 latente
1432 3678 1783 3735 instituitur.
1818 3679 1983 3745 Quod
2036 3679 2137 3734 ubi

475 3765 715 3821 rescivit
743 3772 931 3838 pater,
964 3768 1028 3823 in
1052 3768 1489 3826 tenebricosum
1546 3787 1845 3826 carcerem
1879 3789 2014 3827 eum
2045 3773 2135 3828 in-

477 3855 702 3911 cludit:
739 3862 864 3912 tum
896 3859 1204 3929 compellit
1233 3877 1476 3916 uxorem
1495 3860 1710 3916 ducere
1745 3862 1978 3917 Dariam
2000 3862 2136 3933 phi-

476 3946 802 4019 1050phicis
834 3950 1123 4005 imbutam
1157 3952 1409 4007 studiis:
1444 3970 1560 4024 qua
1592 3960 1791 4009 tamen
1822 3971 1943 4009 non
1966 3971 2136 4009 secus

478 4054 546 4092 ac
596 4054 796 4092 sorore
856 4056 999 4094 usus
1030 4047 1139 4109 est,
1200 4043 1439 4110 quando
1494 4044 1554 4098 id
1591 4051 1841 4115 uterque
1899 4045 2135 4101 consilii

479 4130 736 4196 ceperat,
770 4131 835 4178 ut
859 4127 1256 4196 virginitatem
1286 4129 1360 4183 ad
1390 4135 1643 4184 mortem
1673 4147 1862 4202 usque
1907 4140 2138 4188 tueren-

480 4218 595 4268 tur.
626 4215 815 4278 Quare
846 4220 905 4270 et
962 4216 1091 4286 ipsa
1145 4217 1437 4288 baptizata
1465 4225 1572 4274 est.
1634 4221 1745 4275 Sed
1795 4239 1930 4277 cum
1959 4223 2134 4279 ambo

478 4302 771 4373 populum
804 4302 877 4359 ad
907 4309 1068 4359 caste
1102 4310 1547 4378 temperateque
1565 4308 1877 4366 vivendum
1897 4311 2136 4370 induce-

476 4391 913 4458 rent,inﬂdeles
944 4394 1249 4465 aegerrime
1278 4394 1778 4463 ferentes,uxores
1810 4416 1948 4455 suas
1978 4400 2132 4457 facto

480 4497 682 4537 secum
715 4481 985 4549 divortio,
1020 4482 1251 4539 Christo
1293 4483 1670 4556 desponderi,
1702 4503 1829 4543 rem
1858 4488 2134 4545 deferunt

475 4570 775 4642 praefecto,
817 4571 918 4643 qui
962 4571 1102 4628 illas
1159 4572 1401 4629 Claudio
1440 4574 1679 4631 tribuno
1734 4577 1997 4633 tradidit.
2048 4580 2131 4635 Ex

477 4658 623 4714 urbe
654 4659 833 4731 igitur
858 4660 1075 4731 educti,
1109 4666 1169 4715 et
1214 4662 1392 4717 variis
1447 4664 1808 4720 cruciatibus
1847 4667 2008 4735 torti,
2067 4668 2129 4723 in

475 4746 704 4803 foveam
734 4766 900 4805 cceno
930 4750 1172 4821 plenam
1201 4750 1562 4824 dejiciuntur
1591 4758 1807 4826 ;atque
1836 4756 2131 4830 obruti,jet

476 4836 828 4909 conculcati,
854 4837 1165 4896 decedunt.

1113 5134 1335 5191 Eodem
1390 5136 1485 5193 die

614 5248 769 5306 128
803 5248 1257 5307 Commemoratio
1296 5253 1481 5309 sancti
1524 5254 1651 5313 Osee
1670 5259 1977 5331 propheta.

541 5365 687 5422 Osee
742 5365 1034 5437 propheta
1086 5383 1155 5422 ex
1206 5369 1446 5442 regione
1500 5372 1716 5429 Iudaeae
1744 5375 1878 5445 fuit,
1935 5379 2122 5438 Deum

467 5454 599 5510 cmli
631 5459 686 5509 et
720 5458 890 5510 terrae
918 5455 1142 5526 colens,
1158 5456 1418 5531 deosque
1439 5462 1708 5533 gentium
1733 5464 1868 5522 odio
1893 5466 2122 5526 habens

465 5549 524 5597 et
545 5560 878 5602 exsecrans.
911 5545 1368 5619 Judaeorumque
1416 5551 1842 5608 contribulium
1875 5573 2120 5616 suorum

463 5650 694 5690 errores
750 5634 1072 5707 corrigens.
1136 5637 1325 5701 Quare
1411 5640 1739 5696 maximum
1794 5646 2121 5718 prophetia;

460 5723 687 5780 donum
711 5724 941 5797 accepit
966 5740 978 5779 :
1012 5729 1071 5778 et
1120 5725 1312 5782 multa
1334 5727 1575 5798 quidem
1595 5729 1880 5789 adversus
1913 5735 2118 5808 Israel,

461 5819 520 5868 et
548 5813 828 5869 adversus
859 5817 1063 5886 gentes
1085 5815 1457 5885 prOphetavit
1480 5834 1495 5885 ;
1519 5818 1622 5873 sed
1652 5818 1801 5877 illud
1822 5825 2121 5898 praacipue

462 5902 699 5975 signum
724 5901 911 5973 dedit,
946 5901 1105 5972 quod
1132 5907 1422 5960 venturus
1452 5911 1611 5963 esset
1638 5908 1946 5983 Dominus,
1980 5916 2120 5974 etin

2799 2989 2981 3046 ΜΗΝΙ
3019 2993 3108 3044 ΤΩ
3147 2991 3338 3050 ΑΥΤΩ.

3009 3105 3107 3162 ΙΖ’.

2244 3216 2516 3289 ηΑθλησις
2597 3222 2705 3275 τῶν
2812 3218 3361 3367 ἀγίιιῗαρεμῗςρτύρων
3424 3222 3743 3298 Χρυσάνθου
3797 3225 3901 3282 καί

2315 3377 2477 3433 Οὗτοι
2542 3379 2796 3456 ὑπῆρχον
2846 3379 2933 3435 ἐπὶ
2991 3386 3365 3458 Νουμεριανοῦ
3432 3387 3529 3439 τοῦ
3593 3382 3896 3461 βασιλέως·

2240 3466 2333 3520 καὶ
2364 3467 2392 3521 ὁ
2423 3467 2517 3540 μὲν
2545 3469 2861 3543 Χρύσανοος
2915 3469 3167 3525 ἀπελθὼν
3218 3472 3331 3544 ἅμα
3383 3476 3463 3544 τῷ
3522 3469 3648 3545 ἰδίῳ
3698 3474 3901 3550 πατᾶρι

2243 3552 2298 3609 ἐν
2382 3555 2589 3631 Ῥώμῃ,
2677 3557 3028 3635 συγκλητικῷ
3102 3558 3430 3636 ὑπάρχοντι,
3487 3558 3695 3634 γίνεται
3750 3564 3902 3637 Χρι-

2244 3643 2457 3706 στιανὸς
2509 3643 2655 3719 παρά
2701 3666 2849 3708 τινος
2928 3646 3226 3702 ἐπισκόπου
3293 3646 3345 3703 ἐν
3426 3648 3685 3724 σπηλαίῳ
3756 3671 3903 3726 κρυ-

2241 3729 2536 3806 πτομὲνου.
2619 3733 2801 3790 Ἀλλά
2876 3740 3045 3791 ταῦτα
3098 3735 3260 3812 γνοὺς
3339 3738 3367 3793 ὁ
3445 3740 3625 3815 πατὴρ
3701 3739 3898 3812 αὑτοῦ,

2242 3819 2472 3895 ἐγκλείει
2530 3822 2690 3879 αὑτὸν
2765 3823 2843 3887 εἷς
2902 3826 3181 3895 σκοτεινὴν
3265 3824 3534 3902 φυλακήψ
3593 3828 3705 3883 εἶτα
3759 3849 3894 3884 κατ-

2241 3911 2519 3987 αναγκάζει
2580 3909 2767 3969 λαϐεῖν
2821 3920 3066 3989 γυναῖκα.
3130 3916 3224 3971 Καὶ
3278 3913 3500 3972 δίδωσιν
3575 3917 3721 3990 αὑτῷ
3780 3926 3892 3974 Δα-

2243 4001 2389 4074 ρείαν
2455 4002 2554 4070 τήν
2614 4000 2941 4081 φιλόσοφον.
2999 4006 3057 4061 Ὀ
3117 4001 3174 4059 δὲ
3222 4004 3535 4081 Χρύσανθος
3598 4004 3725 4062 ἰδὼν
3789 4008 3893 4062 αὑ-

2240 4090 2363 4160 τήν,
2424 4091 2700 4167 ἐχρήσατο
2749 4082 2885 4167 αὑτῇ
2946 4094 3020 4156 ὡς
3074 4092 3307 4173 ἀδελφῇ,
3366 4094 3456 4149 καὶ
3532 4091 3892 4152 συνεϐουλεύο

2242 4200 2401 4236 σαντο
2456 4186 2553 4237 τοῦ
2588 4185 2754 4259 μέχρι
2799 4183 3030 4239 θανάτου
3089 4185 3222 4241 εἶναι
3274 4187 3554 4262 παρθένοι.
3587 4187 3718 4244 Εἶτα
3761 4180 3893 4244 ἐϐα-

2239 4270 2433 4339 πτίσθη
2517 4272 2606 4327 καὶ
2667 4272 2824 4344 αὐτή·
2899 4272 2990 4328 καὶ
3071 4271 3355 4330 ἐδίδασκον
3441 4275 3743 4352 ἀμφότεροι
3796 4278 3896 4334 τὸν

2242 4357 2370 4413 λαὸν
2434 4359 2554 4435 περὶ
2614 4362 2824 4436 ἁγνείας
2880 4362 2971 4418 καὶ
3053 4363 3430 4442 σωφροσύνης·
3504 4367 3894 4439 ἠγανάκτησαν

2238 4448 2329 4502 οὗν
2364 4448 2420 4502 οἱ
2449 4447 2739 4520 Ἕλληνες,
2796 4451 2878 4506 ’ὁτι
2931 4451 3027 4515 τάς
3085 4458 3342 4528 γυναῖκας
3394 4453 3597 4508 ἑαυτῶν
3638 4453 3891 4519 πείθουσι

2235 4538 2666 4611 καταλιμπάνειν
2699 4539 2915 4613 αὐτοὺς,
2948 4541 3036 4595 καὶ
3099 4543 3488 4616 μνηστεύεσθαι
3529 4546 3609 4615 τῷ
3638 4546 3887 4618 Χριστῷ-

2235 4625 2323 4681 καῖ
2367 4622 2655 4683 διέϐαλλον
2688 4628 2887 4692 αὐτοὺς
2940 4635 3018 4704 τῷ
3068 4630 3318 4707 ἐπάρχῳ
3373 4632 3463 4686 καὶ
3521 4629 3889 4708 παραδίδοντι

2238 4712 2490 4790 Κλαυδίῳ
2538 4716 2618 4789 τῷ
2669 4713 2963 4793 τριϐούνῳ.
3023 4718 3126 4777 Καὶ
3185 4721 3407 4798 ἄγονται
3483 4718 3582 4793 ἔξω
3633 4728 3736 4792 τῆς
3790 4744 3892 4779 πο-

2155 4815 2202 4881 D
2237 4801 2397 4871 λεως,
2440 4804 2529 4860 καὶ
2564 4806 2939 4879 βασανίζονται
2972 4805 3269 4886 διαφόρως.
3332 4809 3464 4867 Εἶτα
3522 4810 3726 4887 βόθρου
3787 4811 3890 4887 ὁρ-

2231 4892 2457 4967 χθὲντος
2514 4890 2921 4970 βορϐορώδους,
2960 4892 3333 4971 ἐμϐάλλονται
3391 4895 3714 4977 ἀμφότεροι.
3777 4897 3885 4958 Καί

2229 4984 2635 5057 καταχωθέντες
2662 4985 2751 5041 καὶ
2784 4986 3224 5058 καταπατθέΝτες,
3255 4988 3616 5046 τελειοῦνται.

2833 5139 3067 5216 Titum
3095 5137 3280 5218 ἡμέρᾳ

2510 5272 2719 5347 Μνήμη
2749 5277 2851 5329 τοῦ
2882 5274 3043 5351 ἀγίου
3090 5277 3379 5354 προφήτου
3408 5270 3591 5347 Ὠσηὲ·

2300 5383 2363 5440 Ὁ
2421 5387 2714 5462 προφήτης
2768 5389 2928 5459 Ὤσηὶ
2992 5390 3211 5466 ὑπῆρχε
3264 5390 3365 5465 μὶν
3419 5389 3480 5447 ἐκ
3531 5396 3632 5461 τῆς
3688 5390 3886 5467 χώρας

2229 5470 2515 5543 Ἰουδαίας,
2546 5475 2640 5531 τὸν
2672 5472 2731 5532 δὲ
2761 5478 2889 5532 Θεὸν
2922 5481 3023 5533 τοῦ
3055 5478 3288 5553 οὐρανοῦ
3317 5480 3408 5535 καὶ
3463 5485 3564 5549 τῆς
3623 5486 3731 5554 γῆς
3790 5500 3880 5536 σε-

2231 5555 2485 5635 ϐόμενος·
2546 5563 2636 5620 καὶ
2688 5564 2816 5629 τοὺς
2866 5571 2975 5622 τῶν
3036 5566 3201 5623 ἐθνῶν
3282 5569 3438 5633 θεοὺς
3526 5572 3725 5642 μισῶν,
3784 5568 3876 5624 καὶ

2231 5650 2722 5729 ἀποστρεφόμενος·
2833 5654 2924 5710 καὶ
2990 5659 3098 5712 τῶν
3205 5656 3505 5734 ὁμοφύλων
3592 5654 3878 5713 Ἰουδαίων

2226 5737 2293 5794 τὰ
2323 5738 2615 5818 σφάλματα
2645 5739 3059 5819 διορθούμενος,
3122 5742 3336 5817 ἐδέξατο
3395 5745 3734 5821 προφητείας
3777 5766 3879 5820 με·

2225 5827 2367 5903 γάλα
2443 5829 2777 5906 χαρίσματα.
2837 5833 2937 5888 Καὶ
3015 5832 3203 5891 πολλά
3281 5834 3663 5913 προφητεύσας
3738 5834 3881 5890 κατὰ

2224 5937 2283 5972 τε
2304 5921 2401 5974 τοῦ
2442 5919 2689 5995 Ἰσραὴλ,
2751 5922 2839 5979 καὶ
2888 5921 3025 5980 κατὰ
3078 5927 3187 5981 τῶν
3267 5923 3459 6000 ἐθνῶν,
3525 5918 3696 5980 ἔδωκε
3774 5944 3880 5998 ση-
