4132 6328
293 314 403 377 113

1809 315 2190 378 OGTOBER.

3594 319 3712 378 ιιι

295 454 468 523 μεῖον·
531 447 682 523 ἥξειν
733 451 832 506 τὸν
893 452 1093 527 Κύριον
1147 449 1235 507 ἐπὶ
1283 456 1388 526 γῆς
1440 449 1748 525 ἀνθρώποις
1811 469 1933 503 συν-

2051 453 2209 504 terra
2237 464 2372 504 cum
2393 447 2734 504 hominibus
2748 449 3407 504 conversaturus.Aliud
3420 456 3709 520 praeterea

293 539 786 616 αναστρεφόμενον.
850 539 954 596 Καὶ
1030 538 1199 596 ἔδωκε
1273 541 1432 615 τέρας
1491 538 1576 594 ὅτι
1637 537 1727 594 ὅτε
1806 534 1936 611 δύνῃ

290 634 318 684 δ
349 627 511 697 ἥλιος
551 627 604 683 ἐν
640 627 1005 702 Σηλὼμ,καί
1055 633 1284 704 μερισθῇ
1343 631 1379 698 ἡ
1439 626 1586 703 δρῦς,
1643 629 1678 697 ἡ
1737 626 1788 682 ἐν
1840 633 1934 680 Σι-

288 717 476 791 λωὰμ,
567 716 643 782 είς
727 715 941 774 δώδεκα
997 721 1161 792 μέρη,
1245 720 1636 793 γενηθήσονται
1725 714 1936 771 δώδεκα

291 803 470 880 δρύες·
523 808 826 875 τουτέστιν,
881 807 967 862 ὅτε
1017 808 1388 881 σταυρώσουσι
1440 807 1530 862 τὸν
1589 804 1780 863 Ἥλιον
1833 808 1932 874 τῆς

290 892 641 965 δικαιοσύνης
677 897 913 970 Χριστὸν
947 898 999 951 οἱ
1040 894 1325 965 Ἰουδαῖοι,
1381 895 1472 950 καὶ
1531 895 1720 962 θανὼν,
1775 891 1932 969 δύνῃ,

289 981 844 1058 διαμοιρισθήσονται
881 987 936 1040 αἱ
983 983 1195 1041 δώδεκα
1243 983 1410 1060 φυλαὶ
1464 988 1561 1039 τοῦ
1604 983 1824 1057 Ἰσραὴλ
1857 983 1932 1045 εἷς

287 1075 462 1128 πάντα
529 1075 596 1128 τὰ
679 1071 832 1145 ἔθνη,
889 1075 977 1130 καὶ
1037 1075 1433 1150 γενηθήσονται
1493 1071 1701 1128 δώδεκα
1756 1069 1931 1147 δρύες·

285 1161 413 1231 ἤτοι
447 1165 498 1218 οἱ
533 1161 745 1220 δώδεκα
787 1163 1110 1220 ἀπόστολοι·
1169 1163 1260 1219 καὶ
1303 1161 1576 1234 διδάξουσι
1632 1163 1804 1217 πάντα
1866 1161 1935 1217 τὰ

285 1250 412 1324 ἔθνη
447 1254 718 1310 πιστεύειν
755 1254 833 1317 εἰς
861 1256 952 1310 τὸν
993 1255 1252 1329 Χριστόν.
1310 1258 1485 1309 Ταῦτα
1530 1250 1930 1330 προφητεύσας,

283 1343 335 1399 ἒν
368 1345 564 1420 εἰρήνῃ
595 1343 929 1413 τελειωθεὶς,
957 1345 1147 1422 ἐτάφη.

877 1438 958 1508 Τῇ
991 1435 1126 1507 αὐτῇ
1158 1434 1341 1508 ἡμέρᾳ

284 1522 560 1592 Ἀθλησις
613 1527 760 1599 τῶν»
793 1524 964 1598 ἁγίων
1020 1523 1367 1599 ’ᾼναργύρων
1413 1525 1655 1599 ⁵κοσμόἱ⁸
1691 1522 1782 1599 καὶ
1831 1528 1932 1575 Δα-

355 1599 579 1673 μιανοῦς,
675 1596 784 1673 καὶ-
841 1593 951 1650 τῶν
1023 1593 1286 1673 eadem
1367 1593 1572 1651 αὐτῶν⁷
1644 1595 1928 1668 ’Λνθιμου,

357 1667 617 1720 Λεοντίου
648 1668 735 1721 καὶ
773 1668 1123 1742 Ἐυπρεπίου.

350 1757 511 1829 Τρεῖς
575 1756 709 1811 εἰσὶν
769 1757 824 1810 αἱ
883 1757 1122 1833 συζυγίαι
1180 1761 1289 1812 τῶν
1363 1756 1529 1834 ἁγίων
1602 1753 1929 1831 Λναργύρων

278 1846 476 1917 Κοσμᾶ
529 1846 622 1900 καὶ
705 1851 998 1920 Δαμιανοῦ,
1058 1847 1382 1921 ἀμφοτέρων
1428 1847 1514 1901 καὶ
1573 1850 1692 1908 τοῖς
1741 1843 1923 1905 αὐτοῖς

278 1933 508 2005 ὀνόμασι
539 1932 919 2009 καλουμένων,
953 1936 1062 2003 καὶ,
1093 1937 1191 2005 τήν
1243 1935 1492 2010 ίατρικήν
1551 1933 1753 2009 τέχνην
1807 1954 1928 2005 μετ-

276 2022 624 2097 ερχομένων,
686 2025 772 2078 καὶ
831 2027 932 2094 τήν
1009 2026 1384 2100 προσηγορίαν
1442 2032 1543 2094 τῆς
1601 2021 1921 2100 ἆναργυρίας

274 2109 548 2186 ἑχόντων.
583 2113 650 2169 Οἱ
680 2114 774 2185 μὲν
819 2115 921 2188 γὰρ
979 2113 1114 2182 ἦσαν
1173 2114 1283 2168 υἱοὶ
1345 2112 1613 2183 Θεοδότης
1667 2114 1920 2188 γυναικὸς

271 2196 566 2262 εὐλαϐοὖς.
600 2203 688 2257 Ἐν
747 2201 939 2277 εἰρήνῃ
999 2204 1355 2276 κοιμηθέντες
1401 2203 1489 2258 καὶ
1547 2204 1920 2266 κατατεθέντες

269 2287 322 2342 ἐν
354 2289 516 2361 τόπῳ
547 2288 878 2364 καλουμένῳ
931 2294 1197 2367 Φερεμάν.
1255 2293 1322 2351 Οἳ
1382 2291 1439 2347 δὲ
1495 2292 1546 2347 ἐν
1604 2297 1673 2366 τῇ
1727 2292 1924 2366 Ῥώμῃ

273 2375 470 2455 διῆγον
560 2377 782 2455 ἔχοντες
838 2378 1169 2436 διδάσκαλον
1243 2383 1524 2460 φθονερόν·
1584 2383 1730 2444 ὅστις
1791 2381 1926 2454 μετὰ

269 2467 442 2524 δόλου
475 2469 762 2544 ἀναγαγὼν
791 2469 985 2532 αὐτοὺς
1023 2471 1100 2535 εἰς
1156 2468 1305 2546 ὅρος,
1357 2473 1429 2533 ὡς
1487 2470 1647 2540 δῆθεν
1692 2470 1924 2546 βοτάνας

276 2558 634 2629 συνάξοντας,
667 2557 844 2622 λίθοις
877 2559 1109 2637 φονεύει.
1145 2563 1212 2617 Οἱ
1245 2559 1301 2615 δὲ
1331 2562 1403 2616 ὧν
1473 2561 1562 2616 καὶ
1614 2563 1649 2630 ἡ
1681 2564 1926 2636 παροῦσα

277 2646 540 2718 ἄθλησις,
579 2649 828 2722 ὑπῆρχον
862 2648 921 2703 ἐκ
973 2653 1070 2715 τῆς
1122 2651 1310 2724 χώρας
1385 2645 1666 2725 ’Λραϐίας·
1715 2671 1928 2726 περιερ-

281 2737 524 2809 χόμενοι
586 2735 643 2791 δὲ
695 2738 833 2792 κατὰ
888 2744 1058 2793 πᾶσαν
1103 2737 1287 2809 πόλιν,
1341 2739 1656 2813 ἐθεράπευον
1701 2740 1927 2816 ἀναργύ-

282 2849 391 2903 ρως
417 2827 554 2890 τοὺς
591 2828 964 2890 ἀσθενοῦντας.
1021 2831 1170 2887 Κατὰ
1218 2827 1276 2884 δὲ
1329 2831 1455 2893 τοὺς
1509 2831 1747 2905 χρόνους
1806 2839 1929 2885 Διο-

283 2921 594 2988 κλητιανοῦ
637 2920 989 2994 παρεγένοντο
1048 2919 1098 2974 ἐν
1167 2923 1236 2994 τῇ
1290 2921 1450 2995 χώρᾳ
1498 2928 1599 2990 τῆς
1661 2918 1928 2989 Κιλικίας,

279 3010 373 3062 καί
458 3009 821 3083 κρατηθέντες
904 3010 1243 3082 παρέστησαν
1345 3009 1518 3081 Λυσίᾳ
1591 3014 1671 3082 τῷ
1754 3007 1928 3065 δουκί·

279 3099 428 3159 ὅστις
484 3097 580 3152 καὶ
667 3096 941 3172 διαφόρως
1018 3102 1342 3175 τιμωρήσας
1421 3099 1638 3168 αὐτοὺς,
1710 3098 1928 3174 ὕστερον

2043 542 2343 593 ostentum
2375 537 2538 592 dedit
2574 553 2587 592 :
2620 536 2880 603 Occidet,
2914 537 3216 609 inquiens,
3248 538 3337 592 sol
3379 539 3442 594 in
3465 539 3660 595 Selom
3687 570 3702 621 ;

2041 626 2416 696 dissectaque
2478 627 2539 680 in
2584 625 2894 680 duodecim
2928 630 3124 697 partes
3177 627 3387 682 arbore
3427 626 3489 682 in
3521 627 3698 699 Siloe,

2041 721 2363 772 nascentur
2393 715 2704 771 duodecim
2736 716 2978 770 arbores
3005 732 3017 769 :
3043 716 3152 771 hoc
3185 722 3294 782 est,
3319 716 3532 772 cumin
3564 733 3696 772 cru-

2042 824 2170 863 cem
2202 807 2431 878 egerint
2449 806 2632 862 Judaei
2664 807 2964 861 Christum
2995 806 3189 861 Solem
3213 807 3484 879 justitiae,
3510 812 3569 862 et
3598 808 3696 862 hic

2042 902 2312 954 mortuus
2329 897 2743 967 fuerit,solque
2775 896 2972 951 radios
2998 913 3134 952 suos
3165 898 3517 965 condiderit,
3540 899 3692 953 divi-

2042 990 2258 1045 dentur
2305 988 2619 1044 duodecim
2653 988 2842 1042 tribus
2895 988 3078 1042 Israel
3110 989 3171 1042 in
3227 1006 3435 1046 omnes
3465 997 3694 1062 gentes,

2040 1080 2422 1149 orienturque
2450 1078 2762 1133 duodecim
2792 1078 3054 1146 arbores,
3089 1079 3188 1150 qui
3217 1085 3355 1133 sunt
3384 1080 3698 1135 duodecim

2040 1168 2316 1238 apostoli,
2348 1173 2808 1237 convertentque
2857 1183 3065 1222 omnes
3122 1174 3326 1239 gentes
3357 1170 3431 1223 ad
3481 1171 3696 1225 Christi

2041 1257 2242 1312 ﬁdem.
2281 1260 2412 1313 Haec
2443 1275 2578 1313 cum
2597 1257 3029 1328 prOphetasset,
3062 1257 3124 1310 in
3144 1273 3286 1328 pace
3337 1260 3611 1329 decessit,
3643 1265 3702 1315 et

2041 1347 2310 1418 sepultus
2342 1352 2450 1402 est.

2714 1434 2933 1490 Eodem
2965 1436 3061 1490 die

2040 1525 2196 1581 124
2245 1526 2529 1579 Certamen
2610 1531 2926 1579 sanctorum
3012 1527 3435 1593 Anargyrorum
3493 1527 3696 1582 Cosme;

2111 1603 2163 1651 et
2199 1599 2482 1661 Damiani,
2541 1598 2892 1666 fratrumque
2931 1612 3115 1651 eorum
3173 1597 3446 1667 Anthimi,
3479 1599 3697 1652 Leontii

2111 1674 2160 1722 et
2189 1669 2473 1737 Euprepii.
3481 1682 3489 1739 ξ

2110 1757 2244 1812 Tria
2275 1761 2414 1812 sunt
2439 1761 2780 1811 sanctorum
2814 1758 3250 1828 Anargyrorum
3290 1758 3477 1828 paria,
3512 1757 3610 1829 qui
3638 1763 3697 1814 et

2039 1845 2248 1901 iisdem
2281 1847 2508 1900 Cosmaa
2531 1850 2588 1899 et
2617 1845 3247 1900 Damianinominibus
3275 1847 3553 1918 appellati
3568 1848 3691 1904 fue-

2034 1943 2194 2003 runt,
2229 1943 2287 1992 et
2318 1937 2627 1992 medicina}
2659 1943 2845 1992 artem
2879 1942 3298 2001 tractaverunt,
3332 1943 3390 1992 et
3439 1941 3694 2010 Anargy-

2035 2043 2241 2081 rorum
2273 2042 2602 2098 cognomen
2631 2025 3179 2080 habuerunt.Fuere
3202 2026 3358 2080 enim
3384 2025 3485 2081 alii
3516 2027 3694 2081 Theo-

2033 2116 2184 2172 dotaa
2217 2115 2685 2188 religiosissima
2718 2115 2846 2184 filii,
2880 2115 2980 2185 qui
3032 2116 3093 2168 in
3138 2131 3281 2186 pace
3315 2115 3694 2185 decedentes,

2030 2205 2093 2260 in
2112 2204 2239 2260 loco
2282 2205 2610 2260 Phereman
2630 2205 2783 2260 dicto
2803 2205 3016 2275 sepulti
3034 2210 3187 2258 sunt.
3211 2205 3323 2258 Alii
3349 2221 3482 2260 cum
3496 2208 3696 2260 Romae

2033 2295 2344 2369 degerent,
2407 2299 2837 2366 praeceptorem
2899 2295 3162 2349 invidum
3225 2295 3530 2363 habentes,
3591 2312 3696 2366 per

2032 2385 2235 2440 dolum
2262 2384 2334 2439 ab
2365 2401 2434 2438 eo
2458 2385 2521 2439 in
2551 2389 2835 2450 montem,
2862 2384 3030 2453 quasi
3058 2382 3132 2438 ad
3164 2383 3693 2455 legendasherbas,

2031 2473 2292 2541 deducti,
2324 2472 2622 2544 lapidibus
2654 2473 2850 2527 obruti
2886 2478 3044 2527 sunt.
3079 2473 3216 2536 Alii,
3252 2490 3506 2543 quorum
3563 2491 3695 2530 cer-

2031 2563 2261 2618 tamina
2291 2578 2566 2617 enarrare
2625 2561 3016 2630 instituimus,
3079 2562 3298 2617 Arabes
3341 2563 3529 2629 fuere,
3593 2574 3695 2635 qui

2034 2659 2323 2708 terrarum
2357 2653 2562 2707 orbem
2611 2657 3013 2724 peragrantes,
3040 2653 3220 2723 gratis
3247 2657 3306 2707 et
3338 2654 3463 2710 sine
3499 2655 3690 2725 pretio

2035 2746 2283 2812 aegrotos
2307 2741 2611 2796 curabant.
2645 2741 2993 2795 Diocletiani
3043 2758 3178 2796 vero
3229 2743 3598 2814 temporibus
3627 2745 3692 2798 in

2033 2832 2302 2888 Ciliciam
2333 2831 2602 2902 profecti,
2637 2837 2694 2886 et
2714 2832 3151 2902 comprehensi,
3188 2833 3478 2887 sistuntur
3508 2835 3693 2904 Lysiae

2037 2921 2174 2977 duci
2210 2938 2223 2974 :
2256 2937 2291 2976 a
2323 2937 2438 2992 quo
2487 2921 2668 2976 variis
2725 2921 3038 2975 tormentis
3097 2923 3438 2989 excruciati,
3499 2925 3690 2994 capite

2036 3010 2279 3066 demum
2310 3010 2466 3081 plexi
2498 3014 2654 3079 sunt,
2687 3025 2809 3065 una
2837 3026 2972 3065 cum
3005 3010 3214 3078 tribus,
3249 3011 3349 3082 qui
3381 3028 3480 3066 eos
3494 3029 3695 3083 prose-

2039 3100 2395 3172 quebantur,
2435 3099 2742 3170 fratribus,
2802 3100 3106 3169 Anthimo,
3157 3100 3419 3169 Leontia,
3471 3106 3530 3156 et
3584 3103 3696 3156 Eu-

277 3187 668 3264 ἀπεκεφάλισε,
725 3188 817 3242 σὺν
872 3195 989 3251 τοῖς
1066 3189 1456 3253 ἀκολουθοῦσιν
1515 3189 1700 3252 αὑτοῖς
1753 3189 1928 3266 τρισὶν
1963 3187 2007 3255 C
2045 3191 2271 3263 prepio.

279 3273 568 3353 ἀδελφοῖς,
604 3277 869 3350 Ἀνθίμῳ,
904 3279 1162 3351 Λεοντίῳ,
1193 3278 1281 3332 καὶ
1311 3276 1630 3354 Εὐπρεπίῳ.

833 3370 1015 3423 MHNI
1055 3374 1144 3445 Τῼ
1182 3369 1381 3445 ΑΥΤῼ.

359 3545 572 3616 Μνήμη
628 3549 726 3600 τοῦ
777 3543 933 3620 ἆγίου
990 3544 1298 3600 ἀποστόλου
1353 3545 1442 3601 καὶ
1483 3545 1862 3622 εὐαγγελιστοῦ

1000 3622 1208 3675 Λουκᾶ.

362 3709 576 3767 Λουκᾶς
605 3706 634 3759 ὁ
663 3705 1057 3780 εὑαγγελιστής
1089 3707 1335 3780 ὑπῆρχεν
1364 3707 1469 3762 ἀπὸ
1487 3707 1820 3782 Ἀντιοχείας
1832 3714 1935 3777 τῆς

297 3793 561 3869 μεγάλης·
597 3795 780 3868 ἱατρὸς
810 3797 908 3864 τήν
954 3796 1181 3871 τέχνην,
1231 3796 1324 3850 καὶ
1383 3798 1696 3874 ζωγράφος.
1741 3797 1937 3854 Ἀπελ-

293 3883 398 3947 θὼν
432 3881 491 3939 δὲ
514 3883 592 3946 εἷς
625 3880 806 3955 Θήϐας
858 3891 958 3955 τῆς
1016 3882 1358 3948 Μακεδονίας
1399 3885 1488 3941 ἐπὶ
1542 3882 1788 3961 Τιϐερίου
1840 3891 1936 3942 τοῦ

295 3971 594 4047 βασιλέως,
628 3971 717 4028 διὰ
741 3974 833 4028 τὸν
868 3971 1133 4050 διωγμὸν,
1184 3973 1405 4050 ἐνέτυχε
1458 3981 1537 4048 τῷ
1590 3976 1724 4050 ἁγίῳ
1798 3977 1935 4031 ἀπο-

292 4061 475 4134 στόλῳ
507 4061 732 4136 Παύλῳ·
761 4064 851 4117 καὶ
883 4063 958 4126 ὡς
994 4063 1256 4138 ὑπάρχων
1289 4064 1365 4127 είς
1391 4069 1499 4119 τῶν
1559 4059 1940 4139 ἑϐδομήκοντα

289 4149 644 4222 ἀποστόλων,
676 4151 1051 4223 ἠκολούθησεν
1083 4151 1251 4226 αὐτῷ,
1307 4154 1397 4208 καὶ
1457 4153 1548 4208 σὺν
1609 4156 1757 4227 αὐτῷ
1814 4155 1940 4227 ἐκή-

289 4262 453 4315 ρυσσε
485 4242 578 4296 τὸν
613 4242 864 4316 Χριστόν.
927 4243 1033 4297 Καὶ
1089 4245 1344 4319 συνήργει
1405 4242 1481 4305 εἲς
1539 4245 1638 4313 τήν
1695 4249 1792 4299 τοῦ
1839 4266 1942 4314 κη-

289 4331 594 4407 ρύγματος,
660 4329 750 4385 καί
799 4335 897 4386 τοῦ
955 4331 1292 4408 Εὑαγγελίου
1351 4329 1618 4386 διακονίαν
1675 4332 1943 4405 προθύμῳ

290 4422 508 4497 γνώμῃ.
601 4421 985 4496 Συνεγράψατο
1071 4419 1128 4476 δὲ
1174 4420 1438 4496 πρότερον
1505 4422 1568 4476 τὸ
1615 4423 1731 4476 κατ’
1786 4421 1945 4476 αὐτὸν

2607 3370 2848 3424 EODEM
2879 3371 3134 3426 MENSE.

2568 3459 2674 3514 Die
2695 3460 2926 3515 decima
2957 3466 3159 3516 octava

2035 3551 2186 3609 125
2225 3551 2680 3606 Commemoratio
2734 3553 2911 3676 satiati
2967 3551 3202 3620 apostoli
3249 3559 3302 3606 et
3340 3551 3688 3622 evangelista:

2842 3637 2975 3676 ηοω.

2842 3637 2955 3676 ηοω
2963 3661 2975 3673 .

2111 3713 2293 3768 Lucas
2324 3711 2684 3783 evangelista
2707 3710 2768 3764 in
2791 3711 3105 3766 Antiochia
3125 3729 3336 3784 magna
3367 3718 3686 3783 ortus,pro-

2040 3801 2299 3856 fessione
2330 3801 2620 3866 medicus,
2655 3805 2711 3853 et
2741 3800 2949 3869 pictor,
2986 3817 3119 3854 cum
3162 3801 3391 3855 Thebas
3420 3801 3693 3855 Macedo—

2042 3892 2178 3958 niae,
2204 3890 2436 3944 Tiberio
2469 3890 2852 3959 imperatore,
2886 3888 2959 3942 ob
2991 3889 3466 3959 persecutionem
3504 3891 3696 3944 venis-

2044 3985 2156 4050 set,
2189 3994 2545 4051 congressus
2577 3978 3022 4048 collocutusque
3042 3995 3176 4032 cum
3199 3983 3402 4033 sancto
3435 3980 3702 4049 apostolo

2045 4069 2323 4135 Paulo,ut
2352 4068 2453 4138 qui
2488 4085 2556 4123 ex
2597 4068 2969 4139 septuaginta
3017 4067 3422 4137 apostolorum
3454 4085 3703 4123 numero

2048 4163 2193 4225 erat,
2227 4157 2420 4212 eidem
2454 4156 2721 4228 apostolo
2754 4173 2815 4210 se
2847 4156 3071 4210 socium
3121 4156 3413 4228 adjunxit,
3473 4162 3530 4212 et.
3584 4174 3706 4212 una

2047 4264 2182 4303 cum
2214 4248 2343 4318 ipso
2365 4247 2662 4303 Christum
2685 4245 3025 4318 praedicavit
3048 4265 3060 4311 ;
3089 4253 3482 4318 promptoque
3504 4248 3702 4302 animo

2049 4338 2111 4393 in
2140 4337 2650 4410 praedicationem,
2683 4341 2741 4390 et
2762 4337 3054 4408 Evangelii
3085 4337 3484 4392 ministerium
3509 4337 3705 4392 eidem

2049 4432 2400 4498 cooperatus
2431 4431 2538 4481 est.
2573 4426 2935 4495 Conscripsit
2965 4430 3162 4480 autem
3185 4425 3376 4496 primo
3401 4431 3696 4494 sanctum,

289 4515 448 4588 ἅγιον
536 4511 894 4586 Εὐαγγέλιον,
963 4513 1101 4587 πρὸς
1185 4511 1450 4590 Θεόφιλον
1517 4512 1640 4568 τινὰ
1678 4513 1933 4588 ἡγεμόνα,

2053 4517 2211 4589 quod
2251 4517 2379 4587 ejus
2431 4532 2651 4572 nomen
2709 4516 2966 4586 praefert,
2998 4515 3377 4586 Evangelium
3419 4515 3492 4569 ad
3521 4516 3704 4569 Theo-

289 4607 658 4662 πιστεύσαντα
707 4606 784 4668 εἰς
864 4606 956 4662 τὸν
1015 4608 1243 4680 Χριστὸν
1307 4607 1741 4682 ὑπαγορεύσαντο
1796 4609 1945 4681 αὐτῷ

289 4701 392 4751 τοῦ
421 4695 583 4771 ἁγίου
630 4695 838 4768 Πέτρου
884 4700 982 4750 τοῦ
1038 4695 1373 4752 ἀποστόλου·
1456 4694 1640 4752 ἔπειτα
1731 4696 1946 4770 ἐξέθηκε

291 4787 392 4848 τὰς
423 4786 654 4859 Πράξεις
682 4787 791 4839 τῶν
843 4782 1188 4858 ἀποστόλων,
1240 4785 1378 4860 πρὸς
1427 4787 1520 4841 τὸν
1566 4786 1726 4842 αὐτὸν
1754 4787 1947 4865 Θεόφι-

298 4874 414 4930 λον.
451 4873 558 4928 Καὶ
590 4877 758 4927 ταῦτα
813 4873 1040 4948 πράξας,
1095 4873 1145 4927 ἐν
1200 4873 1392 4950 εἰρήνῃ
1443 4876 1541 4944 τὴν
1601 4877 1785 4951 ψυχὴν
1840 4875 1947 4930 ἀπ-

295 4961 472 5018 έὸῶκε
500 4966 582 5032 τῷ
610 4960 749 5034 Θεῷ.
780 4961 858 5018 Τὸ
891 4959 948 5016 δὲ
971 4961 1114 5035 ἱερὸν
1169 4965 1260 5017 καὶ
1316 4963 1499 5036 τίμιον
1551 4964 1716 5019 αὑτοῦ
1756 4963 1946 5039 λείψα-

293 5073 380 5106 νον
413 5050 589 5127 ἐτάφη
629 5051 724 5122 μὲν
745 5051 1013 5124 πρότερον
1044 5049 1096 5105 ἐν
1150 5050 1374 5122 Θήϐαις·
1410 5051 1631 5129 ὕστερον
1664 5051 1721 5108 δὲ
1751 5055 1948 5109 ἀνακο-

299 5140 487 5214 μισθὲν
523 5139 634 5194 ἀπὸ
665 5133 862 5208 Θηϐῶν
897 5138 948 5193 ἐν
985 5141 1576 5214 Κωνσταντινουπόλει,
1607 5141 1860 5213 κατετέθη
1894 5141 1946 5198 ἐν

295 5235 374 5302 τῷ
401 5233 518 5301 ναῷ
537 5233 647 5283 τῶν
677 5229 875 5302 Ἁγίων
907 5227 1282 5287 ’Λποστόλων.

831 5317 1014 5374 MIlNI
1043 5323 1128 5371 ΤΩ
1161 5321 1360 5376 ΑΥΤΩ.

1091 5407 1170 5461 18'

407 5495 680 5567 ’Λθλησις
709 5498 816 5549 τοῦ
848 5495 1009 5570 ᾀγιου
1041 5493 1258 5570 Σαδὼθ,
1290 5497 1380 5570 καὶ
1435 5500 1543 5552 τῶν
1577 5499 1669 5552 σὺν
1701 5499 1845 5570 αὐτῷ

846 5567 1036 5621 ἑκατὸν
1069 5567 1233 5622 εἷ’κοσι
1265 5569 1461 5644 ἁγίων.

380 5657 574 5723 ausae
605 5658 636 5714 ὁ
669 5655 880 5732 μάρτυς
901 5656 1145 5731 ὑπῆρχεν
1197 5656 1286 5713 ἐπὶ
1339 5653 1627 5735 Σαϐωρίου
1683 5659 1950 5736 βασιλέως

2054 4607 2284 4677 philum
2316 4605 2633 4677 quemdam
2647 4604 3016 4670 Praefectum,
3051 4604 3151 4674 qui
3183 4605 3243 4657 in
3275 4604 3571 4658 Christum
3587 4620 3706 4658 cre-

2055 4695 2573 4762 diderat,dictante
2588 4693 2700 4748 sibi
2733 4698 2935 4748 sancto
2953 4695 3124 4747 Petro
3157 4693 3424 4764 apostolo
3451 4709 3464 4747 :
3490 4692 3705 4748 deinde

2055 4784 2460 4856 apostolorum
2497 4786 2638 4836 Acta
2662 4781 2735 4835 ad
2793 4781 3067 4835 eumdem
3117 4782 3527 4854 Theophilum.
3570 4783 3710 4836 Post

2056 4874 2183 4928 haac
2213 4873 2275 4927 in
2305 4889 2448 4943 pace
2481 4871 2741 4926 animam
2774 4873 2890 4925 Deo
2940 4871 3203 4927 tradidit.
3262 4872 3451 4926 Sacra1
3482 4888 3616 4926 vero
3650 4876 3709 4927 et

2055 4962 2330 5034 pretiosae
2387 4961 2513 5032 ejus
2571 4959 2838 5030 reliquiis
2868 4959 3081 5015 Thebis
3130 4961 3392 5032 primum
3435 4960 3704 5032 sepultae,

2057 5052 2434 5125 postmodum
2488 5049 2626 5105 inde
2655 5050 3231 5122 Constantinopolim
3265 5051 3587 5121 translata,
3645 5052 3706 5106 in

2059 5144 2403 5198 Sanctorum
2437 5139 2854 5211 Apostolorum
2886 5140 3108 5210 templo
3140 5140 3396 5196 conditis
3443 5140 3705 5196 fuerunt.

2620 5320 2862 5375 EODEM
2893 5319 3142 5375 MENSE.

2628 5409 2731 5463 Die
2763 5409 2992 5463 decima
3011 5425 3171 5464 nona

2062 5498 2216 5554 I20
2243 5498 2531 5553 Certamen
2562 5500 2737 5554 sancti
2765 5499 3026 5566 martyris
3052 5497 3276 5566 Sadoth,
3307 5503 3362 5551 et
3401 5499 3714 5551 sanctorum

2519 5576 2733 5625 centum
2751 5568 2957 5638 viginti
2969 5571 3256 5624 sociorum.

2134 5659 2352 5715 Sadoth
2381 5665 2626 5731 martyr,
2659 5660 2874 5730 Sapore
2914 5660 3227 5713 Persarum
3286 5671 3441 5727 rege,
3475 5650 3705 5706 claruit.
