4140 6302
416 284 534 345 H5

1737 275 2159 339 MENOLOGII
2206 275 2409 335 PARS
2452 277 2498 336 Ι.

3701 287 3823 347 116-

417 415 770 474 Christianae
801 417 1000 469 autem
1032 413 1169 468 fidei
1219 429 1398 469 causa
1444 412 1935 485 comprehensus,
1967 407 2074 464 ad-

2202 410 2432 477 Περσῶν·
2468 404 2557 461 διὰ
2609 406 2666 464 δὲ
2712 412 2813 478 τὴν
2872 413 2951 473 εἷς
3002 414 3232 487 Χριστὸν
3284 416 3461 470 πίστιν
3519 417 3818 491 κρατηθεὶς,

419 507 752 575 ductusque
778 503 852 559 ad
882 503 1159 558 eumdem
1192 520 1567 576 regemcum
1589 503 1786 575 ignem
1833 498 2082 555 adorare

422 597 630 659 nollet,
664 594 1005 667 gravissime
1037 593 1318 648 caeditur:
1353 600 1475 647 tum
1510 599 1643 648 cute
1674 610 1709 647 a
1755 591 1950 645 fronte
2009 588 2084 643 ad

423 686 607 758 pedes
639 685 857 753 inusta,
875 683 1066 754 deque
1099 683 1228 754 ejus
1250 683 1406 752 pelle
1432 682 1557 736 loro
1577 682 1743 753 digiti
1767 679 2084 735 latitudine

423 775 713 842 detracto,
746 773 963 827 iterum
995 771 1233 826 bubulis
1276 770 1473 827 nervis
1506 771 1821 837 laceratus,
1907 784 2087 839 super

426 863 647 935 spinas,
671 861 919 932 ligna,et
940 876 1082 915 saxa
1110 859 1457 915 acutissima
1486 860 1683 914 nudus
1700 858 2082 930 pertrahitur.

427 951 651 1008 Deinde
682 949 881 1022 digitis
913 948 1274 1004 articulatim
1336 948 1630 1017 dissectis,
1664 949 1723 1002 in
1782 947 2085 1002 cochleam

426 1040 626 1097 hastili
660 1039 905 1112 cogitur.
941 1040 1237 1093 Praeterea
1285 1037 1680 1093 candentibus
1738 1036 1966 1091 subulis
2023 1036 2086 1090 in

425 1130 658 1201 reliquo
688 1143 935 1199 corpore
964 1126 1277 1181 fodicatur.
1311 1129 1439 1181 Mox
1468 1127 1702 1180 inverso
1731 1125 1925 1196 capite
1946 1142 2085 1179 sus-

427 1218 728 1290 penditur,
761 1217 935 1287 eique
966 1216 1171 1287 lingua
1201 1215 1563 1287 praaciditur.
1595 1215 1775 1286 Cujus
1806 1219 2083 1269 constan-

428 1307 572 1361 tiam
599 1305 871 1359 homines
893 1303 1058 1358 mille
1072 1304 1314 1358 ducenti
1335 1303 1710 1375 septuaginta
1737 1301 2084 1372 conspicati,

429 1396 493 1449 in
525 1410 658 1450 eam
689 1393 1033 1464 opinionem
1064 1408 1300 1461 venere,
1333 1393 1450 1447 nisi
1482 1408 1831 1464 magnarum
1885 1407 2084 1445 rerum

432 1500 598 1557 spem
639 1482 904 1551 haberet,
961 1498 1097 1539 eum
1150 1488 1315 1538 tanta
1373 1482 1637 1554 perferre
1690 1498 1812 1538 non
1886 1482 2091 1553 posse!

432 1572 827 1639 Quamobrem
850 1571 1064 1626 Christi
1092 1571 1270 1626 ﬁdem
1303 1570 1650 1642 amplexi,in
1679 1570 1913 1625 vincula
1942 1585 2086 1624 con-

424 1662 738 1734 jiciuntur.
774 1661 992 1717 Sadoth
1022 1678 1155 1715 vero
1185 1661 1402 1733 gratias
1434 1661 1549 1715 Deo
1577 1676 1777 1731 agens,
1802 1676 1922 1715 una
1949 1675 2085 1714 cum

433 1756 673 1808 centum
704 1751 908 1824 viginti
935 1751 1155 1806 sanctis
1188 1751 1379 1822 capite
1409 1749 1709 1821 plectitur,

1094 2022 1316 2079 Eodem
1345 2021 1442 2079 die

440 2132 590 2189 I27
635 2132 1086 2188 Commemoratio
1150 2132 1330 2187 sancti
1381 2131 1564 2184 Patris
1645 2126 1821 2184 nostri
1872 2127 2091 2197 Amphi-

934 2219 1120 2286 lochii,
1151 2220 1393 2290 episcopi
1422 2218 1612 2273 Iconii.

510 2328 617 2383 Hic
641 2344 763 2382 non
792 2326 1063 2381 mortalis
1092 2326 1464 2397 cujusquam,
1495 2324 1597 2380 sed
1628 2329 1966 2379 sanctorum
1991 2340 2096 2378 an-

440 2417 708 2492 gelorum
774 2414 1051 2470 manibus
1107 2414 1416 2469 ordinatus
1489 2414 1674 2468 Iconii
1759 2413 2095 2484 episcopus,

442 2504 768 2561 commilito
794 2508 1135 2559 sanctorum
1155 2504 1394 2557 Patrum
1418 2502 1619 2557 Basilii
1650 2502 1861 2574 Magni,
1878 2502 2095 2572 Grego-

446 2594 521 2648 rii
547 2592 843 2665 Theologi,
882 2597 939 2646 et
967 2591 1227 2661 Gregorii
1257 2591 1525 2662 Nysseni,
1558 2589 1838 2645 adversus
1867 2589 2094 2650 Arium,

443 2681 821 2746 Eunomium,
847 2686 906 2735 et
928 2680 1141 2735 horum
1172 2680 1399 2735 similes
1429 2679 1813 2734 hmreticosin
1844 2679 1970 2733 acie
1988 2682 2100 2733 ste-

441 2770 548 2837 tit;
574 2769 676 2839 qui
706 2785 843 2823 cum
899 2767 974 2823 ad
1021 2767 1333 2822 Theodosii
1385 2767 1583 2840 magni
1613 2773 1883 2838 tempora
1909 2766 2097 2820 vixis-

445 2864 556 2927 set,
586 2865 763 2931 atque
795 2859 867 2914 ab
890 2876 958 2915 eo
989 2858 1064 2914 ad
1081 2859 1438 2914 coercendas
1470 2859 1823 2914 Arianorum
1854 2858 1917 2911 in
1941 2856 2101 2912 urbi.

441 2947 556 3003 bus
581 2964 835 3019 synaxes
864 2946 1053 3003 lectus
1084 2953 1259 3012 esset,
1293 2952 1433 3002 tunc
1464 2945 1706 3017 quidem
1740 2944 2099 3016 supersedit,

2190 496 2280 548 καὶ
2329 498 2665 572 προσαχθεὶς
2749 499 2918 572 αὐτῷ·
2979 502 3069 556 καὶ
3126 505 3200 574 μή
3260 504 3495 568 πεισθεὶς
3544 512 3820 581 Λατρεῦσαι

2188 589 2268 655 τῷ
2341 586 2494 659 πυρὶ,
2576 587 2830 644 τύπτεται
2904 591 3165 658 ἀνηλεῶς’
3224 594 3315 648 καὶ
3388 596 3710 671 χαράσσεται
3765 600 3822 654 τὸ

2192 671 2367 748 δέρμα
2396 674 2583 747 αὐτοῦ,
2615 678 2722 733 ἀπὸ
2802 680 2900 734 τοῦ
2963 682 3217 753 μετώπου
3272 683 3437 758 μέχρι
3467 688 3574 739 τῶν
3624 684 3820 743 ποδῶν.

2193 764 2296 820 Καὶ
2326 762 2599 839 ἐκδέρεται
2645 766 2750 822 ἀπὸ
2805 773 2902 823 τοῦ
2957 767 3227 844 δέρματος
3282 771 3443 827 αὐτοῦ
3502 773 3681 848 λῶρος
3736 775 3827 831 δα-

2191 851 2395 907 κτύλου
2425 855 2488 908 τὸ
2518 854 2748 917 πλάτος.
2784 859 2883 914 Καὶ
2912 858 3078 913 πάλιν
3135 860 3390 914 τύπτεται
3453 862 3586 933 μετά
3641 863 3826 938 βοείων

2193 938 2436 1015 λωρίων.
2484 943 2582 996 Καὶ
2636 942 2721 998 ἐπὶ
2783 946 3049 1016 ἀκανθῶν,
3108 948 3199 1002 καὶ
3248 949 3446 1020 ξύλων,
3507 951 3597 1005 καὶ
3662 949 3823 1015 λίθων

2193 1030 2355 1103 ὀξέων
2405 1033 2621 1108 σύρεται
2669 1035 2895 1110 γυμνός.
2956 1038 3091 1092 Εἶτα
3138 1039 3391 1111 τέμνεται
3446 1038 3578 1102 τοὺς
3635 1038 3823 1096 δακτύ-

2193 1116 2323 1180 λους
2349 1121 2466 1175 κατ’
2497 1121 2799 1195 ἂρμόν.Καὶ
2831 1119 3131 1194 ἐμϐληθεὶς
3162 1125 3238 1187 εἷς
3297 1125 3528 1200 κοχλίαν
3569 1125 3656 1183 διὰ
3707 1150 3823 1184 στυ-

2194 1207 2388 1282 ρακίου
2417 1210 2858 1286 κατασφίγγεται.
2893 1213 2995 1269 Καὶ
3030 1212 3163 1285 μετὰ
3222 1218 3389 1269 ταῦτα
3437 1211 3714 1279 σουϐλίοις
3742 1240 3829 1273 πε-

2191 1299 2541 1372 πυρωμένοις
2570 1299 2633 1354 τὸ
2668 1298 2991 1378 ὑπολειφθὲν
3036 1304 3197 1375 σῶμα
3253 1311 3676 1363 κατακεντεῖται.
3727 1309 3825 1363 Καὶ

2190 1388 2511 1460 κρεμασθεὶς
2567 1388 2704 1443 κατᾶ
2759 1390 3023 1463 κεφαλῆς,
3095 1393 3194 1461 τὴν
3253 1391 3508 1468 γλῶσσαν
3586 1394 3828 1469 ἐκτέμνε-

2189 1496 2300 1534 ται.
2335 1476 2439 1532 Καὶ
2464 1473 2672 1540 ἷδόντες
2701 1480 2801 1546 τὴν
2840 1480 3121 1556 καρτερίαν
3154 1482 3319 1536 αὐτοῦ
3350 1481 3533 1557 χίλιοι
3566 1480 3824 1539 διακόσιοι

2192 1559 2574 1637 ἑϐδομήκοντα
2648 1565 2858 1639 ἄνδρες,
2910 1570 2997 1623 καὶ
3057 1569 3403 1640 ἐννοήσαντες
3465 1571 3571 1644 ὅτι,
3649 1571 3692 1628 εἶ
3752 1576 3821 1647 μή

2194 1653 2311 1708 εἶχε
2368 1653 2613 1729 μεγάλας
2670 1654 2919 1725 ἐλπίδας,
2979 1657 3078 1713 οὐκ
3160 1656 3220 1713 ἄν
3278 1664 3503 1715 τοιαῦτα
3553 1658 3822 1736 ὑπέμενεν,

2115 1741 2502 1841 Βέπίστευσαν
2563 1744 2641 1807 εἷς
2696 1747 2786 1800 τὸν
2870 1748 3121 1823 Χριστόν.
3184 1748 3281 1803 Καὶ
3339 1747 3713 1824 παρεδόθησαν
3759 1755 3823 1820 τῇ

2197 1834 2438 1907 φυλακῇ.
2472 1834 2650 1896 Αὐτὸς
2682 1832 2761 1903 δὲ,
2793 1835 3130 1912 εύχαριστῶν
3160 1842 3241 1910 τῷ
3271 1844 3406 1912 Θεῷ,
3461 1841 3562 1909 τὴν
3590 1840 3823 1918 κεφαλὴν

2197 1922 2511 1996 ἀπετμήθη,
2548 1923 2640 1979 σὺν
2670 1925 2877 1999 ἑτέροις
2908 1927 3079 2001 ἁγίοις
3109 1928 3296 1984 ἑκατὸν
3317 1930 3518 1988 εἳκοσι.

2796 2018 2873 2088 Τῇ
2900 2015 3036 2082 αύτῆ
3058 2017 3241 2094 ἡμέρᾳ

2341 2120 2547 2192 Μνήμη
2576 2122 2674 2174 τοῦ
2697 2118 2748 2174 ἐν
2777 2121 2956 2195 ἁγίοις
2983 2123 3195 2198 Ηατρὸς
3226 2126 3389 2197 ἡμῶν
3421 2125 3699 2200 Ἀμφιλο-

2644 2208 2796 2278 χίου,
2820 2210 3116 2267 ἐπισκόπου
3149 2214 3396 2271 Ἰκονίου.

2270 2315 2439 2377 Οὗτος
2521 2316 2930 2390 προχειρίζεται
3037 2317 3329 2382 ἐπίσκοπος
3433 2320 3678 2391 Ἰκονίου,
3759 2320 3834 2397 ἐφ’

2200 2403 2373 2477 ἁγίων
2403 2402 2673 2479 ἀγγέλων,
2725 2404 2824 2460 οὐκ
2880 2405 3220 2482 ἀνθρωπίνης
3278 2410 3492 2484 χειρός.
3553 2417 3840 2485 Συναγωνι-

2201 2494 2333 2561 στής
2359 2490 2417 2547 δὲ
2444 2492 2735 2568 γενόμενος
2760 2499 2867 2549 τῶν
2895 2495 3061 2569 ἁγίων
3096 2497 3345 2574 Πατέρων
3405 2498 3701 2555 Βασιλείου
3748 2503 3839 2554 τοῦ

2204 2581 2484 2656 Μεγάλου,
2543 2583 2850 2657 Γρηγορίου
2898 2589 2995 2638 τοῦ
3043 2584 3338 2662 Θεολόγου,
3396 2588 3491 2642 καὶ
3543 2590 3837 2665 Γρηγορίου

2201 2674 2300 2725 τοῦ
2332 2669 2567 2742 Νύσσης,
2596 2671 2733 2727 κατὰ
2760 2677 2869 2727 τῶν
2900 2674 3188 2749 αἱρετικῶν
3220 2678 3581 2750 παρετάξατο,
3627 2678 3840 2752 Ἀρείου

2203 2760 2293 2815 καὶ
2352 2760 2651 2833 Εύνομίου,
2710 2761 2802 2817 καὶ
2856 2768 2965 2818 τῶν
3047 2765 3281 2837 ὁμοίων.
3338 2768 3618 2842 Παρετάθη
3679 2765 3735 2823 δὲ
3805 2768 3839 2836 ἡ

2209 2851 2323 2919 ζωὴ
2354 2848 2518 2905 αὐτοῦ
2553 2850 2718 2925 μέχρι
2745 2848 3037 2907 Θεοδοσίου
3102 2859 3199 2909 τοῦ
3256 2855 3540 2932 Μεγάλου.
3605 2860 3701 2916 "Ov
3757 2856 3843 2912 καὶ

2206 2937 2409 3009 ἠξίωσε
2437 2937 2681 2995 κωλύσαι
2729 2945 2837 2995 τῶν
2917 2942 3206 3015 Ἀρειανῶν
3266 2945 3361 3006 τὰς
3418 2944 3478 3000 ἐν
3511 2951 3629 3008 ταῖς
3658 2945 3843 3001 πόλεσι

444 3037 601 3107 quod
636 3037 960 3107 imperator
986 3041 1310 3101 vereretur,
1346 3052 1419 3091 ne
1454 3051 1523 3090 ea
1552 3051 1647 3089 res
1676 3050 1923 3106 magnos
1945 3032 2093 3088 exci-

2209 3028 2462 3098 συνάξεις.
2497 3026 2642 3100 Βαρὺ
2697 3025 2754 3083 δὲ
2811 3029 3132 3103 νομίσαντος
3189 3037 3349 3088 τοῦτο
3405 3038 3505 3089 τοῦ
3561 3033 3843 3110 βασιλέως,

441 3131 596 3180 taret
625 3126 935 3180 tumultus.
971 3124 1083 3179 Sed
1122 3130 1327 3196 postea
1356 3141 1489 3179 cum
1522 3123 1777 3194 quadam
1809 3123 1881 3178 de
1913 3137 2091 3179 causa

2212 3114 2300 3171 διὰ
2321 3117 2421 3184 τὴν
2475 3117 2749 3191 ταραχὴν,
2806 3118 2930 3173 τότε
2988 3120 3083 3192 μὲν
3134 3121 3431 3197 ἡσύχασεν.
3491 3127 3740 3199 Ὕστερον
3792 3122 3847 3178 δὲ

441 3214 863 3283 imperatorem
918 3211 1315 3267 Theodosium
1364 3214 1757 3279 convenisset,
1806 3214 2093 3285 illumque

2206 3206 2344 3260 κατὰ
2375 3225 2495 3259 τινα
2555 3205 2743 3281 χρείαν
2800 3205 3059 3263 εἴσελθὼν
3117 3210 3253 3282 πρὸς
3306 3211 3397 3267 τὸν
3467 3212 3711 3288 βασιλέα,
3758 3213 3845 3268 καὶ

445 3299 658 3368 solum,
692 3298 944 3353 Arcadio
976 3298 1121 3368 filio,
1156 3299 1257 3369 qui
1289 3315 1472 3370 prope
1502 3300 1820 3367 assidebat,
1853 3307 2093 3372 printer-

2203 3296 2296 3349 τὸν
2327 3294 2445 3349 υὶὸν
2474 3295 2642 3349 αὐτοῦ
2703 3294 2990 3371 Ἀρκάδων
3052 3295 3185 3354 ἰδὼν
3239 3304 3319 3372 τῷ
3372 3303 3542 3377 πατρὶ
3592 3305 3848 3376 συγκαθή-

440 3387 644 3454 misso,
670 3388 994 3456 adorasset,
1019 3394 1280 3460 rogatus,
1314 3404 1493 3459 quam
1514 3388 1587 3444 ob
1610 3406 1735 3444 rem
1753 3389 1811 3443 id
1854 3389 2093 3456 faceret,

2209 3403 2391 3456 μενον,
2421 3384 2633 3455 τὸνμὲν
2666 3381 2956 3440 Θεοδόσιον
3012 3389 3403 3461 προσεκύνησε·
3462 3391 3558 3446 τὸν
3624 3389 3681 3446 δὲ
3735 3391 3846 3445 υίὸν

441 3476 788 3548 respondit:
818 3476 1327 3542 Quemadmodum
1359 3483 1420 3533 tu
1454 3477 1798 3549 imperator,
1854 3478 2093 3551 indigne

2204 3469 2474 3545 παρῆλθε.
2508 3474 2618 3529 Τοῦ
2650 3469 2707 3526 δὲ
2738 3474 3006 3548 βασιλέως
3036 3476 3304 3539 εἰπόντος·
3333 3479 3447 3533 Ἵνα
3485 3485 3537 3534 τε
3585 3480 3674 3536 τὸν
3729 3478 3840 3533 υἱόν

437 3564 580 3633 fers,
611 3566 659 3619 si
691 3582 812 3620 non
851 3566 1009 3621 idem
1041 3565 1293 3637 ﬁlio,qui
1326 3566 1648 3633 tibi,honor
1666 3566 1956 3622 habeatur
1978 3584 1991 3634 ;
2016 3568 2093 3623 sic

2215 3581 2321 3635 μου
2358 3559 2721 3636 παρέδραμες·
2782 3557 2907 3640 ἔφη·
2969 3570 3163 3637 Γνῶθι,
3227 3567 3474 3642 βασιλεῦ,
3533 3571 3616 3625 ὅτι
3676 3569 3850 3643 ὥσπερ

456 3659 515 3709 et
544 3655 660 3709 Deo
691 3655 849 3710 Patri
873 3655 1157 3728 injuriam
1205 3656 1333 3711 ﬁeri
1367 3656 1533 3724 scito,
1553 3657 1603 3711 si
1635 3657 1768 3726 quis
1797 3656 2011 3712 Filium
2042 3662 2093 3712 et

2212 3650 2275 3705 σὺ
2334 3651 2714 3724 ἠγανάκτησας
2769 3658 2867 3707 τοῦ
2924 3655 3047 3708 υἱοῦ
3121 3652 3638 3732 παραϐλεπομένου,
3712 3658 3848 3714 οὕτω

449 3743 705 3798 Verbum
759 3744 1122 3800 contumelia
1168 3744 1372 3800 afficit.
1434 3744 1656 3810 Quibus
1694 3745 1887 3801 verbis
1918 3747 2093 3801 movit

2207 3738 2355 3794 καὶὸ
2411 3740 2539 3801 Θεὸς
2584 3741 2672 3795 καὶ
2738 3743 2946 3818 Πατὴρ,
2988 3748 3086 3798 τοῦ
3143 3745 3271 3799 Υἱοῦ
3329 3746 3419 3801 καὶ
3472 3748 3651 3822 Λόγου
3711 3743 3853 3822 66p:-

444 3833 593 3887 adeo
624 3834 1067 3904 imperatorem,
1098 3838 1166 3888 ut
1193 3833 1266 3889 de
1296 3833 1459 3888 illius
1490 3835 1785 3889 sententia
1814 3834 2100 3890 acvolun-

442 3925 560 3975 tate
592 3937 719 3975 rem
745 3921 1270 3977 confecerit.Hunc
1300 3922 1362 3976 in
1384 3923 1625 3977 modum
1655 3928 2100 3980 transactacum

448 4009 670 4079 pietate
695 4010 830 4077 vita,
856 4010 929 4064 ad
960 4009 1278 4065 Dominum
1318 4011 1606 4082 migravit.

1097 4125 1319 4181 Eodem
1351 4125 1446 4181 die

444 4241 607 4296 128
659 4242 1111 4299 Commemoratio
1166 4247 1344 4298 sancti
1400 4250 1451 4298 et
1526 4244 1755 4313 gloriosi
1804 4244 2102 4317 praphetw

1220 4333 1407 4388 Joelis.

521 4438 622 4493 Hic
652 4437 764 4493 fuit
793 4455 862 4493 ex
900 4439 1115 4494 Judaaae
1165 4439 1422 4512 regione.
1488 4439 1860 4496 Voluntatem
1902 4447 2099 4498 autem

443 4527 677 4582 Domini
707 4544 1059 4598 exsequens,
1092 4506 1420 4600 prophetia;
1450 4529 1675 4585 donum
1724 4531 1970 4601 accepit.
2033 4533 2101 4585 Et
2131 4506 2177 4570 Π

441 4615 560 4671 alia
588 4617 828 4687 quidem
861 4618 1068 4686 multa,
1083 4618 1185 4673 sed
1214 4619 1387 4691 longe
1419 4619 1590 4690 plura
1611 4618 1683 4674 de
1704 4621 1932 4676 Christo
1958 4638 2099 4691 pro—

444 4704 724 4775 phetavit,
759 4706 918 4774 quod
949 4706 1176 4761 scilicet
1198 4724 1269 4762 ex
1284 4708 1519 4780 Virgine
1550 4709 1888 4765 nasciturus
1919 4715 2094 4784 esset.

451 4792 564 4848 Sed
597 4797 655 4847 et
709 4792 783 4846 de
839 4793 1057 4864 Spiritu
1114 4803 1318 4852 sancto
1377 4798 1728 4853 vaticinatus
1760 4805 1868 4866 est,
1919 4816 2096 4871 quem

453 4880 639 4937 sancti
682 4881 992 4936 duodecim
1043 4885 1296 4954 apostoli
1344 4885 1406 4941 in
1457 4904 1669 4959 magno
1720 4888 2097 4943 Pentecostes

448 4971 601 5026 festo
633 4977 1011 5042 acceperunt,
1058 4973 1339 5043 inquiens
1373 4990 1387 5027 :
1422 4977 1551 5031 Hzc
1596 4978 1733 5032 dicit
1790 4978 2095 5033 Dominus:

448 5062 517 5116 Et
545 5061 650 5115 erit
705 5059 766 5114 in
818 5060 1124 5116 novissimis
1172 5062 1380 5130 diebus,
1430 5065 1713 5134 effundam
1763 5066 1829 5121 de
1881 5065 2101 5136 Spiritu

448 5166 564 5204 meo
594 5165 760 5218 super
784 5165 993 5204 omnem
1022 5165 1260 5219 carnem,
1294 5157 1345 5206 et
1361 5153 1769 5223 prophetabunt
1795 5157 2098 5224 ﬁliivesm',

446 5245 497 5294 et
523 5238 660 5306 ﬁlia?
687 5244 896 5293 vestrae.
930 5239 1095 5303 Quod
1127 5245 1186 5295 et
1230 5242 1478 5313 contigit
1507 5259 1520 5296 :
1552 5259 1689 5298 nam
1720 5261 1855 5298 cum
1913 5247 1973 5300 in
2001 5262 2101 5300 su—

447 5326 682 5396 periore
713 5325 923 5379 domus
945 5331 1110 5396 parte
1123 5327 1400 5384 sederent
1416 5332 1603 5385 sancti
1635 5334 1990 5403 Apostoli,in
2005 5334 2100 5389 die

451 5416 851 5482 Pentecostes,
885 5415 1033 5470 hora
1073 5418 1246 5472 tertia
1292 5418 1431 5485 diei,
1484 5419 1794 5476 descendit
1849 5422 2101 5492 Spiritus

448 5508 686 5559 sanctus
712 5502 770 5558 in
805 5504 999 5574 specie
1032 5505 2101 5582 linguarumignearum,conseditque

449 5607 629 5662 super
659 5590 921 5663 singulos
952 5608 1179 5662 eorum,
1233 5594 1514 5667 deditque
1569 5597 1655 5652 eis
1706 5598 1869 5653 varia
1897 5597 2097 5655 dona:

2213 3826 2461 3900 ζομένου.
2495 3829 2652 3885 ’Όθεν
2685 3831 2976 3894 πεισθεῖςὸ
3035 3830 3312 3907 βασιλεὺς,
3365 3833 3590 3902 ἐποίησε
3645 3836 3706 3890 τὸ
3759 3839 3849 3890 τοῦ

2208 3913 2362 3987 ἁγίου
2395 3914 2638 3988 θέλημα.
2662 3916 2818 3972 Οὕτω
2849 3915 2907 3973 δὲ
2939 3921 3106 3989 ζήσας
3143 3918 3403 3993 εὐσεϐῶς,
3455 3927 3597 3999 πρὸς
3654 3923 3848 3999 Κύριον

2208 4000 2358 4074 έξεδή
2369 4024 2559 4077 μησεν.
3506 4012 3507 4015 “

2778 4124 2861 4196 Τῇ
2921 4124 3060 4198 αὐτῇ
3100 4126 3280 4199 ἡμέρᾳ

2280 4241 2490 4312 Μνήμη
2523 4244 2623 4294 τοῦ
2669 4240 2823 4316 ἁγίου
2880 4241 2968 4297 καὶ
3027 4240 3242 4314 ἐνδόξου
3272 4248 3562 4323 προφήτου
3593 4248 3777 4319 Ἰωήλ.

2282 4449 2455 4511 Οὗτος
2485 4449 2701 4523 ὑπῆρχε
2757 4449 2816 4505 ἐκ
2843 4457 2945 4520 τῆς
3006 4449 3270 4516 Ἰουδαίας
3319 4454 3533 4529 Χώρας·
3578 4462 3748 4512 ποιῶν
3793 4453 3849 4510 δὲ

2207 4537 2268 4592 τὸ
2325 4535 2543 4610 θέλημα
2588 4539 2813 4613 Κυρίου,
2900 4536 3065 4596 ἔλαϐε
3148 4545 3486 4619 προφητείας
3561 4548 3846 4622 χάρισμα·

2206 4625 2577 4701 προεφήτευσε
2608 4622 2666 4679 δὲ
2710 4625 2797 4680 καὶ
2857 4624 3004 4681 ἀλλὰ
3063 4629 3160 4698 μὲν
3216 4629 3424 4702 πολλὰ,
3480 4631 3712 4689 πλείονα
3793 4630 3850 4686 δὲ

2206 4714 2330 4789 περὶ
2386 4717 2483 4768 τοῦ
2535 4718 2788 4789 Χριστοῦ·
2840 4715 2921 4770 ὅτι
2977 4717 3171 4790 μέλλει
3221 4723 3545 4794 γεννηθῆναι
3603 4722 3663 4778 ἐκ
3716 4729 3848 4794 Παρ-

2208 4803 2387 4857 θένου’
2424 4802 2501 4858 ἔτι
2534 4800 2592 4857 δὲ
2620 4803 2709 4858 καὶ
2740 4803 2865 4879 περὶ
2903 4810 3002 4860 τοῦ
3042 4807 3194 4880 ἁγίου
3253 4808 3591 4884 Πνεύματος,
3641 4813 3670 4867 ὃ
3726 4807 3850 4867 ἕλα-

2208 4887 2304 4946 6ον
2394 4893 2450 4945 οἱ
2524 4892 2672 4966 ἅγιοι
2753 4889 2965 4950 δώδεκα
3049 4895 3353 4953 ἀπόστολοι
3412 4899 3466 4953 έν
3515 4904 3580 4974 τῇ
3642 4896 3848 4974 μεγάλῃ

2207 4981 2371 5053 ἑορτῇ
2428 4986 2531 5045 τῆς
2591 4985 2991 5051 Πεντηκοστῆςο
3046 4983 3237 5038 εἰπών·
3296 4987 3415 5041 ’Ότι
3494 4985 3623 5044 τάδε
3706 4986 3851 5061 λέγει

2207 5069 2431 5143 Κύριος·
2516 5068 2614 5123 Καὶ
2710 5062 2857 5124 ἔσται
2944 5070 2997 5126 ἐν
3063 5078 3184 5136 ταῖς
3271 5073 3529 5150 ἐσχάταις
3596 5075 3845 5151 ἡμέραιςο

2208 5153 2384 5212 ἐκχεῶ
2441 5155 2547 5210 ἀπὸ
2578 5161 2673 5211 τοῦ
2726 5157 3039 5231 Πνεύματός
3099 5181 3205 5233 μου
3281 5162 3371 5217 ἐπὶ
3423 5168 3596 5219 πᾶσαν
3655 5169 3843 5238 σάρκα.

2210 5244 2313 5300 Καὶ
2373 5245 2838 5322 προφητεύσουσιν
2902 5249 2955 5301 οἱ
3012 5249 3121 5303 υἱοὶ
3195 5249 3367 5323 ὑμῶν’
3426 5252 3515 5307 καὶ
3573 5254 3628 5307 αἱ
3687 5255 3841 5328 θυγα-

2206 5332 2355 5407 τέρες
2417 5333 2591 5405 ὑμῶν.
2647 5335 2713 5391 Ὀ
2769 5332 2835 5405 δὴ
2888 5336 2977 5391 καὶ
3030 5338 3239 5413 γέγονε.
3310 5341 3693 5413 Καθεζομένων
3749 5342 3847 5417 γὰρ

2208 5427 2319 5477 τῶν
2349 5421 2514 5497 ἁγίων
2547 5421 2869 5478 ἀποστόλων
2927 5425 2979 5480 ἐν
3062 5432 3143 5498 τῷ
3198 5429 3428 5504 ὑπερώῳ
3485 5430 3745 5504 οἰκήματι
3795 5429 3844 5485 ἐν

2210 5515 2278 5585 τῇ
2311 5512 2492 5585 ἡμέρᾳ
2519 5518 2617 5581 τῆς
2648 5518 3046 5585 Πεντηκοστῆς,
3106 5516 3224 5591 ὥρᾳ
3269 5519 3427 5594 τρίτῃ
3487 5525 3587 5588 τῆς
3615 5520 3842 5594 ἡμέρας,

2210 5596 2449 5670 κατῆλθε
2475 5601 2538 5655 τὸ
2568 5605 2785 5674 Πνεῦμα
2811 5602 2874 5657 τὸ
2905 5605 3060 5678 ἅγιον
3114 5603 3168 5661 έν
3222 5605 3355 5663 εἷ’δει
3400 5607 3639 5685 πυρίνων
3675 5606 3849 5683 γλωσ-
