4132 6328
267 305 378 365 117

1775 313 2160 378 OCTOBER.

3557 331 3676 392 118

267 438 394 490 σῶν·
424 434 512 490 καὶ
561 433 812 501 ἐκάθισεν
863 438 947 512 ἐφ’
999 434 1089 494 ἕνα
1147 436 1372 496 ἕκαστον
1431 441 1625 498 αὐτῶνθ
1684 443 1773 498 καὶ
1829 439 1915 498 δέ·

2050 468 2138 508 iec
2164 454 2285 512 illis
2317 458 2530 528 solum,
2563 460 2664 516 sed
2715 466 2773 516 et
2818 461 2912 531 iis,
2963 463 3063 534 qui
3118 463 3263 534 ipsis
3312 479 3674 524 successere.

265 522 431 579 δωκεν
475 526 663 587 αὐτοῖς
725 527 1044 602 χαρίσματα
1102 527 1355 608 διάφορα,
1411 533 1498 586 καὶ
1560 534 1916 608 προφητείας.

267 616 359 669 Καὶ
411 615 476 669 οὐ
539 617 706 687 μόνον
769 617 1022 686 ἐκείνοις,
1080 618 1228 674 ἀλλὰ
1284 622 1372 675 καὶ
1434 627 1549 682 τοῖς
1610 622 1918 695 μετέπειτα.

265 705 444 759 Ταῦτα
504 702 562 759 δέ
617 707 1025 784 προφητεύσας,
1081 709 1136 763 ἐν
1195 709 1384 784 εἶρήνῃ
1464 711 1762 785 ἐκοιμήθη,
1828 712 1919 766 καὶ

262 791 428 866 ἐτάφη
457 793 511 849 ἐν
541 798 612 868 τῇ
646 793 762 867 ἰδίᾳ

808 914 994 970 MHNI
1034 917 1124 994 Τῼ
1165 920 1359 997 Αγτᾳ.

1046 1005 1122 1059 K'.

360 1118 573 1190 Μνῆμη
606 1122 704 1171 τοῦ
736 1118 895 1193 ἁγίου
927 1120 1240 1196 Κορνηλίου
1269 1125 1363 1176 τοῦ
1395 1121 1817 1199 ἑκατοντάρχου.

335 1205 645 1279 Κορνήλιος
680 1208 708 1261 6
758 1208 1184 1284 ἑκατοντάρχης,
1251 1212 1495 1286 ὑπῆρχεν
1554 1212 1659 1267 ἀπὸ
1718 1218 1919 1269 Καισα-

262 1295 410 1368 ρείας
451 1303 554 1364 τῆς
611 1296 1001 1366 Ηαλαιστίνης,
1059 1298 1244 1353 ἐκατὸν
1302 1305 1644 1372 στρατιωτῶν
1706 1301 1916 1376 ἃρχων,

261 1383 497 1438 ἐπὶτῶν
562 1385 779 1459 χρόνων
840 1391 946 1440 τῶν
1007 1385 1176 1460 ἁγίων
1231 1387 1575 1443 ἀποστόλων·
1638 1388 1784 1451 ὅστις
1829 1391 1916 1444 καὶ

257 1478 479 1544 πρῶτος
529 1473 579 1543 ἐξ
612 1473 771 1527 ἐθνῶν
831 1475 1109 1530 ἐπίστευσε
1163 1481 1241 1548 τῷ
1297 1479 1529 1552 Χριστῷ·
1583 1476 1714 1532 ἰδὼν
1761 1479 1917 1553 γᾶρὸ

260 1562 393 1624 Θεὸς
451 1564 548 1624 τὰς
605 1561 978 1635 ἐλεημοσύνας
1036 1565 1221 1632 αὐτοῦ,
1281 1563 1341 1628 ἅς
1400 1566 1571 1621 ἐποίει
1654 1567 1733 1629 εἷς
1792 1567 1921 1632 τοὺς

261 1651 546 1725 πτωχοὺς,
580 1649 936 1724 προσεδέξατο
970 1653 1152 1710 αὐτόν.
1204 1655 1306 1711 Καὶ
1353 1652 1424 1709 δι’
1482 1657 1718 1732 ἀγγέλου
1776 1678 1916 1731 παρ-

267 1740 547 1797 εσκεῦασεν
607 1741 766 1796 αὐτὸν
825 1744 1183 1817 βαπτισθῆναι
1243 1746 1388 1818 παρὰ
1443 1749 1539 1800 τοῦ
1595 1745 1754 1820 ἁγίου
1812 1745 1914 1801 Πέ-

264 1901 326 1937 ,η
427 1918 457 1937 Ἵ·

288 1925 357 1975 Εν
511 1919 602 1974 καὶ
661 1921 944 1994 κηρύττων
999 1921 1088 1974 τὸν
1144 1923 1396 1996 Χριστὸν,
1457 1923 1724 1996 ἐκρατήθη
1784 1924 1930 1998 παρὰ

278 2008 730 2083 Δημητρίουτοῦ
783 2011 1068 2084 ἄρχοντος.
1129 2011 1231 2066 Καὶ
1287 2012 1695 2088 κατηναγκάσθη
1755 2012 1933 2068 εἰσελ-

278 2105 387 2162 θεῖν
423 2100 502 2161 εἰς
535 2100 627 2153 τὸν
661 2098 785 2153 ναὸν
814 2103 922 2154 τῶν
957 2098 1222 2169 εῗδώλων,
1255 2102 1343 2155 καὶ
1369 2105 1522 2156 θῦσαι
1550 2103 1662 2174 ἅμα
1690 2108 1768 2174 τῷ
1788 2104 1930 2174 λαῷ,

275 2189 364 2242 καὶ
395 2192 464 2261 τῇ
499 2189 724 2262 γυναικὶ
755 2190 944 2257 αὐτοῦ,
977 2189 1066 2242 καὶ
1097 2194 1175 2260 τῷ
1197 2191 1315 2262 υἱῷ
1347 2188 1678 2253 ἀπελθόντος
1739 2190 1794 2246 δὲ
1841 2192 1931 2246 καὶ

273 2278 712 2350 προσευξαμένου
742 2277 876 2351 πρὸς
906 2279 996 2332 τὸν
1057 2279 1207 2346 Θεὸν,
1267 2278 1475 2354 ἐγένετο
1535 2281 1782 2353 σεισμὸς,
1841 2281 1932 2335 καὶ

271 2365 458 2420 ἔπεσον
494 2366 563 2419 σὲ
614 2364 840 2435 εἴδωλα,
899 2366 987 2420 καὶ
1023 2367 1050 2420 6
1081 2365 1233 2427 ναός·
1300 2367 1389 2421 καὶ
1450 2369 1784 2442 συνεκάλυψε
1840 2370 1931 2423 τὸν

274 2455 388 2508 υἱὸν
420 2460 519 2508 τοῦ
555 2455 844 2530 ἄρχοντος,
880 2455 965 2508 καὶ
997 2456 1096 2524 τήν
1137 2461 1382 2529 γυναῖκα·
1435 2459 1524 2511 καὶ
1576 2452 1746 2510 ἐϐόων
1797 2459 1936 2526 ζῶν-

270 2565 355 2606 τες
386 2544 628 2599 κάτωθεν
683 2547 765 2599 ὅτι
826 2546 1061 2618 Μέγαςὸ
1093 2546 1243 2605 Θεὸς.
1305 2545 1638 2617 Κορνηλίου’
1689 2549 1934 2620 παρεκά-

275 2632 399 2687 λεσε
431 2632 489 2687 δέ
530 2634 691 2687 αὑτὸν
722 2635 750 2687 ὁ
779 2632 991 2708 ἅρχων,
1052 2632 1145 2688 καὶ
1189 2634 1558 2708 προσηύξατο’
1619 2637 1710 2689 καὶ
1772 2634 1932 2706 ἐξῆλ-

283 2725 397 2780 θον,
431 2723 538 2777 Καὶ
573 2722 908 2790 ἐπίστευσαν,
941 2723 969 2775 6'
997 2744 1056 2776 τε
1093 2721 1304 2796 ἄρχων,
1363 2724 1450 2777 καὶ
1485 2725 1519 2792 ἡ
1552 2726 1686 2799 γυνὴ
1744 2725 1935 2794 αὐτοῦ,

279 2812 370 2866 καὶ
412 2813 557 2878 υἱὸς,
589 2812 680 2866 καὶ
715 2809 904 2887 ἄνδρες
935 2813 1066 2882 got.
1117 2813 1205 2867 καὶ
1261 2813 1431 2875 οὕτως
1490 2813 1540 2867 ἐν
1595 2815 1784 2889 ειρήνῃ
1832 2813 1938 2869 ἐτε-

283 2899 510 2970 λειώθη.

860 3022 942 3094 Τῇ
983 3020 1123 3094 αὐτῇ
1163 3022 1345 3093 ἡμέρᾳ

279 3111 554 3181 Ἀθλησις
584 3115 683 3165 τοῦ
741 3111 900 3185 ἀγῖου
962 3111 1240 3184 μάρτυρος
1275 3109 1596 3186 ’Δρτεμίου
1652 3115 1750 3167 τοῦ
1805 3125 1934 3178 θαυ-

948 3186 1272 3256 ματουργοῦ.

351 3300 650 3374 Ἀρτέμιῠς
690 3298 716 3352 ὁ
768 3295 1082 3362 πολύαθλος
1142 3298 1414 3374 ὑπῆρχεν,
1477 3298 1566 3354 ἐπὶ
1623 3307 1722 3370 τῆς
1784 3302 1939 3376 βασι-

284 3387 431 3450 λείας
467 3387 770 3442 Ἰουλιανοῦ
807 3391 905 3441 τοῦ
965 3381 1306 3461 Ῑῐαραϐάτου,
1367 3385 1491 3461 δοὺξ
1536 3386 1940 3464 Ἀλεξανδρείας

282 3485 378 3546 τῆς
437 3476 747 3552 Αἰγύπτου·
808 3475 862 3530 ἐν
914 3482 1032 3540 τοῖς
1086 3479 1397 3550 πατρικίοις
1458 3475 1758 3552 διαπρέψας
1835 3480 1943 3535 ἀπὸ

288 3565 694 3623 Κωνσταντίνου
749 3568 846 3620 τοῦ
904 3564 1161 3640 Μεγάλου
1223 3566 1514 3641 βασιλέως
1600 3567 1829 3630 ἀκούσας
1887 3566 1944 3623 δὲ

288 3654 367 3710 ὅτι
399 3655 702 3715 Ἰουλιανὸς
732 3652 784 3708 ἐν
813 3655 1120 3729 Ἀντιοχείᾳ
1147 3660 1384 3728 τιμωρεῖ
1403 3655 1528 3716 τοὺς
1551 3657 1940 3731 Χριστιανοὺς.

291 3742 608 3818 παρεγένετο
640 3741 778 3814 πρὸς
838 3740 1020 3808 αὑτὸν,
1079 3741 1176 3809 τήν
1235 3741 1574 3814 παρανομίαν
1635 3742 1797 3797 αὑτοῦ
1857 3741 1942 3796 δι-

293 3830 560 3905 ελέγχων.
593 3831 865 3887 Τύπτεται
907 3828 996 3883 οὖν
1057 3831 1183 3904 παρ’
1242 3831 1408 3884 αὑτοῦ
1463 3831 1796 3906 βουνεὺροις·
1854 3831 1943 3886 καὶ

291 3915 578 3993 τριϐόλοις
614 3919 756 3989 ὀξέσι
785 3919 853 3972 τὰ
885 3918 992 3992 ψὺα
1021 3920 1212 3991 ξέεται·
1243 3919 1330 3972 καὶ
1367 3919 1606 3991 ὀγκίνοις
1633 3920 1728 3980 τὰς
1776 3920 1942 3975 πλευ-

292 4009 409 4080 ρὰς,
441 4008 631 4062 καὶτὰ
687 4007 933 4082 βλέφαρα
988 4012 1406 4060 κατακεντεῖται.
1465 4007 1565 4063 Καὶ
1629 4007 1731 4062 ὑπὸ
1791 4007 1942 4063 λιθο-

293 4098 423 4169 ξόων
486 4098 684 4171 πέτρας
745 4093 1120 4166 διακοπείσης,
1184 4089 1344 4168 μέσον
1419 4091 1776 4170 ἐμϐάλλεται.
1841 4097 1941 4153 Καὶ

289 4189 390 4241 τῶν
456 4184 554 4241 δύο
619 4191 794 4261 μερῶν
853 4186 1358 4259 συναρμοσθέντων,
1420 4187 1809 4262 συγκρατηθεὶς
1860 4185 1940 4242 ἔν-

289 4273 402 4341 δον,
462 4276 564 4341 τήν
624 4274 898 4352 ἀοόρητον
961 4274 1161 4342 ὑπέστη
1220 4273 1507 4348 τιμωρίαν·
1571 4271 1941 4345 ἐκϐληθέντων

287 4365 453 4420 αὑτοῦ
483 4369 593 4417 τῶν
631 4362 958 4437 ὀφθαλμῶν,
983 4363 1074 4416 καὶ
1106 4367 1212 4416 τῶν
1245 4363 1470 4436 ἐντέρων
1521 4365 1668 4418 κάτω
1716 4362 1944 4419 συνελα-

287 4455 506 4511 Θέντων.
542 4451 692 4508 Ἐπεὶ
723 4449 800 4520 δὲ,
838 4451 970 4525 μετᾶ
998 4451 1261 4515 τοσαύτας
1306 4451 1594 4528 τιμωρίας,
1655 4451 1752 4508 οὐκ
1797 4453 1938 4508 ἐπεί-

2029 542 2291 614 Cumque
2322 548 2446 603 hanc
2475 551 2599 605 Joel
2631 552 3064 622 prophetasset,
3092 553 3153 607 in
3189 570 3333 624 pace
3365 554 3674 610 obdormi-

2027 632 2127 700 vit,
2163 637 2546 710 sepultusque
2578 646 2666 694 est
2696 642 2756 695 in
2785 646 2941 696 terra
2967 657 3092 697 sua.

2576 936 2816 992 EODEM
2856 939 3106 994 MENSE.

2649 1029 2726 1082 De
2757 1027 3036 1083 vicesima

2097 1139 2135 1190 1
2153 1138 2250 1193 29
2285 1137 2736 1197 Commemoratio
2765 1145 2942 1197 sancti
2972 1144 3212 1198 Cornelii
3243 1149 3596 1201 centurionis.

2098 1227 2406 1283 Cornelius
2437 1231 2704 1284 centurio
2737 1248 2807 1285 ex
2836 1235 3103 1287 Cwsarea
3161 1233 3491 1288 Palaestinis
3535 1234 3669 1303 fuit,

2027 1320 2267 1369 centum
2300 1318 2558 1372 militum
2592 1320 2889 1391 princeps,
2925 1322 3294 1391 temporibus
3327 1328 3671 1378 sanctorum

2026 1405 2469 1472 apostolorum:
2506 1409 2605 1478 qui
2663 1409 2930 1463 omnium
2981 1410 3292 1481 gentilium
3333 1413 3562 1481 primus
3611 1414 3672 1468 in

2025 1493 2321 1548 Christum
2355 1496 2624 1551 credidit.
2660 1499 2813 1552 Deus
2837 1500 2995 1552 enim
3019 1499 3221 1553 videns
3240 1499 3672 1572 eleemosynas,

2025 1599 2172 1652 quas
2194 1586 2555 1655 pauperibus
2577 1587 2849 1654 faciebat,
2874 1594 3182 1659 acceptum
3205 1606 3338 1643 eum
3358 1590 3582 1656 habuit,
3619 1596 3676 1645 et

2023 1686 2130 1739 per
2150 1671 2426 1742 angelum
2447 1675 2770 1740 monuit,ut
2793 1681 3040 1729 asancto
3066 1677 3237 1730 Petro
3252 1677 3670 1747 baptizaretur.

2025 1759 2244 1814 Deinde
2276 1763 2586 1832 episcopus
2611 1763 2951 1818 Scamandri
2983 1764 3311 1833 ordinatus,
3336 1783 3469 1820 cum
3493 1767 3673 1822 ﬁdem

260 1848 422 1922 τρου.
488 1833 629 1887 Εἶτα
686 1837 1078 1905 χειροτονεῖται
1156 1831 1447 1896 ἐπίσκοπος
1536 1832 1915 1908 Σκαμάνδρου.

2310 1815 2326 1831 ι
2387 1815 2391 1816 ⁷
2477 1815 2494 1832 ι
2527 1815 2555 1817 η
2623 1815 2637 1818 ⁷
2658 1815 2880 1818 ’"‘_‘"’“
2907 1815 2948 1816 "
2992 1815 3035 1817 '7
3061 1815 3311 1833 """""'7
3342 1815 3469 1820 “’”“”“
3494 1815 3670 1822 ““’”“”⁵“⁴

2050 1847 2249 1904 3hristi
2284 1851 2719 1917 disseminaret,
2777 1856 3242 1925 comprehensus
3290 1871 3322 1909 a
3373 1857 3670 1911 Dometrio

2036 1939 2777 2012 prmside,compulsusque
2796 1944 3088 1998 idolorum
3117 1945 3404 2014 templum
3423 1946 3676 2017 ingredi,

2038 2029 2200 2097 atqui
2225 2029 2304 2082 ibi
2332 2046 2450 2083 una
2473 2047 2605 2084 cum
2631 2032 2870 2102 populo,
2905 2039 2962 2086 et
2989 2050 3190 2096 uxore,
3217 2040 3275 2087 et
3307 2034 3428 2087 filio
3465 2035 3678 2089 immo-

2039 2116 2184 2183 lare,
2222 2120 2407 2172 oravit
2436 2120 2509 2173 ad
2543 2122 2746 2174 Deum.
2782 2124 2851 2174 Et
2881 2123 3076 2176 statim
3111 2122 3264 2177 facto
3290 2129 3460 2176 terra:
3494 2129 3679 2194 motu,

2039 2205 2420 2276 collapsoque
2451 2225 2585 2262 cum
2621 2209 2795 2262 idolis
2827 2210 3070 2280 templo,
3099 2228 3248 2264 uxor
3277 2217 3335 2264 et
3358 2211 3514 2265 illius
3535 2231 3685 2282 prm-

2043 2295 2185 2349 sidis
2208 2295 2402 2349 obruti
2423 2296 2667 2350 fuerunt
2693 2315 2704 2350 :
2741 2299 2954 2367 quibus
2980 2298 3086 2353 sub
3108 2299 3281 2354 ruina
3313 2301 3687 2354 vociferanti-

2039 2383 2169 2451 bus,
2187 2390 2245 2438 et
2264 2401 2544 2456 magnum
2569 2403 2697 2440 esse
2718 2387 2973 2441 Cornelii
2994 2389 3176 2442 Deum
3202 2388 3687 2458 inclamantibus,

2042 2481 2279 2546 rogatus
2311 2493 2344 2531 a
2375 2476 2625 2546 praeside
2657 2478 2983 2540 Cornelius,
3009 2479 3282 2549 precibus
3302 2497 3334 2534 a
3358 2482 3473 2534 Deo
3501 2481 3688 2551 impe-

2043 2565 2234 2631 travit,
2269 2571 2334 2620 ut
2363 2566 2500 2620 inde
2534 2567 2866 2621 incolumes
2916 2569 3250 2623 evaderent.
3299 2571 3694 2633 Quamobrem

2044 2653 2378 2708 Demetrius
2410 2672 2542 2708 cum
2577 2672 2777 2724 uxore,
2814 2662 2871 2709 et
2921 2656 3066 2724 filio,
3127 2663 3183 2711 et
3230 2659 3364 2712 aliis
3423 2659 3695 2713 ducentis

1962 2799 1965 2802 _
2043 2745 2414 2813 septuaginta
2442 2750 2665 2814 septem
2701 2745 2760 2798 in
2792 2745 3085 2799 Christum
3109 2747 3379 2801 credidit.
3408 2749 3536 2818 Ips’e
3560 2765 3692 2802 vero

2044 2832 2352 2886 Cornelius
2385 2832 2444 2885 in
2480 2850 2622 2902 pace
2654 2834 2892 2905 quievit.

2694 3038 2915 3094 Eodem
2947 3039 3044 3094 die

2049 3127 2205 3182 130
2257 3127 2542 3183 Certamen
2599 3127 2779 3183 sancti
2834 3132 3098 3200 martyris
3151 3129 3390 3184 Artemii
3445 3130 3697 3186 thauma-

2789 3203 2958 3274 turgi.

2127 3288 2428 3344 Artemius
2460 3289 2664 3344 multis
2712 3290 3139 3346 certaminibus
3197 3291 3412 3360 clarus,
3466 3292 3700 3349 Juliano

2051 3380 2335 3452 Apostata
2355 3380 2708 3451 imperante,
2735 3380 2852 3436 dux
2875 3381 3245 3437 Alexandriae
3270 3382 3516 3455 Egypti,
3555 3388 3611 3438 et
3640 3385 3704 3440 in

2051 3471 2436 3543 patriciorum
2466 3486 2783 3526 numerum
2815 3472 3253 3528 aConstantino
3277 3475 3482 3545 Magno
3506 3475 3698 3547 impe-

2052 3565 2248 3615 ratore
2307 3561 2623 3631 ascriptus,
2701 3561 2936 3632 cognita
3018 3563 3233 3616 Juliani
3322 3563 3700 3632 crudelitate,

2053 3665 2231 3721 quam
2262 3649 2323 3703 in
2371 3649 2735 3704 Christianos
2795 3647 3122 3704 Λιιῐὶοοῦἱὼ
3183 3651 3514 3719 exercebat,
3565 3669 3700 3708 eum

2053 3739 2236 3794 adiit:
2269 3743 2328 3793 et
2355 3738 2660 3807 impietate
2693 3737 2820 3807 ejus
2851 3738 3180 3808 objurgata,
3215 3739 3409 3792 nervis
3458 3740 3700 3796 bubulis

2054 3827 2300 3882 caaditur
2325 3842 2336 3878 :
2357 3830 2482 3880 tum
2513 3825 2732 3879 lumbis
2751 3825 2911 3879 illius
2937 3827 3125 3880 acutis
3152 3825 3696 3896 tribulislaceratis,

2052 3914 2456 3984 lateribusque
2489 3930 2556 3968 ac
2587 3913 2887 3984 palpebris
2918 3915 3086 3969 uncis
3117 3915 3454 3982 lancinatis,
3501 3917 3694 3972 medio

2055 4021 2192 4059 saxo
2225 4019 2259 4058 a
2287 4003 2541 4074 lapicida
2571 4003 2826 4057 dissecto
2859 4003 3202 4058 includitur.
3251 4003 3477 4060 Deinde
3529 4024 3699 4078 coag-

2052 4093 2334 4149 mentatis
2359 4093 2573 4147 iterum
2605 4092 2872 4163 partibus
2892 4095 3701 4163 compressus.intolerabiles

2054 4182 2432 4240 exilientibus
2463 4183 2672 4246 oculis,
2699 4183 3049 4252 dil’fusisque
3074 4183 3372 4238 intestinis
3403 4185 3699 4240 cruciatus

2052 4272 2335 4344 pertulit:
2365 4271 2465 4340 qui
2491 4287 2624 4325 cum
2657 4286 2691 4325 a
2713 4272 3017 4341 proposito
3040 4271 3278 4341 pietatis
3299 4273 3494 4328 studio
3507 4275 3698 4329 verbis

2054 4361 2289 4433 tyranni
2320 4360 2530 4415 deduci
2563 4375 2682 4413 non
2705 4366 2926 4430 posset,
2950 4359 3146 4431 gladio
3167 4360 3493 4416 trucidatus
3517 4364 3699 4418 ﬁnem

2053 4452 2299 4522 accepit.
2326 4451 2466 4521 Ejus
2488 4449 2756 4519 reliquiaa
2776 4450 3352 4520 Constantinopolim
3375 4453 3691 4519 translataa,

289 4555 386 4614 σθη
415 4549 535 4604 τοῖς
565 4540 753 4617 λόγοις
789 4544 886 4596 τοῦ
941 4542 1226 4615 τυράννου,
1277 4543 1376 4610 τήν
1423 4538 1511 4597 διὰ
1558 4542 1742 4619 ξίφους
1790 4541 1933 4617 δέχε-

2056 4542 2256 4612 ibique
2287 4539 2591 4610 deposita),
2623 4537 2939 4592 sanitatem
2971 4538 3076 4605 eis,
3125 4538 3225 4607 qui
3275 4555 3410 4592 cum
3459 4540 3575 4595 ﬁde
3623 4541 3694 4596 ad

284 4653 370 4686 ται
401 4632 685 4701 τελευτήν.
718 4630 792 4685 Τὸ
832 4626 890 4683 δὲ
943 4629 1096 4704 ἅγιον
1152 4628 1315 4683 αὐτοῦ
1373 4626 1624 4704 λείψανον
1687 4631 1938 4704 ἀνεκομί-

292 4734 389 4792 σθη
447 4721 499 4776 ἐν
563 4718 1149 4787 Κωνσταντινουπόλει,
1210 4718 1452 4793 παρέχον
1539 4719 1743 4794 ἰάματα
1821 4725 1937 4783 τοῖς

293 4815 498 4872 πιστῶς
532 4810 683 4879 αὐτῷ
711 4826 990 4883 προσερχο
1001 4808 1206 4880 μένοις.

836 4899 1017 4954 MHNI
1055 4899 1146 4973 Te
1186 4900 1385 4975 ΔΥΤῼ.

1048 4985 1174 5042 ΚΑ’.

285 5077 556 5146 ’Δθλησις
608 5079 714 5130 τῶν
773 5074 942 5149 ἁγίων
1007 5072 1293 5149 μαρτύρων
1350 5075 1566 5144 Δασίου,
1631 5081 1794 5130 Γαΐου
1850 5077 1939 5132 καὶ

978 5150 1242 5204 Ζωτικοῦ,

357 5263 525 5322 Οὗτοι
559 5264 610 5318 οἱ
654 5263 803 5338 ἅγιοι
865 5265 1128 5336 μάρτυρες
1192 5265 1440 5338 ὑπῆρχον
1502 5264 1554 5318 ἐν
1601 5261 1944 5337 Νικομηδείᾳ

287 5357 354 5424 τῇ
382 5355 569 5408 πόλει.
606 5351 956 5425 Δημοτελοῦς
989 5350 1048 5405 δὲ
1102 5357 1219 5415 τοῖς
1271 5350 1524 5414 εἰδώλοις
1565 5353 1758 5428 ἑορτῆς
1789 5374 1940 5426 γενο-

296 5446 462 5515 μένης
523 5441 1053 5518 παῤῥησιασάμενοι,
1111 5443 1177 5494 τὰ
1235 5440 1323 5495 ἐπὶ
1387 5445 1494 5495 τῶν
1576 5442 1778 5515 βωμῶν
1838 5442 1944 5496 κεί-

299 5554 428 5604 μενα
485 5534 868 5604 κατέστρεψαν
928 5530 1018 5584 καὶ
1100 5523 1502 5599 εὐσεϐήσαντες,
1582 5530 1655 5593 ὡς
1733 5524 1942 5592 ἀσεϐεῖς

293 5621 438 5695 παρὰ
465 5623 576 5674 τῶν
616 5620 862 5695 ἀφρόνων
905 5613 1111 5674 ἀσεϐῶν
1167 5616 1550 5691 ἐλογίσθησαν.
1596 5620 1760 5675 Ὅταν
1812 5638 1944 5693 κρα-

2049 4631 2245 4701 ipsum
2273 4627 2584 4694 accedunt,
2616 4627 2958 4680 restituunt.

2603 4893 2840 4947 EODEM
2884 4893 3138 4948 MENSE.

2551 4983 2654 5038 Die
2688 4983 2968 5038 vicesima
3006 4985 3201 5054 prima

2060 5077 2199 5133 I31
2240 5074 2526 5130 Certamen
2555 5079 3209 5198 sanctortztmtpiartyrum
3254 5076 3426 5142 Dasii,
3481 5077 3608 5132 ϐαίί
3653 5085 3707 5133 et

2819 5161 2849 5197 o
2881 5161 2970 5198 ιοι.

2819 5161 2970 5198 οιιοι.

2125 5265 2218 5318 Illi
2245 5263 2431 5318 sancti
2453 5266 2744 5333 martyres
2779 5261 2838 5314 in
2869 5261 3015 5315 urbe
3046 5261 3386 5318 Nicomedia
3415 5264 3702 5321 claruere.

2056 5356 2198 5409 Cum
2219 5358 2414 5407 autem
2440 5351 2712 5423 publicus
2736 5349 3028 5405 idolorum
3053 5350 3237 5406 festus
3261 5353 3388 5408 dies
3410 5360 3702 5424 ageretur,

2058 5443 2310 5498 fidenter
2331 5443 2545 5513 pieque
2569 5457 2794 5510 ea,qu{e
2815 5456 2993 5509 super
3005 5439 3290 5496 altaribus
3304 5443 3495 5512 posita
3509 5449 3696 5512 erant,

2056 5538 2408 5599 evertentes,
2432 5548 2465 5585 a
2483 5529 2680 5584 stultis
2703 5527 3044 5582 inﬁdelibus
3060 5529 3238 5600 impie
3259 5530 3470 5585 fecisse
3491 5533 3690 5588 existi-

2055 5622 2200 5679 mati
2233 5626 2390 5678 sunt.
2423 5621 2612 5685 Quare
2641 5617 2877 5689 injectis
2908 5618 3131 5674 catenis
3162 5619 3234 5673 ad
3285 5619 3550 5691 judicem
3595 5639 3689 5677 ra-
