4132 6328
431 232 548 294 119

1747 233 2176 295 MENOLOGII
2216 236 2423 296 PARS
2469 237 2516 296 l.

3722 233 3840 294 120

429 366 712 436 piuntur:
745 380 780 422 a
808 380 926 437 quo
952 382 1325 438 quaecunque
1357 368 1673 436 excogitari
1704 373 1948 440 potuere
1966 373 2076 421 tor-

2199 369 2441 435 εηθέντες
2513 369 2854 442 παρέστησαν
2929 371 3009 437 τῷ
3085 365 3380 435 δικάζοντι.
3437 363 3497 422 Ὁ
3555 363 3613 420 δὲ
3668 369 3838 419 πᾶσαν

429 462 652 520 menta,
677 457 900 528 experti
924 462 1081 525 sunt,
1102 457 1423 513 durissima
1440 457 1706 525 verbera,
1731 456 2077 527 equuleum,

431 545 656 618 plagas,
693 547 948 601 dissecta
989 547 1240 619 ﬂagellis
1297 547 1504 610 latera,
1561 563 1768 601 carnes
1826 547 2080 600 cilicinis

431 636 647 706 pannis
679 636 950 690 laniatas.
985 637 1121 701 Quae
1153 637 1352 690 omnia
1378 653 1512 691 cum
1535 653 1656 690 non
1681 635 1874 690 solum
1901 635 2082 707 negli-

431 729 670 796 gereut;
705 725 808 778 sed
841 725 1019 779 etiam
1079 725 1378 779 idolorum
1427 724 1747 780 vanitatem
1797 724 2080 796 objurga-

431 819 588 882 rent,
627 817 685 868 et
715 830 930 884 magna
958 829 1097 868 voce
1129 814 1430 868 Christum
1457 814 1649 868 solum
1672 830 1873 868 verum
1898 816 2081 868 Deum

432 917 562 956 esse
594 906 977 970 testarentur,
1011 903 1167 958 saxis
1197 901 1268 958 de
1296 902 1450 958 collo
1492 903 1793 975 appensis,
1828 905 1888 957 in
1946 920 2078 975 gur-

431 991 613 1063 gitem
644 991 869 1062 injecti,
906 992 1135 1064 sagittis
1162 992 1421 1047 confossi
1457 998 1637 1047 sunt:
1683 992 1883 1063 ibique
1933 1009 2086 1047 mar-

433 1079 568 1151 tyrii
603 1080 784 1135 tinem
815 1082 1141 1147 consecuti,
1173 1081 1392 1154 gratias
1424 1081 1652 1136 Christo
1684 1082 1805 1154 regi
1838 1081 2081 1136 saeculo-

433 1186 567 1225 rum
599 1186 785 1240 usque
817 1171 890 1226 ad
921 1176 1172 1226 mortem
1205 1171 1479 1243 agebant,
1517 1171 1672 1242 quod
1701 1171 1862 1243 digni
1906 1171 1978 1226 ab
2015 1188 2082 1225 eo

433 1259 620 1315 habiti
657 1268 875 1330 essent,
909 1280 1013 1334 pro
1046 1264 1173 1334 ipso
1206 1268 1460 1318 mortem
1493 1267 1796 1334 oppetere.

2189 461 2377 528 πεῖραν
2411 457 2599 520 αὐτοῖς
2651 459 2895 532 βασάνων
2953 458 3290 532 προσήγαγε·
3343 455 3431 509 καὶ
3492 455 3596 528 γὰρ
3656 449 3840 527 ἔτυψεν

2192 544 2388 607 αὐτοὺς
2420 544 2688 616 ἀνηλεῶς⁸
2722 547 2810 601 καὶ
2852 545 2939 601 ἐπὶ
2993 545 3168 616 ξύλων
3219 545 3504 619 ἐκρέμασε⁰
3554 543 3644 597 καὶ
3697 551 3844 614 πλη-

2190 635 2290 709 γάς
2322 633 2624 707 ἐνεποίησε*
2660 638 2751 691 καὶ
2791 637 2888 700 τὰς
2943 633 3185 712 πλευράς
3244 635 3418 688 αὐτῶν
3477 639 3599 697 ταῖς
3655 639 3846 706 μάστι-

2192 723 2240 792 ξι
2299 720 2564 800 διέρρηξε·
2625 728 2714 780 καί
2771 725 3055 800 τρυχίνοις
3141 724 3413 800 ὑφάσμασι
3497 723 3593 784 τὰς
3650 721 3848 796 σάρκας

2191 814 2370 868 αὐτῶν
2422 814 2688 884 κατέξανε’
2779 815 2868 869 καὶ
2955 813 3068 869 ἐπεὶ
3152 812 3296 886 ἑώρα
3377 815 3843 889 καταφρονοῦντας

2197 903 2290 974 μὲν
2322 907 2429 957 τῶν
2467 904 2734 978 βασάνων,
2773 899 3102 979 ἐλέγχοντας
3160 899 3217 955 δὲ
3271 903 3370 971 τήν
3432 905 3538 954 τῶν
3598 897 3840 954 εἰδώλων

2197 993 2552 1064 ματαιότητα*
2619 991 2832 1068 μεγάλῃ
2890 990 2949 1046 δὶ
2993 995 3063 1065 τῇ
3123 989 3277 1068 φωνῇ
3361 988 3688 1063 κρύττοντας
3752 988 3842 1042 τὸν

2194 1081 2431 1155 Χριστὸν
2466 1082 2592 1136 Θεὸν
2630 1083 2791 1154 μόνον
2826 1083 2959 1136 εἶναι
2991 1079 3276 1150 ἀληθινὸν,
3332 1076 3519 1142 λίθους
3575 1074 3845 1151 μεγάλους

2195 1175 2317 1231 τοῖς
2345 1171 2655 1245 τραχήλοις
2713 1171 2887 1226 αὐτῶν
2929 1170 3192 1243 περιθεὶς,
3243 1167 3319 1231 εἷς
3361 1169 3455 1222 τὸν
3509 1167 3666 1242 βυθὸν
3716 1187 3844 1220 κατ-

2195 1261 2494 1330 ηκόντισεν·
2556 1260 2681 1316 ἔνθα
2736 1262 2827 1316 καὶ
2883 1261 2946 1316 τὸ
3012 1259 3170 1320 τέλος
3226 1265 3324 1328 τῆς
3384 1256 3681 1333 μαρτυρίας
3739 1253 3850 1311 ἐδέ-

437 1349 614 1418 ξαντο·
649 1347 1096 1423 εὐχαριστοῦντες
1137 1351 1354 1424 Χριστῷ
1408 1354 1488 1422 τῷ
1551 1347 1768 1424 βασιλεῖ
1821 1352 1929 1403 τῶν
1991 1347 2202 1404 αἰώνων
2268 1350 2434 1425 μέχρι
2493 1351 2744 1419 θανάτου,
2801 1349 2883 1405 ὅτι
2939 1347 3249 1420 ἠξιὼθὴσαν
3309 1347 3437 1423 ὑπὶρ
3487 1345 3650 1400 αὐτοῦ
3708 1345 3844 1399 ἀπο-

434 1441 630 1500 θανεῖν.

1084 1629 1304 1684 Eodem
1336 1629 1429 1683 die

439 1719 591 1774 182
624 1721 1080 1776 Commemoratio
1126 1722 1303 1774 sancti
1338 1719 1518 1774 Patris
1547 1721 1722 1775 nostri
1751 1718 2082 1783 Hilarionis,

855 1793 1168 1862 presbyteri
1197 1797 1248 1844 et
1283 1791 1654 1847 anachoreta.

510 1995 758 2051 Sanctus
787 1997 1050 2052 Hilarion
1083 1996 1242 2051 Gazae
1301 1995 1630 2051 Palaestinae
1685 2000 1881 2065 natus,
1931 1997 2083 2050 Con-

439 2087 699 2142 stantino
731 2089 936 2160 Magno
968 2087 1324 2158 imperatore
1382 2085 1614 2141 claruit.
1664 2085 2080 2140 Alexandriam

435 2184 635 2234 autem
659 2180 885 2251 Aigypti
917 2178 1251 2233 studiorum
1291 2193 1470 2233 causa
1495 2178 1816 2249 profectus,
1844 2177 1945 2231 Dei
1976 2177 2082 2232 be-

433 2269 648 2323 neﬁcio
681 2268 795 2323 duo
827 2272 1181 2323 consecutus
1240 2272 1348 2332 est,
1391 2271 1456 2320 ut
1500 2272 1558 2320 et
1614 2266 1864 2330 litteras,
1915 2271 1973 2320 et
2011 2283 2080 2322 ea

433 2358 635 2424 etiam,
668 2375 797 2428 qum
819 2357 1122 2412 adChristi
1156 2356 1334 2411 ﬁdem
1367 2362 1659 2428 spectant,
1694 2355 2076 2428 perdisceret.

432 2448 622 2512 Quare
645 2447 993 2518 baptizatus,
1026 2446 1260 2518 cognita
1290 2446 1531 2500 Antonii
1557 2446 1743 2518 Magni
1764 2444 2081 2515 disciplina

433 2553 500 2592 ac
531 2537 930 2600 institutione,
987 2535 1159 2589 illum
1218 2534 1382 2601 adiit,
1444 2537 1692 2606 ejusque
1750 2533 2079 2604 discipulus

433 2628 648 2693 factus,
681 2625 913 2679 virtutis
946 2641 1127 2694 opera
1157 2641 1262 2696 per
1285 2624 1512 2694 aliquot
1532 2639 1720 2678 annos
1742 2622 1813 2676 ab
1833 2639 1900 2676 eo
1925 2621 2044 2677 didi
2061 2655 2076 2662 -

436 2717 538 2772 cit.
569 2716 699 2770 Mox
718 2714 776 2768 in
801 2713 1052 2785 patriam
1081 2730 1370 2780 reversus,
1395 2730 1530 2768 cum
1574 2717 1849 2784 parentes
1891 2711 2019 2784 jam
2046 2728 2076 2766 e

437 2806 552 2860 vita
569 2804 1002 2870 discessissent,
1016 2802 1326 2857 facultates
1349 2818 1484 2856 suas
1497 2817 1704 2856 omnes
1717 2800 2079 2872 pauperibus

439 2892 780 2947 distribuit:
815 2895 1169 2961 sumptoque
1201 2889 1394 2945 cilicio
1426 2895 1484 2944 et
1515 2889 1752 2956 melote,
1813 2905 2078 2942 eremum

437 2983 628 3054 petiit,
660 2981 762 3036 ubi
795 2981 1124 3035 solitariam
1165 2980 1342 3034 vitam
1401 2995 1602 3050 agens,
1653 2978 2078 3032 miraculorum

435 3072 683 3144 gratiam
710 3070 956 3140 accepit.
1015 3069 1225 3123 Volens
1273 3074 1469 3122 autem
1527 3067 1835 3122 hominum
1897 3068 2078 3122 vitare

433 3159 853 3230 frequentiam,
889 3157 960 3211 ob
995 3157 1212 3228 quietis
1234 3173 1497 3211 amorem
1516 3156 1691 3212 modo
1715 3157 1872 3210 hunc
1898 3156 2074 3210 modo
2107 3157 2149 3224 C
2188 3152 2487 3231 προϐάτου,

435 3249 605 3303 illum
637 3247 837 3301 locum
867 3262 1024 3316 saepe
1055 3244 1341 3301 mutabat.
1367 3247 1630 3316 Cumque
1655 3245 1951 3317 octoginta
1973 3262 2076 3300 an-

435 3353 545 3391 nos
576 3333 836 3400 vixisset,
889 3350 1142 3403 quorum
1202 3333 1577 3404 septuaginta
1629 3333 1690 3387 in
1748 3334 2080 3389 monastica

435 3422 755 3494 disciplina
789 3426 1081 3494 exegerat,
1117 3421 1388 3493 migravit
1417 3420 1490 3476 ad
1523 3421 1861 3476 Dominum.

1005 3720 1251 3774 EODEM
1291 3717 1522 3771 MENSE

909 3871 1010 3925 Die
1040 3871 1318 3926 vicesima
1347 3871 1608 3924 secunda

448 3989 590 4042 I33
638 3988 1089 4042 Commemoratzo
1118 3987 1292 4040 sancti
1343 3992 1395 4039 ct
1440 3987 1807 4054 apostolorum
1849 3987 2083 4055 aqualis

612 4060 791 4111 Patris
821 4059 994 4111 nostri
1023 4056 1266 4124 Abercii,
1300 4058 1539 4126 episcopi
1567 4057 1891 4126 Hierapolis.

509 4202 755 4254 Sanctus
778 4200 950 4252 Pater
979 4203 1180 4252 noster
1207 4198 1492 4253 Abercius
1514 4200 1703 4254 Marco
1725 4199 2081 4270 imperatore

441 4289 662 4355 ﬂoruit,
733 4287 1046 4358 episcopus
1105 4287 1434 4358 Hierapolis
1464 4304 1499 4342 a
1531 4289 1750 4343 sanctis
1798 4289 2082 4360 apostolis

440 4378 770 4441 ordinatus,
831 4375 1256 4431 celeberrimus
1314 4375 1739 4431 miraculorum
1797 4382 2080 4448 patrator.

441 4471 585 4524 Cum
607 4467 783 4522 vellet
813 4470 1010 4522 autem
1044 4464 1278 4520 damon
1310 4483 1444 4520 eum
1485 4472 1734 4534 tentare,
1782 4467 2082 4539 ingressus

445 4557 822 4629 imperatoris
854 4555 1037 4610 ﬁliam
1071 4555 1285 4621 ellecit,
1317 4560 1383 4609 ut
1413 4555 1517 4610 illa
1557 4562 1826 4610 sanctum
1856 4572 2087 4626 quaere-

445 4654 554 4713 ret,
582 4653 644 4700 ut
667 4647 739 4701 ab
764 4645 864 4699 illo
888 4651 1217 4700 sanarctur.
1244 4646 1480 4700 Accitus
1501 4645 1699 4716 itaque
1722 4663 1827 4716 per
1858 4645 2087 4700 litteras

445 4739 516 4794 ab
531 4739 1058 4808 iniperatoreﬁom
1068 4753 1162 4792 am
1178 4736 1882 4808 venit.Imperavitautcm
1898 4753 2084 4803 servo,

445 4836 509 4884 ut
539 4830 597 4883 in
627 4844 814 4883 unum
845 4827 1236 4897 eumdemque
1270 4835 1460 4881 utrem
1492 4834 1744 4892 acetum,
1768 4845 1995 4900 garum,
2029 4834 2088 4883 et

444 4920 640 4973 oleum
674 4916 1037 4981 immitteret,
1069 4931 1137 4969 ex
1168 4916 1384 4985 quibus
1417 4918 1463 4970 si
1495 4918 1636 4988 quid
1693 4917 1804 4971 sibi
1847 4923 2086 4972 sanctus

442 5005 1022 5078 depromijussisset,
1049 5004 1365 5074 separatim
1388 5021 1453 5059 ac
1475 5007 1712 5076 proprie
1733 5006 1965 5078 singula
1989 5027 2003 5072 ;
2027 5011 2088 5062 at

445 5099 489 5151 si
525 5113 724 5152 servus
755 5094 866 5149 sibi
901 5109 1133 5148 sumere
1156 5092 1359 5148 furtim
1410 5111 1589 5149 ausus
1647 5102 1822 5164 esset,
1865 5097 2087 5167 promi-

444 5203 582 5242 scue
613 5185 894 5240 ﬂuebant.
929 5185 1173 5239 Romam
1206 5183 1383 5255 igitur
1411 5201 1544 5239 cum
1569 5187 1950 5256 pervenisset,
1975 5187 2084 5241 im-

444 5275 735 5349 peratoris
767 5275 888 5328 ﬁlia
911 5273 1181 5339 liberata,
1216 5273 1471 5328 dmmoni
1505 5275 2085 5347 imperavit,utlapi-

449 5368 617 5422 deam
638 5379 821 5425 aram,
847 5380 977 5433 quas
1001 5363 1061 5416 in
1095 5364 1688 5434 conspectujacebat,
1727 5366 2086 5437 Hierapolim

449 5453 734 5508 deferret:
761 5452 861 5508 Tu.
889 5447 1185 5520 inquiens,
1213 5450 1356 5503 tanti
1380 5449 1609 5505 itineris
1624 5455 1866 5506 Romam
1900 5469 2086 5522 usque

455 5542 596 5597 mihi
619 5545 826 5595 auctor
854 5538 1048 5592 fuisti:
1083 5553 1186 5610 ego
1213 5554 1346 5592 vero
1379 5540 1656 5612 prmcipio
1689 5526 1816 5608 tibi,
1843 5547 1907 5594 ut
1937 5541 2088 5612 lapi-

452 5632 586 5688 dem
613 5629 808 5700 tollas,
840 5633 898 5682 et
918 5627 1189 5699 sepulcro
1208 5645 1341 5683 meo
1365 5630 2009 5702 superimponas.Quod
2031 5636 2090 5686 et

2115 1792 2162 1857 B

2117 4543 2164 4606 D
2198 4583 2280 4616 σαι

2791 1633 2873 1702 Τῇ
2903 1629 3038 1702 αὖτῇ
3070 1627 3254 1700 ἡμέρᾳ

2197 1716 2420 1791 Μνιις-μηΔ
2467 1721 2566 1771 τοῦ
2618 1717 2786 1791 ὁσίου.
2827 1717 3036 1791 Ηατρὸς
3086 1718 3246 1791 ἡμῶν
3323 1711 3660 1791 Ἱλαρίωνολς,
3723 1731 3852 1791 πρε-

2270 1782 2530 1864 σϐυτέρου
2591 1789 2893 1863 γενομένου
2945 1782 3051 1842 ’καὶ
3111 1782 3505 1860 ηάναχωρητοῦ
3559 1789 3660 1852 τῆς
3719 1782 3845 1858 ἐρή-

2271 1881 2397 1935 μου.

2261 1997 2322 2052 Ὀ
2382 1995 2531 2057 ὅσιος
2593 1996 2844 2071 ἸΑαρίων
2905 1995 3151 2069 ὑπῆρχεν
3220 1991 3309 2047 ἐπὶ
3382 1997 3481 2060 τῆς
3560 1987 3841 2065 βασιλείας

2189 2084 2591 2140 Κωνσταντίνου
2636 2089 2733 2139 τοῦ
2790 2082 3069 2158 Μεγάλου,
3129 2082 3189 2137 ἐκ
3244 2088 3344 2151 τῆς
3397 2079 3615 2142 πόλεως
3665 2079 3842 2147 Γάζης

2187 2176 2285 2242 τῆς
2345 2172 2734 2242 Παλαιστίνης⁹
2797 2172 3058 2245 ἐπιθυμίᾳ
3119 2169 3176 2226 δὲ
3231 2175 3327 2224 τοῦ
3397 2174 3586 2242 μαθεῖν
3661 2166 3843 2242 γράμ-

2192 2283 2352 2336 ματα,
2385 2265 2712 2337 παρεγένετο
2773 2261 2852 2323 εἷς
2911 2257 3320 2333 Ἀλεξάνδρειαν
3375 2265 3476 2327 τῆς
3535 2255 3846 2332 Αἴγύπτου.

2190 2353 2292 2408 Καὶ
2323 2353 2391 2426 τῇ
2421 2357 2518 2406 τοῦ
2545 2357 2678 2407 Θεοῦ
2727 2353 2916 2427 χάριτι
2959 2349 3282 2428 ἀμφοτέρων
3340 2341 3504 2402 ἔλαϐε
3549 2346 3648 2414 τὴν
3698 2348 3848 2417 γνῶ-

2187 2462 2292 2511 σιν,
2324 2446 2431 2495 τῶν
2462 2462 2522 2496 τε
2569 2441 2928 2514 γραμμάτων,
2987 2436 3079 2493 καὶ
3135 2442 3244 2492 τῶν
3307 2437 3379 2498 εἰς
3441 2435 3537 2502 τὴν
3607 2435 3848 2508 Χριστοῦ

2187 2532 2368 2585 πίστιν
2424 2529 2798 2603 ἁρμοζόντων.
2861 2529 2992 2583 Εἶτα
3051 2522 3370 2596 ἐϐαπτίσθη.
3432 2523 3535 2581 Καὶ
3613 2523 3848 2582 ἀκούσας

2186 2619 2440 2694 περὶτῆς
2471 2617 2757 2680 πολιτείας
2809 2621 2906 2672 τοῦ
2961 2616 3221 2691 Μεγάλου
3278 2613 3577 2684 Δντωνίου,
3629 2609 3847 2680 ἀπῆλθε

2187 2709 2324 2781 πρὸς
2355 2709 2537 2777 αὐτὸν,
2569 2707 2658 2762 καὶ
2727 2706 2945 2782 γέγονεν
2998 2705 3162 2760 αὐτοῦ
3220 2705 3519 2778 μαθητὴς,
3555 2702 3843 2774 μανθάνων

2188 2797 2275 2853 έπί
2306 2819 2428 2853 τινα
2456 2797 2654 2872 χρόνον
2685 2797 2752 2851 τά
2805 2799 2904 2861 τῆς
2957 2795 3152 2864 ἀρετῆς
3200 2792 3346 2868 ἔργα·
3409 2791 3748 2865 ὑποστρέψας
3787 2787 3844 2844 δὲ

2189 2887 2239 2942 έν
2271 2891 2338 2960 τῇ
2369 2884 2612 2962 πατρίδι,
2642 2887 2732 2940 καὶ
2778 2884 2907 2947 τοὺς
2963 2887 3144 2959 γονεῖς
3201 2883 3370 2937 αὐτοῦ
3427 2878 3845 2955 εὑρὼν-τελευ-

2185 2981 2471 3050 τήσαντας,
2527 2978 2617 3030 τὸν
2677 2973 2916 3030 πλοῦτον
2972 2972 3138 3027 αὑτοῦ
3196 2974 3371 3027 πάντα
3442 2967 3668 3025 διέδωκε
3720 2974 3846 3032 τοῖς

2186 3072 2458 3142 πτωχοῖς·
2490 3066 2579 3122 καὶ
2629 3067 2859 3140 φορέσας
2902 3063 3120 3138 ἱμάτιον
3179 3061 3460 3138 τρόχινον,
3513 3058 3603 3114 καὶ
3665 3056 3850 3132 δέρμα

2569 3148 2974 3226 καταλαμϐάνει
3033 3153 3136 3220 τήν
3193 3150 3422 3226 ἔρημον.
3501 3147 3600 3203 Καὶ
3655 3146 3851 3209 καλῶς

2193 3246 2455 3319 μονάσας,
2513 3241 2724 3316 ἐδέξατο
2780 3244 2944 3317 χάριν
3005 3243 3314 3314 θαυμάτων
3378 3241 3550 3303 θέλων
3610 3234 3667 3292 δὲ
3725 3237 3856 3313 φεύ-

2190 3355 2304 3410 γειν
2362 3333 2489 3395 τοὺς
2556 3334 2878 3408 ἀνθρώπους
2935 3329 3024 3386 8ιά
3072 3332 3173 3399 τὴν
3233 3329 3492 3404 ἡσυχίαν,
3559 3328 3852 3400 ἀπήρχετο

2191 3425 2297 3479 απὸ
2351 3422 2524 3478 τόπου
2578 3422 2654 3486 εἷς
2725 3423 2890 3476 τόπον
2970 3420 3319 3495 συχνότερον.
3403 3419 3576 3488 Ζήσας
3634 3414 3692 3470 δὲ
3749 3413 3852 3485 ἔτη

2193 3513 2551 3588 ὀγδοήκοντα,
2581 3511 2673 3566 καὶ
2704 3511 3006 3585 πληρώσας
3057 3509 3108 3564 ἐν
3158 3513 3226 3582 τῇ
3281 3505 3548 3581 μοναδικῇ
3595 3505 3858 3578 πολιτείᾳ

2191 3603 2284 3676 ἔτη
2318 3599 2717 3676 ἑϐδομήκοντα,
2750 3601 2884 3675 πρὸς
2919 3601 3113 3672 Κύριον
3146 3597 3496 3671 ἐξεδήμησεν.

2735 3727 2916 3783 MHNI
2959 3728 3050 3803 re
3091 3731 3286 3802 ΑΥΤῼ.

2955 3871 3077 3927 ΚΒ’.

2195 3993 2401 4065 Μνήμῃ
2453 3988 2760 4065 τοῦράγίου
2811 3991 2899 4065 καὶ
2957 3987 3326 4065 ἷσαποστόλου
3367 3988 3621 4065 .-Πατρὸς
3685 3989 3854 4060 ἡμων

2491 4057 2799 4137 Ἀϐερκίου,
2831 4061 3130 4117 ἐπισκόπου
3159 4057 3547 4135 Ἱεραπόλεωςξ

2265 4206 2326 4262 Ὁ
2357 4204 2408 4259 έν
2440 4203 2616 4279 ἀγίοις
2646 4205 2830 4279 Πατὴρ
2883 4207 3043 4276 ἡμῶν
3105 4199 3392 4278 Ἀϐέρκιος
3447 4202 3539 4271 ἦν,
3601 4200 3688 4256 ἐπὶ
3749 4203 3854 4270 τῆς

2200 4293 2479 4370 βασιλείας
2540 4293 2785 4368 Μάρκου,
2859 4293 3153 4355 ἐπίσκοπος
3234 4292 3527 4368 γενόμενος
3605 4289 3858 4363 Ἱεραπό-

2197 4383 2335 4446 λεως
2362 4385 2509 4460 παρά
2534 4389 2638 4438 τῶν
2673 4384 2841 4458 ἁγίων
2873 4383 3220 4440 ἀποστόλων.
3255 4384 3355 4439 Ἧν
3413 4379 3470 4435 δὶ
3513 4378 3603 4436 καὶ
3635 4379 3856 4453 θαυμά-

2195 4473 2427 4547 τουργὸς
2459 4468 2807 4548 περιϐόητος.
2841 4471 3026 4528 Θέλων
3067 4469 3125 4526 δὲ
3155 4470 3312 4526 αὐτὸν
3347 4472 3375 4525 ὁ
3406 4468 3614 4542 δαίμων
3654 4470 3856 4542 πειρά-

2273 4584 2306 4632 ι,
2341 4562 2587 4631 εἰσῆλθεν
2623 4562 2698 4624 εἰς
2747 4563 2846 4630 τὴν
2903 4567 2999 4615 τοῦ
3064 4560 3330 4636 βασιλέως
3387 4560 3672 4634 θυγατέρα·
3724 4557 3851 4627 ἣτις

2195 4651 2286 4706 καὶ
2317 4651 2494 4722 ἐζήτει
2523 4653 2614 4706 τὸν
2650 4654 2798 4726 ἅγιον
2847 4652 2939 4704 ’ἰνα
2998 4653 3298 4724 θεραπέυσῃ
3359 4649 3546 4719 αὑτήν.
3603 4648 3695 4701 Διὸ
3754 4647 3848 4701 καὶ

2198 4738 2286 4795 διά
2309 4741 2645 4815 γραμμάτων
2685 4738 2986 4815 βασιλικῶν
3015 4741 3152 4813 πρὸς
3202 4740 3301 4807 τήν
3333 4739 3555 4810 Ῥώμην
3590 4737 3846 4811 ὥρμησε.

2197 4828 2492 4902 Προσέταξε
2527 4827 2584 4884 δὲ
2639 4833 2717 4901 τῷ
2774 4829 3028 4904 ὑπουργῷ
3076 4829 3238 4883 αὐτοῦ
3300 4828 3486 4904 βαλεῖν
3547 4828 3621 4890 εἷς
3678 4829 3847 4883 ἀσκὸν

2193 4916 2286 4974 ἕνα
2312 4916 2455 4992 ὅξος,
2485 4922 2576 4974 καὶ
2603 4919 2789 4994 γάρον,
2819 4921 2907 4974 καὶ
2942 4916 3142 4974 ἔλαιον·
3175 4919 3264 4974 καὶ
3319 4919 3407 4974 ὅτε
3459 4919 3553 4994 μὲν
3601 4919 3763 4983 αὐτὸς
3796 4919 3850 4988 ἐξ

2197 5008 2369 5063 αὑτῶν
2399 5030 2450 5064 τι
2503 5007 2782 5080 ἐζήτησεν,
2845 5010 3106 5085 ἐξήρχετο
3154 5011 3560 5087 κεχωρισμένον
3614 5012 3667 5070 ’ἐν
3725 5012 3858 5072 ἓκα·

2194 5120 2339 5154 στον.
2373 5100 2494 5153 Ὀτε
2523 5096 2579 5152 δὲ
2611 5099 2637 5153 ὁ
2672 5098 2938 5176 ὑπουργὸς
2983 5100 3143 5154 αὐτοῦ
3192 5097 3484 5173 ἠϐουλήθη
3537 5103 3709 5178 λάθρα
3760 5106 3856 5162 ἐκ.

2196 5181 2408 5257 ϐαλεῖν,
2469 5185 2770 5262 έξήρχοντα
2832 5191 3156 5264 μεμιγμένα.
3210 5189 3472 5256 Κατελθὼ
3505 5189 3562 5247 δὲ
3593 5192 3668 5260 εἷς
3695 5194 3852 5249 Ῥώ-

2201 5297 2330 5349 μην,
2361 5281 2462 5344 τήν
2501 5277 2594 5349 μὶν
2630 5279 2894 5352 θυγατέρα
2917 5283 3013 5331 τοῦ
3045 5277 3313 5352 βασιλέως
3359 5280 3564 5336 ἷάσατο’
3597 5287 3677 5354 τῷ
3726 5280 3854 5338 δαί-

2201 5385 2320 5436 μονι
2356 5363 2412 5417 δὲ
2443 5364 2731 5440 προσέταξε
2759 5366 2848 5420 τὸν
2881 5365 3117 5437 πλησίον
3147 5369 3395 5441 κείμενον
3433 5372 3644 5446 βωμὸν,
3688 5372 3851 5429 λίθον

2200 5447 2366 5525 μέγαν
2401 5449 2548 5522 ὄντα,
2583 5455 2797 5530 ἀγαγεῖν
2831 5454 2906 5518 εἰς
2946 5456 3268 5530 Ἰεράπολιν.
3327 5460 3446 5516 Ὀτι
3482 5461 3543 5514 σὺ
3595 5463 3689 5534 μὲν
3738 5484 3853 5519 πα-

2198 5541 2516 5615 ρεσκεύασάς
2549 5563 2614 5614 με
2665 5550 2921 5599 κοπιᾶσαι
2976 5544 3051 5607 εἷς
3102 5547 3344 5620 Ῥώμην·
3405 5548 3508 5624 ἐγὼ
3569 5548 3624 5606 δὲ
3675 5572 3854 5622 προσ-

2195 5631 2371 5686 τάττω
2402 5651 2485 5686 σοι
2523 5633 2734 5708 ἀγαγεῖν
2765 5633 2857 5689 τὸν
2907 5631 3084 5711 λίθον,
3127 5638 3216 5692 καὶ
3272 5639 3440 5694 θεῖναι
3499 5640 3676 5697 ἐπάνω
3739 5643 3848 5698 τοῦ
