4132 6328
287 353 383 423 121
1786 337 1933 400 0οΤ

2049 338 2177 397 ER.

3572 344 3695 405 1‘22

281 507 438 562 ταφου
473 506 603 558 μου.
635 485 707 542 Ὄ
742 484 836 541 καὶ
885 487 1098 561 γέγυνε.
1151 484 1366 546 Βιώσας
1391 477 1448 536 δὲ
1479 479 1534 534 ἐν
1586 473 1833 546 ὁσιότητί
1869 473 1933 527 τὸ

2052 475 2315 547 contigit.
2351 477 2599 532 Sanctus
2637 494 2774 532 vero
2836 495 2970 534 cum
3028 479 3326 551 reliquum
3383 479 3514 534 vitae
3573 497 3695 535 suae

284 575 466 631 λοιπὸν
496 582 600 644 τῆς
638 580 812 645 ζωῆς,
846 576 985 650 πρὸς
1019 573 1220 648 Κύριον
1255 568 1609 642 ἐξεδήμησεν.

868 756 952 828 Τῇ
983 752 1120 826 αὐτῇ
1153 751 1342 826 ἡμέρᾳ

282 871 546 940 ’Δθλησις
632 875 734 925 τοῦ
819 871 978 941 ἁγίου
1062 866 1470 941 ἱερομᾶρτυρος-
1558 860 1939 941 Ἀλεξάνδρρυ,

349 932 453 997 καῖ
493 948 602 997 τῶν
663 943 756 996 σὺν
815 932 984 1013 αὖτῷ,
1020 932 1391 1014 ,Ἡρακλέίους
1447 939 1674 1006 "Aw-qq,
1702 932 1708 933 ί
1737 932 1939 989 Θεοδό-

818 1035 920 1086 της
935 1010 1036 1067 -καὶ
1069 1010 1386 1087 Γλυκερίας.

347 1127 712 1204 Ἀλέξανδρος
774 1131 801 1184 ὁ
859 1130 1208 1204 ίερομάρτυς,
1298 1125 1593 1186 ἐπίσκοπος
1677 1121 1775 1189 ὢν,
1851 1121 1941 1175 καὶ

281 1217 555 1294 παρῥησίᾳ
590 1218 686 1272 τὸν
751 1218 992 1292 Χριστὸν
1045 1215 1356 1290 κηρύττων,
1414 1215 1504 1269 καὶ
1559 1217 1629 1287 τῇ
1687 1209 1940 1266 διδασκα-

281 1305 370 1378 λίᾳ
399 1307 567 1361 αὐτοῦ
597 1305 849 1368 πολλοὺς
881 1301 942 1361 ἔκ
965 1327 1024 1361 τε
1059 1311 1166 1360 τῶν
1207 1302 1508 1372 Ἰουδαίων,
1540 1302 1630 1357 καὶ
1673 1305 1779 1355 τῶν
1813 1298 1940 1356 Ἐλ-

279 1397 464 1466 λήνων
491 1397 630 1470 πρὸς
677 1397 776 1465 τήν
837 1394 1020 1450 πίστιν
1067 1395 1422 1470 ἐπιστρέφων,
1483 1392 1573 1447 καὶ
1638 1391 1937 1466 βαπτίζων,

276 1483 550 1561 ἐκρατήθη
582 1487 730 1562 παρὰ
767 1489 866 1540 τοῦ
895 1492 996 1554 τῆς
1029 1486 1216 1560 χώρας
1275 1483 1566 1560 ἄρχοντος·
1617 1481 1706 1537 καὶ
1755 1482 1939 1538 πολλὰ

273 1573 635 1649 τιμωρηθεὶς,
691 1571 782 1628 καί
836 1572 1059 1644 ξεσθεὶς,
1117 1572 1203 1627 καὶ
1268 1570 1723 1647 καταναγκασθιὶς
1782 1575 1935 1632 θῦσαι

275 1669 389 1724 τοῖς
419 1661 704 1734 ιὶδώλοις,
739 1663 841 1717 οὐκ
882 1661 1119 1732 ἐπείσθη.
1184 1658 1337 1716 Ἰδὼν
1398 1657 1454 1715 δὲ
1507 1661 1606 1729 τήν
1653 1658 1934 1735 καρτερίαν

278 1753 438 1808 αὐτοῦ
472 1754 816 1826 στρατιώτης
841 1773 948 1819 τις,
981 1750 1300 1824 Ἡράκλειος
1344 1747 1607 1822 τοῦνομα,
1665 1746 1938 1802 ἐπίστευσε

2047 571 2278 637 tempus
2310 568 2682 623 sanctissime
2713 568 3091 637 traduxisset,
3124 569 3199 625 ad
3230 568 3547 625 Dominum
3577 569 3693 624 mi-

2045 657 2249 729 gravit.

2699 748 2919 804 Eodem
2951 749 3045 804 die

2046 865 2215 936 I34,
2248 865 2529 919 Certamen
2589 869 2927 921 sacrosancti
2973 869 3235 936 martyris
3296 865 3595 920 Alexandri
3645 870 3694 920 et

2105 935 2380 991 socio-rum
2411 937 2676 1004 Heraclii,
2711 940 2910 1005 Annae,
2951 935 3237 994 Theod’otw
3268 943 3316 992 et
3350 939 3629 1007 Glyceriae.

2116 1124 2452 1182 Alexander
2477 1143 2644 1182 sacer
2672 1134 2899 1200 martyr
2918 1145 3052 1182 cum
3086 1129 3399 1200 episcopus
3426 1133 3602 1196 esset,
3638 1131 3696 1182 et

2045 1213 2228 1269 libere
2257 1216 2554 1271 Christum
2575 1218 3155 1288 praedicans,multos
3175 1218 3511 1274 Judmorum
3533 1218 3691 1274 Grae-

2044 1320 2368 1374 corumque
2403 1306 2475 1360 ad
2507 1307 2720 1361 Christi
2751 1307 2931 1363 ﬁdem
2990 1307 3289 1362 traductos
3333 1307 3676 1379 baptizaret,

2043 1401 2311 1450 retentus
2363 1398 2684 1470 aregionis
2733 1399 3030 1468 przefecto,
3077 1399 3322 1470 direque
3381 1404 3571 1454 tortus
3630 1403 3689 1454 et

2045 1484 2387 1555 dilaniatus,
2421 1503 2554 1540 cum
2584 1487 2759 1541 idolis
2822 1489 3154 1543 sacriﬁcare
3203 1488 3687 1559 compelleretur,

2042 1574 2210 1629 nulla
2238 1580 2362 1630 arte
2392 1575 2462 1629 ad
2491 1576 2548 1629 id
2581 1577 2779 1631 induci
2814 1577 3025 1647 potuit.
3056 1579 3238 1649 Cujus
3287 1577 3682 1632 constantiam

2040 1663 2212 1718 miles
2244 1663 2506 1734 quidam,
2558 1665 2861 1720 Heraclius
2919 1667 3182 1732 nomine,
3241 1666 3588 1730 admiratus,
3623 1667 3685 1722 in

2042 1753 2338 1807 Christum
2370 1753 2623 1807 credidit
2652 1771 2662 1806 :
2697 1771 2878 1824 quare
2912 1761 2970 1809 et
3001 1755 3125 1824 ipse
3149 1756 3352 1809 multis
3371 1756 3684 1810 tormentis

274 1847 353 1913 τῷ
385 1844 630 1916 Χριστῷ.
668 1841 769 1897 Καὶ
815 1839 1044 1896 πλεῖστα
1095 1838 1430 1913 τιμωρηθεὶς
1475 1837 1563 1893 καὶ
1616 1837 1773 1898 αὐτὸς
1833 1837 1931 1891 ἀπ-

2049 1844 2434 1910 excruciatus,
2455 1844 2645 1913 capite
2677 1844 2970 1914 plectitur.
3005 1845 3338 1900 Alexander
3369 1845 3685 1911 vero,mul-

275 1935 492 2004 ἐτμήθη
527 1935 632 2000 τὴν
666 1929 933 2008 κεφαλήν.
997 1931 1494 2004 Θαυματουργήσας
1523 1925 1580 1982 δὲ
1613 1927 1745 2001 μετὰ
1775 1931 1936 1982 τοῦτο

276 2022 302 2076 ὁ
331 2020 490 2095 ἅγιος
521 2019 906 2092 Ἀλέξανδρος·
943 2021 1032 2075 καὶ
1060 2021 1160 2095 γὰρ
1185 2018 1311 2088 ἰάθη
1344 2019 1436 2081 τὰς
1481 2015 1698 2092 πληγὰς
1739 2020 1806 2090 τῇ
1837 2020 1934 2071 τοῦ

270 2113 512 2183 Χριστοῦ
602 2110 903 2184 ἐπισκέψει·
1015 2109 1349 2164 ἐπεσπάσατο
1428 2108 1564 2176 πρὸς
1641 2107 1740 2175 τήν
1824 2110 1932 2160 τῶν

265 2205 611 2273 Χριστιανῶν
696 2200 875 2254 πίστιν
967 2198 1058 2253 καὶ
1139 2203 1397 2272 γυναῖκας
1470 2201 1617 2270 τρεῖς
1715 2195 1932 2267 ΙἈνναν,

267 2285 547 2357 Θεοδότην
606 2288 694 2342 καὶ
759 2286 1075 2362 Γλυκερίαν·
1112 2286 1312 2348 αἳτινες
1374 2285 1641 2338 σταθεῖσαι
1702 2283 1934 2337 ἐνώπιον

263 2381 362 2430 τοῦ
395 2375 700 2452 ἄρχοντος,
730 2374 965 2451 ἤλεγξαν
1003 2375 1183 2445 αὐτὸν,
1231 2375 1320 2430 καὶ
1367 2375 1466 2442 τὴν
1519 2377 1628 2427 τῶν
1683 2370 1931 2428 εἰδώλων

270 2467 568 2541 θρησκείαν
597 2465 771 2540 ψευδῆ
823 2465 1178 2522 ἀπεκάλεσαν.
1237 2464 1372 2519 Τότε
1427 2465 1697 2537 θυμωθεὶς
1757 2463 1784 2517 ὁ
1838 2463 1936 2538 ἆρ-

275 2575 421 2630 χων,
456 2560 679 2630 πρῶτον
715 2556 810 2628 μὲν
845 2552 1206 2632 ἁπεκεφάλισε
1233 2554 1324 2608 τὸν
1351 2555 1503 2626 ἅγιον
1554 2548 1929 2625 Ἀλέξανδρον·

248 2641 467 2721 ⁸’ἔπειτα
502 2643 788 2718 βασανίσας
831 2644 926 2705 τὰς
981 2644 1158 2717 ἁγίας,
1211 2641 1445 2716 ἀπέτεμε
1487 2640 1576 2696 καὶ
1620 2642 1797 2696 αὐτῶν
1839 2640 1932 2704 τὰς

278 2733 543 2805 κεφαλὰς,
577 2734 664 2788 καὶ
701 2730 873 2794 οὕτως
904 2731 1320 2802 ἐτελειώθησαν.

820 2851 920 2905 ΜΠ
930 2851 1002 2907 NI
1041 2851 1132 2906 ΤΩ
1173 2851 1385 2906 ἈΥΤΩ.

1039 2966 1158 3021 KI".

275 3081 542 3154 "Aeliam:
591 3087 689 3137 τοῦ
746 3082 906 3156 ἁγίου
965 3079 1361 3156 ξερομάρτυρος
1445 3083 1536 3156 καὶ

635 3148 923 3221 Ἰακώϐου,
956 3148 1194 3230 ἀδελφοῦ
1221 3148 1322 3206 τοῦ
1354 3152 1573 3229 Κυρίου.

1619 3080 1930 3137 ἀποστόλου

353 3271 405 3323 Ὀ
435 3273 586 3347 ἅγιος
645 3265 904 3330 Ἰάκωϐος
962 3272 1180 3341 πρῶτος
1237 3268 1531 3331 ἐπίσκοπος
1585 3268 1636 3324 ἐν
1699 3271 1930 3344 Ἰεροσο-

289 3359 479 3432 λῦμοις
509 3359 748 3434 ἐγένετο,
779 3360 907 3431 παρ’
938 3356 1101 3413 αὐτοῦ
1131 3362 1225 3412 τοῦ
1259 3358 1457 3434 Κυρίου
1499 3359 1928 3434 χειροτονηθείς.

293 3449 389 3503 Καὶ
424 3454 636 3523 πρῶτος
666 3450 764 3516 τήν
826 3446 970 3502 θείαν
1033 3445 1371 3523 λειτουργίαν
1415 3444 1611 3524 ἔγραψε
1652 3449 1797 3522 παρᾶ
1834 3453 1932 3503 τοῦ

299 3542 520 3610 Χριστοῦ
583 3537 752 3606 αὐτὴν
811 3533 1108 3611 διδαχθείς.
1168 3535 1326 3593 Ἀλλ’
1373 3535 1590 3612 ὕστερον
1647 3559 1929 3611 συντομω-

295 3628 441 3700 τέραν
500 3626 667 3696 αὐτὴν
724 3625 975 3695 ἐπνίησεν
1032 3627 1060 3678 ὁ
1116 3626 1295 3699 Μέγας
1365 3624 1674 3698 Βασίλειος,
1734 3629 1849 3681 εἶτα
1906 3629 1934 3681 ὁ

299 3716 695 3788 Χρυσόστομος,
749 3713 841 3769 διὰ
893 3715 993 3783 τὴν
1062 3718 1169 3768 τῶν
1254 3714 1552 3787 ἀνθρώπων
1639 3713 1934 3779 ἀσθένειαν.

301 3803 536 3866 Πολλοὺς
605 3802 663 3858 δὲ
730 3801 1000 3858 διδάσκων
1073 3804 1100 3856 ὁ
1156 3802 1309 3876 ἃγιος
1371 3799 1628 3866 Ἰάκωϐος
1702 3803 1761 3860 ἐκ
1831 3810 1937 3863 τῶν

301 3892 562 3950 Ἰουδαίων
596 3895 683 3949 καί
719 3895 778 3950 ἐκ
806 3899 913 3948 τῶν
975 3892 1284 3965 Ἑλλήνων,
1335 3895 1424 3949 καὶ
1468 3895 1799 3975 ἐπιστρέφων
1839 3898 1933 3952 a6-

299 3983 415 4048 τοὺς
448 3983 530 4038 ἐπὶ
561 3985 655 4038 τὸν
717 3983 940 4057 Κύριον,
990 3983 1066 4045 είς
1117 3985 1283 4058 ὀργὴν
1343 3983 1559 4055 ἐκίνησέ
1608 3985 1732 4048 τοὺς
1795 3989 1935 4042 Ἰου-

301 4070 494 4135 δαίους.
556 4075 925 4150 Συναχθέντες
986 4071 1079 4127 οὖν
1129 4073 1219 4128 καὶ
1305 4077 1666 4149 κρατήσαντες
1751 4076 1934 4147 αὐτὸν,

295 4163 505 4239 ἔρῥιψαν
537 4165 643 4219 ἀπὸ
693 4167 790 4218 τοῦ
848 4162 1016 4236 ἄκρου
1073 4167 1169 4217 τοῦ
1226 4163 1395 4239 ἱεροῦ,
1455 4165 1546 4218 καὶ
1604 4164 1762 4220 αὐτὸν
1803 4167 1934 4222 ἀπέ-

291 4274 509 4309 κτειναν.
546 4254 675 4327 Περὶ
725 4251 782 4306 δὲ
840 4249 939 4306 τοῦ
998 4246 1247 4326 λέγεσθαι
1307 4250 1659 4330 ἁδελφόθεος,
1719 4256 1932 4333 φέρεται

291 4342 453 4417 λόγος
483 4347 734 4403 τοιοῦτος
776 4341 835 4396 ἐκ
887 4338 1256 4415 παραδόσεως.
1318 4347 1422 4396 Τοῦ
1475 4345 1779 4419 μνήστορος
1814 4348 1934 4401 Ἰω-

283 4435 390 4509 aii?
429 4432 748 4508 μερίζοντος
779 4431 877 4499 τὴν
909 4436 1012 4504 γῆν
1045 4429 1209 4485 αὐτοῦ
1239 4435 1354 4492 τοῖς
1403 4433 1542 4494 υἱοῖς
1590 4435 1778 4504 αὐτοῦ,
1818 4440 1936 4498 τοῖς

279 4522 341 4576 ἐκ
390 4530 494 4592 τῆς
549 4520 819 4595 προτέρας
878 4519 1151 4594 γυναικὸς,
1204 4520 1294 4574 καὶ
1363 4515 1685 4595 ϐουλομένῳ
1744 4523 2012 4628 μερίδαΒ

273 4613 607 4682 ποιήσασθαι
667 4609 756 4664 καὶ
814 4613 895 4680 τῷ
947 4615 1047 4676 τῆς
1102 4607 1256 4684 ἁγίας
1329 4611 1600 4684 Παρθένου
1653 4614 1786 4684 Υἱῷ,
1840 4609 1930 4669 καὶ

268 4707 406 4773 Θεῷ,
459 4702 513 4754 οἱ
577 4700 670 4773 μὲν
729 4697 894 4753 ἄλλοι
953 4695 1014 4752 οὗ
1069 4695 1435 4768 κατεδέξαντο’
1470 4700 1497 4754 ὁ
1531 4698 1586 4756 δὲ
1646 4700 1928 4776 Ἰάκωϐος,

2050 1934 2123 1988 tis
2155 1933 2328 1988 editis
2371 1933 2718 2000 miraculis;
2767 1933 2982 2005 quippe
3033 1937 3133 2005 qui
3183 1935 3401 1990 Christi
3448 1952 3688 2006 operaa

2046 2023 2234 2096 plagis
2265 2028 2507 2078 sanatus
2539 2023 2749 2090 fuerat,
2779 2030 2896 2078 tres
2927 2025 3106 2078 etiam
3138 2025 3389 2079 feminas
3419 2025 3494 2079 ad
3519 2025 3688 2079 Chri-

2048 2114 2122 2168 sti
2155 2112 2333 2167 ﬁdem
2365 2111 2671 2182 pertraxit,
2705 2115 2959 2177 Annam,
3002 2112 3360 2167 Theodotam
3393 2118 3451 2166 et
3481 2113 3679 2185 Glyce-

2047 2203 2217 2268 riam,
2251 2218 2381 2271 qua)
2431 2201 2492 2256 in
2549 2207 2869 2272 conspectu
2911 2201 3172 2272 praafecti
3222 2201 3454 2268 oblatae,
3490 2202 3687 2272 ipsum

2047 2291 2456 2363 objurgarunt,
2491 2295 2548 2344 et
2595 2290 2893 2345 idolorum
2945 2290 3428 2362 superstitionem
3473 2290 3686 2346 falsam

2045 2379 2446 2452 appellarunt.
2478 2379 2878 2444 Quamobrem
2909 2380 2998 2434 ira
3027 2379 3465 2435 excandescens
3486 2379 3692 2450 praefe-

2045 2475 2194 2538 ctus,
2230 2473 2409 2540 caput
2436 2468 2770 2524 Alexandro
2819 2469 3080 2540 primum
3130 2469 3428 2541 amputari
3468 2469 3684 2540 jubet;

2045 2559 2259 2616 deinde
2291 2563 2525 2614 sanctas
2548 2559 2854 2631 suppliciis
2876 2564 3113 2614 vexatas
3135 2558 3345 2631 capitis
3367 2557 3686 2614 damnavit.

2041 2652 2233 2721 Atque
2264 2650 2347 2706 ita
2373 2649 2554 2704 ﬁnem
2584 2650 2865 2705 habuere.

2599 2856 2839 2911 EODEM
2880 2857 3129 2911 MENSE.

2565 2973 2661 3027 Die
2694 2973 2972 3027 vicesima
3001 2975 3174 3028 tertia

2043 3091 2193 3146 185
2256 3090 2536 3146 Certamen
2594 3062 2928 3143 sacrosancti
3009 3091 3272 3158 martyris
3340 3096 3392 3143 et
3450 3090 3687 3158 apostoli

2506 3161 2717 3228 Jacobi,
2748 3163 2947 3227 fratris
2977 3159 3212 3214 Domini.

2117 3277 2365 3331 Sanctus
2386 3273 2634 3330 Iacobus
2648 3273 2877 3345 primus
2891 3274 3435 3345 Hierosolymorum
3460 3275 3686 3346 episco-

2046 3382 2156 3436 pus
2182 3364 2254 3420 ab
2287 3364 2414 3436 ipso
2443 3365 2672 3418 Christo
2699 3363 3026 3430 ordinatus,
3055 3363 3286 3434 primus
3305 3367 3363 3417 et
3387 3363 3458 3418 ab
3481 3363 3690 3418 eodem

2049 3453 2312 3518 edoctus,
2367 3453 2628 3508 divinam
2681 3453 3001 3525 Liturgiam
3071 3454 3443 3525 conscripsit,
3508 3470 3687 3524 quam

2047 3548 2254 3614 postea
2266 3543 2517 3597 Basilius
2539 3559 2812 3614 magnus,
2844 3548 2902 3596 et
2914 3547 3048 3614 post
3060 3543 3218 3596 hunc
3232 3543 3689 3612 Chrysostomus

2046 3634 2356 3688 hominum
2371 3632 2705 3687 inﬁrmitati
2733 3633 3134 3698 consulentes,
3156 3631 3550 3686 concisiorem
3563 3631 3690 3686 red-

2047 3723 2269 3778 didere.
2325 3722 2576 3777 Jacobus
2633 3726 2832 3775 autem
2889 3737 3021 3774 cum
3080 3719 3299 3774 multos
3353 3719 3690 3774 Iudaeorum

2047 3815 2503 3881 Graecorumque
2533 3809 2800 3864 docendo
2832 3808 2905 3862 ad
2937 3809 3256 3863 hominum
3302 3811 3688 3874 converteret,

2046 3902 2278 3958 Judaaos
2307 3899 2381 3955 ad
2413 3898 2784 3954 iracundiam
2815 3897 2960 3953 adeo
2993 3897 3286 3964 excitavit,
3314 3902 3380 3951 ut
3408 3895 3593 3951 coacti
3625 3895 3688 3950 in

2047 4008 2234 4046 unum
2265 3986 2829 4059 comprehenderint
2855 4003 3010 4052 cum,
3045 3992 3221 4057 atque
3251 4002 3280 4040 e
3303 3985 3508 4056 templi
3529 3985 3691 4040 fasti-

2047 4081 2139 4154 gio
2171 4078 2544 4134 deturbatum
2579 4077 2942 4131 necaverint.
2975 4079 3092 4132 Cur
3120 4080 3318 4130 autem
3349 4075 3452 4130 Dei
3507 4074 3690 4130 frater

2046 4171 2296 4239 dicatur,
2355 4168 2454 4222 hic
2503 4166 2691 4220 fertur
2747 4181 2813 4220 ex
2873 4164 3190 4219 traditione
3268 4181 3482 4218 sermo.
3543 4165 3689 4219 Cum

2045 4261 2260 4330 Joseph
2291 4273 2538 4329 sponsus
2567 4261 2755 4310 terras
2785 4271 2922 4310 suas
2954 4271 3022 4309 ex
3053 4255 3249 4324 priore
3271 4253 3522 4326 conjuge
3548 4253 3689 4308 ﬁliis

2047 4350 2352 4413 divideret,
2391 4346 2685 4415 velletque
2727 4350 2958 4416 partem
3004 4350 3222 4400 sancta)
3277 4342 3532 4415 Virginis
3564 4342 3686 4397 ﬁlio

2047 4447 2107 4496 et
2139 4445 2251 4494 Deo
2283 4436 2536 4503 tradere,
2578 4434 2680 4489 alii
2739 4434 2980 4504 quidem
3033 4433 3278 4487 minime
3336 4447 3686 4497 assensere;

2044 4528 2300 4586 Iacobus
2329 4543 2464 4580 vero
2495 4525 2557 4579 in
2589 4539 2756 4578 suam
2816 4522 2987 4576 illum
3039 4525 3268 4591 partem
3315 4519 3685 4574 cohaeredem

2045 4617 2364 4688 accipiens,
2404 4630 2524 4668 non
2581 4611 2758 4666 modo
2819 4610 2920 4664 Dei
2980 4609 3184 4674 frater,
3243 4624 3446 4663 verum
3505 4607 3684 4662 etiam

2033 4709 2233 4779 justus
2265 4709 2354 4759 est
2383 4702 2518 4757 inde
2550 4700 2901 4772 appellatus.

270 4785 613 4866 παραλαϐὼν
674 4788 832 4844 αὐτὸν
895 4787 970 4848 εἷς
1018 4789 1119 4856 τήν
1177 4787 1342 4842 αὐτοῦ
1405 4788 1600 4866 μερίδα
1658 4794 2131 4871 συγκληρονόμον,
2189 4791 2397 4861 ἐκλήθη
2461 4790 2525 4844 οὐ
2588 4786 2752 4860 μόνον
2839 4783 3194 4862 ἀδελφόθεος,
3262 4783 3409 4840 ἁλλὰ
3459 4805 3546 4839 και
3607 4783 3690 4840 δί-

267 4904 445 4943 καιος.

866 5005 946 5076 Τῇ
978 5003 1118 5075 αὖτῇ
1153 5003 1333 5076 ἡμέρᾳ

268 5097 538 5167 ,Αθλησις
567 5098 680 5148 τῶν
738 5091 904 5170 ἆγίων
964 5091 1604 5170 μαρτῦρῳνμθεοδότης,
1660 5096 1749 5152 καὶ
1811 5105 1927 5153 Σω-

763 5159 994 5238 κράτους
1026 5159 1422 5240 πρεσϐυοέρου,

338 5289 397 5342 -Η
459 5282 587 5357 ἁγία
640 5276 876 5349 Θεοδότη
940 5279 1187 5354 ὑπῆρχεν
1272 5279 1358 5334 ἐπὶ
1416 5281 1773 5358 Ἀλεξάνδρου
1829 5290 1926 5340 τοῦ

275 5374 569 5448 βασιλέως,
604 5369 836 5442 εὐγενῶν
870 5367 962 5440 μὶν
995 5369 1196 5442 γονέων
1229 5369 1570 5446 ὑπάρχουσα,
1606 5371 1737 5428 οὖσα
1783 5370 1839 5427 δὲ
1871 5373 1931 5429 ἐκ

275 5470 366 5531 τῆς
397 5463 592 5537 χώρας
620 5461 719 5511 τοῦ
750 5455 976 5511 Ηόντου.
1013 5458 1098 5512 Ἐν
1133 5456 1452 5533 ἆσκητηρίῳ
1501 5457 1558 5514 δὲ
1602 5461 1710 5516 τινὶ
1757 5461 1924 5518 ἀπελ-

281 5550 457 5619 ite-3n,
501 5547 594 5602 καὶ
651 5544 1004 5618 ἡσυχάζουσα
1059 5541 1372 5620 διεγνώσθη,
1443 5548 1548 5604 Καὶ
1601 5557 1929 5625 κρατηθεῖσα

284 5642 417 5716 παρᾶ
475 5642 574 5694 τοῦ
626 5633 896 5710 ἄρχοντος
955 5630 1043 5687 διὰ
1096 5635 1186 5689 τὸν
1245 5637 1498 5710 Χριστὸν,
1558 5635 1615 5692 ἐκ
1672 5636 1926 5715 δευτέρου

282 5731 637 5805 κρεμασθεῖτα
697 5723 884 5796 ξέεται·
945 5723 1033 5778 καὶ
1095 5723 1172 5788 εἷς
1245 5729 1474 5801 φοῦρνον
1551 5727 1928 5806 ἐκπυρωθέντα

2689 5001 2909 5057 Eodem
2939 5001 3033 5055 die

2041 5101 2194 5155 ’138
2228 5099 2510 5154 Certamen
2557 5099 2871 5149 sanctorum
2916 5098 3222 5162 martyrum
3276 5093 3591 5162 Theodotw,
3639 5099 3690 5149 et

2563 5167 2805 5221 Socratis
2829 5165 3156 5234 presbyteri.

2109 5281 3688 5353 SanctaTheodota.Alexandroimperatore,nobilibus

2040 5377 2386 5449 parentibus
2409 5379 2569 5442 nata,
2601 5391 2669 5428 ex
2690 5373 2928 5444 regione
2959 5371 3129 5425 Ponti
3161 5371 3289 5426 fuit.
3316 5372 3461 5426 Cum
3483 5377 3687 5431 autem

2038 5468 2254 5538 quietis
2285 5465 2478 5520 studio
2511 5465 2571 5517 in
2597 5461 2894 5533 quoddam
2915 5461 3342 5515 monasterium
3366 5477 3494 5514 sese
3516 5460 3682 5514 abdi-

2039 5557 2244 5620 disset,
2279 5555 2351 5610 ob
2385 5553 2598 5608 Christi
2634 5550 2810 5605 ﬁdem
2843 5549 3037 5604 delata
3058 5549 3130 5603 ad
3152 5549 3496 5619 praefectum
3521 5549 3679 5619 ejus-

2038 5646 2353 5717 quejussu
2383 5641 2838 5713 comprehensa,
2895 5643 2951 5692 et
2997 5639 3057 5692 in
3119 5637 3438 5709 equuleum
3493 5636 3677 5691 semel

2036 5740 2212 5806 atque
2242 5734 2459 5791 iterum
2490 5730 2722 5788 sublata
2742 5725 3043 5798 scalpitur.
3068 5726 3366 5784 Deindein
3384 5724 3674 5783 ardentis-
