4140 6302
425 293 540 356 123

1740 296 1903 355 ΜΕΝ
1912 293 2174 356 OLOGII
2218 295 2417 358 PARS
2464 296 2509 356 Ι.

3712 296 3829 357 194

430 428 647 485 simum
686 428 987 485 caminum
1045 430 1287 501 injecta,
1347 429 1450 483 sed
1504 426 1721 484 Christi
1777 426 2069 482 beneﬁcio

2197 420 2540 498 ἱμϐάλλεται.
2571 429 2657 500 Τῇ
2688 427 2923 500 Χριστοῦ
2962 425 3020 482 δὲ
3078 429 3266 501 χάριτι
3312 429 3508 483 τούτου
3550 427 3826 505 ῥυσθεῖσα,

434 525 656 591 erepta,
681 520 938 574 mittitur
958 520 1287 591 aprzefecto
1315 519 1680 589 Byzantium,
1711 534 1850 572 mox
1879 518 2074 588 Ancy-

429 624 602 663 ram:
639 608 739 662 ubi
771 625 906 663 cum
967 609 1147 663 Graeci
1201 607 1436 680 publice
1489 607 1799 662 daemoniis
1856 606 2074 661 festum

430 695 588 750 diem
648 695 1039 764 celebrarent,
1098 696 1376 766 idolaque
1434 695 1720 762 colerent,
1807 695 2074 749 Socrates

428 785 743 857 presbyter
772 786 859 839 vir
886 785 1040 857 pius,
1075 786 1427 855 Dominique
1458 785 1648 838 nostri
1674 785 1809 839 Jesu
1855 784 2075 839 Christi

432 874 758 942 confessor,
790 874 912 929 zelo
953 874 1191 944 plenus,
1250 874 1582 928 hostiarum
1640 889 1772 928 aras
1829 873 2072 928 evertit:

434 963 825 1034 quamobrem
850 964 1041 1035 capite
1059 964 1267 1035 plexus
1290 963 1565 1034 spiritum
1590 962 2079 1032 tradidit,Sancta

430 1069 567 1107 vero
591 1052 888 1107 Theodota
908 1053 1082 1124 jussa
1106 1052 1281 1108 idolis
1304 1051 2079 1123 immolare,cumimperata

432 1144 628 1198 facere
653 1148 1005 1208 recusasset,
1029 1143 1090 1197 in
1122 1142 1478 1213 sartaginem
1506 1141 1786 1196 ferventis
1809 1141 1924 1195 olei
1949 1140 2075 1212 ple-

434 1249 578 1287 nam
610 1232 966 1302 conjicitur:
1001 1231 1103 1285 sed
1161 1248 1295 1286 cum
1354 1230 1493 1285 inde
1550 1230 1740 1285 illaasa
1796 1230 2078 1284 divinitus

437 1321 738 1388 evasisset,
770 1320 964 1391 gladio
995 1321 1124 1391 ipsa
1153 1336 1391 1390 quoque
1421 1320 1597 1374 vitam
1625 1319 1833 1373 finivit.

1079 1496 1300 1551 Eodem
1332 1496 1426 1552 die

435 1586 585 1641 137
626 1586 1074 1641 Commemoratio
1112 1586 1574 1653 manifestationis
1610 1591 1921 1639 sanctorum
1960 1598 2078 1652 sep-

913 1663 1016 1711 tem
1037 1672 1341 1726 puerorum
1367 1656 1590 1725 Ephesi.

509 1746 576 1800 Hi
608 1745 796 1799 sancti
818 1744 1274 1812 Maximilianus,
1306 1744 1651 1811 Jamblicus,
1674 1742 2079 1807 Martinianus,

437 1834 776 1905 Dionysius,
806 1834 1084 1894 Joannes,
1126 1834 1549 1887 Constantinus
1606 1837 1665 1886 et
1720 1831 2079 1896 Antoninus,

432 1923 768 1995 imperante
800 1923 998 1990 Decio,
1032 1923 1247 1994 Ephesi
1280 1922 1566 1977 claruere.
1601 1921 1684 1977 Ob
1727 1921 1943 1976 Christi
1974 1936 2078 1975 au.

429 2016 551 2068 tem
573 2012 1008 2068 confessionem
1023 2012 1460 2082 comprehensi,
1485 2016 1545 2066 et
1569 2010 1641 2066 ad
1664 2011 2081 2082 imperatorem

434 2102 729 2176 producti,
760 2118 895 2156 cum
914 2107 1145 2172 tempus
1176 2100 1249 2154 ad
1273 2098 1727 2154 deliberandum
1745 2098 2079 2169 petiissent,

425 2192 611 2262 idque
642 2192 1083 2262 impetrassent,
1116 2190 1179 2243 in
1209 2194 1475 2244 montem
1508 2188 1826 2259 quemdam
1876 2186 2082 2257 profu-

437 2282 687 2354 gientes,
711 2281 771 2334 in
795 2279 1141 2350 speluncam
1164 2294 1293 2332 sese
1316 2276 1618 2344 abdidere,
1644 2277 1845 2346 ibique
1870 2275 2084 2329 obdor-

435 2372 720 2446 mierunt,
753 2369 1024 2423 obstruso
1059 2367 1357 2439 spelunca)
1415 2366 1599 2422 aditu.
1646 2364 2084 2420 Trecentesimo

435 2465 635 2517 autem
658 2458 1095 2530 septuagesimo
1120 2456 1379 2512 secundo
1406 2461 1539 2527 post
1561 2471 1739 2522 anno,
1757 2453 2085 2509 Theodosio

426 2549 673 2621 juniore
696 2548 1047 2618 imperante,
1068 2562 1203 2600 cum
1228 2545 1490 2600 haaretici
1506 2543 1719 2616 dogma
1738 2543 2082 2608 movissent,

436 2637 709 2711 negando
739 2634 1261 2704 resurrectionem,
1294 2649 1480 2703 eaque
1510 2650 1606 2687 res
1664 2632 2087 2702 imperatorem

437 2728 697 2785 maxime
729 2725 1052 2781 sollicitum
1085 2724 1353 2790 haberet,
1380 2724 1557 2793 Deus,
1607 2728 1673 2777 ut
1718 2722 1781 2776 in
1818 2722 2088 2777 omnium

436 2816 655 2872 animis
684 2820 905 2870 certam
938 2812 1393 2867 resurrectionis
1450 2810 1629 2866 ﬁdem
1684 2811 2086 2877 conﬁrmaret,

436 2909 643 2977 aperta
693 2903 979 2975 spelunca
1005 2901 1191 2956 voluit
1214 2917 1316 2956 eos
1345 2901 1502 2955 vivos
1534 2901 1822 2955 excitare:
1856 2916 1927 2954 ex
1957 2899 2090 2970 qui-

436 2995 546 3051 bus
577 2992 940 3049 Jamblichus
972 2995 1207 3061 sumpto
1234 2990 1396 3046 Decii
1426 3005 1672 3044 nummo
1703 2988 2089 3044 descenditin

436 3085 646 3141 urbem
677 3081 751 3137 ad
783 3080 1140 3136 coemendos
1172 3078 1357 3144 cibos,
1390 3083 1457 3133 ut
1512 3079 1613 3148 qui
1671 3079 1953 3133 hesterna
1995 3076 2089 3131 die

2111 1795 2158 1860 B

2183 513 2365 591 ἃγεται
2403 516 2549 589 παρά
2601 520 2698 571 τοῦ
2755 514 3022 591 ἄρχοντος
3073 516 3160 572 ἐπὶ
3214 517 3277 572 τὸ
3337 518 3644 589 Βυξᾶντιον.
3706 518 3835 572 Εἶτα

2184 606 2235 661 ἐν
2270 607 2526 682 ’Δγκύρᾳ⁸
2559 606 2683 663 ἔνθα
2714 608 2741 661 ὁ
2772 602 3138 682 πρεσϐύτερος
3165 609 3486 683 Σωκράτης,
3505 611 3615 662 τῶν
3637 604 3840 676 Ἐλλή-

2182 716 2288 750 νων
2320 694 2609 768 πάνδημον
2660 697 2852 769 ἑορτὴν
2909 696 3216 752 τελούντων
3273 701 3390 759 τοῖς
3443 696 3690 770 δαίμοσι,
3743 696 3835 751 καὶ

2182 787 2631 861 προσκυνούντων
2665 792 2781 848 τοῖς
2812 783 3088 856 εῗδώλοις,
3108 781 3347 856 εὐλαϐὴς
3375 784 3471 856 ὢν,
3491 787 3579 841 καὶ
3607 787 3699 841 τὸν
3724 785 3837 846 Κύ-

2187 894 2305 949 ριον
2338 877 2500 946 ἡμῶν
2526 876 2735 944 Ἰησοῦν
2760 875 2984 951 Χριστὸν
3009 875 3321 951 ὁμολογῶν,
3352 872 3526 946 ζήλου
3543 873 3839 945 πλησθεὶς,

2183 963 2274 1018 καὶ
2303 965 2395 1019 τὸν
2429 964 2617 1040 βωμὸν
2649 965 3018 1039 καταστρέψας
3047 969 3154 1020 τῶν
3188 966 3412 1035 θυσιῶν,
3472 964 3685 1037 ἐτμήθη
3738 966 3841 1032 τὴν

2184 1052 2446 1131 κεφαλήν.
2480 1055 2576 1109 Καὶ
2629 1053 2772 1109 οὕτω
2824 1052 3107 1131 παρέδωκε
3162 1056 3225 1110 τὸ
3272 1058 3505 1128 πνεῦμα.
3534 1055 3597 1111 Ἠ
3627 1052 3685 1109 δὶ
3715 1053 3842 1130 ἁγία

2187 1139 2447 1211 Θεοδότη,
2480 1142 2874 1217 ἀναγκασθεῖσα
2926 1144 3077 1198 θῦσαι
3134 1149 3251 1206 τοῖς
3299 1141 3576 1210 εἲδώλοις,
3634 1142 3838 1215 καὶμὴ

2185 1236 2484 1301 πεισθεῖσα,
2517 1229 2786 1303 ἐνεϐλήθη
2846 1232 2922 1294 εἷς
2980 1234 3212 1307 τήγανον
3277 1233 3411 1307 μετά
3464 1230 3843 1307 κοχλάζοντος

2188 1320 2396 1377 ἐλαίου.
2432 1321 2536 1377 Καὶ
2565 1324 2633 1394 τῇ
2671 1325 2768 1376 τοῦ
2819 1326 2953 1377 Θεοῦ
3005 1323 3192 1399 χάριτι
3248 1327 3343 1378 τοῦ
3399 1322 3642 1397 τηγάνου
3698 1321 3846 1392 ἐξελ-

2187 1413 2353 1473 θοῦσα
2383 1404 2656 1480 ἀϐλαϐὴς,
2688 1407 2776 1464 διὰ
2803 1411 2988 1488 ξίφους
3016 1409 3312 1483 ἐτελειώθη
3342 1412 3429 1466 καὶ
3464 1411 3621 1483 αὐτή.

2787 1501 2871 1573 Τῇ
2906 1499 3041 1574 αὖτῇ
3072 1496 3255 1573 ἢμέρᾳ

2187 1588 2251 1643 Ἣ
2281 1586 2582 1661 ἀνάμνησις
2614 1593 2715 1657 τῆς
2744 1589 3098 1665 φανερώσεως
3119 1593 3236 1665 Δτῶν
3269 1588 3440 1665 ἀγὲων
3474 1588 3608 1644 ἒπτά
3628 1585 3841 1643 παίδων

2777 1664 2884 1714 τῶν
2918 1660 2969 1714 ἐν
3003 1662 3238 1734 Ἐφέσῳ.

2261 1747 2426 1803 Οὗτοι
2460 1748 2513 1801 οἱ
2571 1746 2742 1821 ἅγιοι,
2793 1747 3213 1821 Μαξιμιλιανὸς,
3272 1743 3623 1823 Ἰάμϐλιχος,
3683 1750 3843 1821 Μαρ-

2186 1834 2448 1903 τινιανὸς,
2508 1834 2808 1904 Διονύσιος,
2896 1837 3176 1907 Ἰωάννης,
3265 1839 3692 1905 Κωνσταντῖνος,
3749 1835 3849 1891 καὶ

2187 1925 2538 1994 ’Δντωνῖνος,
2594 1925 2845 2001 ὑπῆρχον
2919 1923 3004 1981 ἐπὶ
3057 1927 3246 1981 Δεκίου
3300 1930 3397 1981 τοῦ
3460 1923 3731 2000 βασιλέως
3788 1924 3845 1978 ἐν

2184 2013 2414 2089 Ἐφέσῳ.
2450 2014 2548 2068 Διὰ
2593 2009 2650 2067 δὲ
2670 2013 2761 2068 τὸν
2816 2015 3046 2089 Χριστὸν
3087 2013 3466 2089 κρατηθέντες,
3516 2017 3847 2089 προσήχθη-

2187 2122 2280 2156 σαν
2311 2102 2392 2173 τῷ
2456 2099 2689 2177 βασιλεῖ.
2754 2102 2851 2157 Καὶ
2906 2103 3093 2174 καιρὸν
3156 2102 3513 2175 αἷτησάμενοι
3567 2107 3663 2157 τοῦ
3720 2102 3851 2157 σκέ-

2186 2192 2409 2264 ψασθαι,
2453 2186 2649 2266 ἔτυχον
2707 2191 2923 2250 τούτου.
2992 2194 3127 2249 Εἶτα
3185 2191 3447 2268 φυγόντες
3502 2192 3738 2261 ἀνῆλθον
3791 2190 3848 2244 ἐν

2188 2276 2455 2354 ὅρειτινὶ.
2496 2281 2584 2334 καὶ
2648 2280 2903 2350 εἰσῆλθον
2966 2279 3041 2343 είς
3100 2280 3393 2352 σπήλαιον,
3451 2281 3541 2335 καὶ
3599 2281 3651 2336 ἐν
3695 2281 3851 2351 αὐτῷ

2189 2366 2587 2442 ἐκοιμήθησαν.
2615 2371 2751 2425 Εἶτα
2780 2370 3054 2445 ἀνεφράγη
3087 2374 3185 2425 toﬁ
3235 2368 3509 2441 σπηλαίου
3541 2372 3575 2439 ἠ
3608 2366 3851 2436 εἴσοδος,

2189 2456 2280 2512 καὶ
2309 2458 2637 2530 τριακοσίων
2672 2459 2754 2532 οβ’
2808 2457 2941 2512 ἐτῶν
2990 2456 3396 2532 παρελθόντων,
3446 2457 3535 2513 ἐπὶ
3581 2465 3681 2527 τῆς
3744 2459 3849 2534 βα-

2192 2544 2400 2607 σιλείας
2433 2544 2724 2601 Θεοδοσίου
2770 2552 2874 2601 τοῦ
2936 2551 3155 2620 μικροῦ,
3206 2545 3382 2622 δόγμα
3427 2546 3650 2617 ἐκινήθη
3699 2549 3856 2622 παρά

2188 2640 2296 2690 τῶν
2350 2635 2659 2709 αἱρετικῶν,
2721 2634 2993 2711 λεγόντων
3047 2638 3124 2709 μή
3186 2639 3321 2691 εἶναι
3380 2637 3685 2692 ἀνάστασιν.
3747 2638 3852 2691 Καὶ

2189 2728 2289 2779 τοῦ
2335 2722 2605 2797 βασιλέως
2662 2725 2787 2799 περὶ
2846 2723 3047 2794 ταύτης
3106 2725 3508 2801 φροντίζοντος,
3578 2723 3753 2788 θέλων
3818 2726 3850 2780 ὁ

2193 2811 2321 2872 Θεὸς
2376 2809 2805 2888 πληροφορῆσαι
2866 2811 3089 2882 πάντας,
3148 2812 3233 2867 ὅτι
3309 2810 3449 2867 ἔστιν
3535 2813 3850 2883 ἀνάστασις,

2193 2898 2483 2970 εὐδόκησεν
2539 2901 2818 2976 ἀνοιγῆναι
2871 2902 2933 2956 τὸ
3001 2901 3298 2972 σπήλαιον,
3384 2901 3475 2956 καὶ
3548 2902 3852 2967 ἀναστῆναι

2196 2992 2419 3059 ζῶντας.
2450 2988 2537 3059 Ἐξ
2568 2990 2644 3043 ὧν
2684 2984 3039 3065 Ἰάμϐλιχος,
3100 2985 3285 3046 λαϐὼν
3338 2991 3585 3063 νόμισμα
3631 2989 3691 3044 ἐκ
3735 2994 3853 3045 τῶν

2195 3075 2285 3131 ἐπὶ
2313 3080 2412 3131 τοῦ
2439 3076 2652 3146 Δεκίου,
2677 3078 2765 3132 καὶ
2802 3077 3078 3134 κατελθὼν
3140 3077 3192 3133 ἐν
3231 3081 3300 3151 τῇ
3350 3076 3535 3149 πόλει,
3583 3079 3861 3155 ἀγοράσαι

434 3172 815 3230 dormiisset:
851 3168 955 3224 sed
986 3168 1279 3240 cognitus,
1312 3165 1722 3237 adductusque
1753 3165 1828 3221 ad
1858 3166 2082 3237 episco-

2197 3167 2430 3242 τροφήν,
2484 3165 2560 3227 ὡς
2618 3162 2729 3236 ἤδη
2795 3167 2926 3238 χθὲς
2975 3166 3289 3240 κοιμηθεὶς,
3370 3166 3701 3243 ἐπεγνώσθη·
3763 3167 3863 3222 καὶ

437 3278 601 3334 pum,
635 3275 762 3313 rem
794 3273 1055 3323 omnem,
1086 3256 1173 3310 uti
1205 3272 1266 3310 se
1292 3254 2091 3327 habuerat,exposuit.lgitur

443 3366 579 3405 cum
629 3351 903 3402 testatam
960 3344 1463 3399 resurrectionem
1519 3344 1824 3410 fecissent,
1875 3342 2092 3398 iterum

438 3436 679 3504 mortui,
712 3436 774 3489 in
806 3433 1153 3505 speluncam
1186 3433 1336 3487 illati
1376 3436 1533 3487 sunt.

1097 3521 1321 3577 Eodem
1352 3521 1448 3578 die

441 3616 595 3675 138
630 3615 1085 3672 Commemoratio
1114 3612 1293 3667 sancti
1326 3613 1512 3666 Patris
1540 3609 1719 3667 nostri
1743 3610 1954 3682 lgnatii
1981 3591 2122 3682 pa—I

811 3685 1071 3741 triarchae
1102 3682 1717 3753 Constantinopolitani.

516 3780 765 3835 Sanctus
796 3778 970 3831 Pater
998 3778 1203 3830 noster
1256 3774 1521 3843 Ignatius
1573 3773 1732 3828 illius
1792 3773 2093 3829 Michaelis

439 3866 841 3938 imperatoris,
872 3864 1055 3918 frater
1082 3863 1415 3934 Theophili,
1444 3867 1502 3916 et
1530 3878 1717 3934 nepos
1774 3862 2091 3933 Nicephori

442 3951 1205 4026 imperatorum,eunuchus
1228 3951 1509 4021 primum,
1533 3950 1748 4005 deinde
1765 3951 2092 4006 monachus

441 4045 654 4111 factus,
689 4040 927 4113 praefuit
953 4038 1315 4093 monasterio
1344 4039 1724 4109 Archangeli,
1757 4039 1915 4109 quod
1946 4039 2091 4093 olim

443 4130 721 4195 Orientis,
756 4143 913 4182 nunc
939 4130 1137 4180 autem
1168 4126 1357 4195 Satyri
1391 4141 1718 4196 cognomen
1749 4126 1948 4181 habet.
1982 4129 2093 4181 Po-

446 4226 572 4275 stea
601 4221 833 4273 creatus
860 4214 1196 4285 patriarcha
1225 4214 2092 4285 Constantinopolitanus,cum

443 4306 783 4379 praefuisset
808 4304 1088 4359 undecim
1119 4319 1304 4358 annos
1343 4309 1402 4357 et
1456 4321 1694 4359 menses
1738 4305 2026 4376 quinque,
2058 4322 2092 4361 a

443 4394 730 4452 Michaele
749 4394 1107 4466 imperatore
1136 4392 1505 4459 deturbatur,
1534 4392 1851 4465 subrogato
1873 4394 1935 4448 in
1963 4393 2092 4464 ejus

440 4487 642 4542 locum
674 4484 909 4551 Photio,
966 4482 1262 4538 monacho
1305 4482 1471 4554 prius
1522 4481 1712 4537 facto:
1746 4482 1848 4553 qui
1880 4488 1939 4537 et
1962 4483 2088 4554 ipse
2122 4520 2164 4585 Β

440 4580 650 4649 postea
681 4575 905 4647 ejectus
935 4573 1049 4627 fuit
1075 4589 1109 4627 a
1139 4571 1359 4626 Basilio
1393 4572 1773 4642 imperatore,
1814 4572 2087 4627 restituto

445 4666 509 4718 in
542 4680 710 4718 suam
739 4662 941 4717 sedem
969 4661 1214 4733 lgnatio,
1250 4677 1428 4732 quam
1460 4676 1595 4716 cum
1615 4660 1789 4716 annis
1812 4660 2091 4716 undecim

444 4757 811 4823 occupasset,
842 4752 1058 4805 iterum
1089 4750 1393 4821 depositus
1412 4755 1520 4815 est,
1543 4751 1787 4805 suffecto
1812 4750 1863 4805 ei
1888 4757 2091 4806 sancto

460 4840 755 4911 Stephano
788 4839 990 4894 Basilii
1020 4838 1398 4910 imperatoris
1456 4838 1599 4894 ﬁlio.
1663 4839 1908 4895 Sanctus
1957 4856 2091 4895 vero

446 4933 715 5006 Ignatius
746 4930 806 4984 in
833 4929 1021 5000 Satyri
1052 4929 1483 4983 monasterium
1514 4929 1820 4998 secedens,
1852 4930 1969 4986 vita
1999 4929 2092 5001 pie

448 5020 842 5093 religioseque
875 5017 1166 5083 traducta,
1194 5016 1256 5070 in
1286 5032 1430 5087 pace
1462 5016 1734 5074 decessit.

995 5284 1237 5339 EODEM
1276 5283 1527 5339 MENSE.

940 5372 1043 5426 Die
1075 5371 1355 5427 vicesima
1383 5376 1595 5442 quarta

443 5467 598 5524 139
634 5465 923 5519 Certamen
948 5463 1124 5516 sancti
1154 5464 1414 5531 martyris
1444 5461 1684 5529 Arethz,
1716 5467 1769 5516 et
1797 5464 2087 5517 sociorum.

512 5629 619 5686 Hic
653 5628 855 5700 Negras
881 5623 1046 5681 urbis
1076 5623 1139 5680 in
1158 5622 1453 5696 Ethiopia
1481 5621 1761 5696 princeps
1792 5622 1905 5679 fuit
1934 5628 2088 5681 tem-

2198 3254 2388 3329 ἀχθεὶς
2444 3253 2581 3328 πρὸς
2636 3255 2728 3309 τὸν
2789 3254 3107 3324 ἐπίσκοπον,
3192 3251 3466 3326 ἀνεδίδαξε
3518 3256 3690 3311 πᾶσαν
3750 3256 3859 3325 τήν

2198 3342 2481 3413 ἀλήθειαν.
2538 3344 2823 3418 Ἐγένοντο
2877 3343 2968 3398 οὗν
3030 3344 3298 3419 μάρτυρες
3352 3350 3452 3413 τῆς
3509 3344 3860 3410 ἀναστάσεως

2198 3431 2297 3486 Καὶ
2327 3430 2491 3486 πάλιν
2525 3430 2786 3500 θανόντες,
2820 3430 3077 3503 ἐτέθησαν
3111 3432 3163 3487 ἐν
3195 3437 3275 3505 τῷ
3304 3431 3583 3505 σπηλαίῳ.

2786 3526 2865 3595 Τῇ
2905 3522 3041 3596 αὐτῇ
3070 3523 3271 3597 ἡμέρᾳ.

2197 3608 2403 3680 Μνήμη
2453 3605 2551 3662 τοῦ
2610 3606 2666 3684 ἐν
2713 3609 2894 3681 ἁγίοις
2952 3609 3163 3682 Πατρὸς
3212 3612 3374 3684 ἡμῶν
3428 3609 3690 3684 Ἰγνατίου
3749 3632 3863 3666 πα-

2543 3678 2813 3755 τριάρχου
2847 3678 3490 3743 Κονσταντινουπόλεωςξ

2269 3768 2332 3825 '0
2379 3766 2432 3821 ἐν
2490 3766 2663 3843 ἁγίοις
2723 3771 2912 3845 Ηατήρ
2973 3772 3134 3842 ἡμῶν
3197 3768 3454 3845 Ἰγνάτιος
3513 3769 3705 3847 γὲγονε
3756 3772 3860 3845 μὲν

2199 3857 2316 3919 υἱὸς
2349 3855 2585 3932 Μιχαὴλ
2614 3861 2710 3911 τοῦ
2745 3856 3039 3933 βασιλέως,
3061 3855 3296 3936 ἀδελφὸς
3333 3855 3391 3914 δὲ
3441 3858 3733 3936 Θεοφίλου,
3762 3863 3862 3916 καὶ

2198 3939 2418 4021 ἔκγονος
2476 3945 2795 4023 Νικηφόρου
2847 3951 2955 4001 τῶν
3020 3945 3310 4022 βασιλέων.
3359 3947 3639 4024 Εὐνοῦχος
3679 3946 3737 4003 δὲ
3764 3971 3860 4024 γε-

2197 4035 2397 4111 γονὼς,
2431 4036 2546 4091 εἶτα
2575 4036 2665 4091 καὶ
2701 4037 2966 4110 μοναχὸς,
3019 4039 3210 4113 γέγονε
3255 4037 3346 4092 καὶ
3398 4037 3710 4113 ἡγούμενος
3754 4046 3862 4109 τῆς

2204 4130 2378 4198 μονῆς
2403 4127 2497 4179 τοῦ
2526 4126 2929 4201 Ἀρχαγγέλου,
2979 4129 3078 4181 τοῦ
3129 4125 3254 4181 τότε
3309 4126 3402 4200 μὲν
3455 4125 3859 4203 ἐπιλεγομένου

2197 4209 2613 4283 ἀνατέλλοντος,
2672 4217 2762 4268 νῦν
2825 4211 2882 4269 δὲ
2940 4213 3206 4290 Σατύρου.
3276 4214 3406 4271 Εἶτα
3452 4218 3856 4292 προεχειρίσθη

2197 4301 2288 4356 καὶ
2318 4301 2667 4378 πατριάρχης
2724 4302 3373 4369 Κωνσταντινουπόλιως’
3420 4304 3509 4360 καὶ
3561 4305 3857 4382 ἐκρᾶτησεν

2197 4384 2291 4461 ἔτη
2375 4387 2584 4461 ἕνδεκα,
2674 4399 2848 4465 μῆνας
2926 4388 3104 4452 πέντε.
3189 4394 3293 4449 Καὶ
3361 4395 3496 4467 μετὰ
3546 4399 3713 4450 ταῦτα
3772 4396 3864 4470 ἔξ-

2199 4476 2408 4552 εϐλήθη
2446 4482 2548 4537 ὑπὸ
2577 4482 2808 4557 Μιχαὴλ
2846 4481 3139 4558 βασιλέως,
3174 4484 3286 4540 ἀντ’
3315 4484 3484 4539 αὐτοῦ
3504 4487 3857 4562 πατριάρχην

2197 4572 2525 4642 ποιήσαντος
2573 4571 2789 4626 Φὼτιον
2867 4571 3157 4646 γενόμενον
3233 4572 3494 4648 πρότερον
3585 4577 3831 4650 μοναχόν

2204 4659 2335 4714 Εἶτα
2364 4653 2633 4731 ἐξεϐλήθη
2683 4660 2771 4715 καί
2829 4659 2989 4723 αὐτὸς
3050 4660 3155 4716 ὑπὸ
3212 4658 3500 4717 Βασιλείου
3562 4663 3856 4737 βασιλέως·

2202 4748 2292 4802 καὶ
2354 4748 2707 4819 ἀντικατεστη
2767 4748 3027 4822 Ἰγνάτιος
3083 4747 3271 4805 πάλιν·
3343 4751 3434 4804 καὶ
3488 4749 3857 4823 ἐπεσκόπησεν

2206 4834 2300 4906 ἔτη
2352 4830 2558 4891 ἕνδεκα·
2618 4836 2706 4890 καὶ
2763 4835 2929 4892 πάλιν
2989 4832 3279 4909 ἐξεϐλήθη’
3338 4838 3429 4893 καὶ
3487 4837 3700 4908 ἐγένετο
3751 4863 3864 4898 πα-

2203 4925 2479 5000 τριάρχης
2511 4925 2783 5001 Στέφανος
2814 4926 2841 4980 ὁ
2875 4925 2927 4981 ἐν
2957 4925 3135 5002 ἁγίοις
3193 4927 3310 4989 υἱὸς
3362 4927 3652 4985 Βασιλείου
3703 4931 3865 5006 βασι-

2204 5011 2368 5075 λέως.
2397 5013 2458 5070 Ὁ
2491 5011 2547 5068 δὲ
2577 5014 2731 5089 ἅγιος
2765 5015 3029 5089 Ἰγνάτιος
3088 5015 3339 5079 ἀπελθὼν
3385 5015 3440 5070 ἐν
3487 5021 3568 5090 τῷ
3606 5022 3704 5073 τοῦ
3750 5026 3861 5075 Σα-

2198 5100 2368 5175 τύρου
2428 5102 2808 5179 μοναστηρίῳ,
2873 5102 2964 5159 καὶ
3028 5101 3213 5167 καλῶς
3276 5104 3504 5180 βιώσας,
3562 5105 3613 5161 ἐν
3674 5106 3863 5185 εἰρήνῃ

2201 5187 2522 5263 ἐτελειώθη.

2753 5290 2935 5346 ΜΗΝΙ
2974 5294 3059 5343 ΤΩ
3097 5292 3297 5348 ΛΥΤΩ.

2969 5379 3086 5437 ΚΔ“.

2199 5465 2473 5534 νΑθλησις
2532 5467 2626 5518 toﬁ
2681 5461 2842 5558 ἀγίου
2908 5464 3237 5558 ἑξάρτοροςκ
3288 5466 3501 5544 ’Δρέθα,
3593 5470 3684 5525 καί
3762 5475 3864 5543 τῆς

2801 5552 3050 5600 συνοοιας
3078 5552 3264 5595 αὐτου.

2274 5621 2448 5688 Οὗτος
2481 5622 2550 5695 ἦν
2579 5627 2795 5701 πρῶτος
2822 5630 2927 5695 τῆς
2952 5625 3169 5690 πόλεως
3211 5630 3419 5706 Νεγρᾶς
3469 5627 3520 5685 ἐν
3550 5630 3860 5710 Δίθιωπίᾳ,
