4140 6302
263 376 359 439 125

258 508 327 564 ἱετί
371 515 465 576 τῆς
522 509 833 582 βασιλείας

260 598 628 675 βασιλεύοντος
691 600 1042 660 Ἑλεσὸαᾶν
1097 611 1195 662 τοῦ
1248 608 1792 682 χριστιανικωτάτου·
1819 609 1928 660 τῶν

258 687 323 755 Si,
350 690 691 761 Ὀμηριτῶν,
720 689 1021 766 Ἑϐραίου
1048 692 1213 757 τινός.
1268 697 1329 751 Ἢ
1388 693 1445 749 δὲ
1505 694 1735 764 τοιαύτη
1769 696 1931 769 χώρα

258 778 382 850 παρὰ
410 780 504 850 μὲν
533 782 607 851 τῇ
641 780 771 851 θείᾳ
806 787 1014 860 Γραφῇ
1063 783 1276 859 λέγεται
1329 780 1499 839 Σαϐἆ·
1531 785 1677 858 παρὰ
1708 781 1765 838 δὲ
1793 782 1930 841 Ἐλ-

257 869 402 937 λησιν
436 911 451 933 ,
532 867 833 943 εὐδαίμων
918 868 1174 948 ³Αραϐία.
1234 876 1345 929 Τοῦ
1418 871 1475 929 δὲ
1517 867 1781 929 Ἐλεσϐαᾶ
1834 873 1924 926 τὸν

258 953 487 1031 ’Βϐραῖον
517 958 940 1032 ὑποτάξαντος,
1001 963 1094 1017 καὶ
1152 961 1393 1038 φύλακας
1457 962 1511 1017 ἐν
1541 965 1609 1034 τῇ
1641 961 1802 1017 πόλει
1832 961 1924 1015 αὐ-

255 1052 341 1101 τοῦ
390 1050 893 1118 καταστήσαντος,
954 1051 1257 1113 ἐπαναστὰς
1316 1053 1344 1105 ὁ
1403 1047 1657 1123 Ἐϐραῖος
1713 1049 1925 1105 ἀνεῖλεν

256 1137 457 1205 αὐτοὺς,
490 1139 587 1192 καὶ
618 1140 768 1212 πρὸς
798 1142 905 1209 τὴν
960 1142 1168 1216 Νεγρὰν
1222 1141 1386 1197 πόλιν
1441 1138 1749 1216 ἐξέδραμεν.
1781 1142 1924 1197 ’Ἢν-

254 1249 367 1282 τινα
419 1224 863 1301 ἐπολιόρκησεν,
953 1231 1019 1285 ού
1089 1228 1335 1303 δυνάμει,
1417 1230 1543 1286 ἀλλ’
1596 1229 1920 1304 ἐπιορκίαις.

256 1316 405 1378 Ὅθεν
458 1316 596 1378 τοὺς
661 1316 719 1372 ἐν
779 1318 925 1390 αὐτῇ
984 1317 1333 1393 Χριστιανοὺς
1388 1317 1589 1376 πάντας
1644 1314 1838 1391 ἄνδρας
1865 1337 1925 1371 τε

253 1404 340 1458 καὶ
391 1411 661 1480 γυναῖκας
734 1406 1044 1483 ἐφόνευσεν,
1127 1410 1293 1472 Ἔνθα
1376 1408 1405 1461 ὁ
1462 1405 1615 1482 ἅγιος
1702 1406 1921 1477 ’Δρέθας

252 1492 417 1567 γίρων
475 1490 581 1561 ὧν,
640 1494 736 1549 καὶ
801 1497 876 1569 μή
940 1494 1236 1569 δυνάμενος
1291 1502 1678 1573 περιπατῆσαι,
1725 1493 1919 1549 ἔκειτο.

250 1583 343 1651 ’ἐξ
370 1582 437 1637 οὐ
495 1582 591 1637 ὅτε
649 1586 793 1659 ἦγον
854 1586 1019 1640 αὐτὸν
1081 1584 1500 1663 ἀποκεφαλίσαι,
1564 1584 1667 1639 ὑπὸ
1722 1583 1918 1658 ἐτέρων

258 1665 603 1740 ἒὸαστάζετο.
657 1674 886 1748 Ἀχθείς
946 1674 1038 1728 οὖν
1096 1671 1524 1749 ἀπεκεφαλίσθη,
1585 1672 1921 1748 εὐχαριστῶν

254 1765 336 1831 τῷ
365 1765 500 1831 Θεῷ,
562 1763 707 1834 μετᾶ
760 1767 871 1818 τῶν
933 1763 1145 1818 λοιπῶν
1203 1768 1565 1838 Χριστιανῶν,
1623 1765 1730 1818 τῶν
1766 1761 1819 1817 ἐν
1850 1763 1921 1834 τῇ

255 1847 413 1905 πόλει
444 1856 650 1925 Νεγρᾶ·
683 1852 776 1907 καὶ
808 1851 984 1915 οὕτως
1014 1851 1330 1923 ἐτελειώθη.

835 1960 917 2030 Τῆ
971 1957 1107 2033 αὐτῇ
1154 1960 1337 2031 ἡμέρᾳ

256 2050 464 2120 Μνήμη
497 2052 602 2103 τοῦ
632 2048 685 2103 ἐν
718 2049 895 2125 ἁγίοις
931 2052 1315 2125 Πατρὸςήμῶν
1349 2049 1621 2125 Πρόκλου,
1649 2047 1912 2124 πατριάρ-

693 2159 801 2214 χου
838 2146 954 2194 Κων
963 2139 1482 2202 σταντινουπόλεως.

323 2248 383 2302 Ὀ
445 2246 499 2300 ὲν
565 2245 744 2321 ἁγίοις
785 2248 974 2320 Πατήρ
1005 2250 1167 2319 ⁴ἡμῶν
1223 2246 1490 2322 Ορόκλος,
1546 2241 1783 2314 εὐλαϐής
1813 2243 1906 2313 ὢν,

254 2337 341 2393 καὶ
396 2336 569 2413 σοτρὸς
603 2380 619 2405 ,
672 2338 765 2391 καὶ
825 2336 1101 2412 ἐνάρετος,
1158 2338 1549 2414 ἐχειροτονήθη
1610 2340 1758 2410 παρᾶ
1810 2339 1909 2390 τοῦ

257 2426 412 2502 ἁγίου
485 2426 769 2480 Σισιννίου
849 2429 1197 2503 πατριάρχου
1281 2425 1909 2488 Κωνσταντινουπόλεως

256 2515 556 2577 ἐπίσκοπος
619 2516 885 2584 Κυζίκου.
944 2517 1219 2580 Ἀπεκθὼν
1280 2514 1356 2586 δὲ,
1405 2517 1495 2571 καὶ
1558 2518 1632 2589 μή
1694 2514 1906 2591 δεχθεὶς

257 2606 398 2679 παρᾶ
423 2609 537 2659 τῶν
572 2603 687 2659 ἐκεῖ
736 2603 1040 2677 κληρικῶν,
1092 2607 1372 2680 αἱρετικῶν
1433 2601 1623 2679 ὄντων,
1651 2604 1905 2677 ὑπέστρε-

258 2698 349 2769 ψεν
407 2696 462 2749 ἐν
520 2694 1097 2751 Κωνσταντινουπόλει
1134 2740 1147 2763 ,
1217 2697 1308 2751 τὸν
1362 2698 1556 2770 μεταξὺ
1614 2696 1904 2771 σχολάζων

257 2784 479 2859 χρόνον,
509 2784 606 2839 καὶ
648 2783 941 2859 προσέχων
1000 2786 1173 2857 ἑαυτῷ
1199 2806 1258 2840 τε
1312 2788 1402 2841 καὶ
1456 2791 1526 2860 τῇ
1584 2787 1904 2862 ἀναγνώσει.

256 2874 698 2944 Τελευτήσαντος
747 2871 806 2927 δὲ
860 2876 1202 2947 Μαξιμιανοῦ
1256 2879 1352 2930 τοῦ
1409 2878 1772 2951 πατριάρχου,
1826 2875 1906 2933 ἔτι

257 2967 352 3017 τοῦ
411 2962 682 3035 λειψάνου
741 2962 907 3017 αὐτοῦ
961 2966 1214 3036 κειμένου
1273 2964 1326 3019 ἂν
1383 2963 1463 3037 τῷ
1517 2966 1766 3041 ἱερατείῳ
1808 2974 1908 3037 τῆς

255 3052 564 3126 ἁγιωτάτης
593 3056 693 3106 τοῦ
738 3051 872 3106 Θεοῦ
923 3051 1178 3128 Μεγάλης
1237 3053 1587 3125 Ἐκκλησιας,
1615 3057 1904 3131 προχειρί-

256 3148 396 3212 ζεται
455 3143 815 3217 πατριάρχης
874 3144 1520 3207 Κωνσταντινουπόλεως’
1579 3147 1670 3201 καὶ
1720 3146 1908 3222 ἐνθρο-

1778 382 2160 445 OCTOBER.

920 516 1251 573 'Iouafivou~
1310 524 1407 586 τῆς
1469 517 1563 589 μὲν
1623 515 1910 571 Αἱθιωπίω

2045 517 2289 587 poribus
2318 517 2532 572 Justini
2574 517 2970 587 imperatoris.
3003 517 3311 588 zEthiopiaa
3366 522 3566 573 autem
3596 537 3693 575 re-

1946 1878 1995 1943 B

3570 388 3691 446 126

2037 624 2222 679 gnum
2247 612 2484 662 tenente
2507 607 2833 662 Elesbaano
2851 606 3066 661 eximio
3083 604 3433 661 Christianas
3454 607 3690 680 religio-

2040 697 2134 751 nis
2164 696 2416 763 cultore,
2444 696 2782 763 Homeritis,
2808 712 3061 766 quorum
3091 696 3249 764 regio
3281 696 3341 750 in
3372 696 3691 767 Scripturis

2039 787 2222 840 sacris
2258 784 2432 852 Saba,
2468 801 2502 840 a
2533 785 2749 839 Grzecis
2789 789 2987 838 autem
3018 784 3178 838 Felix
3207 785 3426 839 Arabia
3443 784 3684 853 dicitur,

2038 874 2319 929 Hebraaus
2346 874 2587 945 quidam
2639 873 2988 944 imperabat.
3020 872 3383 929 Elesbaanus
3414 891 3548 929 vero
3583 893 3683 930 su-

2036 969 2239 1035 perato
2291 964 2556 1031 Hebrmo,
2579 963 2788 1018 urbem
2821 964 2948 1034 ejus
2977 963 3271 1034 praesidiis
3321 964 3681 1020 ﬁrmaverat.

2033 1054 2107 1107 At
2133 1052 2432 1117 Hebraeus,
2465 1069 2616 1108 caeso
2647 1058 2892 1123 repente
2924 1052 3222 1123 praesidio,
3245 1053 3321 1107 ad
3342 1052 3548 1108 urbem
3572 1056 3684 1108 Ne-

2037 1157 2202 1210 gram
2233 1142 2557 1206 contendit,
2591 1158 2768 1212 quam
2801 1158 2935 1196 cum
2968 1158 3089 1196 non
3129 1142 3203 1206 vi,
3265 1140 3371 1196 sed
3402 1142 3683 1214 perjuriis

2033 1230 2307 1300 cepisset,
2358 1231 2724 1286 Christianos
2762 1247 2969 1286 omnes
3007 1230 3089 1284 ibi
3119 1236 3407 1301 repertos,
3438 1231 3593 1287 viros
3624 1237 3683 1288 et

2030 1318 2305 1388 feminas,
2340 1320 2671 1375 trucidavit.
2725 1320 2973 1374 Sanctus
3003 1325 3201 1374 autem
3233 1319 3483 1375 Arethas
3542 1337 3679 1375 cum

2032 1409 2198 1464 senio
2229 1410 2535 1465 confectus
2585 1411 2833 1481 jaceret,
2891 1426 3086 1480 neque
3142 1426 3248 1479 per
3278 1426 3339 1463 se
3371 1408 3678 1465 ambulare

2027 1502 2248 1568 posset,
2282 1498 2746 1553 succollanlibus
2777 1499 2913 1554 aliis
2943 1498 3018 1553 ad
3049 1498 3271 1553 caedem
3304 1498 3536 1553 delatus
3566 1505 3673 1554 est.

2027 1585 2216 1648 Quare
2247 1586 2465 1657 gratias
2495 1587 2612 1641 Deo
2643 1602 2845 1658 agens,
2880 1585 3234 1656 decollatusj
3254 1586 3366 1640 fuit
3391 1603 3512 1641 una
3540 1604 3677 1642 cum

2025 1671 2275 1742 reliquis
2306 1672 2656 1729 Christianis
2688 1675 2749 1728 in
2781 1674 2926 1728 urbe
2958 1676 3145 1744 Negra
3186 1675 3462 1746 repertis,
3498 1680 3675 1746 atque

2027 1761 2110 1816 ita
2139 1762 2321 1816 ﬁnem
2342 1762 2473 1817 vita;
2501 1764 2749 1834 accepit.

2678 1958 2895 2012 Eodem
2927 1959 3023 2014 die

2096 2047 2252 2102 140
2296 2046 2752 2102 Commemoratio
2778 2050 2956 2102 sancti
2983 2050 3167 2104 Patris
3196 2052 3372 2105 nostri
3395 2050 3601 2117 Procli,

2343 2136 2689 2192 Patriarchaa
2739 2137 3351 2208 Constantinopolitani.

2097 2242 2347 2296 Sanctus
2376 2245 2550 2298 Pater
2577 2247 2781 2297 noster
2799 2244 3063 2311 Proclus,
3097 2244 3335 2316 pietate,
3360 2246 3672 2317 sapientia,

2025 2334 2082 2385 et
2113 2330 2324 2385 virtute
2355 2331 2625 2403 insignis,
2661 2349 2695 2386 a
2724 2332 2941 2387 Sisinio
2972 2333 3309 2404 patriarcha
3337 2335 3675 2389 Constanti-

2021 2420 2368 2491 nopolitano
2400 2421 2711 2492 episcOpus
2739 2421 2926 2493 Cyzici
2958 2427 3211 2491 creatus,
3245 2440 3438 2493 neque
3482 2440 3518 2478 a
3547 2424 3669 2479 cle-

2020 2508 2160 2563 ricis
2190 2509 2531 2580 Clyzicenis,
2565 2509 2783 2580 quippe
2814 2509 2915 2579 qui
2949 2511 3209 2565 hmretici
3239 2516 3432 2579 erant,
3465 2528 3671 2583 recep-

2023 2602 2138 2665 tus,
2171 2598 2747 2669 Constantinopolim
2777 2599 2973 2667 rediit,
3009 2600 3207 2671 ibique
3225 2600 3354 2655 dies
3387 2601 3525 2672 egit,
3556 2599 3669 2655 sibi

2022 2686 2158 2757 ipsi,
2182 2693 2239 2741 et
2260 2688 2501 2743 lectioni
2525 2705 2755 2744 vacans.
2783 2688 3069 2743 Defuncto
3091 2695 3290 2744 autem
3315 2690 3668 2746 Maximiano

2021 2774 2377 2844 patriarcha,
2392 2792 2526 2831 cum
2548 2776 2677 2846 ejus
2695 2775 2962 2847 reliquias
2985 2776 3177 2832 adhuc
3193 2777 3256 2832 in
3277 2778 3666 2833 sanctissimas

2023 2866 2082 2917 et
2110 2864 2330 2935 Magna!
2362 2864 2463 2919 Dei
2494 2864 2771 2918 Ecclesia:
2830 2865 3086 2919 sacrario
3121 2867 3410 2936 jacerent,
3442 2867 3505 2921 in
3536 2867 3666 2938 ejus

2020 2952 2219 3007 locum
2250 2954 2588 3024 patriarcha
2614 2954 3306 3025 Constantinopo‘litanus
3333 2955 3577 3023 electus,
3600 2957 3664 3011 in

2021 3043 2237 3098 throno
2288 3043 2613 3098 collocatur
2670 3043 2730 3097 in
2792 3044 3001 3114 majori
3068 3044 3460 3112 hebdomada,
3517 3045 3667 3101 feria

2022 3132 2231 3202 quinta
2278 3132 2558 3189 salutaris
2615 3132 2915 3203 passionis
2971 3133 3203 3188 Domini
3287 3134 3475 3189 nostri
3528 3135 3667 3190 Jesu

255 3230 449 3299 νίζεται
482 3231 605 3284 κατ’
635 3230 802 3298 αὐτὴν
835 3232 937 3299 τήν
1002 3230 1242 3305 μεγάλην
1301 3228 1580 3307 ἑϐδομάδα
1609 3232 1662 3289 ἐν
1693 3238 1760 3307 τῇ
1786 3220 1910 3309 άγίᾳ

2025 3220 2262 3276 Christi.
2296 3221 2559 3293 Cumque
2604 3226 2739 3292 post
2797 3221 3238 3277 ordinationem
3294 3223 3577 3294 praeclare
3610 3241 3672 3279 se

254 3322 478 3393 πέμπτῃ
510 3321 611 3372 τοῦ
672 3321 952 3394 σωτηρίου
1002 3320 1203 3383 πάθους
1249 3326 1346 3376 τοῦ
1377 3323 1581 3397 Κυρίου
1610 3326 1772 3396 ἡμῶν
1804 3326 1912 3395 Ἰη.

260 3412 351 3462 σοῦ
408 3412 678 3481 Χριστοῦ.
738 3407 838 3462 Καὶ
898 3407 1086 3470 καλῶς
1135 3409 1597 3484 πολιτευσάμενος
1653 3413 1744 3467 καὶ
1780 3414 1917 3486 μετᾶ

252 3497 349 3564 τὴν
381 3496 756 3571 χειροτονίαν,
801 3496 892 3551 καὶ
952 3494 1197 3559 πολλοὺς
1255 3496 1347 3553 διὰ
1401 3505 1501 3568 τῆς
1561 3497 1917 3566 διδασκαλίας

256 3586 416 3641 αὐτοῦ
477 3585 816 3663 ὠφελήσας,
871 3584 1242 3657 ἐπεσκόπησεν
1298 3584 1391 3660 ἔτη
1445 3587 1655 3645 δώδεκα
1682 3590 1770 3646 καὶ
1808 3598 1915 3665 μῆ-

253 3696 340 3736 νας
368 3675 546 3748 τρεῖς,
578 3676 668 3729 καὶ
697 3675 1038 3745 τελειωθεὶς,
1070 3675 1425 3735 ἀνεπαύσατο.

833 3785 1008 3836 MHNI
1035 3784 1125 3860 T9
1148 3789 1340 3863 ΔΥΤῼ.

1016 3877 1155 3926 Kls‘.

248 3958 527 4028 Ἀθλησις
554 3962 663 4012 τῶν
698 3957 870 4034 άγίων
907 3959 1192 4033 μαρτύρων
1240 3959 1329 4015 καὶ
1360 3962 1622 4036 νοταρίων
1659 3965 1912 4039 Μαρκια-

748 4046 848 4103 νοῦ
907 4049 999 4102 καὶ
1058 4052 1372 4127 Μαρτυρίου
1386 4093 1398 4110 .

316 4166 487 4223 Οὗτοι
550 4165 793 4238 μαθηταὶ
843 4163 933 4219 καὶ
990 4165 1230 4242 νοτάριοι
1288 4169 1546 4245 ὑπῆρχον
1596 4176 1693 4226 τοῦ
1749 4174 1909 4249 ἁγίου

245 4253 468 4310 Παύλου
552 4258 654 4309 τοῦ
742 4252 1098 4329 ὁμολογητοῦ
1133 4300 1147 4327 ,
1206 4260 1551 4334 πατριάρχου
1619 4263 1912 4337 γεγονότος

242 4343 915 4412 Κωνσταντινουπόλεως,
974 4342 1059 4399 ἐπὶ
1116 4352 1218 4414 τῆς
1286 4344 1566 4420 βασιλείας
1625 4351 1910 4406 Κωνσταν-

238 4434 381 4489 tio».
416 4432 577 4489 Ἐπεὶ
604 4430 695 4485 οὖν
729 4430 833 4486 ὁὲν
890 4432 1071 4506 ἁγίοις
1128 4423 1345 4490 Παῦλος
1403 4438 1530 4513 παρ’
1589 4438 1752 4494 αὐτοῦ
1806 4447 1908 4496 τοῦ

246 4524 543 4597 βασιλέως,
578 4518 671 4576 διὰ
696 4521 759 4575 τὸ
813 4522 888 4595 μή
942 4519 1333 4599 καταδέχεσθαι
1388 4527 1487 4595 τήν
1544 4532 1652 4582 τῶν
1685 4529 1900 4603 Ἀρεια-

242 4618 348 4666 νῶν
399 4613 638 4684 αἳρεσιν,
670 4609 1043 4680 ἢκοινωνίαν,
1103 4610 1249 4668 ἀλλά
1302 4613 1529 4677 τούτους
1588 4617 1902 4691 ἀποκηρύτ-
1933 4595 1983 4659 D

239 4722 371 4768 τειν,
448 4698 747 4771 ὑπερόριος
804 4698 857 4752 ὲν
926 4701 1186 4774 Ἀρμενίᾳ
1235 4703 1475 4779 γέγονεν,
1539 4702 1670 4770 ἔνθα
1723 4709 1903 4764 καὶτὸ

247 4788 517 4863 μακάριον
549 4784 768 4859 ἐδέξατο
824 4785 1008 4855 τελος,
1041 4790 1357 4866 ἀποπνιγεὶς
1415 4792 1523 4847 ἀπὸ
1545 4798 1653 4848 τῶν
1684 4796 1905 4870 Ἀρεια-

246 4879 348 4931 νῶν
381 4876 477 4932 διὰ
504 4877 610 4943 τὴν
644 4873 939 4949 ὁρθόδοξον
971 4876 1292 4952 ὁμολογίαν*
1337 4881 1425 4935 καὶ
1460 4882 1609 4937 οὗτοι
1638 4884 1706 4938 τά
1733 4882 1902 4957 ὅμοια

242 4973 573 5042 σρονοῦντες
599 4970 682 5037 τῷ
711 4963 1044 5039 διδασκαλῳ,
1078 4968 1207 5031 τοὺς
1261 4970 1574 5045 Ἀρειανοὺς
1629 4971 1897 5052 ἤλεγχον,

243 5059 327 5112 καὶ
398 5056 783 5132 ἐκρατήθησαν
865 5056 1016 5131 παρὰ
1091 5055 1377 5114 Φιλίππου
1458 5066 1555 5116 τοῦ
1630 5061 1898 5139 ἐπάρχου,

244 5147 531 5220 ’λρειανοῦ
594 5143 770 5213 ὄντος,
802 5142 894 5198 ναὶ
924 5142 1113 5201 πολλὰ
1165 5149 1589 5222 τιμωρηθὲντες,
1645 5151 1899 5208 ἀπεκλεί-

245 5239 436 5305 σθησαν
500 5232 578 5295 εἷς
636 5233 922 5300 σκοτεινὴν
987 5234 1279 5310 φυλακὴν,
1341 5236 1492 5311 λιμῷ
1544 5240 1635 5294 καὶ
1720 5242 1897 5298 σκότει

235 5324 685 5400 βασανιζόμενον
747 5316 1105 5391 ἐκϐληθέντες
1163 5321 1219 5379 δὲ
1272 5333 1374 5395 τῆς
1429 5329 1700 5405 φυλακῆς,
1730 5331 1899 5405 ἠναγ.

240 5416 462 5484 κάζοντο
522 5410 807 5475 συνελθεῖν
869 5409 949 5471 είς
1005 5413 1104 5480 τὴν
1161 5417 1268 5469 τῶν
1322 5417 1616 5491 Ἀρειανῶν
1669 5419 1893 5495 αἳρεσιν·

245 5505 321 5556 καὶ
380 5505 457 5575 μὴ
509 5501 827 5565 πεισθέντες
859 5541 876 5566 ,
963 5498 1257 5574 ἀπάγονται
1340 5503 1395 5558 ἐν
1447 5511 1528 5579 τῷ
1598 5506 1749 5581 ἄκρῳ
1798 5515 1895 5565 τοῦ

246 5593 448 5668 τεὲχους
475 5635 488 5659 ,
550 5590 644 5645 καὶ
704 5589 1007 5665 σφάζονται
1074 5590 1206 5660 μετᾶ
1263 5599 1572 5668 μαχαιρῶν·
1622 5593 1751 5662 ἔνθα
1804 5599 1893 5655 καὶ

247 5686 303 5741 τὰ
318 5686 545 5762 λείψανα
573 5685 760 5740 αὐτῶν
792 5678 1182 5751 κατιτέθησαν.

2022 3309 2324 3379 gessisset,
2359 3309 2681 3380 multisque
2709 3308 2980 3365 doctrina
3010 3327 3117 3366 sua
3136 3310 3475 3382 profuisset,
3499 3328 3673 3367 exac-

2022 3395 2100 3451 tis
2130 3396 2193 3451 in
2224 3397 2571 3468 episcopatu
2601 3399 2777 3454 annis
2835 3398 3151 3455 duodecim
3192 3416 3258 3456 ac
3288 3400 3477 3456 tribus
3506 3418 3673 3457 mcu-

2016 3484 2210 3553 sibus,
2233 3484 2297 3540 in
2328 3502 2472 3557 pace
2499 3487 2747 3558 quievit.

2574 3751 2816 3807 EODEM
2865 3755 3117 3810 MENSE.

2522 3841 2625 3896 Die
2656 3842 2936 3898 vicesima
2966 3843 3174 3914 quinta

2023 3929 2171 3983 141
2213 3930 2500 3984 Certamen
2529 3936 2845 3986 sanctorum
2900 3938 3209 4002 martyrum
3245 3940 3296 3989 et
3324 3937 3674 3994 notariorum

2519 4021 2791 4075 Marciani
2807 4026 2862 4075 et
2892 4024 3171 4091 Martyrii.

2092 4195 2160 4250 Hi
2193 4194 2492 4267 discipuli,
2516 4202 2576 4251 et
2599 4197 2815 4253 notarii
2844 4198 3010 4254 fuere
3042 4203 3229 4257 sancti
3251 4203 3420 4258 Pauli
3442 4204 3666 4261 confes-

2021 4283 2174 4338 soris
2200 4287 2258 4337 et
2286 4284 2636 4354 patriarchas
2685 4287 3350 4361 Constantinopolitani,
3387 4293 3664 4364 tempori-

2018 4371 2130 4427 bus
2159 4374 2487 4427 Constantii
2518 4374 2915 4445 imperatoris.
2949 4379 3268 4449 Postquam
3300 4386 3498 4435 antem
3530 4397 3665 4438 san-

2018 4467 2147 4516 ctus
2178 4461 2396 4517 Paulus
2428 4462 2500 4517 ab
2543 4462 2751 4519 eodem
2793 4465 3172 4537 imperatore,
3208 4469 3367 4539 quod
3392 4469 3466 4523 ab
3498 4471 3665 4525 Aria-

2016 4566 2228 4604 norum
2259 4550 2469 4605 haeresi
2498 4550 2845 4620 abhorrens,
2878 4554 3105 4608 nullam
3137 4571 3272 4609 cum
3305 4555 3376 4609 iis
3397 4570 3662 4612 commu-

2013 4637 2259 4692 nionem
2278 4639 2529 4710 jungere
2571 4639 2872 4706 voluisset,
2907 4642 2967 4694 in
3000 4643 3343 4698 Armeniam
3370 4644 3662 4717 relegatus

2010 4724 2143 4791 fuit,
2178 4726 2376 4796 ibique
2408 4726 2648 4781 beatum
2680 4728 2809 4781 vita;
2833 4728 3013 4783 ﬁnem
3044 4732 3290 4802 accepit,
3324 4732 3397 4787 ab
3428 4734 3665 4789 Arianis

2010 4814 2084 4868 ob
2117 4816 2507 4870 orthodoxam
2564 4817 3003 4873 confessionem
3036 4823 3436 4893 strangulatus
3463 4841 3477 4889 ;
3512 4827 3662 4881 Mar-

2011 4901 2217 4955 cianus
2249 4907 2306 4955 et
2347 4902 2659 4973 Martyrius
2691 4903 2949 4975 vestigiis
2981 4909 3245 4979 magistri
3277 4910 3659 4979 inhaerentes,

2011 4990 2170 5060 quod
2209 4990 2460 5045 Arianos
2516 4990 2915 5063 objurgarent,
2977 5012 3010 5050 a
3062 4997 3334 5070 Philippo
3382 5001 3659 5071 praefecto

2009 5078 2226 5133 Ariano
2283 5080 2718 5150 comprehensi,
2751 5081 2973 5153 diuque
3023 5086 3182 5154 torti,
3233 5088 3294 5142 in
3326 5089 3657 5147 tenebrico-

2009 5183 2145 5222 cum
2203 5184 2503 5224 carcerem
2553 5169 2963 5240 includuntur,
2998 5179 3065 5229 ut
3111 5175 3267 5232 fame
3301 5194 3367 5233 ac
3398 5181 3661 5237 tenebris

2009 5257 2465 5312 conficerentur.
2489 5258 2632 5313 Inde
2655 5258 2898 5316 eductos
2921 5264 3358 5334 compellebant
3382 5269 3660 5326 Arianam

2006 5345 2325 5402 hmresium
2383 5348 2662 5419 amplecti
2699 5367 2711 5404 :
2746 5349 2806 5403 in
2854 5354 3155 5423 proposito
3200 5360 3398 5411 autem
3428 5361 3657 5429 persis-

2007 5439 2219 5501 tentes,
2254 5436 2327 5491 ad
2358 5437 2512 5491 muri
2540 5438 2943 5493 summitatem
2982 5442 3287 5511 adductos,
3322 5444 3656 5520 gladiisju-

2004 5524 2283 5595 gularunt
2316 5542 2328 5580 :
2363 5525 2463 5581 ubi
2494 5530 2553 5581 et
2583 5543 2788 5581 eorum
2818 5528 3087 5601 reliquias
3117 5531 3399 5605 depositas
3419 5541 3577 5593 sunt.
