4140 6302
434 372 551 431 127

1080 504 1301 558 Eodem
1349 503 1443 558 die

443 595 601 650 142
639 595 924 649 Certamen
981 596 1161 648 sancti
1206 595 1466 662 martyris
1508 593 1641 647 Vari
1670 597 1721 646 et
1777 595 2090 645 sanctorum

986 698 1190 760 septem
1231 693 1524 745 sociorum.

508 784 754 837 Sanctus
786 787 1010 851 martyr
1039 783 1246 846 Varus,
1293 779 1644 834 Maximiano
1705 777 2084 847 imperatore,

435 871 712 943 stipenda
741 872 803 924 in
833 873 1072 940 .‘Egypto
1114 885 1370 934 merens,
1413 883 1630 939 genere
1661 872 1719 920 et
1747 866 1963 936 pietate
1994 865 2089 917 in-

433 961 639 1032 signis,
675 976 809 1013 cum
841 959 1030 1013 sancti
1063 958 1303 1028 quidam
1325 958 1429 1010 viri
1454 974 1524 1010 ex
1555 956 1847 1010 montium
1879 969 2086 1024 specu-

436 1051 568 1117 bus,
603 1049 664 1103 in
696 1048 912 1118 quibus
945 1047 1045 1102 diu
1092 1048 1408 1112 latuerant,
1464 1045 1732 1110 extracti,
1765 1044 1827 1099 in
1851 1041 2089 1096 vincula

434 1139 507 1194 ob
539 1137 752 1193 Christi
787 1136 964 1191 ﬁdem
996 1141 1198 1191 essent
1227 1135 1502 1204 conjecti,
1536 1149 1834 1188 carcerem
1867 1133 2087 1202 ingres-

434 1246 556 1295 sus,
591 1229 817 1283 solutos
848 1228 1072 1282 catenis
1091 1232 1329 1281 sanctos
1350 1225 1538 1280 multa
1559 1224 1922 1296 benignitate
1955 1239 2087 1293 pro-

436 1323 674 1375 secutus
707 1323 834 1372 est:
867 1318 960 1370 cui
993 1317 1080 1369 illi
1117 1322 1388 1370 auctores
1432 1316 1692 1381 fuerunt,
1725 1319 1790 1368 ut
1819 1313 2083 1367 absterso

431 1408 614 1462 animi
654 1412 839 1472 metu,
874 1411 1074 1476 aperte
1118 1411 1176 1458 et
1232 1405 1428 1475 palam
1485 1404 1783 1458 Christum
1841 1402 2080 1456 coleret.

430 1497 578 1552 Cum
611 1494 789 1566 igitur
821 1510 977 1548 unus
1009 1493 1251 1548 illorum
1283 1498 1511 1563 septem
1543 1493 1605 1546 in
1638 1507 1874 1546 carcere
1899 1491 2081 1545 obiis-

433 1589 541 1650 set,
573 1584 632 1638 in
669 1582 930 1637 defuncti
985 1583 1184 1637 locum
1217 1587 1455 1636 sanctus
1489 1582 1672 1636 Varus
1704 1596 1832 1635 sese
1865 1579 2084 1634 substi-

429 1673 564 1727 tuit.
616 1671 780 1736 Quod
825 1670 925 1725 ubi
982 1671 1218 1725 rescivit
1279 1669 1612 1740 praefectus,
1670 1667 1986 1724 adductum
2022 1668 2084 1722 in

431 1766 816 1832 conspectum
841 1776 1015 1814 suum
1042 1761 1258 1813 Varum
1291 1775 1410 1813 una
1436 1775 1572 1813 cum
1598 1757 1865 1828 reliquis,
1899 1762 1957 1811 et
1976 1773 2082 1827 pa-

1754 363 2184 430 MENOLUGII
2227 366 2437 426 PARS
2485 364 2536 424 Ι.

2113 497 2170 564 Α

3729 373 3847 431 128

2791 500 2869 570 Τῇ
2900 496 3034 571 αὐτῇ
3066 497 3249 572 ἡμέρα

2193 583 2460 653 ,Αθλησις
2516 588 2614 639 τοῦ
2669 583 2828 660 ἁγίου
2890 584 3162 662 μάρτυρος
3219 586 3434 662 Οὐάρου
3487 589 3718 645 καὶτῶν
3755 592 3854 649 σὺν

2724 673 2870 746 αὐτῷ
2922 675 3055 728 ἒπτά
3110 675 3299 749 ἁγίων.

2263 781 2323 836 Ὁ
2355 781 2507 856 ἅγιος
2539 781 2742 852 μάρτυς
2789 779 2999 856 Οὐαρος
3060 783 3304 856 ὑπῆρχεν
3363 782 3452 838 ἐπὶ
3501 786 3852 858 Μαξιμιανοῠ

2189 872 2287 922 τοῦ
2347 867 2637 942 βασιλέως,
2689 871 3116 943 στρατευόμενος
3178 871 3228 924 iv
3290 871 3596 946 Αἰγύπτου,
3653 877 3850 950 γὲνους

2191 953 2265 1010 ὥν
2316 957 2589 1030 ἐπισήμου
2638 957 2728 1012 καὶ
2784 953 3058 1021 εὐσεϐοῦς.
3119 962 3510 1035 Κρατηθὲντων
3563 961 3621 1018 δὲ
3669 971 3839 1021 τινῶν

2192 1045 2353 1101 ὁσίων
2388 1045 2618 1122 ἀνδρῶν,
2675 1051 2783 1102 τῶν
2842 1047 3108 1122 πρότερον
3162 1050 3255 1121 μὶν
3290 1049 3340 1104 ἐν
3373 1047 3522 1125 ὄρεσι
3577 1053 3666 1107 καὶ
3697 1076 3848 1124 σπη-

2192 1135 2370 1197 λαίοις
2421 1135 2509 1191 ἐπὶ
2567 1137 2796 1211 χρόνοις
2855 1135 3092 1200 πολλοῖς,
3143 1135 3565 1212 διατριψάντων,
3616 1142 3730 1196 εἶτα
3769 1147 3841 1218 τῇ

2190 1225 2406 1303 φυλακῇ
2439 1224 2851 1300 παραδοθέντων
2885 1225 2974 1281 διὰ
3016 1228 3105 1283 τὸν
3165 1229 3426 1305 Χριστόν·
3488 1231 3783 1307 εἷ’σήρχετο
3815 1235 3845 1289 ὁ

2190 1318 2340 1391 ἅγιος
2372 1313 2608 1389 Οὔαρος,
2643 1314 2792 1371 λύων
2849 1317 3048 1378 αὐτοὺς
3107 1321 3212 1372 τῶν
3265 1318 3533 1389 ἁλύσεων,
3591 1322 3680 1376 καὶ
3711 1323 3848 1377 τού-

2185 1425 2294 1460 των
2323 1404 2779 1477 ιπιμελούμενος·
2813 1406 3008 1467 οἳτινες
3057 1408 3148 1460 καὶ
3205 1402 3391 1483 ἔλεγον
3421 1410 3572 1480 αύτῷ
3630 1409 3847 1486 παρρη-

2189 1493 2489 1564 σιάσασθαι,
2546 1493 2637 1548 καὶ
2692 1495 2766 1566 μή
2825 1495 3215 1567 κεκρυμμένως
3273 1491 3519 1551 σέϐεσθαι
3573 1499 3663 1553 τὸν
3717 1501 3851 1574 Χρι-

2188 1583 2335 1640 στόν.
2371 1583 2523 1639 Ἐπεέ
2557 1583 2646 1637 οὗν
2681 1583 2752 1644 εἷς
2783 1587 2890 1637 τῶν
2953 1583 3087 1638 ἑπτὰ
3134 1583 3186 1638 ἐν
3243 1585 3389 1657 αὑτῷ
3443 1591 3522 1659 τῷ
3550 1586 3846 1660 δεσμωτη-

2187 1671 2293 1744 ρίῳ
2317 1671 2596 1744 ἀπέθανεν,
2642 1670 2876 1742 ὲνὲταξεν
2925 1673 3110 1726 ἑαυτὸν
3168 1673 3276 1727 ἀντ’
3329 1673 3536 1730 ἐκείνου
3593 1678 3622 1731 ὁ
3683 1679 3846 1750 ἅγιος

2187 1760 2416 1834 Οὔαρος.
2450 1761 2548 1815 Καὶ
2606 1758 3027 1836 διαγνωσθέντπ
3056 1763 3252 1817 τούτου
3279 1767 3358 1835 τῷ
3386 1764 3636 1840 ἡγεμόνῆ
3677 1763 3838 1840 ἤχθη

434 1850 557 1906 lam
586 1849 884 1904 Christum
943 1847 1301 1912 confessum,
1359 1847 1534 1918 virgis
1591 1845 1736 1901 caedi
1787 1844 1988 1915 jussit,
2023 1851 2082 1899 et

2201 1849 2415 1903 ἐνώπιον
2466 1850 2631 1904 αὐτοῦ
2679 1850 2814 1922 μετὰ
2865 1853 2973 1903 τῶν
3035 1847 3274 1908 λοιπῶν.
3333 1853 3430 1906 Καὶ
3470 1858 3714 1929 φανερῶς
3742 1855 3841 1909 τὸν

435 1953 792 2008 suspensum
824 1935 885 1990 in
916 1935 1203 1990 lateribus
1233 1934 1530 1990 dilaniari.
1584 1933 1867 1987 Similiter
1895 1937 1953 1987 et
1983 1949 2078 1986 sex

430 2025 648 2096 reliqui
681 2024 870 2079 sancti
901 2024 962 2078 in
1018 2024 1272 2078 sublime
1305 2023 1546 2093 arrepti,
1579 2021 1787 2077 ferreis
1843 2021 2082 2093 ungulis

429 2118 641 2189 depexi
665 2121 822 2183 sunt,
855 2116 1150 2188 virgisque
1173 2131 1278 2186 per
1301 2115 1565 2184 quinque
1597 2113 1772 2168 horas
1793 2113 2080 2185 percussi,

433 2206 624 2261 donec
656 2206 930 2277 spiritum
959 2205 1208 2259 Domino
1231 2203 1549 2259 tradidere.

984 2470 1226 2524 EODEM
1284 2468 1534 2523 MENSE.

953 2559 1058 2615 Die
1084 2559 1364 2615 vicesima
1406 2561 1571 2612 sexta

505 2653 660 2708 148
691 2650 980 2704 Certamen
1007 2651 1186 2704 sancti
1215 2649 1409 2717 magni
1436 2647 1698 2715 martyris
1727 2646 2010 2701 Demetrii.

511 2768 987 2826 Gloriosissimus
1017 2766 1231 2821 Christi
1264 2769 1491 2836 martyr
1520 2763 1870 2829 Demetrius,
1905 2761 2086 2816 Maxi-

437 2859 638 2915 miano
671 2859 1048 2929 imperatore,
1079 2872 1150 2911 ex
1194 2855 1339 2910 urbe
1392 2852 1810 2909 Thessalonica
1836 2851 1968 2915 fuit,
2000 2850 2088 2905 vir

436 2949 592 3021 pius,
625 2949 697 3003 'et
753 2947 1104 3002 Christianae
1153 2945 1292 3000 ﬁdei
1349 2943 1652 3016 magister.
1712 2942 1856 2996 Cum
1887 2946 2087 2996 autem

438 3037 829 3092 Maximianus
885 3034 1364 3090 Thessalonicam
1422 3031 1704 3098 venisset,
1745 3035 2085 3086 accusatum

437 3127 786 3183 Christianas
810 3124 1116 3196 religionis
1141 3128 1412 3178 sanctum
1429 3121 1792 3176 Demetrium
1815 3135 2087 3190 compre-

437 3215 616 3270 hendi
640 3214 959 3279 mandavit,
986 3218 1327 3282 tortumque
1346 3211 1407 3265 in
1431 3211 1492 3265 in
1513 3226 1814 3265 carcerem
1835 3208 2084 3265 includi.

437 3303 703 3359 Habebat
729 3319 864 3356 vero
894 3301 1054 3356 idem
1095 3301 1482 3355 Maximianus
1514 3298 1833 3371 quemdam
1860 3297 2090 3370 gladia-

438 3398 649 3461 torem,
685 3393 920 3464 Lyaeum
952 3391 1220 3458 nomine,
1274 3390 1345 3446 de
1399 3405 1516 3460 quo
1575 3388 1959 3461 gloriabatur,
1994 3387 2094 3441 in-

441 3483 675 3554 quiens,
704 3481 1006 3536 neminem
1038 3481 1183 3546 fore,
1213 3480 1311 3550 qui
1347 3479 1630 3551 singulari
1669 3494 1805 3533 cum
1837 3476 1939 3532 illo
1971 3491 2098 3531 cer-

436 3571 659 3627 tamine
692 3587 1062 3643 congressus,
1096 3569 1279 3624 victor
1308 3568 1658 3624 discederet.
1686 3567 1750 3621 Id
1781 3565 1883 3620 ubi
1914 3565 2094 3621 resci-

441 3663 525 3717 vit
581 3665 791 3717 Nestor
821 3661 1063 3732 quidam
1121 3659 1628 3726 adolescentutus,
1690 3673 1988 3712 carcerem
2020 3655 2094 3711 ad

439 3758 710 3808 sanctum
742 3750 1108 3806 Demetrium
1137 3749 1462 3820 ingressus,
1495 3746 1765 3820 ejusdem
1800 3745 2094 3818 prmcibus

437 3858 499 3897 se
533 3839 978 3906 commendans,
1010 3855 1145 3893 cum
1175 3839 1343 3908 Lyaao
1377 3853 1750 3910 congressus,
1789 3837 2094 3890 hominem

436 3931 576 3984 vicit
607 3934 666 3983 et
697 3927 930 3982 occidit.
959 3927 1115 3980 Tulit
1143 3927 1567 3981 molestissime
1606 3925 1949 3997 gladiatoris
1981 3941 2092 3979 cae-

439 4020 576 4074 dem
625 4017 1031 4082 Maximianus,
1092 4015 1262 4087 cujus
1323 4021 1625 4070 auctorem
1670 4016 1851 4070 fuisse
1884 4016 2094 4069 Deme-

437 4108 620 4163 trium
645 4123 780 4160 cum
805 4104 1192 4176 cognovisset,
1226 4103 1390 4157 misit
1420 4104 1617 4158 statim
1637 4105 1738 4173 qui
1764 4105 1825 4157 in
1857 4119 2094 4158 carcere

437 4214 574 4252 eum
609 4194 1034 4248 interficerent.
1063 4191 1360 4245 Abeuntes
1392 4191 1570 4263 igitur
1593 4191 1816 4245 milites
1867 4191 2092 4245 lanceis

437 4301 576 4341 eum
607 4283 668 4337 in
700 4295 934 4336 carcere
964 4279 1550 4334 transverberarunt:
1602 4279 1701 4334 ubi
1725 4280 1956 4351 jacens,
1991 4295 2096 4333 cu-

433 4375 700 4430 rationes
732 4369 945 4426 fundit.

1091 4484 1312 4540 Eodem
1347 4483 1440 4539 die

2188 1937 2417 2012 Χριστὸν
2455 1937 2832 2012 ὁμολογήσας,
2889 1938 3144 1993 τύπτεται
3205 1935 3446 2014 ῥάϐδοις·
3505 1942 3846 2017 καὶκρεμα-

2191 2024 2334 2087 σθεὶς
2364 2025 2533 2095 ξὲεται
2589 2025 2684 2086 τὰς
2735 2024 2995 2100 πλευράς.
3054 2025 3276 2098 Ομοίως
3333 2029 3421 2082 καὶ
3478 2029 3535 2082 οἱ
3565 2029 3760 2084 λοιποὶ
3791 2026 3846 2100 ἔξ

2191 2112 2333 2186 ἅγιοι
2393 2112 2484 2166 σὺν
2571 2113 2718 2185 αύτῷ
2800 2116 3190 2190 κρεμασθέντες
3273 2114 3482 2184 ἐξέοντο
3545 2118 3678 2189 μετὰ
3731 2123 3845 2172 τῶν

2190 2199 2434 2275 σιδηρῶν
2491 2203 2726 2277 ὀνυχων.
2788 2203 2887 2256 Καὶ
2938 2203 3081 2257 οὕτω
3139 2204 3405 2276 ξεόμενοι,
3463 2208 3552 2260 καὶ
3616 2202 3848 2282 ῥάϐδοις

2189 2292 2540 2365 τυπτόμενοι,
2571 2292 2658 2347 ἐπὶ
2703 2290 2860 2346 πέντε
2891 2291 3077 2366 ὠραις,
3111 2291 3426 2368 παρέδωκαν
3453 2295 3520 2350 τὰ
3557 2295 3848 2369 πνεύματα

2191 2382 2368 2436 αὐτῶν
2395 2385 2475 2452 τῷ
2506 2379 2717 2453 Κυρίῳ,

2727 2470 2910 2528 ΜΠΝΙ
2965 2475 3048 2524 Tu
3103 2472 3303 2528 ΑΥΤΩ.

2952 2540 3063 2646 Kr.
3080 2551 3130 2620 ς

2263 2650 2527 2716 “Ae/mam
2567 2651 2664 2701 τοῦ
2703 2645 2858 2723 ἀγίου
2901 2645 3392 2724 μεγαλομάρτυροζ
3425 2650 3766 2724 Δημητρίου·

2262 2765 2324 2821 Ὀ
2381 2761 2700 2834 πανὲνδοξος
2770 2768 2867 2818 τοῦ
2949 2769 3186 2837 Χριστοῦ
3246 2764 3450 2840 μάρτυς
3517 2771 3845 2842 Δημήτριος

2193 2852 2442 2927 ὐπῆρχεν
2474 2852 2560 2906 ἐπὶ
2591 2855 2688 2921 τῆς
2748 2850 3025 2928 βασιλείας
3078 2854 3444 2927 Μαξιμιανοῦ,
3475 2875 3536 2910 εκ
3586 2864 3685 2925 τῆς
3719 2863 3855 2911 Θεσ·

2194 2941 2490 3010 σαλονίκης
2516 2939 2758 3003 πόλεως’
2813 2937 3042 3010 εὐσεϐὴς
3102 2939 3200 3010 ὢν,
3253 2943 3344 2997 καὶ
3373 2949 3474 3013 τῆς
3507 2943 3582 3006 είς
3615 2946 3854 3019 Χριστὸν

2194 3027 2523 3092 διδάσκαλος
2573 3028 2826 3093 πίστεως.
2888 3030 3168 3087 ’Ᾱπελθὼν
3229 3029 3287 3086 δὲ
3345 3033 3374 3086 ὁ
3420 3034 3758 3106 Μαξιμιανὸς
3793 3034 3854 3092 ἐν

2191 3121 2260 3192 τῇ
2293 3118 2678 3192 Θεσσαλονικῃ,
2710 3117 2798 3174 καὶ
2861 3121 3046 3192 μαθὼν
3103 3120 3228 3191 περὶ
3274 3125 3376 3176 τοῦ
3433 3123 3593 3198 ἁγίου
3652 3131 3859 3198 Δημη-

2119 3233 2162 3300 c
2199 3209 2399 3300 τρίου,
2439 3211 2522 3264 ὅτι
2580 3210 2902 3300 Χριστιανός
2960 3210 3126 3282 ἐστιν,
3185 3211 3473 3287 ἐκράτησεν
3534 3215 3852 3286 αύτὸν,καὶ

2203 3299 2502 3362 Βασανίσας
2553 3298 2890 3357 ἀπέκλεισεν.
2931 3302 3068 3376 Εἶχε
3125 3297 3182 3356 δὲ
3237 3301 3360 3357 τότε
3415 3304 3442 3358 ὁ
3503 3305 3855 3377 Μαξιμιανὸς

2203 3387 2522 3464 μονομάχον
2579 3389 2697 3444 τινᾶ
2748 3387 2976 3461 ὅνόματι
3036 3389 3258 3445 Λύαιον·
3318 3390 3407 3447 καὶ
3459 3390 3730 3470 ἐκαυχᾶτο
3762 3393 3853 3450 ἐπ’

2201 3477 2378 3550 αὐτῷ,
2445 3476 2637 3554 λέγων,
2692 3477 2776 3532 ὅτι
2836 3477 2897 3532 ού
2957 3479 3036 3551 μὴ
3097 3479 3292 3554 εὗρεθῇ
3335 3501 3420 3544 τις
3477 3489 3696 3554 νικῆσαι
3753 3481 3856 3538 τὸν

2202 3569 2400 3624 Λύαιον
2432 3613 2445 3627 .
2508 3569 2606 3624 Καὶ
2677 3571 2862 3642 μαθὼν
2914 3573 3075 3624 τοῦτο
3132 3569 3411 3634 νεανίσκος
3464 3569 3558 3647 cf?
3619 3573 3856 3646 ὀνόματι

2199 3656 2448 3733 Νέστωρ,
2481 3656 2777 3728 ἐζήλωσεν.
2810 3658 2908 3712 Καὶ
2940 3655 3193 3712 ἀπελθὼν
3251 3659 3305 3714 ἐν
3335 3663 3403 3733 τῇ
3435 3660 3653 3738 φυλακῇ
3710 3661 3859 3738 πρὸς

2199 3748 2292 3804 τὸν
2324 3748 2474 3824 ’ἅγιον
2507 3750 2844 3823 Δημήτριον,
2899 3743 3063 3803 ἔλαϐε
3117 3750 3245 3823 παρ’
3302 3749 3464 3805 αὐτοῦ
3516 3752 3711 3828 εὐχήν.
3749 3755 3857 3808 Καὶ

2199 3839 2426 3907 νικήσας
2447 3837 2543 3912 τὸν
2577 3835 2796 3906 Λύαιον,
2847 3835 3129 3912 ἐφόνευσεν
3187 3837 3372 3895 αὐτόν.
3425 3837 3709 3911 Ἐλυπήθη
3736 3838 3794 3895 δὶ
3832 3843 3866 3896 ὁ

2203 3901 2543 4016 Μαξιμιαῖὸς
2599 3923 2688 3980 διὰ
2742 3925 2832 3980 τὸν
2887 3901 3116 3980 θάνατον
3173 3930 3270 3982 τοῦ
3334 3901 3709 4005 μονομάχου·-
3745 3930 3870 3985 εἶτα

2205 4017 2387 4090 μαθὼν
2439 4014 2562 4068 ’δτι
2615 4014 2786 4077 αἴτιος
2869 4019 2966 4069 τοῦ
3025 4015 3253 4080 θανάτου
3311 4018 3478 4072 αὐτοῦ
3532 4021 3865 4093 Δημήτριος

2202 4101 2433 4178 ἐγένετο,
2469 4099 2798 4163 ἀποστείλας
2828 4101 2880 4155 ἐν
2929 4106 2996 4174 τῇ
3051 4102 3295 4180 φυλακῇ,
3349 4105 3626 4182 ἐφόνευσεν
3658 4106 3854 4163 αὐτόν·

2200 4195 2309 4245 τῶν
2357 4191 2700 4268 στρατιώτων
2773 4189 3120 4255 ἀπελθόντων
3201 4192 3252 4248 ἐν
3312 4198 3380 4260 τῆ
3441 4195 3659 4274 φυλακῇ
3716 4199 3863 4270 μετά

2200 4285 2312 4336 τῶν
2348 4281 2672 4355 κονταρίων,
2731 4281 2818 4335 καὶ
2875 4284 3382 4354 κατακεντησάντων
3443 4285 3623 4341 αὐτόν.
3685 4289 3862 4343 Ἔνθα

2204 4370 2457 4443 κείμενος
2491 4369 2643 4446 βρύει
2674 4369 2898 4443 ΐάματα.

2793 4487 2875 4559 Τῇ
2906 4485 3041 4559 αὑτῇ
3073 4485 3257 4563 ἡμέρᾳ

435 4584 588 4638 144
621 4583 908 4637 Certamen
947 4583 1262 4632 sanctorum
1321 4581 1631 4644 martyrum
1689 4576 1886 4644 Marci,
1936 4575 2090 4629 Sote-

2207 4573 2477 4646 Ἀθλησις
2505 4579 2611 4630 τῶν
2645 4573 2816 4648 ἁγίων
2872 4574 3182 4650 μαρτύρων,
3239 4577 3487 4656 Μάρκου,
3522 4579 3862 4657 Σωηρίχου

940 4667 1084 4722 richi
1139 4672 1191 4720 et
1257 4665 1565 4721 Valentinaz
1582 4704 1595 4716 .

505 4785 572 4840 Hi
612 4785 800 4840 sancti
834 4788 1126 4852 martyres
1155 4797 1292 4836 cum
1322 4781 1582 4851 primum
1627 4779 1806 4835 vitam
1837 4795 2006 4834 suam
2036 4779 2098 4833 in

438 4875 602 4930 omni
619 4875 839 4945 pietate
871 4871 1320 4942 transegissent,
1355 4869 1653 4924 Christum
1685 4869 1962 4924 omnibus
1992 4884 2096 4922 an-

438 4963 806 5028 nuntiantes,
823 4959 1043 5014 multos
1060 4957 1397 5012 inﬁdelium
1420 4958 1494 5012 ad
1515 4957 1836 5012 Dominum
1859 4972 2100 5012 conver-

444 5069 541 5107 sos
570 5049 948 5120 baptizabant
969 5047 1031 5099 in
1055 5047 1298 5100 nomine
1331 5047 1540 5115 Patris,
1571 5054 1628 5100 et
1649 5046 1802 5110 Filii,
1831 5050 1890 5099 et
1918 5044 2099 5114 Spiri-

445 5147 541 5195 tus
573 5139 780 5194 sancti.
816 5139 1006 5202 Quare
1047 5135 1462 5205 comprehensi
1512 5135 1584 5190 ab
1619 5135 1819 5206 impiis
1859 5133 2097 5201 Graecis,

441 5229 765 5298 multisque
801 5224 1111 5280 tormentis
1167 5223 1506 5290 excruciati,
1567 5225 1767 5295 longis
1826 5223 2004 5278 clavis
2037 5222 2099 5275 in

443 5331 687 5388 corpore
711 5312 989 5378 confossi,
1023 5311 1306 5381 humique
1336 5313 1522 5378 strati,
1555 5312 1669 5366 huc
1695 5316 1784 5366 est
1813 5311 1956 5365 illuc
1989 5310 2098 5364 mi-

424 5400 1007 5466 serabiliteraviris,
1063 5399 1434 5467 mulieribus,
1505 5406 1567 5455 et
1634 5400 1836 5469 pueris
1896 5397 2103 5452 tandiu

429 5492 664 5563 raptati,
689 5497 748 5545 et
775 5490 1092 5545 concultati
1125 5489 1311 5555 fuere,
1343 5490 1552 5560 quoad
1583 5495 1821 5544 sanctas
1853 5492 1912 5541 et
1953 5486 2100 5541 bea-

439 5590 529 5638 tas
558 5581 786 5636 animas
819 5580 936 5633 Deo
971 5578 1292 5633 tradidere.
1326 5579 1698 5632 Christianus
1729 5581 1931 5630 autem
1967 5575 2104 5645 qui-

434 5676 591 5745 dam,
610 5672 995 5729 Terentianus
1029 5670 1383 5741 nomine,vir
1401 5670 1556 5742 pius,
1577 5669 2104 5740 ﬂdelis,Deumque

2757 4665 2846 4719 καὶ
2889 4662 3280 4738 Οὐαλεντίνης.

2277 4781 2441 4838 Οὗτοι
2470 4781 2524 4836 οἱ
2553 4778 2694 4854 ἅγιοι
2747 4778 3015 4855 μάρτυρες
3065 4779 3119 4836 ὲν
3185 4782 3331 4854 πάσᾳ
3386 4779 3631 4857 εὐσεϐείᾳ
3661 4789 3867 4854 ζῶντες

2205 4869 2492 4942 πρότερον,
2526 4867 2616 4923 καὶ
2663 4868 2754 4922 τὸν
2817 4870 3052 4943 Χριστόν
3104 4875 3224 4932 τοῖς
3285 4878 3418 4927 πᾶσι
3471 4874 3863 4949 κηρύττοντες,

2205 4956 2296 5012 καὶ
2326 4956 2574 5018 πολλοὺς
2619 4961 2726 5011 τῶν
2769 4956 3010 5014 ἀπίστων
3067 4961 3205 5034 πρὸς
3246 4960 3442 5035 Κύριον
3502 4961 3866 5038 ἐπιστρὲφον-

2206 5067 2315 5116 τες,
2347 5047 2435 5100 καὶ
2474 5045 2824 5121 βαπτίζοντες
2882 5047 2960 5110 είς
3003 5048 3065 5102 τὸ
3114 5043 3288 5121 ὄνομα
3341 5054 3439 5105 τοῦ
3497 5053 3732 5126 Πατρὸς,
3763 5053 3858 5106 καὶ

2205 5137 2302 5189 τοῦ
2358 5135 2508 5204 Υἱοῦ,
2565 5135 2652 5188 καὶ
2701 5139 2800 5189 τοῦ
2857 5135 3016 5210 ἁγίου
3079 5137 3414 5210 Πνεύματος,
3469 5138 3846 5214 ἐκρατήθησαν

2205 5223 2353 5298 παρὰ
2388 5228 2495 5278 τῶν
2529 5219 2798 5279 δυσσεϐῶν
2841 5224 3148 5295 Ἐλλήνων,
3205 5227 3294 5280 καὶ
3351 5229 3539 5284 πολλὰ
3589 5249 3847 5304 τιμωρη-

2209 5312 2409 5380 θὲντες,
2468 5313 2630 5377 ἧλοις
2693 5316 2922 5385 μακροῖς
2972 5313 3039 5366 τὰ
3087 5314 3314 5385 σώματα
3365 5317 3859 5385 κατεκεντήθησαν.

2210 5400 2308 5455 Καὶ
2338 5397 2510 5462 οὕτως
2569 5399 2880 5472 ἑλκόμενοι,
2944 5401 3035 5454 καὶ
3093 5401 3404 5477 συρόμενοι,
3460 5405 3552 5459 καὶ
3607 5424 3860 5460 καταπα-

2207 5489 2459 5560 τούμενοι
2513 5487 2762 5557 ἀνηλεῶς
2818 5487 2905 5542 ἐπὶ
2963 5491 3060 5557 τὴν
3105 5497 3230 5564 γῆν,
3285 5492 3388 5546 ὑπὸ
3445 5490 3690 5567 ἀνδρῶν,
3762 5493 3858 5548 καὶ

2210 5582 2507 5653 γυναικῶν,
2538 5577 2628 5632 καὶ
2685 5574 2917 5645 παίδων,
2956 5580 3246 5652 παρέθεντο
3288 5585 3368 5653 τῷ
3415 5587 3531 5653 θεῷ
3563 5583 3658 5644 τὰς
3691 5583 3850 5655 ἁγίας

2210 5667 2297 5724 καὶ
2335 5667 2606 5742 μακαρίας
2641 5665 2815 5723 αὐτῶν
2874 5668 3077 5742 ψυχάς.
3129 5669 3451 5744 Χριστιανός
3509 5667 3567 5726 δι
3609 5690 3694 5734 τις
3715 5669 3858 5748 ἀνὴρ
