4140 6302
285 335 400 397 ’199
1826 343 1981 406 ΟΕΥΓΙ

2093 345 2217 408 ER.
3607 350 3741 412 ’130

289 458 528 534 εὐλαϐής,
559 463 661 518 καὶ
713 464 820 522 τὸν
885 469 1030 524 Θεὸν
1095 461 1456 546 φοϐούμενος,
1507 470 1598 526 καὶ
1651 471 1778 533 τοὺς
1836 473 1968 547 ὑπὲρ

2093 477 2324 549 timens,
2376 477 2479 551 qui
2531 478 2864 537 viventibus
2920 479 3282 552 martyribus
3344 479 3615 536 animum
3667 477 3742 535 ab

292 557 439 610 αὐτοῦ
497 559 974 629 μαρτυροῦντας,
1035 562 1242 627 ζῶντας
1301 561 1398 633 μὲν
1454 561 1801 632 θαρσοποιιίν
1841 562 1980 636 πρὸς

2093 569 2466 628 subeundum
2515 572 2870 644 martyrium
2942 571 3181 639 addere,
3241 570 3536 626 defunctis
3595 584 3734 624 vero

288 645 344 700 τὸ
371 643 698 717 μαρτύριον,
752 645 1178 712 τελειωθεντας
1233 645 1291 702 δὲ
1346 651 1570 723 άγαπῶν
1628 651 1720 705 καὶ
1775 655 1978 723 τιμῶν,

296 729 459 754 ’.γρινν
503 731 595 754 1i!
679 736 710 748 ~
787 735 841 754 ι.
909 735 925 754 ι
1093 738 1106 754 ι
1199 738 1210 754 ι
1348 736 1368 754 ς
1421 737 1459 754 οι
1666 742 1694 752 η-
1795 740 1808 754 ο
1862 738 1874 754 ι

2093 677 2353 716 amorem
2385 663 2792 734 honoremque
2818 663 3096 718 exhibere
3120 667 3505 718 consueverat
3535 677 3741 716 eorum

298 735 463 788 λαῧὼν
497 735 608 787 ἀπὸ
638 736 750 799 τῆς
787 735 1015 804 Ἀσίας,
1045 738 1116 792 τὰ
1158 738 1318 810 τίμια
1348 736 1576 811 λείψανα
1627 742 1734 792 τῶν
1783 738 1978 814 ἁγίων,

2093 751 2375 821 pretiosas
2429 751 2712 822 reliquias
2765 770 2836 807 ex
2874 754 3013 808 Asia
3065 753 3128 808 in
3169 753 3424 808 Thasum
3481 750 3742 805 insulam

303 821 659 897 μετακομίσας
735 822 823 885 εἷς
915 826 1093 880 Θάσον
1158 826 1259 894 τὴν
1313 828 1477 895 νῆσον
1513 869 1528 895 ,
1584 824 1836 882 κατέθετο
1895 826 1979 881 ἐν·

2093 839 2425 906 translatas,
2461 842 2785 897 honorifice
2825 842 3119 913 deposuit,
3149 841 3247 896 ubi
3281 840 3621 896 curationes
3662 837 3734 894 ad

305 911 490 984 τίμωετ
531 912 626 965 καὶ
668 911 925 987 βρύουσι
983 919 1153 990 μέχρι
1210 920 1310 983 τῆς
1357 916 1598 991 σήμερον
1631 915 1836 988 ῒάματα
1862 921 1980 971 τοῖς

2093 930 2241 985 hanc
2271 930 2430 985 diem
2461 931 2736 987 ﬁdelibus
2778 911 3062 987 fundunt.

307 1005 530 1061 πιστόῐςο
567 998 836 1057 ἐκαλεῖτο
871 999 932 1056 δὲ
955 1003 984 1057 ὁ
1021 1003 1387 1076 μετακομίσας
1440 1004 1576 1059 αὐτὰ
1621 1005 1815 1068 πιστὸς
1844 1006 1979 1080 ἀνὴρ

307 1091 682 1166 Τερεντιανός.

926 1213 1010 1284 Τῇ
1045 1209 1178 1285 αὖτῇ
1202 1211 1386 1288 ἡμέρᾳ

521 1300 810 1370 Ἀθλησις
838 1303 938 1354 τοῦ
969 1299 1126 1375 άγίου
1160 1301 1434 1376 μάρτυρος
1465 1300 1759 1376 Νέστορος.

384 1415 443 1471 Ὁ
476 1415 688 1490 μάρτυς
722 1417 967 1490 Νήστωρ
1033 1415 1279 1490 ὑπῆρχεν
1311 1414 1371 1470 ἐκ
1425 1422 1525 1485 τῆς
1575 1415 1793 1478 πόλεως
1854 1421 1982 1470 Θεσ-

320 1501 617 1572 σαλονίκης
647 1500 737 1556 ἐπὶ
779 1509 884 1571 τῆς
920 1499 1198 1577 βασιλείας
1250 1503 1616 1576 Μαξιμιανοῦ.
1659 1502 1985 1577 Χριστιανὸς

329 1587 386 1644 δὲ
445 1589 543 1662 ὢν,
596 1590 894 1664 ἀπήρχετο
949 1591 1086 1664 πρὸς
1141 1591 1231 1645 τὸν
1294 1592 1442 1667 ἅγιον
1489 1593 1829 1667 Δημήτριον,
1856 1590 1908 1646 έν
1940 1592 1985 1663 ᾧ

329 1679 601 1748 ἐκαθέζετο
682 1680 840 1752 τόπῳ
875 1725 889 1749 ,
978 1678 1068 1734 καὶ
1123 1669 1394 1774 ἐδίδασκερ
1427 1724 1443 1749 ,
1528 1680 1618 1734 καὶ
1693 1679 1982 1754 ἐμάνθανεν

328 1763 711 1844 ἀκριϐέστερον
772 1769 901 1844 παρ’
959 1768 1124 1823 αὐτοῦ
1180 1767 1270 1824 τὸν
1332 1763 1495 1845 λόγον
1547 1775 1647 1838 τῆς
1697 1768 1982 1839 ἀληθείας.

330 1858 759 1932 Παρατυχόντος
799 1855 859 1911 δὲ
886 1861 987 1911 τοῦ
1035 1857 1380 1930 Μαξιμιανοῦ
1411 1857 1465 1912 ἐν
1494 1861 1565 1931 τῇ
1596 1856 1982 1931 Θεσσαλονίκῃ,
2015 1846 2062 1912 Β

327 1946 414 2000 καὶ
512 1944 890 2021 ἱπποδρομίαν
965 1943 1368 2017 ἐπιτελοῦντος,
1445 1946 1536 2000 καί
1585 1967 1706 2002 τινα
1760 1944 1986 2021 ἔχοντος

330 2030 494 2106 ἄνδρα
552 2033 788 2105 ἐθνικὸν,
849 2032 1046 2087 Αύαιον
1103 2031 1356 2104 ὀνόματι,
1416 2033 1761 2107 μονομάχον,
1822 2035 1988 2108 ὑπερ-

336 2125 540 2197 μεγέθη
574 2124 667 2178 καὶ
696 2123 946 2198 ἰσχυρὸν,
973 2121 1062 2178 καὶ
1121 2121 1368 2184 πολλοὺς
1396 2127 1526 2198 ⁸τῶν
1585 2123 1986 2197 ἀνθισταμένων

330 2193 469 2281 αὐτᾷ
517 2193 844 2286 ἀναιροῦντα
903 2193 954 2265 ἐν
1014 2215 1091 2284 τῷ
1143 2193 1535 2287 θεάτρῳ·λδὼν
1594 2213 1622 2266 ὁ
1681 2193 1836 2287 ἅγιος
1890 2211 1991 2270 Νε-

333 2321 477 2376 στωρ
533 2301 785 2372 ἐπλήσθη
844 2303 1028 2355 θεῖκοῦ
1087 2300 1280 2372 ζήλου·
1331 2302 1422 2356 καὶ
1469 2300 1585 2356 ἐπεὶ
1635 2299 1835 2370 ἤκουσε
1891 2308 1988 2360 τοῦ

333 2392 680 2464 Μαξιμιανοῦ
736 2389 990 2466 λέγοντος
1025 2409 1038 2422 ⁸
1100 2389 1173 2448 Εἴ
1220 2413 1304 2454 τις
1361 2388 1528 2462 θέλει,
1583 2390 1987 2466 πολεμησάτω,

333 2480 420 2534 καὶ
479 2481 764 2550 νικησάτω
814 2480 1038 2536 Λύαιον⁶
1097 2481 1284 2555 τρέχει
1344 2481 1481 2553 πρὸς
1537 2481 1627 2536 τὸν
1681 2482 1861 2557 ἅγιον·
1895 2483 1987 2540 καὶ

339 2567 662 2642 βουλεύεται
722 2569 868 2640 αὐτῷ
945 2568 1070 2644 περὶ
1152 2569 1366 2626 τούτου.
1434 2569 1538 2626 Καὶ
1602 2571 1728 2644 παρ’
1787 2569 1987 2626 ἐκείνου

336 2656 684 2732 στηριχθεὶς,
724 2657 815 2712 καὶ
875 2654 1210 2730 δυναμωθεὶς
1263 2662 1332 2732 τῇ
1366 2656 1591 2732 δυνάμει
1634 2663 1731 2713 τοῦ
1785 2657 1988 2734 Κυρίου

332 2747 491 2819 ἡμῶν
563 2748 749 2816 Ἰησοῦ
834 2750 1076 2820 Χριστοῦ
1109 2793 1125 2819 ,
1182 2745 1364 2801 ἀνεῖλε
1418 2747 1554 2822 ξίφει
1608 2748 1699 2802 τὸν
1758 2747 1988 2806 Λύαιον.

335 2835 621 2909 Θυμωθεὶς
683 2832 775 2890 οῦν
837 2835 865 2889 ὁ
927 2833 1178 2910 βασιλεὺς
1239 2832 1330 2890 διὰ
1383 2839 1568 2907 τοῦτο,
1626 2837 1990 2914 ἀπεκεφάλισε

331 2925 420 2980 τὸν
479 2926 756 2998 Νέστορα.
814 2923 919 2979 Καὶ
982 2921 1154 2987 οὕτως
1228 2922 1548 2997 ἐτελειώθη,
1613 2926 1840 2997 νικήσας
1895 2926 1986 2981 τὸν

333 3009 634 3085 διάϐολον,
663 3012 759 3068 καὶ
788 3011 882 3068 τὸν
912 3011 1138 3072 Λύαιον.

905 3131 990 3203 Τῇ
1045 3127 1181 3204 αὖτῆ
1232 3127 1420 3204 ἡμέρᾳ

653 3216 987 3292 Ἀνάμνησις
1006 3221 1107 3272 τοῦ
1140 3217 1383 3294 μεγάλου
1415 3221 1659 3292 σεισμοῦ.

393 3339 488 3405 Τῷ
522 3333 760 3404 εἰκοστῷ
802 3333 1044 3408 τετάρτῳ
1092 3331 1196 3388 ἔτει
1251 3339 1354 3404 τῆς
1415 3333 1696 3409 βασιλείας
1747 3334 1980 3396 Λέοντος

318 3429 416 3480 τοῦ
447 3425 726 3497 Ὶσαύρου,
754 3421 1088 3488 ἱνδικτιῶνος
1146 3423 1390 3496 έννάτης,
1444 3426 1576 3498 μηνὶ
1637 3420 1982 3501 Ὀκτωϐρίῳ,

321 3511 502 3569 εἰκάδι
571 3510 722 3586 ἕκτῃ,
782 3515 834 3566 έν
892 3517 960 3587 τῇ
1021 3515 1214 3590 μνήμῃ
1271 3517 1368 3568 τοῦ
1427 3514 1579 3589 ἁγίου
1618 3507 1980 3589 Ἄημητρίου,

323 3602 542 3678 ἐγένετο
608 3604 832 3674 σεισμὸς
895 3604 1059 3676 μέγας
1106 3601 1195 3657 καὶ
1254 3598 1485 3679 φοϐερὸς
1545 3603 1597 3658 έν
1653 3611 1982 3659 Κωνσταντι-

324 3693 618 3748 νουπὸλει·
679 3693 770 3746 καὶ
826 3693 1118 3747 κατέπεσον
1186 3695 1360 3748 πάντα
1415 3693 1480 3748 τὰ
1551 3693 1846 3767 οἰκήματα,
1891 3695 1980 3749 καὶ

329 3783 383 3836 αἶ
412 3781 734 3852 ἐκκλησίαι,
765 3782 852 3836 καὶ
897 3779 1101 3836 πολλοὶ
1160 3781 1422 3845 ἀπέθανον
1482 3786 1883 3858 συγγωσθέντες
1911 3787 1980 3857 τῇ

327 3872 678 3944 συμπτώσει.
715 3872 870 3926 Ὅθεν
913 3871 1015 3938 τήν
1075 3871 1376 3942 ἀνάμνήσιν
1433 3877 1530 3926 τοῦ
1577 3871 1828 3927 τοιούτου
1877 3894 1980 3949 φο-

321 3957 491 4035 ϐεροῦ
544 3963 777 4032 σεισμοῦ
835 3959 1201 4032 ἑορτάζοντες,
1235 3959 1610 4033 Λιτανεύομεν,
1667 3961 1755 4016 καὶ
1815 3961 1982 4037 ἀπερ-

323 4050 545 4123 κείμεθα
574 4049 630 4102 ἐν
679 4051 759 4118 τῷ
811 4049 912 4118 τῆς
965 4047 1348 4122 παναχράντου
1399 4046 1721 4124 ὑπερνδόξου
1753 4048 1982 4104 Δεσποί-

320 4159 421 4206 νης
449 4140 623 4208 ἡμῶν
683 4135 956 4190 Θεοτύκου
1013 4135 1104 4190 καὶ
1163 4137 1550 4209 ’Δειπαρθένου
1597 4137 1820 4211 ’Μαρίας
1883 4159 1980 4211 με·

317 4227 483 4300 γάλῳ
514 4225 613 4280 καὶ
648 4225 779 4299 ἱερῷ
818 4229 932 4295 ναῷ
984 4228 1065 4296 τῷ
1123 4222 1174 4278 ἐν
1235 4225 1593 4300 ΒΛαχέρναις,
1653 4225 1980 4290 ἱκετεύοντες

315 4317 408 4370 καὶ
465 4313 850 4375 δυσωποῦντες
904 4312 1069 4381 αὐτὴν
1130 4312 1375 4374 ἐκτενῶς·
1409 4314 1499 4368 καὶ
1555 4315 1646 4369 τὸν
1705 4315 1756 4386 ἐξ
1807 4316 1979 4386 αὐτῆς

319 4405 584 4478 ἀσπόρως
646 4401 738 4457 καὶ
796 4401 1048 4478 ἀφθὸρως
1113 4403 1434 4475 γεννηθέντα
1514 4401 1584 4457 δι’
1650 4405 1796 4477 ἡμᾶς
1850 4404 1978 4468 τοὺς

317 4491 696 4567 ἁμαρτωλοὺς
726 4490 925 4564 Κύριον
958 4495 1114 4563 ἆμῶν
1175 4493 1382 4560 Ἰησοῦν
1436 4493 1666 4566 Χριστὸν
1725 4514 1977 4570 παρακα-

314 4581 539 4644 λοῦντες
604 4581 865 4655 ῥύσασθαι
923 4582 1071 4653 ἡμᾶς
1126 4586 1228 4648 τῆς

313 4674 480 4744 ἡμῶν
512 4672 849 4742 κινουμένης
907 4669 1092 4744 ὀργῆς.
1147 4670 1247 4726 Ἐκ
1298 4671 1424 4724 τότε
1479 4671 1570 4724 οὖν
1631 4672 1973 4746 μεμνημένοι

314 4768 414 4830 τῆς
437 4762 706 4830 τοιαύτης
761 4759 1025 4834 ἀνάγκης,
1087 4757 1424 4834 εὐχαρίστως
1470 4760 1796 4834 ἑορτάζομεν
1851 4763 1978 4834 ἐτη.

319 4852 450 4914 σίως
511 4854 617 4922 τὴν
676 4855 958 4926 παροῦσαν
1017 4851 1234 4926 ὲορτήν,
1293 4850 1586 4927 εὐχόμενοι
1648 4854 1724 4926 μὴ
1756 4853 1979 4930 τοιαύτῃ

319 4946 644 5018 περιπεσεῖν
673 4938 898 5014 ἀπειλῇ.

866 5054 1057 5113 MHNI
1110 5057 1201 5132 T9
1250 5057 1446 5136 ΑΥΤῼ.

1108 5171 1212 5228 ΚΖ.

319 5261 590 5333 Ἀθλησις
637 5267 739 5336 τῆς
816 5257 972 5336 άγιίας
1053 5258 1776 5336 μάρτυροςᾳΚαπετωλίνης
1810 5307 1825 5334 ,
1883 5265 1972 5319 καὶ

645 5329 992 5410 Ἐρωτηΐδος
1037 5329 1140 5399 τῆς
1170 5329 1434 5396 οἰκέτιδος
1461 5331 1654 5402 αὐτῆς.

384 5425 452 5480 Ἦ
508 5425 717 5499 μάρτυς
799 5417 1165 5478 Καπετωλίνα
1213 5423 1280 5490 ἥν
1341 5421 1436 5494 μὲν
1496 5421 1584 5476 ἐπὶ
1643 5422 1976 5494 Διοκλητια-

322 5517 413 5568 νοῦ
448 5512 746 5589 βασιλέως·
783 5511 1010 5585 ὑπῆρχε
1059 5505 1116 5563 δὲ
1172 5509 1230 5564 ἐκ
1279 5517 1379 5580 τῆς
1439 5511 1628 5585 χώρας
1681 5509 1978 5568 Καππαδο-

320 5601 459 5664 κίας·
494 5602 717 5680 εὐγενής
750 5601 924 5656 πάνυ.
989 5598 1326 5672 Κρατηθεῖσα
1371 5595 1452 5672 δὲ,
1515 5599 1604 5654 καὶ
1662 5608 1978 5678 παραστᾶσα

319 5696 394 5763 τῷ
425 5689 680 5768 ἄρχοντι,
723 5687 1009 5767 ἠρωτήθη
1051 5680 1244 5760 ὄνομα,
1299 5686 1390 5742 καὶ
1438 5685 1626 5761 πόλιν,
1654 5689 1743 5745 καὶ
1774 5699 1974 5770 γονεῖς.

1311 4577 1519 4644 δικαίας
1600 4583 1766 4636 αὐτοῦ
1857 4585 2053 4649 καθἸ)

2730 1225 2953 1282 Eodem
3005 1225 3099 1281 die

2267 1313 2418 1372 145
2459 1316 2751 1372 Certamen
2789 1317 2968 1371 sancti
2999 1315 3260 1384 martyris
3305 1314 3562 1369 Nestoris.

2163 1433 2370 1486 Nestor
2399 1438 2641 1504 martyr,
2674 1433 3106 1489 Thessalonica)
3136 1432 3352 1488 claruit
3370 1429 3740 1501 temporibus

2092 1520 2428 1576 Maximiani
2451 1522 2847 1593 imperatoris.
2871 1521 3242 1576 Christianus
3265 1536 3400 1575 cum
3429 1524 3606 1585 esset,
3622 1519 3742 1572 fre-

2090 1616 2341 1680 quenter
2358 1615 2630 1665 sanctum
2663 1611 3026 1664 Demetrium
3060 1609 3279 1676 adibat,
3315 1607 3659 1676 ubicunque
3692 1606 3744 1660 is

2093 1703 2446 1766 moraretur,
2477 1698 2549 1752 ab
2579 1715 2766 1768 eoque
2797 1699 3058 1752 veritatis
3082 1697 3258 1751 verbo
3290 1696 3622 1751 accuratius
3653 1696 3744 1749 in-

2094 1787 2356 1853 stitutus,
2389 1785 2656 1842 docebat.
2691 1788 2834 1842 Cum
2867 1792 3066 1842 autem
3097 1785 3530 1840 Thessalonicae
3563 1783 3745 1839 Maxi-

2092 1875 2329 1930 mianus
2349 1875 2606 1946 adesset,
2628 1880 2688 1930 et
2717 1876 3012 1930 circenses
3044 1875 3168 1930 ludi
3202 1873 3743 1936 committerentur,

2090 1964 2287 2037 gladia
2317 1981 2598 2034 oremque
2657 1965 2962 2036 gentilem,
3018 1965 3253 2036 Lyaeum
3312 1963 3744 2034 nomine,por-

2093 2057 2324 2108 tentosa
2351 2051 2617 2124 corporis
2643 2053 2996 2124 proceritate
3020 2058 3079 2107 et
3105 2051 3453 2106 fortitudine
3485 2050 3548 2104 in
3579 2051 3743 2125 thea-

2092 2147 2243 2196 trum
2274 2142 2670 2214 produxisset,
2695 2143 2795 2212 qui
2827 2159 3035 2196 omnes
3065 2141 3127 2194 in
3164 2144 3465 2195 certamen
3496 2139 3741 2194 descen-

2090 2231 2232 2287 dere
2252 2248 2425 2287 auses
2453 2232 2879 2298 interﬁciebat;
2907 2237 3149 2287 sanctus
3169 2233 3377 2286 Nestor
3397 2230 3519 2284 zelo
3543 2229 3742 2284 divino

2091 2337 2395 2388 accensus,
2413 2327 2477 2375 ut
2497 2321 2720 2376 audivit
2743 2321 3162 2376 Maximianum
3187 2319 3504 2374 dicentem.
3527 2318 3583 2372 Si
3610 2318 3743 2388 quis

2089 2411 2235 2478 vult,
2263 2411 2681 2484 congrediatur
2708 2426 2846 2466 cum
2899 2412 3088 2481 Lyaeo,
3123 2425 3378 2479 eumque
3409 2409 3646 2476 vincat;
3677 2423 3741 2462 re

2088 2517 2223 2556 cum
2254 2507 2459 2556 sancto
2488 2500 2783 2555 Demetrio
2817 2499 3290 2566 communicata,
3323 2496 3396 2553 ab
3429 2514 3496 2552 eo
3525 2496 3744 2552 conﬁr-

2089 2596 2305 2662 matus,
2335 2596 2395 2646 et
2413 2592 2629 2646 virtute
2653 2590 2888 2646 Domini
2919 2589 3109 2645 nostri
3129 2591 3267 2645 Jesu
3284 2589 3500 2644 Christi
3530 2590 3741 2642 auctus

2091 2683 2153 2736 in
2183 2698 2425 2737 arenam
2467 2681 2794 2749 descendit,
2829 2682 3182 2751 Lyaeumque
3232 2679 3427 2749 gladio
3481 2677 3741 2733 sustulit.

2092 2771 2486 2836 Quamobrem
2508 2776 2839 2826 commotus
2862 2770 3241 2825 vehementer
3261 2769 3606 2839 imperator,
3639 2769 3745 2821 Ne-

2093 2863 2314 2914 storem
2344 2858 2627 2914 decollari
2653 2859 2856 2930 jussit.
2885 2861 3070 2928 Atque
3100 2857 3184 2913 ita
3205 2857 3387 2912 ﬁnem
3407 2855 3633 2925 habuit,
3668 2855 3742 2910 de

2092 2949 2327 3005 diabolo
2359 2949 2538 3004 simul
2567 2952 2626 3005 et
2654 2947 2727 3004 de
2759 2949 2926 3020 Lymo
2959 2945 3354 3017 triumphans.

2728 3154 2950 3211 Eodem
2992 3153 3087 3210 die

2271 3275 2425 3329 146
2469 3271 2925 3328 Commemoratio
2957 3271 3150 3340 magni
3192 3274 3553 3324 terrzmotus.

2158 3367 2328 3418 Anno
2355 3363 2630 3435 vigesimo
2663 3367 2874 3433 quarto
2907 3360 3117 3415 Leonis
3139 3357 3326 3414 Isauri
3358 3355 3733 3428 imperatoris

2085 3452 2409 3508 indictione
2433 3469 2612 3519 nona,
2636 3467 2838 3507 mense
2863 3449 3120 3515 Octobri,
3145 3448 3239 3502 die
3268 3447 3549 3519 vigesima
3571 3449 3736 3500 sexta

2085 3543 2148 3597 in
2180 3543 2327 3597 festo
2353 3543 2540 3598 sancti
2593 3540 2898 3607 Demetrii,
2931 3536 3475 3607 Constantinopolis
3523 3550 3736 3606 magno

2089 3637 2147 3686 et
2175 3631 2471 3686 horrendo
2529 3635 2866 3685 terrmmotu
2921 3643 3209 3682 concussa
3240 3631 3349 3693 est,
3402 3629 3466 3677 ut
3508 3623 3734 3678 aedibus

2087 3719 2382 3786 omnibus,
2408 3718 2792 3786 ecclesiisque
2821 3713 3253 3776 corruentibus,
3273 3710 3732 3765 innumerabilis

2085 3807 2427 3863 mortalium
2461 3804 2778 3861 multitudo
2811 3807 3099 3857 exstincta
3137 3801 3331 3855 fuerit.
3367 3800 3736 3870 Quapropter

2087 3895 2379 3950 tremendi
2404 3895 2581 3966 hujus
2605 3897 2976 3948 terraemotus
3005 3888 3479 3945 recordationem
3495 3892 3735 3959 agentes

2087 3985 2580 4056 supplicationem
2608 3982 2996 4042 instituimus,
3020 3978 3408 4050 procedentes
3426 3976 3502 4032 ad
3523 3977 3735 4030 imma-

2086 4075 2294 4130 culataa
2327 4079 2386 4128 et
2411 4073 2853 4146 gloriosissima)
2880 4070 3143 4125 Dominae
3195 4073 3414 4124 nostras
3445 4067 3733 4138 Deiparw,

2089 4183 2439 4238 semperque
2500 4163 2753 4237 Virginis
2809 4162 3002 4217 Mariae
3061 4164 3370 4233 augustam
3411 4163 3468 4212 et
3505 4171 3734 4212 sacram

2087 4255 2296 4324 adem,
2330 4271 2460 4326 quae
2490 4254 2552 4309 in
2611 4251 2953 4309 Blachernis
2985 4255 3076 4306 est
3105 4268 3118 4317 ;
3155 4248 3584 4320 supplicantes,
3616 4246 3730 4300 im-

2084 4360 2388 4416 pensaque
2420 4348 2731 4414 precantes
2785 4347 2907 4396 tum
2943 4341 3156 4411 ipsam,
3192 4344 3316 4393 tum
3348 4336 3448 4407 qui
3483 4336 3610 4391 sine
3642 4349 3733 4389 se-

2086 4436 2246 4491 mine
2277 4440 2336 4491 et
2363 4434 2743 4505 corruptione
2775 4449 2880 4504 pro
2921 4431 3094 4485 nobis
3124 4426 3534 4500 peccatoribus
3566 4443 3638 4479 ex
3667 4440 3738 4478 ea

2085 4531 2260 4581 natus
2291 4530 2401 4594 est,
2434 4524 2754 4579 Dominum
2784 4526 3056 4576 nostrum
3085 4519 3284 4572 Jesum
3311 4515 3612 4569 Christum
3643 4529 3736 4567 ro-

2084 4622 2310 4688 gantes,
2333 4621 2400 4671 ut
2419 4615 2594 4670 istam
2617 4615 2678 4668 in
2702 4629 2811 4668 nos
2833 4611 2982 4666 iram
3002 4624 3170 4664 suam
3192 4605 3475 4661 remittat.
3509 4602 3734 4658 Exinde

2087 4705 2406 4776 quotannis
2440 4703 2620 4775 hujus
2653 4697 3056 4755 tribulationis
3085 4711 3401 4763 memores,
3435 4710 3570 4750 cum
3602 4708 3738 4765 gra-

2087 4795 2304 4850 tiarum
2333 4793 2566 4849 actione
2599 4790 2926 4846 solemnem
2957 4787 3115 4842 hunc
3147 4785 3302 4840 diem
3339 4783 3733 4851 celebramus,

2087 4889 2349 4951 orantes,
2381 4898 2456 4937 ne
2498 4881 2560 4936 in
2590 4877 2937 4952 hujusmodi
2967 4875 3271 4949 ﬂagellum
3303 4873 3662 4932 incidamus.

2638 5086 2879 5143 EODEM
2917 5085 3171 5140 MENSE.

2550 5177 2651 5232 Die
2690 5175 2970 5231 vicesima
3023 5173 3275 5245 septima

2086 5269 2235 5323 147
2302 5265 2588 5322 Certamen
2671 5271 2876 5320 sanctae
2958 5264 3224 5334 martyris
3295 5260 3642 5331 Capitolinae,
3685 5264 3736 5314 et

2545 5338 2817 5393 Eroteidis
2866 5337 2983 5405 ejus
3031 5335 3269 5390 ancillae.

2157 5427 2488 5500 Capitolina
2523 5431 2768 5498 martyr,
2828 5423 3194 5478 Diocletiano
3255 5423 3634 5493 imperatore,
3669 5432 3738 5471 ex

2085 5517 2468 5589 Cappadociae
2499 5516 2742 5589 regione
2771 5513 2904 5578 fuit,
2927 5528 3141 5584 genere
3175 5509 3528 5566 clarissima.
3563 5511 3734 5562 Com-

2085 5607 2380 5678 prehensa
2396 5610 2618 5672 autem,
2650 5609 2710 5658 et
2731 5602 2806 5657 ad
2836 5600 3180 5673 praefectum
3212 5599 3486 5664 adducta,
3521 5595 3594 5650 de
3634 5609 3740 5664 pa-

2086 5697 2219 5767 tria,
2251 5694 2597 5767 parentibus
2629 5699 2689 5749 et
2714 5691 2957 5748 nomine
3006 5690 3367 5759 interrogata
3397 5705 3411 5743 :
3467 5688 3605 5754 Ego,
3637 5684 3734 5738 In-
