4140 6302
440 363 552 423 131

1756 361 2186 426 MENOLOGll
2231 363 2429 424 PARS
2473 362 2523 424 Ι.

3732 360 3849 424 132

438 496 588 567 quit,
619 486 956 554 Christiana
985 513 1161 553 vocor
1188 512 1202 553 :
1233 497 1486 571 patriam
1517 502 1717 554 autem
1748 498 1939 554 habeo
1971 514 2053 554 cna

2167 495 2300 563 ,Καὶ
2333 493 2624 569 ἀπεκρίθη,
2688 492 2934 550 εἰποῦσα·
2993 495 3110 548 Ὅτι
3164 493 3464 569 Χριστιανὴ
3528 495 3623 567 μὲν
3647 496 3853 549 καλοῦ-

445 585 655 640 lestem
682 587 1007 642 Jerusalem
1037 604 1050 641 :
1077 593 1137 643 at
1165 594 1442 659 parentes
1468 594 1606 645 sunt
1625 588 2053 644 Christianorul

2205 604 2321 655 μαι·
2353 582 2516 639 πόλιν
2549 582 2608 639 δὶ
2634 581 2752 658 ἔχῶ
2779 584 2879 653 τὴν
2929 580 3041 638 ἅνω
3099 581 3480 655 Ἰερουσαλήμ’
3538 583 3628 638 καὶ
3681 583 3854 638 πατέε-

436 677 729 745 doctores,
764 684 823 732 et
851 680 912 732 in
943 678 1153 748 primis
1187 694 1436 751 magnus
1500 680 1881 735 Firmiliauus
1907 680 2094 734 Caesa-

437 783 555 821 rem
585 767 970 837 Cappadociae
1029 770 1360 840 episcopus.
1399 770 1581 839 Igitur
1638 785 1769 823 cum
1802 784 2090 839 generose

435 856 729 911 Christum
761 857 1162 927 praedicasset,
1194 858 1403 913 falsam
1427 865 1623 913 autem
1658 858 1953 912 idolorum
1988 874 2087 912 su-

436 946 846 1016 perstitionem
878 946 1295 1019 redarguisset,
1322 947 1533 1003 falsam
1564 953 1759 1003 autem
1791 947 2087 1001 idolorum

436 1033 919 1103 superstitionem
973 1034 1393 1106 redarguisset,
1439 1035 1634 1090 vincta
1695 1035 1756 1089 in
1788 1050 2085 1090 carcerem

429 1121 781 1176 detruditur.
816 1122 981 1187 Quod
1011 1122 1111 1177 ubi
1145 1124 1381 1177 rescivit
1410 1124 1638 1177 Eroteis
1670 1123 1798 1194 ejus
1843 1123 2080 1189 ancilla,

426 1226 723 1266 carcerem
766 1211 1052 1283 ingressa,
1096 1210 1354 1268 domina:
1408 1212 1645 1268 vincula
1673 1212 2075 1267 osculabatur.

423 1300 568 1354 Tum
598 1317 731 1355 vero
764 1306 970 1356 sancta
1024 1302 1354 1373 Capitolina
1397 1304 1588 1373 capite
1636 1302 2077 1358 obstruncatur.

422 1389 648 1443 Eroteis
678 1395 874 1444 autem
898 1390 1157 1461 primum
1188 1392 1249 1444 in
1281 1391 1479 1462 ignem
1511 1391 1805 1462 conjecta,
1835 1396 1889 1444 et
1918 1391 2079 1444 inco-

420 1476 599 1532 lumis
623 1478 760 1532 inde
779 1495 1044 1550 egressa;
1069 1496 1206 1533 mox
1230 1479 1489 1550 impulsa
1519 1480 1694 1535 idolis
1716 1480 2071 1542 sacrificare,

422 1584 557 1621 cum
591 1567 663 1623 ad
695 1567 754 1622 id
782 1568 982 1623 induci
1014 1570 1310 1639 nequiret,
1355 1569 1548 1642 gladio
1580 1570 1827 1641 trajecta
1859 1575 1913 1624 et
1946 1570 2077 1641 ipsa

421 1656 726 1713 occubuit.

973 1802 1213 1856 EODEM
1262 1803 1405 1855 MEN
1414 1802 1512 1857 SE.

911 1907 1017 1961 Die
1050 1908 1333 1963 vicesima
1362 1913 1569 1964 octava

428 2012 581 2067 148
635 2013 918 2088 Certamen
974 2016 1310 2070 saerosancti
1363 2017 1628 2088 martyris
1676 2017 1919 2088 Cyriaci,
1966 2018 2066 2086 qui

515 2087 815 2154 pretiosam
859 2102 1070 2140 crucem
1115 2093 1317 2141 sanctae
1346 2087 1565 2142 Helenae
1608 2087 1956 2143 monstravit.

485 2242 589 2297 Hic
630 2248 945 2313 postquam
1000 2245 1322 2314 pretiosam
1381 2261 1449 2299 ac
1506 2245 1794 2300 viviﬁcam
1825 2261 2063 2303 crucem

411 2332 782 2395 monstravit,
810 2332 1174 2402 baptismum
1215 2334 1502 2403 suscepit,
1535 2339 1595 2388 et
1634 2334 2066 2405 Hierosolymo-

410 2424 546 2474 rum
576 2420 891 2490 episcopus
919 2419 1109 2475 factus
1141 2427 1249 2476 est.
1286 2422 1475 2476 Vitam
1529 2427 1728 2477 autem
1768 2439 1955 2493 usque
1987 2422 2059 2478 ad

410 2509 630 2564 Iuliani
676 2510 971 2580 Apostataa
1002 2515 1270 2581 tempora
1299 2510 1612 2581 produxit:
1652 2511 1753 2581 qui
1787 2517 2063 2582 suscepta

413 2598 693 2653 adversus
749 2599 955 2653 Persas
1014 2598 1409 2670 expeditione,
1468 2615 1603 2654 cum
1654 2600 2060 2670 Hierosolyma

412 2688 731 2758 profectus,
767 2689 953 2742 sancti
985 2694 1149 2759 gesta
1179 2689 1501 2756 didicisset,
1534 2690 1698 2743 misit
1754 2690 1854 2761 qui
1887 2690 2057 2745 illum

411 2777 907 2847 comprehensum
932 2777 1005 2830 ad
1064 2776 1322 2831 tribunal
1380 2794 1551 2832 suum
1608 2778 1963 2833 adduceret:
2000 2784 2058 2834 et

409 2866 735 2921 conabatur
756 2865 998 2935 quidem
1022 2866 1095 2919 ad
1129 2867 1424 2922 idolorum
1454 2867 1682 2922 cultum
1713 2884 1848 2923 eum
1880 2869 2054 2939 pelli-

406 2972 578 3022 cere;
625 2954 727 3009 sed
760 2956 1158 3025 reprehensus
1188 2956 1260 3010 ab
1292 2974 1381 3025 eo,
1408 2957 1590 3026 jussit
1619 2956 1922 3012 dexteram
1962 2958 2049 3012 illi

400 3060 647 3111 manum
678 3044 995 3115 amputari,
1048 3045 1326 3114 inquiens
1353 3062 1365 3098 :
1409 3047 1658 3115 Equum
1691 3052 1781 3099 est
1811 3047 2049 3116 prmcidi

400 3148 665 3197 manum,
690 3149 822 3202 quae
844 3148 950 3201 per
977 3132 1206 3186 litteras
1234 3132 1524 3203 plurimos
1555 3150 1588 3187 a
1617 3134 1862 3188 deorum
1887 3135 2048 3189 cultu

2101 1832 2163 1929 Β,

2199 694 2296 744 ρας
2331 718 2345 743 ,
2402 672 2529 736 τοὺς
2586 671 2945 728 διδασκάλους
3019 676 3126 727 τῶν
3185 674 3536 746 Χριστιανῶν·
3597 674 3711 744 μεθ’
3771 674 3848 727 ὧν

2196 763 2286 816 καὶ
2340 765 2432 815 τὸν
2496 762 2662 837 μέγαν
2722 761 3090 834 Φιρμιλιανὸν
3127 806 3141 830 ,
3206 759 3298 816 τὸν
3363 761 3687 835 Καισαρείας
3748 769 3855 829 τῆς

2198 850 2583 911 Καππαδοκίας
2616 850 2933 907 ἐπίσκοπον.
2995 852 3260 911 Γενναίως
3320 849 3410 904 οὖν
3455 851 3552 904 τὸν
3613 850 3849 923 Χριστὸν

2193 940 2591 1013 ἀνακηρόξασα,
2633 942 2728 995 καὶ
2782 938 3038 1015 ἐλέγξασα
3061 940 3159 1006 τὴν
3222 937 3578 1011 ψευδώνυμον
3629 938 3848 1009 πλάνην

2189 1033 2297 1083 τῶν
2336 1027 2610 1098 εἰδώλων,
2669 1027 2825 1098 ἐδὲθη
2886 1028 2976 1082 καὶ
3031 1026 3355 1096 ἀπεκλείσθη
3390 1027 3442 1082 ἐν
3472 1031 3542 1100 τῇ
3601 1031 3849 1104 φυλακῇ.

2189 1118 2251 1172 Ἡ
2313 1116 2371 1172 δὲ
2425 1119 2628 1188 ταύτης
2685 1115 2858 1186 δούλη
2911 1118 3181 1191 Ἐρωτηῖς
3238 1118 3546 1186 ἀκούσασα,
3599 1115 3852 1183 ἀπῆλθεν

2189 1206 2241 1262 ἐν
2271 1210 2339 1280 τῇ
2371 1207 2612 1284 φυλακῇ,
2668 1207 2760 1261 καὶ
2815 1206 3099 1284 κατεφίλεῖ
3151 1206 3218 1261 τὰ
3276 1205 3447 1278 δεσμά
3501 1212 3600 1274 τῆς
3652 1206 3847 1280 κυρίας

2186 1294 2373 1365 αὐτῆς.
2408 1285 2564 1353 Ὅθεν
2594 1298 2628 1365 ἡ
2694 1295 2788 1367 μὲν
2847 1295 2973 1371 ἁγία
3026 1294 3380 1351 Καπετωλίνα
3432 1295 3529 1362 τήν
3590 1294 3846 1371 κεφαλὴν

2186 1384 2567 1457 ἀποτέμνεται·
2601 1388 2635 1453 ἡ
2670 1382 2727 1438 δὲ
2785 1384 2905 1459 ἁγία
2959 1384 3252 1459 Ἐρωτηῖς,
3308 1383 3571 1457 πρότερον
3622 1382 3675 1437 ἐν
3706 1381 3844 1458 πυρὶ

2189 1471 2476 1548 βληθεῖσα,
2517 1473 2608 1527 καὶ
2669 1474 2823 1548 ὑγιής
2854 1471 3163 1542 ἐξελθοῦσα,
3202 1472 3293 1526 καὶ
3347 1474 3844 1547 καταναγκασθεῖσα

2182 1564 2335 1617 θῦσαι
2360 1567 2477 1624 τοῖς
2538 1560 2818 1632 εἶδώλοις,
2874 1563 2964 1617 καὶ
3021 1563 3097 1634 μὴ
3155 1562 3448 1630 πεισθεῖσα,
3481 1560 3699 1636 ὕστερον
3747 1562 3841 1615 καὶ

2183 1652 2322 1721 αὗτὴ
2355 1652 2493 1729 ξίφει
2524 1651 2824 1729 πληγεῖσα,
2857 1650 3174 1720 ἐτελειώθη.

2744 1762 2926 1817 MHNI
2957 1765 3039 1838 ro
3072 1766 3268 1838 arra.

2950 1868 3076 1925 KH'.

2181 1973 2454 2066 "Amatne,
2521 1977 2629 2067 τοῖ’)ν
2680 1974 2841 2063 ἀγὶίου
2899 1972 3303 2067 ἓερομάρτυρολς
3360 1977 3839 2067 [foeta-0651,06

2251 2044 2660 2123 φανερώσαντός
2708 2044 2803 2101 τὸν
2857 2044 3043 2118 τίμιον
3097 2044 3322 2120 σταυρὸν
3378 2044 3465 2101 ἐπὶ
3521 2052 3620 2114 τῆς
3659 2044 3841 2119 ’ἁγίας

2250 2115 2497 2187 Ἑλένης.

2250 2239 2423 2303 Οὗτος
2486 2242 2621 2315 μετά
2661 2241 2723 2295 τὸ
2773 2245 3076 2317 φανερῶσαι
3135 2241 3226 2296 τὸν
3284 2242 3473 2314 τίμιον
3530 2240 3619 2296 καὶ
3681 2246 3835 2310 ζωο-

2177 2333 2336 2385 ποιδν
2397 2330 2644 2403 σταυρὸν,
2703 2330 2792 2384 καὶ
2856 2331 3234 2404 βαπτισθῆναι,
3283 2329 3468 2405 γέγονε
3527 2330 3835 2393 ἐπίσκοπος

2173 2416 2597 2493 Ἰεροσολύμων·
2659 2418 2750 2472 καὶ
2798 2417 3104 2490 παρέτεινεν
3166 2422 3201 2487 ἡ
3260 2420 3373 2488 ζωὴ
3432 2418 3596 2474 αὐτοῦ
3656 2418 3831 2495 μέχρι
3920 2424 3931 2431 ’

2171 2516 2273 2577 τῆς
2341 2507 2620 2582 βασιλείας
2676 2506 2983 2563 Ἰουλιανοῦ
3066 2512 3164 2562 τοῦ
3225 2504 3573 2583 Παραϐατου.
3631 2512 3832 2572 ’Όστις

2168 2599 2309 2651 κατά
2362 2602 2471 2652 τῶν
2532 2600 2751 2672 Περσῶν
2810 2596 3181 2669 πορευόμενος
3219 2642 3232 2667 ,
3307 2598 3520 2665 ἀπῆλθε
3596 2598 3686 2652 καὶ
3746 2598 3832 2660 εἷς

2163 2685 2553 2758 Ἰερουσαλήμ.
2602 2685 2703 2743 Καὶ
2765 2688 2949 2759 μαθὼν
3004 2688 3125 2760 περὶ
3176 2691 3271 2741 τοῦ
3328 2688 3501 2761 ἁγίου,
3559 2688 3649 2743 καὶ
3680 2688 3828 2742 ἀπο-

2141 2776 2403 2843 ιστείλας,
2458 2776 2547 2829 καὶ
2604 2777 2879 2848 κρατήσας
2933 2776 3096 2830 αὐτὸν
3129 2819 3143 2843 ,
3220 2772 3523 2851 παρέστησε
3574 2782 3653 2848 τῷ
3691 2774 3823 2850 ἰδίῳ

2167 2865 2439 2941 κριτηρίῳ
2474 2910 2485 2921 .
2550 2866 2646 2919 Καὶ
2703 2866 3004 2941 ἀναγκάσας
3062 2866 3221 2920 αὐτὸν
3277 2872 3431 2930 θῦσαι
3480 2873 3597 2928 τοῖς
3653 2866 3818 2921 εἰδώ-

2163 2955 2304 3024 λοις,
2351 2955 2608 3029 ἠλέγχθη
2673 2956 2759 3008 ὑπ’
2815 2954 3001 3013 αὐτοῦ,
3061 2957 3220 3012 ’Όθεν
3280 2954 3525 3011 ἐκέλευσε
3574 2963 3818 3025 κοπῆναι

2157 3044 2256 3113 τὴν
2291 3042 2467 3116 δεξιὰν
2499 3044 2664 3097 αὐτοῦ
2712 3049 2895 3118 χεῖρα,
2955 3044 3142 3112 εἰπὼν,
3198 3043 3283 3098 ὅτι
3338 3044 3399 3099 σὺ
3447 3043 3662 3106 πολλὰς
3692 3045 3819 3100 ἐπι-

2159 3131 2356 3195 στολὰς
2409 3134 2617 3208 γράψας
2673 3134 2806 3204 μετά
2871 3140 2972 3201 τῆς
3031 3134 3216 3208 χειρὸς
3270 3141 3495 3204 ταύτης,
3562 3131 3818 3197 πολλοὺς

399 3220 705 3274 abstraxit.
740 3220 961 3274 Deinde
1019 3221 1312 3290 liquatum
1362 3220 1670 3291 plumbum
1729 3224 1790 3277 in
1823 3242 1887 3278 os
1918 3224 2045 3295 ejus

2167 3222 2496 3297 ἀπέστρεψας
2528 3221 2635 3276 ἀπὸ
2666 3226 2771 3276 τῶν
2802 3223 2960 3279 θεῶν.
3023 3223 3152 3277 Εἶτα
3209 3223 3386 3298 ἐξέχεε
3445 3218 3722 3296 μόλυϐδον
3757 3223 3817 3279 ἐν

398 3307 631 3362 infundi
682 3308 1020 3375 mandavit;
1054 3325 1189 3363 mox
1237 3310 1297 3363 in
1329 3310 1569 3380 grabato
1614 3328 1778 3366 mneo
1810 3312 2043 3367 cadenti

402 3412 537 3451 eum
568 3395 848 3451 collocari
875 3414 887 3452 :
914 3397 986 3451 ad
1017 3414 1192 3467 quem
1227 3413 1361 3453 cum
1396 3403 1585 3452 mater
1609 3400 1738 3470 ejus
1768 3401 2046 3469 venisset,

395 3485 713 3557 corripitur
751 3490 809 3540 et
839 3486 986 3557 ipsa,
1020 3503 1087 3541 ac
1117 3486 1188 3541 de
1222 3486 1460 3541 sublimi
1495 3488 1729 3558 capillis
1761 3505 2043 3560 appensa,

398 3576 606 3630 tandiu
636 3575 981 3642 dilaniatur,
1015 3575 1156 3631 dum
1188 3577 1449 3632 animam
1481 3578 1729 3633 efflaret.
1757 3580 2046 3649 Cyriacus

390 3680 526 3719 vero
556 3664 617 3719 in
649 3663 903 3719 lebetem
938 3665 1215 3737 injectus,
1246 3670 1304 3719 et
1334 3665 1540 3721 lancea
1583 3666 1890 3722 confossus
1948 3685 2048 3723 oc-

391 3753 623 3810 cubun.

1041 3858 1264 3919 Eodem
1313 3864 1406 3918 die

475 3978 627 4032 149
660 3980 1112 4035 Commemoratio
1163 3982 1340 4036 sancti
1367 3982 1596 4036 Joannis
1627 3981 1948 4038 Chozebitaz.

452 4091 555 4145 Hic
585 4090 989 4161 locupletibus
1023 4092 1373 4162 parentibus
1431 4092 1644 4147 Thebis
1673 4095 1901 4166 Egypti
1933 4111 2041 4150 na-

382 4184 445 4233 tu
461 4196 507 4247 s,
531 4194 667 4233 cum
689 4180 764 4234 ad
784 4185 1079 4236 maturam
1107 4187 1341 4236 eat/atem
1366 4182 1644 4252 venisset,
1673 4183 1901 4237 nullam
1930 4183 2040 4237 sibi

382 4283 524 4321 cum
559 4268 822 4324 Ecclesia
846 4269 1141 4325 catholica
1153 4271 1634 4325 communionem
1656 4286 1786 4325 esse
1810 4271 2044 4327 volebat

378 4361 627 4427 propter
657 4358 981 4430 synodum,
1016 4375 1149 4430 quas
1173 4359 1542 4415 Chalcedone
1580 4359 1782 4415 habita
1805 4360 1937 4417 fuit.
1969 4363 2043 4416 At

384 4459 521 4499 cum
541 4445 864 4517 aliquando
898 4463 1035 4503 eum
1064 4453 1269 4504 sancta
1287 4448 1418 4503 loca
1446 4448 1673 4504 visendi
1704 4448 1916 4520 cupido
1948 4450 2037 4504 in-

388 4535 685 4604 cessisset,
715 4537 874 4593 visus
906 4542 996 4593 est
1022 4537 1135 4592 sibi
1166 4554 1273 4610 per
1303 4538 1565 4609 quietem
1594 4537 1851 4592 multum
1879 4537 2038 4593 labo-

387 4639 543 4688 rare,
567 4641 926 4696 omnemque
947 4642 1189 4698 operam
1211 4626 1513 4691 adbibere,
1528 4625 2034 4697 utingrederetur,

389 4713 834 4786 pretiosamque
860 4734 1096 4773 crucem
1127 4718 1418 4787 adoraret,
1450 4732 1561 4771 nec
1588 4721 1785 4772 tamen
1806 4723 2036 4788 portam

385 4801 650 4858 invenire
681 4821 889 4875 posse:
931 4823 1187 4878 cumque
1219 4806 1439 4861 idcirco
1471 4811 1805 4878 angeretur,
1833 4824 2034 4862 vocem

387 4891 593 4946 audire
626 4892 737 4947 sibi
770 4894 1107 4949 dicentem:
1143 4896 1386 4951 Crucem
1419 4896 1786 4967 contemptui
1815 4897 2034 4951 habere

383 4995 503 5048 eos,
532 4981 748 5051 quibus
807 4982 975 5038 nulla
1024 4989 1181 5038 esset
1238 5000 1374 5038 cum
1432 4984 1691 5040 Ecclesia
1745 4986 2035 5042 catholica

384 5071 745 5125 communio.
780 5072 1169 5141 Experrectus
1200 5072 1400 5145 igitur,
1421 5072 1635 5145 juncta
1664 5090 1797 5129 cum
1830 5077 2034 5130 catho-

384 5158 514 5213 licis
548 5160 988 5227 communione,
1023 5162 1337 5217 confestim
1371 5179 1432 5218 se
1454 5162 1516 5218 in
1538 5164 1869 5235 proximam
1901 5181 2030 5220 ere-

384 5265 550 5304 mum
580 5249 824 5321 recepit,
857 5255 1033 5321 atque
1062 5252 1124 5306 in
1156 5251 1420 5307 Chozeba
1442 5258 1643 5308 monte
1675 5252 1748 5309 ad
1778 5260 2032 5310 mortem

380 5353 569 5408 usque
601 5337 920 5393 concedit:
953 5338 1054 5393 ubi
1102 5344 1160 5394 et
1188 5357 1250 5396 se
1282 5341 1480 5412 ipsum
1531 5341 1693 5396 omni
1749 5342 2030 5399 virtutum

377 5444 593 5502 genere
648 5428 930 5494 exercuit,
990 5435 1049 5484 et
1100 5431 1389 5487 miracula
1434 5431 1705 5504 patravit.
1763 5433 2030 5505 Denique

379 5533 517 5573 cum
546 5517 767 5573 multos
801 5518 1023 5574 sanctis
1066 5519 1357 5576 institutis
1397 5525 1456 5575 et
1481 5518 1772 5591 religiosis
1806 5526 2028 5581 exercio

2153 3317 2233 3384 τῷ
2292 3312 2519 3383 στόματι
2580 3311 2786 3369 αὐτοῦ.
2853 3312 2949 3365 Καὶ
3012 3312 3146 3384 μετά
3199 3317 3365 3366 ταῦτα
3422 3313 3573 3381 ἐτέθη
3626 3312 3677 3367 ἐν
3730 3317 3816 3385 τῷ

2153 3394 2448 3476 κραϐὃάτῳ
2506 3400 2706 3475 χαλκῷ
2767 3400 3093 3474 πυρωθὲντι.
3146 3399 3415 3465 Ἐλθοῦσα
3447 3398 3503 3456 δὲ
3552 3402 3687 3476 πρὸς
3716 3403 3813 3457 αὖ·

2152 3490 2241 3543 τὸν
2275 3491 2309 3557 ἡ
2346 3490 2532 3564 μήτηρ
2567 3489 2752 3558 αὐτοῦ,
2787 3488 3063 3563 ἐκρατήθη
3096 3490 3186 3545 καὶ
3245 3490 3401 3559 αὐτῆ.
3451 3490 3555 3547 Καὶ
3601 3510 3809 3566 κρεμα-

2156 3583 2339 3642 σθεῖσα
2369 3577 2424 3632 ἐγ
2456 3584 2564 3634 τῶν
2619 3584 2855 3654 τριχῶν,
2884 3580 2973 3634 καὶ
3031 3577 3282 3653 ξεομὲνη,
3342 3582 3620 3644 ἀπέθανεν.
3674 3582 3811 3636 Εἶτα

2153 3663 2453 3740 ἐμϐληθεὶς
2495 3668 2583 3723 καὶ
2645 3668 2806 3730 αὐτὸς
2860 3668 2935 3730 εἰς
2994 3664 3221 3742 λέϐητα,
3250 3667 3467 3743 ἐπλήγη
3529 3669 3662 3742 μετά
3705 3673 3807 3723 τοῦ

2150 3757 2461 3833 κονταρίου,
2489 3757 2575 3811 καὶ
2607 3756 2920 3828 ἐτελειώθη.

2749 3876 2834 3947 Τῇ
2867 3875 3001 3948 αὐτῇ
3033 3876 3203 3951 ἡκὲρᾳ

2329 3989 2540 4061 Μνήμη
2570 3992 2669 4044 τοῦ
2699 3987 2853 4044 ὁσίου
2883 3991 3134 4047 Ἰωάννου
3158 3995 3256 4046 τοῦ
3300 3986 3619 4061 Χοζεϐίτου.

2222 4105 2395 4166 Ουτος
2426 4104 2643 4181 γέγονεν
2675 4104 2782 4160 ἀπὸ
2814 4100 3006 4176 Θηϐῶν
3039 4114 3140 4177 τῆς
3170 4106 3471 4183 Αῗγόπτου,
3517 4105 3797 4163 πλουσίων

2147 4190 2353 4268 γονέων
2386 4192 2520 4255 υἱός.
2556 4194 2720 4269 Ἀνὴρ
2777 4191 2834 4249 δὲ
2862 4195 3150 4269 γενόμενος
3205 4197 3323 4251 καθ’
3369 4193 3615 4269 ἡλικίαν,
3648 4197 3801 4252 ἀκοι-

2146 4282 2385 4352 νώνητος
2445 4280 2600 4356 ἔμενε
2655 4289 2756 4352 τῆς
2811 4282 3111 4354 καθολικῆς
3144 4284 3520 4356 Ἐκκλησιίας,
3555 4283 3644 4341 διὰ
3696 4287 3798 4355 τήν

2146 4369 2201 4425 ἐν
2260 4367 2571 4442 Χαλκηδόνι
2631 4370 2877 4430 σύνοδον.
2939 4374 3284 4447 Ἐπεθύμησε
3341 4371 3398 4429 δὲ
3455 4376 3587 4431 ποτὲ
3630 4373 3801 4431 ἀπελ-

2141 4460 2275 4529 θεῖν,
2310 4462 2397 4514 καῖ
2444 4468 2818 4534 προσκυνῆσαι
2876 4461 3003 4524 τοὺς
3070 4457 3402 4537 σεϐασμίους
3449 4464 3675 4529 τόπους·
3707 4467 3802 4520 καὶ

2147 4549 2247 4622 ὁρᾶ
2274 4550 2394 4604 καθ’
2446 4548 2646 4611 ὕπνους
2701 4549 2887 4606 ἐαυτὸν
2950 4552 3044 4626 μὶν
3104 4550 3292 4609 πολλά
3350 4559 3653 4625 κοπιῶντα,
3706 4556 3797 4610 καὶ

2146 4635 2546 4710 ἀγωνιζόμενον
2581 4636 2863 4708 εἰσελθεῖν,
2917 4639 3008 4693 καὶ
3068 4647 3441 4714 προσκυνῆσαι
3496 4642 3586 4696 τὸν
3617 4642 3803 4715 τίμιον

2147 4727 2397 4802 σταυρόν
2439 4729 2514 4799 μή
2549 4723 2847 4800 δυνάμενον
2883 4724 2939 4783 δὲ
2993 4727 3156 4804 θύραν
3212 4730 3406 4806 εὑρεῖν.
3468 4733 3801 4805 ’Δναγκαζο-

2151 4816 2267 4889 atq)
2300 4812 2357 4870 δὲ
2386 4813 2553 4884 ἦλθεν
2587 4814 2733 4887 αὐτῷ
2781 4817 2937 4894 φωνὴ
2972 4815 3227 4891 λέγουσα·
3261 4818 3405 4881 Τοὺς
3465 4822 3542 4893 μὴ
3601 4841 3802 4875 κοινω-

2142 4908 2367 4966 νοῦντας
2398 4909 2498 4973 τῆς
2556 4901 2858 4969 καθολικῆς
2916 4903 3244 4977 Ἐκκλησίας
3274 4909 3300 4962 ὁ
3334 4910 3560 4982 σταυρὸς
3609 4908 3670 4964 οὗ
3700 4930 3802 4965 πα-

2144 4992 2454 5071 ραδέχεται.
2489 4994 2550 5050 Ὁ
2584 4990 2659 5065 δὲ,
2719 4992 2945 5065 ἔξυπνος
2993 4996 3310 5072 γενόμενος,
3370 4997 3698 5070 ἐκοινώνησε
3725 5003 3799 5075 τῇ

2141 5082 2413 5158 κιθολικῇ
2465 5082 2790 5157 Ἐκκλησία·
2848 5087 2938 5158 καὶ
2991 5088 3119 5163 παρ’
3175 5088 3312 5143 αὖτά
3342 5088 3564 5162 ἐξῆῖ’θεν
3598 5090 3802 5155 εἰςτὰς

2141 5173 2375 5243 πλησίον
2411 5172 2673 5250 ἐρήμους.
2716 5175 2818 5231 Καὶ
2878 5174 3083 5249 ἔμεινεν
3130 5174 3182 5231 ἐν
3240 5182 3319 5248 τῷ
3376 5174 3490 5252 ὄρει
3543 5182 3640 5233 τοῦ
3693 5180 3799 5236 Xo-

2142 5258 2272 5333 ζεϐἆ
2346 5258 2448 5324 ἕως
2504 5257 2746 5333 τέλους,
2806 5268 2978 5319 πᾶσαν
3039 5262 3264 5335 ἄσκησιν
3328 5263 3793 5340 ἐπιδεικνύμενος,

2138 5354 2225 5408 καὶ
2288 5353 2537 5424 θαύματα
2591 5350 2922 5415 ἐπιτελέσας·
2981 5354 3073 5408 καὶ
3125 5354 3377 5418 πολλοὺς
3440 5353 3653 5427 διδάξας
3698 5380 3797 5431 μι-

2144 5442 2358 5514 μιῖσθαι
2384 5441 2484 5509 τὴς
2518 5439 2765 5514 ἐνάρετον
2797 5441 2962 5496 αὐτοῦ
3011 5443 3315 5517 πολιτείαν,
3348 5444 3437 5500 καὶ
3470 5446 3569 5515 τήν
3624 5447 3793 5517 ἄσκη-

2138 5552 2246 5598 σιν,
2278 5529 2596 5601 ἐτελειώθη,
2627 5530 2815 5608 ταφεὶς
2846 5530 2897 5586 ἐν
2925 5531 3070 5605 αὐτῷ
3127 5538 3206 5606 τῷ
3261 5528 3373 5609 ὄρει
3428 5541 3529 5604 τῆς
3558 5533 3770 5608 ἐρήμου

380 5605 555 5660 nibus
585 5605 767 5678 probe
797 5607 1085 5678 excultos,
1108 5608 1181 5665 ad
1214 5610 1485 5666 eamdem
1507 5609 1637 5664 vita)
1677 5609 1972 5670 rationem
2003 5618 2328 5677 ineundam
2360 5619 2683 5690 allexisset,
2710 5605 3015 5693 decessit,
3073 5605 3248 5695 atque
3279 5605 3342 5681 in
3368 5605 3792 5684 eodemeremi

377 5701 580 5753 monte
611 5696 878 5769 sepultus
904 5697 1035 5756 fuit.
