4140 6302
325 360 428 420 133

925 504 1120 562 nam
1160 505 1254 583 ro
1297 506 1489 585 ΑΥΤῼ.

1166 596 1290 652 ΚΘ’.

482 673 735 747 Μνήμη
770 682 892 734 τοῦ
929 682 1095 737 ὁσίου
1122 685 1332 759 [ἰατρὸς
1353 686 1515 758 ἡμῶν
1550 679 1869 757 ’Δϐραμίοιλ

379 787 446 843 Ὁ
503 789 671 853 ὅσιος
744 789 1090 871 Ἀὃράμιος
1175 799 1246 868 ἦν
1333 800 1428 872 μὲν
1491 801 1826 873 Χριστιανῶν
1911 795 2048 855 υἱός.

332 878 697 953 Συνεζεῦχθη
760 881 830 937 δέ
894 881 1235 958 ἀϐουλήτως
1294 892 1533 963 γυναικί.
1571 888 1669 944 Διὰ
1699 885 1756 942 δὲ
1783 887 1877 942 τὸν
1907 889 2051 960 Χρι-

343 969 456 1023 στὸν
481 969 831 1027 κεταλιπὼν
896 975 1101 1046 αὐτὴν,
1160 976 1251 1031 καὶ
1310 979 1696 1055 ἀναχωρήσας,
1730 974 2046 1031 ἀπέκλεισεν

351 1058 534 1114 ἑαυτὸν
592 1060 677 1122 εἲς
746 1064 967 1137 μικρὸν
1028 1064 1245 1138 οἴκημα
1298 1066 1535 1142 χρόνους
1590 1064 1859 1128 πολλούς.
1911 1068 2051 1123 Εἶτα

361 1154 776 1224 χειροτονεῖται
865 1148 1262 1230 πρεσϐύτερος.
1345 1154 1783 1226 Τελευτήσαντος
1840 1151 1899 1208 δὲ
1952 1157 2049 1208 τοῦ

367 1237 607 1317 ἀδελφοῦ
663 1239 872 1315 αὐτοῦ,
931 1243 1028 1297 καὶ
1084 1243 1483 1307 καταλιπόντος
1533 1241 1748 1299 παιδίον
1786 1241 2049 1315 θηλυκὸν,

372 1328 491 1382 ὡσεὶ
550 1328 784 1403 χρόνων
841 1330 1006 1399 ἑπτὰ,
1086 1327 1381 1388 ἀνελάϐετο
1454 1331 1585 1388 αὐτὸ
1640 1334 1669 1388 6
1726 1334 1900 1409 ἅγιος·
1957 1330 2048 1388 καὶ

372 1414 607 1485 πλησίον
638 1422 742 1472 τοῦ
799 1419 1035 1475 κελλίου
1093 1419 1258 1475 αὐτοῦ
1314 1421 1393 1484 εἷς
1445 1419 1629 1494 ἕτερον
1683 1419 1906 1478 κελλίον
1941 1420 2049 1475 ἀπ-

375 1502 633 1563 έκλεισεν.
662 1508 757 1564 Ἑν
790 1512 874 1580 τῷ
906 1507 1139 1581 εἰκοστῷ
1171 1507 1227 1564 δὶ
1257 1510 1447 1585 χρόνῳ
1475 1514 1574 1576 τῆς
1603 1508 1825 1579 ἡλικίας
1855 1509 2047 1581 αὐτῆς,

382 1590 575 1665 συνὲϐη
610 1597 803 1670 φθόνῳ
856 1601 959 1652 τοῦ
1017 1595 1277 1670 δαίμονος
1332 1604 1644 1673 περιπεσεῖν
1703 1598 1870 1667 αὐτὴν
1912 1618 2050 1672 πορ-

381 1683 514 1754 νείᾳ·
570 1688 687 1739 εἶτα
743 1686 839 1740 καὶ
897 1686 950 1740 ἐν
1022 1684 1335 1764 πανδοχείῳ
1390 1687 1648 1752 ἀπελθεῖν
1709 1688 1845 1760 μετὰ
1908 1707 2045 1762 πορ-

381 1777 508 1829 νῶν.
544 1773 723 1836 Γνοὺς
759 1771 819 1829 δὲ
848 1775 878 1829 ὁ
907 1775 1090 1850 ἅγιος,
1136 1777 1226 1831 καὶ
1287 1777 1624 1852 στρατιώτου
1654 1783 1853 1851 σχῆμα
1877 1776 2047 1855 φορέ-

1895 355 2284 426 OCTOBER.

2077 492 2134 560 Α

3686 369 3806 429 134

2720 493 2960 549 EODEM
3000 494 3252 550 MENSE.

2670 591 2775 646 Die
2806 593 3086 648 vicesima
3117 609 3295 649 nona.

2201 677 2359 734 150
2391 678 2845 735 Commemoratio
2875 684 3054 737 sancti
3083 684 3264 738 Patris
3293 687 3467 739 nostri
3494 685 3763 746 Abramii.

2230 794 2478 851 Sanctus
2511 796 2824 852 Abramius
2857 797 3209 853 Christianis
3241 801 3592 871 parentibus
3610 809 3807 873 natus,

2159 897 2362 953 uxore,
2395 902 2573 955 quam
2594 886 2813 941 invitus
2851 886 3119 955 duxerat,
3142 894 3385 960 propter
3404 891 3700 948 Christum
3726 893 3811 949 di-

2158 972 2362 1040 missa,
2397 972 2738 1029 solitudinis
2770 976 2963 1030 studio
2988 992 3117 1032 sese
3142 977 3205 1032 in
3232 984 3542 1050 angustam
3565 982 3810 1038 domun-

2158 1060 2354 1116 culam
2384 1061 2610 1117 abdidit
2637 1063 2740 1118 ubi
2774 1065 3111 1136 complures
3143 1082 3330 1122 annos
3385 1076 3805 1138 commoratus,

2157 1151 2469 1221 presbyter
2526 1152 2856 1208 ordinatur.
2912 1154 3176 1225 Cumque
3211 1156 3390 1211 evita
3457 1160 3809 1214 excessisset

2158 1237 2358 1306 frater,
2392 1240 2600 1296 relicta
2624 1240 2825 1312 puella
2856 1258 3046 1297 annos
3076 1248 3301 1314 septem
3325 1244 3613 1317 ingressa,
3638 1247 3807 1303 illam

2158 1332 2400 1383 sanctus
2431 1345 2633 1384 secum
2663 1329 2980 1386 abductam
3010 1331 3073 1385 in
3103 1331 3292 1388 altera
3322 1350 3443 1388 suas
3465 1336 3805 1407 propinqua

2159 1416 2376 1471 cellula
2404 1417 2666 1474 inclusit.
2686 1420 2824 1484 Qum
2848 1436 2984 1475 cum
3000 1420 3352 1476 vicesimum
3378 1424 3568 1478 astatis
3582 1440 3809 1480 annum

2159 1510 2378 1577 ageret,
2411 1506 2630 1561 diaboli
2663 1507 2888 1562 invidia
2917 1508 2979 1562 in
3010 1508 3468 1566 fornicationem
3498 1510 3667 1584 lapsa
3699 1520 3808 1579 est,

2161 1599 2218 1649 et
2247 1595 2311 1650 in
2340 1596 2644 1651 meritorio
2677 1597 2856 1652 etiam
2887 1598 3145 1669 hospitio
3199 1615 3336 1654 eum
3393 1601 3809 1658 meretricibus

2159 1683 2481 1739 habitabat.
2514 1684 2679 1750 Quod
2709 1685 2809 1740 ubi
2843 1686 3079 1741 rescivit
3112 1692 3372 1757 sanctus,
3406 1694 3642 1763 sumpto
3691 1691 3809 1747 mi-

2161 1770 2319 1827 litari
2351 1773 2556 1829 habitu
2587 1791 2618 1829 e
2652 1774 2804 1830 cella
2834 1791 3127 1848 egressus,
3160 1779 3219 1831 et
3248 1794 3571 1833 conscenso
3629 1795 3807 1851 equo,

380 1883 493 1933 σας,
553 1863 647 1917 καὶ
703 1867 808 1918 τοῦ
862 1863 1091 1920 κελλίου
1150 1865 1314 1920 αὐτοῦ
1354 1849 1362 1852 Ψ
1396 1864 1649 1937 ἐξελθὼν,
1855 1849 2045 1927 ἐπιϐὰς

2159 1879 2192 1918 a
2217 1861 2387 1935 lapsu
2414 1863 2579 1918 illam
2610 1864 2874 1931 retraxit,
2910 1868 2966 1919 et
2997 1865 3060 1918 in
3079 1866 3382 1936 propriam
3412 1849 3806 1923 cellulam‘re?

378 1951 577 2018 ἵππου,
663 1957 767 2008 τοῦ
846 1956 1146 2027 πτώματος
1217 1954 1420 2026 ταύτην
1481 1955 1768 2030 ἐξήρπασε,
1826 1955 1916 2009 καὶ
1972 1958 2045 2027 τῷ

2159 1952 2341 2022 duxit,
2376 1969 2506 2024 qum
2537 1958 2764 2007 tantam
2785 1969 2853 2008 ac
2873 1952 3052 2008 talem
3069 1954 3482 2025 pmnitentiam
3514 1956 3805 2026 exhibuit,

383 2039 505 2113 ἰδίῳ
528 2038 749 2114 κελλίῳ
806 2042 1232 2110 ἀποκατέστησε.
1293 2044 1396 2100 Καὶ
1452 2043 1709 2114 τοιαύτην
1768 2042 2051 2117 μετάνοιαν

378 2128 719 2201 ὶπεδείξατο,
780 2130 856 2193 ὡς
909 2131 1000 2185 καὶ
1067 2136 1269 2204 σημεῖα
1321 2138 1574 2205 ποιῆσαι,
1630 2130 1720 2187 καὶ
1776 2131 1920 2187 οὕτω
1957 2153 2047 2187 τε·

379 2218 709 2288 λειωθῆναι.
743 2221 1052 2292 Ἐκοιμήθη
1108 2216 1167 2274 δὲ
1217 2222 1307 2276 καὶ
1367 2222 1396 2276 6
1458 2221 1607 2284 ὅσιος
1660 2216 1968 2298 ’Δὸράμιος
1992 2221 2045 2277 ἐν

371 2308 666 2383 βαθυτάτῳ
706 2309 877 2382 γήρᾳ-

956 2428 1036 2498 Τῇ
1094 2423 1231 2498 αὐτῇ
1268 2425 1473 2501 ἡμέρῳ

366 2510 652 2584 ’Δλλησες
700 2517 809 2568 τῶν
845 2511 1012 2587 ἀγίων
1065 2513 1355 2590 μαρτύρων
1399 2512 1699 2587 Κλαυδίου,
1729 2515 2045 2592 Ἀστερίου,

856 2602 1074 2664 Νὲωνος
1121 2603 1212 2658 καὶ
1256 2603 1578 2674 Θεονίλλης.

453 2715 624 2773 Οὗτοι
682 2716 939 2791 ὑπῆρχον
996 2714 1086 2771 ἐπὶ
1144 2712 1540 2789 Διοκλητιανοῦ
1590 2723 1688 2773 τοῦ
1750 2717 2043 2794 βασιλέως,

389 2805 477 2859 καὶ
535 2806 752 2860 Λυσίου
809 2805 1086 2879 ἡγεμόνος
1140 2812 1240 2876 τῆς
1279 2806 1552 2870 Κιλικίας⁸
1611 2807 1722 2863 νέοι
1784 2808 1880 2881 μὲν
1944 2809 2043 2878 τήν

386 2892 636 2963 ἡλικίαν,
669 2890 901 2968 ἀδελφοὶ
947 2892 1005 2948 δὶ
1045 2895 1300 2969 νόμιμοι.
1349 2896 1628 2972 Μητρυιὰν
1664 2894 1754 2951 οὖν
1796 2895 2041 2971 ἔχοντες,

379 2983 471 3038 καὶ
499 2983 601 3051 τήν
632 2984 863 3058 γονικήν
919 2981 1097 3039 αὐτῶν
1154 2983 1376 3058 ὕπαρξιν
1438 2989 1749 3057 ζητοῦντες,
1791 2984 2041 3051 ἀπῆλθον

374 3070 432 3127 ἐν
488 3073 813 3145 Μοψοεστίᾳ
866 3075 937 3144 τῇ
994 3071 1178 3141 πόλει,
1237 3069 1549 3128 δικάσασθαι
1611 3072 1696 3129 ἐπὶ
1763 3078 1863 3129 τοῦ
1909 3076 2046 3150 ἡγε-

378 3161 571 3234 μόνος.
660 3161 724 3216 Ἦ
808 3157 867 3215 δὲ
954 3163 1196 3235 μητρυιᾶ
1279 3163 1355 3234 μὴ
1413 3161 1646 3226 θέλουσά
1691 3184 1746 3217 τι
1802 3160 2044 3218 ἀποδοῦ-

372 3270 465 3303 ναι
556 3248 771 3320 αὐτοῖς,
864 3244 1149 3305 διέϐαλλεν
1233 3248 1432 3306 αὐτοὺς
1517 3250 1594 3313 ὠς
1665 3250 2041 3327 Χρίστιανούς.

373 3338 484 3394 Καὶ
545 3338 907 3411 κρατηθέντες
954 3338 1041 3393 καὶ
1106 3337 1489 3412 ἐρωτηθέντες,
1551 3338 1926 3415 ὡμολόγήσαν
1983 3341 2046 3397 τὸ

375 3423 560 3499 ὄνομα
614 3431 716 3480 τοῦ
765 3427 1002 3502 Χριστοῦ
1059 3426 1358 3502 παρρησίᾳ.
1419 3430 1576 3486 Ὅθεν
1626 3429 1966 3505 εἰσαχθέντες
1992 3428 2044 3486 ἐν

369 3520 457 3584 τῷ
516 3515 755 3591 θεάτρῳ,
811 3515 903 3569 καὶ
957 3517 1155 3591 γυμνοὶ
1223 3518 1637 3593 κρεμασθέντες,
1693 3517 2049 3595 ἐτιμωρήθη-

380 3625 505 3675 σαν,
565 3604 662 3658 καὶ
719 3602 1002 3676 ἐξὲσθησαν
1077 3604 1340 3680 ἰσχυρῶς.
1399 3610 1536 3664 Εἶτα
1614 3608 1751 3681 μετὰ
1832 3606 2050 3673 πολλὰς

374 3694 610 3770 πικρὰς,
673 3693 764 3748 καὶ
823 3691 1114 3771 διαφόρους
1177 3696 1462 3769 βασάνους,
1536 3695 1796 3768 δήσαντες
1851 3697 2048 3761 αὐτοὺς

377 3784 432 3838 οἱ
495 3786 831 3856 στρατιῶται
884 3782 964 3846 εἷς
1024 3781 1147 3856 μίαν
1207 3782 1424 3853 ἅλυσιν,
1484 3786 1769 3862 ἀπήγαγον
1819 3782 1921 3858 ἔξω
1950 3792 2046 3843 τοῦ

374 3871 605 3946 τείχους
668 3877 769 3940 τῆς
823 3870 1063 3933 πόλεως·
1122 3873 1209 3928 καὶ
1264 3872 1354 3927 ἐπὶ
1425 3873 1603 3944 ξύλων
1660 3879 2046 3950 κρεμάσαντες,

369 3960 465 4014 καὶ
498 3958 672 4028 ἥλοις
727 3962 1192 4035 προσηΛώσαντες
1245 3959 1553 4039 ἐφόνευσαν.
1587 3963 1717 4020 Εἶτα
1746 3965 2044 4040 προσήχθη

370 4049 466 4103 καὶ
539 4050 576 4117 ἡ
639 4048 769 4122 ἁγία
827 4047 1114 4104 Θεονίλλα-
1173 4049 1260 4105 καὶ
1341 4056 1705 4126 κρεμασθεῖσα
1760 4053 1848 4109 καὶ
1908 4052 2045 4121 αὐτὴ

2156 2048 2223 2098 ut
2252 2047 2311 2096 et
2364 2041 2632 2113 prodigia
2682 2041 2928 2107 fecerit;
2989 2048 3168 2113 atque
3197 2042 3281 2097 ita
3336 2044 3516 2099 vitam
3577 2045 3795 2104 ﬁnivit.

2157 2131 2407 2186 Sanctus
2437 2147 2573 2185 vero
2604 2129 2920 2186 Abramius
2952 2131 3013 2185 in
3073 2147 3307 2187 summa
3364 2139 3668 2189 senectute
3699 2135 3807 2190 ob-

2157 2220 2456 2275 dormivit.

2792 2426 3014 2483 Eodem
3046 2426 3141 2481 die

2153 2517 2189 2569 1
2208 2514 2300 2571 61
2393 2517 2677 2573 Certamen
2755 2523 3068 2573 sanctorum
3170 2525 3477 2589 martyrum
3556 2516 3801 2588 Claudii,

2523 2590 2753 2657 Asterii,
2785 2589 2982 2643 Neonis
3013 2595 3067 2644 et
3097 2590 3412 2645 Theoniltas.

2224 2705 2313 2771 Hi,
2343 2706 2699 2762 Diocletiano
2726 2707 3106 2778 imperatore,
3129 2713 3187 2762 et
3208 2708 3377 2779 Lysia
3396 2707 3616 2764 Cilicia)
3646 2725 3800 2780 pras-

2150 2794 2325 2864 fecto,
2361 2800 2531 2850 mtate
2554 2797 2826 2866 juvenes,
2859 2801 2918 2850 et
2945 2797 3211 2867 germani
3228 2797 3463 2867 fratres,
3488 2814 3801 2854 novercam

2152 2883 2461 2951 habentes,
2495 2885 2555 2939 in
2592 2884 2799 2938 urbem
2832 2884 3249 2955 Mopsuestiam
3274 2885 3521 2955 profecti
3554 2891 3713 2955 sunt,
3736 2890 3803 2945 ut

2150 2972 2463 3028 facultates
2493 2978 2770 3044 paternas
2802 2978 3245 3043 recuperarent,
3286 2978 3343 3028 et
3373 2973 3476 3028 lite
3495 2991 3561 3028 ac
3572 2974 3801 3046 judicio

2151 3078 2350 3117 coram
2373 3062 2648 3134 praefecto
2670 3063 3637 3134 persequerentur.Atnoverca,ne
3651 3062 3794 3134 quid

2156 3151 2276 3206 illis
2306 3150 2496 3220 daret,
2525 3150 2739 3206 detulit
2760 3168 2860 3206 eos
2892 3156 2956 3205 ut
2987 3150 3376 3206 Christianos.
3409 3153 3597 3216 Quare
3629 3168 3794 3207 com-

2074 3220 2117 3286 C
2156 3241 2435 3312 prehensi
2468 3246 2526 3296 et
2550 3240 2915 3312 interrogati,
2949 3240 3166 3295 Ghristi
3189 3256 3409 3295 nomen
3434 3240 3620 3296 libere
3651 3256 3797 3296 con-

2154 3331 2295 3386 fessi
2328 3336 2484 3385 sunt.
2519 3329 2682 3385 Unde
2708 3330 2772 3384 in
2801 3330 3101 3385 theatrum
3132 3329 3422 3401 perducti,
3467 3330 3795 3401 nudatique

2156 3421 2219 3476 in
2240 3421 2559 3492 equuleum
2591 3420 2928 3491 rapiuntur,
2961 3418 3337 3490 fustibusque
3360 3424 3799 3491 torquentur,ct

2156 3509 2537 3565 acerbissime
2567 3509 2979 3580 depectuntur.
3012 3509 3158 3562 Tum
3178 3507 3384 3562 multis
3405 3508 3538 3564 aliis
3569 3506 3800 3579 suppli-

2156 3600 2265 3656 ciis
2290 3598 2611 3655 crudeliter
2638 3598 2851 3665 vexati,
2879 3614 3002 3652 una
3030 3613 3238 3651 omnes
3267 3614 3303 3652 a
3343 3596 3635 3652 militibus
3665 3612 3800 3652 con-

2156 3687 2345 3742 stricti
2377 3690 2607 3756 catena,
2642 3690 2699 3740 et
2727 3690 2893 3740 extra
2921 3683 3087 3739 urbis
3119 3684 3338 3739 mcenia
3369 3683 3587 3754 educti,
3620 3683 3799 3757 lignis

2156 3776 2451 3848 suspensi,
2476 3781 2535 3830 et
2554 3773 2734 3828 clavis
2760 3772 3263 3841 confixi,mortem
3280 3771 3631 3828 occubuere.
3661 3774 3803 3827 Post

2154 3867 2264 3921 hos
2291 3870 2497 3920 sancta
2516 3861 2824 3919 Theonilla
2844 3861 3117 3929 adducta,
3145 3867 3203 3917 et
3218 3861 3279 3917 in
3297 3861 3552 3917 sublime
3566 3861 3800 3933 capillis

2155 3954 2410 4021 sublata,
2435 3953 2612 4025 virgis
2643 3970 2750 4024 per
2786 3952 3006 4007 multas
3062 3952 3239 4008 horas
3287 3950 3555 4023 caiditur,
3616 3951 3804 4009 donec

2155 4045 2436 4119 spiritum
2466 4042 2717 4098 Domino
2751 4040 3033 4096 reddidit.

380 4138 490 4193 ἀπε.
574 4141 686 4191 τῶν
759 4142 999 4214 τριχῶν,
1075 4139 1164 4194 καὶ
1239 4140 1551 4213 τυπτομένη
1630 4136 1854 4218 ῥάϐδοις
1930 4140 2020 4197 ἐπὶ
2093 4136 2333 4196 πολλαῖς
2384 4136 2505 4194 ταῖς
2562 4129 2751 4206 ὥραις,
2811 4127 3058 4184 ἀπέδωκε
3111 4129 3174 4184 τὸ
3228 4133 3442 4203 πνεῦμα
3499 4129 3665 4195 αὐτῆς
3720 4133 3803 4201 τῲ

379 4234 491 4302 Κυρ
502 4226 594 4298 ίῳ.

923 4344 1105 4403 MHNI
1164 4349 1257 4404 ΤΩ
1304 4351 1501 4405 ΑΥΤΩ.

593 4530 840 4599 Αθλησις
872 4535 969 4585 τοῦ
998 4531 1156 4606 ἁγίου
1171 4451 1466 4610 iiiP-copo:
1498 4535 1834 4611 Ἐπιμάχου.

2703 4340 2945 4397 EODEM
2992 4340 3259 4399 MENSE..

2760 4457 2859 4512 Die
2889 4456 3193 4510 tricesima

2316 4550 2471 4607 I52
2504 4548 2785 4604 Certamen
2816 4547 2994 4601 sancti
3024 4546 3288 4613 martyris
3318 4544 3629 4613 Epimachi.

455 4647 772 4737 Ἐπίμαχος
805 4649 834 4703 6
868 4648 1093 4722 μάρτυς,
1144 4648 1212 4719 ἦν
1270 4650 1365 4737 μὲν
1398 4652 1534 4729 ἀνὴρ
1567 4648 1815 4724 ἰδιώτης,
1843 4653 2045 4728 ὡραῖος

2228 4656 2583 4729 Epimachus
2641 4658 2886 4724 martyr,
2943 4651 3031 4705 vir
3085 4650 3422 4705 litterarum
3478 4666 3688 4722 expers
3745 4657 3806 4706 et

382 4735 441 4793 δὲ
488 4739 561 4809 τῇ
616 4736 761 4810 ὄψει,
817 4739 1084 4814 ὀπάρχων
1152 4737 1213 4795 ἐκ
1277 4735 1466 4816 χώρας
1538 4743 1842 4818 Αἰγύπτου.
1905 4750 2041 4819 Χρι-

378 4826 602 4887 στιανὸς
638 4823 694 4879 δὲ
745 4821 843 4896 ὧν,
894 4828 984 4882 καὶ
1040 4832 1259 4901 θεωρῶν
1307 4830 1400 4884 τὸν
1445 4837 1544 4900 τῆς
1577 4831 1767 4907 χώρας
1800 4827 2043 4907 ἄρχοντα

384 4914 749 4991 βασανίζοντα
796 4914 923 4978 τοὺς
980 4917 1165 4992 ἁγίους
1229 4918 1502 4995 μάρτυρας
1561 4918 1613 4974 ἐν
1664 4917 2043 4993 Ἀλεξανδρείᾳ

377 5006 452 5075 τῇ
479 5002 670 5074 πόλει,
710 5002 987 5063 ἐλυπεῖτο.
1052 5006 1139 5061 Ἐν
1198 5011 1296 5080 μιᾷ
1351 5008 1441 5062 οὖν
1499 5012 1606 5064 τῶν
1639 5011 1885 5085 ἡμερῶν,
1915 5031 2044 5065 κατ-

383 5097 787 5167 αναγκάζοντος
844 5098 948 5149 τοῦ
1004 5092 1272 5170 ἄρχοντος
1326 5095 1454 5160 τοὺς
1506 5098 1691 5174 ἁγίους
1743 5103 1896 5163 θῦσαι
1925 5103 2043 5162 τοῖς

378 5180 665 5249 εἰδώλοις,
700 5181 789 5237 καὶ
818 5186 918 5238 τοῦ
964 5183 1158 5258 βωμοῦ
1215 5186 1601 5261 προκειμένου,
1636 5186 1830 5258 ζήλου,
1862 5190 2044 5252 θεϊκοῦ

378 5269 651 5342 πλησθεὶς
710 5271 739 5327 6
826 5270 1166 5347 Ἐπίμαχος,
1252 5272 1482 5349 ὥρμησε
1532 5277 1893 5350 καταστρέψαι
1949 5277 2041 5333 τὸν

384 5357 598 5437 βωμὸν.
632 5362 792 5419 Ὅθεν
825 5362 1123 5437 κρατηθεὶς
1163 5360 1435 5439 παρεδόθη
1483 5368 1553 5439 τῇ
1596 5364 1835 5440 φυλακῇ.
1869 5364 2048 5423 Ἀλλὰ

376 5450 468 5506 καὶ
526 5450 639 5506 ἐκεῖ
691 5447 1000 5525 παρεκάλει
1080 5449 1208 5512 τοὺς
1290 5452 1500 5527 ἁγίους,
1553 5452 1850 5529 προθύμως
1912 5455 2043 5532 ὑπὲρ

378 5542 609 5616 Χριστοῦ
669 5544 1000 5620 μαρτυρεῖν.
1059 5534 1477 5612 Ἐκϐληθέντων
1509 5539 1568 5598 δὲ
1594 5547 1704 5601 τῶν
1741 5542 1910 5621 ἁγίων
1943 5551 2046 5616 τῆς

382 5631 644 5710 ᾳυλακῆς,
700 5630 799 5689 καὶ
861 5628 960 5686 τὸν
1012 5625 1255 5704 ἄρχοντα
1308 5628 1661 5709 ἐλεγξάντων,
1703 5634 1987 5708 ἠρώτησεν
2016 5635 2046 5690 6

372 5722 572 5804 ἄρχων,
623 5721 717 5782 ὅτι
793 5718 971 5785 πόθεν
1042 5715 1334 5791 ἐκτήσαντο
1384 5720 1485 5792 τήν
1551 5721 1881 5801 παρρησίαν.
1942 5722 2046 5787 Καὶ

2150 4745 2541 4818 ignarus,:sed
2569 4744 2720 4800 facie
2749 4741 2984 4796 liberali
3008 4745 3065 4795 et
3096 4740 3328 4812 decora,
3360 4757 3432 4795 ex
3451 4741 3678 4814 Egypti
3708 4758 3803 4797 re-

2151 4836 2326 4909 gione
2356 4834 2487 4891 fuit.
2521 4833 2892 4889 Christianus
2923 4834 3122 4887 autem
3155 4846 3290 4885 cum
3349 4836 3528 4896 esset,
3562 4836 3619 4886 et
3646 4847 3800 4903 prm-

2150 4923 2371 4979 fectum
2402 4922 2660 4995 regionis
2690 4920 2919 4976 videret
2947 4919 3009 4974 in
3043 4923 3280 4975 sanctos
3334 4924 3626 4992 martyres
3652 4924 3802 4990 ,ιον-

2151 5014 2370 5070 mentis
2400 5014 2463 5069 in
2491 5012 2636 5069 urbe
2668 5010 3041 5067 Alexandria:
3074 5009 3453 5080 debacchari,
3496 5009 3803 5083 aegerrime

2151 5103 2213 5158 id
2242 5103 2396 5158 tulit.
2427 5102 2822 5168 Quamobrem
2853 5100 3111 5172 quadam
3144 5100 3261 5171 die,
3294 5116 3429 5156 cum
3488 5100 3805 5172 praafectus

2153 5198 2393 5249 sanctos
2423 5193 2498 5249 ad
2526 5191 2821 5247 idolorum
2853 5190 3146 5246 sacrificia
3176 5189 3582 5262 compelleret,
3618 5195 3677 5245 et
3704 5205 3810 5245 ara

2154 5299 2355 5337 coram
2385 5281 2688 5355 proposita
2718 5284 2894 5346 esset,
2929 5279 3289 5351 Epimachus
3319 5278 3517 5334 divino
3550 5278 3672 5334 zelo
3702 5279 3797 5335 in-

2154 5370 2515 5438 ﬂammatus,
2550 5371 2776 5443 impetu
2832 5369 2987 5424 facto
3045 5384 3212 5423 oram
3268 5367 3574 5423 subvertit.
3638 5368 3802 5423 Unde

2156 5457 2625 5529 comprehensus
2654 5454 2938 5511 custodia:
2970 5453 3241 5511 traditur.
3278 5453 3389 5509 Sed
3420 5470 3529 5509 nec
3566 5453 3629 5509 in
3658 5454 3805 5509 rvin-

2155 5546 2308 5603 culis
2340 5548 2521 5603 ﬁnem
2546 5545 2804 5602 faciebat
2817 5548 3053 5600 sanctos
3071 5542 3422 5599 cohortandi
3445 5543 3519 5598 ad
3543 5542 3804 5598 subeun-

2155 5635 2299 5692 dum
2327 5636 2561 5693 fortiter
2588 5652 2693 5708 pro
2724 5634 2955 5689 Christo
2989 5631 3357 5704 martyrium.
3388 5630 3594 5687 Educti
3624 5632 3805 5707 igitur

2156 5724 2349 5788 sancti
2380 5725 2454 5786 de
2485 5739 2722 5788 carcere
2753 5738 2888 5781 cum
2908 5721 3254 5796 praefectum
3287 5719 3694 5791 objurgarent,
3714 5720 3807 5775 in-
