4140 6302
421 389 536 449 135

1739 382 2182 445 MENOLOGII
2225 387 2432 450 PARS
2473 390 2527 452 l.

3720 391 3839 452 136

421 522 738 596 terrogavit
762 522 888 592 ille,
913 520 1074 577 unde
1105 525 1303 577 tantos
1332 519 1447 575 sibi
1504 519 1734 575 animos
1784 518 2061 589 sumpsis-

2189 521 2398 593 μαθὼν,
2429 522 2512 579 ὅτι
2546 523 2606 580 ἐκ
2633 529 2731 580 τοῦ
2786 524 3122 601 Ἐπιμάχου,
3179 526 3456 601 κρεμάσας
3487 522 3648 579 αὐτὸν
3677 521 3840 594 ἔξεεν.

423 621 576 672 sent.
610 616 874 685 Cumque
907 614 1296 686 cognovisset,
1315 614 1491 684 hujus
1513 611 1596 666 rei
1615 615 1915 665 auctorem
1940 609 2074 678 Epi-

422 705 701 759 machum
727 703 932 770 fuisse,
973 703 1034 756 in
1094 703 1348 756 sublime
1408 707 1745 772 correptum
1795 697 2073 752 dilaniari

413 794 638 867 jussit:
673 793 844 864 cujus
877 791 1115 864 sanguis
1141 808 1275 846 cum
1308 791 1368 845 in
1413 791 1666 846 alterum
1717 789 2075 843 exstinctum

423 883 662 937 oculum
695 882 977 952 subjecta:
1033 880 1341 953 cujusdam
1401 879 1636 952 puellae,
1699 896 1829 949 quae
1887 893 2073 931 unum

419 971 659 1028 oculum
687 971 935 1041 habens,
969 976 1241 1026 sanctum
1275 969 1636 1036 intuebatur,
1689 968 1936 1039 ejusque
1987 965 2071 1020 fa-

2185 611 2502 684 Ἱσταμένης
2582 611 2639 668 δὲ
2714 615 2951 681 κάτωθεν
3031 616 3431 692 μονορθάλμου
3501 615 3695 688 κόρης,
3753 613 3846 667 καὶ

2189 698 2501 774 βλεπούσης
2566 706 2752 776 αὐτὸν,
2835 707 2924 761 καὶ
3013 707 3306 781 θρηνύσης,
3379 704 3657 774 έπέσταξεν
3708 705 3849 774 αἷμα

2187 787 2264 852 εἱς
2317 791 2411 844 τὸν
2481 791 2802 869 ἐσϐεσμένον
2854 796 3020 865 αὐτῆς
3078 795 3386 870 ὀφθαλμὸν,
3443 795 3531 848 καὶ
3568 793 3724 856 εὐθὺς
3757 793 3848 846 ἀν-

2185 871 2407 950 έϐλεψε.
2447 883 2544 937 Καὶ
2581 884 2850 956 θυμωθεὶς
2899 885 2927 938 ὁ
2978 883 3185 959 ἄρχων,
3233 879 3622 961 ἀπεκεφάλισεν
3658 881 3843 950 αὐτὸν,

2182 965 2271 1018 καὶ
2306 967 2478 1031 οὕτως
2511 970 2823 1043 ἐτελειώθη.

416 1068 548 1117 tum
578 1061 945 1132 deplorabat,
1006 1061 1373 1127 detluxisset,
1422 1059 1616 1114 lucem
1680 1057 1770 1110 illi
1817 1055 2093 1127 protinus
2145 1057 2423 1118 restituit.
2457 1062 2648 1128 Quare
2692 1064 2890 1119 furore
2940 1065 3201 1136 percitus
3249 1061 3614 1134 praafectum,
3667 1060 3844 1115 illum

417 1149 703 1206 decollari
734 1149 1054 1218 mandavit,
1083 1154 1260 1220 atque
1292 1149 1367 1204 ita
1401 1148 1580 1204 vitam
1607 1145 1820 1202 finivit.

1080 1275 1301 1331 Eodem
1331 1275 1426 1329 die

590 1366 743 1421 I58
776 1367 1061 1420 Certamen
1090 1371 1292 1420 sancte
1319 1365 1580 1432 martyris
1608 1362 1912 1430 Eutropia.

498 1482 780 1553 Eutropia
810 1488 1034 1552 martyr
1065 1481 1435 1536 Alexandriae
1468 1480 1692 1551 Egypti
1724 1483 1882 1542 nata,
1941 1492 2075 1530 cum

431 1571 638 1641 ingens
671 1576 996 1641 martyrum
1029 1587 1317 1625 numerus
1347 1571 1406 1624 in
1440 1569 1644 1623 eadem
1678 1568 1822 1622 urbe
1855 1567 1916 1620 in
1948 1567 2072 1619 vin-

428 1660 578 1714 culis
611 1667 786 1727 esset,
821 1677 1024 1714 eorum
1057 1661 1320 1718 miserta.
1346 1676 1503 1713 nunc
1535 1657 1776 1728 quidem
1807 1672 2071 1727 prmsens

427 1748 560 1818 ipsa
600 1748 735 1802 illos
766 1749 1062 1814 visitabat,
1097 1765 1257 1802 nunc
1289 1764 1421 1801 vero
1452 1764 1556 1817 per
1578 1747 1727 1800 alios
1757 1745 1830 1798 iis
1861 1760 2070 1797 neces-

2789 1280 2873 1351 Τῇ
2895 1277 3032 1352 αὐτῇ
3054 1274 3237 1353 ἡμέρᾳ

2382 1362 2652 1436 νΑθλησις
2680 1373 2779 1436 τῆς
2818 1367 2969 1442 ἁγίας
3000 1366 3270 1441 μάρτυρος
3303 1364 3632 1441 Εὖτροπίας.

2255 1477 2316 1530 ἹΙ
2380 1480 2586 1552 μάρτυς
2646 1480 2920 1555 Εὖτροπία
2975 1481 3042 1551 ἦν
3111 1482 3215 1536 ἀπὸ
3274 1478 3683 1554 ’Δλεξανδρείας
3740 1485 3842 1548 τῆς

2183 1565 2486 1638 Αἰγύπτου.
2523 1570 2670 1625 Ἐπεί
2732 1568 2790 1624 δὲ
2845 1570 3056 1640 πλῆτος
3117 1569 3405 1645 μαρτύρων
3437 1569 3488 1623 ἐν
3519 1573 3587 1642 τῇ
3620 1567 3840 1644 φυλακῇ

2179 1657 2278 1718 τῆς
2334 1655 2502 1725 αὐτῆς
2579 1658 2796 1721 πόλεως
2872 1658 3286 1728 ἀποκέκλειστο,
3337 1657 3564 1713 ἐλεοῦσα
3619 1658 3840 1725 αὐτοὺς,

2179 1745 2311 1796 ποτε
2357 1745 2449 1816 μὶν
2509 1746 2816 1822 ἀπηρχετο,
2874 1749 2964 1803 καὶ
3022 1747 3397 1815 ἐπεσκέπτετο,
3457 1747 3587 1801 ποτὶ
3644 1744 3700 1800 δὲ
3731 1746 3839 1800 ἀπ-

428 1808 618 1891 sarios
650 1844 918 1907 sumptus
948 1808 1382 1908 suppeditabat.
1430 1808 1824 1900 Quamobrem
1876 1833 2061 1886 delata

2182 1831 2430 1887 έστελλεν
2467 1833 2649 1897 αὐτοῖς
2673 1838 2737 1889 τὰ
2763 1837 2898 1910 πρὸς
2925 1838 3025 1904 τήν
3057 1836 3270 1911 χρείαν.
3303 1836 3458 1893 Οὕτω
3491 1834 3548 1890 δὲ
3579 1840 3835 1904 ποιοῦσα,

427 1924 501 1978 ad
532 1925 910 1994 Apellianum
946 1925 1312 1996 przefectum,
1338 1924 1768 1994 comprehensa
1795 1922 1853 1974 in
1878 1936 2078 1974 carce-

431 2029 557 2068 rem
590 2014 944 2068 detruditur.
982 2014 1122 2068 Inde
1155 2013 1385 2079 educta,
1420 2011 1700 2066 tribunali
1730 2011 1858 2082 ejus
1917 2009 2078 2064 sisti-

425 2107 555 2156 tur:
587 2109 645 2157 et
674 2105 972 2159 Christum
1005 2105 1293 2174 professa,
1328 2103 1387 2156 in
1420 2102 1740 2172 equuleum
1772 2100 1984 2171 agitur,
2017 2104 2076 2151 et

421 2193 651 2246 facibus
685 2193 993 2247 aduritur:
1029 2210 1144 2262 quo
1179 2193 1236 2245 in
1280 2197 1574 2245 tormento
1622 2191 1776 2244 elata
1822 2194 2075 2242 tortores

422 2297 560 2335 voce
591 2282 944 2346 inclamans,
979 2282 1210 2335 aiebat:
1247 2283 1508 2350 Magnam
1571 2279 1715 2332 mihi
1765 2277 2072 2348 refrigera-

423 2371 646 2424 tionem
677 2371 868 2439 all‘ert,
922 2386 1100 2439 quam
1155 2369 1487 2435 infunditis,
1547 2385 1719 2437 aqua.
1780 2367 2074 2420 Flammas

421 2461 641 2530 quippe
671 2459 833 2512 velut
863 2475 1047 2529 aquas
1077 2458 1376 2520 censebat,
1403 2457 1875 2525 affirmabatque,
1904 2455 2073 2509 terri-

418 2549 602 2604 bilem
651 2565 713 2604 se
744 2549 962 2604 intueri
997 2549 1186 2602 virum
1231 2548 1375 2602 Filio
1409 2549 1509 2602 Dei
1561 2547 1844 2614 similem,
1894 2561 2071 2615 quem

420 2639 600 2694 etiam
623 2638 867 2707 milites,
902 2643 960 2692 et
990 2643 1282 2708 quotquot
1311 2637 1580 2702 aderant,
1614 2635 1901 2690 viderant.
1938 2636 2070 2688 Haec

420 2729 648 2794 dicens,
680 2734 739 2783 et
766 2729 986 2801 gratias
1025 2729 1256 2783 Christo
1287 2745 1489 2800 agens,
1525 2745 1630 2799 pro
1689 2743 1805 2796 quo
1855 2726 2068 2797 hujus-

420 2819 580 2874 modi
612 2818 907 2873 cruciatus
957 2817 1216 2873 libenter
1274 2817 1629 2889 perferebat,
1692 2817 1929 2870 beatam
1979 2814 2067 2869 illi

416 2907 680 2964 animam
711 2906 986 2962 reddidit.

970 3115 1211 3171 EODEM
1251 3114 1501 3170 MENSE.

908 3232 1011 3287 Die
1039 3232 1340 3287 tricesima
1370 3232 1564 3302 prima

410 3348 568 3404 I54
618 3347 905 3402 Certamen
951 3349 1288 3401 sacrosancti
1345 3345 1607 3415 martyris
1691 3344 1928 3410 Zenobii,
2009 3348 2063 3396 et

909 3417 1160 3474 Zenobia?
1186 3417 1387 3472 sororis
1426 3421 1561 3488 ejus.

484 3533 774 3588 Zenobius
799 3539 1042 3605 martyr,
1070 3531 1448 3590 Diocletiano
1466 3535 1845 3605 imperatore,
1877 3533 2062 3586 Zeno-

409 3622 547 3677 doto
576 3629 634 3676 et
663 3622 877 3678 Thecla
910 3623 1260 3678 Christianis
1291 3623 1637 3695 parentibus
1670 3627 1864 3688 natus,
1898 3637 2058 3674 soro-

409 3729 535 3768 rem
569 3713 886 3768 Zenobiam
922 3713 1146 3769 habuit.
1177 3716 1320 3769 Cum
1351 3721 1548 3770 autem
1581 3721 1752 3769 aetate
1785 3711 1983 3778 simul,
2005 3717 2062 3764 et

405 3803 509 3859 Dei
539 3803 895 3875 cognitione,
928 3809 1105 3873 atque
1134 3805 1348 3874 pietate
1380 3805 1713 3876 proficeret,
1749 3803 2058 3873 episcopus

406 3896 569 3950 urbis
601 3899 826 3968 Αῐςτθω,
863 3897 961 3950 ubi
996 3903 1168 3951 natus
1201 3899 1411 3965 fuerat,
1465 3897 1789 3952 ordinatur.
1847 3895 2057 3949 Multas

406 4004 542 4041 vero
575 3987 635 4041 in
668 3987 888 4044 Christi
922 3988 1163 4042 nomine
1195 3989 1534 4042 curationes
1567 3988 1838 4053 faciebat,
1872 3993 1939 4041 ut
1968 3985 2058 4040 vel

405 4093 528 4142 eos,
555 4077 650 4144 qui
682 4076 1313 4131 medicisinsanabilcs
1336 4083 1505 4132 erant
1533 4078 1770 4131 morbos
1801 4082 2055 4143 cnraret,

404 4165 882 4234 Comprehensus
944 4165 1164 4235 itaque,
1222 4167 1405 4237 Lysiae
1472 4166 1746 4236 praefecto
1805 4166 2053 4220 sistitur.

403 4252 568 4318 Quod
595 4252 692 4306 ubi
727 4253 962 4307 rescivit
1013 4255 1267 4309 Zenobia
1297 4273 1482 4320 soror,
1536 4256 1791 4325 seipsam
1847 4260 2054 4324 sponte

407 4342 640 4397 obtulit.
695 4341 877 4413 Igitur
907 4343 1169 4414 primum
1197 4345 1352 4412 caasi,
1387 4351 1446 4400 et
1475 4345 1627 4400 lecto
1676 4345 1866 4399 ferreo
1915 4361 2054 4398 can-

405 4431 568 4486 denti
605 4432 868 4502 impositi
898 4452 911 4498 ;
948 4431 1162 4488 deinde
1190 4433 1251 4487 in
1283 4433 1606 4488 ferventem
1639 4433 1892 4488 lebetem
1924 4435 2053 4504 pice

2184 1918 2449 1992 διεϐληθη
2509 1929 2589 1996 τῷ
2648 1927 2883 1999 ἡγεμόνι
2945 1925 3313 1996 Ἀπελλιανῷ.
3366 1933 3423 1981 Ὀ
3473 1923 3530 1979 δὲ
3560 1927 3836 1996 κρατήσας

2181 2010 2348 2078 αὐτὴν
2384 2009 2680 2068 ἐνέκλεισεν
2729 2014 2806 2078 εἰς
2855 2015 3121 2090 φυλακήν.
3181 2017 3310 2070 Εἶτα
3359 2010 3605 2069 ἐκϐαλὼν
3639 2015 3834 2082 αὐτὴν,

2181 2098 2587 2172 παρέστησετῴ
2624 2103 2830 2176 βήματι
2889 2104 3076 2157 αὐτοῦ’
3137 2105 3221 2158 καὶ
3287 2103 3704 2178 ὁμολογήσασαν
3739 2123 3833 2155 τον

2179 2188 2407 2261 Χριστὸν
2467 2188 2750 2264 ἐκρέμασε,
2836 2193 2923 2246 καὶ
3010 2191 3258 2263 λαμπάσι
3315 2194 3616 2246 κατέκαιεν.
3675 2193 3839 2251 ἾΙτις

2177 2279 2441 2348 καιομένη
2477 2273 2606 2332 ἐϐόα
2660 2281 2798 2348 πρὸς
2854 2279 2980 2342 τοὺς
3033 2285 3412 2354 τιμωροῦντας
3451 2279 3710 2351 δημίους,
3742 2279 3839 2332 καὶ

2180 2361 2348 2436 ἔλεγε*
2384 2367 2614 2440 Μεγαλη
2665 2371 2698 2436 ἡ
2750 2369 3034 2441 ψυχρότης
3081 2374 3176 2422 τοῦ
3225 2367 3416 2429 ὕδατος
3446 2368 3662 2438 τούτου,
3699 2366 3838 2436 ὅπερ

2181 2473 2274 2523 μοι
2305 2451 2570 2528 ἐπιχέετε.
2631 2458 2732 2518 Τὰς
2791 2458 2896 2532 γὰρ
2957 2455 3190 2532 φλόγας,
3239 2457 3311 2519 ὠς
3343 2455 3488 2532 ὕδωρ
3524 2456 3838 2530 ἐλογίζετος

2177 2540 2265 2594 καὶ
2326 2540 2698 2600 διεϐεϐαιοῦτο
2758 2547 2885 2618 ὁρᾷν
2947 2545 3115 2622 ἄνδρα
3171 2543 3402 2621 φοϐερὸν
3473 2547 3663 2618 ὅμοιον
3720 2547 3838 2614 Υἱῷ

2174 2633 2272 2681 τοῦ
2325 2637 2480 2685 θεοῦ’
2542 2635 2726 2688 ὅντινα
2776 2634 2866 2688 καὶ
2925 2635 2982 2688 οἱ
3040 2640 3362 2709 στρατιῶται
3430 2630 3684 2706 ἔϐλεπον,
3738 2633 3837 2687 καὶ

2175 2719 2372 2781 πάντες
2430 2722 2482 2774 οἱ
2538 2727 2897 2797 παρεστῶτες.
2959 2726 3194 2780 Τοιαῦτα
3250 2724 3502 2798 λέγουσα,
3541 2723 3631 2778 καὶ
3663 2722 3839 2796 εὐχα-

2178 2813 2432 2882 ριστοῦσα
2462 2813 2700 2886 Χριστῷ,
2735 2811 2806 2867 δι’
2833 2813 2890 2867 ὅν
2921 2813 3015 2875 τάς
3065 2813 3318 2876 τοιαύτας
3353 2811 3660 2890 ἀλγηδόνας
3688 2813 3836 2887 πρὸς

2176 2897 2366 2969 θῦμως
2423 2899 2671 2974 ὑπέμενε,
2758 2899 3066 2977 παρέδωκεν
3155 2901 3302 2974 αὐτῷ
3383 2903 3483 2971 την
3558 2904 3832 2974 μακαρίαν

2173 2986 2342 3057 αὐτῆς
2365 2992 2574 3064 ψυχήν,

2739 3135 2919 3194 MIINI
2949 3137 3039 3213 Τῼ
3069 3136 3267 3213 ΔΥΤῼ.

2937 3253 3065 3309 ΛΑ’.

2175 3367 2436 3438 ’Ἃθλησις
2464 3372 2560 3422 τοῦ
2614 3368 2774 3444 ἀγίου
2831 3364 3577 3444 ἱερομάρτυροςη-Ζηνοϐίου,
3607 3368 3698 3424 καὶ
3728 3376 3838 3439 τῆς

2602 3437 2842 3516 ἀδελφῆς
2884 3437 3049 3495 αὐτοῦ
3081 3437 3363 3511 Ζηνοϐίας.

2243 3559 2306 3615 Ὁ
2360 3560 2564 3633 μάρτυς
2623 3554 2888 3628 Ζηνόϐιος
2948 3561 3165 3634 ὑπῆρχε
3216 3565 3310 3629 μὲν
3369 3558 3457 3614 ἐπὶ
3504 3567 3603 3629 τῆς
3668 3561 3834 3634 βασι-

2172 3647 2323 3710 λείας
2405 3648 2822 3718 Διοκλητιανοῦο
2905 3650 3023 3714 υἱὸς
3100 3647 3405 3720 Ζηνοδότου
3461 3651 3550 3704 καὶ
3609 3648 3831 3720 Θέκλης

2171 3740 2506 3813 Χριστιανῶν
2566 3734 2945 3813 ὕπαρχόντων.
3008 3740 3142 3812 Εἶχε
3195 3735 3253 3792 δὲ
3308 3739 3396 3793 καὶ
3445 3737 3688 3816 ἀδελφὴν
3724 3759 3828 3793 κα-

2172 3827 2445 3900 λουμένην
2505 3823 2792 3897 Ζηνοϐιαν.
2857 3829 3140 3903 Προκόψας
3195 3825 3251 3882 δὲ
3305 3830 3382 3890 εἱς
3440 3827 3685 3897 ἡλικίαν,
3729 3829 3822 3883 καὶ

2170 3916 2248 3978 εἷς
2304 3917 2402 3984 τήν
2460 3918 2594 3971 κατὰ
2657 3917 2784 3971 Θεὸν
2843 3921 3040 3992 γνῶσιν
3095 3922 3191 3970 καῖ
3243 3912 3534 3985 ἐυσέϐειαν,
3598 3916 3818 3971 ἐπίσκο-

2168 4026 2268 4067 πος
2328 4006 2736 4080 προχειρίζεται
2789 4012 2889 4074 τῆς
2945 4005 3186 4080 Αἰγαίων
3243 4005 3476 4074 πόλεως,
3531 4005 3581 4059 ἐν
3724 4006 3819 4060 καὶ

2167 4095 2449 4170 ἐγεννήθη.
2487 4095 2748 4160 Ηλείστας
2798 4093 2854 4150 δὲ
2905 4095 3069 4158 ἷοίσεις
3129 4095 3368 4151 ἐπετέλει
3395 4097 3444 4150 ἐν
3475 4101 3554 4168 τῷ
3586 4097 3818 4169 ὀνόματι

2163 4189 2261 4239 τοῦ
2315 4189 2570 4259 Χριστοῦ,
2630 4185 2705 4245 ὠς
2747 4185 2838 4240 καὶ
2891 4186 2956 4239 τὰ
3014 4188 3159 4260 παρά
3210 4191 3317 4241 τῶν
3371 4185 3566 4252 ἰατρῶν
3600 4186 3823 4260 ἀπηγο-

2167 4271 2399 4343 ρευμένα
2429 4272 2574 4342 πάθη
2631 4271 2962 4345 θεραπεύειν.
3022 4274 3194 4336 Οὗτος
3247 4274 3534 4348 γρατηθείς
3573 4276 3815 4348 παρέστη

2165 4364 2243 4431 τῷ
2299 4361 2530 4434 ἡγεμόνι
2587 4361 2776 4431 Λυσίᾳ.
2834 4362 2930 4414 Καὶ
2991 4360 3234 4434 μαθοῦσα
3287 4367 3448 4418 τοῦτο
3508 4366 3543 4432 ἡ
3602 4361 3815 4438 ἀδελφή

2164 4448 2327 4503 αὐτοῦ
2386 4444 2626 4519 Ζηνοϐία
2684 4446 2950 4504 ἐπέδωκεν
3008 4451 3200 4518 ἑαυτὴν
3261 4451 3817 4514 ὲκουσίως.Τόπτον-

405 4520 650 4592 plenum
683 4520 909 4592 injecti,
943 4527 1121 4592 atque
1154 4539 1221 4576 ex
1275 4523 1367 4578 his
1419 4523 1695 4577 omnibus
1740 4523 2052 4576 tormentis

2176 4559 2243 4592 ται
2305 4538 2419 4604 οὗν,
2479 4538 2567 4592 καὶ
2627 4536 2714 4592 ἐπὶ
2779 4537 2973 4608 κλίνης
3032 4537 3256 4615 σιδηρᾶς
3313 4541 3816 4616 πεπυρακτωμένης

398 4610 595 4666 divina
611 4611 798 4682 gratia
822 4611 1028 4683 erepti,
1053 4613 1495 4684 compelluntur
1518 4613 1753 4678 iterum,
1787 4630 1904 4683 qua
1926 4618 2052 4667 erat

397 4699 708 4771 praefectus
732 4699 1051 4768 dementia,
1085 4702 1334 4773 impuris
1357 4701 1666 4756 daemoniis
1689 4703 2044 4758 sacrificare.

398 4788 506 4843 Sed
531 4804 665 4842 cum
696 4788 760 4842 in
791 4791 1094 4859 pr0posito
1126 4796 1563 4862 permanerent,
1618 4792 1812 4864 gladio
1865 4792 2046 4847 ﬁnem

399 4892 716 4949 accepere:
751 4882 927 4948 atque
962 4879 1042 4934 ita
1070 4882 1422 4952 martyrium
1454 4885 1962 4936 consummarunt.

1042 5143 1261 5200 Eodem
1284 5145 1400 5202 die.

404 5234 558 5290 I55
619 5232 1066 5307 Commemoratio
1120 5242 1435 5291 sanctorum
1486 5237 1853 5307 apostolorum
1910 5239 2041 5294 Sta-

656 5305 802 5373 chys,
837 5305 1097 5376 Amplice,
1139 5307 1364 5374 Urbani,
1399 5314 1449 5362 et
1475 5305 1764 5364 sociorum.

464 5422 714 5476 Sanctus
736 5421 1038 5493 apostolus
1058 5424 1300 5495 Stacbys
1321 5425 1393 5480 ab
1410 5426 1644 5481 Andrea
1667 5427 2040 5484 sanctissimo
2116 5440 2120 5444 ‘

388 5513 658 5584 apostolo
691 5513 1005 5584 cpiscopus
1038 5516 1295 5586 Byzantii
1329 5516 1658 5582 ordinatur,
1693 5535 1826 5572 cum
1859 5519 2041 5574 eccle-

391 5604 540 5658 siam
559 5603 904 5675 Argyropoli
940 5605 1312 5674 aediﬁcasset,
1342 5607 1402 5662 in
1427 5623 1543 5678 qua
1566 5608 2037 5666 Chrirtianorum

389 5692 504 5747 duo
533 5692 723 5748 millia
755 5694 1209 5766 conveniebant,
1245 5713 1464 5768 eosque
1495 5697 1738 5769 Stachys
1771 5698 2036 5755 docebat.

385 5782 599 5838 Tenuit
627 5787 828 5841 autem
859 5785 1266 5858 episcopatum
1299 5786 1373 5843 ad
1404 5801 1593 5844 annos
1626 5789 1946 5872 sexdecim,
1981 5809 2040 5861 et

2161 4625 2549 4705 ἐφαπλοῦνται·
2606 4626 2695 4682 καὶ
2753 4626 2829 4690 είς
2913 4623 3118 4698 λέϐητα
3184 4632 3368 4698 ζέοντα
3433 4632 3524 4685 καὶ
3579 4629 3819 4706 γέμοντα

2158 4718 2355 4787 πίσσης
2432 4712 2826 4790 ἐμϐάλλονται.
2898 4718 3202 4782 Ῥυσθέντες
3277 4716 3335 4773 δὶ
3406 4723 3475 4793 τῇ
3523 4725 3619 4774 τοῦ
3676 4727 3818 4791 Θεοῦ

2161 4807 2346 4883 χάριτι
2393 4811 2502 4862 τῶν
2563 4805 2827 4861 τοιούτων
2893 4807 3160 4881 βασάνων,
3203 4807 3369 4864 πάλιν
3428 4809 3816 4884 ἀναγκάζονται

2157 4899 2309 4952 Θῦσαι
2366 4901 2483 4958 τοῖς
2539 4895 2865 4970 ἀκαθάρτοις
2927 4895 3202 4971 δαίμοσιν,
3263 4899 3494 4973 ἀπονοίᾳ
3534 4904 3630 4954 τοῦ
3664 4897 3816 4955 δικάο

2159 4991 2364 5055 ζοντος.
2398 4986 2487 5054 Μὴ
2539 4983 2844 5048 πεισθέντες
2907 4983 2984 5056 δὲ,
3035 4987 3134 5054 τὴν
3195 4984 3282 5041 διὰ
3341 4987 3525 5066 ξίφους
3572 4986 3815 5060 ἐδέξαντο

2153 5074 2431 5147 τελευτήν.
2469 5073 2566 5132 Καὶ
2599 5073 2773 5140 οὕτως
2803 5074 3219 5147 ἐτελειώθησαν,

2737 5167 2823 5236 Τῇ
2853 5165 2986 5240 αὐτῇ
3019 5163 3223 5241 ἡμέρᾳ.

2225 5256 2431 5329 Μνήμη
2465 5257 2586 5331 τῶν⁵
2605 5253 2775 5331 ἀγίῶν
2807 5253 3130 5331 ἀποστόλων
3167 5254 3436 5331 ξτάχνος,
3472 5256 3736 5330 Ἀμπλία,

2436 5320 2742 5401 Οὐρϐανοῦ,
2771 5325 2861 5379 καὶ
2905 5333 3006 5395 τῆς
3038 5320 3522 5389 συνοδίαςάὐτῶν,

2221 5444 2282 5499 Ὁ
2315 5444 2472 5517 ἅγιος
2525 5437 2832 5502 ἀπόστολος
2888 5441 3126 5516 Σταχυς,
3180 5441 3481 5506 ἐπίσκοπος
3523 5445 3809 5521 προχειρί-

2153 5539 2296 5604 ζεται
2345 5537 2442 5586 τοῦ
2493 5533 2789 5601 Βυζαντίου
2839 5531 2985 5606 παρά
3041 5529 3294 5606 Ἀνδρέου
3340 5538 3436 5588 τοῦ
3503 5537 3809 5610 ἀγιωτάτου

2151 5622 2486 5691 ἀποστόλου,
2545 5623 2827 5685 κτίσαντος
2881 5618 3174 5691 ἐκκλησίαν
3228 5624 3393 5696 πέραν
3445 5624 3811 5702 ἑννἈργυρο-

2148 5713 2330 5770 πόλει·
2383 5711 2435 5766 ἐν
2571 5711 2660 5766 καὶ
2702 5712 3122 5785 συνηθροίζοντο
3169 5714 3507 5787 Χριστιανοὶ,
3554 5715 3646 5770 τὸν
3689 5716 3807 5790 ἀρι-

2149 5804 2284 5879 θμὸν
2348 5800 2639 5876 δισχίλιοι.
2716 5802 2817 5856 Καὶ
2891 5798 3158 5857 διδάσκων
3235 5801 3451 5874 αὐτοὺς,
3511 5801 3801 5879 ἐκράτησεν
