4132 6328
281 351 387 410 137

1733 356 2208 418 NOVEMBER.

3577 359 3693 420 £38

278 480 358 535 ἐπὶ
414 475 509 551 ἔτη
567 477 804 554 δεκαέξ·
877 479 978 538 Καὶ
1034 480 1305 556 ἐκοιμήθη
1366 481 1418 537 ἐν
1479 484 1690 558 εἰρήνῃ.
1750 486 1811 542 Ὁ
1867 482 1922 541 δὲ

2039 488 2099 542 in
2152 503 2295 559 pace
2355 486 2728 544 obdormivit.
2791 487 3054 560 Amplias
3112 492 3310 544 autem
3380 490 3693 562 episcopus

272 569 552 644 ’Δμπλίας
609 570 911 634 ἐπίσκοπος
992 578 1092 640 τῆς
1149 571 1631 636 Ὀδυσσουπόλεως
1691 574 1922 648 ἐγένετο,

275 663 460 736 χώρας
495 656 854 730 Μακεδονίας,
905 661 1200 735 ἀναιρεθεὶς
1261 663 1364 717 ὑπὸ
1423 661 1730 734 Ἑλλήνων.
1769 665 1830 721 Ὀ
1863 661 1927 718 δὲ

276 745 551 825 Οὖρϐανὸς
609 749 909 812 ἐπίσκοπος
960 748 1294 816 Μακεδονίας
1348 751 1592 827 ἐγένετο,
1651 755 1924 831 φονευθεὶς

274 840 359 894 καὶ
389 839 558 900 αὐτὸς
593 838 696 893 ὖπὸ
749 859 810 892 τε
860 836 1140 894 Ἰουδαίων
1181 839 1271 893 καὶ
1328 840 1616 912 Ἐλλήνων
1668 843 1802 914 μετᾶ
1831 844 1922 898 καὶ

275 928 470 1000 ἑτέρων
531 924 760 982 πολλῶν
798 973 810 984 .
892 928 994 983 Καὶ
1049 927 1222 989 οὕτως
1267 927 1317 982 ἐν
1375 931 1557 1006 ἡμέρᾳ
1627 935 1726 1004 μιᾷ
1784 930 1925 986 οὕτω

277 1011 630 1086 συμϐάντος,
691 1013 966 1092 διαφόρως
1050 1017 1454 1090 βασανισθέντες
1526 1024 1577 1073 ἐν
1640 1017 1924 1098 διαφόροις

275 1107 483 1174 τόποις,
517 1107 608 1161 καὶ
637 1103 836 1172 ἔθνεσι,
882 1105 970 1160 καί
1029 1107 1222 1162 πόλεσι
1270 1110 1417 1181 παρά
1471 1114 1578 1164 τῶν
1632 1111 1708 1182 μὴ
1761 1132 1923 1185 γινω-

276 1195 510 1250 σκόντων
532 1197 626 1250 τὸν
665 1195 793 1250 Θεὸν
851 1194 1137 1264 Ἑλλήνων
1197 1218 1254 1251 τε
1309 1198 1399 1251 καὶ
1460 1197 1648 1269 ἐθνῶν,
1677 1195 1923 1274 παρέδω-

275 1307 364 1339 καν
391 1287 491 1346 τας
544 1287 813 1359 μακαρίας
868 1283 1042 1339 αὐτῶν
1097 1287 1278 1361 ψυχᾶς
1327 1290 1407 1358 τῷ
1463 1288 1665 1361 Κυρίῳ.
1729 1290 1811 1345 Τὰ
1867 1286 1924 1343 δὲ

271 1373 423 1446 τίμια
491 1371 727 1446 λείψανα
809 1372 987 1428 αὐτῶν
1073 1373 1291 1448 ὕστερον
1353 1377 1818 1450 μετακομισθέντα
1872 1376 1924 1432 ἐν

272 1461 840 1518 Κωνσταντινουπόλει
877 1506 892 1532 ,
978 1460 1236 1534 ἐτέθησαν
1307 1463 1358 1519 ἐν
1417 1471 1537 1528 ταῖς
1596 1463 1922 1541 λεγομέναις

271 1557 498 1626 Πηγαῖς.

540 1685 866 1780 ΜΗΝΙ
946 1685 1648 1782 ΝΟΕΜΒΡΙΩ.

891 1856 979 1912 Ἐν
1009 1859 1078 1930 τῇ
1108 1857 1300 1932 πρώτη

282 1971 330 2021 Η
386 1963 653 2038 κοίμησις
706 1967 844 2039 ῌτῶν
904 1962 1070 2039 ἁγίων
1152 1963 1501 2039 Ἀναργύρων
1559 1965 1777 2039 ΔΚοσμὸἱ
1831 1965 1922 2020 καὶ

456 2031 757 2109 Λαμιανοῦ,
788 2039 896 2090 τῶν
926 2031 1058 2090 υἱῶν
1108 2041 1210 2105 τῆς
1257 2031 1414 2110 ἁγίας
1445 2031 1740 2107 Θεοδότης.

337 2147 572 2216 Κοσμᾶς
597 2141 686 2197 καὶ
718 2142 1014 2215 Δαμιανὸς,
1045 2143 1097 2196 οἱ
1156 2143 1305 2218 ἅγιοι
1363 2143 1709 2219 Ἀνάργυροι,
1744 2143 1920 2218 ὑπῆρ-

269 2251 364 2308 χον
397 2233 512 2287 υἱοὶ
541 2231 798 2307 γυναικὸς
841 2252 990 2294 τινος
1049 2233 1404 2306 Χριστιανῆς,
1465 2232 1694 2305 ὀνόματι
1725 2230 1921 2289 Θεοδό-

266 2341 382 2393 της·
421 2319 771 2396 διδαχθέντες
804 2321 899 2394 μὲν
954 2323 1082 2396 παρ’
1131 2319 1298 2391 αὐτῆς
1335 2322 1434 2390 τὴν
1493 2322 1659 2397 ὀρθὴν
1717 2323 1919 2384 πίστιν.

265 2412 350 2467 καὶ
380 2413 450 2466 τὰ
470 2411 594 2486 ἱερᾶ
622 2409 936 2486 γράμματα·
971 2409 1118 2486 παρὰ
1162 2407 1221 2465 δὲ
1271 2415 1368 2465 τοῦ
1400 2412 1556 2487 ἅγίου
1609 2411 1923 2485 Πνεύματος

264 2502 363 2569 τήν
392 2500 650 2575 ἷατρικήν
672 2501 894 2575 τέχνην.
925 2501 1024 2557 Καῖ
1053 2499 1292 2572 ἴάτρευον
1320 2499 1382 2555 οὗ
1413 2499 1574 2574 μόνον
1603 2502 1922 2577 ἀνθρώπους

267 2589 412 2646 ἄλλα
440 2589 532 2644 καὶ
564 2591 762 2660 κτήνη,
806 2589 996 2662 μισθὸν
1052 2590 1200 2663 παρά
1227 2610 1372 2653 τινος
1413 2591 1489 2662 μὴ
1524 2585 1918 2663 λαμϐανοντες.

267 2678 666 2754 Ἐθεράπευσαν
704 2675 762 2732 δὲ
815 2678 906 2732 καὶ
954 2677 1182 2752 γυναῖκά
1235 2699 1356 2732 τινα
1413 2678 1638 2751 ὀνόματι
1697 2678 1921 2735 Παλλα-

269 2767 406 2825 δὶαν.
443 2769 600 2829 Ἠτις
626 2767 805 2845 κρύφα
829 2765 1252 2842 προσδραμοῦσα
1309 2773 1388 2840 τῷ
1443 2768 1580 2844 ἁγίῳ
1639 2774 1916 2841 Δαμιανῷ,

269 2859 604 2934 προσέφερεν
657 2857 739 2912 ὡὰ
803 2856 962 2930 τρία.
1021 2857 1123 2914 Καὶ
1181 2861 1342 2912 τοῦτο
1392 2859 1623 2922 ἆκούσας
1679 2859 1707 2913 ὁ
1766 2860 1916 2936 ἅγιος

269 2950 514 3020 Κοσμᾶς,
575 2945 941 3022 παρήγγειλε,
974 2949 1050 3019 μὴ
1087 2948 1312 3020 μεθῆναι
1345 2947 1405 3001 τὸ
1438 2945 1691 3021 λείψανον
1720 2955 1918 3020 Δαμιαο

266 3041 360 3091 νοῦ
394 3036 445 3089 ἐν
479 3039 549 3109 τῇ
572 3034 800 3108 τελευτῇ
835 3035 996 3089 αὒτοῦ
1022 3037 1137 3108 μετ’
1156 3034 1341 3094 αὐτοῦ.
1363 3036 1667 3108 Έκοιμήθη
1703 3034 1760 3091 δὲ
1790 3036 1918 3113 πρός

263 3127 470 3193 τερονὸ
501 3121 655 3200 ἅγιος
699 3130 937 3197 Κοσμᾶς’
970 3124 1058 3179 καὶ
1096 3125 1230 3197 μετὰ
1283 3129 1448 3179 ταῦτα
1492 3123 1914 3196 τελευτήσαντος

1946 1861 1996 1927 Β

2039 576 2455 648 Ulyssipoleos,
2490 594 2620 648 quae
2653 581 2743 631 est
2773 577 2832 630 in
2884 577 3243 645 Macedonia,
3277 594 3310 633 a
3342 579 3558 633 Graecis
3590 579 3686 634 in-

2037 671 2364 738 teremptus
2395 671 2500 721 est.
2529 666 2798 723 Urbanus
2825 683 2961 721 vero
2986 667 3340 722 Macedonia)
3372 668 3686 739 episcopus

2037 762 2096 811 et
2124 757 2248 827 ipse
2279 773 2314 810 a
2343 756 2560 812 Judaeis
2587 761 2644 810 et
2673 757 2888 812 Graacis
2936 773 3056 811 una
3083 773 3218 811 cum
3248 758 3521 828 pluribus
3554 759 3689 813 aliis

2036 847 2299 900 occisus:
2329 851 2504 916 atque
2535 847 2617 900 ita
2666 863 2782 901 uno
2833 845 3158 916 eodemque
3199 846 3293 901 die
3325 848 3592 919 contigit,
3625 853 3691 903 ut

2036 935 2134 989 alii
2161 935 2278 989 alia
2307 935 2536 989 ratione
2568 935 2627 988 in
2679 935 2924 989 diversis
2977 935 3144 1002 locis,
3192 940 3251 990 et
3297 937 3588 1007 gentibus,
3620 953 3686 992 ac

2037 1023 2369 1078 civitatibus
2401 1025 2720 1078 excruciati
2752 1024 2938 1090 abiis,
2966 1025 3066 1094 qui
3096 1025 3280 1079 Deum
3314 1025 3684 1097 ignorabant,

2037 1113 2251 1167 Graecis
2284 1117 2341 1167 et
2367 1113 2662 1184 gentibus,
2694 1113 2897 1167 felices
2941 1114 3189 1168 Domino
3237 1115 3470 1169 animas
3501 1115 3686 1170 tradi-

2036 1202 2270 1256 derint:
2305 1219 2556 1272 quorum
2585 1203 2859 1274 pretiosas
2889 1202 3157 1273 reliquiae
3189 1203 3688 1276 Constantinopo-

2035 1292 2140 1346 lim
2173 1293 2326 1348 156
2358 1297 2563 1363 postea
2591 1293 2910 1362 translatae,
2939 1293 3000 1347 in
3020 1309 3108 1361 eo,
3134 1294 3234 1364 qui
3265 1295 3418 1349 Fons
3447 1293 3684 1366 dicitur,

2034 1381 2165 1437 loco
2196 1381 2478 1452 depositas
2509 1381 2767 1436 fuerunt.

2287 1667 2552 1762 MEN
2562 1665 2711 1760 SE
2777 1666 2849 1760 N
2869 1667 3437 1764 OVEMBRI

2690 1833 2793 1888 Die
2831 1832 3026 1904 prima

2029 1943 2179 2000 151
2239 1943 2504 1996 Dormitio
2557 1947 2874 1996 sanctorum
2927 1943 3348 2013 Anargyrorum
3393 1944 3598 2000 Cosmae
3627 1951 3681 2000 et

2279 2015 2560 2076 Damiani,
2588 2013 2832 2082 ﬁliorum
2874 2020 3083 2070 sanctae
3117 2014 3429 2071 Theodotae.

2098 2120 2338 2175 Cosmas
2370 2124 2428 2175 et
2457 2121 2797 2188 Damianus,
2821 2122 3011 2175 sancti
3035 2123 3343 2193 Anargyri,
3374 2122 3538 2178 fuere
3570 2123 3680 2179 ﬁlii

2029 2208 2340 2280 cujusdam
2373 2209 2720 2264 Christianae
2741 2208 3032 2274 mulieris,
3058 2210 3301 2263 nomine
3329 2211 3640 2267 Theodotai
3665 2227 3679 2268 :

2029 2316 2064 2355 a
2093 2315 2211 2370 qua
2239 2303 2463 2354 rectam
2496 2298 2696 2366 fidem,
2730 2314 3045 2368 sacrasque
3098 2298 3349 2367 litteras,
3389 2300 3682 2358 medicam

2027 2393 2226 2443 autem
2283 2393 2472 2443 artem
2529 2403 2562 2441 a
2621 2392 2824 2441 sancto
2882 2387 3102 2458 Spiritu
3151 2387 3365 2455 edocti,
3407 2391 3684 2446 curandis

2027 2494 2149 2532 non
2179 2477 2526 2532 hominibus
2556 2481 2810 2543 tantum,
2861 2477 2964 2531 sed
3017 2483 3075 2531 et
3117 2478 3409 2548 jumentis
3441 2496 3682 2550 operam

2027 2583 2196 2622 suam
2228 2567 2395 2622 nulla
2424 2565 2698 2621 mercede
2744 2565 3124 2621 adhibebant.
3159 2568 3303 2622 Cum
3336 2585 3470 2624 vero
3504 2569 3680 2625 femi-

2026 2672 2165 2710 nam
2199 2655 2517 2726 quamdam
2550 2655 2791 2709 nomine
2823 2654 3150 2709 Palladiam
3191 2664 3520 2724 curassent,
3553 2659 3680 2713 haec

2027 2744 2101 2798 ad
2133 2751 2402 2799 sanctum
2433 2745 2784 2799 Damianum
2807 2744 2959 2798 clam
2983 2744 3293 2811 accedens,
3321 2747 3431 2801 tria
3461 2747 3548 2800 illi
3572 2763 3680 2804 ova

2026 2833 2262 2888 obtulit.
2296 2833 2461 2898 Quod
2489 2832 2591 2887 ubi
2623 2833 2858 2887 rescivit
2884 2838 3124 2888 sanctus
3154 2835 3414 2902 Cosmas,
3448 2853 3677 2906 proice-

2026 2923 2131 2994 pit,
2161 2939 2235 2978 ne
2266 2922 2534 2977 Damiani
2567 2922 2851 2992 reliquias
2882 2921 3032 2979 158
3061 2938 3241 2992 prope
3275 2939 3336 2976 se
3367 2930 3500 2993 post
3525 2941 3676 2979 mor-

2024 3017 2145 3067 tem
2171 3012 2552 3067 collocarent.
2578 3013 2802 3066 Mortuo
2824 3011 3002 3084 igitur
3022 3011 3187 3082 prius
3211 3012 3439 3080 Cosma,
3465 3013 3680 3070 deinde

2025 3103 2332 3170 Damiano,
2369 3100 2736 3156 deliberante
2763 3101 3003 3173 populo,
3027 3100 3272 3156 ubinam
3305 3103 3683 3172 sepeliendus

268 3217 567 3286 Δαμιανοῦ,
603 3210 937 3286 διελογίζετο
969 3214 996 3268 ὁ
1028 3210 1183 3281 λαὸς,
1245 3217 1348 3268 ποῦ
1380 3214 1538 3286 θάψει
1595 3213 1775 3271 αὐτόν.
1812 3214 1914 3270 Καὶ

2034 3196 2185 3245 esset
2211 3192 2553 3260 Damianus,
2589 3195 2832 3262 repente
2881 3190 3166 3258 camelus,
3216 3191 3316 3261 qui
3351 3207 3384 3246 a
3416 3191 3685 3248 daamone

261 3302 519 3378 ἓξαίφοης
572 3300 829 3374 κάμηλος
887 3299 1166 3373 δραμοῦσα
1207 3304 1240 3370 ἡ
1273 3301 1568 3357 κλασθεῖσα
1622 3302 1770 3376 παρᾶ
1820 3308 1917 3358 τοῦ

266 3387 559 3460 διαϐόλου,
633 3391 722 3445 καὶ
799 3390 1008 3454 ίαθεῖσα
1057 3391 1202 3466 παρά
1251 3395 1359 3445 τῶν
1417 3389 1606 3467 ἁγίων,
1659 3390 1923 3463 ἐλάλησεν

267 3481 581 3552 ἀνθρωπίνῃ
669 3482 832 3553 φονῆ,
909 3481 1123 3550 τεθῆναι
1207 3480 1268 3534 τὸ
1333 3480 1584 3554 λείψανον
1646 3483 1780 3554 μετά
1827 3485 1922 3536 τοῦ

266 3571 418 3642 ἁγίου
468 3573 688 3640 Κοσμᾶ,
747 3568 828 3622 ὅτι
890 3568 990 3623 οὐκ
1044 3568 1121 3631 εἷς
1201 3569 1390 3641 μισθὸν
1467 3565 1634 3624 ἔλαϐε
1699 3569 1764 3625 τὰ
1820 3570 1922 3642 ὠά,

272 3656 415 3712 ἆ).λᾶ
499 3655 591 3713 διὰ
644 3657 737 3712 τὸν
796 3655 998 3730 ὅρκον.
1072 3659 1171 3712 Καὶ
1220 3655 1393 3721 οὕτως
1449 3657 1702 3730 ἐτέθησαν
1753 3659 1926 3738 ἀμφό-

267 3766 440 3821 τεροι.

878 3856 960 3926 Τῆ
991 3853 1128 3928 αὐτῇ
1150 3851 1334 3927 ἡμέρᾳ

273 3959 548 4031 Ἀθλησις
580 3963 690 4015 τῶν
731 3959 898 4035 ἁγίων
953 3958 1240 4035 μαρτύρων
1299 3964 1570 4034 γυναικῶν
1631 3961 1925 4035 Κυριαίνης

871 4049 962 4103 καὶ
988 4047 1318 4117 Ἰουλιανῆς.

340 4155 611 4232 Κυριαίνη
659 4157 688 4224 ἡ
754 4153 956 4230 μάρτυς
1002 4154 1250 4230 ὑπῆρχεν
1312 4154 1400 4210 ἐπὶ
1455 4155 1798 4229 Μαξιμιανοῦ
1825 4161 1924 4212 τοῦ

271 4241 546 4319 βασιλέως
586 4288 601 4312 ,
649 4242 710 4298 ἐκ
765 4241 983 4304 πόλεως
1037 4248 1251 4318 Ταρσοῦ
1304 4251 1406 4313 τῆς
1467 4243 1740 4308 Κιλικίας·
1799 4242 1921 4315 ἥτις

266 4334 368 4390 ὑπὸ
413 4338 516 4388 τοῦ
580 4332 854 4408 ἡγεμόνες
917 4339 1018 4403 τῆς
1079 4332 1245 4402 αὐτῆς
1301 4332 1516 4395 πόλεως
1571 4340 1920 4409 κρατηθεῖσα,

267 4424 351 4478 καὶ
411 4421 608 4477 πολλᾶ
675 4422 1068 4495 ἇναγκασθεῐσα
1125 4421 1456 4497 ἀρνήσασθαι
1514 4422 1605 4477 τὸν
1660 4424 1920 4496 Χριστὸν,

266 4514 539 4566 καὶθῦσαι
570 4517 691 4572 τοῖς
721 4508 997 4580 εἰδώλοις,
1029 4511 1119 4564 καὶ
1167 4513 1242 4583 μὴ
1301 4512 1600 4580 πεισθεῖσα,
1658 4512 1920 4587 ξυρίζεται

2028 3280 2384 3348 confractus,
2419 3286 2662 3336 sanatus
2693 3297 2728 3336 a
2756 3282 2977 3336 sanctis
3008 3280 3220 3347 fuerat,
3253 3297 3392 3336 voce
3426 3282 3690 3338 humana

2027 3369 2230 3435 edixit,
2266 3371 2535 3426 Damiani
2564 3370 2848 3441 reliquias
2885 3370 3118 3436 eodem,
3151 3387 3267 3441 quo
3296 3372 3560 3439 Cosmas,
3594 3389 3686 3426 se-

2025 3459 2232 3529 pulcro
2263 3461 2436 3515 condi
2469 3460 2706 3526 debere,
2738 3476 2872 3514 cum
2918 3476 3036 3514 non
3068 3459 3362 3514 mercedis
3392 3459 3546 3528 loco,
3580 3459 3684 3515 sed

2019 3545 2362 3618 juramento
2392 3547 2636 3604 adactus
2667 3564 2774 3603 ova
2793 3548 3140 3619 accepisset.
3173 3549 3364 3617 Atque
3396 3549 3478 3602 ita
3507 3548 3680 3603 ambo

2028 3636 2202 3691 simul
2239 3637 2454 3709 sepulti
2482 3637 2670 3693 fuere.

2681 3847 2902 3904 Eodem
2933 3847 3029 3905 die

2028 3957 2181 4014 159
2248 3957 2538 4016 Certamen
2607 3964 2922 4013 sanctorum
2991 3955 3295 4029 mulierum
3375 3963 3678 4029 martyrum

2526 4029 2792 4098 Cyriaenw
2821 4035 2872 4086 et
2907 4028 3145 4084 Julianw
3158 4070 3171 4085 .

2098 4154 2366 4225 Cyriasna
2421 4159 2664 4225 martyr,
2732 4154 3086 4209 Maximiano
3171 4153 3551 4226 imperatore,
3611 4169 3684 4208 ex

2026 4246 2204 4298 Tarso
2235 4243 2452 4298 Cilicia)
2483 4243 2628 4298 urbe
2653 4243 2782 4299 fuit.
2807 4247 2854 4298 A
2875 4243 3152 4315 prmfecto
3183 4249 3382 4299 autem
3413 4242 3683 4315 ejusdem

2028 4332 2192 4388 urbis
2219 4332 2670 4403 comprehensa,
2711 4349 2845 4388 cum
2898 4333 3074 4388 variis
3129 4333 3322 4388 modis
3377 4336 3685 4404 cogeretur

2027 4423 2324 4477 Christum
2355 4422 2668 4494 abnegare,
2704 4427 2762 4476 et
2806 4422 2983 4477 idolis
3014 4421 3368 4487 sacriﬁcare,
3403 4425 3685 4475 constan—

2030 4512 2259 4566 tissima
2287 4510 2349 4565 in
2376 4511 2679 4582 proposito
2706 4511 3056 4582 permansit.
3084 4509 3478 4574 Quamobrem
3514 4514 3681 4562 tonso

268 4603 365 4669 τήν
400 4601 654 4674 κεφαλὴν
685 4601 774 4654 σὺν
794 4605 912 4661 ταῖς
937 4599 1150 4677 ὀφρύσι’
1173 4599 1262 4654 καὶ
1292 4599 1573 4654 πιττάκιον
1602 4596 1811 4676 ὕϐρεων
1836 4602 1920 4677 γὲ-

2034 4602 2222 4672 capite
2245 4606 2304 4655 et
2323 4599 2676 4670 superciliis,
2706 4599 3018 4669 fronteque
3040 4599 3281 4670 pittacio
3305 4597 3684 4652 contumeliis

273 4713 373 4762 μον
406 4690 740 4765 περιτίθεται
772 4689 824 4744 ἐν
845 4693 925 4760 τῷ
959 4689 1216 4762 μετώπῳο
1249 4685 1357 4762 ὄνῳ
1379 4709 1438 4744 τε
1467 4685 1917 4760 ἐπιϐαϐασθεῖσα,

275 4782 411 4852 μετᾶ
467 4778 777 4854 ναρθηκίων
863 4777 965 4832 ὑπὸ
1024 4775 1321 4852 σχολητῶν
1377 4775 1588 4832 παίδων
1643 4778 1918 4834 ἐτύπνετο·

271 4870 360 4922 καὶ
397 4868 505 4923 ὑπὸ
541 4867 753 4940 μίμων,
800 4865 890 4934 καὶ
948 4866 1190 4921 ἀτάκτων
1249 4871 1591 4940 στρατιωτῶν
1621 4869 1721 4937 τὴν
1779 4874 1922 4942 Ταρο

275 4958 362 5011 σὸν
394 4955 565 5010 πόλιν
595 4956 769 5030 γυμνὴ
800 4956 1110 5030 περιήγετο.
1143 4953 1424 5028 Εὖξαμένη
1476 4953 1534 5010 δὲ
1592 4958 1668 5029 μὴ
1704 4958 1926 5027 ὁρᾶσθαι

273 5048 483 5122 γυμνή,
518 5045 624 5100 ὑπὸ
657 5044 799 5108 θείας
855 5045 1081 5120 χάριτος
1129 5043 1454 5116 ἐσκεπάσθη.
1507 5045 1610 5101 Καὶ
1641 5045 1740 5101 οὐκ
1768 5043 1926 5102 ἐϐλέ-

275 5159 406 5192 πετο
437 5142 559 5196 τοῖς
594 5132 1044 5210 εἰδωλολάτραις.
1097 5136 1250 5193 Μετὰ
1298 5133 1354 5190 δὲ
1407 5136 1469 5190 τὸ
1528 5135 1702 5200 οὕτως
1749 5159 1926 5210 τιμω-

278 5235 516 5301 ρηθῆναι
549 5227 780 5301 ἀχθεῖσα
807 5226 859 5282 ἐν
914 5225 1074 5282 πόλει
1133 5222 1448 5298 Ῥαιδεστῷ,
1485 5228 1617 5300 μετὰ
1667 5227 1756 5282 καὶ
1812 5229 1928 5283 ἒτέο

279 5338 373 5391 ρας
433 5317 698 5391 γυναικὸς
775 5315 1150 5389 Χριπιανῆς,
1203 5313 1508 5386 Ἰουλιανῆς
1560 5314 1929 5391 καλουμένης,

279 5407 461 5460 καὶέκ
506 5412 610 5474 τῆς
666 5403 832 5469 αὐτῆς
886 5403 1104 5466 πόλεως
1161 5403 1540 5481 ὑπαρχούσης,
1601 5407 1733 5483 πυρὶ
1790 5428 1929 5482 παρ-

281 5493 463 5565 εδόθη.
501 5493 603 5549 Καὶ
625 5493 928 5570 ἀμφότεραι
982 5492 1034 5547 ἐν
1090 5496 1160 5566 τῇ
1216 5493 1432 5568 καμίνῳ
1485 5493 1930 5565 ὸοξάζουσαιτὸο

282 5587 431 5655 Θεὸν,
461 5583 556 5640 καὶ
587 5583 1008 5658 εὖχαριστοῦσαι
1054 5581 1222 5655 αὐτῷ,
1278 5582 1374 5646 τὰς
1435 5583 1704 5660 μακαρίας
1754 5583 1930 5640 αὐτῶν

285 5675 494 5751 irim
524 5672 730 5751 ψυχάςο

562 5792 831 5856 Puncta
878 5793 987 5852 Gn.
1039 5790 1268 5853 CXVII.

2033 4691 2210 4761 pleno
2242 4689 2517 4754 obducta,
2552 4688 2720 4743 asino
2779 4688 3076 4758 imposita,
3134 4687 3206 4742 ab
3250 4687 3457 4741 otiosis
3483 4686 3686 4758 pueris

2034 4778 2371 4833 caedebatur
2400 4777 2626 4842 ferulis,
2656 4781 2834 4846 atque
2878 4791 2912 4830 a
2959 4776 3157 4830 mimis
3195 4781 3253 4830 et
3283 4775 3685 4848 petulantibus

2034 4865 2325 4922 militibus
2341 4866 2501 4920 nuda
2511 4881 2617 4936 per
2628 4864 2837 4919 urbem
2851 4867 3094 4919 Tarsum
3109 4863 3686 4920 circumducebatur.

2035 4958 2172 5022 Qua;
2203 4971 2338 5009 cum
2387 4957 2634 5021 orasset,
2668 4970 2744 5008 ne
2792 4953 2952 5009 nuda
2998 4954 3459 5025 conspiceretur,
3489 4953 3687 5007 divino

2037 5043 2326 5100 beneﬁcio
2341 5041 3052 5108 obtecta,idololatrarum
3069 5041 3691 5098 oculosfallebat.Post

2038 5135 2145 5188 hos
2176 5132 2472 5187 cruciatus
2514 5131 2576 5186 in
2622 5131 2833 5186 urbem
2882 5131 3262 5187 Rhaidestum
3290 5131 3542 5187 adducta
3571 5147 3692 5186 una

2039 5238 2174 5278 cum
2226 5221 2414 5276 altera
2454 5219 2792 5274 Christiana
2839 5219 3112 5286 muliere,
3159 5220 3395 5275 Juliana
3426 5219 3687 5288 nomine,

2041 5329 2171 5383 qua:
2223 5326 2294 5364 ex
2350 5309 2557 5364 eadem
2601 5310 2746 5363 urbe
2797 5315 2942 5378 erat,
2995 5310 3174 5379 inque
3223 5309 3422 5381 ignem
3449 5308 3688 5378 injecta,

2041 5400 2229 5457 ambae
2261 5400 2323 5454 in
2349 5399 2581 5454 camino
2609 5400 2793 5454 Deum
2815 5398 3237 5470 gloriﬁcantes,
3272 5398 3445 5470 eique
3476 5397 3692 5470 gratias

2041 5496 2302 5564 agentes,
2333 5489 2537 5544 beatas
2564 5489 2793 5544 animas
2823 5487 3157 5544 reddidere.
