4140 6302
454 311 571 370 139

1090 438 1314 494 Eodem
1369 437 1463 493 die

452 552 607 607 360
662 549 949 605 Certamen
991 551 1303 601 sanctorum
1351 551 1659 614 martyrum
1700 543 1950 608 Joannis,
1981 542 2103 611 epi-

556 620 729 693 scopi,
760 626 811 675 et
837 619 1025 685 Jacob,
1049 618 1358 688 presbyter,
1391 621 1745 686 cognomento
1777 614 1992 671 Zelotae.

522 792 610 857 Hi,
656 790 873 861 Sapore
930 789 1246 843 Persarum
1302 801 1461 855 rege,
1494 785 1555 839 in
1587 783 1828 839 Perside
1858 780 2103 837 verbum

451 881 588 937 ﬁdei
620 878 930 944 docebant,
964 876 1305 945 multosque
1353 873 1425 929 ab
1473 873 1650 928 idolis
1679 872 1754 928 ad
1785 871 2102 926 Dominum

452 967 890 1025 convertebant.
941 964 1204 1030 Quadam
1263 968 1462 1018 autem
1522 962 1617 1017 die
1675 978 1809 1016 cum
1848 961 2104 1015 Joannes

455 1059 766 1130 episc0pus
798 1056 859 1110 in
892 1054 1116 1109 somnis
1147 1052 1389 1107 vidisset
1430 1051 1772 1107 carnificem
1800 1064 2103 1115 coronam,

453 1163 631 1218 quam
663 1145 724 1200 in
773 1144 933 1199 ensis
986 1142 1195 1214 capulo
1254 1140 1728 1207 circumferebat,
1788 1138 1963 1210 capiti
1998 1152 2104 1191 suo

450 1237 877 1307 imponentem,
934 1232 1163 1302 sibique
1212 1232 1339 1286 ham
1397 1230 1732 1285 dicentem:
1785 1229 2023 1299 Accipe,
2073 1242 2105 1280 ο

452 1326 748 1396 episcope,
811 1337 990 1393 quam
1078 1326 1387 1391 tantopere
1464 1318 1736 1390 expetisti
1804 1333 2105 1373 coronam.

452 1413 662 1468 Paucis
688 1416 823 1483 post
852 1410 1058 1464 diebus
1088 1408 1617 1479 comprehenditur
1644 1406 1718 1462 ab
1761 1405 2108 1461 inﬁdelibus

452 1504 600 1574 ipse,
635 1507 694 1557 et
719 1502 970 1557 Iacobus
991 1499 1336 1571 presbyter:
1365 1499 1464 1569 qui
1489 1498 1662 1553 variis
1685 1497 1951 1568 primum
1983 1512 2112 1551 cru-

452 1592 704 1648 ciatibus
763 1591 991 1658 tentati,
1025 1589 1220 1662 gladio
1276 1588 1497 1645 deinde
1548 1588 1707 1656 caasi,
1757 1586 2110 1643 occubuere!

454 1684 671 1756 gratias
698 1682 946 1738 Domino
978 1682 1095 1736 Deo
1126 1684 1330 1735 nostro
1363 1680 1438 1734 ad
1481 1685 1814 1735 extremum
1846 1673 2109 1750 agentes’

1774 296 2209 366 MENOLOGII
2250 301 2462 365 PARS
2508 302 2559 365 Ι.

2134 439 2190 498 Α
2790 441 2875 513 Tit
2924 437 3062 513 αὖτῇ
3112 439 3296 517 ἡμέρᾳ

3750 313 3871 376 HO

2206 547 2480 619 Ἀθλησις
2527 544 2869 623 τῷνηάγίιξθν
2930 547 3241 623 μαρτύρων,
3288 550 3570 622 Ἰωάννου,
3634 551 3862 611 ἐπισκό-

2282 614 2427 696 που,
2486 619 2580 696 καί
2630 614 2941 696 Ἰακώϐου,’
2977 614 3365 696 πρεσϐυτέροῦ,
3415 627 3509 678 τοῦ
3557 614 3867 682 ’ἐπικαλου-

2286 688 2451 766 μένου
2484 688 2768 759 Ζηλωτοῦ.

2282 789 2447 847 Οὗτοι
2487 788 2739 863 ὑπῆρχον
2792 788 2879 844 ἐπὶ
2939 784 3230 867 Σαϐωρίου
3284 797 3381 847 τοῦ
3438 798 3657 868 Περσῶν
3704 797 3862 871 βασι-

2210 879 2370 940 λέωςο
2403 877 2457 932 ἐν
2492 875 2712 954 Περσίδι
2744 875 3093 943 διδάσκοντες
3122 881 3213 935 τὸν
3265 879 3432 957 λόγον
3461 890 3561 952 τῆς
3603 885 3870 955 πίστέως,

2208 967 2297 1022 καὶ
2329 963 2581 1021 πολλοὺς
2614 964 3021 1045 ἐπιστρέφοντες
3054 968 3159 1023 ἀπὸ
3207 973 3314 1024 τῶν
3377 968 3625 1027 εἰδώλων
3655 971 3743 1027 ἐπὶ
3772 974 3867 1029 τὸν

2212 1057 2429 1128 Κύριον.
2458 1057 2545 1111 Ἐν
2580 1060 2679 1127 μιᾷ
2708 1054 2800 1111 οὖν
2838 1060 2946 1112 τῶν
3000 1060 3223 1132 ἡμερῶν
3284 1058 3536 1115 ἐθεάσατο
3567 1062 3596 1116 ὁ
3628 1061 3861 1118 ἐπισκο-

2211 1165 2312 1206 πος
2343 1142 2597 1214 Ἰωάννης
2638 1146 2755 1208 καθ’
2814 1143 3014 1208 ὕπνους
3074 1144 3240 1221 ἄνδρα
3294 1149 3416 1202 τινὰ
3471 1146 3690 1222 δήμιον,
3722 1171 3860 1206 κατ-

2212 1235 2412 1308 έχοντα
2477 1232 2697 1288 σπαθίον
2758 1231 2889 1309 ὅπερ
2950 1233 3001 1290 ἐν
3069 1239 3148 1306 τῷ
3197 1233 3345 1309 ἄκρῳ
3404 1237 3522 1313 εἶχε
3573 1238 3860 1316 στέφανον.

2215 1323 2363 1388 ὅστις
2392 1321 2594 1398 δήμιος
2653 1320 2877 1401 δραμὼν
2928 1324 3015 1380 ἐπὶ
3042 1325 3135 1380 τὸν
3169 1324 3485 1398 ἐπίσκοπον,
3516 1325 3775 1398 ἐπέθηκεν
3812 1328 3868 1385 ἐν

2212 1415 2282 1486 τῇ
2367 1411 2580 1491 κεφαλῇ
2640 1413 2804 1468 αὐτοῦ
2858 1414 2950 1467 τὸν
3014 1413 3293 1491 στέφανον,
3352 1414 3541 1470 εἰπών·
3602 1411 3770 1487 Λάϐε,
3822 1417 3872 1471 ὦ

2215 1497 2495 1568 ἐπίσκοπε,
2548 1500 2823 1567 στέφανον,
2884 1497 2951 1553 οὗ
3008 1498 3373 1572 ἐπεθύμησας·
3428 1501 3519 1556 καὶ
3581 1503 3697 1575 μετ’
3746 1502 3871 1559 ὀλί-

2214 1608 2310 1662 γας
2344 1587 2555 1663 ἡμέρας
2586 1583 2857 1664 ἕκρατήθη
2890 1591 3037 1664 παρὰ
3085 1594 3192 1645 τῶν
3251 1589 3491 1647 ἀπίστων
3554 1592 3644 1646 καὶ
3676 1592 3866 1663 αὐτὸς,

2215 1678 2304 1731 καὶ
2366 1670 2624 1739 Ἰάκωϐος
2687 1678 2716 1732 ὁ
2763 1674 3145 1753 πρεσϐύτερος.
3201 1679 3308 1735 Καὶ
3365 1677 3552 1735 πολλὰ
3606 1701 3865 1755 τιμωρη-

461 1772 619 1843 quod
667 1771 830 1842 digni
878 1770 1131 1825 fuissent
1178 1773 1433 1825 mortem
1480 1785 1586 1840 pro
1630 1768 1757 1839 ipso
1809 1774 2099 1839 oppetere,

2219 1764 2397 1827 θέντες
2452 1765 2739 1842 πρότερον,
2791 1767 2884 1822 καὶ
2939 1765 3219 1844 διαφόροις
3282 1770 3533 1843 βασάνοις
3589 1790 3868 1846 προσομι-

454 1864 649 1932 Atque
674 1861 756 1915 ita
777 1860 1053 1931 episcopo
1076 1859 1309 1925 accidit,
1336 1857 1494 1928 quod
1514 1858 1576 1911 in
1605 1857 1831 1912 somnis
1859 1856 2108 1927 viderat,

456 1948 925 2020 incorruptibilis
946 1948 1076 2002 vitm
1099 1963 1377 2003 coronam
1400 1950 1739 2001 consecuto.
1769 1948 1815 2000 A
1838 1944 2112 2000 fidelibus

458 2044 656 2097 autem
688 2038 923 2110 piisque
952 2037 1093 2092 viris
1123 2036 1188 2091 in
1239 2035 1448 2091 eodem
1497 2034 1627 2090 loco
1658 2034 1985 2089 honorifice
2018 2050 2105 2088 se-

456 2128 608 2203 pulti
641 2133 796 2183 sunt.

1012 2391 1253 2448 EODEM
1293 2391 1544 2446 MENSE.

1086 2498 1191 2554 Die
1224 2497 1486 2553 secunda

458 2611 609 2665 101
648 2610 937 2667 Certamen
983 2612 1294 2662 sanctorum
1335 2611 1644 2675 martyrum
1674 2603 1978 2675 Acindyni,
2008 2607 2109 2659 Pe-

526 2680 691 2765 gasii,
749 2678 1086 2750 Aphthonii,
1160 2675 1563 2746 Anempodisti,
1620 2675 2001 2746 Elpidephori,
2062 2682 2112 2730 et

524 2767 814 2808 soczorum.

526 2878 748 2932 Horum
772 2878 1114 2930 sanctorum
1144 2870 1491 2942 Acindynus
1518 2869 1783 2942 quidem,
1805 2868 2107 2943 Pegasius,
2144 2912 2147 2915 μ

456 2972 515 3024 et
542 2964 1023 3037 Anempodistus,
1056 2960 1445 3017 Constantino
1490 2962 1695 3032 Magno
1727 2960 2108 3031 imperatore,

456 3073 527 3112 ex
554 3056 793 3127 regione
815 3055 1129 3108 Persarum
1153 3050 1415 3105 fuerunt.
1440 3050 1583 3105 Cum
1609 3054 1808 3104 autem
1839 3049 1899 3103 in
1932 3048 2111 3103 cellu-

2222 1856 2507 1927 λήσαντες,
2563 1855 2783 1933 ὕστερον
2840 1855 2929 1912 διὰ
2986 1858 3168 1935 ξίφους
3224 1858 3638 1931 ἐτελειώθησαν,
3693 1860 3870 1936 εὐχα-

2217 1949 2523 2019 ριστοῦντες
2553 1944 2736 2020 Κυρίῳ
2767 1950 2846 2017 τῷ
2903 1950 3018 2017 Θεῷ
3075 1949 3236 2020 ἡμῶν
3292 1947 3457 2023 μέχρι
3493 1947 3743 2020 θανάτου,
3779 1948 3868 2005 ὅτι

2219 2035 2353 2108 ὑπὲρ
2386 2032 2548 2087 αὐτοῦ
2578 2035 2753 2088 θανεῖν
2812 2034 3140 2107 ἠξιώθησαν.
3201 2038 3299 2090 Καὶ
3352 2030 3527 2107 ἀπέϐη
3578 2042 3658 2108 τῷ
3713 2036 3870 2092 ἐπισ-

2213 2143 2375 2196 κοπῳ
2403 2123 2471 2178 τὰ
2495 2126 2592 2177 τοῦ
2646 2121 2878 2197 ὀνείρου,
2936 2119 3273 2180 ἀπολαϐόντι
3328 2125 3422 2180 τὸν
3474 2125 3731 2203 στέφανον
3762 2133 3874 2198 τῆς

2216 2212 2492 2289 ἀφθάρτου
2577 2216 2743 2281 ζωῆςο
2828 2211 3095 2290 ἐτάφησαν
3157 2210 3214 2268 δὲ
3268 2212 3501 2288 ἐντίμως
3576 2212 3629 2271 έν
3676 2215 3865 2288 ταύτῷ

2219 2299 2322 2355 ὑπὸ
2353 2303 2558 2355 πιστῶν
2589 2300 2680 2356 καὶ
2711 2294 2963 2357 εὖλαϐῶν
2997 2299 3230 2377 ἀνδρῶν.

2784 2427 2970 2485 MHM
2997 2429 3088 2505 Τῼ
3117 2429 3317 2506 Αιττᾳ.

3011 2516 3070 2571 Β.

2214 2620 2482 2699 ’Δθλησις
2546 2625 2665 2699 ,τῶν
2726 2623 2890 2699 ἁγίων
2914 2695 2925 2699 _
2955 2622 3241 2699 μαρτύρων
3264 2668 3280 2695 ,
3340 2621 3662 2699 Ἀκριδόνου
3697 2628 3875 2699 L111;-

2286 2694 2496 2773 γασίου,
2546 2693 2877 2773 ’Δφθ-ονίουη
2914 2693 3367 2773 ᾍνεμπόδίσιὲου,
3428 2693 3874 2773 Ἐλπιδηφόρου,

2285 2763 2376 2820 καὶ
2404 2772 2504 2835 τῆς
2536 2763 2784 2827 σονυδίας
2820 2765 3018 2823 αὐτῶν.

2293 2870 2510 2929 Τούτων
2567 2876 2676 2927 τῶν
2735 2873 2904 2947 ἁγίων
2955 2873 2983 2927 ὁ
3035 2876 3129 2945 μὲν
3192 2870 3523 2945 Ἀκίνδυνος,
3592 2874 3879 2948 Πηγάσιος

2213 2961 2303 3018 καὶ
2337 2959 2760 3035 Ἀνεμπόδιστος
2819 2962 3069 3037 ὑπῆρχον
3124 2959 3218 3016 ἐπὶ
3269 2966 3367 3016 τοῦ
3437 2963 3681 3037 μεγάλου
3713 2968 3876 3017 Κων-

2212 3050 2488 3105 σταντίνου
2542 3050 2601 3106 ἐκ
2657 3057 2755 3119 τῆς
2818 3051 3005 3125 χώρας
3062 3055 3303 3125 Περσῶν·
3368 3051 3420 3106 ἐν
3491 3049 3754 3120 ἰδιάζοντι
3810 3049 3874 3105 δὶ

449 3145 526 3199 lis
548 3144 670 3199 suis
693 3139 1243 3214 degerent,verbum
1265 3137 1369 3192 Dei
1393 3137 2099 3202 docebant.Quamobrem

2217 3138 2426 3212 κελλίῳ
2453 3139 2827 3213 καθεζόμενοι,
2879 3135 3160 3225 ἐδίδασκον
3213 3140 3304 3194 τὸν
3365 3138 3526 3216 λόγον
3579 3143 3676 3194 τοῦ
3704 3143 3863 3195 Θεοῦ.

454 3249 489 3289 a
510 3234 748 3303 Sapore,
772 3233 1086 3285 Persarum
1106 3243 1263 3299 rege,
1289 3226 1725 3297 comprehensi,
1746 3226 2105 3282 cruciatibus

456 3320 705 3393 subjecti
736 3319 938 3373 fuere:
972 3332 1151 3387 quem
1182 3331 1318 3370 cum
1349 3314 1626 3386 precibus
1655 3320 1886 3370 mutum
1917 3316 2108 3371 reddi-

453 3407 985 3478 dissent,restituta
1005 3410 1212 3477 postea
1230 3405 1456 3477 lingua)
1478 3403 1780 3474 facultate,
1797 3405 1859 3460 in
1880 3404 2105 3465 lebetes

453 3498 701 3557 ferventi
735 3495 977 3569 plumbo
1001 3495 1210 3567 plenos
1233 3494 1622 3566 injiciuntur;
1648 3493 1750 3549 sed
1773 3494 2105 3554 incolumes

454 3590 594 3646 inde
644 3587 885 3661 egressi,
933 3584 1338 3657 Aphthonium
1390 3583 1643 3638 militem
1688 3584 1777 3639 rei
1815 3586 2103 3643 miraculo

451 3680 835 3735 vehementer
864 3679 1231 3731 commotum
1272 3673 1346 3729 ad
1391 3672 1608 3727 Christi
1640 3672 1817 3728 ﬁdem
1849 3680 2098 3746 traxere,

447 3768 549 3840 qui
581 3767 780 3823 statim
812 3770 976 3821 extra
1000 3763 1220 3827 mmnia
1249 3762 1518 3831 eductus,
1552 3766 1610 3817 et
1638 3762 1829 3834 capite
1861 3763 2102 3820 obtrun-

446 3863 612 3913 catus
643 3862 749 3911 est.
782 3855 877 3909 Illi
924 3870 1079 3919 vero,
1130 3852 1355 3907 bubulo
1408 3868 1577 3907 sacco
1609 3852 1814 3921 insuti,
1847 3854 1909 3907 in
1937 3870 2098 3909 mare

442 3945 693 4018 projecti
725 3948 901 4009 sunt;
936 3958 1084 4013 quos
1116 3947 1357 3995 sanctus
1406 3930 1782 4011 Aphthonius
1810 3958 1932 3997 una
1961 3960 2097 3998 cum

440 4034 667 4105 angelis
698 4049 1012 4104 apparens,
1048 4032 1107 4085 in
1141 4031 1549 4085 continentem
1579 4031 1818 4086 eduxit:
1871 4038 1929 4086 et
1958 4035 2097 4104 quia

438 4122 812 4194 naufragium
842 4124 1173 4184 evaserant,
1201 4119 1514 4183 militibus,
1540 4118 1642 4187 qui
1671 4119 1808 4173 illos
1837 4120 1898 4174 in
1932 4137 2092 4177 mare

434 4211 773 4284 prmcipites
822 4213 1085 4281 egerant,
1133 4223 1345 4262 manus
1397 4205 1821 4277 prmciduntur.
1855 4208 2093 4279 Elpide-

434 4302 658 4373 phorus
688 4303 909 4364 autem,
942 4296 1224 4352 senatorii
1254 4294 1482 4350 ordinis
1524 4294 1631 4358 vir,
1663 4295 1756 4349 his
1786 4296 2091 4354 miraculis

439 4390 756 4463 impulsus,
782 4404 983 4459 regem
1013 4384 1380 4458 objurgavit;
1432 4389 1493 4438 et
1524 4399 1658 4438 cum
1686 4399 1753 4438 eo
1786 4385 2090 4442 credidere

437 4480 656 4553 septies
698 4477 863 4534 mille
894 4475 1191 4539 homines,
1226 4472 1328 4544 qui
1359 4488 1568 4527 omnes
1599 4473 1790 4544 capite
1822 4474 2085 4532 damnati

433 4568 705 4633 sunt.Qui
744 4582 879 4621 vero
925 4562 1142 4634 reliqui
1189 4562 1356 4616 fuere
1406 4561 1611 4633 viginti
1643 4566 1774 4617 octo
1801 4562 1931 4631 viri,
1966 4581 2087 4621 una

2220 3227 2325 3285 Καὶ
2380 3229 2737 3302 κρατηθέντες
2793 3227 2897 3283 ὐπὸ
2952 3222 3238 3304 Σαϐωρίου
3293 3233 3393 3283 τοῦ
3453 3232 3669 3304 Περσῶν
3706 3229 3870 3304 βασι-

2219 3315 2359 3379 λέως
2396 3359 2411 3386 ,
2471 3312 2867 3386 ἐϐασανίζοντο·
2928 3313 3077 3372 ἀλλὰ
3129 3314 3219 3371 διὰ
3276 3320 3593 3392 προσευχῆς
3651 3314 3863 3372 ἄλαλον

2216 3408 2434 3460 ποιοῦσι
2463 3405 2553 3460 τὸν
2608 3404 2854 3482 βασιλέα,
2905 3408 2995 3460 καὶ
3052 3403 3216 3461 πάλιν
3267 3405 3670 3481 θεραπεύουσιν.
3729 3408 3870 3462 Εἶτα

2215 3490 2583 3566 ἐνεϐλήθησαν
2636 3495 2713 3558 εἷς
2768 3493 3004 3566 λεϐητας
3075 3496 3345 3571 γέμοντας
3435 3489 3716 3567 μολύϐδου
3773 3493 3868 3549 καὶ

2211 3583 2624 3661 κοχλάζοντας,
2680 3584 2769 3639 καὶ
2830 3583 3052 3657 ἐξῆλθον
3114 3578 3396 3647 ἀϐλαϐεῖς.
3455 3582 3741 3660 Ἀφθόνιος
3806 3580 3865 3638 δὲ

2213 3675 2550 3749 στρατιώτης
2598 3672 2695 3746 ὢν,
2753 3670 2885 3728 ἲδὼν
2939 3674 3002 3729 τὸ
3059 3674 3239 3746 θαῦμα
3290 3672 3566 3727 ἐπίστευσε
3617 3676 3697 3745 τῷ
3726 3675 3867 3748 Χρι-

2212 3768 2322 3836 στῷ
2353 3810 2369 3836 ,
2423 3763 2513 3818 καὶ
2572 3759 2672 3834 ἔξω
2722 3767 2924 3838 τειχῶν
2986 3761 3409 3840 ἂπεκεφαλίσθη.
3459 3762 3591 3819 Εἶτα
3643 3755 3867 3835 ἐμϐάλ-

2211 3851 2399 3908 λονται
2453 3851 2528 3915 είς
2585 3850 2856 3917 θυλάκους
2912 3851 3146 3928 βοείους,
3204 3851 3294 3906 καὶ
3355 3850 3635 3928 ῥίπτονται
3666 3849 3742 3913 είς
3772 3851 3867 3905 θά-

2212 3941 2433 3998 λασσαν.
2467 3943 2570 3998 Καὶ
2601 3940 2784 4019 φανεὶς
2814 3943 2842 3996 ὁ
2874 3937 3026 4015 ἅγιος
3087 3941 3376 4018 ’Δφθόνιος
3435 3960 3527 3994 συν
3574 3936 3861 4015 ἀγγέλοις,

2208 4028 2455 4107 ἐξήγαγεν
2491 4029 2690 4091 αὐτοὺς
2714 4028 2801 4085 ἐπὶ
2856 4036 2959 4098 τῆς
3008 4028 3191 4103 ξηρᾶς.
3253 4028 3357 4084 Καὶ
3409 4025 3548 4082 διότι
3600 4025 3855 4100 ἐξῆλθον,

2205 4117 2667 4193 χειροκοποῢνται
2722 4118 2774 4172 οἱ
2832 4117 3084 4193 ῥίψαντες
3165 4116 3360 4178 αὐτοὺς
3415 4120 3735 4191 στρατιῶτα.
3787 4116 3856 4173 Ὁ

2208 4205 2265 4262 δὲ
2320 4206 2688 4282 συγκλητικὸς
2760 4203 3165 4283 Ἐλπιδηφόρος
3248 4202 3377 4262 ἰδὼν
3414 4249 3429 4278 ,
3487 4205 3712 4275 ἀντέστη
3768 4210 3859 4279 τῷ

2209 4295 2468 4372 βασιλεῖ,
2520 4296 2607 4351 καὶ
2691 4293 2783 4349 σὺν
2845 4294 2992 4368 αὐτῷ
3047 4295 3361 4350 ἐπίστευσαν
3439 4292 3857 4368 ἑπτακισχίλιοι

2204 4382 2413 4460 ἄνδρες,
2471 4387 2559 4440 καὶ
2666 4383 3191 4459 ἀπεκεφαλίσθησαν·
3308 4381 3706 4460 ὑπελείφθησαν
3797 4379 3862 4439 δὲ

2202 4474 2376 4552 ἕτεροι
2407 4478 2523 4547 κη’,
2559 4474 2693 4548 μετὰ
2719 4481 2821 4544 τῆς
2854 4476 3090 4550 μητέρος
3124 4469 3410 4550 Σαϐωρίου
3468 4469 3860 4546 πιπευσᾶσης,

2202 4567 2291 4622 καὶ
2322 4564 2452 4640 πυρί
2481 4561 2878 4639 παρεδόθησαν.

432 4674 568 4714 cum
600 4655 837 4727 Saporis
869 4659 1076 4722 matre,
1113 4669 1245 4722 quae
1275 4650 1492 4721 Christi
1522 4649 1703 4706 ﬁdem
1729 4652 2003 4724 amplexa
2032 4655 2244 4725 fuerat,
2277 4656 2399 4730 igni
2430 4655 2727 4728 absumpti
2757 4659 2914 4710 sunt.

1082 4741 1303 4796 Eodem
1334 4738 1429 4795 die

430 4836 585 4893 162
642 4834 926 4890 Certamen
977 4837 1285 4887 sanctorum
1357 4835 1667 4899 martyrum
1703 4831 1902 4900 Attici,
1962 4835 2081 4889 Eu-

817 4906 993 4970 doxii,
1032 4903 1265 4973 Agapii,
1297 4907 1349 4956 et
1394 4903 1684 4957 sociorum.

496 5016 597 5071 Isti
625 5012 813 5069 sancti
855 5010 1076 5065 milites
1105 5008 1272 5064 fuere
1304 5007 1368 5062 in
1397 5006 1543 5062 urbe
1573 5007 1812 5065 Sebaste
1846 5014 2076 5084 tempo-

420 5104 586 5160 ribus
619 5100 829 5157 Licinii
878 5096 1292 5170 imperatoris:
1343 5096 1445 5167 qui
1492 5095 1553 5150 id
1601 5112 1811 5153 omnes
1840 5100 2076 5156 consilii

422 5207 654 5264 cepere,
685 5194 752 5244 ut
779 5205 914 5244 cum
963 5186 1242 5241 omnibus
1295 5183 1587 5243 militibus
1618 5184 1682 5239 in
1716 5185 1831 5241 fide
1862 5179 2078 5245 Christ.i

423 5284 754 5337 manerent.
788 5279 976 5343 Quare
1007 5291 1043 5330 a
1070 5273 1343 5330 Marcello
1374 5272 1523 5328 duce
1554 5273 1821 5344 cruciati,
1852 5276 1916 5332 in
1946 5294 2077 5334 car-

2785 4745 2863 4815 Τῇ
2899 4740 3034 4815 αὐτῇ
3065 4742 3248 4817 ἡμέρᾳ

2190 4830 2456 4905 Ἃθλησις
2505 4835 2611 4886 τῶν
2657 4830 2870 4905 ’ἁγίων-
2905 4832 3204 4905 μαρτύρων⁸
3226 4831 3519 4905 ΔἈττικοῦ,
3551 4825 3848 4900 Εὐδοξίου,

2471 4898 2756 4979 Ἀγαπίου,
2786 4898 3006 4973 καὶτῆς
3052 4898 3303 4964 συνοδίας
3350 4898 3547 4957 actm.

2259 5013 2422 5070 Οὗτοι
2472 5011 2524 5065 οἳ
2581 5010 2748 5087 ἅγιοι,
2804 5013 3129 5085 στρατιῶται
3193 5010 3445 5086 ὑπῆρχον
3490 5007 3542 5064 ἐν
3573 5011 3643 5082 τῇ
3673 5005 3848 5064 πόλει

2188 5097 2482 5173 Σεϐαστείᾳ
2510 5099 2599 5155 ἐπὶ
2629 5098 2909 5155 Λικιννίου
2959 5102 3059 5154 τοῦ
3118 5095 3411 5174 βασιλέως,
3470 5095 3675 5161 Οἳτινες
3709 5117 3837 5152 συν-

2189 5187 2478 5247 εϐούλευον
2525 5190 2671 5262 πάσῃ
2721 5191 2791 5263 τῇ
2850 5192 3076 5262 στρατιᾷ
3132 5183 3383 5262 ἐμμένειν
3411 5190 3480 5261 τῇ
3508 5186 3686 5243 πίστει
3738 5190 3842 5242 τοῦ

2184 5283 2436 5352 Χριστοῦ.
2470 5278 2564 5335 Διὸ
2617 5275 2994 5353 βασανίζονταί
3052 5276 3154 5331 ὑπὸ
3215 5273 3541 5352 Μαρκέλλου
3577 5279 3676 5331 τοῦ
3707 5270 3838 5331 δου-

422 5387 619 5428 cerem
650 5366 1067 5425 detruduntur.
1102 5362 1242 5419 lnde
1274 5363 1500 5419 eductis
1531 5366 1781 5435 tergum,
1816 5371 1874 5420 et
1900 5383 2074 5423 renes

2219 5371 2299 5432 ός.
2350 5368 2486 5426 Εἶτα
2541 5362 2913 5442 ἐμϐάλλονται
2971 5364 3048 5428 είς
3105 5364 3378 5444 φυλακην.
3444 5359 3839 5435 Ἐκϐληθέντες

418 5463 613 5518 nervis
640 5458 1050 5517 crudelissime
1072 5455 1430 5522 lacerantur,
1453 5453 1780 5524 dentesque
1805 5457 2070 5515 evellun-

2182 5456 2239 5515 δὲ
2302 5456 2595 5514 τύπτονται
2653 5457 2792 5512 κατὰ
2845 5455 3023 5511 νώτου
3079 5456 3166 5511 καὶ
3225 5454 3442 5521 κοιλιας
3516 5453 3838 5531 βουνεύροις

416 5559 530 5609 tur.
566 5552 709 5607 Cum
740 5553 939 5605 autem
996 5549 1435 5616 torquerentur,
1498 5559 1817 5598 conversus
1849 5545 1964 5601 dux
1994 5549 2069 5604 ad

2216 5552 2378 5621 ιμοῖς.
2411 5548 2544 5603 Εἶτα
2596 5544 2930 5623 ἆκριζοῦνται
2981 5543 3108 5608 τοὺς
3164 5542 3411 5610 ὀδόντας.
3465 5544 3832 5619 Τιμωρουμέο

419 5646 692 5698 sanctum
721 5636 1083 5694 Carterium:
1114 5635 1198 5690 Tu
1227 5632 1410 5704 solus,
1432 5631 1646 5704 inquit,
1674 5647 1851 5689 ausus
1878 5651 1940 5691 es
1960 5654 2064 5709 po-

2176 5659 2281 5694 νων
2339 5634 2397 5692 δὲ
2452 5633 2632 5714 ἔλεγεν
2693 5636 2723 5692 ὁ
2777 5632 2902 5707 δοὺξ
2959 5634 3095 5711 πρὸς
3149 5635 3240 5690 τὸν
3295 5634 3446 5710 ἅγιον
3510 5632 3834 5709 Καρτέριον,
