4132 6328
240 315 332 376 141
1695 309 1872 369 NOV]

1999 308 2143 368 IER.
3515 310 3631 371 142

232 451 297 506 ὅτι
327 447 402 504 Σὺ
434 445 594 520 μόνος
625 445 937 516 ἀπέστησας
973 443 1065 498 τὸν
1125 441 1254 497 λαὸν
1312 447 1412 510 τῆς
1442 444 1544 495 τοῦ
1581 439 1850 514 βασιλέως

1989 441 2173 496 aulum
2197 458 2231 496 a
2248 441 2362 496 ﬁde
2397 442 2772 513 imperatoris
2791 444 3111 499 abductum
3134 442 3208 498 ad
3227 442 3621 499 defectionem

235 535 631 611 ὖποταγῆςςὈ
675 532 736 589 δὲ
794 530 1004 607 ἔλεγεν,
1061 531 1143 586 ὅτι
1194 530 1272 588 Οὐ
1328 524 1727 584 συνεῧούλευσα
1779 534 1859 599 τῷ

1995 530 2322 601 mpellere?
2352 531 2456 585 Cui
2497 532 2599 586 ille
2634 550 2646 586 :
2680 535 2796 605 Ego
2845 534 3066 606 populo
3125 537 3330 588 auctor
3356 532 3465 596 fui,
3499 549 3619 587 non

230 631 330 700 λαῷ
359 625 724 694 ἐπαναστῆναι
764 627 846 695 τῷ
906 620 1139 698 βασιλεῖ,
1191 619 1337 675 ἀλλᾶ
1402 617 1721 693 προσελθεῖν
1779 622 1860 690 τῷ

1995 625 2036 674 lt
2062 622 2225 676 aﬁde
2256 623 2632 694 imperatoris
2659 623 3122 691 discederet,sed
3144 629 3209 678 ut
3228 623 3627 678 immortalem

231 719 461 788 ἀθανάτῳ
496 714 713 791 βασιλεῖ
772 715 1016 787 Χριστῷ.
1059 709 1209 767 Μετᾶ
1263 712 1430 763 ταῦτα
1482 708 1666 782 ἄγεται
1721 714 1860 762 Στυ-

1990 726 2167 781 'egem
2200 712 2496 767 Christum
2529 719 2896 784 sequeretur.
2957 715 3098 768 Post
3151 713 3278 767 haec
3308 712 3622 767 adducitur

229 807 395 882 ρακιος
424 802 515 858 καὶ
575 799 845 875 ὁμολογεῖ
899 801 990 854 τὸν
1052 791 1315 874 Χριστόν·
1377 795 1467 850 καὶ
1526 795 1677 858 αὗθις
1735 797 1858 852 Τω-

1995 800 2296 871 Styracius,
2328 802 2583 869 Tobilas,
2639 808 2695 857 et
2734 802 3236 875 Nicopolitianus:
3276 818 3529 872 cumque
3563 802 3627 856 in

228 891 348 955 6ίας”
412 893 529 947 εἶτα
586 887 1062 950 Νικοπολιτιανός·
1147 885 1234 941 καὶ
1307 883 1715 959 κατακρίνονται
1774 885 1859 954 ξύ-

1995 890 2186 944 lhristi
2219 891 2594 946 confessione
2625 898 3090 963 perseverarent,
3153 891 3412 946 Marcelli
3453 892 3627 962 jussu

229 982 328 1047 λοις
380 976 760 1056 συντριϐῆναι.
823 977 919 1031 Καὶ
983 977 1116 1047 μετᾶ
1161 975 1364 1044 ταύτην
1414 975 1512 1042 τήν
1604 972 1858 1048 βάσανον,

1997 978 2146 1049 ignis
2178 980 2430 1048 contusi,
2471 980 2722 1052 aliisque
2755 981 3026 1052 pluribus
3059 981 3368 1035 tormentis
3419 997 3623 1034 excru-

225 1072 296 1127 καὶ
346 1071 534 1145 ἐτέρας
594 1067 852 1127 πλείονας
910 1062 1220 1141 ἀλγηδόνας
1280 1062 1684 1136 ὑπομείναντες,
1727 1061 1857 1135 μετᾶ

1991 1067 2127 1134 :iati,
2166 1085 2285 1123 una
2311 1086 2446 1124 cum
2478 1069 2680 1124 multis
2715 1069 2869 1141 aliis,
2894 1070 2994 1141 qui
3017 1070 3080 1124 in
3112 1070 3410 1124 Christum
3428 1067 3623 1124 credi-

227 1158 507 1215 καὶᾶλλων
558 1155 809 1226 πολλῶν,
865 1159 970 1209 τῶν
1033 1152 1432 1207 πιστευσάντων
1491 1151 1569 1214 είς
1599 1150 1858 1224 Χριστὸν,

1599 1150 1858 1224 Χριστὸν,
1979 1155 2211 1224 derant,
2244 1158 2364 1231 igni
2398 1158 2660 1213 damnati
2691 1161 2869 1214 vitam
2901 1159 3205 1214 ﬁnierunt.

228 1249 364 1312 τέλος
395 1249 500 1318 τήν
536 1245 627 1301 διὰ.
647 1250 746 1301 τοῦ
776 1244 946 1319 πυρὸς
972 1242 1237 1318 ἀπόφασιν
1268 1236 1490 1298 ἔλαϐον.
1525 1238 1629 1295 Καὶ
1659 1239 1831 1302 οὕτως
1861 1239 2285 1314 ἐτελειώθησαν.

748 1351 928 1407 MHNI
987 1352 1078 1405 ἸὯ
1134 1353 1326 1405 ΑΥΤΩ.

2542 1355 2782 1409 EODEM
2812 1355 3063 1411 MENSE.

1022 1439 1074 1493 Γ’
2633 1445 2736 1499 Die
2768 1445 2959 1498 tertia.

231 1534 492 1602 Ἀθλησις
578 1534 686 1606 τῶν
744 1528 922 1606 *ἆγίων
1012 1526 1297 1606 μαρτῷρων
1382 1529 1678 1606 Ἀδιεψιμᾶ,
1745 1525 1863 1606 ἐῖει.

1988 1533 2130 1588 [63
2186 1533 2512 1606 -Certamen
2607 1540 2920 1588 sanctorum
3011 1538 3322 1606 martyrum
3395 1532 3620 1606 Acepst—

286 1595 514 1694 ξιόπρυ,
603 1595 833 1677 Ἰωσήᾴ,
914 1595 1304 1676 πρεσϐυτέρου,
1389 1598 1482 1654 καὶ
1528 1595 1537 1601 ’
1578 1595 1863 1670 ⁵Αειθαλᾶ,

292 1693 561 1732 οιακονου.

2045 1621 2165 1730 angar,
2243 1604 2506 1685 cpiSCOpi,
2582 1606 2824 1675 Iosephi,
2897 1595 3224 1675 presbyteri,
3303 1609 3354 1659 et
3387 1595 3621 1659 Ait/ialm

2088 1692 2300 1732 zacom.

286 1802 380 1858 Καὶ
433 1821 588 1854 ουτοι
650 1799 701 1852 οἱ
760 1796 906 1873 ἃγιοι
959 1793 1010 1850 ἐν
1071 1791 1293 1865 Περσίδι
1326 1792 1702 1866 ἐμαρτύρησαν
1761 1771 1918 1846 ὕπὸῘ

2053 1800 2155 1854 Isti
2188 1817 2424 1872 quoque
2456 1801 2643 1856 sancti
2684 1801 2746 1855 in
2784 1799 3025 1856 Perside
3053 1799 3407 1872 martyrium
3439 1798 3632 1854 subie-

233 1886 512 1965 Σαὸωρίου
534 1891 635 1943 τοῦ
656 1885 947 1962 τυράννου,
1009 1883 1094 1938 ἐπὶ
1158 1883 1562 1940 Κωνσταντίνου
1605 1886 1702 1936 τοῦ
1757 1883 1865 1937 Με-

2004 1895 2118 1944 ἰιῐιι
2148 1907 2181 1944 a
2209 1894 2425 1960 Sapore
2458 1889 3106 1962 tyranno,temporibus
3128 1888 3501 1944 Constantini
3521 1890 3636 1943 Ma-

231 1978 411 2054 γᾶλου,
449 1973 722 2052 βασιλέως
771 1970 1078 2044 Ῥωμαίων.
1139 1972 1238 2026 Ἠν
1289 1967 1382 2024 οὖν
1440 1971 1467 2024 ὁ
1527 1970 1677 2045 ἅγιος
1709 1969 1863 2026 ’Δκε-

1995 1979 2098 2051 ςηὶ,
2141 1981 2542 2034 Romanorum
2576 1979 2970 2051 imperatoris.
3006 1981 3143 2033 Erat
3165 1983 3362 2033 autem
3388 1978 3627 2048 Acepsi-

233 2073 389 2142 ψιμίς
425 2065 722 2124 ἐπίσκοπος
755 2060 951 2122 λευκὸς
996 2061 1095 2128 τὴν
1151 2057 1339 2132 τρίχα,
1398 2058 1572 2132 γέρων
1628 2057 1865 2134 γεγονὼς

1998 2085 2107 2123 nas
2139 2069 2450 2140 episcopus
2473 2069 2809 2124 veneranda
2837 2069 3052 2123 canitie
3087 2068 3327 2138 (quippe
3356 2068 3630 2138 quiocto-

227 2159 344 2211 ἐτῶν
377 2154 739 2231 ὁγδοήκοντα,
764 2149 1031 2212 συνεστὼς
1087 2142 1165 2203 ἔτι
1227 2145 1371 2221 ἔχων
1428 2147 1492 2202 τὸ
1554 2151 1732 2220 σῶμα,
1782 2144 1859 2200 εὖ·

1998 2158 2270 2230 ;esimum
2297 2175 2520 2213 annum
2544 2161 2784 2228 ageret),
2814 2174 3060 2229 corpore
3085 2157 3275 2212 adhuc
3298 2156 3630 2227 ﬁrmo,pro-

230 2251 398 2320 μήκης
456 2244 552 2300 καὶ
607 2239 816 2313 ὄρθιος,
869 2238 1184 2315 περιουσίαν
1238 2235 1568 2310 κεκτημένος
1625 2235 1862 2307 πολλήν.

2003 2264 2234 2318 :eroque
2267 2252 2500 2302 etrecto
2527 2263 2539 2302 :
2574 2248 2646 2301 ad
2676 2249 2801 2301 haec
2832 2247 3043 2319 opibus
3075 2246 3635 2316 afﬂuens.Compre-

227 2337 517 2413 Κρατηθεὶς
549 2333 608 2390 δὲ
643 2333 774 2408 μετὰ
819 2336 929 2388 τῶν
987 2329 1078 2384 σὺν
1135 2330 1307 2402 αὐτῷ,
1338 2329 1429 2384 καὶ
1462 2327 1738 2402 παραστὰς
1791 2332 1859 2399 τιῖ

2002 2355 2203 2392 iensus
2231 2343 2428 2392 autem
2459 2355 2594 2392 cum
2629 2337 2826 2407 sociis,
2863 2337 3092 2391 sistitur
3130 2352 3435 2408 magorum
3472 2335 3634 2406 prin-

229 2428 541 2503 ἀρχιμάγῳ,
601 2423 692 2478 καὶ
755 2424 831 2495 μὴ
912 2419 1148 2484 πεισθεὶς
1209 2423 1361 2483 θῦσαι
1419 2422 1500 2490 τῷ
1552 2416 1728 2490 Ἡλίῳ
1780 2415 1861 2472 καῖ

2005 2426 2097 2498 :ipi
2124 2443 2136 2480 :
2169 2444 2424 2498 cumque
2446 2426 2660 2481 adduci
2691 2443 2812 2481 non
2868 2430 3088 2497 posset,
3113 2429 3178 2479 ut
3225 2424 3342 2479 Soli
3375 2429 3432 2479 et
3471 2424 3637 2479 Marti

226 2525 297 2591 τῷ
323 2522 504 2591 "Aper,
565 2512 712 2569 ἀλλᾶ
775 2511 985 2587 μᾶλλον
1042 2505 1318 2584 ἐξυϐρίσας
1374 2509 1450 2572 εἷς
1509 2507 1724 2578 αὐτοὺς,
1779 2507 1858 2562 τύ·

2005 2515 2364 2584 ὶᾶΟΓίΠΟᾶΓΘίΖ,
2391 2517 2535 2587 quin
2567 2516 2763 2586 potius
2785 2514 2922 2569 illos
2951 2514 3328 2569 contumeliis
3354 2513 3637 2579 afﬁceret,

228 2630 409 2664 πτεται
441 2608 690 2680 ἱσχυρῶς
747 2603 838 2657 καὶ
898 2601 1196 2674 δεσμεῖται.
1256 2602 1387 2656 Εἶτα
1425 2596 1611 2673 ἄγεται
1647 2599 1860 2675 Ἰωσὴφ,

2011 2609 2326 2675 ;ravissime
2357 2627 2543 2664 caesus
2585 2610 2645 2662 in
2677 2607 2914 2662 vincula
2945 2607 3192 2678 rapitur.
3225 2606 3436 2661 Postea
3457 2605 3643 2660 addu-

229 2698 402 2766 ἐκτῆς
453 2696 626 2764 αὐτῆς
681 2695 870 2768 χώρας
930 2689 1210 2764 ὑπάρχων,
1264 2688 1353 2743 καὶ
1406 2687 1566 2749 αὐτὸς
1620 2688 1861 2763 γηραιός.

2007 2704 2110 2752 :tus
2140 2699 2377 2768 Joseph,
2403 2699 2503 2768 qui
2537 2715 2608 2752 ex
2638 2698 2847 2752 eadem
2877 2697 3118 2768 regione
3150 2699 3364 2759 erat,et
3396 2696 3521 2765 ipse
3554 2710 3639 2749 se-

235 2790 323 2843 Καὶ
378 2785 636 2846 ἀντιστὰς
688 2787 770 2854 τῷ
826 2780 1146 2858 ἀρχιμάγῳ,
1201 2779 1479 2847 τύπτεται,
1533 2777 1622 2832 καὶ
1683 2779 1867 2850 μαστί-

2015 2805 2119 2856 Lex,
2149 2787 2309 2858 quod
2341 2788 2680 2858 archimago
2712 2787 3187 2853 contradixisset,
3242 2785 3498 2839 fustibus
3547 2800 3647 2838 us-

229 2883 389 2946 ζεται,
424 2877 501 2936 ὡς
544 2872 872 2940 διακοπῆναι
932 2869 1025 2931 τὰς
1081 2871 1276 2944 σάρκας
1333 2867 1497 2922 αὐτοῦ
1551 2866 1716 2942 μέχρι
1765 2870 1861 2922 τῶι

2014 2895 2098 2948 [ue
2122 2877 2269 2932 adeo
2302 2877 2724 2948 percutitur,ut
2744 2875 3000 2930 concisis
3026 2875 3178 2929 fmde
3210 2873 3489 2930 carnibus
3512 2890 3646 2928 ossa

225 2965 446 3032 ὀστέων,
477 2962 572 3018 καὶ
623 2959 1001 3033 συνδεσμεῖται
1053 2957 1133 3031 τῷ
1191 2957 1328 3032 ἁγίῳ
1388 2959 1678 3030 Ἀκεψιμᾷ.
1741 2957 1857 3012 Εἴτε

2008 2967 2354 3022 iudarentur
2378 2985 2390 3021 :
2425 2965 2640 3020 deinde
2672 2965 2734 3019 in
2766 2981 3064 3020 carcerem
3091 2963 3349 3018 truditur
3370 2980 3488 3017 una
3508 2979 3640 3016 cum

223 3053 405 3130 ἃγεται
462 3051 560 3107 καί
642 3047 950 3118 Ἀειθαλὰς,
1033 3049 1122 3103 καὶ
1205 3045 1480 3120 δεσμεῖται
1520 3045 1614 3107 τὰς
1681 3046 1855 3121 χεῖρας

2017 3062 2188 3112 ancto
2203 3055 2681 3126 Acepsima.Post
2701 3055 2808 3109 hos
2823 3059 2880 3108 et
2893 3055 2953 3109 Ai
2966 3053 3155 3109 thalas
3178 3052 3614 3125 producitur,re
3634 3080 3647 3091 ι

231 3144 332 3200 ὑπὸ
390 3143 458 3196 τὰ
518 3141 744 3216 γόνατα·
805 3140 893 3192 καὶ
957 3136 1303 3212 ἐξαρθροῦται
1361 3136 1534 3198 πάσας
1617 3135 1714 3196 τὰς
1778 3139 1863 3189 τοί

2015 3145 2316 3216 inctisque
2347 3143 2420 3199 ad
2452 3161 2644 3205 genua
2675 3143 2972 3210 manibus,
3006 3144 3088 3198 ita
3120 3141 3388 3198 membra
3415 3140 3647 3212 singula

233 3233 494 3304 σώματος
554 3227 842 3302 ἁρμονίας.
905 3229 1057 3284 Μετὰ
1111 3229 1279 3281 ταῦτα
1337 3225 1363 3279 ὁ
1428 3225 1520 3297 μὲν
1582 3225 1865 3297 ’Λκεψιμᾶι

2017 3240 2295 3303 uxantur,
2327 3239 2393 3289 ut
2422 3239 2543 3289 tota
2565 3234 2828 3306 corporis
2859 3249 3173 3305 compages
3204 3230 3645 3286 dissolveretur.

227 3323 568 3392 τυπτόμενος
601 3317 919 3387 ἐτελειώθη.
979 3318 1040 3373 Ὁ
1092 3313 1148 3370 δὲ
1207 3316 1408 3390 Ἰωσὴφ
1464 3315 1600 3370 κατᾶ
1642 3312 1852 3391 κεφαλὴ

2013 3324 2256 3379 [‘andem
2285 3323 2628 3395 Acepsimas
2651 3323 3002 3395 interﬂagra
3031 3322 3346 3394 exspiravit
3373 3321 3645 3392 ;Joseph,

239 3409 563 3486 κρεμσθείς
596 3402 992 3477 ἐλιθοϐολτςθη,
1045 3407 1072 3460 ὁ
1132 3402 1190 3459 δὲ
1245 3403 1535 3468 Ἀειθαλάς
1586 3403 1676 3458 καὶ
1729 3403 1871 3458 αὐτὸι

2021 3431 2228 3469 nverso
2260 3413 2449 3485 capite
2483 3430 2830 3485 suspensus,
2880 3412 3176 3484 lapidibus
3235 3410 3480 3466 obrutus
3513 3413 3602 3464 est
3634 3428 3648 3477 ;

234 3501 366 3554 κατᾶ
390 3503 645 3576 κεφαλῆς
672 3495 1018 3570 κρεμασθεὶς,
1053 3490 1334 3570 παρέδωκε
1352 3493 1416 3547 τὸ
1444 3496 1674 3566 πνεῦμα,

2015 3503 2264 3558 διὶιῒιίιιίιε
2294 3519 2429 3557 vero
2489 3507 2546 3556 et
2604 3503 2728 3574 ipse
2788 3502 2979 3573 capite
3036 3499 3268 3555 inverso
3301 3514 3647 3570 suspensus,

2000 3593 2276 3665 spiritum
2309 3590 2569 3646 tradidit.

835 3671 915 3742 τῇ
948 3666 1082 3741 αὐτῇ
1116 3667 1300 3741 ἡμέρᾳ

2652 3679 2873 3736 Eodem
2904 3679 2998 3734 die

245 3773 456 3845 Μνήμη
509 3773 612 3824 τοῦ
694 3767 1109 3848 ὁσίου-Πατρὸς
1164 3769 1326 3848 ἡμξῦν
1388 3765 1725 3823 Ἰωαννικίου
1797 3769 1877 3821 τοῐ

2027 3772 2161 3828 164
2209 3769 2660 3826 Commemoratio
2703 3769 2881 3826 sancti
2937 3766 3124 3848 Patris
3177 3763 3463 3822 Joannicii
3493 3763 3659 3819 thau-

855 3846 962 3894 Θαυ
973 3839 1276 3912 ματουργοῦ
1285 3881 1298 3894 .

2723 3839 2989 3910 maturgi.

316 3934 374 3990 '0
438 3929 611 4004 μέγας
665 3929 846 4001 πατὴρ
922 3930 1081 4000 ἡμῶν
1165 3928 1495 3989 Ἰωαννίκιος
1544 3928 1790 4002 ὑπῆρχεν
1841 3925 1903 3982 ἐκ

2078 3937 2321 4007 Magnus
2352 3937 2520 4005 pater
2539 3938 2744 3989 noster
2771 3931 3115 3990 Joannicius
3149 3947 3218 3985 ex
3258 3929 3548 4002 Bithyniae
3562 3945 3627 3983 re
3650 3958 3668 3969 -

251 4029 344 4090 τῆς
403 4020 604 4095 χώρας
665 4017 912 4080 Βιθυνίας
970 4015 1056 4070 ἐπὶ
1113 4022 1216 4085 τῆς
1279 4015 1558 4092 βασιλείας
1618 4023 1883 4071 Κωνσταν-

2025 4025 2180 4097 gione
2211 4023 2323 4078 fuit
2353 4023 2720 4095 temporibus
2752 4019 3124 4077 Constantini
3155 4018 3443 4074 Caballini
3476 4018 3657 4088 impe-

251 4112 401 4164 τίνου
432 4113 534 4163 τοῦ
595 4101 962 4163 Καϐαλλίνου.
1021 4105 1120 4159 Διὰ
1172 4103 1230 4159 δὲ
1281 4106 1380 4173 τὴν
1436 4103 1654 4181 ἀνδρίαν
1715 4105 1878 4160 αὐτοῦ

2035 4114 2240 4170 ⁸ἃῐΟΓί5.
2273 4113 2416 4168 Cum
2449 4119 2646 4167 autem
2679 4113 2740 4166 in
2774 4129 2861 4181 ea,
2890 4129 3019 4182 qua:
3075 4109 3483 4164 excubitorum
3515 4107 3667 4162 dici-

247 4197 584 4273 ἐστρατεύθη
674 4195 746 4256 εἷς
833 4195 933 4263 τήν
989 4197 1095 4249 τῶν
1183 4189 1514 4249 ἐσκουϐίτων
1584 4186 1879 4268 ’στρατείαν

2031 4221 2127 4271 ,ur,
2161 4203 2379 4257 militia
2409 4201 2708 4273 stipendia
2758 4200 3004 4267 faciens,
3037 4203 3094 4254 et
3118 4199 3181 4253 in
3229 4197 3506 4253 omnibus
3528 4195 3663 4250 aliis

243 4289 333 4343 καὶ
371 4285 715 4361 ἠνδραγάθει
775 4283 826 4338 ἓν
888 4289 1019 4338 πᾶσι
1078 4280 1375 4356 πολέμοις,
1432 4284 1786 4339 κατακόπτων
1841 4305 1870 4339 τ

2038 4292 2184 4348 pellis
2213 4292 2448 4347 fortiter
2473 4309 2534 4346 se
2565 4291 2863 4364 gessisset,
2899 4289 3403 4362 Bulgarorumque
3434 4289 3670 4358 gentem

244 4374 730 4448 τῶοΒουλγαρων
811 4369 982 4436 ἔθνος.
1037 4373 1126 4430 Ἐν
1189 4377 1287 4446 μιᾷ
1344 4370 1401 4427 δὲ
1448 4368 1696 4446 πολέμου
1752 4393 1874 4448 γενο

2035 4382 2390 4450 :oncidisset,
2424 4381 2629 4436 videns
2679 4379 3000 4452 aliquando
3060 4378 3121 4432 in
3175 4377 3432 4448 quodam
3462 4374 3667 4445 praelio

251 4469 444 4538 μένου,
481 4462 617 4518 ἲδὼν
670 4459 918 4523 πολλοὺς
975 4465 1082 4516 τῶν
1141 4466 1554 4537 συστρατιωτῶν
1589 4461 1883 4540 σφαγέντας

2039 4488 2287 4544 nagnam
2320 4470 2796 4527 commilitonum
2824 4485 3067 4524 suorum
3090 4464 3671 4520 multitudinemtru-

248 4557 338 4610 καὶ
394 4553 696 4622 λυπηθεὶς,
755 4550 1014 4606 κατέλιπε
1067 4552 1166 4620 τὴν
1253 4551 1550 4624 στρατείαν.
1597 4551 1716 4618 ¹Καὶ
1780 4571 1878 4605 κατ

2039 4543 2531 4624 :idatam,tantum
2565 4560 2761 4614 animo
2783 4558 3048 4612 dolorem
3079 4554 3443 4625 concepit,ut
3472 4551 3671 4606 statim

253 4640 422 4699 ἔλαϐε
450 4644 512 4697 τὸ
541 4645 643 4696 τοῦ
675 4639 961 4713 Ὀλύμπου
987 4636 1143 4714 ὅρος,
1173 4639 1263 4694 καὶ
1284 4639 1578 4709 ἡσύχαζεν.
1611 4643 1748 4696 Εἶτα
1766 4661 1885 4714 γνωι

2040 4650 2288 4706 Lbdieata
2318 4650 2552 4711 militia,
2603 4649 2918 4718 Olympum
2953 4649 3214 4698 montem
3245 4641 3672 4710 conscendens,

251 4735 468 4807 ρισοεές
517 4730 671 4804 παρὰ
717 4729 1116 4804 συστρατιώτου
1175 4728 1340 4795 τινὸς,
1401 4729 1584 4805 φυγὼν
1661 4728 1883 4797 ἀπῆλθε·

2043 4739 2347 4793 .olitariam
2402 4739 2578 4791 vitam
2633 4735 2940 4806 amplexus
2978 4733 3174 4788 fuerit.
3231 4731 3344 4786 Sed
3402 4731 3675 4803 cognitus

251 4821 308 4875 ἐν
334 4825 418 4893 τῷ
446 4823 550 4884 τῆς
583 4817 790 4880 Λυκίας
837 4813 970 4891 ὄρει·
1021 4815 1074 4871 ἐν
1133 4817 1179 4889 ᾧ
1236 4815 1421 4872 πολλά
1473 4816 1720 4891 θαύματα
1746 4821 1878 4890 ποιή

2049 4833 2170 4883 orte
2202 4844 2235 4881 a
2265 4826 2672 4881 commilitone
2717 4823 2997 4895 quodam,
3053 4822 3114 4875 in
3173 4821 3359 4892 Lycias
3416 4825 3681 4875 montem

253 4931 376 4978 σας,
451 4905 524 4962 δι’
583 4904 980 4979 ἀποκαλύψεως
1035 4903 1204 4975 ἦλθεν
1257 4904 1333 4967 εἷς
1381 4907 1480 4975 τήν
1542 4908 1713 4978 μονήν
1766 4909 1880 4982 Ἐρι

2049 4916 2336 4984 ;oncessit,
2371 4916 2471 4970 ubi
2503 4932 2640 4969 cum
2676 4913 2864 4968 multa
2914 4910 3204 4966 miracula
3234 4909 3540 4978 edidisset,
3594 4908 3681 4962 di-

255 5006 412 5068 ni}:
448 4996 773 5072 καὶγίνεται
809 4993 1074 5069 μοναχός’
1124 4995 1212 5049 καὶ
1269 4995 1372 5049 ἀπὸ
1430 4992 1589 5064 ὅρους
1655 4995 1730 5058 εἷς
1785 4992 1880 5072 ὄρο

2044 5008 2164 5062 rina
2220 5004 2580 5060 revelatione
2634 5003 2994 5065 admonitus,
3023 5001 3085 5055 in
3131 5000 3337 5054 Eristaa
3377 5003 3676 5054 monaste-

263 5080 638 5157 μεταϐαίνων,
723 5081 1172 5158 ἐθαυματούργει·
1232 5083 1322 5138 καὶ
1401 5081 1660 5159 δαίμονας
1718 5085 1889 5164 ἐφυγά

2048 5097 2183 5151 ’ἱιιηι
2216 5111 2344 5149 sese
2377 5094 2618 5165 recepit,
2642 5098 2701 5148 et
2729 5091 3058 5146 monachus
3091 5089 3280 5144 factus
3312 5093 3419 5143 est.
3453 5090 3598 5143 Tum
3651 5102 3680 5141 e

259 5175 435 5246 δευεν,
496 5173 712 5248 ἐδέξατο
771 5171 830 5228 δὲ
885 5173 977 5228 καὶ
1027 5174 1364 5248 προορατικὰ
1417 5174 1750 5249 χαρίσματα.
1812 5180 1891 5233 Κα

2053 5190 2232 5242 nonte
2264 5184 2325 5238 in
2350 5189 2610 5239 montem
2636 5180 3166 5250 recedens,ubique
3191 5178 3459 5250 prodigia
3488 5183 3685 5248 patra-

267 5267 537 5339 βασιλέων
602 5266 698 5338 μὲν
758 5262 1011 5338 ἀλλαγὰς
1094 5268 1342 5337 προεῖπε,
1402 5264 1490 5319 καὶ
1537 5270 1893 5342 πατριαρχῶν

2057 5280 2149 5345 ναι,
2176 5278 2233 5328 et
2262 5273 2562 5328 daemones
2585 5271 2840 5344 fugabat.
2876 5269 2986 5324 Sed
3017 5273 3076 5323 et
3106 5267 3431 5340 prephetiaa
3467 5265 3689 5320 donum

270 5356 360 5424 Ἐξ
409 5354 470 5410 οὗ
511 5356 603 5411 καὶ
664 5356 805 5429 μετᾶ
861 5353 928 5408 τὸ
982 5351 1222 5427 γενὲσθαι
1278 5353 1370 5408 τὸν
1432 5353 1582 5429 ἂγιον
1643 5353 1902 5413 Μεθόδιοκ

2060 5361 2281 5433 .ccepit,
2305 5367 2363 5415 et
2393 5362 2820 5432 imperatorum
2852 5357 3443 5429 patriarcharumque
3465 5370 3692 5410 succes-

271 5447 631 5523 πατριάρχην,
666 5446 794 5522 περὶ
829 5444 894 5499 οὗ
929 5444 1318 5518 προεφήτευσε,
1371 5445 1506 5518 μετᾶ
1558 5444 1748 5520 τρίτην
1781 5449 1903 5520 ήμέ-

2057 5452 2235 5506 ιίοῐιθε
2284 5451 2577 5523 praidixit.
2637 5448 2830 5504 Tertio
2883 5447 3125 5501 demum
3174 5451 3308 5516 post
3337 5445 3452 5508 die,
3512 5459 3689 5512 quam

277 5553 366 5607 ριν
398 5536 690 5614 ἐκοιμήθη.
2039 5546 2278 5597 sanctus
2309 5541 2640 5597 Methodius
2671 5535 3026 5610 patriarcha,
3061 5535 3147 5589 uti
3193 5532 3692 5606 prmnuntiaverat

2042 5631 2352 5689 ordinatus
2375 5636 2488 5702 est,
2518 5630 2581 5686 in
2612 5627 2862 5686 Domino
2890 5621 3262 5681 obdormivit.
