4132 6328
423 351 536 413 143

985 485 1227 540 EODEM
1250 484 1506 540 MENSE.

1080 573 1184 628 Die
1215 577 1426 644 quarta

589 682 733 740 105
768 683 1061 739 Certamen
1089 684 1268 738 sancti
1295 683 1560 752 martyris
1585 679 1906 752 Porphyrii.

423 810 786 882 Porphyrius
817 815 1062 881 martyr,
1096 808 1420 864 Aureliano
1448 809 1823 880 imperatore,
1855 807 1964 863 fuit
2011 823 2081 862 ex

423 901 570 956 urbe
602 901 854 971 Epheso,
891 899 1159 971 egregius
1191 899 1562 954 scenicorum
1597 897 1873 953 ludorum
1897 901 2080 963 actor,

418 990 590 1061 cujus
621 989 851 1044 ludicra
881 994 1005 1043 arte
1038 988 1364 1043 delectatus
1399 985 1728 1042 Alexander
1744 987 2082 1041 Cmsareen-

423 1079 577 1133 sium
611 1095 828 1145 comes,
866 1095 1068 1133 secum
1101 1079 1428 1133 Cmsaream
1460 1076 1629 1132 illum
1662 1076 2082 1147 adduxit.Age-

419 1167 594 1222 batur
625 1167 774 1223 forte
804 1167 992 1223 festus
1025 1167 1360 1222 daamonum
1394 1166 1520 1221 dies
1544 1182 1777 1221 summa
1805 1165 2083 1220 ludorum

430 1256 792 1323 celebritate,
829 1257 889 1311 in
923 1257 1138 1327 quibus
1175 1261 1233 1311 et
1276 1256 1747 1310 Christianorum
1779 1256 1930 1311 ritus
1980 1269 2086 1325 per

413 1345 619 1418 jocum
653 1345 1212 1416 reprmsentabatur.
1246 1345 1573 1400 Productus
1604 1345 1784 1416 igitur
1816 1343 2082 1414 Porphy-

423 1435 570 1500 rius,
602 1439 666 1488 ut
697 1434 767 1488 ab
799 1451 889 1501 eo,
933 1435 1033 1505 qui
1067 1433 1294 1488 scilicet
1315 1435 1575 1505 episcopi
1614 1449 1930 1505 personam
1988 1433 2082 1486 in-

424 1521 657 1589 duerat,
691 1521 1106 1593 baptizaretur,
1130 1521 1312 1577 allata
1340 1539 1514 1593 aqua,
1545 1521 1740 1577 nudus
1769 1521 1933 1576 illam
1991 1522 2086 1576 in—

421 1610 706 1682 greditur,
769 1610 917 1666 falso
978 1611 1222 1666 interim
1280 1611 1581 1682 episcopo,
1613 1609 2086 1665 Christianorum

421 1699 562 1764 ritu,
600 1698 833 1754 dicente
862 1716 876 1753 :
909 1700 976 1754 In
1003 1699 1245 1753 nomine
1268 1699 1479 1769 Patris,
1505 1704 1564 1754 et
1587 1699 1808 1764 Filii,et
1837 1699 2089 1770 Spiritus

1739 350 2176 412 MENOLOGII
2220 351 2422 412 PARS
2467 351 2516 410 Ι.

2107 493 2161 557 Α

3721 349 3850 410 144

2721 481 2898 537 ΗΗΝΙ
2955 483 3048 538 ΤΩ
3104 482 3307 537 ΑΥΤΩ.

3003 570 3055 624 Δ.

2329 676 2606 748 ’Ἃθλησις
2661 682 2759 733 τοῦ
2807 678 2967 752 ἁγίου
3027 677 3300 754 μάρτυρος
3357 675 3688 754 Ηορφυρίου.

2261 803 2571 882 Πορφύριος
2608 805 2636 859 6
2671 805 2874 879 μάρτυς
2932 806 3176 880 ὑπῆρχεν
3235 803 3323 858 ἐπὶ
3384 802 3661 879 βασιλείας
3720 806 3832 862 Αὖ-

2194 899 2489 969 ρηΛιανοῦς
2520 894 2579 948 ἐκ
2601 898 2699 964 τῆς
2731 893 2948 958 πόλεως
2977 891 3222 972 Ἐφέσου,
3257 895 3335 958 εἷς
3379 890 3452 948 ὤν
3509 901 3610 962 τῆς
3665 894 3833 967 θυμέ-

2194 981 2322 1056 λης,
2351 983 2442 1038 καὶ
2474 983 2523 1038 ἐν
2573 986 2643 1056 τῇ
2692 984 3002 1059 ὀρχηστικῇ
3060 981 3390 1056 εὕδοκιμῶν,
3447 983 3657 1040 Τούτου
3714 989 3834 1046 τοῖς

2191 1071 2464 1146 παιγνίοις
2500 1073 2748 1146 τερφθεὶς
2804 1074 2832 1127 6
2889 1079 2988 1142 τῆς
3053 1071 3358 1146 Καισαρέων
3405 1070 3588 1143 κόμης
3641 1069 3836 1142 Ἀλέξ-

2193 1157 2808 1236 ανδρος,προσελάὄετο
2858 1161 3042 1231 αὐτὸν,
3096 1162 3186 1216 καὶ
3243 1158 3447 1236 ἤγαγεν
3503 1160 3580 1223 εἷς
3638 1160 3834 1216 Καισά-

2193 1272 2362 1326 ρειαν.
2395 1253 2625 1329 Ἐορτῆς
2656 1249 2714 1308 δὲ
2748 1259 2864 1315 τοῖς
2920 1251 3144 1326 δαίμοσι
3199 1249 3557 1326 τελουμένης,
3588 1251 3677 1306 καὶ
3724 1255 3832 1305 τῶν

2191 1342 2460 1416 παιγνίων
2517 1343 2844 1418 γινομένων,
2895 1340 3234 1412 διεπαίζοντο
3286 1342 3377 1396 καὶ
3435 1342 3486 1395 οἱ
3541 1345 3649 1395 τῶν
3702 1342 3839 1416 Χρι-

2197 1435 2424 1486 στιανῶν
2454 1430 2643 1488 τύποι.
2695 1431 2796 1490 Καὶ
2847 1433 3142 1508 προσήχθη
3175 1430 3508 1506 Πορφύριος,
3542 1429 3687 1505 παρά
3737 1434 3838 1484 τοῦ

2197 1518 2359 1591 δῆθεν
2415 1521 2490 1584 είς
2555 1522 2724 1578 τύπον
2789 1521 3087 1578 ἐπισκόπου
3166 1520 3634 1597 σχηματισθέντος
3738 1521 3840 1596 βα-

2194 1615 2508 1676 πτισθῆναι⁸
2557 1609 2866 1685 ἐνεχθέντος
2923 1612 3014 1666 οὖν
3047 1608 3259 1679 ὕδατος,
3289 1609 3595 1686 γυμνωθεὶς
3647 1607 3839 1679 εἰσῆλ-

2198 1700 2283 1754 θεν
2318 1699 2370 1754 ἐν
2419 1699 2585 1772 αὐτῷ’
2641 1705 2738 1755 τοῦ
2791 1697 3285 1775 ψευδοεπισκόπου,
3335 1700 3410 1760 ὡς
3469 1699 3521 1752 οἱ
3578 1704 3837 1775 Χριστια-

423 1788 635 1855 sancti,
671 1788 1003 1859 baptizatur
1044 1787 1428 1859 Porphyrius.
1478 1789 1602 1853 Quo
1661 1788 1816 1842 facto
1847 1787 2082 1842 adfuere

2197 1789 2303 1859 νοὶ,
2336 1786 2617 1865 λέγοντος,
2644 1789 2734 1853 Et:
2762 1791 2826 1846 τὸ
2857 1787 3033 1864 ὄνομα
3059 1793 3156 1845 τοῦ
3183 1789 3417 1864 ΙΙατρὸς,
3447 1789 3534 1844 καὶ
3565 1791 3661 1842 τοῦ
3686 1790 3839 1859 Υἱοῦ,

423 1877 638 1949 angeli,
674 1877 772 1947 qui
801 1877 1011 1932 induto
1054 1877 1206 1932 stola
1235 1877 1372 1932 alba
1401 1877 1748 1948 Porphyrio,
1781 1893 1915 1932 cum
1942 1876 2082 1932 faci-

2197 1879 2287 1933 καὶ
2347 1883 2449 1934 τοῦ
2507 1880 2662 1954 ἁγίου
2719 1880 3059 1954 Πνεόματος,
3120 1879 3436 1955 βαπτίζεται
3503 1878 3836 1954 Πορφόριος.

427 1965 538 2021 bus
587 1966 946 2038 psallebant,
978 1967 1288 2022 dicentes:
1333 1967 1680 2038 Quicunque
1737 1967 1799 2021 in
1856 1966 2087 2022 Christo

430 2055 705 2126 baptizati
732 2056 894 2123 estis,
929 2056 1228 2112 Christum
1250 2055 1831 2123 induistis,Alleluia.
1867 2058 1945 2111 Eo
1977 2056 2086 2111 mi-

429 2143 634 2198 raculo
668 2145 948 2200 commoti
981 2145 1246 2216 plurimi,
1283 2146 1346 2201 in
1395 2147 1711 2202 Dominum
1760 2145 2084 2201 credidere.

436 2236 644 2287 Comes
674 2249 810 2288 vero
841 2233 1056 2289 rubore
1091 2237 1351 2290 suffusus
1381 2235 1688 2291 discessit:
1715 2241 1772 2290 et
1815 2235 2087 2307 sequenti

434 2320 530 2375 die
560 2321 953 2394 Porphyrium
975 2328 1264 2395 praetento
1287 2323 1528 2397 magica:
1559 2325 1702 2381 artis
1724 2325 1974 2380 crimine
1995 2325 2092 2380 de-

435 2408 641 2464 collari
665 2411 865 2482 jussit.

1107 2608 1328 2664 Eodem
1353 2609 1446 2665 die

431 2694 586 2749 186
620 2695 1080 2751 Commemoratio
1110 2703 1425 2771 sanctorum
1455 2701 1828 2771 apostolorum
1881 2701 1946 2755 de
1975 2719 2084 2755 nu-

501 2771 1059 2893 rzezohsfgtuaginta,
1110 2770 1385 2839 Patrobw,
1422 2770 1661 2840 Hérmz,
1717 2774 1869 2838 Lini,
1929 2773 2084 2843 Gaii,

501 2854 530 2892 e
673 2854 690 2893 ι
719 2855 747 2894 ο
774 2855 884 2909 ogi.

504 2962 572 3017 Hi
605 2979 812 3020 omnes
841 2965 1005 3021 fuere
1036 2967 1290 3038 apostoli
1324 2985 1394 3024 ex
1435 2985 1684 3025 numero
1716 2971 2088 3044 septuaginta

436 3051 887 3124 discipulorum.
917 3057 986 3108 Et
1014 3056 1294 3112 Patrobas
1326 3058 1588 3128 quidem.
1621 3060 1792 3130 cujus
1832 3062 2088 3116 mentio-

435 3155 570 3195 nem
606 3141 667 3194 in
701 3143 823 3196 suis
855 3145 1134 3214 Epistolis
1165 3146 1383 3200 Paulus
1415 3163 1663 3218 magnus
1691 3149 2089 3220 facit,episco-

2197 1969 2318 2038 Kal,
2344 1969 2542 2024 τούτου
2572 1971 2891 2044 γενομένου,
2931 1967 3104 2039 ἦλθον
3133 1970 3184 2024 οἱ
3215 1967 3437 2043 ἂγγελοι
3469 1969 3556 2023 καὶ
3591 1964 3837 2023 ἐνέδυσαν

2198 2057 2398 2128 στολὴν
2428 2056 2626 2128 λευκὴν
2653 2059 2742 2114 τὸν
2779 2058 3109 2138 Πορφύριον,
3167 2059 3303 2131 μετὰ
3359 2055 3659 2130 λαμπάδων
3691 2056 3839 2131 ψάλ-

2197 2145 2407 2209 λοντες⁶
2486 2149 2641 2206 Ὀσοι
2721 2146 2800 2210 είς
2858 2147 3090 2223 Χριστὸν
3159 2142 3538 2216 ἐϐαπτίσθητε,
3604 2145 3838 2220 Χριστὸν

2196 2235 2531 2309 ἐνεδύσασθε,
2567 2235 2931 2308 Ἀλληλούϊα.
2967 2235 3194 2298 ’ἰδόντες
3221 2233 3312 2292 οὖν
3355 2235 3418 2289 τὸ
3466 2238 3665 2307 θαῦμα,
3696 2233 3843 2289 πολ-

2199 2326 2288 2382 λοὶ
2322 2326 2634 2382 ἐπίστευσαν
2697 2326 2785 2382 ἐπὶ
2834 2327 2928 2382 τὸν
2995 2325 3217 2402 Κύριον.
3271 2326 3331 2383 Ὀ
3385 2322 3442 2380 δέ
3491 2323 3692 2397 κόμης,
3749 2325 3842 2378 αὶ-

2197 2415 2466 2492 σχυνθεές,
2501 2417 2850 2492 ὑπεχώρησε“
2883 2417 2974 2471 καὶ
3012 2419 3082 2490 τῇ
3129 2414 3382 2489 ἐπαύριον
3415 2413 3625 2491 ἀγαγὼν
3653 2412 3838 2484 αὐτὸν,

2193 2506 2282 2560 καὶ
2313 2506 2386 2568 ὡς
2410 2506 2586 2580 γόητα
2616 2501 2912 2576 διαϐαλὼν,
2946 2503 3357 2582 ἀπεκεφάλισεν.

2783 2624 2866 2696 Τῇ
2898 2620 3034 2696 αὓτῇ
3065 2623 3245 2696 ἡμέρᾳ

2197 2711 2406 2782 Μνήμη
2445 2711 2572 2784 ,τῶν
2629 2709 2801 2784 ἁγίων
2858 2709 3204 2784 ἀποστόλων-
3227 2707 3287 2762 ἐκ
3321 2713 3455 2784 ’τῖρνΔ
3486 2710 3529 2763 ο’
3559 2703 3836 2781 Ηατροόἇ,

2443 2783 2640 2857 Ἑρμᾶ,
2675 2779 2860 2852 λίνου,
2892 2781 3078 2851 Γαῒου,
3122 2781 3212 2836 καὶ
3243 2779 3587 2856 Φιλολόγου.

2266 2961 2430 3018 Οὗτοι
2470 2959 2665 3024 πάντες
2719 2961 2968 3035 ὑπῆρχον
3029 2957 3088 3014 ἐκ
3142 2964 3250 3014 τῶν
3303 2955 3681 3032 ἐϐδομήκοντα
3732 2979 3840 3031 μα-

2196 3056 2376 3121 θητῶν
2435 3052 2523 3105 καὶ
2610 3049 2952 3106 ἀποστόλων.
3006 3049 3103 3106 Καὶ
3162 3051 3190 3104 6
3255 3050 3348 3123 μὶν
3413 3045 3714 3124 Πατροϐἆς,
3775 3047 3842 3104 οὗ

2195 3139 2284 3194 καὶ
2318 3141 2345 3194 6
2379 3139 2544 3215 μέγας
2575 3137 2790 3201 Ηαῦλος
2823 3138 2874 3193 ἐν
2904 3144 3023 3202 ταῖς
3075 3140 3267 3194 ἑαυτοῦ
3326 3138 3680 3201 Ἐπιστολαῖς
3738 3140 3841 3211 μέ-

436 3243 546 3296 pus
575 3229 949 3282 Puteolorum
970 3229 1180 3295 factus,
1199 3232 1418 3286 multos
1447 3233 1521 3287 ad
1551 3234 1765 3289 Christi
1790 3234 1965 3290 {idem
1985 3241 2082 3291 tra-

2205 3250 2426 3302 μνηται,
2461 3228 2754 3284 ἐπίσκοπος
2811 3227 3096 3284 Ποτιόλων
3153 3227 3382 3302 ἐγένετο,
3439 3226 3684 3291 πολλοὺς
3741 3229 3846 3303 βα-

435 3310 643 3366 ductos
692 3312 1023 3382 baptizavit.
1075 3317 1318 3371 Hermas
1377 3324 1595 3381 autem,
1629 3320 1700 3374 de
1745 3337 1861 3390 quo
1909 3321 2088 3375 etiam

433 3399 648 3454 Paulus
682 3402 983 3471 apostolus
1009 3403 1070 3457 in
1097 3404 1357 3475 Epistola
1377 3405 1450 3460 ad
1474 3409 1768 3462 Romanos
1789 3409 2086 3476 meminit,

2201 3321 2418 3388 πτίσας,
2450 3320 2540 3374 καὶ
2571 3321 3038 3396 προσαγαγὼντῷ
3086 3325 3322 3394 Χριστῷ.
3383 3321 3442 3376 'U
3497 3318 3554 3374 δὲ
3609 3321 3840 3394 Ἑρμᾶς,

2197 3409 2258 3463 οὗ
2288 3411 2378 3464 καὶ
2436 3409 2604 3464 αὐτοῦ
2663 3410 2691 3464 6
2749 3409 2911 3472 αὐτὸς
2971 3411 3138 3484 μέγας
3195 3407 3505 3472 ἀπόστολος
3565 3411 3840 3482 μέμνηται

431 3486 914 3559 Philippopoleos
973 3492 1285 3564 episcopus
1315 3494 1446 3548 fuit.
1506 3497 1686 3550 Porro
1720 3497 1898 3552 Linus
1955 3505 2082 3569 post

2197 3499 2248 3554 ἐν
2280 3503 2348 3573 τῇ
2377 3500 2513 3574 πρὸς
2543 3499 2852 3571 Ῥωμαίους
2915 3497 3234 3570 Ἐπιστολῇ,
3285 3499 3580 3561 ἐπισκοπος
3630 3500 3842 3555 Φιλιπ-

430 3577 873 3634 sanctissimum
931 3581 1266 3651 apostolum
1325 3585 1564 3638 Petrum
1618 3602 1845 3658 magna)
1888 3589 2085 3642 Romae

430 3664 742 3736 episcopus
776 3672 865 3721 est
894 3677 1296 3740 nuncupatus.
1348 3673 1523 3728 Gaius
1544 3690 1702 3742 vero,
1726 3677 1896 3746 cujus
1927 3675 2085 3731 idem

427 3753 730 3822 apostolus
763 3757 1128 3812 mentionem
1160 3759 1385 3830 injecit,
1421 3768 1556 3832 post
1587 3769 1859 3819 sanctum
1890 3765 2086 3820 Timo-

430 3840 634 3896 theum
665 3842 974 3914 episcopus
1004 3847 1393 3916 Ephesiorum
1415 3851 2086 3924 renuntiatur.Denique

433 3928 800 4000 Philologus,
843 3931 915 3986 de
948 3950 1062 4002 quo
1094 3934 1250 3989 idem
1275 3938 1579 4007 apostolus
1609 3941 1902 4004 meminit,
1924 3943 2086 3996 Sino-

433 4015 524 4085 pis
557 4017 869 4088 episcopus
900 4026 1132 4075 creatus
1161 4022 1272 4077 fuit
1299 4024 1372 4078 ab
1403 4026 1638 4081 Andrea
1663 4029 1923 4098 primum
1956 4047 2085 4084 om-

435 4104 602 4158 nium
653 4107 1059 4176 apostolorum
1095 4116 1316 4165 vocato.
1351 4113 1767 4185 Episcopatum
1793 4119 1988 4187 itaque
2019 4120 2080 4174 in

431 4194 777 4249 memoratis
796 4196 1131 4252 civitatibus
1161 4205 1459 4270 gerentes,
1490 4219 1623 4256 cum
1655 4205 1873 4260 multas
1905 4207 2085 4261 mole-

427 4281 569 4335 stias
600 4288 775 4353 atque
811 4286 1148 4341 vexationes
1179 4305 1284 4358 pro
1315 4289 1490 4345 verbo
1517 4291 1754 4362 pietatis
1786 4294 2081 4364 tulissent,

424 4370 764 4444 multosque
795 4374 1047 4446 populos
1069 4376 1334 4432 docendo
1353 4379 1425 4433 ad
1445 4380 1743 4436 Christum
1761 4387 2084 4454 pertraxis-

423 4465 572 4528 sent,
609 4460 1014 4518 decesserunt.

988 4662 1228 4718 EODEM
1253 4665 1506 4721 MENSE.

1085 4751 1189 4806 Die
1220 4753 1430 4823 quinta

426 4850 581 4906 187
629 4853 920 4910 Certamen
977 4863 1305 4912 sanctorum
1353 4859 1707 4917 Galactionis
1745 4868 1801 4916 et
1853 4865 2078 4936 Episte-

1171 4945 1304 4987 mes.

494 5045 743 5102 Sanctus
775 5047 1078 5104 Galaction
1110 5066 1179 5105 ex
1211 5051 1356 5106 urbe
1388 5055 1598 5110 Emesa
1624 5055 1756 5124 fuit,
1789 5058 2078 5130 Onupurii

421 5135 699 5190 monachi
732 5137 1118 5207 prmdictione
1150 5145 1388 5211 natus,a
1421 5159 1538 5214 quo
1566 5149 1624 5199 et
1652 5151 1931 5216 parentes
1949 5148 2077 5219 ejus

418 5223 693 5294 baptizati
726 5225 983 5280 fuerant.
1027 5228 1169 5283 Cum
1195 5235 1391 5287 autem
1425 5238 1558 5303 post
1611 5236 1820 5290 matris
1850 5236 2076 5291 obitum

417 5312 678 5368 dedisset
735 5314 822 5369 illi
875 5322 1041 5388 pater
1098 5335 1364 5388 uxorem,
1416 5323 1658 5377 nomine
1712 5325 2074 5395 Epistemen,

414 5401 1039 5470 formosissimam,sed
1074 5405 1266 5464 adhuc
1297 5409 1624 5478 inﬁdelem,
1660 5413 1884 5483 nuptiis
1916 5415 2073 5469 cole-

411 5489 616 5558 bratis,
649 5491 794 5546 adiit
823 5493 1066 5564 quidem
1117 5497 1419 5554 Galaction
1453 5517 1718 5568 uxorem,
1773 5501 1874 5555 sed
1909 5503 2076 5559 nulla

413 5579 641 5634 ratione
674 5579 885 5636 adduci
914 5585 1126 5654 potuit,
1149 5591 1213 5640 ut
1235 5587 1307 5642 ad
1331 5589 1603 5644 osculum
1630 5605 1759 5644 eam
1791 5589 2072 5647 admitte-

418 5673 535 5737 ret;
569 5669 740 5741 cujus
769 5671 854 5726 rei
887 5688 1130 5730 causam
1161 5674 1235 5730 ab
1267 5691 1337 5733 ea
1367 5682 1627 5749 rogatus,
1659 5678 1827 5749 Quia,
1855 5678 2070 5751 inquit,

2194 3589 2520 3652 πουπόλεως
2551 3589 2779 3665 ἐγένετο.
2837 3591 2896 3646 Ὀ
2956 3588 3012 3644 δὲ
3069 3595 3229 3654 Λῖνος
3291 3592 3424 3664 μετά
3488 3591 3688 3667 Πέτρον
3747 3591 3842 3646 τὸν

2196 3681 2496 3755 ἁγιώτατον
2531 3678 2860 3750 ἀπόστολον,
2916 3687 3019 3750 τῆς
3081 3679 3327 3754 μεγάλης
3355 3682 3573 3753 Ῥώμης
3625 3680 3842 3735 ἐπίσκο-

2194 3791 2298 3832 πος
2328 3768 2724 3844 ἐχρημάτισεν.
2753 3770 2816 3826 Ὀ
2848 3766 2906 3824 δὲ
2963 3767 3144 3842 Γάϊος,
3193 3770 3254 3824 οὗ
3313 3769 3403 3824 καὶ
3456 3769 3621 3824 αὐτοῦ
3653 3770 3680 3824 6
3738 3768 3841 3823 αὐ·-

2193 3861 2285 3922 τὸς
2319 3857 2623 3920 ἀπόστολος
2657 3859 2949 3932 μέμνηται,
3006 3859 3140 3931 μετά
3187 3858 3279 3913 τὸν
3337 3857 3485 3934 ἅγιον
3543 3859 3839 3932 Τιμόθεον,

2195 3951 2486 4012 ἐπίσκοπος
2531 3949 2764 4026 Ἐφέσου
2821 3949 3051 4024 ἐγένετο.
3109 3950 3170 4008 Ὀ
3245 3947 3302 4003 δὲ
3386 3949 3725 4025 Φιλόλογοε,
3778 3950 3843 4005 οὗ

2191 4040 2282 4093 καὶ
2338 4040 2503 4094 αὐτοῦ
2561 4041 2588 4094 ὁ
2638 4039 2800 4101 αὐτὸς
2848 4037 3156 4100 ἀπόστολος
3193 4040 3488 4111 μέμνηται,
3546 4039 3844 4104 ἐπίσκοπος

2195 4129 2451 4200 Σινώπης
2484 4128 2692 4204 ἐγένετο
2722 4129 2826 4183 ὑπὸ
2857 4126 3117 4203 Ἀνδρέου
3145 4131 3242 4183 τοῦ
3297 4127 3698 4204 πρωτοκλήτου
3727 4135 3838 4185 τῶν

2191 4217 2536 4276 ἀποστόλων.
2571 4219 2676 4275 Καὶ
2717 4217 3178 4287 ἐπισκοπήσαντες
3219 4215 3269 4270 ἐν
3323 4223 3443 4278 ταῖς
3476 4215 3841 4287 δηλωθείσαις

2191 4305 2408 4376 πόλεσι,
2440 4306 2528 4362 καὶ
2559 4306 2849 4369 πλείστους
2903 4305 3262 4382 πειρασμοὺς,
3313 4305 3400 4360 καὶ
3461 4306 3674 4380 θλίψεις
3751 4305 3843 4362 διὰ

2189 4396 2282 4451 τὸν
2313 4399 2412 4466 τῆς
2456 4392 2724 4460 εὐσεϐείας
2778 4395 2943 4470 λόγον
3007 4396 3412 4469 ὑπομείναντες,
3443 4396 3533 4450 καὶ
3592 4396 3841 4461 πολλοὺς

2194 4483 2524 4560 διδάξαντες,
2581 4487 2673 4541 καὶ
2731 4489 2812 4557 τῷ
2868 4486 3088 4561 Χριστῷ
3153 4487 3589 4560 προσαγαγόντες
3647 4483 3838 4554 λαοὺς,

2109 4591 2154 4655 D
2196 4575 2608 4646 ἐτελειώθησαν.

2727 4665 2905 4722 ΜΗΝΙ
2962 4665 3052 4720 ΤΩ
3099 4667 3294 4721 ΔΥΤΩ.

2970 4753 3027 4808 Ε,

2189 4859 2461 4930 ’Άθλησις
2565 4862 2672 4914 τῶν
2776 4858 2995 4985 ἀγίωνϋ
3042 4858 3422 4922 Γαλακτίωνος
3508 4858 3597 4914 καὶ
3686 4862 3838 4916 Ἐπι-

2899 4952 3141 4985 nunc.

2899 4952 3141 5004 στημης.

2256 5058 2317 5115 Ὀ
2349 5058 2499 5132 ἅγιος
2528 5055 2844 5113 Γαλακτίων
2902 5059 3147 5134 ὑπῆρχεν
3201 5057 3260 5113 ἐκ
3305 5065 3404 5129 τῆς
3434 5056 3650 5121 πόλεως
3680 5061 3838 5131 Ἐμέ-

2187 5167 2309 5218 σης,
2341 5147 2614 5221 γεννηθεὶς
2660 5146 2719 5202 ἐκ
2750 5146 3105 5225 προρρήσεως
3155 5149 3402 5224 μοναχοῦ
3445 5170 3590 5210 τινος
3647 5150 3836 5206 Ὀνου-

2187 5235 2370 5312 φρίου,
2403 5240 2498 5290 τοῦ
2530 5236 2618 5291 καὶ
2661 5235 2788 5299 τοὺς
2846 5244 3026 5311 γονεῖς
3075 5236 3238 5292 αὐτοῦ
3301 5237 3683 5313 βαπτίσαντος.
3741 5243 3835 5292 Τε-

2187 5323 2524 5397 λευττ,σάσης
2559 5323 2615 5381 δὲ
2644 5333 2745 5395 τῆς
2795 5325 3055 5400 μητέρος,
3110 5328 3137 5380 6
3194 5329 3374 5399 πατὴρ
3434 5325 3835 5400 ἐμνηστεύσατο

2185 5415 2336 5484 αὐτῷ
2406 5421 2634 5489 γυναῖκα
2690 5415 2828 5470 πάνυ
2887 5416 3114 5489 ὡραίαν,
3169 5416 3396 5488 ὀνόματι
3463 5418 3834 5488 Ἐπιστήμτμ,

2183 5501 2259 5558 ἔτι
2293 5502 2517 5558 ἄπιστον
2553 5505 2736 5562 οὖσαν.
2769 5505 2875 5564 Καὶ
2910 5507 3046 5578 μετά
3082 5507 3174 5560 τὸν
3235 5508 3411 5580 γάμον
3447 5506 3834 5582 ἀπερχόμενος

2183 5594 2211 5648 6
2296 5591 2612 5650 Γαλακτίων
2690 5593 2827 5670 πρὸς
2876 5595 3064 5669 αὐτὴν,
3147 5596 3248 5652 οὐκ
3309 5595 3584 5666 ἠσπάζετο
3642 5595 3830 5667 αὐτήν.

2181 5683 2558 5759 Ερωτησάσης
2597 5681 2656 5740 δὶ
2694 5683 2930 5759 ἐκείνης,
2961 5687 3059 5742 Διά
3089 5684 3142 5741 τί
3201 5682 3346 5743 οὕτω
3401 5691 3580 5750 ποιεῖς
3615 5707 3631 5759 ;
3663 5685 3830 5744 εἶπεν·
