4140 6302
493 376 611 438 147

500 619 656 674 170
687 616 1140 676 Commemoratio
1169 617 1437 687 pulveris,
1485 616 1598 672 sive
1645 616 1864 683 cineris,
1913 618 2011 669 aut
2034 618 2146 669 sta-

1029 695 1138 744 etes
1166 690 1232 744 de
1272 688 1405 744 caelo
1437 688 1627 759 lapsae.

574 813 862 869 Extremis
887 813 1095 867 Leonis
1121 812 1318 884 magni
1340 811 1736 884 imperatoris,
1761 813 2152 882 cognomento

505 904 692 973 Bessi,
724 902 1112 973 temporibus,
1133 902 1279 956 hora
1311 901 1427 956 diei
1460 907 1641 969 sexta,
1667 900 1982 955 obductum
2010 899 2155 954 atris

504 993 765 1050 nubibus
810 992 1044 1059 coelum,
1099 990 1272 1062 quale
1323 990 1475 1046 solet
1522 1006 1649 1045 esse
1702 987 2156 1044 imminentibus

503 1081 781 1140 maximis
801 1080 1112 1150 imbribus,
1138 1080 1444 1134 ardentem
1468 1096 1701 1151 quaque
1727 1095 1925 1133 versus
1944 1077 2153 1133 faciem

503 1171 851 1245 praeferens,
874 1170 995 1241 igni
1023 1169 1223 1224 omnia
1245 1174 1655 1241 correpturum
1675 1184 1803 1223 esse
1825 1166 2153 1232 videbatur,

501 1267 568 1325 ut
598 1261 828 1316 etiamsi
852 1276 922 1315 ex
941 1258 1285 1330 hujusmodi
1311 1258 1569 1313 nubibus
1592 1257 1790 1329 pluvia
1806 1256 2154 1325 deferretur,

507 1350 629 1423 igni
663 1355 862 1404 tamen
884 1365 951 1403 ac
977 1348 1239 1415 ﬂamma,
1263 1364 1383 1402 non
1414 1364 1584 1402 secus
1611 1363 1678 1401 ac
1709 1346 1851 1400 olim
1881 1345 2153 1409 Sodoma,

502 1439 704 1496 omnia
735 1443 894 1494 esset
920 1437 1256 1492 incensura.
1280 1436 1394 1492 Sed
1418 1453 1550 1491 cum
1584 1434 1919 1491 sacerdotes
1951 1450 2158 1489 omnes

508 1546 576 1585 ac
594 1529 673 1600 pii
692 1526 966 1583 homines
979 1543 1115 1581 cum
1134 1526 1412 1597 lacrymis
1424 1525 1493 1580 ad
1517 1525 1735 1596 templa
1751 1523 2155 1596 confugerent,

512 1621 815 1687 Deumque
839 1621 898 1671 et
917 1615 1361 1671 immaculatam
1385 1615 1693 1686 Deiparam
1724 1614 2022 1685 supplices
2053 1613 2123 1668 de
2142 1644 2156 1653 -

507 1712 895 1779 precarentur
919 1733 933 1773 ς
966 1705 1067 1776 qui
1096 1722 1215 1758 non
1238 1704 1360 1759 vult
1380 1710 1631 1759 mortem
1655 1708 2030 1774 peccatorum
2048 1702 2162 1757 cle-

508 1794 919 1850 mentissimus
959 1793 1266 1860 Dominus,
1312 1809 1549 1864 pmnam
1579 1792 1896 1847 clementia
1927 1795 2161 1862 tempe-

508 1902 670 1951 rans,
706 1883 1017 1955 imperavit
1042 1882 1325 1951 nubibus,
1355 1887 1421 1937 ut
1459 1882 1871 1937 admirabilem
1901 1881 2160 1953 pluviam

508 1974 869 2029 emitterent.
903 1977 948 2026 A
980 1988 1223 2043 vespere
1271 1971 1449 2043 igitur
1505 1970 1580 2025 ad
1636 1970 1893 2025 mediam
1923 1974 2161 2025 noctem

509 2064 681 2137 pluit.
715 2063 853 2128 Quaa
881 2067 1081 2118 autem
1113 2060 1432 2129 defluebat,
1466 2066 1647 2117 stacte
1671 2066 1794 2117 erat
1815 2062 2046 2116 fervens
2068 2061 2160 2115 in-

509 2158 631 2209 star
661 2152 987 2208 carbonum
1019 2169 1149 2223 qum
1183 2151 1416 2222 plantas
1464 2167 1673 2207 omnes
1720 2151 1984 2207 adussit:
2030 2167 2161 2221 quas

506 2257 644 2296 vero
678 2241 739 2295 in
783 2239 1009 2312 tegulas
1070 2238 1306 2309 decidit,
1360 2238 1434 2295 ad
1490 2239 1751 2295 hominis
1803 2239 2161 2312 spithamam

512 2329 788 2385 excrevit.

1081 2450 1319 2507 EODEM
1343 2451 1592 2507 MENSE.

1141 2541 1244 2596 Die
1285 2541 1539 2612 septima

519 2650 669 2705 171
738 2644 1019 2703 Certamen
1074 2653 1393 2703 sanctorum
1445 2653 1751 2716 martyrum
1806 2645 2056 2717 Antonii,
2113 2651 2166 2700 et

759 2725 1059 2791 parentum
1088 2719 1227 2789 ejus,
1259 2718 1558 2790 Melasippi
1603 2726 1655 2773 et
1686 2720 1914 2786 Casinae,

586 2827 678 2896 Hi,
709 2826 942 2883 Juliano
995 2830 1265 2898 apostata
1313 2826 1689 2898 tyrannidem
1740 2830 2072 2890 exercente,
2104 2826 2165 2880 in

512 2914 659 2971 urbe
708 2917 941 2987 Ancyra
984 2920 1173 2971 erant.
1223 2915 1650 2986 Comprehensi
1698 2919 1896 2970 autem
1936 2914 2008 2969 ab
2040 2915 2166 2986 ipso

515 3010 671 3059 sunt.
726 3006 797 3059 Et
852 3004 1108 3060 Antonio
1161 3004 1403 3075 quidem
1436 3004 1497 3059 in
1531 3020 1828 3059 carcerem
1876 3004 2165 3076 conjecto,

516 3098 794 3166 parentes
826 3093 955 3165 ejus
1003 3094 1066 3148 in
1098 3094 1417 3164 equuleum
1452 3095 1745 3165 suspensi,
1781 3093 2167 3159 dilaniantur,

518 3189 694 3254 atque
726 3182 845 3255 igni
875 3183 1243 3238 aduruntur:
1277 3187 1337 3237 et
1382 3181 1608 3237 Casina:
1650 3182 1954 3249 mamillae,
1987 3181 2166 3235 Mela-

519 3272 689 3343 sippo
721 3277 919 3327 autem
961 3288 1135 3326 crura
1180 3270 1633 3327 abscinduntur.
1682 3271 2012 3326 Productus
2037 3286 2172 3325 vero

524 3361 836 3426 Antonius,
868 3377 1004 3415 cum
1034 3360 1275 3415 vidisset
1296 3364 1571 3432 parentes
1595 3376 1936 3431 suspensos,
1967 3376 2173 3416 eorum

521 3450 793 3506 membra
818 3448 984 3505 humi
1007 3449 1272 3521 jacentia
1316 3449 1708 3519 exosculatus,
1741 3449 2003 3520 seipsum
2035 3467 2170 3505 san-

526 3540 701 3613 guine
726 3538 797 3593 de
820 3538 941 3593 illis
963 3537 1290 3594 distillante
1310 3538 1499 3593 unxit.
1520 3537 1614 3592 Illi
1636 3554 1771 3593 vero
1795 3538 1878 3593 ita
1900 3541 2172 3610 suspensi

522 3630 597 3685 ad
631 3628 945 3684 Dominum
967 3628 1469 3701 migrarunt.Tum
1495 3626 1915 3698 Antonius,qui
1947 3645 2173 3683 annum

522 3719 821 3775 decimum
852 3718 1095 3773 tertium
1125 3717 1356 3790 agebat,
1387 3718 1450 3772 in
1496 3716 1710 3772 faciem
1747 3718 2042 3788 Apostatae
2074 3735 2171 3772 ex—

521 3825 761 3879 spuens,
788 3806 1173 3879 suspenditur
1194 3811 1252 3861 et
1276 3806 1423 3878 ipse,
1449 3822 1515 3862 ac
1542 3805 2173 3878 discerpitur,ejusque

521 3898 623 3953 tali
657 3896 1049 3966 terebrantur,
1074 3900 1131 3949 et
1146 3900 1324 3966 caput
1341 3894 1589 3950 raditur.
1615 3894 1840 3949 Deinde
1866 3894 1940 3949 ad
1967 3895 2173 3966 Agrip-

521 3986 730 4058 pinum
789 3984 999 4039 ducem
1056 3983 1296 4050 missus,
1358 3988 1535 4053 atque
1593 3983 1665 4038 ab
1724 3999 1792 4038 eo
1847 3983 1907 4037 in
1932 3983 2174 4037 furnum

522 4074 802 4145 injectus,
860 4089 995 4127 cum
1050 4070 1276 4126 illmsus
1359 4070 1699 4141 prodiisset,
1785 4072 2177 4144 quadraginta

523 4178 742 4234 pueros
771 4159 856 4215 rei
879 4158 1289 4231 magnitudine
1315 4164 1642 4213 commotos
1660 4158 1732 4213 ad
1758 4160 1970 4215 Christi
1996 4160 2173 4215 ﬁdem

525 4248 845 4322 pertraxit:
878 4247 979 4319 qui
1011 4262 1219 4302 omnes
1266 4263 1387 4301 una
1431 4263 1564 4302 cum
1594 4247 1802 4302 eodem
1835 4253 2175 4318 exoptatum

528 4340 731 4408 ﬁnem,
763 4336 981 4411 gladio,
1014 4335 1172 4405 cassi,
1205 4340 1583 4407 acceperunt.

1176 4532 1398 4589 Eodem
1431 4532 1526 4588 die

531 4644 683 4701 I72
712 4645 995 4699 Certamen
1049 4641 1230 4697 sancti
1280 4641 1558 4706 Hieronis,
1607 4641 1985 4710 sociorumque
2039 4641 2176 4696 duo-

602 4731 725 4770 rum
772 4729 834 4768 ac
883 4714 1138 4782 triginta,
1171 4713 1269 4782 qui
1298 4714 1358 4766 in
1386 4711 1520 4766 urbe
1549 4710 1802 4767 Melitina
1844 4714 2178 4782 martyrium

608 4785 912 4840 subierunt.

611 4890 806 4945 Sancti
837 4893 1126 4961 martyres
1156 4889 1395 4955 Hieron,
1430 4889 1742 4957 Nicander,
1770 4890 2186 4962 Hesychius,et

540 4978 644 5035 alii
675 4978 916 5049 triginta
945 4977 1111 5044 socii,
1137 4977 1489 5032 Maximiano
1516 4983 1573 5033 et
1600 4978 1961 5036 Diocletiano
1985 4978 2186 5050 impiis

538 5066 1021 5139 imperatoribus,
1052 5065 1115 5119 in
1142 5064 1288 5119 urbe
1334 5067 1622 5122 Armenias
1662 5067 1927 5123 Melitina
1955 5068 2185 5123 clarue-

536 5160 697 5212 runt.
729 5155 874 5209 Cum
904 5159 1102 5209 autem
1132 5153 1194 5208 in
1225 5169 1433 5209 omnes
1464 5154 1832 5211 Christianos
1862 5156 2187 5211 universim

538 5262 646 5318 per
674 5242 866 5298 caedes
888 5242 1207 5305 saeviretur,
1227 5242 1450 5298 detenti
1475 5249 1533 5299 et
1556 5245 1669 5316 ipsi
1691 5261 1725 5300 a
1746 5245 2021 5300 Melitinae
2045 5262 2190 5316 pras-

538 5335 714 5401 fecto,
746 5331 950 5386 multis
981 5332 1286 5403 suppliciis
1306 5334 1515 5389 tentati
1548 5339 1706 5401 sunt,
1730 5351 1875 5389 num
1907 5350 1943 5389 a
1971 5333 2187 5389 Christi

541 5424 706 5479 cultu
736 5420 808 5475 ad
839 5420 1134 5476 idolorum
1155 5424 1639 5494 superstitionem
1663 5423 1889 5479 traduci
1924 5428 2186 5495 possent.

547 5510 659 5567 Sed
677 5525 811 5563 cum
831 5526 949 5564 non
972 5510 1163 5565 solum
1184 5511 1244 5566 id
1264 5512 1456 5568 facere
1477 5512 1955 5580 recusarent,sed
1978 5528 2192 5584 magna

550 5598 729 5653 etiam
754 5614 891 5653 voce
922 5598 1216 5655 Christum
1244 5618 1447 5657 verum
1497 5603 1703 5669 Deum,
1738 5606 1799 5656 et
1826 5601 1958 5656 cceli
1991 5606 2191 5656 terrm-

551 5701 690 5760 que,
722 5701 788 5743 ac
820 5687 1086 5745 omnium
1129 5706 1259 5761 qua
1314 5691 1378 5746 in
1437 5690 1523 5746 eis
1566 5695 1724 5763 sunt,
1757 5690 2032 5762 opiﬁcem
2063 5708 2192 5747 esse

1810 371 2247 434 MENOLOGII
2288 374 2500 435 PARS
2541 375 2595 434 l.

1147 509 1367 566 Eodem
1398 509 1493 566 die
2173 508 2227 576 Α

3772 379 3879 441 118

2825 511 2909 582 Τῇ
2949 507 3084 582 αὗτῇ
3130 510 3332 583 ἡμέρᾳ·

2265 611 2327 666 Ἦ
2361 613 2658 687 ἀνάμνησις
2685 621 2787 685 τῆς
2820 614 3089 757 geminari}:
3140 612 3191 685 ἐξ
3240 615 3473 700 ούρανοῦ
3518 616 3733 687 κόνεως,
3763 618 3881 687 ἢτοι

2788 707 2818 741 τ
2849 707 3010 757 φρας,
3120 707 3370 756 στακτης.

2788 707 3010 763 τεφρας,
3039 707 3074 757 η
3120 707 3370 756 στακτης.

2331 808 2454 863 Ἐπὶ
2486 810 2718 872 Λέοντος
2775 808 2872 865 τοῦ
2933 810 3177 886 μεγάλου
3231 809 3521 886 βασιλέως,
3576 816 3670 866 τοῦ
3714 810 3885 868 ἐπιλε-

2256 899 2492 973 γομὲνου
2518 901 2746 970 Βέσσου,
2779 900 2901 975 περὶ
2941 903 3007 954 τὰ
3056 899 3341 956 τελευταῖα
3393 907 3491 971 τῆς
3545 898 3703 957 αὐτοῦ
3735 901 3892 977 βασι-Δ

2261 984 2432 1058 λείας,
2464 984 2580 1064 ὥρᾳ
2606 983 2736 1063 ἕκτῃ
2792 992 2892 1053 τῆς
2947 988 3177 1064 ἡμερας,
3238 989 3429 1064 γέγονε
3468 992 3720 1067 συννεφὴς
3749 990 3775 1043 6
3805 991 3887 1045 o6-

2260 1075 2440 1150 ρανὸς,
2473 1076 2562 1130 καί
2594 1077 2690 1145 τὴν
2750 1078 2952 1147 συνήθη
3011 1081 3118 1132 τῶν
3179 1074 3541 1154 ὁμϐροιρόρων
3581 1083 3770 1155 νεφῶν,
3801 1099 3892 1150 με-

2260 1162 2449 1219 λανίαν
2483 1163 2560 1228 εἷς
2605 1163 2831 1238 πυρώδη
2885 1166 3005 1229 θέαν
3058 1161 3404 1238 μεταϐαλὼν,
3442 1164 3615 1221 ἐδόκει
3642 1167 3707 1221 τά
3733 1168 3891 1221 πάντα

2259 1251 2635 1328 καταφλέγειν·
2694 1254 2769 1316 ὡς
2826 1254 3064 1327 νομίζειν
3122 1258 3380 1326 ἅπαντας,
3424 1257 3499 1321 ὡς
3527 1255 3574 1312 εἰ
3601 1256 3687 1311 καὶ
3721 1256 3889 1332 βροχὴ

2260 1341 2609 1417 κατενεχθείη
2669 1340 2728 1397 ἐκ
2776 1343 3038 1399 τοιούτων
3096 1349 3293 1420 νεφῶν,
3351 1343 3564 1406 πάντως
3605 1348 3708 1420 πῦρ
3736 1342 3888 1412 ἔσται,

2260 1431 2351 1486 καὶ
2409 1429 2568 1509 φλὸξ,
2624 1433 2918 1489 κατακαίου
2979 1435 3052 1497 ὡς
3110 1435 3281 1491 πάλαι
3337 1437 3407 1490 τὰ
3466 1434 3703 1508 Σόδομα.
3760 1436 3887 1492 Πάν-

2261 1541 2368 1575 των
2403 1518 2460 1575 δὶ
2488 1524 2596 1575 τῶν
2656 1520 2842 1597 ἱερέων
2890 1523 2980 1578 καὶ
3035 1527 3142 1578 τῶν
3196 1517 3445 1579 εὐλαϐῶν
3500 1524 3633 1596 μετὰ
3663 1520 3891 1596 δακρύων

2263 1610 2686 1688 προσφυγόντων
2742 1616 2859 1673 ταῖς
2927 1609 3265 1682 ἐκκλησίαις,
3319 1612 3409 1667 καὶ
3462 1612 3555 1667 τὸν
3613 1614 3758 1683 Θεὸν,
3810 1611 3891 1666 καὶ

2263 1700 2362 1767 τήν
2391 1698 2771 1775 πανάχραντον
2826 1701 3086 1756 Θεοτόκον
3121 1699 3540 1772 δυσωπούντων,
3574 1703 3601 1756 ὁ
3633 1703 3707 1774 μὴ
3735 1700 3892 1765 θέλων

2268 1788 2360 1844 τὸν
2418 1789 2638 1845 θάνατον
2692 1794 2799 1845 τῶν
2855 1788 3202 1864 ἁμαρτωλῶν
3261 1787 3650 1865 φιλάνθρωπος
3692 1788 3895 1862 Κύριος,

2196 1857 2242 1923 Β
2270 1879 2496 1954 κεράτας
2554 1882 2622 1952 τῇ
2671 1880 2912 1953 τιμωρίᾳ
2964 1881 3064 1949 τὴν
3123 1857 3472 1956 άγαθότηταξ
3510 1879 3750 1934 ἐκέλευσε
3791 1884 3901 1941 ταῖς

2267 1966 2520 2046 νεφέλαις
2588 1968 2804 2044 βρέχειν
2870 1969 3020 2025 ὑετὸν
3092 1967 3417 2044 παράδοξον.
3480 1970 3615 2027 Ἀπὸ
3669 1969 3764 2045 γὰρ
3812 1971 3901 2037 τῆς

2279 2056 2504 2131 ἑσπέρας
2563 2053 2787 2129 ἤρξατο,
2862 2058 2951 2111 καὶ
3033 2059 3197 2133 μέχρι
3262 2057 3646 2130 μεσοννυκτῖου
3702 2051 3900 2132 ἔϐρεχε.

2267 2147 2340 2201 Τὸ
2371 2143 2428 2200 δὲ
2456 2145 2860 2220 κατερχόμενον
2917 2146 2984 2215 ἦν
3046 2148 3245 2217 στακτὴ
3293 2146 3489 2216 ζέουσα
3530 2146 3604 2209 ὠς
3633 2146 3897 2220 ἀνθρακιά·

2267 2235 2390 2306 ἣτις
2442 2233 2531 2290 καὶ
2587 2235 2880 2291 κατέκαυσε
2930 2235 3104 2291 πάντα
3157 2236 3225 2291 τὰ
3275 2237 3436 2314 φυτὰ,
3496 2237 3584 2292 ἐπὶ
3621 2240 3725 2293 τῶν
3754 2233 3901 2310 κερά-

2271 2344 2386 2398 μων
2414 2325 2628 2379 τεθεῖσα
2654 2322 2732 2387 ὠς
2761 2322 2956 2400 ἀνδρὸς
2989 2324 3261 2399 σπιθάμη.

2834 2454 3010 2509 MHNI
3037 2454 3126 2511 ΤΩ
3155 2456 3351 2511 ΑΥΤΩ.

3057 2543 3128 2599 Ζ“.

2269 2645 2543 2717 ’Ἄθλησις
2590 2649 2705 2722 τῶν
2759 2645 2926 2722 άγῑων
2982 2647 3268 2722 μαρτύρων
3330 2648 3646 2722 Ἀντωνίου,
3677 2648 3762 2704 καὶ
3801 2651 3899 2703 τῶν

2480 2717 2682 2794 γονέων
2716 2716 2902 2788 αὐτοῦ,
2935 2716 3295 2774 Μἐλαοίππου
3326 2720 3415 2775 καὶ
3448 2716 3703 2792 Κασίνὴς.

2343 2825 2508 2883 Οὗτοι
2547 2825 2797 2901 ὑπῆρχον
2860 2824 2946 2880 ἐπὶ
2997 2833 3097 2896 τῆς
3147 2825 3461 2902 τυραννίδος
3504 2828 3791 2886 Ἰουλιανοῦ
3817 2830 3905 2882 τοῦ

2276 2908 2616 2989 ῘΙαραϐάτου,
2676 2912 2726 2968 ἐν
2789 2913 3027 2989 Ἀγκύρᾳ
3096 2919 3166 2989 τῇ
3226 2916 3406 2972 πόλει·
3472 2917 3830 2995 ἐκρατήθησαν
3859 2912 3909 2968 δὲ

2274 3003 2402 3077 παρ’
2458 3001 2643 3058 αὐτοῦ.
2702 3001 2805 3058 Καὶ
2865 3004 2893 3056 6
2957 3003 3050 3075 μὲν
3110 3005 3408 3070 Ἀντώνιος
3441 3005 3517 3068 εἰς
3548 3007 3788 3075 φυλακὴν
3822 3002 3913 3077 ἒμ-

2276 3087 2562 3161 6άλ).εται,
2611 3091 2663 3146 οἱ
2723 3088 2780 3145 δὲ
2828 3096 3007 3166 γονεῖς
3061 3093 3228 3147 αὐτοῦ
3280 3096 3667 3170 κρεμασθέντες
3700 3094 3910 3164 ἐξέοντο,

2276 3181 2363 3236 καὶ
2399 3180 2528 3256 πυρὶ
2558 3181 2926 3240 κατεκαίοντο.
2985 3181 3117 3237 Εἶτα
3173 3185 3207 3253 ἡ
3269 3184 3367 3256 μὲν
3432 3186 3632 3255 Κασίνη
3679 3182 3913 3256 τέμνεται

2279 3270 2407 3335 τοὺς
2465 3270 2720 3343 μαστοὺς,
2778 3271 2806 3326 6
2863 3268 2921 3326 δὲ
2975 3272 3334 3336 Μελάσιππος
3400 3274 3531 3337 τοὺς
3597 3271 3764 3336 πόδας
3817 3270 3912 3327 άπὸ

2278 3364 2384 3415 τῶν
2410 3359 2673 3435 γονάτων,
2728 3360 2953 3435 Ἀχθεὶς
3012 3356 3069 3415 δὲ
3122 3362 3210 3417 καὶ
3257 3362 3283 3416 ὁ
3322 3362 3645 3432 Ἀντώνιος,
3674 3361 3761 3417 καὶ
3793 3356 3911 3415 ἰδὼν

2277 3448 2406 3511 τοὺς
2462 3454 2642 3522 γονεῖς
2701 3447 2863 3502 αὐτοῦ
2917 3449 3309 3525 κρεμαμένους,
3365 3450 3456 3507 καὶ
3523 3453 3590 3507 τά
3637 3450 3915 3506 ἐκκοπέντα

2286 3535 2426 3611 μὲλη
2488 3537 2667 3592 αὐτῶν
2723 3536 2811 3591 ἐπὶ
2866 3540 2967 3610 γῆς
3044 3538 3285 3611 κείμενα,
3351 3539 3714 3614 κατεφίλησεν
3768 3536 3910 3593 αὐτὼ

2280 3627 2369 3682 καὶ
2404 3620 2584 3681 λαϐὼν
2640 3624 2746 3680 ἀπὸ
2801 3630 2899 3680 τοῦ
2956 3626 3357 3696 ἀπνστάζοντος
3403 3629 3657 3702 αἳματος,
3701 3626 3914 3700 ἤλειψεν

2281 3715 2490 3773 ἑαυτόν.
2523 3715 2869 3790 Κρεμάμενοι
2929 3713 2986 3769 δὲ
3044 3716 3096 3769 οἱ
3149 3722 3322 3790 γονεῖς
3363 3717 3530 3772 αὐτοῦ
3560 3720 3693 3794 πρὸς
3726 3715 3913 3790 Κύριον

2282 3801 2641 3876 ἐξεδήμησαν.
2700 3804 2758 3856 Ὀ
2843 3801 2899 3858 δὲ
2983 3804 3278 3869 Ἀντώνιος
3359 3807 3580 3881 χρόνων
3640 3804 3916 3878 δεκατριῶν

2285 3892 2569 3967 ὑπάρχων,
2600 3890 2876 3964 ἐμπτύσας
2907 3890 2982 3953 εἰς
3018 3892 3081 3946 τὸ
3110 3892 3401 3967 πρόσωπον
3443 3900 3542 3950 τοῦ
3596 3888 3916 3970 παραϐάτου,

2282 3979 2605 4056 κρεμασθείς
2634 3981 2825 4053 ξὲεται,
2887 3979 2976 4034 καὶ
3032 3987 3298 4056 τρυπᾶται
3349 3983 3477 4046 τοὺς
3539 3982 3917 4059 ἀστραγάλους,

2281 4069 2372 4124 καὶ
2426 4069 2643 4141 ξυρᾶται
2696 4071 2795 4139 τὴν
2854 4067 3120 4145 κεφαλήν.
3193 4072 3326 4127 Εἶτα
3380 4077 3654 4146 πέμπεται
3707 4075 3920 4147 ’Λγριτμ

2284 4158 2427 4231 πίνῳ
2490 4162 2569 4229 τῷ
2626 4156 2800 4214 δουκι.
2862 4158 2963 4214 Καὶ
3022 4157 3098 4220 εἷς
3158 4164 3390 4236 φοῦρνον
3439 4161 3684 4237 βληθεὶς,
3715 4159 3921 4231 ἐξῆλθεν

2287 4247 2466 4321 ὑγιής.
2526 4243 2730 4302 Ἰδόντα
2786 4244 2842 4301 δὲ
2897 4246 3057 4302 αὐτὸν
3124 4246 3312 4303 παιδία
3364 4253 3763 4326 τεσσαράκοντα
3814 4247 3921 4303 ἒπί-

2284 4355 2528 4404 στευσαν,
2586 4334 2677 4390 καὶ
2737 4335 2831 4390 σὺν
2880 4334 3029 4409 αὐτῷ
3078 4337 3380 4412 προθύμως
3416 4341 3481 4396 τὸ
3513 4337 3603 4395 διὰ
3630 4344 3724 4396 τοῦ
3753 4338 3925 4416 ξίφους

2282 4424 2443 4489 τέλος
2472 4422 2737 4497 ἐδέξαντο.

2851 4536 2933 4608 Τῇ
2974 4533 3109 4608 αὖτῇ
3161 4537 3363 4612 ἡμέρᾳ·

2284 4637 2555 4709 *Λθλησις
2611 4643 2708 4715 του
2761 4639 2947 4715 ἁγίου-
2993 4641 3279 4715 Ἱὲρωνοςλ
3334 4642 3425 4698 καὶ
3492 4648 3600 4700 τῶν
3663 4644 3754 4700 σὺν
3784 4640 3920 4712 αὖτῷ

2356 4708 2744 4803 τριακονταδύο
2779 4708 3090 4786 μαρτύρων,
3116 4717 3226 4768 τῶν
3250 4708 3315 4768 ⁷ἐν
3350 4714 3622 4792 Μελιτινῇ
3656 4708 3924 4791 μαρτυρηέ

2362 4803 2587 4838 σαντων.

2364 4889 2430 4945 Οἱ
2462 4888 2603 4962 ἅγιοι
2664 4887 2951 4960 μάρτυρες,
3007 4884 3210 4961 Ἱέρων,
3270 4888 3599 4967 Νίκανδρος,
3656 4889 3927 4966 Ἦσύχιος,

2292 4975 2381 5032 καὶ
2440 4977 2492 5030 οἱ
2549 4973 2640 5028 σὺν
2702 4974 2886 5036 αὐτοῖς
2943 4972 3117 5050 ἕτεροι
3172 4977 3485 5052 τριάκοντα,
3544 4981 3793 5055 ὑπῆρχον
3847 4977 3927 5032 ἐπὶ

2296 5064 2659 5136 Μαξιμιανοῦ,
2714 5062 2805 5117 καὶ
2863 5063 3258 5133 Διοκλητιανοῦ
3315 5072 3422 5122 τῶν
3478 5069 3806 5144 παρανόμῶν
3842 5067 3932 5141 βα-

2296 5152 2491 5209 σιλέων
2548 5150 2600 5206 ἐν
2655 5150 2923 5226 Μελιτινῇ
2981 5152 3141 5208 πόλει
3193 5161 3294 5224 τῆς
3343 5157 3655 5231 Ἀραεοίας.
3689 5157 3934 5231 Διωγμοῦ

2297 5241 2355 5298 δὲ
2409 5239 2704 5297 καθολικοῦ
2759 5242 3053 5316 γενομένου
3100 5242 3235 5297 κατὰ
3278 5249 3387 5299 τῶν
3445 5247 3792 5321 Χριστιανῶν,
3851 5239 3936 5297 καὶ

2296 5332 2578 5403 πανταχοῦ
2650 5328 3079 5402 ἀναιρουμένων,
3154 5327 3523 5404 ἐκρατήθησαν
3601 5334 3689 5389 καὶ
3787 5327 3936 5386 αὑτοὶ

2297 5418 2444 5494 παρὰ
2490 5423 2588 5473 τοῦ
2642 5421 2741 5486 τῆς
2799 5414 3099 5486 Μελιτινῆς
3158 5420 3456 5492 ἡγεμόνος.
3511 5422 3615 5479 Καὶ
3647 5419 3828 5477 πολλά
3853 5439 3935 5474 τι-

2304 5505 2644 5582 μωρηθέντες
2693 5505 3023 5581 ἀρνήσασθαι
3070 5508 3163 5562 τὸν
3212 5509 3463 5583 Χριστὸν,
3512 5511 3602 5566 καὶ
3643 5515 3795 5576 θῦσαι
3825 5513 3938 5571 τοῖς

2292 5596 2627 5670 ἀκαθάρτοις
2650 5592 2928 5661 εἰδώλοις,
2970 5594 3057 5650 καὶ
3109 5597 3186 5668 μὴ
3237 5601 3543 5663 πεισθέντες
3587 5604 3749 5655 τοῦτο
3780 5603 3933 5667 ποιῆ-

2299 5707 2408 5762 σαι,
2468 5683 2615 5743 ἀλλὰ
2673 5683 2885 5759 μᾶλλον
2945 5683 3159 5759 μεγάλῃ
3231 5689 3301 5761 τῇ
3359 5692 3512 5766 φωνῇ
3568 5688 3659 5747 τὸν
3710 5686 3932 5765 Χριστὸν
