4132 6328
298 360 408 422 149

1754 361 2222 426 NOVEMBER.

3591 370 3709 429 150

291 489 755 566 ὁμολογήσαντες,
786 495 922 550 Θεὸν
957 496 1095 551 εἶναι
1151 494 1410 566 ἀληθινὸν
1459 497 1550 553 καὶ
1595 495 1933 572 δημιουργὸν

2055 497 2506 569 confiterentur,
2538 498 2798 571 primum
2823 498 3066 570 quidem
3096 498 3302 555 nudati
3334 500 3559 556 tamdiu
3590 518 3706 557 cm-

292 575 521 649 οὖρανοῦ
552 577 645 632 καὶ
683 584 817 653 γῆς,
849 580 944 635 καὶ
972 579 1188 636 πάντων
1217 586 1327 637 τῶν
1358 581 1411 637 ὲν
1458 582 1669 652 αὐτοῖς,
1719 588 1937 659 πρῶτον

2051 585 2295 657 duntur,
2324 588 2469 644 dum
2502 589 2704 644 omnia
2730 604 2935 643 eorum
2966 588 3193 644 viscera
3220 592 3493 659 paterent
3521 606 3534 643 :
3566 607 3702 645 mox

293 664 386 751 μὶν
437 666 819 740 γυμνωθέντες
875 667 1204 745 ἐτόφθησαν,
1262 668 1368 734 ἔως
1420 671 1588 749 ἐφάνη
1648 672 1821 728 πάντα
1875 672 1933 726 τὸ

2050 677 2111 731 in
2142 693 2441 734 carcerem
2472 679 2747 751 conjecti,
2771 679 3051 749 omnique
3074 695 3318 750 prorsus
3348 695 3492 734 cura
3519 680 3698 735 desti-

289 748 587 829 σπλάγχνα
616 755 820 828 αὐτῶν,
878 751 1065 813 ἔπειτα
1118 748 1547 831 ἀπεκλείσθησαν
1607 761 1660 816 ἐν
1714 765 1783 835 τῇ
1842 782 1940 838 φυ-

289 840 430 915 λακῇ
473 842 657 914 πάσης
716 844 1037 919 ἐπιμελείας
1092 846 1468 924 ἐστερημένοι.
1530 850 1632 907 Καὶ
1689 850 1824 924 μετᾶ
1878 850 1941 905 τὸ

285 929 785 1006 ταλαιπωρηθῆναι
831 933 1050 1005 ἰκανῶς,
1102 932 1459 1007 ἐκϐληθέντες
1517 941 1616 1008 τῆς
1667 938 1938 1017 φυλακῆς,

287 1019 373 1074 καὶ
426 1019 599 1076 πάλιν
651 1020 1075 1096 ἀναγκασθέντες
1133 1028 1290 1089 θῦσαι
1342 1031 1461 1088 τοῖς
1517 1025 1796 1099 εἰδώλοις,
1848 1029 1939 1083 καὶ

291 1111 364 1184 μή
389 1112 723 1184 πεισθέντες,
755 1112 891 1193 ξίφει
919 1113 1016 1176 τὰς
1043 1113 1282 1189 κεφαλὰς
1314 1115 1727 1189 ἀπετμήθησαν.

879 1239 956 1312 Τῇ
996 1237 1132 1313 αὗτῆ
1163 1237 1346 1314 ἡμέρᾳ

284 1319 554 1394 Ἀθλησις
583 1327 693 1379 τῶν
744 1324 922 1406 ἁγίων.
971 1325 1261 1406 μαρτιξρων
1320 1323 1552 1400 Λίίκτου,
1608 1328 1938 1406 Ταυρίωνος,

835 1397 927 1452 καὶ
960 1397 1380 1471 Θεσσαλονίκης.

353 1520 419 1574 Ἡ
447 1517 654 1595 μάρτυς
685 1520 1055 1593 Θεσσαλονίκη
1114 1523 1333 1598 ὐπῆρχε
1390 1525 1632 1601 θυγάτηρ
1690 1524 1937 1590 Κλέωνός

283 1628 454 1676 τινος,
487 1608 681 1683 ἱερέως
703 1614 814 1664 τῶν
854 1608 1122 1668 εἰδώλων.
1170 1612 1468 1688 Χριστιανή
1530 1611 1587 1669 δὲ
1642 1613 1935 1690 γενομένη,

286 1696 604 1771 ἠναγκάσθη
635 1699 780 1773 παρὰ
815 1704 913 1754 τοῦ
971 1700 1201 1771 πατέρος
1260 1701 1592 1777 ἀρνήσασθαι
1648 1704 1741 1759 τὸν
1800 1706 1938 1780 Χρι-

287 1785 434 1840 στόν.
470 1788 565 1855 Μὴ
609 1793 887 1851 πεισθεῖσα
946 1786 1024 1859 δὲ,
1083 1795 1429 1865 γυμνωθεῖσα
1482 1791 1737 1847 τύπτεται
1795 1814 1931 1871 σφο-

290 1869 456 1949 δρῶς,
488 1874 580 1929 καὶ
609 1872 794 1945 ξύλοις
821 1876 917 1940 τὰς
940 1876 1179 1953 πλευρὰς
1236 1875 1594 1955 συντρίϐεται.
1647 1882 1775 1936 Εἶτα
1831 1869 1926 1937 έκ-

282 1959 563 2017 ἓιώκεται“
597 1969 698 2033 τῆς
747 1972 1018 2041 πατρικῆς
1067 1971 1272 2037 οὐσίας,
1333 1968 1424 2024 καὶ
1486 1970 1678 2045 μικρὸν
1751 1976 1939 2044 κτῆμα

280 2046 529 2106 λαϐοῦσα
559 2049 739 2121 έκτῆς
772 2056 1034 2129 μητρῴας
1065 2058 1460 2132 κληρονομίας,
1520 2058 1632 2114 ἐκεῖ
1682 2059 1934 2133 κατῴκει·

281 2137 486 2204 ἰδόντες
512 2138 573 2196 δὲ
601 2142 667 2197 τὸ
697 2145 982 2219 γινόμενον
1016 2143 1204 2224 ἄνδρες
1262 2146 1358 2203 δύο
1417 2150 1723 2223 Χριστιανοὶ
1773 2147 1937 2204 εὐλα-

279 2224 417 2300 ϐεῖς,
448 2229 668 2294 Αὗκτος
705 2235 795 2288 καὶ
853 2234 1096 2310 Ταυρίων
1144 2235 1500 2311 καλούμενοι,
1556 2238 1936 2314 ἠγανάκτησαν

276 2318 412 2374 κατᾶ
438 2324 540 2374 τοῦ
574 2320 857 2385 Κλέωνος.
918 2325 980 2381 Ὀ
1031 2322 1089 2381 δὲ
1147 2321 1395 2382 διέϐαλεν
1452 2326 1648 2392 αὐτοὺς
1701 2331 1781 2399 τῷ
1835 2335 1936 2398 τῆς

280 2410 468 2483 χώρας
529 2408 783 2485 ἄρχοντι.
843 2411 945 2468 Καὶ
1029 2417 1385 2490 κρατηθέντες
1439 2417 1744 2473 τύπτονται.
1804 2418 1937 2474 Εἶτα

277 2493 729 2568 λιθοϐολοῦνται,
761 2500 851 2555 καὶ
884 2500 961 2565 εἰς
1006 2507 1113 2578 πῦρ
1168 2500 1566 2577 ἐμϐάλλονται.
1630 2505 1726 2561 Καὶ
1786 2505 1936 2577 ἐξελ-

281 2588 464 2651 θόντες
554 2592 1022 2664 κατατοξεύονται.
1108 2593 1207 2648 Καὶ
1278 2592 1432 2659 αὖθις
1488 2595 1565 2658 εἷς
1621 2594 1790 2670 λίμνη
1852 2594 1933 2672 ῥι-

286 2680 539 2731 τιετοῐὶται⁸
625 2677 715 2733 καί
792 2679 1096 2750 ἐξελθόντες
1180 2682 1689 2762 ἆποκεφαλίζονται.
1758 2685 1820 2741 Ἥ
1879 2682 1937 2739 δὲ

286 2766 659 2839 Θεσσαλονίκη
694 2770 831 2841 μετὰ
856 2775 1023 2825 ταῦτα
1072 2771 1163 2827 τὸν
1223 2774 1455 2848 Χριστὸν
1511 2772 1803 2850 ὁμολογεῖν
1858 2774 1933 2848 μὴ

283 2854 554 2925 παύσασα,
589 2856 641 2911 ἐν
684 2857 875 2933 εἰρήνῃ
912 2859 1228 2933 ἐτελειώθη.
1281 2862 1358 2918 Τὸ
1416 2859 1473 2917 δὲ
1525 2862 1707 2935 τίμιον
1767 2862 1935 2933 αὐτῆς

284 2941 543 3016 λείψανον
567 2945 828 3016 κατετέθη
881 2947 934 3003 έν
973 2948 1333 3028 Ἀμφιπόλει,
1396 2951 1532 3026 μετὰ
1568 2956 1676 3007 τῶν
1722 2951 1933 3007 λοιπῶν

281 3031 450 3106 ἁγίων
477 3032 719 3108 ἐντίμως
743 3035 832 3091 καὶ
868 3037 1322 3114 μεγαλοπρεπῶς.

824 3162 982 3218 ΜΙῙΝ
989 3167 1012 3218 Ι
1048 3164 1139 3219 ΤΩ
1175 3165 1378 3221 ΑΥΤΩ.

1073 3272 1136 3328 Η.

712 3374 937 3447 Σόναξις
966 3381 1074 3433 τῶν
1108 3376 1490 3456 ἀρχαγγέλων.

348 3480 663 3552 Βουληθείς
692 3484 720 3538 ὸ
759 3485 1061 3560 πανάγαθος
1117 3485 1209 3542 καὶ
1267 3487 1296 3542 ὁ
1355 3487 1742 3564 φιλάνθρωπος
1800 3491 1932 3554 Θεὸς

275 3573 471 3625 τοῦτον
501 3571 599 3625 τὸν
648 3570 853 3645 κόσμον
904 3570 1332 3651 δημιουργῆσαι,
1373 3578 1636 3651 πρότεσον
1687 3576 1934 3652 ἐνενόησε

275 3659 368 3720 τὰς
400 3658 695 3734 οὐρανίους
750 3659 1006 3737 δυνάμεις
1058 3663 1149 3720 γαί
1210 3665 1340 3731 τοὺς
1396 3667 1585 3743 ἁγίους
1642 3670 1929 3745 ἂγγέλους’

273 3748 364 3802 καὶ
403 3748 469 3804 τὸ
495 3747 739 3824 ἐννόημα
772 3752 987 3827 γέγονεν
1044 3748 1224 3830 ἔργον.
1285 3757 1378 3818 Εἷς
1437 3753 1494 3811 δὶ
1550 3761 1660 3813 τῶν
1716 3759 1933 3835 ταξιαρ-

278 3840 418 3911 χῶν,
452 3837 482 3890 ὸ
511 3837 640 3892 τότε
682 3840 775 3911 μὶν
839 3835 1069 3910 Σαϐαὴλ
1125 3839 1490 3917 καλούμενος,
1544 3846 1679 3917 μετὰ
1729 3843 1787 3900 δὲ
1830 3848 1930 3915 τὴν

274 3922 551 3981 ὶκπτωσιν
601 3925 923 4000 ὀνομασθεῖς
981 3925 1270 4000 Διάϐολος,
1329 3930 1931 4011 ὐπερηφανευσάμενος,

273 4016 361 4068 καὶ
402 4016 599 4071 ἑαυτὸν
628 4017 861 4090 νομίσας
899 4021 1049 4092 Θεὸν,
1109 4019 1323 4090 ἐξέπεσε
1375 4028 1477 4091 τῆς
1532 4021 1681 4093 ἀξίας
1740 4024 1929 4096 αὐτοῦ,

272 4102 456 4179 ριφείς
488 4102 552 4160 ἐκ
580 4109 688 4160 τῶν
722 4105 989 4182 οὐρανῶν,
1051 4109 1186 4182 μετὰ
1229 4113 1328 4164 τοῦ
1369 4110 1458 4165 ὑπ’
1514 4111 1674 4167 αὐτὸν
1717 4112 1930 4188 τάγμα-

273 4214 387 4255 τοςο
460 4195 729 4271 ὑπάρχων
792 4194 849 4251 δὶ
900 4196 1081 4273 ἐτέρας
1138 4197 1439 4274 ἆγγελικῆς
1505 4202 1708 4274 τάξεως
1766 4203 1933 4278 ἀρχι-

275 4285 586 4359 στράτηγος
616 4284 1016 4362 ὁάρχάγγελος
1068 4288 1321 4363 Μιχαὴλ,
1378 4290 1469 4345 καὶ
1521 4287 1651 4345 ἰδὼν
1702 4291 1935 4347 πεσόντα

271 4374 362 4427 τὸν
423 4373 763 4445 ἀποστάτην,
848 4377 1113 4450 συνήγαγε
1167 4376 1294 4440 τοὺς
1347 4382 1454 4434 τῶν
1515 4378 1764 4457 ἀγγέλων
1824 4401 1929 4457 χο-

274 4461 423 4536 ρούς.
460 4463 566 4519 Καὶ
598 4463 788 4519 εἰπών·
850 4467 1242 4542 Προσέχωμεν,
1301 4468 1507 4542 ὕμνησε
1566 4470 1701 4541 μετά
1751 4477 1935 4548 φωνῆς

275 4552 367 4606 τὸν
394 4556 511 4607 τῶν
544 4551 693 4608 ὅλων
720 4554 872 4624 Θεὸν,
904 4555 1099 4611 ὡσανεὶ
1158 4554 1355 4633 λέγων,
1408 4558 1512 4631 ὅτι,
1562 4561 1929 4636 Προσὲχωμεν

2052 766 2181 833 tuti,
2218 768 2455 823 tandem
2482 774 2615 839 post
2634 768 2841 841 longos
2867 768 3164 824 cruciatus
3194 784 3225 823 e
3255 767 3526 824 custodia
3555 769 3695 824 edu-

2048 856 2147 926 cti,
2180 873 2317 913 cum
2342 875 2548 914 rursus
2605 858 3060 930 impellerentur
3109 857 3282 913 idolis
3340 858 3698 929 sacriﬁcare,

2048 961 2158 1002 nec
2189 947 2263 1003 ad
2285 947 2346 1002 id
2376 947 2533 1004 ﬂecti
2566 954 2828 1020 possent,
2860 947 3055 1019 gladio
3082 947 3221 1003 caesi
3250 952 3410 1009 sunt.

2693 1253 2914 1311 Eodem
2955 1255 3051 1311 die

2044 1341 2198 1397 I78
2232 1341 2512 1399 Certamen
2540 1349 2856 1415 sanctorum
2903 1350 3212 1415 martyrum
3241 1344 3429 1413 Aucti,
3468 1345 3696 1399 Tauric-

2540 1414 2649 1484 m's,
2695 1422 2748 1470 et
2788 1414 3198 1472 Thessalonicae.

2113 1536 2535 1593 Thessalonica
2562 1543 2787 1610 martyr
2811 1538 3046 1593 Cleonis
3077 1536 3385 1609 cujusdam
3418 1536 3695 1592 sacerdo-

2045 1625 2117 1679 tis
2143 1625 2441 1681 idolorum
2472 1627 2616 1695 ﬁlia,
2638 1627 2850 1681 Christi
2878 1627 2994 1682 ﬁde
3024 1626 3273 1694 imbuta,
3302 1625 3695 1697 compelleba-

2043 1718 2139 1769 tur
2166 1732 2200 1770 a
2228 1721 2395 1788 patre
2439 1717 2731 1789 abnegare
2780 1717 3100 1772 Christum.
3134 1715 3299 1781 Quod
3332 1732 3469 1771 eum
3500 1715 3693 1770 facere

2047 1803 2424 1874 detrectaret,
2452 1806 2652 1879 ﬂagris
2679 1805 2839 1861 nuda
2867 1806 3210 1878 gravissime
3236 1804 3503 1871 casditur,
3538 1804 3698 1875 ejus-

2046 1910 2159 1963 que
2189 1894 2376 1950 latera
2429 1895 2688 1951 fustibus
2746 1895 3210 1951 contunduntur.
3271 1894 3493 1949 Deinde
3526 1894 3698 1948 bonis

2043 1983 2308 2053 paternis
2343 1984 2606 2038 exhasres
2635 1984 2811 2052 facta,
2843 1984 2907 2038 in
2956 1982 3262 2056 praediolo,
3295 1982 3451 2054 quod
3485 1981 3593 2037 sibi
3628 2000 3696 2036 ex

2043 2076 2313 2127 materna
2359 2072 2705 2128 haereditate
2755 2072 3094 2138 obvenerat,
3143 2070 3467 2127 habitabat.
3500 2072 3565 2125 Id
3596 2071 3695 2125 ubi

2043 2176 2364 2232 cognovere
2395 2160 2714 2218 Christiani
2745 2162 2880 2232 duo,
2915 2166 3137 2217 Auctus
3176 2165 3234 2215 et
3263 2160 3538 2227 Taurion,
3568 2176 3694 2232 gra-

2041 2247 2191 2303 viter
2234 2248 2437 2304 Cleoni
2489 2267 2902 2307 succensuere.
2953 2249 3350 2316 Quamobrem
3397 2249 3471 2303 ab
3526 2264 3592 2303 eo
3624 2247 3697 2302 εισι

2043 2337 2302 2410 regionis
2353 2338 2695 2410 praefectum
2749 2339 2950 2410 delati,
2984 2345 3043 2395 et
3071 2337 3485 2410 comprehensi
3516 2354 3697 2408 vapu-

2044 2425 2205 2482 lant:
2241 2430 2368 2482 tum
2396 2426 2695 2499 lapidibus
2724 2428 2915 2501 petiti,
2942 2428 3005 2483 in
3046 2428 3244 2501 ignem
3275 2424 3693 2498 conjiciuntur.

2043 2517 2172 2570 Mox
2198 2515 2260 2570 in
2300 2521 2576 2588 stagnum
2627 2517 2900 2589 projecti,
2961 2533 3097 2573 cum
3152 2514 3484 2571 incolumes
3516 2515 3693 2570 etiam

2045 2604 2389 2673 evasissent,
2421 2605 2612 2677 capite
2662 2606 3021 2677 plectuntur.
3073 2604 3448 2660 Tessalonica
3494 2609 3693 2659 autem

2044 2709 2179 2748 cum
2202 2709 2508 2763 nunquam
2526 2694 2824 2749 Christum
2841 2693 3107 2766 proﬁteri
3125 2699 3332 2765 postea
3348 2692 3692 2759 destitisset,

2044 2781 2106 2835 in
2137 2797 2281 2852 pace
2309 2781 2565 2852 quievit:
2616 2782 2785 2854 cujus
2829 2782 3104 2853 pretiosae
3138 2781 3405 2852 reliquiae
3447 2781 3693 2851 Amphi-

2042 2868 2164 2941 poli
2199 2868 2525 2925 honoriﬁce
2556 2886 2623 2925 ac
2653 2870 3070 2926 decentissime
3102 2886 3236 2925 cum
3276 2869 3524 2939 reliquis
3557 2886 3696 2924 san-

2044 2958 2154 3014 ctis
2182 2958 2435 3014 conditae
2465 2958 2650 3014 fuere.

2603 3159 2845 3214 EODEM
2882 3157 3027 3213 MEN
3033 3157 3137 3213 SE.

2697 3266 2802 3322 Die
2839 3270 3045 3322 octava

2391 3375 2433 3429 1
2448 3374 2489 3428 ’1
2498 3377 2548 3429 4
2583 3374 3057 3445 Archangelorum
3084 3376 3330 3444 synaxis.

2109 3479 2256 3534 Cum
2284 3479 2578 3536 mundum
2607 3481 2768 3536 hunc
2796 3481 3055 3553 optimus
3086 3496 3154 3536 ac
3184 3479 3687 3536 clementissimus

2037 3568 2191 3624 Deus
2216 3568 2472 3624 condere
2502 3568 2804 3637 voluisset,
2828 3569 3089 3641 primum
3120 3570 3387 3624 omnium
3419 3569 3687 3623 cmlestcs

2034 3656 2279 3712 virtutes
2305 3662 2659 3728 sanctosque
2688 3657 2929 3729 angelos
2955 3657 3248 3730 cogitavit.
3273 3658 3600 3729 Cogitatum
3626 3657 3686 3711 in

2034 3744 2257 3800 factum
2287 3746 2526 3817 prodiit.
2560 3748 2775 3800 Eorum
2807 3744 3025 3799 ducum
3069 3762 3245 3814 unus,
3274 3746 3368 3799 cui
3402 3750 3525 3798 tum
3557 3745 3687 3815 qui-

2037 3833 2173 3889 dem
2207 3833 2434 3903 Sabael,
2487 3840 2547 3888 at
2592 3839 2727 3906 post
2770 3834 3005 3905 lapsum
3044 3833 3271 3889 Diaboli
3303 3849 3524 3888 nomen
3554 3833 3688 3901 fuit,

2039 3924 2296 3979 elatione
2323 3924 2506 3979 animi
2537 3928 2863 3996 correptus,
2896 3941 3030 3979 cum
3062 3924 3324 3996 seipsum
3360 3926 3543 3979 Deum
3576 3924 3693 3979 cxi-

2040 4015 2358 4084 stimasset,
2393 4032 2423 4070 e
2449 4032 2556 4071 sua
2585 4015 2871 4089 dignitate
2919 4016 3156 4084 excidit,
3189 4020 3248 4071 et
3274 4031 3395 4071 una
3425 4032 3557 4070 cum
3593 4033 3685 4070 or-

2038 4105 2200 4173 dine,
2233 4106 2326 4161 cui
2356 4106 2706 4178 prmerat,de
2729 4106 2893 4162 caelis
2918 4105 3185 4178 dejectus
3216 4112 3323 4161 est.
3348 4108 3421 4160 At
3446 4105 3691 4161 Michael

2038 4194 2452 4268 archangelus,
2476 4196 2576 4267 qui
2599 4196 2782 4251 alium
2806 4196 3151 4268 angelorum
3183 4196 3451 4252 ordinem
3484 4195 3689 4250 ducta-

2037 4284 2158 4349 bat,
2214 4290 2282 4339 ut
2328 4284 2473 4339 vidit
2527 4285 2848 4340 desertoris
2903 4302 3127 4355 casum,
3161 4286 3381 4341 coactis
3412 4284 3471 4339 in
3502 4300 3687 4339 unum

2039 4373 2385 4446 angelorum
2415 4373 2636 4444 choris,
2683 4374 3093 4444 Attendamus,
3126 4375 3356 4445 inquit:
3391 4374 3688 4443 simulque

2036 4480 2238 4518 rerum
2267 4464 2534 4519 omnium
2566 4464 2750 4519 Deum
2773 4464 2834 4518 in
2855 4463 3008 4519 hanc
3028 4464 3150 4518 fere
3179 4464 3536 4518 sententiam
3560 4463 3688 4516 lau-

2042 4551 2231 4609 davit:
2265 4552 2657 4608 Attendamus
2677 4570 2808 4619 nos,
2835 4553 2936 4623 qui
2961 4569 2991 4607 e
3016 4552 3202 4607 nihilo
3235 4551 3429 4607 educti
3461 4566 3687 4619 sumus,

276 4641 469 4710 ἡμεῖς,
503 4641 557 4695 οἱ
584 4643 790 4697 κτιστοί
821 4643 1131 4719 γεγονότες,
1158 4646 1246 4701 καὶ
1276 4650 1357 4719 τῷ
1394 4646 1623 4723 μεγάλῳ
1654 4649 1744 4703 καὶ
1780 4648 1931 4723 μόνῳ

2046 4646 2101 4697 et
2127 4658 2344 4714 magno
2378 4647 2555 4712 atque
2583 4641 2689 4696 uni
2730 4642 2847 4696 Deo
2879 4645 3163 4706 astamus,
3195 4640 3339 4711 quid
3370 4640 3526 4712 passi
3559 4640 3687 4694 fue-

277 4734 396 4801 Θεῷ
455 4732 873 4807 παριστάμενοι,
930 4734 983 4787 τί
1041 4734 1368 4799 πεπόνθασιν
1446 4737 1498 4791 οἱ
1587 4738 1703 4810 μεθ’
1770 4740 1933 4811 ἡμῶν

280 4820 453 4893 μέχρι
476 4823 577 4874 τοῦ
604 4823 697 4874 νῦν
730 4825 846 4895 φῶς
870 4817 1041 4894 ὅντες,
1072 4824 1163 4878 καὶ
1216 4825 1336 4902 ἄρτι
1381 4826 1668 4901 γενόμενοι
1715 4828 1930 4891 σκότος.

272 4908 341 4963 ἸΙ
396 4907 627 4980 τοιαύτη
684 4909 775 4965 οὗν
853 4911 1216 4988 συγκρότησις
1302 4913 1602 4989 ὠνομάσθη
1692 4904 1929 4991 σύναξις,

271 4997 521 5055 τουτέστι
553 5001 834 5077 προσοχὴ,
867 5001 1118 5076 ὁμόνοια,
1146 5004 1235 5059 καὶ
1263 5000 1476 5068 ἓνωσις.

871 5132 948 5203 τῇ
979 5129 1115 5204 αὐτῇ
1148 5131 1329 5208 ἡμέρᾳ

663 5218 870 5291 Μνήμη
900 5224 1001 5288 τῆς
1031 5220 1184 5282 ὁσίας
1215 5222 1543 5296 Ματρώνης.

339 5325 497 5394 Αὐτὴ
529 5324 599 5394 ἦν
630 5322 718 5379 ἐπὶ
746 5331 848 5394 τῆς
884 5322 1165 5400 βασιλείας
1214 5326 1446 5393 Λέοντος
1495 5333 1594 5385 τοῦ
1644 5327 1926 5404 Μεγάλου·

278 5411 499 5487 ίιπῆρχε
530 5409 591 5467 δὲ
648 5409 710 5468 ἐκ
758 5413 972 5487 Πέργης
1025 5418 1128 5483 τῆς
1186 5415 1534 5492 Παμφυλίας.
1592 5417 1934 5493 Συναφθεῖσα

280 5495 537 5576 δὶᾶνδρί,
576 5501 669 5557 καὶ
716 5502 1021 5576 γεννήσασα
1080 5499 1205 5576 μίαν
1266 5505 1555 5580 θυγατέρα,
1604 5501 1825 5581 ἔρχεται
1876 5504 1929 5561 ἐν

283 5590 855 5648 Κωνσταντινουπόλει
900 5591 1035 5664 μετὰ
1086 5597 1185 5647 τοῦ
1243 5593 1451 5650 οἰκείου
1506 5593 1721 5670 ἀνδρὸς,
1775 5592 1930 5651 δεκα-

284 5680 433 5737 πέντε
484 5679 617 5738 οὖσα
682 5680 843 5739 ἐτῶν.
898 5679 998 5735 Καὶ
1055 5683 1316 5756 γενομένη
1373 5685 1610 5757 συνήθης
1680 5684 1931 5761 παρθένῳ

2037 4731 2179 4801 rint,
2205 4730 2307 4801 qui
2330 4730 2642 4785 nobiscum
2672 4730 2773 4784 lux
2797 4730 3106 4797 hactenus,
3135 4747 3294 4785 nunc
3325 4735 3522 4785 autem
3547 4729 3687 4784 facti

2039 4823 2180 4875 sunt
2198 4819 2478 4874 tenebrae.
2504 4818 2854 4891 Hujusmodi
2875 4818 3055 4890 igitur
3074 4818 3422 4891 angelorum
3454 4818 3689 4890 conspi-

2037 4909 2189 4964 ratio
2219 4906 2516 4979 appellata
2544 4911 2634 4961 est
2661 4906 2921 4980 synaxis,
2953 4907 3066 4962 hoc
3104 4911 3214 4976 est,
3245 4908 3516 4977 attentio,
3549 4923 3689 4962 con-

2040 4996 2262 5066 cordia,
2296 5001 2356 5053 et
2382 4996 2546 5054 unio.

2689 5121 2909 5178 Eodem
2947 5120 3043 5177 die

2269 5222 2311 5276 1
2328 5221 2421 5278 75
2456 5221 2907 5277 Commemoratio
2934 5228 3141 5278 sancta:
3170 5224 3455 5280 Matronae.

2111 5327 2246 5383 Haec
2274 5329 2468 5385 Leone
2498 5331 2703 5401 Magno
2736 5328 3067 5401 imperante
3098 5344 3168 5385 ex
3199 5331 3381 5403 Perge
3407 5333 3695 5405 Pamphy-

2037 5416 2134 5471 lim
2164 5417 2310 5472 urbe
2342 5417 2472 5475 fuit.
2505 5420 2649 5473 Cum
2681 5423 2879 5474 autem
2901 5435 2972 5474 ex
2990 5419 3112 5475 viro
3135 5436 3240 5476 suo
3274 5420 3458 5476 filiam
3491 5438 3694 5476 susce-

2039 5507 2244 5579 pisset,
2279 5525 2416 5564 eum
2447 5508 2657 5565 eodem
2704 5510 3282 5581 Constantinopolim
3313 5513 3491 5578 venit,
3525 5512 3686 5565 deci-

2039 5610 2205 5650 mum
2226 5595 2501 5667 quintum
2517 5596 2709 5652 aetatis
2725 5612 2846 5652 suae
2862 5613 3089 5652 annum
3101 5598 3392 5668 agenslbi
3412 5598 3685 5663 Eugeniae

2037 5684 2281 5757 virginis
2311 5684 2745 5742 consuetudine
2788 5684 3021 5754 fruens,
3051 5684 3180 5755 ejus
3226 5685 3358 5741 vitae
3389 5686 3682 5741 rationem
