4132 6328
422 362 534 422 151

1736 357 2170 422 MENOLOGll
2219 357 2414 418 PARS
2460 356 2507 416 Ι.

3711 357 3838 416 153

423 493 672 560 imitata,
704 510 1013 565 nunquam
1030 495 1102 550 ab
1125 494 1393 550 ecclesiis
1415 494 1516 548 Dei
1539 493 1911 548 discedebat:
1945 492 2065 547 imo

2197 487 2310 554 nvi,
2346 485 2575 559 ὀνόματι
2610 483 2853 560 Εὖγενίᾳ,
2881 485 2970 539 καὶ
3002 486 3100 555 τὴν
3152 484 3321 556 αὐτῆς
3372 483 3666 556 ζηλώσασα
3716 503 3832 541 πο-

426 581 785 648 ardentiore,
815 599 994 652 quam
1028 583 1152 645 illa,
1183 599 1319 654 erga
1367 584 1552 636 Deum
1581 581 1774 635 studio
1804 581 2072 645 incensa,

424 688 557 727 cum
589 672 909 742 aliquando
932 689 1136 728 vocem
1159 673 1325 727 illam
1348 670 1530 725 divini
1562 671 1856 742 Evangelii
1884 669 2077 725 audis-

424 766 549 815 set:
583 761 690 826 Qui
718 761 838 815 vult
868 763 1065 816 venire
1088 767 1221 833 post
1249 778 1361 828 me,
1388 761 1642 832 abneget
1662 760 2071 831 semetipsum,

424 855 481 905 et
511 851 680 905 tollat
709 868 944 906 crucem
978 868 1168 916 suam,
1201 856 1259 906 et
1297 856 1580 921 sequatur
1608 866 1703 904 me
1729 867 1741 903 :
1774 849 1957 904 ﬁliam
1987 849 2075 904 fe-

423 940 599 994 minas
633 940 867 996 cuidam
892 941 1000 1012 pias
1031 940 1400 996 educandam
1435 939 1713 1006 tradidit;
1747 939 2073 1010 relictoque

421 1031 565 1096 viro,
592 1037 650 1085 et
672 1037 907 1102 sumpto
931 1032 1084 1086 virili
1107 1031 1332 1097 habitu,
1359 1048 1485 1086 sese
1509 1031 1570 1084 in
1595 1030 1784 1085 sancti
1808 1028 2072 1084 Bassiani

424 1122 851 1176 monasterium
884 1122 1126 1193 recepit,
1154 1121 1545 1176 monasticam
1572 1120 1747 1174 vitam
1777 1119 2069 1190 amplexa.

423 1212 636 1265 Verum
670 1211 769 1264 ubi
803 1213 1036 1283 cognita
1083 1216 1172 1265 est
1217 1211 1440 1266 femina
1471 1228 1619 1275 esse,
1654 1226 1688 1264 a
1717 1214 1921 1265 sancto
1953 1209 2072 1262 viro

423 1298 829 1369 Hierosolyma
886 1299 1177 1365 mittitur;
1239 1298 1396 1353 unde
1445 1303 1579 1370 post.
1625 1298 1853 1368 aliquot
1883 1313 2072 1351 annos

419 1387 990 1460 Constantinopolim
1020 1407 1276 1461 reversa,
1309 1389 1634 1445 solitariam
1660 1405 1838 1460 agens
1873 1388 2070 1458 vitam,

419 1476 694 1533 decessit.

983 1766 1226 1822 EODEM
1263 1766 1520 1822 MENSE.

1096 1857 1200 1910 Die
1239 1872 1399 1911 nona

426 1945 579 2000 I76
611 1944 896 2000 Certamen
947 1946 1126 2000 sancti
1174 1947 1438 2014 martyris
1490 1945 1802 2000 Alexandri
1853 1944 2081 2000 Thessa-

1099 2016 1402 2071 lonicensis.

500 2104 836 2160 Alexander
866 2110 1110 2176 martyr,
1135 2104 1494 2160 Maximiano
1525 2105 1904 2176 imperatore,
1930 2121 2085 2159 com-

428 2195 781 2264 prehensus,
816 2194 1135 2266 cogebatur
1190 2194 1367 2249 idolis
1423 2211 1591 2250 sacra
1644 2194 1876 2249 facere:
1927 2192 2083 2263 quod

424 2283 656 2337 facinus
706 2289 1066 2353 exsecratus,
1116 2283 1431 2353 divinoque
1479 2283 1606 2338 zelo
1656 2283 2080 2349 inflammatus,

423 2369 577 2426 facto
611 2372 671 2426 in
701 2373 1130 2428 sacriﬁciorum
1172 2390 1440 2427 mensam
1491 2373 1736 2444 impetu,
1773 2389 1901 2426 eam
1934 2370 2083 2442 pede

427 2461 674 2531 pulsans
729 2463 953 2530 evertit,
989 2463 1374 2533 victimasque
1425 2462 1651 2516 effudit.
1690 2463 1879 2526 Quare
1910 2461 2085 2515 vehe-

434 2556 667 2606 menter
723 2557 1055 2607 commotus
1108 2552 1496 2607 Maximianus
1554 2551 1981 2622 pronuntiavit,
2023 2553 2088 2603 ut

431 2646 692 2696 extremo
727 2641 1065 2697 afﬁceretur
1096 2642 1408 2713 supplicio.
1433 2643 1579 2696 Cum
1610 2641 1789 2713 igitur
1816 2639 2084 2694 districto

431 2731 756 2800 spiculator
784 2730 978 2803 gladio
1003 2730 1222 2786 collum
1248 2730 1436 2786 sancti
1458 2730 1562 2784 viri
1594 2735 1843 2801 peteret,
1869 2742 2083 2800 repen-

430 2819 553 2873 tino
587 2824 826 2890 stupore
857 2821 1166 2891 perculsus
1222 2826 1328 2874 est.
1383 2819 1487 2874 Cui
1538 2820 1900 2891 imperator:
1935 2817 2085 2883 Quid

431 2913 571 2975 stas,
603 2908 817 2980 inquit,
850 2914 908 2963 et
937 2926 1119 2980 quare
1167 2909 1514 2964 mandatum
1547 2926 1667 2963 non
1700 2909 2041 2978 exsequeris
2062 2909 2089 2963 ‘I

431 2997 536 3054 Ille
558 3015 691 3052 vero
719 3015 730 3052 :
756 2999 872 3069 Ego
901 2999 1188 3054 visionem
1211 2999 1436 3066 videns,
1462 3015 1674 3070 magno
1700 3015 1829 3053 sum
1853 2996 2086 3069 percul-

434 3104 532 3142 sus
561 3093 746 3143 metu.
802 3086 912 3141 Sed
965 3104 1099 3142 cum
1150 3093 1389 3142 sanctus
1437 3087 1512 3142 ad
1556 3087 1850 3142 orandum
1880 3087 2087 3141 horam

430 3176 701 3246 petiisset
741 3181 917 3246 atque
962 3176 1405 3246 impetransset,
1457 3182 1582 3230 tum
1631 3176 1894 3240 demum,
1927 3179 2087 3246 post-

2103 1861 2151 1926 B

2191 577 2420 646 λιτείαν,
2479 577 2578 632 οὐκ
2629 576 2888 654 ἀφίστατο
2959 581 3065 630 τῶν
3153 576 3460 647 ἐκκλησιῶν
3525 580 3623 631 τοῦ
3679 583 3836 636 Θεοῦ.

2193 675 2440 744 Ἔχουσα
2471 667 2528 724 δὲ
2555 669 2646 724 τὸν
2675 669 2810 744 πρὸς
2862 668 2990 723 Θεὸν
3038 665 3214 744 ἔρωτα
3270 669 3437 738 αὐτῆς
3489 668 3841 743 θερμότερον,

2196 759 2288 813 καὶ
2345 759 2617 813 ἀκούσασα
2671 762 2770 813 τοῦ
2834 758 2978 812 θείου
3035 757 3398 834 Εὖαγγελίου.
3457 763 3641 821 Ὅστις
3697 759 3842 815 θέλει

2189 848 2363 902 ὀπίσω
2408 869 2512 920 μου
2573 847 2771 916 ἐλθεῖν,
2833 845 3112 922 λέγοντος,
3160 847 3561 924 ἀπαρνησάσθω
3621 849 3837 921 ἐαυτὸν,

2185 938 2272 991 καὶ
2307 936 2488 1008 ἀράτω
2519 937 2610 991 τὸν
2647 937 2874 1010 σταυρὸν
2906 936 3094 1009 αὐτοῦ,
3153 938 3241 992 καὶ
3305 937 3675 1002 ἀκολουθείτω
3735 960 3845 1010 μα-

2185 1027 2283 1094 τῆν
2349 1025 2443 1098 μὲν
2493 1024 2757 1101 θυγατέρα
2817 1025 3099 1102 παρέδωκε
3165 1025 3381 1101 γυναικί
3457 1048 3562 1082 τινι
3622 1022 3847 1083 εὐλαϐεῖ

2187 1117 2317 1190 παρ’
2378 1115 2589 1186 ἐκείνης
2649 1114 3056 1193 ἀνατρέφεσθαι·
3115 1116 3206 1170 τὸν
3268 1112 3325 1170 δὲ
3383 1113 3548 1191 ἄνδρα
3612 1113 3844 1171 καταλι-

2187 1209 2384 1273 ποῦσα,
2443 1205 2533 1258 καὶ
2591 1201 2793 1272 στολὴν
2848 1201 3109 1277 ἀνδρικήν
3170 1201 3530 1278 ἐνδυσαμένη,
3598 1203 3841 1273 ἀπῆλθεν

2189 1293 2263 1355 εἷς
2322 1294 2422 1360 τὴν
2486 1294 2658 1366 μονήν
2708 1297 2806 1348 τοῦ
2867 1293 3018 1347 ὁσίου
3108 1297 3429 1366 Βασσιανοῦ,
3487 1295 3575 1349 καὶ
3637 1292 3844 1368 ἐγένετο

2191 1383 2432 1457 μοναχή.
2489 1385 2620 1437 Εἶτα
2677 1383 2976 1456 γνωσθεῖσα
3023 1383 3158 1458 γυνή
3223 1385 3382 1454 εἶναι,
3440 1382 3710 1456 πέμπεται
3769 1382 3848 1447 εἷς

2185 1469 2544 1547 Ἱεροσόλυμα
2599 1470 2744 1546 παρᾶ
2798 1475 2894 1526 τοῦ
2951 1472 3125 1527 ὁσίου.
3181 1473 3280 1526 Καὶ
3365 1471 3499 1545 μετά
3583 1473 3840 1548 χρόνους,

2187 1558 2419 1624 ἐλθοῦσα
2477 1557 2642 1614 πάλιν
2704 1559 2779 1622 εἰς
2865 1560 3451 1632 Κωνσταντινοῦπολιν,
3541 1564 3630 1617 καὶ
3685 1559 3844 1623 ἷδίως

2187 1650 2535 1727 ἡσυχάσασα,
2566 1649 2883 1724 ἐτελειώθη.

2743 1761 2927 1817 ΜΗΝΙ
2967 1762 3060 1817 ΤΩ
3097 1764 3290 1820 ΛΥῚὩ.

2991 1850 3044 1904 Θ,

2189 1935 2461 2004 Ἀθλησις
2515 1941 2612 1992 τοῦ
2665 1937 2822 2014 ἁγίου
2887 1939 3158 2016 μάρτυρος
3214 1936 3578 2016 Ἀλεξάνδρου
3633 1943 3732 1995 τοῦ
3785 1939 3839 1993 ἐν

2822 2009 3026 2065 Θεσσαλ
3035 2009 3090 2064 ον
3100 2009 3186 2084 ίκῃ
3199 2055 3209 2066 .

2260 2094 2612 2173 Ἀλέξανδρος
2670 2098 2698 2152 6
2757 2095 2960 2173 μάρτυς
3021 2099 3266 2174 ὑπῆρχεν
3325 2098 3411 2155 ἐπὶ
3497 2101 3844 2173 Μαξιμιανοῦ

2189 2190 2283 2242 τοῦ
2315 2185 2604 2260 βασιλέως·
2637 2187 2727 2241 καὶ
2786 2185 3100 2263 κρατηθεὶς,
3150 2187 3461 2261 ἠναγκάσθη
3523 2189 3676 2243 θῦσαι
3723 2193 3844 2252 τοῖς

2191 2272 2465 2338 εἰδώλοις.
2499 2277 2560 2334 Ὀ
2593 2273 2649 2330 δὲ
2683 2279 2758 2349 μή
2792 2275 3050 2342 πεισθεὶς,
3086 2274 3234 2331 ἀλλὰ
3267 2275 3478 2349 μᾶλλον
3511 2278 3638 2349 θείῳ
3687 2277 3847 2350 ζήλῳ

2189 2366 2449 2435 κινηθεὶς,
2483 2366 2572 2420 καὶ
2601 2363 2730 2420 ἰδὼν
2764 2366 2861 2434 τήν
2893 2367 3164 2440 τράπεζαν
3221 2369 3330 2421 τῶν
3380 2371 3577 2430 θυσιῶν
3623 2363 3847 2439 ἱσταμέ-

2189 2475 2312 2525 νην,
2345 2453 2596 2528 ὥρμησε,
2625 2454 2715 2509 καὶ
2745 2459 2824 2527 τῷ
2854 2452 2983 2510 ποδὶ
3014 2455 3272 2528 κρούσας,
3323 2454 3601 2530 ἀνέτρεψεν
3651 2455 3844 2526 αὐτήν,

2191 2542 2404 2606 καὶτὰς
2436 2543 2615 2607 θυσίας
2664 2542 2862 2618 ἐξέχεε.
2919 2545 3019 2600 Καὶ
3080 2543 3348 2619 ὀργισθεὶς
3408 2545 3436 2598 6
3487 2544 3846 2617 Μαξιμιανὸς,

2193 2629 2361 2688 ἔδωκε
2389 2634 2488 2701 τὴν
2519 2637 2637 2688 κατ’
2669 2635 2834 2689 αὐτοῦ
2867 2634 3135 2713 ἀπόφασιν
3193 2638 3287 2689 τοῦ
3333 2632 3422 2689 διὰ
3468 2632 3654 2712 ξίφους
3703 2634 3845 2689 ἀπο-

2195 2728 2392 2786 θανεῖν.
2430 2725 2532 2780 Καὶ
2591 2720 2776 2779 Λαϐὼν
2829 2724 2986 2779 αὐτὸν
3045 2725 3073 2779 6
3135 2721 3548 2800 σπεκουλάτωρ,
3607 2726 3694 2780 καὶ
3755 2723 3844 2780 ἐκ·

2194 2807 2379 2866 ϐαλὼν
2409 2814 2472 2867 τὸ
2499 2813 2670 2889 ξίφος,
2703 2814 2839 2888 πρὸς
2866 2815 2929 2868 τὸ
2987 2812 3408 2890 ἆποκεφαλίσαι,
3455 2811 3642 2869 ἳστατο
3689 2812 3847 2868 ἐκπε-

2195 2900 2540 2976 πληγμένος.
2575 2904 2669 2957 Καὶ
2730 2903 2873 2958 εἶπεν
2935 2905 2963 2957 6
3027 2901 3282 2978 βασιλεὺς
3340 2902 3475 2976 πρὸς
3531 2903 3718 2958 αὐτόν*
3776 2904 3847 2959 Τί

2193 2987 2446 3061 ἕστηκας,
2478 2991 2567 3045 καὶ
2599 2992 2663 3046 οὐ
2723 2989 2964 3066 πληροῖς
3020 2993 3082 3046 τὸ
3137 2990 3478 3066 προσταχθὲν
3523 3012 3607 3046 σοι
3632 3011 3645 3061 ;
3696 2992 3757 3049 Ὀ
3789 2989 3852 3046 δὲ

2196 3077 2319 3156 ἔφη’
2355 3079 2645 3136 Ὀπτασίαν
2670 3082 2882 3156 θεωρῶ,
2941 3080 3030 3135 καὶ
3089 3080 3200 3152 εἰμὶ
3261 3077 3549 3154 ἔντρομος.
3603 3079 3849 3151 Αἲτησά-

2201 3188 2360 3240 μενος
2414 3165 2471 3222 δὲ
2526 3169 2554 3223 6
2613 3169 2769 3243 ἅγιος
2856 3169 2999 3244 ὥραν
3077 3175 3418 3244 προσευχῆς,
3485 3167 3574 3223 καὶ
3637 3164 3849 3238 λαϐὼν,

432 3279 611 3334 quam
643 3265 848 3330 oravit,
882 3280 916 3319 a
945 3264 1302 3334 spiculatore
1350 3280 1668 3336 percussus
1714 3264 1864 3319 fuit:
1916 3264 2082 3335 cujus

2197 3251 2415 3328 ηὔξατο·
2448 3257 2537 3310 καὶ
2571 3255 2768 3320 εὖθὲως
2823 3256 3038 3333 ἐπλήγη
3090 3258 3193 3312 ὑπὸ
3243 3261 3340 3312 τοῦ
3386 3256 3848 3332 σπεκουλάτορος.

432 3353 692 3407 animam
725 3370 758 3408 a
785 3357 1039 3423 quatuor
1068 3353 1292 3425 angelis
1324 3353 1578 3408 sublime
1607 3353 1747 3408 ferri
1780 3353 2082 3423 conspica-

434 3447 531 3498 tus
558 3441 973 3510 Maximianus,
1033 3442 1328 3513 permisit,
1386 3448 1452 3498 ut
1511 3443 1640 3515 ejus
1694 3442 1962 3512 reliquias
2021 3442 2081 3495 in

432 3531 579 3586 urbe
609 3532 1028 3588 Thessalonica
1059 3532 1331 3604 sepulcro
1364 3533 1748 3588 inferrentur.

1071 3728 1294 3785 Eodem
1352 3729 1448 3785 die

613 3821 652 3875 1
671 3821 761 3875 77
799 3822 1079 3876 Certamen
1107 3822 1287 3876 sancti
1311 3822 1571 3891 martyris
1612 3820 1904 3874 Antonini.

507 3908 845 3964 Antoninus
876 3914 1101 3980 martyr
1131 3926 1202 3963 ex
1241 3909 1480 3982 regione
1515 3909 1794 3980 Syrorum
1825 3907 1956 3976 fuit,
1987 3906 2083 3962 la-

435 3997 759 4068 picidinam
817 4003 1007 4053 artem
1065 4014 1366 4053 exercens.
1425 3999 1570 4052 Cum
1627 4002 1823 4052 autem
1862 3997 2088 4051 videret

437 4087 667 4140 Graecos
697 4085 900 4140 fanum
949 4085 1244 4140 idolorum
1291 4086 1608 4157 ingressos,
1654 4085 1949 4156 idolisque
1989 4100 2085 4138 sa-

435 4176 794 4243 crificantes,
827 4175 1173 4230 hortabatur
1203 4192 1323 4242 eos,
1356 4181 1421 4229 ut
1460 4175 1530 4230 ab
1564 4191 1634 4230 ea
1663 4174 2084 4246 superstitione

433 4263 802 4320 recederent.
824 4263 934 4319 Sed
957 4279 1090 4318 cum
1113 4263 1261 4318 nihil
1281 4263 1530 4318 dicendo
1549 4263 1832 4330 efficeret,
1854 4263 1911 4316 id
1935 4278 2086 4334 aegre

432 4355 651 4420 ferens,
695 4369 962 4408 eremum
1021 4353 1228 4424 petiit;
1286 4358 1613 4424 nactusque
1667 4352 2086 4408 anachoretam

437 4442 757 4515 quemdam
781 4443 883 4498 Dei
908 4459 1160 4509 servum,
1181 4443 1552 4497 Theotimum
1575 4440 2086 4506 nomine,biennio

438 4533 593 4605 apud
613 4549 749 4588 eum
764 4533 1000 4588 mansit.
1018 4533 1156 4603 Ejus
1171 4537 1377 4603 postea
1393 4536 1634 4602 accepta
1650 4529 2084 4596 benedictione,

2187 3342 2312 3401 Εῖδε
2345 3341 2401 3399 δὲ
2441 3345 2469 3399 ὁ
2528 3345 2783 3420 βασιλεὺς
2839 3345 3100 3420 τέσσαρας
3162 3344 3426 3422 ἀγγέλους
3490 3345 3852 3418 ὀψικεῦοντας

2186 3435 2286 3502 τήν
2320 3434 2505 3508 ψυχὴν
2537 3438 2634 3487 τοῦ
2667 3433 2846 3510 ἁγίου.
2881 3434 2978 3489 Καὶ
3013 3433 3101 3489 διὰ
3129 3438 3290 3489 τοῦτο
3343 3431 3545 3489 δέδωκε
3594 3441 3712 3498 τοῖς
3762 3435 3847 3490 αἲ-

2186 3525 2538 3598 τησαμένοις,
2564 3526 2727 3600 θάψαι
2758 3525 2820 3581 τὸ
2871 3524 3128 3600 λείψανον
3179 3524 3343 3603 αὐτοῦ
3397 3524 3450 3580 ἐν
3507 3524 3668 3581 πόλει
3713 3532 3848 3581 Θεσ-

2189 3611 2506 3684 σαλονίκης.

2774 3725 2859 3796 Τῇ
2900 3721 3034 3796 αὐτῇ
3076 3725 3109 3792 ἡ
3123 3721 3257 3795 μέρᾳ

2376 3809 2638 3883 *Λθλησις
2671 3816 2766 3867 τοῦ
2797 3811 2950 3885 ἀγίου
2984 3814 3256 3888 μάρτυρος
3287 3811 3645 3869 Ἀντωνίνου.

2265 3902 2586 3963 Ἀντωνῖνος
2629 3901 2656 3955 ὁ
2699 3901 2900 3976 μάρτυς
2947 3901 3193 3976 ὑπῆρχεν
3239 3898 3300 3955 ἐκ
3342 3907 3442 3969 τῆς
3477 3905 3584 3956 τῶν
3647 3902 3845 3975 Σύρων

2200 3993 2408 4066 χώρας,
2443 3986 2739 4063 λιθοτόμος
2767 3992 2866 4060 τήν
2893 3988 3113 4066 τέχνην.
3148 3987 3303 4046 Ἰδὼν
3357 3987 3414 4043 δὲ
3455 3989 3581 4053 τοὺς
3636 3987 3850 4060 ’Έλλη-

2193 4098 2287 4139 νας
2335 4075 2746 4153 ἀπερχομένους
2799 4077 2876 4141 εἲς
2935 4079 3026 4133 τὸν
3086 4078 3212 4133 ναὸν
3261 4083 3369 4132 τῶν
3430 4075 3696 4149 εἰδώλων,
3755 4080 3845 4134 καὶ

2195 4166 2421 4230 θύοντας
2449 4172 2565 4228 τοῖς
2617 4165 2892 4237 εἰδώλοις,
2953 4166 3254 4242 παρῄνεσεν
3316 4167 3502 4227 αὐτοῖς
3550 4168 3850 4233 ἀποστῆναι

2191 4255 2392 4310 αὐτῶν.
2427 4256 2514 4317 Ὠς
2567 4253 2624 4310 δὲ
2680 4256 2779 4311 οὐκ
2837 4255 3190 4332 εἷσηκρύσθη,
3251 4253 3517 4325 λυπηθεὶς
3562 4255 3851 4331 ἀνεχώρη-

2193 4365 2276 4398 σεν
2312 4343 2386 4406 εἷς
2416 4340 2620 4419 ἔρημον
2654 4345 2844 4400 τόπον”
2901 4344 2991 4400 καί
3043 4344 3280 4420 εὑρίσκει
3331 4341 3528 4399 δοῦλον
3573 4348 3670 4399 τοῦ
3717 4349 3854 4400 Θεοῦ

2194 4436 2584 4507 ἁναχωρητήν,
2618 4431 2849 4508 ὀδόματι
2897 4433 3184 4507 Θεότιμον,
3237 4433 3328 4488 καὶ
3380 4432 3470 4488 σὺν
3540 4432 3684 4505 αὖτῷ
3733 4431 3852 4488 δια-

2191 4522 2386 4596 τρίψας
2417 4519 2508 4592 ἔτη
2546 4521 2662 4594 δύο,
2720 4523 2808 4578 καὶ
2870 4518 3052 4579 λαϐὼν
3108 4525 3206 4586 τὰς
3263 4522 3429 4598 εὐχὰς
3488 4522 3674 4590 αὐτοῦ,
3731 4543 3858 4577 κατ-

435 4623 498 4678 in
530 4625 780 4694 patriam
819 4623 891 4678 ad
936 4623 1220 4694 populum
1269 4622 1583 4694 praestigiis
1626 4621 1965 4676 daemonum
1998 4639 2082 4676 se-

2197 4610 2332 4682 ῆλθε
2362 4613 2526 4667 πάλιν
2554 4616 2690 4689 πρὸς
2722 4616 2814 4669 τὸν
2841 4612 3256 4687 πεπλανημένον
3317 4611 3447 4669 λαὸν
3495 4619 3592 4669 τοῦ
3635 4616 3852 4690 χωρίου

439 4713 681 4767 ductum
730 4729 1020 4781 reversus,
1068 4712 1317 4767 offendit
1367 4729 1468 4766 eos
1514 4711 1731 4766 festum
1775 4710 2087 4766 daemoniis

440 4800 600 4855 diem
656 4817 869 4871 agere:
931 4800 1352 4873 ingressusque
1408 4801 1634 4866 fanum,
1698 4799 1855 4854 idola
1887 4800 2090 4856 omnia

439 4890 808 4944 comminuit.
833 4890 1228 4954 Quamobrem
1250 4889 1714 4960 comprehensus
1744 4888 2088 4960 gravissime

440 4979 706 5033 creditur.
733 4978 955 5033 Deinde
986 4981 1308 5049 Apameam
1342 4978 1520 5048 Syrias
1550 4977 1872 5049 profectus,
1897 4994 2030 5032 cum
2055 4993 2088 5032 a

441 5069 813 5124 sanctissimo
864 5069 1138 5140 epiSCOpo
1189 5069 1585 5139 impetrasset,
1618 5072 1685 5122 ut
1713 5073 1930 5123 sancta)
1961 5069 2086 5122 Tri-

437 5157 609 5212 nitati
668 5157 953 5228 templum
1023 5155 1323 5224 conderet,
1369 5157 1651 5226 jactaque
1704 5157 1830 5228 jam
1889 5161 2090 5211 essent

436 5247 846 5316 fundamenta,
881 5245 1172 5317 indigena:
1230 5250 1410 5300 noctu
1469 5245 1772 5300 hominem
1804 5246 2085 5318 aggressi,

434 5335 814 5392 membratim
845 5335 1233 5390 conciderunt
1259 5350 1271 5388 :
1306 5339 1364 5389 et
1413 5334 1570 5390 hunc
1600 5335 1663 5390 in
1694 5334 1935 5391 modum
1967 5335 2087 5406 spi-

437 5426 620 5480 ritum
653 5427 770 5480 Deo
802 5425 1081 5481 reddidit.

1079 5513 1300 5569 Eodem
1331 5514 1445 5569 die.

659 5607 694 5658 Ἡ
715 5603 809 5659 78
844 5605 1128 5659 Certamen
1157 5606 1333 5660 sancti
1361 5606 1623 5674 martyris
1653 5605 1872 5660 Orestis.

515 5696 750 5752 Orestes
773 5699 989 5766 martyr
1007 5693 1218 5766 Tyanis
1243 5694 1304 5750 in
1333 5694 1702 5766 Cappadocia
1721 5697 1918 5762 natus,
1943 5708 2085 5748 con-

2197 4702 2382 4760 αὐτοῦ.
2421 4701 2518 4756 Καὶ
2552 4704 2724 4778 εὑρὼν
2775 4703 2970 4766 αὐτοὺς
3039 4702 3230 4779 ἑορτὴν
3293 4701 3672 4766 ἐπιτελοῦντας
3729 4709 3852 4766 τοῖς

2197 4789 2468 4864 δαίμοσιν,
2525 4791 2788 4846 εἰσελθὼν
2848 4792 2924 4855 εἰς
2976 4793 3068 4848 τὸν
3128 4794 3252 4847 ναὸν
3313 4791 3510 4862 αὐτῶν,
3570 4793 3855 4866 συνέτριψε

2196 4880 2370 4938 παντά
2425 4882 2494 4939 τὰ
2558 4879 2780 4939 ε’ἲδωλα.
2865 4881 2995 4937 Εἶτα
3076 4881 3390 4956 κρατηθεὶς,
3463 4883 3554 4937 καὶ
3636 4881 3856 4960 τυφθεὶς

2199 4975 2463 5050 ἰσχυρῶς,
2508 4971 2753 5040 ἀπῆλθεν
2811 4969 2887 5032 εἷς
2947 4969 3247 5044 Ἀπάμειαν
3305 4973 3406 5036 τῆς
3471 4973 3690 5047 Συρίας.
3754 4973 3848 5026 Καὶ

2205 5061 2418 5134 δεηθεὶς
2471 5067 2568 5117 τοῦ
2627 5058 2927 5116 ὁσιωτάτου
2984 5058 3284 5114 ἐπισκόπου
3343 5055 3532 5116 λαϐεῖν
3613 5059 3855 5130 ἐξουσίαν

2205 5157 2302 5207 τοῦ
2352 5154 2529 5207 κτίσαι
2585 5150 2709 5205 ναὸν
2790 5148 2876 5204 ἐπ’
2935 5146 3166 5220 ὀνόματι
3225 5150 3324 5216 τῆς
3383 5148 3539 5222 ἁγίας
3595 5145 3848 5223 Τριάδος,

2203 5242 2402 5317 ἤρξατο
2432 5240 2654 5310 κτίζειν.
2698 5238 2801 5295 Καὶ
2860 5241 3020 5292 τοῦτο
3082 5238 3341 5309 μαθόντες
3400 5238 3451 5291 o't
3511 5243 3851 5313 συγχωρῖται

2198 5332 2386 5402 αὐτοῦ,
2447 5329 2635 5390 νυκτὸς
2702 5325 3054 5395 ἐπιτεθέντες,
3147 5331 3265 5390 τοῖς
3347 5327 3523 5400 ξίφεσι
3608 5323 3852 5399 μεληδὸν

2197 5421 2519 5493 κατέκοψαν.
2550 5417 2653 5476 Καὶ
2711 5412 2854 5472 οὕτω
2902 5416 2965 5470 τὸ
3010 5419 3225 5489 πνεῦμα
3264 5419 3344 5488 τῷ
3395 5421 3511 5486 Θεῷ
3565 5416 3851 5492 παρέθετο.

2781 5507 2860 5579 Τῇ
2899 5505 3038 5578 αὖτῇ
3078 5507 3261 5581 ἡμέρᾳ

2421 5595 2688 5668 Ἀθλησις
2713 5599 2812 5652 τοῦ
2845 5592 3007 5669 ἆγίου
3045 5593 3315 5672 μάρτυρος
3348 5597 3627 5671 Ὀρέστου.

2271 5689 2332 5746 Ὀ
2393 5685 2596 5762 μάρτυς
2655 5685 2910 5760 Ὀρέστης
2968 5683 3036 5753 ἦν
3090 5683 3150 5740 ἐκ
3202 5691 3303 5756 τῆς
3348 5684 3568 5749 πόλεως
3615 5683 3854 5758 Τυάνων,
