4132 6328
328 407 435 466 153

321 538 510 612 χώρας
543 535 959 602 Καππαδοκίας
1009 545 1361 617 καταφρονῶν
1423 537 1479 594 δὲ
1534 542 1640 594 τῶν
1700 536 1966 605 εἰδώλων,

319 627 406 680 καὶ
489 629 581 682 τὸν
659 629 897 702 Χριστὸν
984 629 1261 706 παρρησίᾳ
1332 631 1638 704 κηρύττων·
1699 628 1966 702 ἐκρατήθη

319 717 467 790 παρὰ
498 717 770 790 Μαξίμου,
827 717 932 772 ὑπὸ
991 718 1390 789 Διοκλητιανοῦ
1440 717 1632 772 νεωστὶ
1682 735 1969 791 προχειρι-

318 806 538 869 σθὲντος
602 808 878 881 ἡγεμόνος
931 816 1029 878 τῆς
1087 810 1294 884 χώρας.
1356 808 1454 863 Καὶ
1509 807 1968 881 καταναγκασῦεἰς

314 903 688 969 προσκυνῆσαι
718 902 836 958 τοῖς
890 895 1164 968 εἷόώλοις,
1199 899 1290 953 καὶ
1347 900 1421 970 μή
1481 897 1743 964 πεισθεὶς,
1772 895 1968 950 τύπτε-

315 1006 403 1038 ται
471 985 607 1057 μετᾶ
665 982 903 1060 ῥαϐδίων
965 987 1230 1062 ἴσχυρῶς,
1287 985 1394 1050 ἕως
1451 987 1618 1062 ἐφάνη
1649 988 1716 1040 τὰ
1767 982 1965 1048 ἔσωθεν

318 1077 422 1126 τῶν
461 1071 802 1148 σπλάγχνων
859 1075 1046 1134 αὐτοῦ.
1108 1075 1258 1132 Μετὰ
1313 1073 1370 1130 δὲ
1424 1077 1486 1130 τὸ
1541 1076 1832 1152 τυφθῆναι,
1863 1073 1968 1127 ἀπ-

317 1162 466 1236 ήχθη
497 1159 575 1221 εἷς
607 1164 700 1216 τὸν
731 1164 855 1217 ναὸν
879 1164 990 1218 τῶν
1021 1161 1290 1233 εἰδώλων,
1320 1163 1409 1218 καὶ
1441 1163 1604 1218 πάλιν
1630 1161 1967 1236 κατηναγκά-

317 1254 433 1317 ζετο
467 1257 843 1323 προσκυνῆσαι
903 1251 1107 1314 αὐτοῖς.
1141 1253 1202 1308 Ὀ
1234 1250 1312 1320 δὲ,
1371 1252 1462 1306 τὸν
1521 1251 1749 1324 Χριστὸν
1781 1247 1966 1303 ἐπικα-

317 1336 640 1410 λεσάμενος,
675 1339 765 1393 καὶ
795 1339 1110 1417 ἐμφυθήσας
1141 1340 1216 1401 εἰς
1270 1342 1337 1395 τὰ
1365 1338 1591 1409 εἶ’δωλα,
1652 1341 1964 1412 συνετριψεν

311 1426 444 1481 αὐτᾶ
480 1471 496 1496 ,
553 1435 646 1481 καί
704 1427 1035 1489 ἐλέπτυνεν,
1096 1429 1224 1484 ώσει
1280 1429 1606 1505 κονιορτόν.
1673 1429 1775 1484 Καὶ
1841 1427 1966 1481 τότε

310 1514 585 1590 παρεδόθη
619 1521 687 1591 τῇ
734 1516 974 1595 φυλακῇ.
1005 1519 1102 1573 Καὶ
1136 1519 1269 1592 μετὰ
1298 1520 1433 1574 ἑπτὰ
1487 1520 1699 1594 ἡμέρας
1759 1512 1962 1585 ἐκϐλη-

314 1607 422 1669 θεὶς
449 1609 552 1674 τῆς
583 1605 856 1685 φυλακῆς,
907 1607 1144 1682 παρέστη
1202 1613 1282 1681 τῷ
1339 1607 1587 1681 Μαξίμῳο
1645 1606 1735 1660 καὶ
1797 1606 1962 1660 πάλιν

314 1695 648 1770 ἠναγκάζετο
707 1697 876 1760 θύειν.
925 1697 1029 1752 Καὶ
1082 1697 1158 1769 μή
1189 1697 1454 1767 πεισθεὶς,
1511 1695 1669 1765 ἣλοις
1734 1699 1963 1769 μακροῖς

312 1783 590 1859 ἓτρυπήθη
644 1785 773 1848 τοὺς
829 1785 1223 1861 ἀστραγάλους.
1275 1787 1378 1844 Καὶ
1436 1782 1754 1860 προσδεθεὶς
1785 1782 1961 1859 ἀγρίῳ

1785 407 2238 469 NOVEMBER.

3618 415 3736 474 154

2079 544 2274 612 empto
2299 540 2596 596 idolorum
2619 542 2783 596 cultu
2799 543 3104 597 Christum
3131 543 3319 597 libere
3339 543 3725 614 praedicabat.

2077 630 2554 701 Comprehensus
2602 632 2780 703 igitur
2802 649 2837 686 a
2871 632 3144 700 Maximo,
3179 633 3279 702 qui
3308 649 3514 687 recens
3545 651 3578 688 a
3606 634 3735 688 Dio-

2081 719 2335 774 cletiano
2367 721 2748 791 Cappadocize
2788 720 3100 791 praefectus
3144 721 3357 787 fuerat,
3389 722 3734 792 compulsus

2076 807 2236 863 idola
2258 809 2526 875 adorare,
2553 826 2688 864 cum
2710 816 3061 877 recusasset,
3089 811 3262 882 virgis
3287 811 3529 882 pessime
3546 827 3734 881 usque

2079 894 2229 950 adeo
2256 912 2573 966 percussus
2624 903 2732 964 est,
2785 904 2848 951 ut
2893 899 3117 953 viscera
3165 899 3293 969 ejus
3342 899 3731 954 nudarentur.

2073 985 2286 1041 Postea
2309 987 2371 1040 in
2406 987 2692 1058 templum
2719 988 3011 1042 idolorum
3046 988 3281 1056 ductus,
3306 990 3642 1059 iterumque
3665 1005 3734 1044 ea

2074 1075 2268 1130 colere
2318 1082 2577 1142 coactus,
2615 1077 2834 1131 Christi
2885 1077 3126 1131 nomine
3170 1077 3460 1146 invocato,
3502 1093 3636 1132 cum
3667 1077 3730 1132 in

2073 1162 2234 1218 idola
2264 1164 2649 1230 insufflasset,
2675 1167 2736 1220 in
2771 1167 3190 1220 tenuissimum
3218 1184 3286 1221 ea
3311 1167 3613 1238 pulverem
3645 1183 3732 1221 re-

2072 1251 2248 1324 degit.
2283 1255 2426 1308 Tum
2456 1272 2590 1309 vero
2650 1256 2711 1309 in
2771 1271 3070 1310 carcerem
3132 1256 3504 1323 detruditur;
3550 1261 3729 1326 atque

2071 1341 2209 1396 inde
2241 1343 2493 1413 septimo
2522 1351 2655 1414 post
2687 1344 2780 1398 die
2814 1344 3082 1410 eductus,
3116 1345 3346 1398 sistitur
3376 1345 3631 1399 Maximo
3658 1363 3672 1401 :
3696 1362 3731 1400 a

2072 1447 2187 1500 quo
2209 1449 2414 1487 rursus
2433 1433 2506 1487 ad
2529 1433 2984 1489 sacriﬁcandum
3008 1433 3381 1498 sollicitatus,
3399 1451 3508 1488 nec
3527 1440 3725 1489 tamen

2072 1519 2146 1573 ad
2179 1520 2237 1574 id
2265 1521 2605 1577 faciendum
2654 1522 2951 1590 inductus,
2999 1523 3264 1592 trajectis
3319 1540 3424 1594 per
3453 1523 3602 1577 talos
3634 1523 3725 1578 in-

2070 1610 2344 1681 gentibus
2374 1611 2575 1676 clavis,
2613 1612 2900 1666 indomito
2958 1627 3108 1682 equo
3167 1613 3394 1666 catenis
3425 1613 3722 1684 alligatus,

2073 1703 2236 1752 extra
2265 1699 2473 1754 urbem
2503 1702 2835 1771 Tyanorum
2881 1718 2986 1772 per
3017 1701 3217 1772 viginti
3251 1707 3504 1772 quatuor
3533 1701 3726 1756 millia

2069 1802 2354 1858 passuum
2386 1795 2674 1860 raptatus,
2711 1791 2990 1861 spiritum
3036 1789 3298 1846 tradidit.

312 1872 465 1947 ἵππῳ
518 1874 654 1948 μετὰ
738 1874 982 1931 ἁλύσεων
1057 1877 1333 1953 τρέχοντι,
1411 1875 1590 1950 συρεὶς
1653 1873 1812 1948 μίλια
1885 1873 2287 1947 εἶκοσιτέσσαρα
2362 1875 2467 1931 ἀπὸ
2545 1885 2644 1947 τῆς
2729 1879 2945 1939 πόλεως
3019 1874 3266 1947 Τυάδων,
3325 1874 3606 1951 παρέδωκε
3661 1878 3724 1933 τὸ

306 1967 542 2036 πνεῦμα.

866 2092 1047 2148 MHNI
1077 2093 1170 2169 T9
1201 2093 1400 2170 ΑΥΤῼ.

1127 2182 1161 2237 Ι,

333 2266 582 2336 Δθλησις
655 2272 766 2323 τῶν
839 2265 1009 2336 ἁγίων
1087 2268 1409 2323 ἀποστόλων
1512 2267 1572 2323 ἐκ
1670 2271 1779 2323 τῶν
1886 2268 1955 2336 o’,

380 2338 642 2416 ἶρλυμπᾶ
677 2381 690 2406 ,
766 2338 1066 2416 Ῥωδίωνος
1101 2385 1115 2410 ,
1213 2339 1572 2416 Σωσιπάτρου
1607 2383 1620 2410 ,
1704 2338 1956 2413 Τερτίου,

385 2413 673 2487 Ἐράστου,
707 2411 798 2466 καὶ
828 2413 1136 2486 Κονάρτου.

387 2539 511 2593 Τῶν
548 2538 643 2609 μὶν
703 2538 872 2612 ἁγίων
922 2539 1129 2594 τούτων
1184 2538 1528 2612 ἀποστόλων,
1562 2539 1589 2594 ὁ
1625 2541 1718 2614 μὶν
1752 2538 1958 2611 Ὀλυμ-

325 2624 424 2685 πὰς
483 2626 571 2680 καὶ
633 2626 660 2680 ὁ
718 2624 983 2689 Ῥωδίων,
1013 2627 1439 2692 ἀκολουθοῦντες
1492 2630 1572 2700 τῷ
1628 2628 1764 2704 ἁγίῳ
1817 2628 1956 2683 ἀπο-

319 2713 499 2787 στὸλῳ
534 2716 740 2788 Πέτρῳ,
801 2716 1099 2793 ἀμφότεροι
1155 2716 1208 2773 ἐν
1262 2717 1447 2792 Ῥώμῃ
1502 2722 1570 2793 τῇ
1625 2719 1785 2774 πόλει
1850 2719 1954 2774 ὑπὸ

322 2803 569 2878 Νέρωνος
626 2805 713 2860 τάι
774 2804 1011 2882 κεφαλὰς
1075 2807 1489 2880 ἀπετμήθησαν.
1547 2808 1609 2863 Ὁ
1659 2805 1716 2862 δὲ
1776 2807 1952 2862 Σωσία

315 2913 537 2967 πατρος,
600 2892 810 2956 οὔτινος
868 2893 919 2948 ἐν
977 2898 1045 2969 τῇ
1098 2897 1237 2971 πρὸς
1283 2896 1592 2969 Ῥωμαίους
1650 2896 1951 2970 Ἐπιστολῇ

313 2983 340 3036 ὀ
385 2984 539 3056 ἅγιος
595 2980 906 3046 ἀπόστολος
995 2985 1270 3058 μέμνηται
1327 2985 1548 3048 Παῦλος
1583 3030 1596 3055 ,
1657 2985 1953 3048 ἐπίσκοπος

307 3069 530 3125 Ἰκονίου
610 3071 924 3144 γενόμενος,
1009 3069 1062 3126 ἐν
1146 3072 1336 3148 εἰρήνῃ
1418 3073 1732 3145 ἐτελειώθη·
1810 3076 1838 3129 ὁ
1896 3072 1953 3130 δὲ

306 3159 552 3230 Τέρτιος,
584 3159 613 3213 ὁ
658 3159 747 3213 καὶ
776 3160 877 3228 τὴν
923 3158 1059 3235 πρᾶς
1090 3162 1398 3234 Ῥωμαίους
1428 3164 1640 3238 γράψας
1696 3165 1948 3221 Ἐπιστο-

306 3246 434 3317 λὴν,
466 3248 572 3302 ὑπὸ
627 3252 726 3304 τοῦ
775 3249 930 3325 ἁγίου
963 3249 1181 3306 Παύλου
1234 3249 1566 3322 ἐκδοθεῖσαν,
1604 3254 1738 3326 μετᾶ
1771 3259 1950 3308 Σωσι-

304 3358 505 3411 πατρον
584 3335 832 3413 δεύτερος
915 3337 1210 3402 ἐπίσκοπος
1307 3340 1536 3397 Ἰκονίου
1635 3342 1951 3418 γενόμενος,

305 3428 438 3501 πρὸς
516 3427 718 3500 Κύριον
773 3425 1126 3501 ἐξεδήμησεν,
1175 3431 1235 3488 Ὀ
1289 3427 1346 3485 δὲ
1399 3437 1684 3506 Ἔραστος,
1743 3431 1806 3487 οὗ
1860 3431 1951 3487 καὶ

1990 2160 2038 2225 Β

2625 2093 2868 2148 EODEM
2911 2093 3162 2147 MENSE.

2710 2183 2814 2236 Die
2854 2182 3084 2236 decima

2067 2271 2219 2324 179
2270 2271 2552 2326 Certamen
2599 2277 2916 2326 sanctorum
2961 2270 3337 2339 apostolorum
3388 2286 3458 2324 ea:
3507 2275 3724 2339 septua-

2137 2344 2608 2413 ginta,01y~mp03,
2641 2343 2960 2410 Rhodionis,
3006 2341 3300 2412 Sosipatri,
3345 2343 3533 2412 Τθνιὶὶ,
3578 2343 3721 2396 Era-

2137 2416 2227 2478 sti,
2259 2419 2311 2468 et
2340 2417 2558 2478 Quarti.

2139 2539 2216 2592 Ex
2248 2539 2341 2593 his
2398 2540 2617 2594 sanctis
2674 2538 2960 2610 apostolis
3017 2537 3294 2608 Olympas
3351 2535 3614 2607 quidem,
3660 2539 3719 2591 et

2066 2628 2337 2683 Rhodion
2371 2633 2640 2684 sanctum
2671 2628 3006 2700 apostolum
3036 2629 3274 2682 Petrum
3304 2627 3513 2692 secuti,
3544 2624 3717 2680 ambo

2065 2718 2264 2772 Romae
2287 2733 2320 2772 a
2343 2719 2568 2772 Nerone
2587 2718 2797 2788 capitis
2815 2717 3100 2781 damnati,
3123 2722 3373 2770 mortem
3393 2715 3714 2787 oppetiere.

2064 2807 2362 2878 Sosipater
2390 2813 2609 2874 autem,
2670 2807 2841 2878 cujus
2894 2807 2955 2861 in
3002 2805 3260 2876 Epistola
3310 2804 3384 2859 ad
3417 2806 3716 2859 Romanos

2064 2901 2305 2950 sanctus
2327 2895 2630 2967 apostolus
2653 2896 2873 2950 Paulus
2895 2893 3378 2958 meminit,Iconii
3400 2893 3715 2963 episcopus

2062 2984 2272 3052 factus,
2305 2985 2366 3040 in
2398 3001 2541 3056 pace
2569 2984 2806 3055 quievit.
2844 2986 3023 3038 Porro
3055 2981 3304 3050 Tertius,
3339 2982 3508 3052 cujus
3535 2995 3716 3050 opera

2065 3079 2305 3130 sanctus
2337 3074 2553 3129 Paulus
2584 3075 2646 3128 in
2679 3071 2993 3129 scribenda
3021 3070 3094 3126 ad
3128 3073 3422 3126 Romanos
3454 3069 3715 3140 Epistola

2062 3180 2204 3218 usus
2234 3164 2366 3232 fuit,
2401 3163 2696 3219 secundus
2745 3168 2880 3234 post
2936 3162 3300 3233 Sosipatrum
3333 3158 3712 3214 renuntiatus

2061 3254 2245 3309 Iconii
2277 3254 2610 3325 episcopus,
2670 3253 2744 3309 ad
2799 3253 3118 3308 Dominum
3148 3251 3437 3323 migravit.
3471 3252 3712 3305 Erastus

2061 3360 2218 3413 vero,
2241 3343 2412 3416 cujus
2433 3345 2496 3399 in
2522 3343 2730 3399 eadem
2751 3343 3016 3415 Epistola
3039 3341 3198 3397 idem
3223 3340 3524 3412 apostolus
3549 3357 3714 3395 men-

2063 3435 2286 3490 tionem
2333 3435 2495 3503 facit,
2539 3436 2799 3507 primum
2849 3433 3401 3504 Hierosolymitanm
3444 3432 3718 3486 Ecclesia;

308 3519 472 3573 αὐτοῦ
505 3517 558 3572 ἐν
587 3521 659 3591 τῇ
707 3517 844 3592 αὐτῇ
903 3518 1202 3594 Ἐπιστολῇ
1252 3521 1525 3594 μέμνηται
1559 3523 1588 3577 ὁ
1619 3522 1768 3595 ἅγιος
1802 3525 1951 3580 Παῦ-

2069 3541 2429 3592 mconomus,
2462 3524 2677 3580 deinde
2709 3523 3000 3579 Paneadis
3033 3523 3343 3593 cpiscopus
3374 3527 3629 3588 creatus,
3654 3521 3716 3576 in

307 3605 402 3668 λος
429 3605 726 3679 οῗκονόμος
781 3615 883 3677 τῆς
930 3607 981 3663 ἐν
1029 3607 1436 3684 Ἱεροσολύμοις
1500 3610 1826 3682 Ἑκκλησίας
1855 3633 1952 3688 γε·

304 3697 478 3771 γονὼς
509 3743 525 3768 ,
606 3697 694 3751 καὶ
785 3698 923 3770 μετὰ
977 3702 1142 3753 ταῦτα
1204 3698 1499 3762 ἐπίσκοπος
1549 3699 1836 3772 Πανεάδος,
1897 3701 1950 3758 ἐν

307 3784 494 3860 εἰρήνῃ
555 3782 872 3856 ἐτελειώθη.
930 3792 984 3840 Ὁ
1041 3785 1099 3842 δὲ
1153 3785 1448 3863 Κούαρτος,
1505 3787 1796 3853 ἐπίσκοπος
1852 3799 1953 3861 τῆς

304 3872 521 3934 πόλεως
558 3878 812 3949 Βηρυτοῦ
864 3873 1180 3951 γενόμενος,
1230 3876 1320 3932 καὶ
1379 3877 1566 3934 πολλά
1594 3880 1777 3936 παθὼν
1816 3882 1950 3957 ὑπὲρ

301 3968 396 4031 τῆς
440 3958 746 4032 εὐσεϐείας,
806 3961 1092 4026 πλείστους
1117 3985 1175 4019 τε
1204 3968 1311 4019 τῶν
1364 3965 1645 4037 Ἐλλήνων
1701 3966 1948 4043 ἐπιστρὲ-

303 4054 399 4124 ψας
430 4050 523 4106 ἐπὶ
545 4052 639 4107 τὸν
671 4049 890 4127 Κύριον,
922 4051 1066 4106 τέλει
1102 4051 1226 4128 βίου
1255 4051 1551 4129 ἐχρήσατο.

857 4182 1041 4239 ΜΗΝΙ
1080 4187 1164 4237 ΤΩ
1196 4184 1396 4240 ΔΥΤΩ.

1090 4271 1180 4328 ια’

298 4373 581 4448 ’Δθλησις
648 4379 752 4454 τῶν
822 4374 992 4454 ἁγίων
1056 4377 1343 4454 μαρτύρων
1401 4383 1588 4454 Μηνᾶ,
1651 4377 1950 4454 Βίκτωρος,

715 4448 1020 4520 Βικεντίου,
1058 4448 1158 4506 καὶ
1217 4448 1560 4528 Στεφανίδος.

370 4574 430 4630 Ὀ
465 4573 562 4644 μὲν
624 4573 776 4649 ἅγιος
832 4571 1255 4648 μεγαλομάρτυς
1316 4575 1510 4644 Μηνᾶς
1574 4575 1820 4651 ὑπῆρχεν
1861 4574 1948 4632 ἐπὶ

2063 3629 2205 3684 pace
2237 3614 2509 3669 decessit.
2565 3615 2817 3679 Quartus
2874 3611 3134 3680 denique
3177 3610 3368 3679 Beryti
3400 3608 3563 3664 urbis
3595 3610 3719 3680 epi-

2063 3720 2278 3775 scopus
2303 3704 2512 3771 factus,
2546 3708 2861 3774 postquam
2921 3699 3109 3755 multa
3148 3715 3253 3769 pro
3313 3699 3530 3769 pietate
3586 3713 3713 3768 per-

2062 3807 2272 3863 pessus
2291 3791 2932 3864 fuisset,p1urimosque
2955 3789 3290 3842 Graecorum
3313 3786 3385 3840 ad
3410 3786 3724 3841 Dominum

2062 3883 2474 3954 convertisset,
2506 3882 2625 3938 vita
2655 3881 2898 3936 functus
2930 3883 3038 3934 est.

2619 4184 2862 4241 EODEM
2907 4183 3161 4240 MENSE.

2668 4275 2769 4329 Die
2796 4272 3116 4328 undecima

2063 4385 2217 4441 180
2283 4386 2568 4442 Certamen
2629 4389 2945 4438 sanctorum
3012 4385 3321 4448 martyrum
3384 4381 3579 4445 M61103,
3620 4378 3715 4433 Vi-

2380 4460 2566 4524 ctoris,
2603 4456 2898 4519 Vincentii,
2931 4459 2981 4506 et
3018 4450 3392 4520 Stephanidis.

2137 4583 2384 4636 Sanctus
2413 4597 2664 4653 magnus
2712 4584 2937 4648 martyr
2969 4578 3187 4642 Menas,
3218 4572 3572 4628 Maximiano
3605 4571 3720 4626 im-

308 4663 644 4735 Μαξιμιανοῦ
680 4666 777 4718 τοῦ
838 4663 1126 4737 βασιλέως,
1185 4663 1246 4719 ἐκ
1301 4668 1402 4735 τῆς
1457 4665 1765 4741 Αἰγυπτίων
1826 4669 1944 4742 χώο

2069 4677 2354 4743 peratore,
2412 4688 2483 4726 ex
2536 4672 2779 4740 Egypto
2850 4667 2979 4721 fuit.
3041 4665 3306 4734 Cumque
3363 4661 3426 4715 in
3485 4662 3717 4750 Cotymo

312 4769 420 4823 ρας,
479 4748 814 4826 στρατιώτης
868 4747 941 4804 ὤν
999 4755 1100 4806 τοῦ
1159 4752 1486 4828 Νουμερίου,
1537 4753 1588 4808 ἐν
1642 4755 1943 4828 Κοτυαείῳ,

313 4837 458 4893 πόλει
512 4841 776 4914 Φρυγίας.
829 4841 1091 4905 Γνωσθείς
1121 4839 1179 4896 δὲ
1210 4845 1530 4915 Χριστιανὸς
1562 4846 1720 4914 εἶναι,
1749 4843 1944 4900 τύπτει

314 4947 392 4980 ται
418 4925 682 5005 σφοδρῶς,
723 4929 810 4983 καὶ
872 4930 1061 5000 ξέεται.
1123 4932 1224 4986 Καὶ
1283 4931 1417 5004 μετά
1473 4935 1640 4987 ταῦτα
1688 4932 1818 5007 πυρὶ
1848 4953 1949 4988 κα-

315 5015 645 5093 ταρλὲγεταιο
724 5018 811 5072 καὶ
900 5017 1114 5095 σύρεται
1172 5019 1352 5075 ἐπάνω
1432 5016 1709 5097 τριϐόλων
1761 5022 1944 5094 ὀξέων.

320 5104 437 5160 Εἶτα
455 5107 552 5174 τὴν
593 5103 682 5161 διὰ
739 5106 924 5183 ξίφους
972 5105 1188 5183 δέχεται
1255 5107 1546 5179 τελευτὴν.
1610 5112 1672 5168 Ὁ
1703 5108 1760 5165 δέ
1791 5112 1943 5187 ἅγιος

323 5193 507 5270 Βίκτωρ
565 5197 809 5272 ὑπῆρχεν
867 5195 955 5252 ἐπὶ
1013 5197 1340 5256 ’Δντωνίνου
1404 5200 1696 5274 βασιλέως,
1729 5201 1820 5256 καὶ
1854 5207 1945 5256 Σε-

322 5275 583 5339 ϐαστιανοῦ
667 5282 864 5350 δουκὸς
940 5286 993 5341 ἐν
1081 5287 1304 5360 Ἰταλίᾳ.
1385 5290 1682 5366 Κρατηθεὶς
1737 5287 1794 5344 δὶ
1853 5291 1944 5345 καὶ

323 5369 645 5447 ἀναγκασθεὶς
703 5374 1034 5449 ἀρνήσασθαι
1088 5377 1180 5432 τὸν
1231 5378 1484 5449 Χριστὸν,
1537 5379 1627 5434 καὶ
1692 5379 1767 5450 μὴ
1825 5400 1943 5434 πει-

326 5461 464 5532 σθεὶς,
521 5462 868 5539 ἐξαρθροῦται
924 5465 1051 5528 τοὺς
1121 5463 1466 5538 δακτύλους,
1526 5467 1617 5522 καὶ
1681 5466 1942 5542 βάλλεται

326 5549 387 5609 εἷς
436 5553 655 5625 κάμινον
691 5597 704 5610 .
793 5554 926 5609 Εἶτα
980 5555 1254 5624 ποτίζεται
1317 5553 1632 5631 δηλητήρια
1689 5557 1946 5635 φάρμακα

326 5643 450 5714 παρὰ
480 5645 671 5719 μάγου·
715 5644 806 5697 καὶ
871 5642 1040 5715 μηδὲν
1099 5643 1376 5716 ἀδικηθεὶς
1424 5651 1574 5701 ποιεῖ
1627 5647 1718 5701 τὸν
1773 5647 1941 5724 μάγον

323 5732 643 5802 Χριστιανόν,
694 5731 983 5808 ὀρυχθείς
1042 5730 1102 5790 δὲ
1129 5732 1259 5797 τοὺς
1319 5733 1664 5810 ὀφθαλμοὺς,
1721 5737 1824 5808 τὴν
1852 5757 1941 5793 κε-

2056 4761 2323 4832 Phrygiaa
2358 4759 2502 4813 urbe
2565 4757 2672 4812 sub
2731 4755 3007 4811 Numerio
3067 4756 3342 4818 mereret,
3378 4750 3516 4805 ﬁdei
3557 4749 3722 4805 Chri-

2060 4849 2266 4903 stiana)
2315 4863 2493 4903 causa
2550 4845 2848 4900 dirissime
2901 4844 3266 4910 verberatur,
3322 4846 3380 4895 et
3410 4839 3722 4895 excarnifi-

2057 4943 2244 4993 catur.
2305 4936 2528 4992 Deinde
2588 4934 2707 5007 igni
2765 4934 3094 4998 ambustus,
3151 4949 3220 4987 ac
3277 4947 3454 5002 super
3509 4935 3714 4984 acutas

2056 5027 2302 5082 testulas
2360 5030 2712 5097 pertractus,
2772 5023 2968 5096 gladio
3027 5029 3346 5094 percussus
3411 5019 3712 5074 occubuit.

2056 5117 2304 5171 Sanctus
2333 5119 2533 5170 autem
2561 5114 2758 5169 Victor
2787 5113 3090 5168 Antonino
3123 5111 3481 5182 imperatore
3521 5124 3589 5162 ac
3620 5107 3716 5162 Se-

2053 5205 2322 5261 bastiano
2348 5204 2533 5258 Italiae
2567 5203 2715 5259 duce
2767 5203 3000 5258 elaruit.
3051 5200 3525 5271 Comprehensus
3551 5212 3710 5264 vero,

2055 5295 2472 5365 Christumque
2499 5294 2732 5366 ejurare
2753 5292 3118 5364 compulsus,
3138 5307 3271 5346 cum
3294 5289 3461 5344 nulla
3479 5287 3709 5342 ratione

2055 5385 2127 5439 ad
2169 5384 2228 5439 id
2258 5383 2459 5439 induci
2491 5388 2712 5454 posset,
2736 5383 2954 5438 luxatis
2983 5381 3302 5453 digitorum
3333 5377 3618 5444 articulis,
3643 5376 3708 5430 in

2053 5473 2356 5529 fornacem
2412 5473 2762 5544 projicitur:
2823 5471 3037 5526 deinde
3103 5468 3309 5524 lethali
3365 5468 3706 5538 pharmace,

2053 5563 2211 5633 quod
2238 5562 2350 5617 sibi
2373 5578 2408 5617 a
2426 5578 2597 5635 mago
2628 5565 2967 5633 porrectum
2996 5559 3207 5627 fuerat,
3241 5557 3545 5623 exhausto,
3577 5553 3712 5608 nul-

2051 5653 2229 5722 loque
2285 5667 2528 5722 prorsus
2587 5651 2805 5706 damno
2865 5651 3133 5715 affectus,
3180 5663 3417 5718 magum
3446 5644 3519 5700 ad
3549 5641 3710 5698 Chri-

2053 5747 2210 5797 stum
2241 5741 2565 5796 convertit:
2601 5739 2786 5795 erutis
2835 5739 3077 5794 demum
3124 5737 3335 5804 oculis,
3367 5733 3555 5805 capite
3584 5729 3708 5799 ple'
