4140 6302
413 372 528 434 155

1729 373 2158 438 MENOLOGH
2204 375 2402 435 PARS
2448 376 2497 436 Ι.

3709 375 3826 434 156

411 505 609 560 ctitur.
644 508 723 561 Ea
752 522 848 561 res
878 505 1311 578 inspectantem
1343 512 1609 564 sanctam
1640 507 2061 580 Stephanidem

2175 504 2356 583 φαλήν
2415 505 2799 580 ἀποτέμνεται.
2855 508 2922 564 ἸΙ
2997 504 3057 562 δὲ
3113 506 3240 582 ἁγία
3294 508 3575 584 Στεφανὶς,
3635 507 3820 582 ὁρῶσα

411 595 614 662 movit,
641 600 707 648 ut
755 612 1050 650 summam
1110 597 1297 652 sancti
1349 597 1696 652 felicitatem
1723 598 1960 653 efferret
1995 613 2061 652 ac

413 684 783 756 praedicaret.
843 685 1238 750 Quamobrem
1295 688 1744 758 comprehensa,
1779 691 1956 757 atque
1987 686 2061 742 ad

416 773 563 827 duas
585 773 833 844 palmas,
857 791 988 846 quae
1020 775 1079 829 in
1113 792 1296 830 unum
1325 781 1610 830 contortae
1642 776 1896 843 fuerant,
1931 776 2067 830 alli-

414 869 569 935 gata,
627 865 892 936 praecisis
949 872 1192 936 repente
1245 867 1519 935 vinculis,
1579 868 1639 922 in
1691 867 1838 922 duas
1869 871 2066 938 partes

415 953 725 1008 scinditur.
763 953 976 1008 Eodem
1026 954 1120 1008 die
1179 961 1417 1010 sanctus
1454 956 1796 1011 Vincentius
1827 956 1889 1009 in
1919 955 2063 1009 urbe

412 1043 693 1113 Augusta,
753 1043 914 1113 quod
978 1043 1349 1098 Christianus
1412 1049 1587 1112 esset,
1645 1049 1936 1111 retentus,
1991 1042 2067 1099 ad

411 1131 680 1201 ejusdem
718 1133 883 1189 urbis
940 1133 1218 1205 praafecto
1275 1134 1466 1205 capite
1520 1134 1856 1201 damnatus,
1890 1151 1921 1190 e
1950 1133 2068 1190 vita

413 1222 684 1279 excessit.

1055 1381 1276 1438 Eodem
1308 1383 1423 1439 die.

413 1487 556 1542 181
599 1489 1048 1555 Commemoratio
1103 1495 1284 1547 sancti
1339 1493 1524 1547 Patris
1565 1493 1741 1546 nostri
1774 1491 2064 1561 Theodori,

551 1564 800 1630 prefecti
830 1563 1168 1618 celeberrimi
1201 1566 1521 1619 monasterii
1551 1564 1916 1619 Studitarum.

480 1686 594 1738 Iste
616 1687 1001 1742 Constantino
1024 1687 1328 1743 Caballino
1351 1689 1708 1760 imperatore
1731 1689 2060 1744 Constanti-

411 1775 614 1845 nopoli
673 1781 866 1843 natus,
901 1779 1167 1833 scientiis
1212 1778 1488 1833 omnibus
1520 1779 1864 1846 instructus,
1897 1780 2064 1833 Irene

2169 599 2356 664 ταῦτα,
2417 594 2506 650 καὶ
2567 595 2908 670 μακαρίσασα
2958 597 3048 651 τὸν
3105 594 3278 672 ἅγιον,
3337 596 3646 669 ἐκρατήθη.
3708 595 3813 652 Καὶ

2173 680 2384 738 δεθεῖσα
2445 683 2541 739 δύο
2602 686 2829 762 φοίνιξιν
2881 683 3269 749 ἑπικλινθεῖσιν
3328 683 3646 755 αλλήλοις,
3706 685 3820 739 εἶτα

2172 771 2515 840 ἀπολυθεῖσι,
2547 769 2861 847 διεμερίσθη
2896 772 2972 836 εἰς
3008 770 3128 830 δύο.
3160 773 3221 831 Ὁ
3253 771 3310 828 δὲ
3340 772 3492 849 ἅγιος
3523 772 3822 843 Βικὲντιος,

2170 866 2285 914 κατ’
2333 860 2498 930 αὐτὴν
2557 863 2656 930 τήν
2706 863 2916 938 ἡμέραν
2983 861 3292 938 κρατηθεὶς,
3352 862 3426 924 ώς
3472 863 3822 938 Χριστιανὸς,

2172 949 2222 1005 ἐν
2259 951 2566 1026 Αὐγουστίᾳ
2591 957 2662 1027 τῇ
2692 953 2874 1025 πόλει,
2926 955 3073 1030 παρὰ
3102 958 3197 1010 τοῦ
3225 961 3324 1025 τῆς
3354 953 3570 1016 πόλεως
3622 952 3828 1030 ἄρχον-

2170 1062 2266 1104 τος
2298 1043 2395 1112 τήν
2427 1042 2668 1120 κεφαλὴν
2699 1043 3012 1118 ἀπετμήθη.

2739 1389 2818 1460 Τῇ
2867 1386 3004 1460 αὐτῇ
3040 1385 3240 1460 ἡμέρα.

2173 1493 2380 1564 Μνήμη
2402 1495 2500 1546 τοῦ
2531 1491 2685 1568 ὁσίου
2716 1493 2925 1568 Πατρὸς
2956 1496 3116 1564 ἡμῶν
3172 1489 3478 1568 Θεοδώρου,
3508 1489 3821 1566 ἡγουμένου

2382 1569 2484 1634 τῆς
2516 1561 2881 1639 εὐαγεστάτης
2917 1561 3092 1638 μονῆς
3129 1569 3236 1619 τῶν
3272 1561 3600 1621 Στουδιτῶν.

2242 1687 2366 1745 Ἐπὶ
2400 1694 2502 1758 τῆς
2537 1687 2818 1764 βασιλείας
2847 1694 3253 1744 Κωνσταντινου
3307 1693 3405 1744 τοῦ
3465 1683 3820 1743 Καϐαλλίνου

2170 1776 2237 1845 ἦν
2295 1775 2450 1839 οὗτος
2508 1776 2560 1831 ἐν
2622 1778 3193 1834 Κωνσταντινουπόλει
3269 1778 3581 1852 γεννηθεὶς,
3636 1782 3814 1833 πᾶσαν

413 1864 742 1935 imperante
774 1868 833 1921 in
868 1867 1246 1924 Saccudionis
1275 1869 1703 1924 monasterium
1735 1869 1998 1935 secessit,
2033 1886 2061 1924 ε]

2175 1862 2232 1920 δὲ
2263 1871 2462 1940 γνῶσιν
2495 1871 2602 1922 τῶν
2641 1870 2978 1940 μαθημάτων
3035 1867 3308 1941 ἐκμαθὼν,
3366 1867 3454 1922 ἐπὶ
3499 1871 3600 1932 τῆς
3661 1869 3825 1942 βασι-

413 1953 610 2008 divino
644 1955 884 2011 Platone
915 1959 1244 2012 monachus
1287 1958 1496 2027 factus,
1532 1965 1590 2014 et
1633 1976 1665 2014 a
1703 1959 1938 2014 Tarasio
1971 1974 2068 2028 pa-

412 2045 667 2099 triarcha
706 2046 1017 2117 presbyter
1055 2047 1382 2102 ordinatus.
1415 2049 1560 2104 Cum
1611 2052 1808 2102 autem
1841 2048 2064 2102 tricesi-

411 2150 576 2188 mum
616 2135 806 2189 aetatis
852 2153 1075 2191 annum
1134 2142 1352 2209 ageret,
1388 2137 1657 2208 ejusdem
1715 2137 2064 2192 monasterii

413 2222 727 2293 praefectus
759 2230 991 2280 creatus
1023 2231 1131 2282 est.
1155 2226 1265 2281 Sed
1288 2243 1423 2281 cum
1447 2227 1820 2298 imperatoris
1843 2226 2067 2282 adulte-

411 2312 568 2366 rium
583 2311 822 2384 indigne
835 2313 1523 2379 ferret,Thessalonicam
1539 2315 2067 2387 relegatumpostea

415 2401 486 2456 ab
547 2405 715 2457 Irene
773 2404 1146 2475 imperatrice
1203 2412 1526 2472 revocatus,
1561 2406 1634 2460 ob
1666 2406 2066 2474 excursiones,

417 2509 565 2562 quas
587 2493 861 2548 Saraceni
883 2493 1198 2561 faciebant,
1224 2495 1283 2548 in
1301 2495 1522 2566 regiam
1544 2494 1752 2549 urbem
1775 2495 2064 2566 migravit,

414 2585 473 2636 et
529 2581 959 2636 monasterium
1019 2581 1204 2637 Studii
1263 2582 1712 2655 gubernandum
1784 2585 2061 2654 suscepit.

421 2671 631 2724 Verum
683 2687 717 2726 a
775 2672 1104 2742 Nicephoro
1156 2673 1536 2743 imperatore,
1569 2673 1668 2742 qui
1701 2673 1762 2726 in
1796 2673 2067 2744 Bulgaria

413 2759 612 2829 periit,
629 2759 836 2814 eadem
859 2760 930 2814 de
955 2776 1131 2815 causa
1155 2777 1356 2816 rursus
1377 2761 1569 2815 solum
1592 2766 1818 2816 vertere
1839 2761 2067 2832 cogitur

411 2848 672 2902 Tandem
704 2849 778 2902 ob
811 2865 1009 2904 sacras
1059 2850 1347 2922 imagines
1378 2867 1412 2905 a
1442 2851 1632 2906 Leone
1672 2851 2064 2906 Iconomacho

410 2935 628 2991 iterum
679 2938 996 3011 relegatus,
1030 2956 1162 2994 cum
1223 2939 1411 2994 multa
1448 2939 1682 2994 fortiter
1710 2957 1815 3012 pro
1849 2940 2064 3012 pietate

407 3025 1424 3099 subiissetcertamina,hymnosque
1439 3029 1498 3083 in
1512 3029 1696 3084 Deum
1708 3029 2063 3100 scripsisset,

407 3113 471 3169 in
503 3121 766 3172 extrema
797 3122 1100 3172 senectute
1131 3119 1403 3190 migravit
1439 3118 1513 3174 ad
1545 3119 1882 3174 Dominum.

959 3454 1204 3510 EODEM
1246 3456 1496 3511 MENSE.

975 3561 1080 3617 Die
1119 3563 1491 3619 duodecima.

408 3699 560 3758 182
609 3703 1064 3759 Commemoratio
1120 3708 1298 3760 sancti
1347 3707 1528 3761 Patris
1584 3703 1761 3761 nostri
1806 3706 2058 3773 Martini,

961 3777 1211 3831 Franciae
1241 3779 1504 3847 episcopi.

475 3915 578 3968 Hic
607 3915 840 3970 Juliano
872 3916 1228 3987 imperatore
1267 3934 1336 3972 ex
1381 3921 1564 3974 Roma
1593 3918 1722 3986 fuit,
1759 3919 1874 3974 dux
1907 3919 2056 3974 mili-

405 4007 534 4056 tum
566 4005 844 4072 primum,
879 4003 1093 4059 deinde
1132 4013 1448 4076 conspecta
1480 4008 1769 4062 instructa
1799 4009 2060 4062 hostium

409 4091 814 4155 multitudine,
847 4093 1186 4148 vehementi
1219 4100 1378 4149 metu
1409 4097 1748 4166 corripitur.
1783 4097 1895 4151 Sed
1925 4114 2059 4151 cum

408 4178 637 4234 nudum
658 4196 979 4250 pauperem
1000 4188 1164 4252 parte
1187 4183 1536 4255 chlamydis,
1561 4201 1739 4254 quam
1771 4186 2055 4257 gestabat,

405 4268 672 4336 texisset,
704 4267 911 4323 eadem
955 4276 1126 4325 nocte
1169 4271 1455 4327 Dominus
1483 4278 1641 4328 veste
1673 4274 1949 4345 pauperis
1975 4275 2063 4328 in-

408 4355 586 4410 dutus
627 4358 902 4429 apparuit
930 4360 1003 4426 ei,
1037 4359 1278 4415 dicens:
1313 4363 1390 4414 Ne
1422 4361 1631 4416 timeas
1659 4378 1670 4414 :
1705 4362 1859 4416 sicut
1898 4362 2059 4417 enim

408 4448 472 4500 tu
503 4445 733 4501 nudum
753 4464 848 4502 me
877 4463 1253 4520 nequaquam
1277 4449 1617 4520 despexisti,
1643 4451 1723 4505 ita
1745 4456 1802 4504 et
1832 4466 1936 4522 ego
1962 4469 2060 4506 ero

407 4539 625 4604 tecum,
658 4542 717 4592 et
758 4538 1064 4593 victoriam
1111 4553 1182 4592 ex
1231 4539 1347 4594 tuis
1407 4539 1676 4594 hostibus
1705 4540 2059 4610 reportabis.

2173 1954 2321 2017 λείας
2354 1955 2617 2030 Εἰρήνης,
2679 1957 2929 2011 ἀπελθὼν
2991 1955 3041 2011 ἐν
3075 1961 3142 2029 τῇ
3179 1953 3592 2016 Σακκουδίωνος
3652 1961 3822 2030 μονῇ,

2173 2043 2275 2099 ὑπὸ
2305 2049 2402 2099 τοῦ
2423 2044 2570 2108 θείου
2618 2045 2782 2100 αὐτοῦ
2835 2044 3126 2109 Πλάτωνος
3173 2045 3365 2121 γέγονε
3422 2046 3686 2120 μοναχὸς,
3729 2045 3822 2100 καὶ

2170 2133 2316 2208 παρὰ
2362 2133 2634 2208 Ταρασίου
2664 2134 3007 2210 πατριάρχου
3070 2139 3466 2210 χειροτονεῖται
3523 2129 3828 2210 πρεσϐύτε-

2171 2243 2283 2298 ρος.
2337 2224 2487 2293 Εἶτα,
2517 2220 2937 2298 τριακονταέτης
2995 2219 3092 2293 ὧν,
3125 2223 3330 2299 γίνεται
3385 2224 3474 2278 καὶ
3507 2223 3824 2299 ἡγούμενος

2168 2317 2268 2381 τῆς
2301 2312 2391 2367 ὑπ’
2428 2310 2586 2368 αὐτὸν
2652 2320 2846 2386 μονῆςο
2907 2311 3202 2387 Ἐξωρίσθη
3255 2311 3314 2367 δὲ
3370 2309 3446 2374 εἰς
3495 2310 3824 2368 Θεσσαλονί-

2169 2422 2295 2475 κῃν,
2330 2399 2419 2456 διὰ
2448 2402 2510 2456 τὸ
2570 2404 2646 2475 μὴ
2703 2403 2982 2467 συνθέσθαι
3011 2405 3078 2475 τῇ
3114 2401 3338 2476 μοιγείᾳ
3366 2404 3462 2456 τοῦ
3525 2401 3823 2476 βασιλέως,

2171 2489 2297 2546 ἀλλ’
2329 2489 2601 2561 ἀνεκλήθη
2655 2489 2818 2546 πάλιν
2873 2491 3018 2567 παρᾶ
3045 2497 3144 2561 τῆς
3205 2490 3524 2566 βασιλίσσης
3557 2490 3824 2565 Εἰρήνης.

2177 2585 2216 2632 Κ
2260 2579 2273 2596 “
2307 2577 2333 2633 δ
2374 2581 2386 2597 ⁸
2469 2581 2483 2598 “
2593 2585 2618 2595 ⁹
2956 2585 2984 2595 ”’
3064 2579 3072 2597 ’
3344 2581 3358 2600 ‘
3622 2580 3644 2614 ν’

2223 2601 2276 2633 αι
2344 2601 2396 2633 ια
2423 2600 2520 2648 την
2553 2601 2660 2634 των
2692 2587 3024 2654 Σαρακηνων
3049 2577 3266 2658 ἔφοδον,
3297 2601 3397 2647 την
3423 2577 3821 2654 βασιλεδουσαν

2169 2664 2597 2740 καταλαμϐάνει,
2637 2668 2726 2724 καὶ
2759 2668 2921 2724 πάλιν
2965 2667 3254 2744 ἐξορίζεται
3305 2670 3450 2742 παρᾶ
3499 2669 3823 2746 Νικηφόρου

2171 2752 2462 2830 λαμϐάνει,
2519 2759 2608 2812 καὶ
2666 2757 2832 2814 πάλιν
2915 2757 3205 2832 ἒξορίζεται
3294 2757 3439 2830 παρᾶ
3502 2757 3822 2834 Νικηφόρου

2173 2845 2441 2922 βασιλέως
2467 2851 2568 2901 τοῦ
2599 2845 2884 2924 σφαγέντος
2929 2845 2981 2901 ἐν
3041 2845 3372 2923 Βουλγαρίᾳ,
3431 2845 3520 2900 ἐπὶ
3549 2849 3618 2919 τῇ
3651 2847 3826 2919 ὁμοίᾳ

2172 2934 2465 2991 ὑποθέσει.
2551 2936 2680 2991 Εἶτα
2737 2934 3030 3011 ἐξορίζεται
3088 2933 3178 2990 διὰ
3239 2935 3334 2996 τὰς
3395 2934 3547 3008 ἀγίας
3607 2934 3822 2998 εἰκόνας

2171 3021 2255 3078 ἐπὶ
2292 3025 2521 3086 Λέοντος
2551 3027 2651 3078 τοῦ
2711 3023 3119 3100 Εἷκονομάχου.
3161 3023 3265 3079 Καὶ
3319 3021 3506 3079 πολλὰ
3559 3043 3823 3097 τιμωρη-

2169 3110 2281 3172 θεὶς
2338 3109 2469 3186 ὐπέρ
2548 3117 2647 3180 τῆς
2733 3107 3027 3181 εὐσεϐείας,
3097 3110 3188 3166 καὶ
3246 3110 3677 3186 ἀγωνισάμενος,
3727 3110 3823 3166 καὶ

2171 3195 2373 3270 ὕμνους
2410 3198 2486 3260 εἷς
2535 3201 2664 3254 Θεὸν
2721 3201 3188 3276 συγγραψάμενος,
3250 3198 3301 3255 ἓν
3360 3199 3644 3274 βαθυτάτῳ
3672 3200 3823 3276 γήρᾳ

2089 3267 2132 3335 C
2171 3267 2308 3363 πρὸς
2341 3287 2537 3362 Κύριον
2572 3267 2926 3362 ἐξεδήμήσεν.

2733 3450 2912 3505 MHNI
2934 3453 3017 3502 ΤΩ
3043 3450 3240 3506 ΑΥΤΩ.

2949 3556 3032 3611 IB'

2167 3701 2372 3772 Μνήμη
2405 3702 2504 3753 τοῦ
2533 3696 2683 3752 ὁσίου
2717 3697 2924 3822 [Ich
2965 3699 3125 3788 ἡμῶν
3170 3697 3468 3772 Μαρτίνου,
3513 3695 3821 3750 ἐπισκόπου

2891 3788 3138 3822 οαγγιας.

2891 3788 3138 3843 ραγγιας.

2237 3915 2410 3981 Οὗτος
2465 3916 2532 3986 ἦν
2605 3915 2688 3970 ἐπὶ
2753 3911 3054 3971 ’[ουλιανοῦ
3111 3917 3208 3969 τοῦ
3271 3911 3540 3988 βασιλέως
3596 3911 3655 3966 ἐκ
3707 3918 3814 3981 τῆς

2165 4007 2412 4079 Ῥώμης,
2466 4003 2844 4080 στρατηλάτης
2895 4005 3157 4077 πρότερον
3231 4003 3516 4079 ὑπάρχων.
3580 4002 3717 4056 Ποτὲ
3757 3998 3820 4055 δὶ

2167 4095 2218 4150 ἐν
2279 4094 2514 4167 πολέμῳ
2569 4091 2699 4148 ἰδὼν
2760 4089 2977 4162 πλῆθος
3034 4091 3254 4166 ἄπειρον
3289 4136 3303 4161 ,
3362 4089 3658 4159 ἐδειλίασε,
3717 4088 3817 4143 καὶ

2167 4185 2497 4256 θεασάμενος
2554 4182 2776 4258 πτωχὸν
2835 4182 3080 4256 γυμνὸν,
3138 4180 3312 4255 κόψας
3367 4179 3431 4234 τὸ
3483 4180 3656 4251 ἥμισυ
3713 4185 3821 4247 τῆς

2163 4270 2454 4348 χλαμύδος
2511 4271 2701 4337 αὐτοῦ,
2756 4267 2985 4325 δέδωκεν
3037 4269 3204 4342 αὐτῷ.
3252 4268 3356 4325 Καὶ
3378 4272 3446 4342 τῇ
3478 4268 3613 4341 αὐτῇ
3661 4266 3821 4322 νυιιτὶ

2165 4363 2403 4435 παρέστη
2435 4358 2584 4432 αὐτῷ
2615 4361 2642 4414 ὁ
2675 4359 2875 4433 Κύριος
2905 4359 2956 4413 ἒν
2990 4356 3120 4414 εἷ’δει
3170 4362 3268 4413 τοῦ
3328 4361 3582 4432 πτωχοῦ,
3616 4355 3822 4431 λέγων·

2167 4452 2258 4519 Μὴ
2293 4449 2508 4522 άθύμει’
2547 4447 2728 4523 ὣσπερ
2787 4448 2848 4502 σὺ
2905 4449 3108 4521 γυμνὸν
3143 4446 3206 4502 οὗ
3235 4444 3484 4520 παρεῖδές
3531 4466 3615 4518 με,
3671 4445 3820 4500 οὕτω

2165 4539 2318 4614 κάγὼ
2349 4533 2541 4612 ἔσομάι
2595 4539 2728 4607 μετᾶ
2786 4541 2902 4606 σοῦ,
2950 4537 3041 4592 καὶ
3097 4538 3339 4607 νικήσεις
3396 4534 3522 4598 τοὺς
3578 4533 3818 4610 ἐχθρούς

406 4624 550 4679 Cum
581 4625 780 4697 itaque
807 4627 1065 4694 vicisset,
1097 4632 1274 4699 atque
1305 4628 1376 4683 ab
1409 4629 1765 4700 imperatore
1806 4629 2059 4701 benigne

2172 4649 2282 4685 σου.
2317 4630 2560 4698 Νικήσας
2619 4627 2734 4696 οὗν,
2792 4627 2879 4681 καὶ
2941 4622 3267 4700 ἀποδεχθεὶς
3296 4626 3440 4701 παρᾶ
3496 4628 3592 4678 τοῦ
3654 4625 3814 4699 βασι-

408 4720 684 4784 acceptus
732 4715 960 4785 fuisset,
1018 4718 1234 4791 gratias
1293 4718 1410 4774 Deo
1466 4733 1668 4790 agens,
1729 4719 2055 4774 monachus

409 4802 684 4858 efficitur.
718 4806 856 4861 Post
908 4813 1133 4878 septem
1185 4825 1373 4864 annos
1435 4826 1570 4864 cum
1603 4826 1841 4865 omnem
1874 4826 2054 4865 sacrm

407 4892 723 4963 Scripturaa
736 4895 1046 4952 scientiam
1059 4897 1299 4953 assidua
1310 4899 1694 4954 meditatione
1707 4904 2061 4954 consecutus

408 4987 585 5050 esset,
618 4984 877 5038 Franciae
927 4987 1240 5057 episc0pus
1289 4988 1615 5043 ordinatur.
1658 4991 1838 5045 Porro
1869 4988 2058 5043 multa

408 5070 596 5125 edidit
623 5071 912 5128 miracula
937 5089 950 5127 :
985 5073 1143 5129 inter
1172 5080 1385 5131 caatera
1409 5093 1545 5132 cum
1577 5078 1925 5133 offendisset
1953 5077 2055 5132 ali-

407 5160 642 5231 quando
673 5161 1068 5219 feneratorem
1099 5164 1522 5236 impedientem
1554 5169 1873 5238 quominus
1903 5184 2056 5223 mor-

405 5255 542 5304 tuus
575 5251 818 5321 quidam
876 5253 1246 5323 humaretur,
1293 5255 1452 5327 quod
1511 5272 1645 5312 eum
1689 5262 1911 5312 certam
1943 5257 2055 5312 sibi

403 5343 674 5412 pecunias
725 5360 1020 5400 summam
1077 5345 1291 5401 debere
1348 5347 1602 5415 diceret;
1664 5354 1870 5404 contra
1920 5364 2056 5403 vero

405 5433 623 5486 mortui
654 5449 803 5488 uxor
859 5435 1267 5501 contenderet,
1315 5453 1555 5493 omnem
1596 5437 1685 5491 illi
1742 5438 2056 5508 pecuniam

408 5519 664 5576 solutam
722 5538 890 5592 esse;
947 5525 1221 5596 precibus
1281 5526 1353 5582 ad
1411 5528 1596 5582 Deum
1638 5525 1786 5581 fusis
1817 5531 2056 5581 sanctus

2167 4717 2328 4786 λὲως,
2361 4716 2760 4791 εὐχαριστήσας
2789 4719 2870 4787 τῷ
2903 4719 3039 4786 Θεῷ,
3078 4715 3270 4789 γέγονε
3314 4712 3578 4788 μοναχός.
3610 4707 3818 4769 Ἑϐδο-

2169 4827 2268 4878 μον
2303 4803 2358 4861 δὲ
2390 4802 2644 4866 διανύσας
2693 4805 2918 4879 χρόνον,
2950 4803 3040 4859 καὶ
3071 4809 3242 4858 πᾶσαν
3301 4803 3518 4879 Γραφὴν
3577 4799 3816 4874 μελετή-

2164 4899 2709 4971 σις,γειροτονεῖται
2769 4893 3064 4956 ἐπίσκοπος
3123 4890 3419 4969 Φραγγῖας.
3477 4891 3574 4946 Καὶ
3634 4890 3812 4946 ἐποίει

2166 4985 2416 5058 θαύματα
2443 4981 2649 5040 πολλά.
2683 4984 2768 5039 Ἐν
2796 4988 2893 5056 μιᾷ
2921 4984 3025 5058 γὰρ
3061 4980 3171 5038 εἶδε
3200 4979 3482 5051 δανειστὴν
3513 4981 3823 5055 κρατοῦντα

2163 5077 2378 5150 νεκρὸν,
2407 5073 2497 5128 καὶ
2533 5075 2608 5147 μή
2643 5077 3038 5150 συγχωροῦντα
3064 5079 3299 5151 ταφῆναι
3334 5115 3352 5144 ,
3382 5071 3529 5128 ἀλλᾶ
3559 5069 3816 5148 λέγοντα,

2166 5164 2271 5234 ὅτι,
2311 5167 2584 5240 Χρεωστεῖ
2617 5184 2709 5232 μοι
2767 5162 3204 5237 οὗτοςχρυσίον,
3260 5161 3349 5217 καὶ
3403 5167 3505 5231 τῆς
3562 5162 3824 5236 γυναικὸς

2163 5258 2260 5310 τοῦ
2291 5253 2541 5315 θανόντος
2576 5251 2862 5328 λεγούσης,
2920 5250 3025 5320 ὅτι,
3059 5249 3418 5325 Ἐπληρώθη·
3450 5249 3828 5325 προσευξάμε-

2165 5363 2253 5405 νος
2297 5343 2325 5397 ὁ
2352 5343 2506 5418 ἅγιος
2553 5341 2810 5412 ἀνέστησε
2864 5341 2955 5396 τὸν
3011 5341 3223 5412 νεκρὸν,
3281 5343 3371 5395 καί
3402 5336 3568 5410 ἔδειξε
3595 5338 3688 5392 τὸν
3725 5360 3821 5394 συ-

2165 5445 2440 5509 modum
2471 5428 2824 5504 ψευδόμενον.
2859 5430 3099 5500 Ποιήσας
3130 5425 3188 5483 δὶ
3229 5427 3321 5483 καὶ
3373 5425 3534 5503 ἕτερα
3564 5425 3822 5500 θαύματα

2164 5519 2371 5588 πολλὰ,
2393 5517 2706 5590 ἐτελειώθη.

404 5613 704 5666 mortuum
735 5611 809 5667 ad
838 5614 1016 5670 vitam
1046 5616 1358 5686 revocavit,
1389 5621 1448 5672 et
1477 5615 1906 5688 sycophantam
1943 5612 2239 5671 mendacii
2277 5609 2488 5683 arguit.
2521 5609 2782 5667 Tandem
2803 5609 2936 5667 aliis
2966 5608 3241 5681 plurimis
3271 5608 3520 5681 patatris
3559 5607 3821 5666 miracu-

403 5695 500 5767 lis,
532 5711 563 5754 e
593 5700 710 5756 vita
739 5699 1011 5760 decessit.
