4140 6302
401 371 517 432 159

1718 375 2139 440 MENOLOGII
2187 371 2389 432 PARS
2431 370 2478 430 Ι.

3687 375 3808 436 160

399 503 582 558 frater
609 504 953 560 vulneribus
985 507 1216 574 eadem,
1246 525 1363 580 qua
1418 512 1543 582 ipse
1593 529 1780 567 cassus
1839 512 2048 575 fuerat,

2178 505 2254 558 cev
2284 499 2626 578 βασιλίσκον,
2656 499 2743 552 καὶ
2774 497 2866 552 τὸν
2912 494 3142 574 ἀδελφὸν
3203 498 3386 568 αὐτοῦ,
3447 500 3552 569 ὅτι,
3609 500 3809 578 Αὔριον

401 595 547 649 hora
576 596 982 652 conciderent.
1044 601 1233 664 Quare
1290 603 1698 658 vehementius
1747 602 2048 664 commoti,

403 681 728 754 discipulos
779 687 906 755 ejus
957 688 1181 742 tamdiu
1240 689 1494 744 fustibus
1534 692 1877 757 contudere,
1909 691 2051 744 dum

403 774 633 829 animas
668 776 916 830 Domino
961 779 1282 834 traderent.
1319 782 1608 836 Postridie
1639 789 1858 846 autem,
1883 782 2055 850 juxta

405 864 592 918 sancti
623 865 1090 934 praedictionem,
1113 868 1325 924 fratres
1355 871 1418 924 in
1448 871 1632 926 furias
1661 872 1798 936 acti,
1832 870 2052 925 mutuis

407 970 535 1008 sese
567 953 911 1010 vulneribus
943 957 1270 1012 coniecere.

1038 1257 1256 1312 Eodem
1309 1258 1424 1313 die.

404 1363 556 1419 186
591 1365 872 1419 Certamen
921 1371 1232 1420 sancto-rum
1279 1375 1585 1435 martyrum
1634 1369 1922 1432 Antonini,
1953 1369 2052 1422 Ni-

755 1436 1000 1505 cephori,
1028 1441 1304 1504 Germani,
1327 1446 1377 1492 et
1407 1441 1695 1493 sociorum.

479 1561 818 1616 Antoninus
843 1566 1066 1633 martyr
1081 1569 1388 1633 provectus
1403 1565 1530 1635 jam
1549 1570 1751 1633 astate;
1775 1565 2058 1636 Nicepho-

407 1667 509 1705 rus
540 1657 826 1721 autem,et
851 1653 1176 1708 Germanus
1202 1654 2054 1727 adolescentes,comprehensi

410 1756 444 1794 a
473 1741 730 1811 regionis
763 1741 1061 1811 praefecto,
1089 1759 1222 1796 cum
1246 1742 1422 1798 idolis
1447 1745 1781 1800 sacriﬁcare
1805 1744 2056 1812 nollent,

2161 593 2297 646 κατὰ
2351 586 2514 659 τήνδε
2570 590 2667 657 τήν
2725 586 2869 660 ὥραν
2931 587 3019 640 ὑπ’
3076 585 3341 656 ἀλλήλων
3391 593 3809 666 φονευθήσεσθε.

2162 683 2341 736 Ταῦτα
2400 677 2670 742 εἰπόντος,
2728 675 3066 751 ὀργισθέντες
3117 675 3144 730 ό
3201 697 3258 732 τε
3315 678 3630 751 βασιλίσκος
3658 681 3748 736 καὶ
3781 684 3809 737 ὁ

2163 768 2397 846 ἀδελφὸς
2427 767 2591 822 αὐτοῦ
2625 766 2756 839 μετά
2805 764 2979 836 ξύλων
3035 764 3324 828 τύπτοντες
3384 767 3633 838 ἀνηλεῶς
3680 771 3810 833 τοὺς

2168 859 2408 932 μαθητὰς
2451 861 2544 912 τοῦ
2591 856 2744 932 αγίου
2802 855 3112 932 ἐφόνευσαν.
3173 857 3271 910 Καὶ
3333 857 3504 920 οὕτως
3562 858 3812 934 παρέδω-

2163 969 2258 1002 καν
2297 947 2391 1008 τὰς
2474 946 2655 1021 ψυχὰς
2736 944 2911 999 αὐτῶν
2995 948 3074 1016 τῷ
3131 945 3336 1020 Κυρίῳ.
3397 947 3546 1003 Κατά
3604 947 3660 1004 δδ
3711 951 3810 1018 τὴν

2164 1039 2475 1115 πρόρῥησιν
2502 1042 2604 1092 τοῦ
2665 1036 2822 1111 ἁγίου
2884 1038 3132 1108 μανέντες
3191 1038 3242 1091 οἱ
3295 1034 3390 1092 δύο
3439 1036 3666 1116 ἀδελφοὶ
3695 1042 3816 1095 κατ’

2165 1127 2456 1200 ἀλλήλων,
2487 1125 2774 1197 ἀλλήλους
2807 1125 3119 1203 ἐφόνευσαν.

2760 1257 2837 1328 Τῇ
2868 1255 3006 1326 αὐτῇ
3038 1252 3220 1330 ἡμέρᾳ

2165 1361 2430 1432 ,ιΑθλησις
2450 1365 2564 1452 τῶν
2598 1357 2762 1448 ἁγίων
2786 1361 3072 1452 μαρτύρων
3099 1359 3814 1452 ἈνττνωνίνουζΝικηφόρου,

2450 1429 2746 1508 Γερμανοῦ,
2786 1429 2876 1486 καὶ
2918 1429 3016 1500 τῆς
3050 1429 3298 1493 συνοδίας
3328 1432 3526 1489 αὐτῶν.

2238 1557 2556 1616 Ἀντωνῖνος
2590 1556 2618 1608 ὁ
2667 1553 2868 1629 μάρτυς
2919 1553 3137 1628 ὑπῆρχε
3189 1555 3288 1623 τὴν
3334 1552 3554 1618 ἡλικίαν
3611 1550 3817 1630 προϐεο

2167 1642 2353 1716 δηκὼς
2392 1689 2405 1715 ,
2463 1646 2491 1699 ὁ
2578 1641 2636 1698 δὲ
2717 1645 3024 1722 Νικηφόρος
3097 1643 3189 1697 καὶ
3243 1643 3271 1698 ὁ
3328 1645 3602 1718 Γερμανὸς
3675 1647 3808 1702 νέοι.

2169 1737 2532 1809 Κρατηθέντες
2566 1732 2623 1788 δὲ
2657 1734 2759 1788 ὑπὸ
2805 1737 2900 1788 τοῦ
2954 1739 3054 1802 τῆς
3125 1733 3314 1807 χώρας
3374 1731 3664 1807 ἄρχοντος,
3722 1735 3818 1788 καὶ

409 1827 529 1882 imo
561 1829 859 1884 Christum
908 1830 1354 1899 conﬁterentur,
1388 1833 1448 1887 in
1492 1833 1640 1888 urbe
1669 1835 1934 1889 Caesarea
1960 1851 2058 1889 ca-

2178 1823 2684 1899 ιιαταναγκασθέντες
2734 1825 2886 1876 θῦσαι
2914 1827 3030 1883 τοῖς
3087 1819 3366 1891 εἰδώλοις,
3422 1822 3510 1877 καὶ
3559 1823 3636 1895 μὴ
3694 1844 3821 1878 πει-

404 1916 526 1987 pite
566 1917 924 1988 plectuntur.
985 1920 1155 1991 Virgo
1203 1925 1401 1976 autem
1457 1921 1751 1992 quaedam,
1785 1924 2055 1978 Manetho

2178 1914 2394 1982 τθέντες,
2454 1913 2580 1967 ἀλλ’
2621 1912 3025 1986 ὁμολογοῦντες
3068 1911 3158 1965 τὸν
3214 1911 3468 1985 Χριστὸν,
3498 1914 3594 1976 τὰς
3647 1933 3820 1991 κεφα-

407 2005 672 2073 nomine,
705 2007 1206 2078 Scythopolitana,
1234 2011 1666 2081 comprehensa
1686 2018 1743 2066 et
1774 2013 1922 2084 ipsa,
1954 2030 2062 2083 per

408 2100 594 2150 totam
624 2095 831 2150 urbem
863 2096 1023 2151 nuda
1067 2099 1429 2154 traducitur:
1481 2100 1699 2156 deinde
1729 2101 1974 2158 diversis
2000 2103 2061 2156 in

407 2183 554 2238 locis
586 2185 949 2256 gravissimis
980 2187 1286 2258 suppliciis
1310 2190 1660 2256 excruciata,
1688 2197 1746 2246 et
1774 2191 1845 2246 ab
1869 2193 2060 2246 omni-

408 2273 518 2327 bus
551 2273 651 2327 Dei
679 2273 970 2329 beneflcio
1029 2283 1250 2347 erepta,
1313 2284 1369 2332 et
1425 2279 1743 2334 incolumis
1787 2281 2062 2350 evadens,

412 2376 546 2415 cum
581 2360 770 2414 multa
809 2362 1096 2417 miracula
1143 2369 1452 2433 patrasset,
1483 2366 1893 2437 plurimosque
1925 2367 2065 2420 infi-

410 2449 634 2504 delium
677 2449 853 2503 verbo
887 2451 987 2504 Dei
1019 2451 1338 2508 instructos
1371 2455 1443 2509 ad
1476 2455 1789 2509 Dominum
1823 2472 2063 2510 conver-

409 2539 599 2606 tisset,
632 2538 873 2593 demum
931 2539 1052 2610 igni
1111 2540 1410 2607 damnata,
1463 2543 1524 2597 in
1574 2543 2060 2599 ardentissimam

409 2627 731 2694 fornacem,
794 2643 968 2683 orans
1041 2635 1100 2683 et
1165 2632 1382 2702 gratias
1431 2649 1630 2704 agens,
1693 2633 2060 2705 ingreditur:

414 2717 614 2788 ibique
647 2733 754 2787 per
781 2717 998 2771 multas
1030 2717 1208 2772 horas
1239 2719 1300 2774 in
1349 2721 1615 2776 oratione
1659 2738 2066 2793 perseverans,

417 2822 653 2861 sacrum
687 2805 926 2860 tandem
985 2806 1260 2877 spiritum
1317 2809 1377 2863 in
1435 2826 1648 2865 manus
1689 2812 1791 2866 Dei
1821 2812 2067 2867 viventis

415 2894 679 2950 tradidit.

973 3200 1218 3256 EODEM
1258 3202 1509 3257 MENSE.

911 3305 1014 3360 Die
1067 3305 1298 3362 decima
1337 3313 1567 3380 quarta.

413 3395 560 3452 187
598 3393 864 3449 Dormitio
919 3396 1099 3469 sancti
1153 3397 1571 3469 Patrisinostri
1627 3400 1862 3469 Hypatii
1905 3400 2064 3455 thauo

766 3468 1034 3535 maturgi,
1067 3469 1310 3536 episc0pi
1339 3468 1707 3538 Gangrorum.

486 3590 589 3646 Hic
621 3605 774 3644 unus
804 3588 917 3643 fuit
945 3605 1017 3644 ex
1059 3591 1340 3645 trecentis
1387 3591 1593 3648 decem
1626 3599 1684 3648 et
1715 3599 1845 3649 octo
1876 3595 2068 3650 Patri-

413 3678 544 3744 bus,
577 3677 680 3748 qui
718 3675 792 3731 ad
839 3677 1138 3732 Nicmnam
1188 3677 1502 3750 synodum,
1535 3681 1920 3736 Constantino
1948 3683 2067 3737 Ma-

413 3785 526 3842 gno
547 3767 924 3838 imperatore,
944 3766 1226 3822 adversus
1247 3767 1602 3824 delirantem
1624 3771 1829 3826 Arium
1850 3787 2066 3827 conve-

413 3866 652 3918 nerunt.
678 3860 748 3914 Et
767 3859 940 3930 plura
966 3859 1208 3929 quidem
1226 3861 1515 3916 miracula
1536 3861 1758 3929 edidit;
1793 3862 1896 3918 sed
1919 3861 2066 3917 illud

415 3951 478 4004 in
523 3949 734 4021 primis
761 3948 1145 4003 memorabile
1188 3954 1296 4016 est,
1353 3951 1511 4020 quod
1543 3968 1673 4006 cum
1708 3957 2066 4023 portentoszn

416 4035 841 4108 magnitudinis
863 4035 1038 4090 draco
1065 4036 1128 4090 in
1154 4038 1431 4092 aararium
1463 4038 1770 4109 imperiale
1800 4041 2069 4112 irrepsis-

418 4132 528 4193 set,
561 4139 887 4193 omnesque
917 4123 988 4178 ab
1021 4124 1291 4195 ingressu
1321 4126 1713 4196 propuls‘aret,
1748 4129 2070 4184 accersitus

417 4214 490 4269 ab
539 4214 921 4282 imperatore,
970 4210 1118 4266 fusis
1165 4213 1462 4282 precibus,
1511 4215 1682 4270 illum
1730 4217 2068 4272 interfecit:

410 4302 594 4374 jussit
626 4301 786 4355 enim
816 4315 1023 4370 rogum
1067 4299 1129 4353 in
1178 4299 1304 4354 foro
1355 4302 1623 4370 accendi,
1656 4308 1714 4358 et
1751 4305 2071 4361 draconem

420 4408 490 4447 ex
533 4390 739 4445 aerario
800 4388 1098 4454 eductum,
1159 4389 1453 4460 virgasque
1509 4393 1858 4459 summitati,
1893 4412 2070 4465 quam

420 4482 704 4554 Hypatius
755 4477 1013 4544 tenebat,
1073 4477 1374 4533 mordicus
1430 4479 1844 4549 inhaarentem,
1896 4489 2073 4554 atque

421 4575 793 4642 sequentem,
826 4568 890 4622 in
921 4566 1116 4638 ignem
1151 4566 1376 4637 injecit.
1437 4568 1584 4622 Hinc
1633 4568 1954 4640 imperator
2004 4572 2064 4627 in

419 4660 607 4730 ipsius
638 4657 829 4712 aerarii
861 4655 1025 4710 aditu
1075 4655 1396 4727 imaginem
1438 4657 1628 4711 sancti
1660 4666 1930 4716 accurate
1963 4661 2062 4716 de-

421 4749 583 4822 pingi
617 4747 933 4803 mandavit.
969 4748 1252 4818 Hypatius
1277 4763 1411 4802 vero
1445 4748 1516 4803 ad
1545 4748 1867 4805 Ecclesiam
1901 4769 2070 4808 suam

420 4856 712 4906 reversus,
747 4837 1201 4893 Novatianorum
1259 4838 1671 4894 hmreticorum
1707 4841 1939 4897 insidiis
1972 4842 2070 4897 in-

422 4931 758 4986 terimitur:
802 4946 941 4984 nam
1001 4945 1036 4982 a
1089 4928 1340 4983 muliere
1393 4929 1648 4998 quadam
1683 4948 1819 4987 saxo
1853 4933 1912 4988 in
1945 4934 2074 5006 ejus

422 5025 600 5092 caput
628 5019 912 5090 projecto,
949 5017 1126 5088 hujus
1171 5017 1302 5071 vita)
1336 5019 1628 5088 ergastulo
1662 5020 1964 5090 liberatus,
2001 5023 2072 5079 ad

424 5111 660 5168 cceleste
691 5123 939 5181 regnum
970 5105 1235 5161 avolavit.

1064 5230 1284 5287 Eodem
1323 5230 1438 5287 die.

425 5327 577 5384 188
607 5325 1053 5395 Commemoratio
1089 5323 1268 5395 sancti
1323 5323 1556 5395 apostoli
1602 5324 1875 5395 Philippi,
1907 5330 2073 5383 unius

888 5412 958 5451 ea:
1006 5393 1293 5448 duodecim
1333 5393 1611 5463 apostolis.

498 5525 906 5596 Philippus,ex
922 5521 1236 5577 duodecim
1259 5519 1543 5590 apostolis
1566 5521 2078 5588 unus,Bethsaida3

431 5616 492 5671 in
523 5615 763 5670 Galileea
788 5619 983 5678 natus,
1010 5615 1145 5682 post
1169 5608 1404 5664 Domini
1436 5608 2080 5678 ascensionem,multis

429 5704 734 5762 miraculis
765 5702 961 5770 editis,
993 5700 1244 5772 Trajano
1303 5697 1684 5770 imperatore,
1719 5698 2080 5772 Hierapolim

2170 2002 2272 2065 λάς
2327 2002 2379 2057 ἐν
2441 2001 2728 2074 Καισαρείᾳ
2783 2000 3196 2073 ἀπετμήθησαν.
3261 2001 3532 2075 Παρθένος
3599 1999 3658 2056 δέ
3713 2023 3820 2066 τις.

2171 2090 2392 2148 Μανεθὼ
2449 2089 2754 2166 λεγομένη,
2817 2089 3064 2163 ὑπῆρχεν
3124 2087 3181 2143 ἐκ
3240 2089 3655 2152 Σκυθοπόλεως.
3717 2092 3823 2147 Καὶ

2170 2185 2516 2256 κρατηθεῖσα,
2565 2178 2786 2234 καὶάνά
2833 2183 3004 2232 πᾶσαν
3057 2179 3154 2247 τήν
3210 2178 3373 2234 πόλιν
3432 2174 3827 2252 θριαμϐεῦθεῖ-

2171 2291 2235 2324 σα
2289 2271 2504 2344 γυμνὴ,
2566 2271 2681 2323 εἷτα
2731 2269 3109 2341 τιμωρηθεῖσα
3159 2267 3210 2321 έν
3263 2265 3548 2344 διαφόροις
3605 2269 3826 2338 τόποις,

2171 2366 2389 2433 πικραῖς
2451 2357 2756 2433 βασάνοις,
2830 2356 2918 2412 καὶ
3004 2356 3063 2410 ἐκ
3144 2355 3358 2411 πάντων
3437 2363 3572 2412 Θεοῦ
3632 2359 3822 2434 χάριτι

2173 2447 2440 2523 ῥυσθεῖσα,
2499 2447 2588 2501 καὶ
2649 2441 2896 2513 ἀϐλαϐὴς
2959 2442 3300 2518 διαμείνασα,
3361 2448 3525 2520 μυρία
3571 2469 3629 2502 τε
3687 2449 3826 2502 θαυ-

2176 2538 2613 2611 ματουργήσασα,
2663 2535 2752 2589 καὶ
2805 2533 3052 2596 πολλοὺς
3107 2539 3215 2590 τῶν
3272 2533 3510 2590 ἀπίστων
3562 2539 3822 2612 κατηχή-

2173 2647 2304 2680 σασα
2333 2626 2423 2680 τὸν
2471 2623 2641 2700 λόγον
2692 2629 2790 2678 τοῦ
2848 2629 3002 2694 Θεοῦ,
3052 2623 3140 2678 καὶ
3193 2623 3553 2699 ἐπιστρέψασα
3611 2625 3698 2680 ἐπὶ
3729 2627 3824 2680 τὸν

2176 2714 2392 2788 Κύριον,
2477 2712 2788 2768 τελευταῖον
2864 2712 3154 2788 κατεκρίθη
3240 2713 3370 2788 πυρὶ
3435 2713 3821 2783 τελειωθῆναι’

2173 2805 2262 2860 καὶ
2300 2811 2399 2873 τῆς
2450 2803 2682 2876 καμίνου
2721 2803 3068 2880 ἀναφθείσης,
3121 2801 3406 2876 εὐξαμένη,
3462 2804 3551 2858 καὶ
3601 2803 3826 2879 εὔχαρι-

2175 2896 2436 2964 στήσασα,
2477 2891 2726 2961 εἰσῆλθεν
2786 2890 2838 2946 έν
2897 2890 3056 2965 αὐτῇ·
3114 2891 3205 2946 καὶ
3259 2891 3311 2946 έν
3358 2896 3427 2966 τῇ
3484 2894 3699 2966 καμίνῳ
3731 2893 3825 2948 ἐπὶ

2173 2982 2413 3045 πολλαῖς
2461 2988 2579 3044 ταῖς
2639 2982 2806 3057 ὥραις
2861 2982 3305 3057 προσευχομένη,
3361 2986 3424 3037 τὸ
3481 2982 3625 3059 ἱερὰν
3655 2983 3828 3049 αὐτῆς

2175 3072 2437 3148 παρέθετο
2467 3074 2680 3144 πνεῦμα
2711 3069 2786 3132 εἷς
2816 3075 3007 3147 χεῖρας
3038 3074 3172 3125 Θεοῦ
3205 3074 3424 3141 ζῶντος.

2740 3195 2921 3252 ΜΗΝΙ
2972 3200 3056 3250 ΤΩ
3087 3196 3266 3252 ΑΥΤΩ

2952 3307 3030 3356 ΙΔ¹

2167 3395 2230 3450 Ἡ
2260 3392 2520 3466 κοίμησις
2545 3395 2642 3446 τοῦ
2673 3390 2724 3446 ἐν
2758 3389 2949 3466 ἁγίοις-
2972 3391 3182 3466 Πατρὸς
3227 3393 3389 3462 ἡμῶν
3443 3391 3695 3449 Ὑπατίου
3722 3397 3821 3448 τοῦ

2453 3462 2900 3538 Θαυματουργοῦ,
2933 3462 3230 3518 ἐπισκόπου
3253 3469 3532 3540 Γαγγρῶν.

2239 3591 2407 3654 Οὗτος
2457 3590 2702 3664 ὑπῆρχεν
2763 3588 2836 3650 εἷς
2895 3587 2954 3642 έκ
3003 3591 3111 3643 τῶν
3167 3587 3489 3663 τριακοσίων
3550 3585 3677 3645 δέκα
3723 3590 3816 3646 καὶ

2169 3681 2313 3736 ὀκτὼ
2371 3677 2620 3752 Πατέρων
2654 3723 2670 3750 ,
2729 3681 2834 3732 τῶν
2895 3675 2948 3732 ἐν
3004 3676 3199 3748 Νικαίᾳ
3255 3676 3622 3733 συνελθόντων
3679 3678 3819 3735 κατὰ

2167 3769 2383 3845 Ἀρείου
2412 3771 2512 3822 τοῦ
2566 3765 2983 3842 ματαιόφρονος,
3044 3765 3132 3820 ἐπὶ
3177 3768 3276 3834 τῆς
3330 3766 3610 3842 βασιλείας
3667 3771 3821 3826 Κων.

2171 3858 2451 3914 σταντίνου
2498 3854 2594 3911 τοῦ
2638 3855 2916 3928 Μεγάλου.
2967 3855 3229 3926 Ἐποίησε
3273 3852 3332 3910 δὶ
3387 3854 3634 3929 θαύματα
3680 3855 3823 3912 πολ-

2173 3946 2263 4016 λά,
2297 3947 2348 4019 έξ
2381 3947 2455 4000 ὧν
2487 3939 2540 4000 ἔν
2572 3945 2808 4018 ὑπάρχει
2860 3943 2949 3998 καὶ
2981 3947 3166 3998 τοῦτο⁹
3212 3945 3519 4019 Δράκοντος
3579 3945 3823 4022 μεγάλου

2174 4035 2323 4107 έντῷ
2350 4033 2561 4107 ταμείῳ
2601 4037 2709 4088 τῶν
2753 4031 3051 4106 βασιλικῶν
3104 4033 3410 4108 ’χρημάτων
3465 4033 3628 4098 ποθὶν
3662 4033 3831 4110 εἰσερ-

2175 4129 2488 4190 πύσαντος,
2576 4122 2666 4177 καὶ
2750 4119 3009 4176 εἰσελθεῖν
3071 4123 3146 4194 μή
3207 4125 3626 4198 συγχωροῦντός
3692 4145 3828 4197 τινι,

2175 4212 2527 4289 προσεκλήθη
2571 4213 2716 4285 ποιρά
2743 4216 2840 4267 τοῦ
2875 4210 3168 4286 βασιλέως·
3203 4211 3294 4265 καὶ
3348 4215 3584 4283 ποιήσας
3629 4213 3826 4288 εὐχὴν.

2178 4304 2499 4359 ἐθανάτωσεν
2557 4301 2714 4357 αὐτὸν
2766 4300 3066 4376 προστάξας
3119 4299 3171 4355 ἐν
3228 4305 3308 4372 τῷ
3375 4303 3530 4376 φόρῳ
3577 4303 3826 4378 γενέσθαι

2177 4394 2372 4467 πυρὰν,
2421 4392 2512 4446 καὶ
2544 4391 2650 4446 απὸ
2687 4388 2783 4446 τοῦ
2815 4390 3044 4463 ταμείου
3098 4389 3188 4444 τὸν
3259 4387 3526 4466 δράκοντα
3583 4391 3825 4468 ἀγαγὼν,

2180 4480 2404 4536 δακόντα
2441 4482 2501 4535 τὸ
2553 4479 2715 4555 ἄκρον
2769 4484 2864 4534 τοῦ
2924 4473 3148 4554 ῥάϐδίου
3196 4478 3380 4551 αὐτοῦ,
3440 4481 3530 4535 καὶ
3588 4481 3830 4538 ἀκολου-

2181 4574 2396 4640 θοῦντα,
2454 4569 2543 4625 καὶ
2597 4567 2780 4645 βαλὼν
2840 4566 2892 4622 ἐν
2951 4567 3110 4640 αὐτῇ,
3161 4567 3252 4622 καὶ
3305 4569 3663 4632 κατακαύσαςο
3711 4571 3831 4636 ὅθεν

2184 4661 2234 4716 ἐν
2263 4665 2329 4735 τῇ
2363 4657 2556 4732 εἰσόδῳ
2601 4661 2697 4712 τοῦ
2726 4657 2950 4731 ταμείου
2982 4657 3009 4710 ὁ
3045 4655 3298 4730 βασιλεὺς
3346 4659 3446 4726 τῆν
3506 4658 3686 4714 εἶκονα
3730 4667 3831 4717 τοῦ

2180 4752 2335 4829 ἁγίου
2394 4750 2770 4827 ὲζωγράφησεν
2805 4793 2820 4805 .
2878 4747 3310 4823 Ὑποστρέψαντα
3366 4747 3424 4804 δὲ
3484 4751 3559 4813 εἰς
3614 4753 3713 4821 τὴν
3747 4755 3830 4808 οἱ-

2179 4841 2323 4896 κείαν
2378 4837 2702 4909 Ἐκκλησίαν
2759 4837 3045 4916 ἐφόνευσαν
3103 4838 3154 4891 οἱ
3204 4838 3470 4910 αἱρετικοὶ
3525 4842 3832 4898 Νοουατια-

2179 4928 2285 4984 νοί·
2340 4930 2474 5004 γυνή
2541 4927 2641 5000 γὰρ
2698 4925 2898 5002 ῥίψασα
2948 4924 3101 4980 λίθον
3160 4927 3295 4981 κατὰ
3336 4925 3579 5003 κεφαλῆς
3640 4929 3829 5004 αὐτοῦ,

2180 5021 2277 5086 τῆς
2301 5015 2485 5080 ἐνθάδε
2520 5016 2612 5088 μὲν
2679 5021 2822 5084 ζωῆς
2879 5012 3183 5088 ἀπήλλαξε,
3235 5017 3564 5091 προεξένησε
3594 5014 3650 5073 δὲ
3683 5021 3832 5093 αὐτῷ

2187 5105 2465 5182 βασιλείαν
2499 5104 2761 5181 οὐρανῶν.

2754 5233 2839 5304 Τῇ
2894 5227 3030 5302 αἶ’τῆ
3081 5229 3263 5305 ἡμέρᾳ

2185 5321 2392 5393 Μνήμη
2450 5323 2549 5374 τοῦ
2600 5314 3495 5394 ἁγίου-*ἀποστόλου..Φιλίπποψ
3554 5319 3671 5383 ἑνὸς
3725 5327 3833 5378 τῶν

2707 5385 2918 5444 δώδεκα
2962 5387 3311 5445 ἀποστόλων.

2260 5515 2540 5582 Φίλιππος
2569 5519 2597 5572 ὁ
2629 5518 2704 5580 εἷς
2729 5520 2837 5572 τῶν
2868 5512 3078 5572 δώδεκα
3133 5511 3477 5586 ἀποστόλων,
3507 5517 3574 5586 ἦν
3633 5517 3694 5574 ὲκ
3735 5524 3838 5587 τῆς

2188 5604 2490 5672 Γαλιλαίας
2527 5607 2634 5662 ἀπὸ
2665 5602 2958 5677 Βηθσαϊδᾶ.
3011 5603 3162 5662 Μετά
3216 5601 3272 5658 δὶ
3302 5605 3402 5674 τὴν
3435 5606 3705 5681 ἀνάληψιν
3736 5614 3836 5666 τοῦ

2191 5695 2394 5774 Κυρίου
2450 5694 2636 5754 πολλὰ
2693 5696 2940 5770 θαύματα
2997 5695 3252 5768 ποιήσας,
3302 5693 3391 5750 ἰπὶ
3419 5700 3684 5771 Τραϊανοῦ
3735 5703 3835 5755 τοῦ
