4140 6302
239 299 316 366 \bi
1769 311 2230 373 NOVEMBER.
3613 324 3735 384 162

274 437 504 522 ᾖοσιῗλὶως
529 443 936 518 παρεγένετο
995 446 1095 504 καὶ
1157 444 1232 510 είς
1287 443 1620 518 Ἱεράπολιν,
1683 442 1820 516 μετᾶ
1873 445 1981 496 τῶν

2103 443 2392 514 profectus
2451 451 2541 502 est
2592 465 2730 504 cum
2788 456 3016 522 septem
3075 452 3313 510 ﬁliabus
3358 456 3502 525 suis,
3535 461 3595 513 et
3621 459 3741 514 Ma-

281 535 378 591 ὶιτὰ
403 531 740 608 θυγατέρων
781 535 1022 607 αὐτοῦ,
1064 536 1156 592 καὶ
1208 537 1534 609 Μαριάμνης
1584 539 1684 603 τῆς
1735 529 1981 604 ἀδελφῆς

2103 533 2323 590 ΓίᾶΙΠΠθ.
2353 551 2553 591 sorore
2585 554 2711 605 sua,
2746 545 2922 610 atque
2971 543 3402 599 Bartholomaao
3448 547 3739 618 apostolo,

277 623 426 690 αὐτοῦ,
454 623 548 677 καὶ
595 625 1109 699 Βαρϐολομαίου
1165 628 1262 680 τοῦ
1319 621 1653 690 ἀποστόλου,
1714 618 1979 676 διδάσκων

2103 622 2312 679 docens
2342 625 2584 681 verbum
2616 628 2854 696 Christi,
2898 636 2956 685 et
3002 631 3277 688 inﬁdeles
3326 635 3398 690 ab
3448 635 3742 693 idolorum

270 712 534 787 τὸνλόγον
566 715 679 767 τοῖ’)
745 720 1068 790 Χριστοῦ,
1127 714 1216 769 καὶ
1277 715 1483 776 πείθων
1539 711 1665 773 τοὺς
1724 710 1983 770 ἀπίστους

2103 710 2440 768 seductione
2499 714 2847 772 abducens:
2901 719 3164 790 viperam
3247 724 3408 778 enim
3460 731 3745 795 tanquam

272 803 552 870 ἀποστῆναι
585 801 713 857 ἀπὸ
752 811 886 874 τῆς
925 804 1156 874 πλάνης
1186 808 1293 858 τῶν
1330 799 1602 858 ειδώλων.
1664 798 1832 873 Εἶχον
1881 797 1982 872 γὰρ

2103 800 2279 854 Deum
2309 803 2602 870 colebant,
2630 823 2660 860 e
2683 807 2898 877 quibus
2930 814 2988 863 et
3017 811 3306 867 Nicanore.
3337 819 3458 868 erat
3490 831 3748 885 procon-

275 890 336 952 ὡς
365 892 487 946 Θεὸν
519 891 626 959 τὴν
661 887 969 967 ἔχιδναν.
1006 895 1095 950 Ἐν
1131 893 1209 953 οἱς
1245 893 1310 960 ἦν
1359 890 1450 944 καὶ
1497 889 1794 960 Νικάνορα,
1845 886 1982 961 γυνή

2103 889 2240 943 sulis
2271 907 2438 947 uxor.
2468 895 2658 958 Quare
2692 913 2824 951 cum
2856 901 3228 968 proconsulis
3241 902 3414 972 jussu
3448 904 3750 959 Bartholo-

275 985 358 1036 τοῦ
395 978 753 1051 ἀνθυπάτου,
789 986 912 1037 τοῦ
969 981 1064 1036 καὶ
1118 981 1536 1055 τιμωρήσαντος
1587 975 1800 1037 αὐτούς.
1852 973 1986 1030 Εἶτα

2103 994 2299 1048 πιωιιε,
2335 987 2393 1035 et
2431 983 2739 1055 Philippus
2790 988 3110 1042 excruciati
3157 989 3429 1059 fuissent,
3465 998 3524 1046 et
3553 994 3742 1048 subli-

283 1076 538 1146 κρεμᾶται
581 1072 611 1127 δ
643 1071 1122 1147 Βαρθολομαῖος
1171 1069 1258 1125 καὶ
1308 1069 1336 1124 ὁ
1383 1067 1667 1128 Φίλιππος
1710 1065 1982 1154 κατα-κε-

2103 1067 2289 1123 mibus
2312 1086 2342 1124 e
2365 1087 2534 1126 muro
2559 1073 2809 1143 pedibus
2831 1076 3180 1146 penderent,
3209 1087 3412 1135 orante
3445 1083 3744 1154 Philippo,

288 1161 458 1238 σαλῆς
485 1161 597 1217 ἀπὸ
625 1165 737 1216 τοῦ
804 1161 1071 1236 τείχους.
1121 1159 1474 1236 Κρεμαμένου
1531 1155 1588 1211 δὲ
1632 1159 1729 1210 τοῦ
1780 1151 1986 1209 Φιλίπ-

2103 1159 2404 1228 repentino
2439 1164 2608 1216 terra)
2640 1162 2806 1218 hiatu
2853 1182 3061 1221 omnes
3105 1167 3264 1222 athei
3295 1186 3415 1224 una
3443 1187 3578 1225 cum
3607 1189 3747 1242 pro-

296 1223 564 1324 πολ-*καὶ
623 1223 1452 1326 προσευχιϐμένου,’ἐὲαίῖρνης
1509 1245 1744 1319 ἠνοίχθη
1797 1246 1832 1311 ἠ
1886 1247 1984 1316 γῆ,

2160 1223 2180 1228 _
3390 1223 3411 1224 η
3608 1223 3666 1242 Γ-
3688 1223 3707 1227 _

2103 1247 2359 1317 consule,
2393 1250 2608 1320 vipera,
2644 1253 2891 1324 ejusque
2926 1256 3332 1311 sacerdotibus
3362 1259 3556 1314 hausti
3581 1267 3742 1316 sunt.

300 1344 382 1398 καὶ
436 1341 666 1396 κατέπιε
720 1339 867 1403 τοὺς
929 1339 1142 1407 ἇθὲους,
1193 1336 1283 1392 καὶ
1338 1336 1432 1391 τὸν
1510 1333 1836 1401 ἀνθύπατον,
1893 1327 1984 1384 καὶ

312 1433 403 1502 τὴν
432 1427 682 1507 ἔχιδναν,
715 1429 818 1485 καὶ
851 1449 984 1490 τους
1043 1428 1207 1501 ἱερεῖς
1262 1423 1451 1494 αὐτῆς.
1513 1425 1644 1480 Εἶτα
1702 1418 1791 1474 διὰ
1847 1423 1986 1507 Χρι-

323 1523 440 1574 στοῦ
466 1506 833 1593 ἆνήχθησαν,
864 1515 1015 1585 πλὴν
1048 1519 1144 1570 τοῦ
1200 1512 1502 1578 ἀνθυπάτου
1557 1510 1647 1565 καὶ
1704 1515 1803 1577 τῆς
1862 1506 1983 1580 ἐχί-

327 1603 468 1676 δνης.
499 1604 716 1674 Ἑλῦθη
757 1602 819 1659 δὲ
850 1604 943 1659 καὶ
1001 1600 1442 1677 Βαρθολομαῖος,
1491 1597 1582 1653 καὶ
1613 1600 1648 1668 ἡ
1680 1595 1982 1672 Μαριάμνη

328 1699 428 1749 τῶν
459 1691 701 1767 δεσμῶν.
736 1694 805 1751 'O
844 1689 904 1747 δὶ
935 1689 1216 1752 Φίλιππος
1249 1687 1563 1757 ἐτελειώθη.

883 1834 1068 1890 ΜΗΝΙ
1103 1836 1188 1912 T9
1227 1837 1426 1908 arm.

1119 1942 1201 1996 lE’

329 2051 604 2122 νΛθλησις
633 2054 746 2125 τῷν
794 2050 965 2125 ἁγίων
1025 2045 1392 2125 δμολογητῶν
1451 2039 1985 2125 Γουρίαζριξιαμωνᾶη,

398 2109 510 2180 καῖ’
578 2109 853 2191 ’Ᾰϐίϐοψ⁸
953 2109 1410 2194 μαρτυρησάντων
1499 2109 1572 2170 ἐν’
1631 2109 1822 2186 Ἐδὲσῂ
1917 2111 1986 2182 τῇ

403 2197 595 2254 πόλει.

400 2325 570 2383 Οὗτοι
623 2322 878 2396 ὖπῆρχον
931 2317 1021 2373 ἐπὶ
1079 2313 1474 2386 Διοκλητιανοῦ
1532 2316 1629 2368 τοῦ
1692 2309 1984 2387 βασιλέως,

332 2415 419 2470 καὶ
447 2411 778 2471 Ἀντωνίνου
839 2407 1058 2470 δουκός.
1116 2406 1211 2461 Καὶ
1272 2399 1676 2474 διαϐληθέντες,
1717 2402 1811 2470 ⁸ὡς
1858 2401 1984 2463 τοὺς

340 2504 388 2558 ἐν
416 2507 487 2577 τῇ
549 2499 772 2577 φυλακῇ
832 2495 1194 2572 Χριστιανοὺς
1253 2491 1658 2569 θεραπεύοντες,
1717 2489 1986 2565 παρέστη-

339 2613 428 2646 σαν
481 2591 739 2664 Γουρίας,
795 2587 884 2642 καὶ
942 2589 1210 2658 Σαμωνᾶς
1264 2582 1323 2637 ἐκ
1376 2588 1478 2651 τῆς
1546 2580 1710 2650 αὐτῆς
1770 2577 1988 2642 πόλεως

341 2677 507 2752 ὄντες,
541 2680 636 2735 καὶ
669 2678 723 2733 ἂν
749 2678 894 2747 τάξει
945 2675 1132 2750 ἱερέων
1186 2674 1545 2748 ὑπάρχοντες.
1604 2671 1694 2738 Μὴ
1741 2671 1987 2734 πεισθέν-

341 2791 424 2831 τες
483 2773 579 2824 οὖν
637 2773 793 2832 θῦσαι
849 2770 966 2827 τοῖς
1028 2761 1306 2829 εἰδώλοις,
1385 2765 1690 2834 κρεμῶνται
1768 2756 1987 2820 ἕκαστος

343 2859 444 2914 ἀπὸ
467 2863 570 2923 τῆς
608 2863 736 2930 μιᾶς
768 2855 956 2931 χειρὸς
999 2853 1085 2908 ἐπὶ
1136 2853 1291 2907 πέντε
1349 2850 1540 2926 ὥραις.
1591 2850 1724 2906 Εἶτα
1770 2869 1986 2903 κατενε-

341 2948 580 3024 χθξντες,
612 2947 704 3001 καὶ
761 2944 1110 3018 ἐπιμὲνοντες
1163 2945 1229 3015 τῇ
1288 2939 1586 3015 ὁμολογίᾳ,
1643 2937 1805 2994 πάλιν
1861 2959 1988 3014 κρε-

345 3044 548 3112 parm:
601 3037 709 3091 ἀπὸ
760 3039 868 3089 τῶν
921 3029 1130 3089 ποδῶν.
1189 3031 1318 3086 Εἶτα
1373 3029 1425 3085 ἐν
1486 3029 1673 3102 λάκκῳ
1728 3033 1988 3100 σκοτεινῷ

339 3128 642 3204 ἀμφότεροι
678 3123 998 3199 βάλλονται,
1048 3121 1137 3175 καὶ
1200 3121 1332 3194 μετᾶ
1384 3123 1545 3174 τοῦτο
1599 3119 1694 3179 τὰς
1744 3116 1986 3194 κεφαλάς

2009 1826 2057 1892 Β

2094 1335 2316 1391 Deinde
2342 1338 2555 1393 Christi
2584 1340 2876 1396 beneﬁcio
2910 1360 3136 1412 omnes,
3169 1351 3387 1416 praater
3412 1365 3744 1418 praeconsu-

2095 1424 2212 1479 lem
2244 1431 2302 1480 et
2340 1427 2618 1498 viperam,
2676 1430 2740 1485 in
2796 1437 3067 1503 apertum
3119 1451 3393 1491 evasere:
3433 1438 3744 1510 solutoque

2095 1513 2559 1572 Bartholomaero
2591 1524 2650 1574 et
2672 1519 3016 1592 Mariamna,
3041 1523 3348 1596 Philippus
3370 1525 3487 1580 vita
3505 1526 3746 1584 functus

2095 1608 2204 1659 est.

2655 1838 2896 1893 EODEM
2932 1840 3183 1897 MENSE.

2591 1943 2694 1999 Die
2741 1944 2973 2002 decima
3019 1949 3246 2019 quinta.

2094 2045 2248 2102 189
2281 2047 2604 2128 Certamen"
2624 2058 2938 2128 sanctorum
2987 2059 3355 2123 confessorum
3408 2059 3611 2128 (iuriae,
3637 2061 3744 2116 Sa-

2164 2134 2356 2244 πιῖνιεε,
2390 2127 2444 2174 et
2473 2121 2663 2191 Abibi,
2725 2126 2824 2194 qui
2879 2127 2938 2179 in
2991 2121 3124 2182 urbe
3181 2127 3379 2183 Edessa
3417 2121 3747 2200 martyrium

2164 2205 2228 2244 su
2265 2208 2400 2244 iere.

2163 2205 2400 2248 sumere.

2163 2313 2264 2368 Isti
2316 2315 2682 2373 Diocletiano
2732 2318 3110 2391 imperatore,
3164 2327 3222 2378 et
3266 2325 3563 2381 Antonino
3597 2327 3747 2382 duce

2092 2402 2452 2460 claruerunt.
2488 2406 2674 2461 Delati
2705 2414 2924 2476 autem,
2960 2411 3116 2480 quod
3165 2412 3529 2470 Christianos
3557 2415 3619 2470 in
3644 2432 3745 2472 cu-

2094 2491 2287 2547 stodia
2315 2493 2578 2549 inclusos
2604 2503 2902 2566 curarent,
2924 2500 3151 2565 Gurias,
3176 2501 3444 2572 inquam,
3470 2508 3530 2558 et
3550 2503 3745 2559 Samo-

2091 2595 2220 2648 nas,
2253 2581 2350 2651 qui
2387 2599 2456 2637 ex
2485 2583 2693 2639 eadem
2725 2585 2871 2640 urbe
2905 2593 3095 2656 erant,
3127 2595 3185 2643 et
3215 2590 3276 2645 in
3307 2591 3514 2646 ordine
3547 2608 3740 2648 sacer-

2094 2668 2297 2724 dotum
2357 2673 2729 2741 censebatur,
2790 2692 2989 2732 coram
3048 2679 3195 2733 duce
3251 2681 3510 2747 adducti,
3544 2700 3738 2754 neque

2093 2757 2269 2812 idolis
2300 2761 2632 2816 sacrificare
2663 2763 2949 2831 volentes,
2984 2766 3269 2822 sublimes
3303 2785 3371 2822 ex
3398 2769 3585 2825 altera
3611 2777 3742 2826 tan-

2092 2846 2219 2898 tum
2244 2861 2426 2901 manu
2456 2847 2615 2901 horis
2643 2849 2907 2920 quinque
2926 2853 3282 2922 pependere.
3307 2856 3529 2910 Deinde
3561 2858 3742 2929 depo-

2093 2930 2208 2994 siti,
2243 2948 2376 2986 cum
2424 2932 2486 2986 in
2535 2934 2908 2990 confessione
2957 2939 3366 3008 persisterent,
3400 2941 3615 2996 iterum
3648 2943 3740 2998 in-

2091 3036 2257 3075 verso
2287 3022 2476 3093 capite
2500 3025 2963 3095 suspenduntur.
2986 3028 3196 3082 Postea
3219 3029 3279 3083 in
3303 3030 3743 3087 tenebricosum

2091 3107 2286 3162 lacum
2320 3110 2593 3181 conjecti,
2628 3112 2822 3184 gladio
2854 3113 3092 3168 demum
3134 3116 3269 3170 cassi
3321 3123 3477 3172 sunt.
3510 3121 3584 3173 At
3613 3136 3744 3174 san-

337 3191 754 3292 ἀπότὲμνονται.
817 3217 874 3270 Ὀ
923 3213 981 3270 δὲ
1037 3214 1187 3289 ’ἅγιος
1242 3207 1489 3282 Ἀϐιϐος,
1565 3210 1814 3275 διάκονος
1887 3205 1983 3279 ὥν,

2103 3202 2219 3252 :tus
2249 3198 2464 3254 Abibus
2496 3199 2800 3269 diaconus,
2839 3202 3057 3257 Licinio
3110 3205 3487 3275 imperatore,
3523 3215 3743 3280 marty-

336 3308 712 3382 ἒμαρτύρησεν
765 3305 852 3360 ἐπὶ
911 3303 1210 3372 Λικιννίου,
1297 3295 1635 3369 διαϐληθεὶς,
1693 3298 1774 3354 δτι
1856 3298 1993 3353 κατὰ

335 3399 427 3458 τᾶς
504 3418 705 3469 κωμας
788 3394 1238 3470 περιερχόμενος,
1351 3389 1781 3464 ὑπαναγινώσκει
1872 3393 1992 3450 τοῖς

333 3486 588 3548 ἀπίστοις
653 3487 751 3548 τὰς
807 3485 954 3558 ἱερὰς
1012 3477 1262 3558 βίϐλους,
1350 3479 1709 3552 ἐπιστηρίξων
1776 3477 1989 3540 αὐτούς.

332 3579 514 3645 Ὅθεν,
579 3573 867 3651 προστάξει
933 3575 1030 3626 τοῦ
1116 3569 1438 3644 παρανόμου
1529 3568 1618 3623 καὶ
1703 3562 1994 3630 δυσσεϐοῦς

337 3665 635 3741 βασιλέως,
675 3663 751 3726 εἷς
811 3665 1038 3735 κάμινον
1098 3659 1392 3737 φρυγάνοις
1450 3656 1688 3718 πολλοῖς
1739 3657 1991 3733 ἀναφθεῖ-

338 3777 428 3810 σαν
460 3749 794 3828 ἐμϐληθεὶς,
828 3751 1037 3827 χαίρων
1069 3749 1384 3818 ἐτελειώθη.

933 3897 1018 3968 Τῇ
1058 3892 1194 3967 αὗτῇ
1234 3891 1417 3967 ἡμέρᾳ

343 4005 625 4074 Ἀθλησις
681 4007 780 4057 τοῦ
837 4001 1007 4074 ῥγίου
1051 3998 1337 4074 μάρτυρος,
1378 3998 1696 4074 Δημητρίου
1760 4002 1858 4054 τοῦ
1918 3997 1992 4061 εἴς

773 4069 1061 4141 Δαϐουδήν-
1093 4069 1556 4146 μαρτυρήσαντος.

403 4205 466 4261 Ὀ
530 4201 742 4275 μάρτυς
799 4201 1118 4274 Δημήτριος
1182 4198 1428 4272 ὑπῆρχεν
1484 4197 1569 4252 ἐπὶ
1648 4199 1992 4270 Μαξιμιανοῦ

333 4294 422 4347 καὶ
455 4291 769 4363 Μαξιμίνου
798 4293 905 4344 τῶν
961 4285 1250 4364 βασιλέων,
1310 4287 1416 4342 ἀπὸ
1471 4288 1685 4364 χωρίου
1740 4283 1988 4356 Δαϐουδή

332 4378 709 4453 καλουμένου.
743 4380 928 4440 Ὅστις
985 4373 1301 4446 διαϐληθεὶς
1361 4377 1462 4431 ὑπὸ
1517 4381 1625 4431 τῶν
1685 4374 1987 4432 εἴδωλολα-

337 4477 504 4546 τρῶν,
538 4471 618 4532 ὡς
671 4468 1012 4545 Χριστιανὸς,
1072 4465 1343 4542 ἐκρατήθη
1407 4466 1510 4520 ὑπὸ
1568 4470 1664 4521 τοῦ
1717 4467 1994 4539 ἡγεμόνος

2093 3287 2249 3340 rium
2273 3287 2489 3342 subiit:
2514 3296 2823 3345 accusatus
2846 3293 3029 3359 enim,
3045 3293 3201 3364 quod
3224 3295 3381 3350 vicos
3399 3313 3741 3368 peragrans,

2095 3391 2398 3431 sacrarum
2429 3377 2760 3434 litterarum
2792 3380 3046 3436 lectione
3074 3383 3346 3438 infideles
3370 3386 3750 3441 conﬁrmaret

2097 3464 2366 3535 ejusdem
2417 3467 2582 3538 impii
2616 3474 2674 3523 et
2704 3469 2892 3540 iniqui
2937 3471 3311 3542 imperatoris
3356 3474 3531 3544 jussu
3562 3476 3623 3529 in
3656 3492 3747 3530 ca-

2096 3554 2327 3609 minum
2377 3556 2558 3611 aridis
2589 3558 2855 3629 virgultis
2887 3576 3202 3614 accensum
3263 3562 3538 3632 injectus,
3573 3564 3748 3618 vitam

2095 3644 2266 3699 laetus
2300 3647 2505 3700 finivit.

2735 3890 2956 3947 Eodem
2989 3892 3104 3947 die.

2099 3995 2250 4051 I90
2282 3997 2580 4074 Cert_an_zen_
2615 3999 2794 4051 sancti
2839 4001 3100 4074 martyris
3124 4072 3133 4074 Α
3158 4000 3439 4067 Demetrii,
3472 4005 3568 4071 qui
3598 4005 3749 4074 apud

2379 4068 2742 4122 Dabudenum
2788 4073 3057 4139 martyrio
3103 4072 3327 4138 functus
3368 4079 3462 4128 est.

2167 4194 2497 4248 Demetrius
2528 4200 2771 4268 martyr,
2808 4196 3159 4252 Maximiano
3193 4203 3251 4252 et
3289 4199 3603 4256 Maximino
3637 4201 3751 4256 im-

2094 4285 2488 4356 peratoribus,
2538 4303 2605 4341 ex
2654 4287 2801 4352 vico,
2848 4304 3025 4357 quem
3077 4287 3466 4343 Dabudenum
3516 4297 3748 4357 vocant,

2096 4380 2284 4428 ortum
2313 4374 2537 4428 habuit.
2574 4378 2898 4430 Accusatus
2926 4392 3061 4429 vero
3093 4376 3164 4429 ab
3198 4376 3553 4443 idololatris,
3587 4379 3746 4446 quod

2094 4462 2463 4517 Christianus
2495 4468 2670 4528 esset,
2704 4480 2738 4518 a
2768 4463 2975 4517 Publio
3008 4463 3280 4533 praefecto
3324 4464 3658 4533 corripitur,
3695 4471 3753 4520 et

341 4558 652 4616 Πουπλίου.
701 4558 798 4612 Καὶ
857 4555 1176 4632 ἐρωτηθεὶς,
1222 4555 1517 4630 ἀνεκήρυξε
1566 4555 1843 4632 παρῥησίᾳ
1897 4558 1990 4626 τὴν

2107 4551 2433 4620 quaastione
2472 4550 2755 4618 adhibita,
2789 4567 2908 4604 non
2957 4550 3132 4604 modo
3184 4550 3360 4604 ﬁdem
3403 4551 3617 4605 Christi
3649 4553 3751 4606 Dei

338 4653 412 4714 εἷς
474 4651 708 4726 Χριστὸν
765 4651 858 4704 τὸν
914 4648 1042 4704 Θεὸν
1093 4649 1256 4720 ἡμῶν
1313 4648 1518 4706 πίστιν,
1575 4649 1677 4703 Καὶ
1742 4649 1844 4702 ὑπὸ
1901 4651 1997 4702 τοῦ

347 4743 505 4816 ἁγίου
532 4740 846 4813 Ηνεόματος
879 4738 1332 4813 συνεργούμενος,
1382 4733 1628 4791 ἐδίδασκε
1681 4735 1808 4799 τοὺς
1857 4757 1995 4810 παρ-

347 4836 605 4895 εστῶτας,
666 4828 790 4902 περί
843 4849 900 4883 τε
963 4834 1065 4895 τῆς
1118 4825 1577 4901 ἐνανθρωπήσεως
1629 4830 1727 4880 τοῦ
1791 4825 1997 4899 Κυρίου

347 4923 509 4992 ἡμῶν
546 4922 731 4989 Ἰησοῦ
755 4919 1012 4992 Χριστοῦ,
1062 4916 1150 4970 καὶ
1208 4921 1307 4985 τῆς
1367 4914 1605 4990 ἀῤῥήτου
1656 4913 1996 4986 οἰκονομίας,

348 5010 568 5078 καὶτῆς
601 5007 740 5078 ὅλης
787 5004 1123 5082 ἆγαθὸτητος
1176 5002 1360 5073 αὐτοῦ,
1419 5004 1505 5057 καὶ
1565 5001 1995 5075 φιλανθρωπίας,

349 5100 458 5154 εἶτα
487 5100 557 5154 τὰ
587 5097 714 5171 πιρὶ
743 5100 850 5151 τῶν
907 5092 1154 5150 εἰδώλων
1216 5091 1468 5163 ὀπατηλὰ
1523 5086 1858 5165 σεϐάσματα,
1907 5091 1997 5146 καὶ

346 5189 424 5242 ὅτι
453 5189 615 5266 κωφά
644 5186 752 5242 εἰσι
783 5186 873 5241 καὶ
931 5183 1088 5251 αὐτὰ,
1135 5182 1222 5237 καὶ
1262 5182 1316 5236 οἱ
1363 5176 1651 5254 σεϐόμενοι
1699 5179 1852 5237 αὐτά.
1904 5181 1998 5236 Διὸ

347 5279 414 5340 εἰς
448 5279 622 5354 ὀργὴν
653 5278 746 5332 καὶ
783 5276 954 5348 θυμὸν
1000 5275 1226 5343 κινήσας
1269 5272 1360 5326 τὸν
1408 5270 1666 5345 ἡγεμόνα,
1716 5270 1855 5346 ξίφει
1896 5272 1995 5340 τήν

347 5369 580 5440 κεφαλήν
609 5365 981 5440 ἀποτμηθεὶς,
1023 5360 1341 5432 ἐτελειώθη,
1401 5356 1697 5415 ἀπολαϐὼν
1749 5358 1996 5435 οὐράνιον

344 5427 589 5532 στέφανον
624 5427 772 5532 παρέ
797 5427 1068 5527 Χριστοῦ,
1125 5453 1183 5506 ὃν
1241 5427 1486 5520 ποθήσας
1541 5427 1904 5524 ἐμαρτύρηυσεο
1936 5451 1998 5504 τὸ

341 5545 390 5604 δὲ
416 5523 595 5624 ίμιον
631 5523 800 5604 αὐτοῦ
826 5543 1094 5616 λείψανον
1117 5539 1282 5617 ἐτάφη
1307 5539 1453 5615 παρὰ
1477 5543 1706 5610 πιστῶν,
1727 5539 1817 5594 καὶ
1837 5537 2002 5594 εὐλα-

342 5633 441 5695 ϐῶν
470 5637 708 5717 ἀνδρῶν,
744 5634 920 5714 βρύον
955 5627 1162 5704 ῖᾶματα
1180 5635 1297 5694 τοῖς
1334 5629 1804 5705 προσερχομένοις
1828 5629 1996 5702 αὐτῷ.

2105 4641 2292 4695 nostri
2322 4640 2508 4695 libere
2537 4641 2840 4696 confessus
2867 4647 2992 4706 est;
3027 4640 3130 4694 sed
3163 4641 3340 4696 etiam
3372 4641 3592 4712 Spiritu
3625 4660 3756 4699 san-

2105 4736 2198 4786 cto
2219 4737 2572 4801 cooperante
2594 4732 2749 4802 apud
2771 4733 3223 4786 circumstantes
3245 4732 3316 4787 de
3340 4733 3752 4791 incarnatione

2106 4823 2341 4877 Domini
2374 4823 2560 4877 nostri
2603 4823 2737 4877 Jesu
2783 4822 3021 4889 Christi,
3067 4822 3259 4893 deque
3308 4824 3596 4880 ineﬂabili
3626 4827 3754 4897 ejus

2106 4911 2569 4982 dispensatione,
2603 4927 2670 4965 ac
2700 4911 2963 4966 bonitate
3003 4917 3060 4966 et
3103 4912 3422 4968 clementia
3450 4914 3751 4982 disseruit,

2107 4999 2196 5070 adj
2209 5000 2394 5054 iciens
2408 5000 2789 5054 vanissimum
2804 5017 2931 5056 esse
2946 5000 3239 5056 idolorum
3262 5002 3752 5074 cultum,quando

2108 5095 2166 5144 et
2185 5089 2334 5160 ipsa,
2359 5094 2415 5144 et
2439 5089 2539 5159 qui
2572 5106 2639 5145 ea
2660 5091 2943 5156 colerent,
2965 5092 3103 5146 caeci
3127 5097 3344 5146 essent.
3365 5094 3554 5158 Quare
3578 5095 3754 5148 vehe-

2107 5177 2294 5232 menti
2324 5177 2630 5232 iracundio
2663 5185 2994 5234 commotus
3024 5179 3358 5250 praefectus,
3384 5181 3567 5251 jussit
3619 5198 3754 5236 eum

2107 5265 2302 5339 gladio
2334 5266 2673 5322 obtruncari
2701 5284 2713 5320 :
2765 5268 2866 5338 qui
2911 5269 3230 5339 expetitam
3263 5287 3296 5324 ιι
3325 5269 3556 5324 Christo
3589 5287 3758 5325 coro-

2107 5372 2246 5410 nam
2293 5357 2592 5412 caelestem
2641 5358 2886 5428 accepit.
2940 5359 3217 5412 Pretiosa:
3269 5360 3395 5429 ejus
3425 5359 3694 5430 reliquiae
3725 5376 3761 5415 a

2108 5447 2385 5504 fidelibus
2411 5449 2642 5520 piisque
2667 5450 2802 5504 viris
2833 5449 3103 5520 sepulcro
3132 5449 3404 5520 condita),
3424 5451 3760 5507 curationes

2108 5538 2529 5595 accedentibus
2562 5539 2636 5594 ad
2666 5539 2801 5594 illas
2834 5538 3133 5596 emittunt.
