4114 6306
374 351 490 412 163

1013 491 1235 546 Eodem
1287 491 1380 547 die

371 602 519 657 191
567 600 748 656 Caedes
803 602 980 656 sancti
1035 602 1246 727 Jé'zfobf,
1305 602 1503 684 fratris
1557 603 1739 656 sancti
1792 601 2022 654 Joannis

1117 689 1334 727 teooaz.

1117 689 1334 742 teatogz.

438 781 688 837 Iacobus
720 779 1023 852 apostolus
1063 797 1132 834 ex
1181 778 1494 834 duodecim
1526 779 1811 851 apostolis
1841 794 2018 846 unus,

371 873 551 927 frater
579 871 691 925 fuit
740 870 928 925 sancti
957 869 1198 924 Joannis
1228 867 1530 940 Theologi,
1564 869 1723 924 illius
1753 867 2018 923 Zebedzni

369 978 439 1015 ex
472 961 746 1016 Calilaea:
782 976 928 1030 quos
962 958 1163 1013 videns
1196 959 1481 1013 Dominus
1511 975 1634 1013 una
1675 975 1808 1013 cum
1839 957 2020 1013 Zebe-

368 1051 494 1105 daeo
527 1066 731 1104 eorum
764 1054 928 1120 patre
973 1065 1144 1103 secus
1198 1053 1472 1120 stagnum
1521 1048 1841 1102 Genezaret
1869 1047 2018 1102 retia

363 1141 700 1195 reﬁcientes
732 1140 921 1202 (erant
952 1137 1109 1192 enim
1142 1137 1506 1208 piscatores),
1539 1137 1763 1192 vocavit
1791 1154 1929 1204 eos;
1960 1141 2020 1192 et

364 1229 560 1284 statim
593 1227 816 1282 relictis
849 1226 1145 1293 omnibus,
1176 1232 1233 1280 et
1258 1233 1444 1297 patre,
1470 1227 1654 1281 secuti
1689 1232 1826 1281 sunt
1855 1242 2012 1293 eum,

361 1319 611 1390 ejusque
645 1317 974 1388 disciplinm
1034 1333 1163 1370 sese
1223 1315 1540 1371 tradidere.
1592 1317 1731 1370 Post
1779 1315 2013 1370 Domini

359 1414 558 1462 autem
629 1406 1063 1472 ascensionem,
1133 1409 1190 1458 et
1257 1405 1520 1476 Deiparm
1561 1404 2011 1470 dormitionem,

360 1498 618 1552 Joannes
646 1495 886 1566 quidem
910 1495 1203 1565 Ephesum
1229 1491 1392 1557 abiit,
1417 1493 1857 1565 praedicationis
1889 1511 2014 1550 mu-

363 1602 504 1641 nere
539 1584 619 1639 ibi
648 1585 902 1656 fungens
929 1601 940 1650 ;
973 1583 1222 1638 Jacobus
1255 1598 1387 1636 vero
1419 1583 1644 1638 relictis
1676 1582 2011 1654 Hierosoly-

362 1676 496 1743 mis,
519 1674 831 1729 duodecim
863 1673 1053 1727 tribus
1076 1671 1258 1726 Israel
1285 1688 1659 1743 percurrens,
1694 1672 2011 1728 Dominum

361 1770 632 1820 nostrum
689 1765 888 1818 Jesum
945 1762 1244 1816 Christum
1319 1761 1538 1832 ubique
1597 1762 2007 1818 annuntiabat.

361 1854 756 1920 Quamobrem
787 1853 858 1907 ab
892 1851 1118 1906 Herode
1169 1851 1465 1906 tetrarcha
1496 1852 1557 1906 in
1589 1851 1873 1920 Cmsarea,
1905 1854 2003 1907 Pa-

2125 1836 2298 1914 φυλὰς
2351 1841 2448 1892 τοῦ
2507 1838 2731 1916 Ἰσραὴλ
2793 1837 3043 1909 διελθὼν,

359 1943 608 1998 laestinaa
637 1942 802 2009 urbe,
831 1941 1322 2012 comprehensus,
1349 1939 1596 2010 ejusque
1619 1941 1793 2011 jussu
1820 1941 2014 2012 gladio

364 2049 573 2097 caesus,
623 2031 684 2085 in
734 2030 946 2085 caelum
994 2029 1278 2084 avolavit:
1330 2028 1429 2082 ubi
1479 2046 1613 2084 cum
1645 2030 1873 2084 Christo
1905 2031 2016 2084 Do-

363 2122 525 2176 mino
555 2123 918 2192 praeceptore
951 2135 1078 2186 suo,
1113 2119 1350 2188 Deoque
1382 2125 1585 2174 nostro
1619 2118 2013 2174 clementissi-

362 2227 458 2266 mo
492 2215 715 2282 regnat.

931 2408 1170 2463 EODEM
1211 2409 1462 2463 MENSE.

899 2514 1002 2570 Die
1033 2513 1267 2570 decima
1289 2519 1472 2570 sexta.

361 2623 514 2679 192
567 2621 1025 2677 Commemoratto
1042 2624 1254 2749 Msazztr’ti
1287 2623 1546 2703 .apostoli
1589 2629 1637 2677 ct
1668 2623 2009 2693 evangelista:

1100 2711 1134 2748 a
1206 2711 1316 2749 ιωι.

1100 2711 1316 2750 (tuncet.

430 2817 736 2872 Matthmus
765 2817 1064 2889 apostolus
1125 2835 1196 2873 ex
1254 2817 1566 2874 duodecim
1601 2817 2006 2890 apostolorum

358 2923 606 2962 numero
641 2906 769 2974 fuit,
804 2906 1197 2978 publicamus,
1231 2923 1298 2961 ac
1342 2906 1526 2961 frater
1561 2907 1760 2962 Jacobi
1791 2925 2006 2977 cogno-

356 3003 557 3052 mento
587 2997 834 3068 Alpheei.
869 2999 1016 3052 Eum
1047 2997 1334 3052 Dominus
1364 2997 1437 3052 ad
1471 2998 1760 3052 telonium
1791 2998 2005 3054 seden-

359 3092 474 3142 tem
535 3087 930 3158 conspicatus,
988 3087 1230 3153 vocavit,
1285 3091 1351 3142 ut
1407 3104 1468 3142 se
1526 3094 2005 3159 sequeretur:ac

355 3177 554 3231 statim
587 3182 960 3247 sequentem,
1020 3175 1082 3229 in
1141 3192 1384 3230 suorum
1429 3175 1858 3248 discipulorum
1889 3194 2001 3232 nn-

353 3283 517 3323 mero
567 3266 858 3337 ascripsit.
911 3266 1121 3321 Octavo
1169 3270 1304 3336 post
1346 3265 1558 3321 Christi
1591 3267 2003 3324 ascensionem

351 3375 507 3414 anno
540 3357 744 3413 afﬂatu
776 3359 963 3412 sancti
1014 3356 1286 3429 Spiritus,
1321 3363 1592 3412 sanctum
1624 3359 2003 3431 Evangelium

354 3448 481 3519 ejus
513 3447 752 3502 nomine
804 3451 1200 3517 prienotatum
1256 3445 1630 3518 conscripsit,
1664 3453 2002 3520 sanctasque

355 3536 899 3608 Hierosolymorum
923 3534 1198 3590 Ecclesiae
1247 3534 1509 3591 tradidit.
1545 3535 1766 3590 Deinde
1798 3536 2002 3592 multis

353 3625 618 3697 gentium
650 3624 966 3696 provinciis
989 3625 1336 3696 peragratis,
1359 3624 1601 3680 verbum
1632 3624 1847 3679 Christi
1879 3625 2002 3681 dis-

353 3715 676 3782 seminans,
727 3713 800 3770 ad
857 3713 1374 3787 anthropophagos
1429 3731 1619 3786 usque
1651 3717 1998 3786 penetravit,

349 3803 506 3876 apud
520 3821 668 3876 quos
680 3804 869 3858 multa
888 3809 1184 3858 tormenta
1199 3803 1783 3874 perpessus,tandem
1799 3808 1998 3859 creato

345 3894 469 3949 illic
500 3893 826 3963 relictoque
874 3893 1152 3963 episcopo
1199 3891 1465 3956 Platone,
1496 3891 1858 3962 Hierapolim
1890 3893 1994 3964 Sy-

345 3984 449 4039 ria;
475 3983 769 4037 concessit
794 3998 805 4035 :
833 3981 935 4035 ubi
954 3980 1227 4052 plurimis
1251 3980 1585 4035 Christiana
1609 3980 1722 4036 ﬁde
1755 3981 1998 4037 imbutis

345 4079 522 4143 atque
552 4071 880 4142 baptizatis,
912 4070 1141 4124 vivendi
1177 4069 1357 4124 tinem
1388 4069 1547 4124 fecit.

1691 348 2121 416 MENOLOGII
2161 349 2369 411 PARS
2413 348 2463 410 Ι.

2051 493 2102 560 Α

3669 357 3786 418 164

2716 485 2793 556 Τῇ
2833 482 2970 558 αὐτῇ
3011 486 3194 558 ἡμέρᾳ

2131 589 2193 646 Ἠ
2224 588 2400 665 σφαγὴ
2448 592 2545 644 τοῦ
2595 588 2759 676 ἀγίου
2817 586 3131 676 Ἰακώϐουκ
3164 590 3410 676 ,ἀδελφοῦ
3464 601 3560 652 τοῦ
3627 598 3787 676 ἀγίου

2595 661 2849 718 Ἰωάννου
2879 663 3306 739 τοῦΘεολόγου.

2202 761 2462 830 Ἰάκωϐος
2492 768 2519 823 6
2552 767 2861 832 ἀπόστολος
2895 769 3112 847 ὑπῆρχε
3165 773 3260 846 μὲν
3313 773 3372 828 ἐκ
3417 779 3524 829 τῶν
3573 773 3790 833 δώδεκα

2130 855 2476 912 ἀποστόλωνο
2508 858 2576 927 ἦν
2635 855 2693 913 δὲ
2739 855 2976 929 ἀδελφὸς
3023 865 3118 916 τοῦ
3169 862 3326 937 ἁγίου
3379 863 3632 920 Ἰωάννου
3689 868 3785 922 τοῦ

2130 945 2578 1021 Θεολόγου,υἱὸς
2635 942 2926 1002 Ζεϐεδαίου
2981 953 3077 1004 τοῦ
3136 951 3242 1005 ἀπὸ
3298 958 3396 1022 τῆς
3457 955 3780 1018 Γαλιλαίας.

2127 1033 2234 1096 Οῧς
2266 1036 2354 1090 καὶ
2390 1032 2522 1092 ἰδὼν
2555 1037 2583 1091 6
2613 1037 2810 1113 Κύριος
2870 1039 3006 1111 μετὰ
3054 1035 3338 1095 Ζεϐεδαίου
3393 1047 3490 1097 τοῦ
3548 1045 3784 1120 πατέρος

2128 1125 2330 1196 αὑτῶν,
2389 1125 2536 1202 ποιρά
2587 1127 2685 1195 τὴν
2747 1125 2953 1201 λίμνην
3013 1131 3366 1204 Γεννησαρὲτ,
3425 1133 3782 1208 καταρτίζον-

2124 1234 2219 1275 τας
2255 1212 2322 1268 τὰ
2377 1210 2564 1268 δίκτυα
2617 1215 2816 1285 αὐτῶν,
2872 1216 2947 1278 ὡς
3003 1218 3197 1288 ἁλιεῖς,
3254 1216 3503 1274 ἐκάλεσεν
3563 1220 3782 1285 αὐτούς,

2126 1302 2232 1357 Καὶ
2291 1301 2487 1365 εὐθέως
2544 1305 2764 1380 ἀφέντες
2821 1305 3048 1376 ἅπαντα,
3107 1308 3197 1361 καὶ
3253 1308 3343 1362 τὸν
3421 1311 3626 1385 πατέρα
3683 1313 3784 1368 αὐ-

2125 1395 2256 1459 τῶν,
2302 1388 2686 1462 ἠκολούθησαν
2741 1392 2910 1466 αὐτῷ,
2957 1395 3046 1449 καὶ
3105 1395 3240 1465 ἦσαν
3285 1399 3413 1471 παρ’
3473 1398 3617 1472 αὐτῷ
3675 1422 3781 1474 μα-

2124 1479 2500 1554 θητευόμενοι.
2530 1482 2680 1538 Μετὰ
2709 1479 2764 1536 δὲ
2802 1483 2899 1551 τὴν
2956 1482 3228 1559 ἀνάληψιν
3274 1491 3372 1541 τοῦ
3413 1488 3636 1562 Κσρίου,
3687 1491 3776 1544 καὶ

2127 1570 2225 1639 τὴν
2286 1570 2546 1643 κοίμησιν
2604 1578 2705 1640 τῆς
2738 1571 3024 1642 Θεοτόκου,
3087 1575 3115 1629 6
3177 1575 3272 1647 μὲν
3335 1576 3593 1647 Ἰωάννης
3649 1601 3777 1635 κατ-

2125 1653 2287 1713 ἔλαϐε
2315 1660 2414 1727 τήν
2446 1661 2704 1734 Ἔφεσον,
2735 1657 3000 1716 διδάσκων
3035 1661 3086 1717 ἐν
3143 1664 3304 1739 αὐτῇ
3341 1667 3369 1720 6
3403 1662 3460 1721 δὲ
3493 1663 3777 1738 Ἰάκωϐος,

2127 1745 2473 1824 ὑπολειφθεὶς
2531 1748 2606 1810 εἰς
2663 1749 2730 1804 τά
2785 1749 3165 1825 Ἱεροσόλυμα,
3249 1753 3340 1808 καὶ
3393 1756 3488 1817 τὰς
3568 1752 3782 1812 δώδεκα

3133 1842 3629 1918 εὐαγγελιζόμενος
3681 1846 3772 1900 τὸν

2127 1925 2321 1998 Κύριον
2381 1929 2544 2000 ἡμῶν
2631 1929 2840 1998 Ἰησοῦν
2925 1930 3182 2005 Χριστὸν,
3269 1931 3543 2008 ἐκρατήθη
3630 1935 3776 2009 παρὰ

2124 2013 2372 2088 Ἡρώδου
2423 2020 2521 2071 τοῦ
2576 2018 2883 2092 τετράρχου
2942 2016 2993 2072 ἐν
3056 2020 3351 2095 Καισαρείᾳ
3407 2024 3508 2091 τῆς
3563 2021 3775 2077 Παλαι-

2125 2105 2327 2175 στίνηςο
2359 2105 2449 2160 καὶ
2485 2106 2572 2160 ὑπ’
2617 2105 2781 2160 αὐτοῦ
2835 2107 3055 2184 σφαγεὶς
3107 2107 3160 2163 ἐν
3225 2109 3492 2185 μαχαίρᾳ,
3551 2109 3778 2188 ἀνέδρα-

2129 2215 2194 2267 με
2248 2195 2386 2270 πρὸς
2441 2194 2692 2271 οὐρανὸν,
2779 2191 3230 2268 συμϐασιλεύσων
3285 2205 3366 2272 τῷ
3423 2200 3628 2274 Κυρίῳ,
3687 2202 3778 2256 καὶ

2125 2280 2438 2358 διδασκάλῳ
2471 2288 2714 2360 Χριστῷ,
2738 2289 2817 2356 τῷ
2857 2285 3234 2364 φιλανθρώπῳ
3262 2292 3377 2361 Θεῷ
3406 2291 3592 2364 ἡμῶν.

2671 2395 2850 2450 nam
2889 2397 2975 2474 To
3013 2398 3209 2472 ΑΥΤῼ.

2915 2507 2983 2572 ιζ’

2120 2609 2325 2682 Μνήμη
2404 2611 2500 2662 τοῦ
2586 2606 2739 2682 ἆγίου
2817 2607 3128 2664 ἀποστόλου
3209 2611 3301 2666 καὶ
3387 2610 3773 2687 εὐαγγελιστοῦ

2791 2697 3090 2756 Ματθαίου.

2187 2823 2458 2883 Ματθαῖος
2489 2823 2516 2876 6
2549 2819 2856 2885 ἀπόστολος
2889 2823 3108 2899 ὑπῆρχε
3159 2825 3253 2896 μὲν
3301 2825 3392 2880 καὶ
3451 2825 3612 2888 αὐτὸς
3657 2830 3764 2882 τῶν

2117 2909 2328 2967 δώδεκα
2384 2910 2704 2966 ἀποστόλων
2765 2913 2860 2976 εἶς’
2904 2913 2970 2982 ἦν
3035 2910 3092 2968 δὲ
3175 2913 3444 2986 τελώνης,
3528 2913 3766 2990 ἀδελφὸς

2116 2996 2378 3056 Ἰακώϐου
2418 3004 2514 3055 τοῦ
2574 2998 2975 3076 ἐπιλεγομένου
3033 3001 3324 3080 Ἀλφαίου·
3385 3004 3762 3078 Καθεζόμενον

2116 3087 2172 3144 δὲ
2197 3088 2354 3144 αὐτὸν
2388 3089 2476 3143 ἐπὶ
2505 3088 2567 3144 τὸ
2615 3088 2878 3145 τελώνιον
2934 3089 3065 3146 ἰδὼν
3126 3093 3153 3146 6
3216 3090 3408 3163 Κύριος
3468 3091 3762 3168 διερχόμε·

2112 3199 2223 3248 νος,
2264 3175 2515 3232 ἐκάλεσεν
2575 3176 2751 3241 ἐλθεῖν
2810 3177 2984 3233 ὂπίσω
3044 3180 3231 3236 αὐτοῦ·
3291 3180 3382 3236 καὶ
3441 3180 3761 3254 ἀναστάντα,

2113 3267 2203 3323 καὶ
2285 3267 2754 3339 ἀκολουθήσαντα,
2829 3268 3053 3342 ἐποίησε
3107 3273 3196 3326 καὶ
3255 3271 3414 3327 αὐτὸν
3476 3276 3754 3346 μαθητήν.

2112 3358 2294 3420 Ὅστις
2352 3359 2487 3430 μετά
2541 3359 2640 3428 τήν
2700 3363 2795 3412 τοῦ
2855 3359 3056 3434 Κυρίου
3115 3359 3412 3436 ἀνάληψιν,
3469 3362 3558 3416 καὶ
3632 3363 3767 3436 μετά

2113 3445 2245 3501 ἐτῶν
2301 3446 2446 3502 ὀκτὼ
2495 3445 2844 3523 παρὲλευσιν,
2895 3449 3267 3526 συνεγράψατο
3315 3451 3380 3506 τὸ
3419 3453 3536 3506 κατ’
3583 3450 3763 3522 αὐτὸν,

2111 3535 2365 3609 ἐπιπνοίᾳ
2391 3541 2487 3593 τοῦ
2528 3539 2688 3611 ἁγίου
2719 3537 3058 3612 Πνεύματος,
3116 3543 3267 3616 ἅγιον
3319 3539 3762 3617 Εὐαγγὲλιον-τῇ

2109 3619 2354 3699 Ἐϐραΐδι
2442 3623 2728 3700 διαλέκτῳο
2809 3628 2900 3682 καὶ
2980 3627 3289 3704 παρέδωκεν
3344 3631 3478 3685 αὐτὸ
3556 3634 3623 3704 τῇ
3709 3629 3765 3686 ἐν

2106 3713 2513 3792 Ἱεροσολύμοις
2572 3717 2696 3792 ἁγίᾳ
2750 3715 3072 3790 Ἐκκλησία.
3161 3718 3291 3775 Εἶτα
3375 3718 3618 3789 ἀπῆλθεν
3687 3719 3766 3781 εἷς

2108 3802 2322 3866 πολλάς
2355 3803 2520 3869 ἐθνῶν
2550 3806 2761 3881 χώρας,
2798 3802 3065 3860 διδάσκων
3113 3807 3210 3861 τὸν
3261 3805 3424 3884 λόγον
3478 3812 3576 3862 τοῦ
3617 3810 3751 3883 Χρι-

2109 3898 2256 3951 στοῦ.
2317 3897 2437 3952 Ἔτι
2499 3891 2556 3949 δὲ
2611 3894 2703 3950 καὶ
2763 3894 2839 3956 εἷς
2898 3894 3028 3957 τοὺς
3085 3896 3588 3970 ἀνθρωποκτόνους,
3658 3895 3753 3958 οὐς

2103 4005 2241 4046 τινες
2273 3981 2522 4058 λέγουσιν
2561 3984 3042 4062 ἀνθρωποφάγους⁸
3106 3985 3158 4040 ἐν
3219 3987 3299 4046 οἷς
3343 3985 3530 4042 πολλά
3591 3986 3758 4062 βασα-

2102 4073 2329 4139 νισθεὶς,
2361 4073 2450 4127 καὶ
2484 4072 2777 4128 ἐπισκοπον
2828 4076 3064 4144 ποιήσας
3120 4073 3384 4130 Πλάτωνα
3433 4073 3753 4150 λεγόμενον,

345 4163 433 4216 καὶ
475 4158 791 4215 καταλιπὼν
825 4157 1015 4226 ἐκεῖσε,
1063 4158 1304 4221 ἁποῗλθεν
1338 4157 1415 4222 εἷς
1456 4154 1763 4231 Ἰεράπολιν
1812 4165 1911 4228 τῆς
1959 4161 2181 4236 Συρίας·
2231 4163 2386 4218 κάκεὶ
2437 4160 2650 4235 διδάξας
2697 4161 2944 4227 πολλοὺς
2998 4165 3088 4220 τὸν
3146 4165 3308 4240 λόγον
3367 4169 3466 4220 τοῦ
3523 4167 3759 4242 Χριστοῦ

343 4249 431 4306 καὶ
466 4250 752 4325 βαπτίσας,
783 4244 1108 4302 τελειοῦται.

978 4372 1198 4429 Eodem
1237 4371 1352 4427 die.

525 4484 672 4541 I93
705 4483 988 4539 Certamen
1016 4482 1194 4537 sancti
1230 4481 1492 4550 martyris
1537 4478 1814 4535 Bartaam.

2693 4379 2770 4450 Τῇ
2809 4376 2950 4450 αὗτῇ
2991 4375 3174 4451 ἡμέρᾳ

2333 4480 2600 4552 ’Λθλησις
2629 4485 2728 4537 τοῦ
2758 4482 2914 4558 ἀγίου
2947 4483 3220 4558 μάρτυρος
3251 4481 3535 4557 Βαρλαάμ.

413 4593 682 4650 Barlaam
737 4595 962 4663 martyr
990 4587 1319 4644 Antiochia;
1349 4588 1529 4659 Syriae
1578 4593 1773 4656 natus,
1819 4591 1992 4644 astate

2169 4583 2439 4660 Βαρλαάμ
2477 4587 2505 4641 6
2555 4585 2758 4658 μάρτυς
2823 4587 3069 4662 ὑπῆρχεν
3120 4588 3224 4642 ἀπὸ
3277 4587 3617 4664 Ἀντιοχείας
3657 4594 3760 4657 τῆς

341 4700 543 4752 senex,
575 4682 649 4736 ob
681 4680 897 4736 Christi
942 4678 1376 4734 confessionem
1409 4677 1482 4732 ad
1513 4676 1856 4748 praefectum
1888 4678 1990 4734 ad-

342 4773 574 4840 ductus,
603 4787 738 4826 cum
785 4769 963 4824 idolis
1012 4767 1346 4823 sacrificare
1387 4767 1760 4834 detrectaret,
1794 4769 1990 4824 nervis

339 4862 578 4919 bubulis
609 4859 951 4933 gravissime
973 4857 1238 4922 caeditur,
1263 4855 1475 4912 deinde
1505 4855 1800 4928 unguibus
1830 4857 1994 4912 evul-

341 4955 667 5023 sis,iterum
690 4951 964 5008 admotus
985 4949 1180 5015 altari,
1197 4948 1489 5020 explicata
1510 4965 1616 5019 per
1643 4949 1758 5002 vim
1788 4965 1988 5020 manu,

340 5045 540 5117 ignem
570 5041 750 5097 simul
781 5057 915 5096 cum
966 5041 1138 5095 thure
1189 5038 1460 5110 excipere
1505 5037 1847 5110 compulsus
1879 5043 1986 5094 est.

339 5130 728 5189 Existimabat
787 5129 944 5186 enim
1004 5128 1339 5201 praefectus,
1399 5143 1534 5181 eum
1598 5128 1861 5183 excussis
1915 5128 1990 5184 ad

345 5237 506 5277 aram
531 5236 649 5275 una
671 5235 804 5274 cum
828 5219 1000 5273 thure
1018 5216 1395 5281 carbonibus,
1413 5216 1606 5270 visum
1631 5216 1704 5269 iri
1725 5217 1990 5272 victimas

342 5311 455 5366 diis
485 5309 872 5366 obtulisse.At
891 5307 991 5362 ille
1015 5313 1293 5363 constans
1316 5311 1374 5361 et
1394 5304 1784 5360 immutabilis
1807 5305 1990 5374 stetit,

345 5402 548 5473 quovis
579 5415 694 5455 aere
723 5399 998 5470 ferroque
1016 5398 1316 5453 duriorem
1339 5395 1605 5451 dextram
1627 5399 1858 5464 tenens,
1884 5395 1988 5450 do-

343 5511 454 5551 nec
484 5493 750 5565 subjecta
779 5509 914 5548 caro
935 5492 1055 5565 igni
1077 5491 1391 5561 absumpta
1415 5489 1478 5543 in
1499 5493 1718 5544 terram
1749 5487 1988 5556 decidit,

340 5583 636 5658 perforata
667 5584 795 5655 ejus
827 5598 1005 5638 manu
1033 5599 1046 5648 ;
1079 5597 1214 5636 cum
1244 5579 1486 5635 interim
1527 5577 1652 5649 ipse
1685 5595 1888 5634 averso
1917 5579 1990 5634 ab

341 5691 445 5734 ara
473 5673 638 5732 vultu
669 5688 902 5747 semper
923 5677 1098 5745 esset,
1119 5677 1178 5729 et
1197 5685 1442 5727 manum
1463 5667 1730 5726 comburi
1759 5667 1987 5739 mallet,

2102 4674 2324 4750 Συρίαςο
2354 4675 2527 4751 γέρων
2562 4673 2619 4730 δὲ
2647 4677 2744 4744 τὴν
2777 4673 3000 4746 ἠλικίαν
3054 4677 3341 4753 ὑπάρχων,
3397 4675 3487 4733 διὰ
3532 4678 3631 4747 τήν
3682 4676 3760 4740 είς

2098 4767 2327 4840 Χριστὸν
2364 4765 2668 4842 ὁμολογίαν
2717 4769 3012 4842 προσήχθη
3065 4773 3146 4841 τῷ
3198 4769 3450 4844 ἄρχοντι.
3509 4767 3612 4825 Καὶ
3675 4769 3750 4842 μὴ

2099 4857 2338 4920 πεισθεὶς
2393 4857 2544 4910 θῦσαι
2601 4861 2719 4917 τοῖς
2779 4853 3058 4930 εῗδώλοις,
3116 4857 3372 4913 τύπτεται
3436 4857 3568 4930 μετά
3628 4859 3754 4931 βου·

2098 4941 2321 5018 νεύρων,
2354 4942 2601 5004 καὶτοὺς
2652 4940 2856 5019 δνυχας
2907 4944 3234 5020 ἐκριζοῦται.
3282 4945 3410 5002 Εἶτα
3448 4950 3528 5018 τῷ
3581 4947 3758 5019 βωμῷ

2098 5031 2457 5108 προσαχθεὶς,
2491 5032 2682 5108 βιαίως
2713 5033 2952 5104 ἡπλώθη
2994 5036 3092 5102 τὴν
3141 5039 3324 5109 χεῖρα,
3369 5034 3461 5090 καὶ
3515 5038 3621 5110 πῦρ
3670 5033 3756 5089 ἐπ’

2100 5121 2235 5197 αὐτῇ
2265 5121 2356 5177 καὶ
2409 5116 2714 5177 λιϐανωτὸν
2771 5121 3007 5197 δέχεται.
3079 5122 3334 5197 Ἐνόμισε
3377 5123 3480 5200 γὰρ
3513 5125 3539 5179 6
3566 5123 3752 5198 ἃρχων

2100 5214 2180 5269 ὅτι
2212 5212 2420 5278 τίτοὺς
2452 5214 2717 5289 ἄνθρακας
2769 5213 2903 5286 μετά
2957 5217 3054 5268 τοῦ
3100 5209 3410 5270 λιϐανωτοῦ
3465 5219 3543 5286 τῷ
3593 5215 3756 5291 βαμῷ

2101 5303 2399 5380 ἐπιρρίψει,
2433 5301 2573 5378 δόξει
2631 5304 2814 5369 θυσίαν
2874 5311 3232 5381 προσαγαγεῖν
3291 5311 3409 5368 τοῖς
3467 5308 3632 5367 θεοῖς.
3691 5306 3752 5363 Ὀ

2100 5393 2157 5450 δὲ
2195 5391 2483 5458 ἀνένδοτος
2508 5391 2702 5450 ’ίστατο
2733 5395 2824 5450 καὶ
2855 5393 3142 5470 ἄτρεπτος,
3197 5395 3560 5471 εὐτονωτέρας
3611 5396 3757 5466 αὑτῷ

2099 5484 2334 5560 χαλκοῦ,
2366 5485 2454 5539 καὶ
2508 5483 2738 5560 σιδήρου
2793 5484 3052 5563 φανείσης
3107 5489 3209 5551 τῆς
3262 5483 3455 5556 δεξιᾶς·
3504 5482 3608 5547 ἕως
3655 5485 3754 5554 τήν

2103 5570 2462 5648 ὑποκειμένην
2489 5575 2658 5651 σάρκα
2684 5577 2746 5632 τὸ
2804 5579 2910 5652 πῦρ
2973 5572 3309 5644 δαπανῆσαν,
3369 5575 3446 5637 εῗς
3493 5575 3591 5643 τὴν
3650 5581 3753 5650 γῆν

2098 5664 2327 5741 ἐξέπεσε,
2421 5662 2880 5742 διατρυπηθείσης
2966 5665 3129 5722 αὐτοῦ
3210 5671 3312 5736 τῆς
3381 5663 3588 5741 χειρός.
3650 5665 3754 5722 Καὶ
