4114 6306
294 348 409 409 165

1757 342 2211 406 NOVEMBER.

3566 347 3688 422 166

285 476 481 535 τούτου
502 474 854 553 γινομὲνους,
913 472 1038 532 οὐδὲ
1092 473 1241 538 ὅλως
1309 473 1624 554 ἀπεστράφη
1656 474 1794 551 πρὸς
1836 474 1929 529 τὸν

2051 492 2226 548 quam
2257 478 2393 533 thus
2424 477 2498 533 ad
2529 493 2692 534 aram
2735 478 3048 551 projicere,
3086 481 3264 551 atque
3294 479 3379 534 ita
3407 496 3695 554 generoso

288 569 500 644 βωμὸν,
556 565 685 622 ἀλλ’
743 563 1036 642 ¹ςίιρετίσατο
1093 565 1422 632 κατακαῆναι
1479 566 1579 634 τὴν
1656 568 1838 639 χεῖρα,
1896 563 1932 633 ἢ

286 653 514 714 λίεανον
543 660 622 729 τῷ
685 655 864 733 βωμῷ
907 651 1190 729 ἐμϐαλεῖν.
1251 655 1350 710 Καὶ
1412 652 1554 709 οὕτω
1611 653 1746 727 μετὰ
1801 673 1936 728 γεν-

282 748 437 802 ναίου
466 747 560 802 καὶ
591 745 818 822 στερροῦ
862 747 1214 824 φρονήματος
1269 741 1552 819 παρέδωκε
1601 744 1700 812 τὴν
1763 762 1938 816 μακα-

281 837 397 913 ρίαν
432 836 598 892 αὐτοῦ
628 836 813 911 ψυχὴν
846 839 929 907 τῷ
958 834 1167 909 Κυρίῳ.

817 943 1004 999 MHNI
1054 946 1140 1019 To
1194 943 1399 1019 Arro.

1081 1030 1156 1085 IZ’

285 1142 493 1214 Μνήμη
557 1142 654 1214 τοῦ
719 1137 770 1193 έν
839 1137 1017 1214 ἆγίοις
1074 1137 1285 1214 ῌατρὸς
1367 1141 1528 1209 ἡμῶν
1609 1135 1940 1214 Γρηγορίου,

429 1210 732 1267 ἐπισκόπου
754 1210 1198 1286 Νεοκαισαρείας,
1226 1214 1322 1265 τοῦ
1354 1210 1797 1284 Θαυματουργοῦ.

359 1318 534 1382 Οὗτος
589 1319 657 1387 ἦν
715 1317 801 1371 ἐπ’
884 1313 1244 1390 Αύρηλιανοῢ
1302 1318 1397 1370 τοῦ
1477 1312 1766 1390 βασιλέως,
1824 1313 1942 1377 υἱὸς

290 1409 555 1483 ὁτι-ἅρχων
604 1405 909 1477 Ἑλλήνων·
971 1405 1130 1468 αὐτὸς
1191 1404 1249 1460 δὲ
1300 1405 1542 1480 γεγονὼς
1588 1404 1940 1479 Χριστιανὸς,

283 1499 468 1554 καὶτὸ
495 1506 599 1567 τῆς
627 1498 862 1562 πίστεως
921 1499 1221 1573 μυστήριον
1283 1493 1563 1571 διδαχθεὶς
1622 1491 1711 1549 διὰ
1771 1493 1944 1549 ὀπτα-

293 1589 407 1649 σίας
464 1587 613 1662 παρα
656 1593 760 1656 τῆς
818 1584 1111 1661 ὑπεραγίας
1172 1585 1460 1655 Θεοτόκου,
1518 1582 1606 1637 καὶ
1662 1586 1760 1637 τοῦ
1815 1588 1940 1637 Θεο-

298 1677 472 1752 λόγου
504 1674 782 1743 Ἰωάννου,
844 1669 1006 1730 ἔλαϐε
1062 1673 1152 1729 καὶ
1205 1674 1269 1728 τὸ
1324 1678 1430 1728 τῶν
1492 1675 1941 1747 θαυματουργιῶν

291 1767 560 1842 χάρισμα,
584 1766 674 1820 καὶ
707 1763 917 1836 ἐκλήθη
971 1764 1418 1838 Θαυματουργὸς,
1483 1767 1659 1817 ποιῶν
1693 1762 1938 1834 θαύματα

2047 567 2339 640 ﬁrmoque
2394 568 2592 624 animo
2649 568 2886 624 beatam
2945 569 3205 625 animam
3270 570 3516 626 Domino
3575 576 3698 628 tra-

2044 656 2214 712 didit.

2600 947 2841 1002 EODEM
2879 947 3136 1003 MENSE.

2540 1036 2642 1092 Die
2673 1037 2903 1092 decima
2929 1038 3199 1109 septima.

2053 1143 2207 1199 194
2247 1143 2700 1200 Commemoratio
2750 1145 2927 1199 sancti
2973 1147 3157 1200 Patris
3203 1147 3380 1201 nostri
3445 1147 3701 1215 Gregorii

2331 1216 2746 1285 Thaumaturgi,
2780 1218 3019 1286 episcopi
3051 1219 3428 1273 Neoccesareae.

2121 1323 2223 1378 Hic
2279 1323 2602 1378 Aureliano
2661 1324 3019 1395 imperatore
3086 1325 3308 1391 ﬂoruit,
3371 1327 3699 1385 Grecorum

2048 1417 2361 1484 parentum
2417 1413 2614 1480 ﬁlius;
2690 1415 2816 1485 ipse
2900 1419 3099 1468 autem
3182 1415 3574 1486 Christianus,
3628 1419 3697 1473 ﬁ-

2049 1502 2263 1573 deique
2312 1503 2657 1573 mysterium
2697 1519 2731 1558 a
2761 1503 3129 1558 sanctissima
3158 1505 3407 1576 Deipara
3437 1511 3496 1561 et
3521 1508 3696 1562 Joan-

2050 1608 2125 1646 ne
2187 1591 2478 1664 Theologo
2546 1608 2652 1662 per
2706 1592 2993 1648 visionem
3034 1594 3296 1661 edoctus,
3356 1597 3586 1668 accepit
3641 1602 3701 1653 et

2052 1680 2275 1736 donum
2307 1682 2753 1749 miraculorum,
2815 1683 2971 1737 unde
3029 1684 3448 1758 Thaumaturgi
3481 1703 3698 1758 cogno-

2051 1777 2318 1825 mentum
2345 1770 2593 1842 adeptus
2626 1775 2716 1825 est
2759 1770 2831 1826 ob
2877 1771 3065 1826 multa
3093 1773 3399 1841 miracula,
3434 1792 3565 1846 quas
3591 1792 3700 1846 pa-

290 1826 496 1924 ἓολλιί,
613 1855 688 1908 ὧν
719 1826 942 1908 εἶσίκαί
971 1826 1158 1912 ταῦτα.
1217 1826 1322 1913 Eia.
1367 1826 1470 1928 γαρ
1525 1826 1933 1922 Ἀλεξάνδρειαν

2459 1826 2472 1842 ι
3217 1826 3269 1828 ’θ’
3292 1826 3399 1841 ""‘v
3441 1826 3560 1846 1""
3592 1826 3668 1846 τ’*

2052 1861 2242 1926 travit,
2271 1877 2341 1915 ex
2371 1860 2586 1931 quibus
2617 1860 2744 1916 haec
2788 1867 3212 1919 memorantur.
3247 1863 3552 1920 Profectus
3583 1866 3694 1920 ali-

287 1944 564 2012 ἀπεΑΘὼν,
597 1944 685 1998 καὶ
745 1943 1146 2017 κατηγορηθεὶς
1203 1941 1305 1997 ὑπὸ
1363 1942 1587 2016 πόρνης,
1637 1939 1934 2013 ἐπιπέμπει

292 2033 429 2106 αύτῇ
460 2030 712 2106 δαίμονα’
744 2033 835 2086 καὶ
865 2030 1029 2085 πάλιν
1091 2030 1254 2086 ἰᾶται.
1312 2030 1443 2087 Εἶτα
1501 2030 1578 2104 μή
1636 2031 1822 2106 παρὼν
1880 2027 1931 2083 έν

291 2121 578 2194 Ἀμασείᾳ,
611 2119 762 2193 ὅμως
795 2116 884 2174 διὰ
911 2120 1010 2189 τὴν
1061 2119 1231 2174 αὐτοῦ
1269 2118 1489 2193 ἀρετήν,
1541 2122 1934 2194 χειροτονεῖται

287 2211 587 2274 ἐπίσκοπος
638 2210 741 2265 ὑπὸ
809 2207 1084 2282 Φαιδίμου
1137 2213 1236 2264 τοῦ
1295 2208 1605 2281 Ἀμασείας.
1665 2207 1828 2272 Λίθον
1880 2204 1937 2262 δὲ

294 2300 456 2373 μέγαν
507 2299 743 2369 ποιήσας
793 2299 1178 2371 περιπατῆσαι,
1235 2291 1488 2352 ἐϐάπτισε
1539 2296 1634 2351 τὸν
1684 2315 1936 2370 προσμυ-

287 2389 468 2462 νὰριον
498 2391 614 2441 τῶν
668 2384 939 2443 εἰδώλων.
997 2382 1276 2462 Ἀδελφῶν
1329 2382 1385 2440 δὲ
1444 2382 1539 2439 δύο
1593 2381 1683 2438 διὰ
1734 2383 1934 2458 λίμνην

294 2477 654 2551 μαχομένων,
687 2473 936 2550 ἐξήρανεν
969 2474 1160 2544 αὐτήν·
1192 2473 1284 2527 καὶ
1348 2474 1448 2542 τὴν
1499 2468 1694 2548 ῥάϐδον
1739 2473 1937 2544 πήξας,

290 2564 484 2634 ἔστησε
513 2559 784 2636 ποταμόν·
818 2564 940 2634 ¹Ιῇτις
976 2562 1066 2616 καὶ
1124 2561 1332 2637 ἐγένετο
1393 2560 1468 2625 εἷς
1523 2557 1740 2634 δένδρον
1783 2562 1935 2637 μέγαο

285 2655 373 2709 καὶ
429 2651 576 2708 ἄλλα
633 2651 796 2726 μυρία
843 2653 1100 2722 ποιήσας,
1157 2649 1208 2705 ἐν
1266 2655 1346 2723 τῷ
1407 2647 1626 2724 μέλλειν
1683 2647 1942 2722 ἐκδημεῖν

297 2742 622 2819 ηὐχαρίστει
651 2745 729 2813 τῷ
760 2746 898 2812 Θεῷ,
933 2740 1014 2794 ὅτι
1055 2738 1106 2793 ἐν
1137 2743 1206 2814 τῇ
1255 2738 1418 2794 αὐτοῦ
1457 2738 1615 2794 πόλει
1647 2739 1938 2803 τοσούτους

296 2829 650 2908 Χριστιανοὺς
702 2829 1010 2900 κατέλιπεν,
1069 2826 1230 2891 ὅσους
1306 2826 1453 2903 εὗρεν
1510 2827 1788 2901 ἀπίστους,
1849 2827 1940 2884 καὶ

293 2919 462 2982 οὕτως
493 2919 786 2988 ἐτελειώθη
799 2960 811 2974 .

827 3134 1012 3190 MIINI
1059 3138 1144 3187 ΤΩ
1199 3135 1403 3190 ΑΥΤΩ.

1071 3250 1158 3305 III’

495 3357 765 3429 Ἀθλησις
795 3361 891 3412 τοῦ
921 3355 1075 3433 ἁγίου
1106 3356 1376 3434 μάρτυρος
1408 3355 1720 3423 Πλάτωνος.

359 3521 593 3579 Πλάτων
649 3523 677 3575 ὁ
739 3519 944 3596 μάρτυς
1023 3522 1266 3596 ὑπῆρχεν
1327 3521 1433 3576 ἀπὸ
1516 3521 1782 3598 Ἀγκύρας
1837 3530 1941 3593 τῆς

289 3611 586 3679 Γαλατίας,
629 3608 862 3688 ἀδελφὸς
921 3613 1016 3664 τοῦ
1075 3610 1232 3685 ἁγίου
1295 3609 1566 3686 μάρτυρος
1626 3612 1936 3687 Ἀντιόχου.

287 3703 385 3757 Διὰ
442 3699 500 3756 δέ
554 3700 656 3769 τήν
709 3701 786 3764 εἷς
844 3699 1076 3772 Χριστὸν
1137 3699 1436 3775 ὁμολογίαν
1488 3699 1760 3776 ἐκρατήθη
1795 3702 1940 3777 παρᾶ

287 3791 651 3869 Ἀγριππίνου
705 3794 803 3845 τοῦ
859 3792 1156 3865 ἡγεμόνος,
1215 3790 1293 3846 ἔτι
1349 3796 1470 3854 νέος
1520 3793 1620 3861 τὴν
1689 3792 1933 3863 ἡλικίαν

282 3883 372 3936 καὶ
409 3882 488 3955 μή
521 3879 758 3944 πεισθεὶς
797 3881 952 3934 θῦσαι
1007 3884 1124 3942 τοῖς
1184 3875 1460 3949 εἶδώλοις,
1515 3879 1769 3936 τύπτεται
1832 3883 1935 3937 ὑπὸ

287 3969 504 4026 δώδεκα
584 3972 925 4043 στρατιωτῶν
1007 3967 1139 4041 μετὰ
1223 3963 1482 4044 ῥαϐδίων
1595 3970 1686 4024 καὶ
1766 3971 1934 4027 πάλιν

281 4059 569 4121 ἆπῖωθεῖς
626 4056 714 4113 ἐπὶ
768 4052 1042 4134 κραϐἀτου
1102 4054 1330 4132 σιδηροῦ
1405 4061 1930 4135 πεπυρακτωμένου,

2043 1950 2280 2022 quando
2313 1950 2752 2016 Alexandriam,
2773 1951 2834 2004 in
2859 1956 3140 2014 scortum,
3167 1952 3326 2021 quod
3349 1952 3418 2007 de
3445 1970 3506 2008 se
3530 1954 3698 2008 oblo-

2045 2046 2345 2112 queretur,
2371 2039 2703 2095 daemonem
2730 2039 3000 2104 immisit,
3025 2039 3128 2094 sed
3151 2041 3326 2111 paulo
3354 2047 3488 2113 post
3517 2045 3698 2100 etiam

2039 2130 2280 2202 fugavit.
2314 2132 2360 2184 A
2405 2129 2706 2184 Pbaadimo
2749 2131 3014 2184 Amaseaa
3058 2130 3356 2202 episcOpo,
3389 2131 3701 2188 ordinatur

2043 2220 2376 2291 episcopus,
2411 2235 2545 2273 cum
2585 2219 2850 2273 Amaseaa
2900 2234 3022 2272 non
3069 2218 3342 2286 adesset;
3376 2224 3541 2274 tanta
3572 2227 3699 2278 erat

2041 2309 2324 2364 virtutum
2356 2307 2518 2362 illius
2567 2308 2788 2379 opinio.
2838 2308 3051 2362 Saxum
3100 2309 3311 2380 ingens
3351 2309 3466 2364 alio
3499 2315 3697 2366 trans-

2043 2398 2217 2454 tulit:
2269 2414 2456 2468 eoque
2506 2398 2672 2470 signo
2718 2397 3012 2452 idolorum
3058 2397 3342 2469 ardituum
3394 2399 3466 2454 ad
3517 2400 3698 2457 ﬁdem

2045 2505 2391 2544 conversum
2421 2487 2748 2558 baptizavit.
2801 2487 3109 2558 Paludem,
3155 2504 3395 2543 causam
3435 2489 3700 2545 rixarum

2045 2578 2201 2632 inter
2231 2578 2378 2632 duos
2427 2575 2660 2642 fratres,
2714 2576 3042 2631 exsiccavit.
3095 2577 3362 2631 Fluvium
3413 2577 3605 2632 defixo
3637 2579 3701 2633 in

2048 2672 2267 2721 terram
2290 2665 2631 2736 baculo,qui
2657 2670 2716 2719 et
2737 2665 2798 2719 in
2820 2681 3094 2738 magnam
3123 2667 3378 2720 excrevit
3399 2667 3696 2736 arborem,

2049 2754 2601 2824 coercuit.Cumque
2623 2755 2940 2808 innumera
2960 2754 3077 2809 alia
3096 2759 3371 2824 portenta
3393 2755 3697 2825 edidisset,

2049 2845 2407 2916 migraturus
2437 2842 2509 2896 ad
2542 2843 2881 2910 Dominum,
2913 2843 3132 2914 gratias
3157 2843 3244 2896 illi
3280 2843 3508 2915 agebat,
3543 2843 3704 2914 quod

2050 2939 2135 2989 tot
2163 2932 2532 3003 relinqueret
2561 2932 2624 2985 in
2673 2947 2779 2986 sua
2827 2931 2995 2999 urbe,
3026 2931 3396 2987 Christianos
3425 2939 3572 3003 quot
3600 2934 3700 2988 in-

2050 3022 2258 3078 ﬁdeles
2285 3023 2592 3077 invenerat
2619 3037 2632 3075 :
2668 3026 2844 3092 atque
2865 3022 3024 3076 hunc
3058 3021 3119 3075 in
3149 3020 3395 3076 modum
3427 3021 3699 3078 decessit.

2608 3130 2849 3185 EODEM
2895 3130 3148 3184 MENSE.

2543 3237 2649 3294 Die
2700 3237 2931 3294 decima
2976 3242 3196 3293 octava.

2233 3346 2382 3404 195
2419 3347 2704 3402 Certamen
2743 3349 2918 3402 sancti
2955 3348 3212 3416 martyris
3261 3344 3524 3401 Platonis.

2124 3525 2290 3581 Plato
2311 3529 2538 3596 martyr
2559 3531 2808 3597 Ancyras
2831 3525 3070 3580 Galatia:
3099 3529 3294 3587 natus,
3314 3523 3496 3578 frater
3518 3523 3706 3579 sancti

2052 3617 2332 3686 martyris
2361 3615 2659 3680 Antiochi,
2688 3615 2882 3669 adhuc
2902 3613 3250 3669 adolescens
3281 3613 3354 3667 ab
3384 3613 3707 3684 Agrippino

2048 3704 2324 3776 prmfecto
2366 3704 2438 3758 ob
2493 3703 2706 3758 Christi
2739 3703 3178 3758 confessionem
3210 3701 3704 3771 comprehensus,

2057 3810 2193 3848 cum
2216 3793 2390 3847 idolis
2413 3809 2582 3848 sacra
2602 3792 2794 3847 facere
2820 3791 3027 3856 nollet,
3050 3791 3224 3863 virgis
3249 3790 3494 3844 caeditur
3515 3806 3548 3843 a
3569 3790 3710 3844 duo-

2054 3881 2247 3938 decim
2277 3881 2568 3936 militibus
2595 3898 2607 3935 :
2669 3881 2882 3936 deinde
2938 3898 3117 3952 super
3153 3878 3417 3934 candens
3448 3878 3706 3933 ferreum

2057 3972 2366 4044 grabatum
2411 3977 2712 4038 extensus,
2765 3970 2982 4024 iterum
3040 3968 3296 4024 fustibus
3337 3968 3704 4039 percutitur:

2048 4067 2174 4117 tum
2204 4061 2412 4117 ferreis
2441 4060 2577 4132 pilis
2606 4059 2998 4115 candentibus
3028 4059 3235 4115 axillas
3277 4058 3499 4113 circum
3533 4064 3591 4113 et
3614 4049 3709 4113 la-

281 4144 614 4225 ῥαϐδίζεταν
645 4147 735 4202 καὶ
793 4147 1040 4224 σφαίραις
1100 4144 1350 4220 σιδηραῖς
1408 4149 1930 4222 πεπυρακτωμέναις

2051 4167 2163 4206 εειιᾶ
2189 4149 2482 4217 aduritur,
2505 4155 2574 4204 ut
2614 4149 2858 4205 flamma
2910 4149 3073 4204 fumo
3105 4148 3389 4220 permista
3430 4165 3500 4202 ex
3530 4146 3693 4202 illius

275 4239 371 4301 τὰς
407 4235 704 4312 μασχάλας
733 4237 819 4292 καὶ
880 4236 974 4298 τὰς
1027 4234 1265 4310 πλευρὰς
1315 4235 1731 4312 καταφλέγεται·
1793 4238 1932 4295 ὥστε

2051 4240 2278 4296 mribus
2309 4245 2663 4311 erumperet.
2700 4241 2826 4294 Mox
2869 4239 3124 4294 dissecta
3155 4243 3288 4293 ente
3321 4236 3688 4292 intercidun-

278 4328 367 4382 καὶ
407 4329 512 4396 τὴν
555 4324 732 4404 φλόγα
763 4322 853 4380 διὰ
878 4329 986 4380 τῶν
1021 4324 1182 4400 ῥινῶν
1213 4325 1380 4380 αὐτοῦ
1439 4324 1530 4380 σὺν
1562 4331 1751 4400 καπνῷ
1781 4327 1928 4401 ἐξερ-

2051 4346 2129 4384 ;ur
2159 4346 2192 4385 a
2220 4329 2410 4400 capite
2439 4345 2544 4400 per
2576 4327 2809 4383 lumbos
2841 4327 2914 4383 ad
2962 4328 3112 4383 talos
3143 4343 3331 4398 usque
3362 4327 3509 4391 lora,
3543 4342 3689 4396 quo-

281 4419 530 4491 χομένην
560 4414 805 4492 ὁρᾶσθαι.
838 4415 968 4470 Εἶτα
999 4410 1400 4488 έλωροτομήθη
1461 4414 1567 4470 ἀπὸ
1622 4418 1720 4485 τῆς
1759 4437 1924 4495 κειρα-

283 4503 386 4573 λῆς
451 4506 620 4579 μέχρι
676 4507 785 4558 τῶν
833 4506 1076 4575 πτερνᾶω
1130 4503 1224 4565 τὰς
1277 4502 1416 4576 ψύας
1470 4505 1654 4563 αὐτοῦ.
1705 4507 1791 4580 Ἐξ
1850 4508 1922 4562 ὢν

2031 4434 2164 4472 rum
2211 4435 2400 4473 unum
2447 4419 2509 4471 in
2557 4417 2862 4489 Agrippini
2910 4417 3144 4481 faciem,
3189 4415 3500 4486 objurgata
3528 4414 3690 4469 illius

2036 4507 2406 4572 crudelitate,
2431 4507 2740 4561 contorsit.
2765 4508 2905 4560 Post
2927 4506 3050 4560 haec
3073 4504 3293 4558 carceri
3326 4503 3687 4558 includitur:

281 4568 467 4650 λαϐὼν
502 4568 713 4667 {iam
760 4589 856 4647 ἕνα
911 4568 1118 4665 λῶρον,
1175 4568 1470 4669 ἀπέρριψεν
1525 4594 1601 4656 εἰς
1651 4596 1714 4650 τὸ
1743 4568 1924 4672 πρόσ-

2051 4597 2214 4664 inde,
2241 4614 2375 4652 cum
2398 4601 2533 4667 post
2555 4600 2685 4650 octo
2713 4594 2943 4649 dierum
2967 4592 3229 4648 inediam
3251 4590 3692 4662 suaderetur,ut

281 4703 428 4737 ωπον
480 4679 860 4756 Ἀγριππίνου,
911 4678 1210 4756 διελέγχων
1275 4680 1440 4737 αὐτοῦ
1490 4683 1589 4752 τὴν
1641 4683 1924 4758 ὡμότητα,

2037 4687 2232 4742 cibum
2266 4691 2546 4751 sumeret,
2575 4683 2872 4755 simulque
2894 4683 3276 4737 irrideretur:
3312 4681 3690 4749 Verbum,in-

282 4772 413 4826 Εἶτα
445 4765 886 4843 έμϐάλλεταιείς
940 4767 1214 4846 φυλακὴν,
1278 4769 1368 4824 καὶ
1426 4770 1674 4841 νηστεύει
1717 4775 1929 4848 ἡμέρας

2051 4777 2184 4848 quit,
2218 4776 2434 4831 Christi
2467 4775 2585 4830 mei
2615 4791 2709 4830 me
2741 4774 2866 4828 alit.
2927 4775 3150 4828 Rursus
3194 4773 3393 4843 itaque
3425 4789 3454 4826 e
3489 4776 3684 4827 custo-

283 4860 446 4914 ὀκτώ.
505 4865 636 4921 Τοῖς
695 4857 753 4914 δὲ
807 4860 1177 4934 προσάγουσιν
1238 4859 1388 4931 αὐτῷ
1451 4856 1634 4937 ἄρτον,
1691 4865 1782 4916 καὶ
1834 4861 1928 4919 λέ-

2051 4867 2134 4923 lia
2163 4866 2428 4930 eductus,
2462 4864 2976 4935 excruciatusque,
3019 4867 3196 4934 caput
3243 4863 3437 4919 lictori
3479 4878 3690 4934 ampu-

277 4970 484 5022 γουσιν,
563 4950 646 5003 δτι
707 4947 876 5024 Φάγε,
955 4949 1043 5003 καὶ
1131 4946 1518 5023 χλευάζουσιν,
1579 4950 1921 5026 ἀπεκρίνατοο

2035 4956 2280 5012 tandum
2308 4955 2480 5010 laetus
2510 4953 2793 5026 porrexit.

278 5039 408 5110 Ἑμὶ
457 5040 642 5115 τρέφει
701 5039 730 5094 ὁ
792 5036 960 5111 λόγος
1011 5041 1110 5092 τοῦ
1167 5039 1403 5113 Χριστοῦ
1457 5059 1583 5113 μου.
1644 5041 1746 5096 Καὶ
1803 5043 1973 5101 πάλιν
2029 5040 2321 5115 ἐκϐληθεὶς
2392 5049 2495 5112 τῆς
2583 5040 2853 5120 φυλακῆς,
2927 5041 3019 5096 καὶ
3097 5040 3406 5118 βασασθεὶς,
3474 5040 3687 5117 χαίρων

281 5126 689 5202 ἀπεκεφαλίσθη
701 5169 713 5183 .

846 5236 927 5308 Τῇ
970 5232 1106 5306 αὖτῇ
1151 5232 1349 5309 ἡμέρᾳο

348 5321 618 5394 Ἀθλησις
639 5327 736 5378 τοῖ’)
791 5323 953 5411 ἆγίὶου
989 5321 1579 5415 μάρτυροςΙῬωμανοῦ
1607 5325 1699 5381 καὶ
1752 5331 1851 5383 τοῦ

845 5415 939 5449 συν
970 5415 1117 5464 αυτῳ
1147 5415 1369 5465 νηπιου.

344 5503 472 5559 Ἐπί
503 5503 846 5576 Μαξιμιανοῦ
875 5506 972 5556 τοῦ
1029 5499 1349 5578 παρανόμου
1399 5503 1486 5558 καὶ
1549 5504 1707 5568 οὗτος
1745 5504 1920 5583 ἒμαρ-

271 5593 490 5670 τύρησε.
556 5593 682 5647 Καθ’
764 5587 887 5647 ὁδὸν
967 5590 1072 5667 γὰρ
1155 5594 1485 5664 συναντήσας
1557 5598 1635 5666 τῷ
1691 5595 1918 5673 ἐπάρχῳ

271 5679 652 5758 Δσκληπιάδῃ
685 5679 763 5746 εἷς
793 5682 886 5738 τὸν
917 5684 1026 5738 τῶν
1087 5677 1330 5739 εἰδώλων
1370 5681 1733 5761 ἀπερχομένῳ
1762 5688 1918 5761 ναὸν,

2687 5241 2908 5298 Eodem
2939 5241 3033 5297 die

2040 5333 2184 5390 [96
2233 5332 2517 5388 Certamen
2563 5334 2740 5388 sancti
2794 5330 3055 5400 martyris
3128 5328 3384 5398 Romani,
3440 5334 3490 5384 et
3546 5326 3685 5384 socii

2737 5405 2989 5473 infantis.

2101 5513 2203 5570 Hic
2218 5511 2758 5584 impioMaximiano
2775 5512 3105 5584 imperante
3117 5509 3467 5582 martyrium
3481 5506 3683 5564 subiit.

2029 5602 2269 5659 Obviam
2292 5601 2452 5657 enim
2473 5601 2663 5658 factus
2693 5600 3029 5673 Asclepiadi
3051 5599 3329 5672 praefecto
3363 5601 3511 5659 tum,
3545 5612 3683 5651 cum

2027 5691 2327 5750 idolorum
2353 5691 2562 5748 fanum
2610 5690 3046 5764 ingrederetur,
3079 5690 3200 5746 zelo
3249 5700 3552 5751 accensus,
3586 5699 3684 5738 co-
