4114 6306
223 419 329 482 169

1683 418 2134 483 NOVEMBER.

3512 427 3629 490 170

218 553 439 628 βασιλέα
522 554 551 608 6
604 554 888 627 προήτης.
964 553 1060 608 Καὶ
1145 554 1252 609 ἀπὸ
1342 555 1467 610 τότε
1547 549 1853 609 καταλιπὼν

1981 570 2095 627 que
2127 553 2459 627 disciplinae
2491 572 2551 610 se
2582 553 2843 610 tradidit.
2876 556 3139 627 Cumque
3161 556 3349 614 multa
3368 562 3629 634 prophe‘

210 643 291 697 τὸν
348 640 641 716 βασιλὲαὸ
674 637 930 713 Ἀϐδιοῦ,
987 642 1283 713 ἠκολούθει
1337 647 1419 716 τῷ
1476 643 1620 718 ἁγίῳ
1677 641 1866 712 Ἠλίᾳ,

216 732 307 787 Καὶ
362 732 667 807 γενόμενος
722 732 896 787 αὑτοῦ
981 734 1254 805 μαθητὴς,
1337 733 1428 788 καὶ
1484 730 1867 809 προφητεύσας

212 818 407 929 πῗλλᾶ,
439 819 695 891 ἀπέθανε,
724 820 818 876 καὶ
850 820 1021 899 ἐτάφη
1055 821 1106 877 ἐν
1134 825 1217 895 τῷ
1246 826 1404 894 τάφῳ
1457 826 1568 876 τῶν
1616 815 1867 893 πατέρων

216 930 392 967 αυτου.

771 1029 953 1085 MHNI
993 1031 1086 1086 ἸὮ
1126 1034 1302 1084 ΔΥῙὩ

347 1165 353 1177 .
1011 1119 1067 1173 Κ“

216 1206 479 1278 Ἀθλησις
533 1210 634 1261 τοῦ
688 1208 848 1282 ἁγίου
911 1209 1182 1282 μάρτυρος
1240 1206 1436 1263 Δαισίου
1487 1209 1587 1260 τοῦ
1653 1203 1707 1259 ἐν
1765 1210 1863 1257 Δο-

895 1278 1164 1352 ροστόλῳ.

275 1388 363 1445 Ἐν
389 1390 463 1460 τῇ
490 1384 628 1462 αύτῇ
658 1386 820 1443 πόλει
851 1392 1101 1443 τοιοῦτον
1146 1382 1266 1452 ἔθος
1308 1387 1373 1457 ἦν
1425 1391 1543 1448 τοῖς
1599 1381 1861 1463 ’Ἑλλησιο

207 1481 282 1547 τῷ
341 1476 536 1551 Κρόνῳ
593 1475 883 1532 ἐπετέλουν
960 1478 1153 1553 ἑορτὴν
1236 1476 1487 1548 ἐτησίως.
1550 1475 1662 1548 Πρὸ
1714 1471 1864 1546 τριά-

208 1586 369 1620 κοντα
427 1562 489 1620 δὲ
540 1567 765 1640 ἡμερῶν
822 1569 924 1635 τῆς
974 1565 1231 1637 τοιαύτης
1316 1570 1564 1640 μυσάρῆς
1644 1563 1839 1637 ἑορτῆς

215 1653 532 1731 ἐπελέγοντο
590 1651 686 1711 ἕνα
745 1655 861 1711 τινὰ
931 1661 1037 1711 τῶν
1124 1658 1492 1731 στρατιωτῶν,
1568 1653 1688 1708 νέον
1769 1672 1836 1705 κα

212 1740 406 1813 εύειδῆ.
469 1744 577 1800 Καὶ
669 1740 989 1819 εὐτρέπιζον
1070 1745 1207 1820 πρὸς
1293 1740 1502 1810 θυσίαν,
1587 1738 1858 1800 ἐνδύοντες

208 1833 368 1888 αὐτὸν
401 1834 599 1906 ἱμάτια
657 1833 936 1909 βασιλικὰ,
981 1833 1072 1889 καὶ
1130 1832 1528 1909 προτρέποντες
1587 1826 1851 1899 ἀποπλη-

1984 649 2184 712 tasset,
2218 644 2383 713 obiit,
2419 649 2478 699 et
2508 645 2567 699 in
2600 645 2939 716 sepulcrum
2970 651 3206 717 patrum
3227 665 3470 706 suorum
3493 652 3626 709 illa-

1981 738 2076 789 tus
2106 739 2215 791 est.

2531 1032 2772 1087 EODEM
2812 1032 3065 1087 MENSE.

2593 1121 2696 1176 Die
2722 1120 3004 1177 vicesima

1977 1208 2130 1265 I99
2190 1209 2474 1266 Certamen
2551 1213 2730 1265 sancti
2804 1213 3067 1281 martyris
3145 1211 3295 1268 Dasii
3375 1214 3435 1267 in
3491 1213 3626 1269 urbe

2639 1283 2946 1338 Dorostolo.

2046 1392 2112 1446 In
2141 1390 2251 1445 hac
2276 1388 2422 1445 urbe
2453 1406 2581 1444 mos
2610 1390 2719 1445 iste
2751 1391 3087 1445 Graecorum
3119 1396 3264 1459 erat,
3296 1396 3362 1445 ut
3384 1391 3627 1463 triginta

1974 1487 2112 1538 ante
2143 1481 2376 1550 diebus,
2409 1497 2587 1552 quam
2620 1481 2957 1536 Saturnalia
2996 1479 3386 1549 celebrarent,
3436 1497 3623 1537 unum

1972 1571 2235 1642 aliquem
2267 1588 2338 1627 ex
2369 1569 2657 1626 militibus
2688 1570 2905 1642 insigni
2940 1570 3133 1625 forma
3185 1570 3623 1626 adolescentem

1973 1659 2321 1732 deligerent,
2356 1676 2534 1731 quem
2564 1659 2864 1714 victimam
2910 1659 3161 1714 Saturno
3217 1659 3621 1717 destinabant.

1974 1751 2139 1805 Hunc
2170 1751 2330 1820 regio
2361 1749 2524 1805 cultu
2557 1748 2829 1803 indutum
2862 1748 3272 1816 hortabantur,
3335 1754 3401 1803 ut
3443 1749 3623 1821 genio

1966 1838 2330 1911 indulgeret,
2364 1854 2691 1908 omnesque
2723 1853 2858 1892 suas
2917 1837 3272 1908 cupiditates
3320 1838 3622 1910 expleret:

209 1925 334 1995 ροῦν
394 1923 570 1976 πᾶσαν
625 1921 911 1996 ἐπιθυμίαν
967 1922 1153 1990 αὐτοῦ,
1213 1923 1287 1984 ὡς
1351 1921 1486 1995 μετᾶ
1565 1920 1853 1995 τριάκοντα

1972 1933 2182 2003 quippe
2215 1930 2314 2001 qui
2348 1932 2481 1999 post
2512 1928 2872 1982 tricesimam
2907 1926 3062 1981 diem
3094 1926 3167 1982 ad
3194 1927 3429 1982 Saturni
3451 1943 3620 1983 aram

206 2011 417 2085 ἡμέρας
483 2009 764 2084 μέλλοντα
815 2011 1006 2066 ἑαυτὸν
1064 2009 1348 2086 ἐπισφάξαι
1402 2014 1483 2081 τῷ
1529 2010 1705 2082 βωμῷ
1762 2009 1861 2062 τοῦ

202 2100 432 2171 Κρόνου.
492 2098 784 2163 Έλθόντος
842 2098 900 2156 δὲ
955 2104 1051 2156 τοῦ
1107 2101 1320 2173 κλήρου
1375 2099 1463 2153 καὶ
1523 2096 1612 2153 ἐπὶ
1669 2094 1859 2151 Δάσιον

202 2189 288 2243 τὸν
345 2188 712 2263 στρατιώτην,
770 2189 863 2244 καὶ
913 2193 1021 2244 τῶν
1082 2190 1494 2265 συστρατιωτῶν
1576 2186 1858 2260 περιστάν-

208 2298 306 2332 των
336 2278 489 2350 αύτῷ
515 2278 609 2333 καὶ
640 2279 775 2353 πρὸς
823 2279 892 2335 τὰ
947 2279 1114 2352 ὅμοια
1172 2273 1598 2351 ἐκϐιαζομένων,
1656 2273 1863 2337 ἐκεῖνος

205 2369 387 2443 ἀγαθῷ
416 2369 680 2445 λογισμῷ
712 2370 1087 2445 χρησάμενος,
1129 2369 1400 2439 ἐσκόπησε
1449 2370 1511 2422 τὸ
1561 2364 1861 2444 συμφέρον,

201 2457 503 2524 εἷπὼν,δτι
564 2456 776 2516 Μὲλλω
839 2465 1033 2523 Θανεῖν·
1094 2456 1341 2533 κρεῖττόν
1402 2455 1501 2530 μοί
1558 2454 1723 2525 ἐστιν,
1783 2455 1859 2518 ὡς

199 2547 696 2624 Χριπιανῷ,ύπὲρ
723 2553 822 2603 τοῦ
881 2551 1114 2620 Χριστοῦ
1172 2569 1279 2621 μου
1335 2547 1643 2610 ἀποθανεῖν.
1705 2548 1859 2608 Ὅθεν

201 2639 477 2710 παραστὰς
530 2642 610 2710 τῷ
665 2642 763 2692 τοῦ
830 2635 1102 2713 ἄρχοντος
1172 2638 1403 2711 βήματι,
1462 2638 1860 2704 Διοκλητιανοῦ

204 2726 292 2780 καὶ
325 2724 679 2799 Μαξιμίανοῦ
707 2731 871 2782 τοῦτο
905 2727 1214 2799 μαθόντων,
1273 2725 1365 2780 καὶ
1420 2723 1857 2800 προσταξάντων,

204 2813 516 2869 καὶπολλὰ
541 2817 1004 2890 τιμωρησάντων,
1032 2814 1344 2871 τελευταῖον
1394 2815 1492 2884 τήν
1542 2812 1629 2867 διὰ
1678 2813 1863 2886 ξίφους

201 2902 417 2978 ἐδέξατο
448 2903 733 2978 τελευτήν.

785 3026 867 3096 Τῇ
908 3023 1045 3096 αὖτῇ
1085 3019 1269 3099 ἡμέρᾳ

205 3110 477 3188 Ἀθλησις
533 3116 643 3166 τῶν
701 3112 871 3188 ἁγίων
938 3117 1046 3188 τῷν
1130 3110 1181 3166 ἐν
1268 3109 1517 3188 Περσίδι-
1577 3130 1863 3188 μαρτυρη-

273 3183 481 3274 eivs-cu?
531 3183 763 3271 ~and’5;
815 3184 1139 3251 ἐπισκόπου,
1197 3185 1286 3238 καὶ
1347 3183 1593 3260 Ἴωσήφ,
1659 3183 1862 3256 μαθη-

264 3274 361 3307 του
390 3275 580 3313 συτου.

261 3388 428 3445 Οὗτοι
458 3389 513 3443 οἱ
543 3389 687 3462 ἅγιοι
715 3390 997 3462 κατῴκουν
1059 3388 1111 3444 ἐν
1162 3384 1408 3455 Περσίδι,
1459 3385 1861 3465 ἐπιμελόμενοι

193 3478 408 3553 ἀρετῆς,
440 3478 535 3533 καὶ
566 3473 900 3554 φοϐούμεννι
933 3480 1023 3533 τὸν
1049 3476 1311 3547 ἀληθινὸν
1342 3476 1496 3546 Θεὸν,
1555 3478 1647 3531 τὸν
1697 3478 1858 3547 ποιή,

195 3584 355 3620 σαντα
381 3567 478 3621 τὸν
508 3564 732 3640 οὐρανὸν
763 3567 852 3621 καὶ
911 3567 1013 3636 τήν
1071 3568 1197 3642 γῆν,
1255 3565 1349 3620 καὶ
1403 3565 1505 3634 τήν
1563 3566 1858 3647 educam,

190 3656 273 3708 καὶ
334 3654 513 3709 πάντα
570 3654 637 3709 τὰ
697 3654 750 3709 ἐν
833 3653 1040 3723 αὐτοῖς,
1123 3654 1214 3711 καὶ
1299 3653 1667 3730 πορευόμενοι
1721 3652 1860 3708 γατὰ

189 3743 278 3806 τὰς
336 3741 569 3806 ἐντολᾶς
624 3743 809 3803 αὐτοῦ.
871 3745 973 3802 Καὶ
1029 3746 1058 3800 6
1121 3744 1214 3818 μὲν
1294 3747 1533 3819 Νηρσᾶς,
1618 3743 1856 3819 γεγονὼς

193 3832 462 3907 πρότερον
524 3832 827 3895 ἐπίσκοπος
883 3831 1128 3888 ἐδίδασκε
1180 3834 1273 3888 τὸν
1335 3832 1468 3889 λαὸν
1527 3834 1627 3903 τὴν
1700 3833 1854 3887 εὐσε-

198 3918 369 3992 εειαν,
431 3922 692 3987 πολλοὺς
746 3924 992 3997 μαθητὰς
1077 3924 1469 3997 ποιησάμενος·
1532 3923 1583 3978 ἐν
1645 3925 1728 3986 οἷς
1784 3923 1852 3991 ἦν

201 4014 285 4068 καὶ
345 4014 582 4091 Ἰωσήφ,
643 4015 671 4069 6
729 4013 949 4087 ὕστερον
1009 4011 1100 4069 διὰ
1155 4011 1380 4083 πολλὴν
1439 4013 1633 4089 ἀρετ-ἣν
1710 4033 1849 4087 προ-

190 4102 498 4177 χειρισθεὶς
527 4102 633 4156 ὑπὸ
662 4106 761 4157 τοῦ
822 4104 1016 4177 Νηρσᾶ
1075 4101 1390 4164 ἐπίσκοπος.
1447 4102 1575 4158 ’Ὀτε
1622 4097 1699 4171 δὲ,
1761 4097 1849 4155 διὰ

188 4193 243 4246 τὸ
273 4192 631 4267 ἐπιστρέφειν
676 4191 769 4246 τὸν
828 4189 962 4247 λαὸν
1020 4192 1126 4246 ἀπὸ
1176 4197 1276 4260 τῆς
1334 4188 1547 4261 πλάνης
1604 4189 1692 4244 ἐπὶ
1749 4190 1848 4258 τήν

187 4279 477 4351 ἀλήθειαν,
560 4279 930 4355 ἐκρατήθησαν
1015 4279 1119 4335 ὐπὸ
1202 4283 1310 4334 τῶν
1375 4278 1544 4342 ἆθὲων
1603 4281 1843 4354 Περσῶν,

188 4369 439 4446 ὑπῆρχεν
478 4371 509 4425 6
543 4371 640 4442 μὲν
669 4375 887 4447 Νηρσᾶς
916 4369 1047 4424 ἐτῶν
1085 4366 1443 4444 ὀγδοήκοντα,
1475 4368 1503 4422 6
1535 4364 1593 4421 δὲ
1639 4367 1842 4444 Ἰωσὴφ

188 4458 721 4535 ὀγδοηκονταπέντε.
813 4461 1178 4532 Παραστάντες
1266 4456 1358 4512 οὖν
1441 4461 1521 4530 τῷ
1604 4455 1841 4531 βασιλεῖ,

187 4546 391 4623 {crus
424 4550 603 4621 αὐτῷ,
637 4551 721 4603 ὅτι
760 4549 827 4605 Εἰ
871 4547 1117 4617 δύνασαί,
1171 4545 1416 4624 βασιλεῦ,
1463 4547 1598 4620 μετὰ
1642 4546 1703 4600 τὸ
1752 4558 1840 4610 θα·

1970 2021 2231 2092 seipsum
2259 2024 2415 2074 esset
2435 2016 2872 2071 immolaturus.
2900 2017 3109 2070 Lectus
3133 2016 3310 2088 igitur
3330 2020 3489 2071 sorte
3512 2017 3621 2072 Da-

1971 2110 2094 2165 sius
2126 2107 2319 2175 miles,
2353 2106 2509 2178 apud
2539 2107 2994 2161 circumstantes
3025 2105 3487 2174 commilitones,
3519 2107 3619 2176 qui

1972 2216 2107 2254 eum
2131 2196 2206 2253 ad
2239 2194 2361 2252 rem
2391 2194 2733 2267 hujusmodi
2766 2192 3225 2267 compellebant,
3270 2195 3493 2266 optima
3524 2211 3621 2250 ra-

1971 2289 2131 2343 tione
2163 2303 2327 2352 usus,
2359 2285 2740 2355 oblatamque
2759 2283 2869 2338 sibi
2896 2283 3271 2339 occasionem
3294 2284 3590 2356 arripiens

1970 2376 2237 2444 Quando,
2268 2374 2483 2446 inquit,
2510 2372 2887 2429 moriendum
2910 2372 3055 2427 mihi
3090 2377 3197 2439 est,
3222 2378 3465 2445 praestat
3484 2390 3626 2428 sane

1970 2468 2140 2535 mihi,
2159 2471 2226 2520 ut
2245 2464 2604 2529 Christiano,
2628 2480 2734 2535 pro
2757 2462 2988 2517 Christo
3011 2479 3144 2518 meo
3170 2468 3426 2519 mortem
3452 2480 3638 2535 oppe-

1971 2563 2113 2612 tere.
2139 2554 2536 2621 Quamobrem
2562 2552 2909 2607 Diocletiani
2933 2557 2992 2607 et
3013 2551 3532 2624 Maximianijussu
3557 2552 3631 2608 ad

1969 2644 2230 2718 praefecti
2262 2642 2528 2699 tribunal
2571 2641 2913 2714 productus,
2962 2640 3287 2713 multisque
3316 2641 3632 2697 tormentis

1971 2731 2637 2799 excruciatus,tandem
2669 2730 2865 2802 gladio
2896 2747 3083 2785 caasus
3116 2734 3223 2784 est.

2619 3029 2835 3086 Eodem
2870 3026 2965 3085 die

1968 3124 2124 3180 200
2156 3122 2439 3178 Certamen
2496 3128 2809 3177 sanctorum
2866 3120 3062 3187 Nersae,
3113 3119 3375 3189 episropi,
3431 3124 3482 3173 et
3523 3116 3618 3173 Jo-

2036 3195 2212 3265 sephi,
2246 3194 2364 3264 ejus
2392 3192 2677 3263 discipuli,
2735 3190 2835 3263 qui
2890 3193 2948 3245 in
3005 3189 3227 3246 Perside
3281 3191 3619 3258 martyrium

2037 3267 2268 3323 subiere.

2037 3393 2141 3448 Isti
2174 3392 2362 3447 sancti
2393 3390 2454 3445 in
2485 3389 2727 3446 Perside
2757 3388 3127 3458 habitabant,
3170 3386 3453 3460 singulari
3500 3387 3620 3442 vir—

1968 3488 2090 3539 tute
2120 3483 2375 3555 prasditi,
2406 3482 2710 3551 Deumque
2741 3494 2944 3533 verum
2976 3479 3275 3544 timentes,
3330 3475 3432 3547 qui
3480 3475 3621 3531 fecit

1964 3572 2200 3642 caelum,
2233 3577 2293 3628 et
2320 3578 2562 3636 terram,
2594 3573 2653 3624 et
2680 3583 2864 3633 mare,
2899 3572 2957 3620 et
2985 3565 3188 3621 omnia
3238 3581 3369 3636 quas
3418 3563 3480 3618 in
3533 3563 3617 3618 eis

1963 3667 2121 3730 sunt,
2150 3666 2210 3717 et
2238 3660 2565 3716 secundum
2607 3657 2737 3729 ejus
2785 3654 3066 3710 mandata
3113 3652 3508 3708 ambulantes.
3549 3652 3621 3706 Et

1960 3753 2171 3807 Nersas
2201 3750 2443 3820 quidem
2463 3747 2722 3820 primum
2747 3745 3059 3816 episcopus
3088 3742 3218 3808 fuit,
3253 3746 3311 3796 et
3330 3739 3615 3812 populum

1958 3839 2033 3896 ad
2063 3839 2344 3911 pietatem
2378 3835 2691 3905 hortando,
2724 3831 3061 3904 complures
3093 3828 3418 3900 discipulos
3449 3827 3614 3900 fecit,

1955 3930 2019 3985 in
2045 3927 2261 4000 quibus
2292 3927 2403 3981 fuit
2452 3931 2509 3980 et
2554 3924 2788 3996 .loseph,
2852 3921 2955 3994 qui
2998 3926 3207 3993 postea
3261 3919 3334 3975 ab
3394 3916 3605 3974 eodem

1954 4021 2132 4073 Nersa
2156 4017 2228 4072 ob
2253 4016 2515 4089 insignes
2546 4015 2789 4068 virtutes
2821 4013 3135 4084 episcopus
3157 4014 3247 4064 est
3276 4008 3606 4063 ordinatus.

1953 4108 2097 4162 Cum
2129 4107 2308 4179 igitur
2337 4105 2409 4160 ab
2442 4104 2633 4160 atheis
2663 4102 2882 4170 Persis,
2923 4099 3082 4173 quod
3105 4098 3392 4172 populum
3424 4097 3495 4153 ab
3517 4114 3604 4151 er-

1952 4212 2085 4251 rore
2116 4195 2191 4252 ad
2221 4196 2497 4249 virtutem
2530 4195 2964 4255 converterent,
2995 4187 3411 4260 comprehensi
3440 4190 3608 4252 sunt,

1952 4293 2091 4343 tunc
2124 4287 2334 4340 Nersas
2376 4283 2675 4357 octoginta
2731 4297 3025 4337 annorum
3085 4283 3233 4346 erat,
3284 4282 3343 4331 et
3388 4275 3608 4347 Ioseph

1950 4376 2251 4447 octoginta
2281 4375 2566 4446 quinque.
2601 4371 2851 4427 Adducti
2886 4386 3021 4424 vero
3054 4368 3130 4423 ad
3151 4384 3349 4440 regem
3377 4382 3389 4420 :
3415 4366 3493 4433 Si,
3518 4365 3611 4418 in-

1952 4466 2184 4538 quiunt,
2225 4482 2258 4518 o
2287 4481 2409 4531 rex,
2446 4480 2553 4518 nos
2586 4462 2803 4533 septies
2835 4460 3061 4514 occisos
3092 4456 3166 4513 ad
3205 4457 3385 4510 vitam
3436 4470 3610 4507 revo-

1949 4554 2193 4622 caveris,
2230 4570 2349 4607 non
2382 4552 2603 4623 poteris
2629 4556 2829 4605 tamen
2862 4548 2933 4603 ab
2967 4562 3167 4602 amore
3191 4543 3406 4599 Christi
3429 4540 3610 4595 abdu-

185 4643 423 4693 νατῶσαι
454 4640 608 4712 ἡμᾶς
639 4638 859 4701 ἑπτάκις
906 4638 1225 4709 ἀναστῆσαι,
1283 4633 1413 4690 ούδὲ
1460 4634 1632 4697 οὕτως
1690 4638 1837 4709 ἡμᾶς

1972 4661 2107 4701 :ere.
2145 4644 2277 4698 Haec
2310 4658 2442 4698 cum
2476 4640 2782 4709 dixissent,
2815 4642 3058 4708 accepta
3087 4632 3266 4707 gladii
3290 4629 3588 4688 sententia

187 4731 452 4803 χωρίσεις
483 4728 592 4784 ἀπὸ
621 4737 720 4800 τῆς
773 4728 987 4804 ὢίάπης
1040 4733 1138 4784 τοῦ
1195 4715 1457 4805 Χριστοῦ.
1519 4726 1617 4782 Καὶ
1672 4731 1839 4782 ταῦτα

185 4817 449 4891 εἰπᾶντές,
478 4820 579 4887 τήν
614 4816 702 4873 διὰ
729 4823 825 4874 τοῦ
882 4818 1068 4894 ξίφους
1112 4815 1411 4894 προθύμως
1462 4811 1705 4886 ἐδέξαντο
1751 4835 1839 4870 τε-

187 4907 389 4979 λευτήν
400 4952 412 4964 .

778 5028 862 5101 Τῇ
902 5026 1039 5100 αὖτῇ
1079 5026 1264 5101 ἡμέρᾳ

188 5115 471 5192 Ἀρλησις-
544 5120 654 5171 τῶν
733 5116 917 5192 ᾁγίων
1008 5113 1285 5192 Ἰωᾶννου,
1343 5108 1658 5192 ’Σαϐωρίου
1741 5112 1841 5192 ’καὶ

257 5184 573 5260 ἸσςάιισιίουἈ
592 5193 701 5244 τῶν
729 5184 1066 5260 ἐπισκόπων,
1096 5188 1186 5243 καὶ
1219 5187 1424 5242 Δαπίου
1440 5184 1841 5259 καῖἸσαακίου,

256 5265 372 5316 τῶν
402 5256 803 5337 πρεσϐυτέρων.

245 5386 347 5441 Καὶ
406 5384 564 5443 οὗτοι
625 5386 676 5440 οἱ
736 5387 885 5461 ἅγιοι
942 5385 993 5440 ἐν
1051 5381 1265 5457 Περσίδι
1350 5381 1648 5458 ἐτύγχανον
1724 5380 1845 5437 ἐπί-

194 5503 389 5538 σκοποι
420 5476 886 5556 χρηματίζοντες.
926 5474 1079 5532 Ἐπεὶ
1111 5471 1168 5528 δὲ
1220 5473 1312 5528 τὸν
1360 5470 1491 5528 λαὸν
1540 5470 1842 5544 ἐδίδασκον,

193 5575 290 5642 τήν
348 5570 569 5640 πλάνην
626 5571 733 5623 τῶν
788 5569 1005 5641 Περσῶν
1048 5560 1346 5618 καταλῦσαι
1428 5558 1842 5633 σπουδάζοντες,

196 5659 284 5715 διὰ
310 5661 501 5739 λόγων
560 5659 805 5733 ἰσχυρῶν
871 5651 1338 5722 ἀποδεικνύοντες,
1377 5648 1546 5725 μηδὲν
1596 5654 1728 5706 εἷναι
1779 5653 1846 5706 τὰ

199 5749 424 5820 εἶδωλα,
484 5751 627 5823 μήτε
679 5748 771 5803 τὸν
821 5744 987 5815 ἣλιον
1044 5743 1081 5813 ἢ
1132 5741 1197 5797 τὸ
1251 5745 1359 5815 πῦρ
1443 5739 1621 5810 θεοὺς,
1701 5738 1848 5796 ἀλλὰ

475 5876 738 5937 Pyram.
782 5875 905 5935 GR.
950 5868 1044 5929 CX
1091 5865 1227 5927 VII.

1950 4734 2130 4792 alacri
2157 4733 2356 4789 animo
2387 4729 2736 4785 occubuere.

1951 5117 2099 5174 201
2163 5116 2449 5173 Certamen
2509 5118 2827 5169 sanctorum
2918 5108 3172 5174 Joannis,
3254 5102 3478 5174 Saborii
3559 5105 3615 5155 et

2020 5186 2244 5255 Isaacii,
2293 5184 2690 5257 episcoporum,
2743 5182 2908 5253 Παρίὶ
2950 5186 3001 5236 et
3048 5173 3269 5245 Isaacii,
3318 5173 3609 5246 presbyte-

2022 5275 2230 5316 rerum.

2025 5385 2129 5441 Isti
2162 5400 2400 5456 quoque
2434 5381 2622 5437 sancti
2671 5381 2734 5435 in
2789 5377 3029 5435 Perside
3079 5373 3343 5446 episcopi
3393 5384 3614 5425 munus

1955 5492 2129 5531 suum
2163 5473 2476 5546 diligenter
2507 5470 2772 5537 obibant,
2804 5467 3091 5540 p0pulum
3123 5463 3424 5530 docentes,
3449 5473 3610 5514 erro-

1951 5582 2084 5635 rem
2115 5567 2428 5620 Persarum
2453 5561 2754 5632 depellere
2773 5560 3128 5629 satagentes,
3154 5548 3611 5617 vehementique

1958 5654 2229 5710 oratione
2285 5652 2787 5715 demonstrantes,
2844 5658 3220 5715 nequaquam
3282 5640 3423 5694 deos
3480 5646 3607 5688 esse

1958 5743 2142 5814 idola,
2162 5742 2349 5799 solem
2377 5746 2437 5795 et
2461 5741 2680 5811 ignem,
2704 5735 2808 5791 sed
2830 5748 3029 5804 opera,
3049 5724 3469 5785 etfamulantia
3487 5731 3606 5774 non

3285 5844 3324 5901 6
