4114 6306
483 347 596 407 171

1801 338 2231 399 MENOLOGII
2274 335 2482 401 PARS
2522 337 2572 399 Ι.

3784 340 3900 399 1⁸72

483 481 600 536 Deo
616 476 982 544 tantum,sed
996 476 1175 532 etiam
1189 473 1561 539 hominibus;
1585 472 1657 528 ad
1672 476 1943 528 nostrum
1966 472 2127 528 enim

2253 469 2511 542 ιτίσματα
2538 469 2629 524 καὶ
2662 467 2853 540 δοῦλα,
2887 470 2949 525 οὗ
2996 472 3161 544 μόνον
3223 474 3321 526 τοῦ
3376 474 3536 540 Θεοῦ,
3595 468 3743 525 ἀλλὰ
3802 470 3898 527 καὶ

486 568 889 625 ministerium
922 567 1048 623 hinc
1078 566 1235 621 facta
1264 581 1415 626 esse.
1447 580 1753 635 unumque
1785 565 1971 618 Deum
2032 564 2136 618 illa

482 660 850 732 produxisse.
880 658 1066 713 Delati
1087 674 1223 728 ergo
1246 656 1319 711 ad
1350 672 1545 727 regem
1578 660 1746 720 sunt;
1781 655 1902 725 qui,
1934 655 2133 710 furore

483 750 764 821 percitus,
797 747 996 802 missis
1026 746 1315 800 militibus
1339 746 1473 798 illos
1496 744 2131 815 comprehendijussit.

484 837 676 894 Vincti
707 844 927 902 autem,
961 842 1018 888 et
1047 835 1118 889 ad
1152 837 1282 905 ejus
1314 833 1571 887 tribunal
1605 832 1864 900 adducti,
1897 833 2133 889 nudati-

485 944 622 999 que,
654 926 830 998 virgis
860 924 1189 989 caeduntur,
1224 929 1402 994 atque
1426 924 1838 995 depectuntur.
1871 925 2135 995 Cumque

487 1017 797 1072 Dominum
828 1020 1098 1069 nostrum
1129 1014 1328 1067 Iesum
1350 1013 1647 1067 Christum
1672 1030 1793 1067 non
1818 1012 1993 1067 modo
2015 1029 2137 1066 non

482 1106 867 1178 abnegarent,
900 1120 1104 1158 verum
1137 1103 1316 1158 etiam
1372 1103 1555 1157 Deum
1604 1119 1828 1171 verum,
1879 1118 2137 1173 cumque

482 1196 701 1251 erroris
758 1196 1071 1249 Persarum
1128 1210 1459 1248 eversorem
1544 1193 1986 1263 proﬁterentur,
2045 1197 2137 1262 ty-

481 1284 655 1340 ranni
679 1285 877 1357 jussu,
912 1289 1078 1337 extra
1105 1282 1335 1347 urbem,
1367 1299 1487 1337 una
1539 1297 1671 1337 cum
1717 1285 1920 1336 sancto
1950 1281 2137 1335 Onam

484 1379 703 1442 asceta,
738 1371 1035 1443 lapidibus
1067 1371 1259 1427 obruti
1294 1378 1449 1426 sunt.

1130 1668 1351 1723 Eodem
1392 1668 1486 1723 die

500 1759 653 1817 202
701 1760 982 1814 Certamen
1046 1767 1360 1813 sanctorum
1416 1757 1713 1812 Boethazat
1773 1756 2037 1825 Eunuchi,
2089 1765 2139 1813 et

610 1832 894 1898 Sasannis,
930 1837 979 1885 et
1007 1830 1283 1885 sociorum
1322 1831 1567 1885 virorum
1597 1846 1661 1884 ac
1689 1829 2005 1883 mulierum.

562 1990 663 2045 Isti
696 1991 873 2045 etiam
902 1990 961 2045 in
994 1990 1200 2046 eadem
1232 1990 1436 2062 impia,
1466 1996 1526 2045 et
1557 1990 1905 2045 idololatriae
1936 1990 2137 2046 dedita

490 2079 833 2150 iniquorum
867 2082 1180 2136 Persarum
1207 2081 1445 2152 regione
1468 2080 1754 2135 claruere.
1788 2082 1856 2134 Et
1887 2080 2139 2135 Boetha-

490 2175 581 2224 zat
610 2170 850 2240 quidem
882 2186 916 2224 a
940 2170 1139 2241 prima
1158 2176 1328 2226 zetate
1356 2171 1747 2238 Christianus,
1809 2176 2138 2242 correptus,

491 2276 627 2314 cum
650 2260 768 2313 Soli
786 2260 1029 2331 Ignique
1055 2261 1390 2315 sacriﬁcare
1412 2260 1617 2328 nollet,
1638 2263 1810 2331 jussu
1835 2261 1987 2334 regis
2002 2263 2142 2316 Per-

491 2366 713 2409 sarum.
748 2367 868 2405 una
894 2367 1027 2405 cum
1062 2352 1299 2408 sanctis.
1336 2358 1469 2422 post
1524 2352 1712 2406 multa
1763 2357 2056 2407 tormenta
2085 2356 2143 2405 et

487 2441 785 2496 cruciatus
816 2441 1211 2512 interemptus
1238 2443 1438 2496 fuitin
1472 2443 1684 2496 horum
1717 2459 1965 2497 numero
1995 2443 2141 2497 The-

491 2530 583 2584 cla
615 2536 671 2584 et
700 2533 873 2585 Anna
896 2531 1401 2598 sanctimoniales,
1427 2538 1485 2586 et
1507 2532 1707 2603 plures
1729 2532 1861 2586 alim
1883 2532 2141 2599 feminas,

491 2619 755 2690 plurima
785 2637 889 2690 pro
922 2621 1153 2674 Christo
1184 2637 1500 2691 perpessas,
1554 2638 1687 2675 cum
1735 2621 2145 2675 vehementius

495 2708 663 2779 impii
697 2709 851 2781 regis
884 2710 1316 2765 immanitatem
1365 2717 1423 2764 et
1455 2711 1769 2765 stultitiam
1811 2710 2144 2783 redarguis-

499 2802 649 2857 sent.
685 2797 875 2867 capite
903 2798 1089 2869 plexae
1123 2805 1280 2853 sunt.
1314 2798 1600 2854 Similiter
1631 2803 1690 2853 et
1740 2804 1859 2855 tres
1890 2799 2149 2871 virgines

497 2884 691 2956 gladio
720 2903 885 2941 caesa)
905 2887 1234 2942 occubuere
1262 2904 1274 2941 :
1302 2904 1371 2942 ex
1393 2904 1647 2958 quorum
1667 2888 1955 2960 sanguine
1976 2893 2153 2943 enata

501 2973 672 3042 ﬁcus,
706 2975 1080 3030 curationum
1114 2975 1337 3031 donum
1371 2976 1648 3032 ﬁdelibus
1666 2976 1847 3045 dedit,
1878 2975 2151 3031 morbum

495 3077 733 3117 omnem
790 3062 1259 3134 languoremque
1291 3064 1619 3137 depcllens,
1670 3065 1858 3121 donec
1906 3065 2063 3120 athei
2097 3072 2157 3122 et

496 3149 666 3222 impii
692 3151 1001 3206 Manichaai
1036 3151 1110 3206 ob
1141 3151 1493 3221 divinorum,
1517 3171 1648 3225 quae
1669 3152 2016 3224 edebantur,
2042 3155 2152 3209 mi-

2245 562 2354 611 τῶν
2396 560 2696 633 ἀνθρώπων
2757 558 2874 633 (διὰ
2926 561 3029 635 γὰρ
3085 559 3356 634 ἡμετέραν
3417 561 3712 634 ὑπηρεσίαν
3768 558 3903 635 ἔφα-

2247 667 2373 701 σκον
2431 652 2600 704 ταῦτα
2655 649 2923 723 γενέσθαι,
2984 651 3063 712 εἷς
3123 647 3180 705 δὲ
3242 651 3405 723 μόνος
3464 650 3593 711 Θεὸς
3653 651 3681 704 ὁ
3734 654 3904 706 ταῦτα

2243 740 2619 812 παραγαγὼν),
2654 734 3021 809 διεϐλήθησαν
3074 737 3154 811 τῷ
3215 738 3451 814 βασιλεῖ.
3509 740 3570 796 Ὀ
3627 736 3705 807 δὲ,
3766 740 3904 813 μετὰ

2240 825 2417 898 θυμοῦ
2482 825 2722 900 μεγάλου
2788 829 2878 881 καὶ
2963 828 3158 903 ὀργῆς,
3243 829 3485 902 πέμψας,
3573 830 3901 903 στρατιώτα,

2243 912 2535 988 ἐκράτησεν
2596 914 2814 979 αὐτούς.
2868 915 3080 979 Ο’ίτινες
3141 916 3358 990 δέσμιοι
3425 917 3766 993 παρέστησαν
3821 922 3904 991 τῷ

2246 1002 2455 1077 βήματι
2514 1002 2699 1059 αὐτοῦ.
2760 1005 2867 1061 Καὶ
2923 1007 3324 1081 γυμνωθέντες,
3411 1004 3683 1084 διαφόρως
3762 1006 3906 1081 ἐμα-

2244 1091 2514 1162 στίζοντο,
2572 1094 2661 1148 καὶ
2716 1093 3112 1164 κατεξαίνοντο.
3174 1094 3299 1151 Ἐπὶ
3387 1092 3446 1150 δὲ
3522 1096 3615 1151 τὸν
3695 1096 3899 1172 Κύριον

2241 1183 2403 1253 ἡμῶν
2460 1184 2670 1252 Ἰησοῦν
2726 1184 2959 1258 Χριστὸν
3016 1185 3080 1239 οὗ
3142 1184 3308 1257 μόνον
3384 1184 3483 1240 οὐκ
3565 1186 3898 1262 ἠρνήσαντο,

2242 1268 2500 1325 ἀλλὰκαὶ
2535 1272 2663 1327 θεὸν
2697 1271 2981 1344 ἀληθινὸν,
3031 1274 3121 1328 καὶ
3176 1280 3278 1343 τῆς
3328 1278 3436 1329 τῶν
3488 1279 3704 1350 Περσῶν
3752 1275 3898 1331 πλά-

2241 1382 2340 1432 νης
2394 1362 2703 1433 καταλυτὴν
2759 1363 3175 1441 ἀνωμολόγουν,
3224 1365 3511 1439 προστάξει
3556 1370 3655 1420 τοῦ
3702 1366 3905 1441 τυράν-

2242 1472 2361 1524 νου,
2390 1458 2490 1522 τῆς
2520 1451 2738 1516 πόλεως
2769 1450 2891 1525 ἔξω,
2923 1454 3016 1509 σῦν
3046 1459 3125 1527 τῷ
3154 1455 3291 1529 ἁγίῳ
3322 1455 3496 1528 Ὠνὰμ
3533 1460 3614 1529 τῷ
3661 1455 3898 1529 ἀσκητῇ,

2244 1536 2742 1613 ἐλιθοϐολήθησαν.

2831 1662 2915 1734 Τῇ
2955 1661 3095 1735 αὐτῇ
3122 1662 3306 1736 ἡμέρᾳ

2242 1746 2513 1824 “Αθλησις
2543 1751 2652 1802 τῶν
2702 1746 2877 1824 ’ἁγίων
2941 1751 3224 1824 Βοηθαζάτ
3283 1753 3402 1824 τοῦ-
3441 1750 3746 1824 Εὐνούχου,
3804 1752 3895 1807 καὶ

2319 1820 2717 1890 Σασάνους,καί
2747 1820 2855 1876 τῶν
2916 1822 3006 1876 σὺν
3044 1820 3250 1885 αὐτοῖς
3311 1821 3479 1896 ἁγίων
3537 1820 3745 1898 ἀνδρῶν
3802 1824 3893 1879 καὶ

2314 1897 2602 1966 γυναικῶν.

2316 1988 2555 2062 Ὁμοίως
2587 1989 2679 2045 καὶ
2711 1988 2861 2045 οὗτοι
2921 1989 2973 2045 ἐν
3021 1995 3088 2065 τῇ
3138 1986 3531 2066 δυσσεϐεστάτη
3577 1991 3665 2047 καί
3720 2013 3898 2048 κατει-

2247 2075 2414 2152 δώλῳ
2450 2080 2609 2155 χώρᾳ
2636 2084 2743 2134 τῶν
2776 2076 3107 2158 παρανόμων
3154 2086 3373 2156 Περσῶν
3428 2081 3747 2158 ἐτύγχανον.
3801 2080 3903 2137 Καὶ

2248 2168 2276 2221 ὁ
2325 2168 2419 2240 μὲν
2474 2169 2755 2239 Βοηθαζὰτ
2824 2171 3151 2244 Χριστιανὸς
3213 2170 3273 2226 ἐκ
3334 2170 3565 2247 βρέφους
3615 2167 3714 2240 ὤν,
3770 2190 3906 2245 κρα-

2245 2257 2452 2327 τηθεὶς,
2513 2258 2601 2312 καὶ
2664 2260 2740 2330 μή
2801 2260 3039 2325 πεισθεὶς
3098 2262 3252 2315 θῦσαι
3306 2265 3388 2333 τῷ
3445 2260 3625 2334 Ἡλίῳ
3682 2260 3772 2316 καὶ
3828 2266 3911 2333 τῷ

2250 2348 2409 2423 Πυρὶ,
2467 2349 2754 2421 προστάξει
2800 2354 2897 2405 τοῦ
2957 2355 3174 2424 Περσῶν
3258 2350 3545 2425 βασιλέως,
3615 2353 3730 2424 ἅμα
3784 2355 3905 2412 τοῖς

2251 2436 2445 2511 ἁγίοις,
2482 2437 2614 2509 μετὰ
2645 2436 2859 2500 πολλὰς
2897 2437 3160 2512 βασάνους
3189 2440 3279 2493 καὶ
3320 2440 3586 2513 τιμωρίας
3645 2439 3905 2514 ἀνῃρέθηο

2256 2527 2372 2598 μεθ’
2428 2526 2503 2580 ὧν
2560 2526 2651 2581 καὶ
2703 2533 2951 2600 γυναῖκες
3005 2528 3151 2601 ἅγιαι
3213 2528 3524 2603 ἀσκήτριαι,
3582 2527 3759 2583 Θέκλα
3814 2528 3908 2584 καὶ

2252 2616 2439 2684 Ἄννα,
2495 2614 2586 2669 καὶ
2638 2613 2818 2689 ἕτεραι
2873 2614 3104 2686 πολλαὶ,
3161 2615 3390 2672 πλεῖστα
3449 2618 3580 2693 ὑπὲρ
3662 2621 3907 2693 Χριστοῦ

2252 2708 2543 2774 παθοῦσαι,
2600 2705 2686 2759 καὶ
2748 2704 2985 2782 στερρῶς
3050 2705 3361 2780 ἐλὲγξαντες
3447 2709 3546 2776 τὴν
3642 2707 3909 2781 ὠμότητα

2253 2796 2350 2847 τοῦ
2381 2787 2671 2856 δυσσεϐοῦς
2716 2794 3009 2869 βασιλέως,
3066 2796 3157 2850 καὶ
3213 2796 3660 2873 παραφροσύνην,
3714 2797 3908 2852 ἀπεκε-

2257 2880 2613 2959 φαλίσθησαν.
2667 2883 2916 2957 Ὁμοίως
2969 2883 3060 2938 καὶ
3141 2889 3286 2959 τρεῖς
3362 2886 3615 2962 παρθένοι
3703 2886 3909 2962 μαχαίο

2261 2990 2381 3046 ραις
2433 2970 2827 3042 κατεκόπησαν.
2884 2974 3062 3030 Ὅπου
3116 2970 3173 3027 δὲ
3231 2971 3448 3051 ἔρῥευσε
3502 2975 3565 3030 τὸ
3617 2977 3755 3049 αἷμα
3812 2974 3915 3030 αὖ-

2257 3064 2390 3130 τῶν,
2452 3067 2587 3131 συκῆ
2642 3056 3111 3133 ἀναϐλαπήσασα,
3168 3062 3410 3138 ἰαμάτων
3460 3065 3622 3143 χάριν
3676 3070 3912 3142 παρεῖχε

2261 3154 2377 3212 τοῖς
2407 3157 2643 3224 πιστοῖς,
2702 3153 3071 3228 θεραπεύουσα
3125 3159 3298 3210 πᾶσαν
3354 3154 3535 3224 νόσον,
3593 3155 3682 3211 καὶ
3730 3161 3909 3212 πᾶσαν

490 3238 831 3293 raculorum
870 3239 1268 3310 frequentiam
1326 3240 1546 3298 invidia
1601 3242 1910 3309 stimulati,
1969 3243 2136 3299 illam

2253 3240 2539 3316 μαλακίαν.
2598 3226 2848 3318 Ὕστερον
2904 3241 2962 3298 δὲ
3020 3247 3380 3322 φθονήσαντες
3457 3250 3527 3321 τῇ
3583 3252 3691 3302 τῶν
3746 3246 3908 3303 θείων

493 3325 894 3382 succiderunt.

1147 3607 1365 3664 Eodem
1396 3609 1491 3664 die

507 3692 661 3750 203
719 3695 1173 3754 Commemoratio
1230 3702 1406 3754 sancti
1463 3699 1712 3770 Gregorii
1789 3701 2144 3772 Decapolitw.

562 3784 874 3856 Gregorius
893 3786 1235 3858 Decapolita
1262 3805 1329 3843 ex
1355 3790 1628 3860 Decapoli
1661 3790 1721 3844 in
1748 3791 1987 3846 Isauria;
2017 3806 2149 3861 pro-

495 3873 688 3928 vincia
719 3875 829 3929 fuit
862 3878 1229 3948 temporibus
1252 3879 1572 3950 impiorum
1598 3879 2146 3947 lconomachorum,

495 3962 598 4015 Ubi
633 3969 829 4017 autem
881 3966 1347 4021 adolescentiam
1405 3970 1618 4039 attigit.
1680 3977 1914 4039 paratas
1967 3972 2078 4025 sibi
2114 3987 2149 4026 a

491 4054 838 4122 parentibus
869 4058 1110 4126 nuptias
1138 4058 1447 4125 vitaturus,
1490 4062 1818 4115 monachus
1878 4062 1961 4127 lit,
1998 4068 2055 4115 et
2085 4061 2146 4115 in

503 4141 848 4212 speluncam
882 4144 1392 4203 subitdmmonum
1424 4150 1759 4219 frequentia
1790 4150 2089 4215 infestam,
2115 4166 2149 4204 ο.

498 4229 713 4299 quibus
769 4233 1131 4301 verberatus,
1190 4238 1456 4292 oratione
1519 4239 1756 4293 tandem
1820 4240 1949 4294 Illos
2008 4241 2146 4296 inde

487 4320 835 4375 exturbavit.
874 4322 982 4377 Sed
1015 4341 1120 4394 per
1150 4325 1337 4381 visum
1369 4344 1403 4381 a
1432 4329 1549 4382 Deo
1604 4330 1888 4397 monitus,
1940 4329 2147 4387 relicta

484 4409 792 4479 spelunca,
829 4413 1007 4484 cmpit
1037 4420 1330 4470 terrarum
1361 4416 1565 4472 orbem
1607 4434 1917 4489 peragrare
2000 4422 2145 4475 Cum

485 4498 667 4571 igitur
698 4501 1015 4573 Syracusas
1048 4504 1257 4560 Sicilia:
1290 4507 1500 4561 urbem
1524 4508 1862 4562 venissetin
1888 4510 2143 4580 quadam

2247 3332 2536 3404 θαυμάτων
2570 3331 2808 3409 ἐνεργείᾳ
2867 3334 2918 3387 οἱ
2978 3333 3123 3389 ἄθεοι
3180 3335 3270 3390 καὶ
3324 3331 3532 3399 ἀσεϐεῖς
3585 3342 3907 3413 Μανιχαῖοι,

2247 3418 2505 3495 ἐξέκοψαν
2530 3422 2629 3491 τὴν
2659 3423 2920 3490 τοιαύτην
2952 3431 3143 3494 συκῆν.

2829 3606 2907 3677 τῇ
2948 3603 3085 3679 αὐτῇ
3126 3606 3309 3680 ἡμέρᾳ

2367 3689 2577 3763 Μνήμη
2608 3694 2705 3745 τοῦ
2737 3692 2888 3768 ἁγίου
2922 3695 3229 3770 Γρηγορίου
3256 3697 3354 3751 τοῦ
3386 3695 3777 3756 Δεκαπολίτου.

2322 3780 2626 3856 Γρηγόριος
2660 3782 2688 3836 ὁ
2738 3783 3129 3855 Δεκαπολίτης,
3179 3786 3424 3863 ὑπῆρχεν
3480 3786 3540 3843 ἐκ
3584 3790 3684 3859 τῆς
3732 3788 3903 3865 ἐπαρ-

2252 3871 2381 3946 χίας
2441 3873 2710 3948 ἰσαυρίας
2769 3871 3148 3941 Δεκαπόλεως,
3207 3874 3292 3930 ἐπὶ
3351 3881 3457 3931 τῶν
3516 3878 3729 3952 χρόνων
3786 3883 3899 3934 τῶν

2252 3956 2522 4015 δυσσεϐῶν
2555 3961 2972 4038 Εἰκονομάχων.
3006 3961 3103 4023 bl:
3135 3964 3354 4033 ἡλικίαν
3417 3963 3473 4020 δὲ
3526 3966 3723 4037 ἐλθὼν,
3776 3968 3909 4042 βου-

2252 4047 2526 4120 ληθέντων
2556 4056 2665 4106 τῶν
2723 4055 2923 4126 γῦνὲων
2984 4053 3120 4128 πρὸς
3176 4056 3348 4128 γάμον
3408 4053 3654 4111 ἐκδοῦναι
3713 4057 3904 4129 αὐτὸν,

2251 4140 2430 4217 φυγὼν
2458 4141 2644 4215 γέγονε
2698 4140 2960 4216 μοναχός.
3026 4141 3127 4197 Καὶ
3186 4142 3434 4213 εἰσῆλθεν
3494 4144 3569 4208 εἷς
3629 4145 3909 4216 σπήλαιον

2251 4227 2301 4282 ἐν
2335 4229 2380 4300 ᾧ
2429 4225 2687 4301 δαίμονες
2744 4229 2950 4285 πολλοὶ
3008 4232 3313 4304 κατῴκουν.
3373 4231 3440 4290 Οἳ
3497 4236 3585 4288 καὶ
3643 4235 3907 4309 τύψαντες

2249 4319 2339 4372 τὸν
2372 4318 2547 4393 ἅγιον,
2605 4318 2914 4374 τελευταῖον
2974 4317 3065 4374 διὰ
3121 4329 3435 4397 προσευχῆς
3491 4321 3654 4378 αὐτοῦ
3709 4322 3904 4401 ἐφυγα-

2250 4404 2537 4478 δεύθησαν.
2598 4408 2727 4463 Εἶτα
2789 4410 2892 4464 ὑπὸ
2951 4410 3095 4473 θείας
3153 4410 3412 4474 ὀπτασίας
3479 4413 3541 4467 τὸ
3627 4412 3901 4484 σπήλαιον

2249 4498 2422 4577 ἀφεὶς,
2452 4500 2539 4554 καὶ
2576 4500 2680 4555 ἀπὸ
2726 4498 2942 4564 πόλεως
2989 4501 3065 4562 εἰς
3115 4500 3275 4557 πόλιν
3322 4502 3721 4578 ἀπερχόμενος,
3770 4526 3902 4561 κατ-

483 4591 641 4645 muri
674 4591 924 4648 civitatis
958 4595 1104 4648 turri
1137 4594 1445 4667 habitavit,
1479 4597 1579 4652 ubi
1612 4604 1670 4652 et
1713 4598 1972 4670 plurima
2009 4600 2131 4655 edi-

2253 4592 2473 4660 ἤντησεν
2508 4589 2582 4652 είς
2618 4592 2984 4667 Συράκουσαν,
3036 4589 3199 4646 πόλιν
3251 4596 3347 4665 τῇς
3401 4593 3674 4662 Σικελίας,
3730 4592 3906 4650 εἰσελ-

483 4678 589 4734 dit.
624 4682 753 4735 Mox
782 4683 1261 4741 Thessalonicam
1291 4687 1480 4757 petiit,
1514 4687 1729 4743 deinde
1770 4690 2129 4761 Byzantium.

483 4767 614 4823 Illic
645 4769 950 4840 aliquanto
980 4779 1135 4844 post,
1160 4776 1333 4847 juxta
1362 4777 1647 4833 visionem
1676 4777 1856 4833 divini
1909 4780 2134 4836 Simeo-

483 4858 577 4912 nis
610 4858 833 4915 ibidem
863 4862 1101 4933 pietatis
1131 4882 1308 4922 causa
1336 4868 1538 4936 vincti,
1569 4886 1704 4924 cum
1745 4887 1861 4940 quo
1896 4870 2132 4927 abunde

483 4954 746 5003 versatus
775 4955 883 5014 est,
915 4968 983 5007 ac
1014 4953 1086 5007 de
1118 4956 1319 5010 anima
1346 4956 1820 5029 phi1050phatus,
1861 4961 2134 5033 migravit

482 5035 556 5091 ad
588 5036 928 5095 Dominum.

1032 5336 1270 5391 EODEM
1310 5336 1456 5392 ΜΕΝ
1465 5336 1560 5394 SE.

982 5424 1085 5479 Die
1116 5426 1399 5482 vicesima
1427 5428 1620 5499 prima

471 5510 1239 5595 2041ngressuspeipgrze,
1268 5532 1386 5570 cum
1444 5518 1517 5571 ad
1574 5521 1834 5595 templum
1876 5542 2128 5595 praesen-

602 5590 718 5638 tata
741 5587 851 5653 fuit
907 5592 956 5641 et
984 5588 1044 5640 in
1075 5588 1277 5642 Sancta
1306 5595 1617 5645 sanctorum
1648 5587 1987 5654 introducta.

545 5692 683 5747 Post
711 5691 1126 5751 admirabilem
1157 5700 1499 5751 sanctorum
1525 5698 1791 5758 Joachim
1830 5709 1889 5761 et
1936 5708 2122 5765 Annua

2246 4678 2352 4733 θὼν
2386 4678 2460 4741 εἷς
2488 4678 2581 4734 ’ἐνα
2607 4684 2717 4734 τῶν
2776 4678 2995 4754 πύρδων
3053 4686 3150 4735 τοῦ
3196 4682 3441 4757 τείχους,
3492 4683 3543 4738 ἐν
3576 4684 3622 4756 ᾧ
3654 4683 3903 4757 θαύματα

2241 4766 2429 4824 πολλὰ
2497 4770 2615 4823 καθ’
2700 4768 2925 4841 εκάστην
3014 4768 3277 4827 ἐπετέλει.
3332 4774 3467 4827 Εἶτα
3523 4772 3763 4838 ἀπῆλθεν
3822 4774 3902 4837 εἷς

2242 4856 2657 4929 Θεσσαλονίκην·
2717 4859 2839 4914 εἶτα
2889 4858 2967 4922 εἷς
3020 4860 3085 4915 τὸ
3165 4859 3485 4932 Βυζάντιον,
3559 4864 3695 4918 κατὰ
3771 4863 3895 4927 θέαν

2238 4947 2337 5006 τοῦ
2370 4950 2521 5005 θείου
2554 4955 2845 5024 Συμεῶνος
2877 4952 3049 5007 ἐκεῖσε
3094 4950 3378 5026 δεσμώτου
3428 4950 3605 5027 ὄντος,
3658 4953 3747 5010 διὰ
3790 4958 3894 5027 τήν

2242 5033 2538 5097 εὐσέϐειαν.
2590 5044 2764 5096 Ὧτινι
2840 5042 2930 5096 καί
2984 5039 3268 5118 διατρίψας
3352 5044 3569 5115 ἱκανῶς,
3653 5045 3741 5100 καὶ
3825 5047 3898 5102 τὰ

2238 5130 2364 5205 περὶ
2421 5132 2609 5205 ψυχῆς
2657 5133 3172 5210 συμφιλοσοφήσας,
3226 5134 3342 5206 μετ’
3381 5130 3568 5211 ὀλίγον
3615 5135 3751 5213 πρὸς
3795 5137 3897 5191 Κύ-

2241 5240 2360 5296 ριον
2391 5217 2741 5294 ἐξεδήμησεν.

2790 5349 2973 5408 ΜΠΝΙ
3011 5354 3094 5403 ΤΩ
3133 5352 3325 5408 ΑὶἽὩ.

3009 5441 3111 5494 ΚΔ“

2234 5528 2309 5582 Τά
2340 5524 2544 5583 εἷσόδια
2570 5535 2670 5611 τῆς
2699 5527 2985 5611 θεοτόκον,
3025 5527 3516 5611 ότερπροσηνὲχθη.
3554 5530 3608 5588 ἐν
3652 5539 3731 5607 τῷ
3773 5542 3891 5611 ναῷ

2498 5599 2587 5655 καὶ
2621 5601 2867 5671 εἰσῆλθεν
2902 5599 2978 5663 εἲς
3003 5601 3069 5656 τὰ
3094 5599 3260 5677 Ἀγια
3288 5599 3617 5676 τῶν”ἀγίων.

2300 5706 2449 5763 Μετᾶ
2500 5706 2593 5763 τὸν
2651 5705 2957 5785 παράδοξον
3015 5707 3177 5765 τόκον
3235 5712 3343 5764 τῶν
3397 5709 3567 5785 ἁγίων
3628 5714 3895 5792 Ἱωακεὶμ
