4114 6306
259 316 363 374 173

1729 311 2184 375 NOVEMBER.

3561 316 3676 374 174

260 445 343 502 καὶ
373 447 606 515 Ἄκης,
667 444 1065 519 πληρωθέντος
1121 441 1330 506 διετοῦς
1389 440 1596 521 χρόνου
1651 446 1757 501 ἀπὸ
1808 450 1909 515 τῆς

2024 450 2278 517 partum,
2312 443 2611 501 secundus
2635 462 2669 501 a
2699 445 3021 501 venerabili
3052 445 3326 518 gloriosas
3385 446 3675 519 Deiparm,

270 542 460 605 ππτῆς
490 535 805 609 γεννήσεως
834 540 935 604 τῆς
974 531 1191 604 ἐνδόξου
1240 533 1509 589 Θεοτόκου
1556 535 1646 589 καὶ
1695 534 1917 609 ἀειπαρ-

262 625 409 680 θένου
469 629 686 698 Μαρίας
747 626 895 678 εἶπεν
966 621 1223 696 Ἰωακεὶμ
1296 626 1367 697 τῇ
1452 624 1667 698 γυναικὶ
1754 623 1918 678 αὐτοῦ

280 716 465 789 Ἀννῃ.
495 715 906 789 ’Δπαγάγωμεν
938 710 1103 781 αὐτὴν
1145 712 1196 766 ἐν
1241 717 1321 785 τῷ
1363 717 1475 785 ναῷ
1533 712 1754 788 Κυρίου,
1781 714 1919 768 καθ-

269 803 339 865 ὼς
402 802 782 878 ὑπεσχόμεθα.
841 801 946 859 Καὶ
1003 801 1145 855 εἶπεν
1231 802 1416 859 Ἄννα·
1507 802 1795 876 Μείνωμεν
1853 800 1917 856 τὸ

261 891 438 967 τρίτον
492 889 631 952 ἔτος·
686 893 902 965 μήποτε
954 892 1165 964 ζητήσῃ
1209 894 1435 966 πατέρα,
1467 889 1503 960 ἢ
1538 891 1771 966 μητέρα,
1824 889 1915 945 καὶ

261 982 325 1037 ού
354 981 845 1050 κατευθυνθήσεται
902 978 1135 1034 ἐνώπιον
1182 979 1407 1055 Κυρίου.
1458 979 1565 1035 Καὶ
1614 980 1750 1052 μετὰ
1792 977 1917 1052 τρία

259 1066 377 1142 ἔτη,
432 1070 583 1125 εἶπεν
666 1069 942 1143 Ἰωακείμ·
1027 1067 1353 1142 Καλέσωμεν
1438 1069 1533 1131 τάς
1621 1067 1913 1145 θυγατέρας

258 1165 360 1215 τῶν
418 1154 687 1234 Ἐϐραίων
753 1161 848 1220 τὰς
905 1157 1222 1231 ἀμιάντους,
1281 1159 1370 1213 καὶ
1444 1154 1755 1213 λαϐέτωσαν
1814 1156 1915 1212 ἀνὰ

257 1248 541 1324 λαμπάδα,
575 1249 666 1306 καὶ
697 1243 933 1304 ἔστωσαν
975 1250 1030 1303 al
1090 1246 1376 1322 λαμπάδες
1436 1247 1743 1321 καιόμεναι·
1800 1249 1911 1322 μή·

260 1361 387 1395 ποτε
416 1340 696 1418 στραφῆὴ
737 1343 864 1399 παῖς
912 1337 989 1400 εἰς
1037 1338 1106 1392 τὰ
1156 1337 1359 1407 ἀπίσω,
1418 1337 1506 1392 καὶ
1563 1334 1912 1413 αἰχμαλωτι-

256 1432 351 1503 σθῇ
382 1432 419 1499 ὴ
454 1426 673 1483 διάνοια
702 1429 875 1497 αὐτῆς
934 1427 987 1482 ἐν
1037 1432 1146 1499 ναῷ
1198 1427 1423 1502 Κυρίου.
1491 1426 1593 1483 Καὶ
1652 1425 1911 1496 ἐποίησαν

255 1518 450 1580 οὕτως.
487 1517 587 1572 Καὶ
617 1514 827 1588 ἐδέξατο
858 1514 1024 1585 αὐτὴν
1075 1516 1348 1592 Ζαχαρίας
1399 1517 1490 1571 καὶ
1548 1516 1694 1571 εἶπεν
1747 1515 1906 1588 αὐτῇ

257 1605 573 1683 Μεγαλύναι
608 1605 807 1678 Κύριος
852 1606 916 1661 τὸ
968 1605 1144 1679 ὄνομά
1196 1626 1313 1662 σου.
1366 1606 1461 1661 Καὶ
1510 1602 1749 1670 ἐγάθισεν
1805 1604 1904 1660 αύ-

261 1697 357 1764 τὴν
386 1695 475 1750 ἐπὶ
506 1700 605 1750 τοῦ
667 1696 882 1771 βαθμοῦ
929 1697 1026 1749 τοῦ
1079 1692 1486 1770 θυσιαστηρίου·
1535 1694 1625 1749 καὶ
1676 1694 1743 1764 ἦν
1785 1714 1911 1770 τρε-

2025 551 2376 606 semperque
2402 535 2653 607 Virginis
2678 534 2869 590 Marias
2894 535 3199 590 nativitate
3208 536 3336 607 jam
3363 535 3559 592 exibat
3582 554 3684 592 an-

2024 641 2158 695 nus,
2186 642 2320 680 cum
2351 625 2616 680 Joachim
2651 625 2819 679 uxori
2853 642 2972 679 suas
3006 627 3188 679 Anum
3239 625 3387 680 dixit
3421 641 3435 680 :
3486 627 3679 682 Duca-

2024 731 2157 770 mus
2188 731 2319 769 eam
2351 714 2411 769 in
2431 714 2723 785 templum
2746 714 3004 781 Domini,
3031 714 3534 785 quemadmodum
3548 716 3680 787 pol-

2022 804 2168 859 liciti
2196 804 2533 860 sumus.Cui
2548 804 3003 858 AnnazTertium
3023 804 3187 875 prius
3205 820 3430 859 annum
3445 806 3683 876 expleat

2022 910 2097 949 ne
2126 893 2300 963 forte,
2358 899 2672 964 parentum
2731 893 3047 962 desiderio,
3108 910 3232 949 non
3283 893 3573 967 dirigatur
3617 895 3681 951 in

2020 988 2342 1055 conspectu
2376 982 2634 1038 Domini.
2668 984 2807 1037 Post
2837 983 3079 1038 tertium
3110 983 3292 1056 igitur
3338 999 3565 1040 annum
3596 986 3685 1040 ait

2018 1072 2333 1127 Joachim:
2388 1074 2780 1128 Accersamus
2828 1072 3243 1128 immaculatas
3302 1072 3684 1129 Hebraeorum

2019 1160 2272 1234 puellas,
2307 1178 2438 1232 qua)
2470 1178 2753 1217 accensas
2785 1161 3092 1232 lampades
3123 1162 3462 1233 praaferant,
3496 1179 3573 1217 ne
3603 1163 3678 1218 ad

2020 1267 2110 1319 ea,
2143 1267 2275 1322 qum
2306 1256 2463 1307 retro
2495 1257 2652 1320 sunt,
2687 1268 2748 1306 se
2781 1257 3085 1307 convertat
3114 1251 3335 1322 puella,
3375 1251 3480 1306 sed
3510 1268 3690 1306 mens

2020 1340 2149 1411 ejus
2182 1345 2303 1395 tota
2332 1341 2393 1395 in
2426 1341 2647 1412 templo
2676 1340 2913 1396 Domini
2943 1341 3335 1412 mancipetur.
3379 1342 3569 1412 Atque
3601 1341 3685 1395 ita

2016 1427 2306 1483 fecerunt.
2339 1429 2654 1500 Excipiens
2685 1429 2864 1501 igitur
2895 1429 3156 1501 puellam
3196 1430 3530 1494 Zacharias,
3588 1430 3683 1484 in-

2018 1517 2183 1588 quit:
2217 1518 2553 1589 Maguilicet
2582 1518 2867 1573 Dominus
2900 1535 3116 1573 nomen
3141 1523 3306 1573 tuum
3335 1536 3347 1573 :
3373 1518 3675 1589 simulque

2016 1620 2177 1660 eram
2211 1606 2271 1659 in
2302 1606 2507 1661 altaris
2538 1607 2723 1679 gradu
2754 1608 3080 1662 collocavit.
3108 1610 3176 1661 Et
3202 1608 3577 1662 nutriebatur
3605 1606 3677 1663 ab

2018 1695 2249 1766 angelo,
2283 1695 2473 1750 donec
2506 1712 2732 1751 annum
2765 1696 3186 1752 duodecimum
3218 1697 3429 1770 attigit.
3483 1698 3663 1751 Cum-

260 1784 467 1861 φομένη
532 1784 637 1839 ὑπὸ
691 1784 944 1860 ἀγγέλου,
1002 1780 1108 1845 ἕως
1164 1782 1373 1858 ἐγένετο
1454 1782 1586 1837 ἐτῶν
1672 1779 1904 1841 δώδεκα.

2024 1801 2129 1857 que
2180 1790 2413 1858 tempus
2471 1785 2953 1857 desponsationis
3014 1788 3372 1856 advenisset,
3443 1786 3674 1858 accepit

254 1875 347 1929 Καὶ
380 1875 685 1949 φθάσαντος
732 1877 831 1929 τοῦ
884 1875 1075 1946 καιροῦ
1130 1878 1230 1942 τῆς
1292 1870 1607 1944 μνηστείας,
1655 1870 1900 1948 παρέλα-

255 1958 339 2019 ϐεν
390 1963 564 2034 αὐτὴν
625 1963 825 2039 Ἰωσὴφ
908 1962 1014 2018 ἀπὸ
1093 1966 1201 2018 τῶν
1288 1958 1589 2037 ἀρχιερέων
1676 1961 1727 2017 ἐν
1787 1966 1900 2035 ναῷ

252 2054 471 2130 Κυρίου.

790 2146 963 2201 nam
1002 2149 1086 2221 Τῼ
1125 2144 1329 2222 ΑΥΤῼ.

1016 2232 1118 2288 KB’

832 2318 998 2397 ἁγίων
1090 2318 1386 2397 ’μαρτύρων
1491 2319 1718 2395 Μάρκου
1811 2319 1902 2374 καὶ

248 2318 518 2392 Ἅθλησις
617 2325 726 2376 τῶν

930 2392 1224 2470 Στεφάνου.

315 2554 579 2623 Ἐπῖτῆς
641 2552 920 2627 βασιλείας
973 2557 1071 2608 τοῦ
1125 2554 1446 2627 παρανόμου
1506 2550 1905 2622 Διοκλητιανοῦ

252 2642 341 2697 καὶ
400 2641 558 2697 οὗτοι
621 2642 672 2697 οἱ
736 2643 882 2719 ἅγιοι
947 2642 1038 2697 τὸν
1098 2648 1199 2710 τῆς
1252 2640 1539 2705 ἀθανασίας
1598 2641 1727 2711 ὑπὲρ
1809 2643 1907 2695 τοῦ

253 2735 498 2804 Χριστοῦ
586 2728 891 2802 διήθλησαν
978 2731 1178 2807 ἀγῶνα·
1265 2733 1632 2805 Ύπάρχοντες
1685 2731 1788 2805 γὰρ
1848 2728 1909 2784 ἐκ

252 2824 352 2890 τῆς
399 2821 622 2883 πόλεως
682 2819 1019 2897 Ἀντιοχείας
1073 2826 1173 2890 τῆς
1235 2816 1499 2889 Πισιδίας,
1556 2819 1647 2874 καὶ
1703 2839 1910 2875 παντα-

260 2915 366 2986 χοῦ
425 2909 705 2987 παρρησίᾳ
759 2915 875 2972 τοῖς
931 2910 1402 2986 προσερχομένοις
1460 2909 1549 2964 τὸν
1617 2915 1719 2978 τῆς
1768 2905 1908 2979 ἀλη-

266 2999 413 3063 θείας
470 2999 639 3075 λόγον
696 2999 1078 3073 κηρύττοντες,
1136 2998 1224 3052 καὶ
1304 2997 1394 3052 τὸν
1476 2997 1710 3073 Χριστὸν
1781 2997 1908 3050 Θεὸν

264 3088 526 3159 ἀληθινὸν
555 3087 985 3164 ὁμολογοῦντες,
1035 3088 1123 3143 καὶ
1178 3086 1381 3161 Κύριον
1427 3090 1523 3142 τοῦ
1565 3084 1787 3154 παντὸς,
1836 3081 1913 3139 δι-

2014 1891 2143 1930 eam
2172 1875 2389 1946 Joseph
2422 1892 2456 1930 a
2487 1876 2872 1947 pontiﬁcibus
2905 1877 2966 1931 in
3001 1876 3221 1949 templo
3252 1877 3510 1932 Domini.

2576 2144 2817 2200 EODEM
2856 2145 3109 2218 MENSE,

2487 2232 2591 2287 Die
2619 2232 2901 2289 vicesima
2930 2234 3191 2290 secunda

2017 2320 2166 2379 205
2238 2321 2520 2377 Certamen
2595 2329 2910 2451 sanam-zzz;
2954 2329 3286 2405 .martyrum
3363 2325 3539 2381 Marci
3617 2330 3670 2380 et

2760 2412 2825 2451 en
2901 2411 2983 2451 m.

2760 2411 2983 2467 epnam.

2087 2557 2414 2629 Imperante
2447 2559 2630 2630 impio
2663 2559 3052 2629 Diocletiano,
3085 2560 3146 2615 hi
3179 2561 3367 2617 sancti
3424 2562 3487 2617 in
3530 2578 3677 2636 ago-

2017 2662 2156 2701 nem
2181 2647 2635 2703 immortalitatis
2651 2664 2755 2720 pro
2777 2650 3007 2706 Christo
3026 2649 3679 2707 descenderunLErant

2020 2740 2219 2791 autem
2254 2753 2323 2792 ex
2345 2738 2661 2792 Antiochia
2681 2737 2918 2793 Pisidiae
2942 2739 3087 2793 urbe
3113 2760 3127 2805 ;
3157 2739 3259 2809 qui
3288 2757 3421 2794 cum
3447 2757 3684 2797 summa

2018 2824 2242 2896 passim
2273 2825 2549 2880 libertate
2582 2842 2705 2893 eos,
2754 2827 2855 2897 qui
2897 2843 2959 2881 se
2991 2827 3443 2897 conveniebant,
3496 2829 3675 2885 verbo

2020 2913 2285 2969 veritatis
2318 2914 2721 2981 instituerent,
2756 2915 3175 2987 Christumque
3229 2933 3433 2972 verum
3490 2918 3675 2973 Deum

2023 3002 2411 3075 omniumque
2469 3004 2784 3059 Dominum
2840 3005 3284 3076 proﬁterentur,
3366 3006 3547 3062 delati
3602 3006 3678 3061 ad

2021 3094 2296 3163 Magnum
2328 3092 2696 3164 praefectum,
2731 3098 2789 3148 et
2818 3094 3097 3165 correpti,
3131 3095 3444 3151 tormentis
3477 3095 3671 3168 subji-

254 3174 570 3249 εϐλνξθησαν
627 3179 834 3253 Μάγνῳ
880 3176 961 3251 τῷ
1020 3177 1271 3251 ἡγεμόνι,
1354 3176 1444 3230 καὶ
1527 3175 1904 3251 κρατηθέντες,

2024 3182 2281 3238 ciuntur.
2322 3186 2586 3253 Cumque
2618 3183 2784 3239 nulla
2809 3184 3038 3240 ratione
3074 3186 3309 3242 suaderi
3341 3192 3586 3258 possent
3612 3192 3679 3243 ut

251 3268 339 3322 καὶ
387 3267 617 3323 πλεῖστα
676 3267 1103 3342 βασανισθέντες,
1159 3264 1250 3321 καὶ
1312 3266 1389 3339 μή
1446 3265 1750 3328 πεισθέντες
1811 3261 1909 3339 ἆρ-

254 3360 522 3427 νήσασθαι
578 3358 672 3412 τὸν
732 3355 991 3431 Χριστὸν,
1048 3351 1405 3425 συνεδέθησαν
1492 3358 1572 3426 τῷ
1619 3353 1755 3427 μετᾶ
1804 3353 1912 3406 τῶν

250 3447 418 3522 ἁγίων
480 3447 771 3521 μαρτύρων
829 3450 936 3501 τῶν
1024 3444 1357 3520 λεγομένων,
1423 3442 1782 3512 Καλυντηνῶν
1837 3441 1914 3511 ὡς

252 3542 502 3613 φωστῆρι
557 3533 919 3609 ἐκλάμποντι,
972 3536 1178 3609 Μάρκῳ
1226 3533 1313 3588 καὶ
1359 3530 1506 3604 αὐτῷ
1560 3526 1907 3605 καλουμένῳ.

255 3628 348 3682 Καὶ
382 3624 666 3705 διαφόρως
713 3624 1149 3694 συναθλήσαντες
1208 3622 1378 3693 αὐτῷ,
1437 3621 1528 3677 καὶ
1584 3619 1771 3676 πολλὰ
1824 3640 1909 3674 τι-

259 3716 634 3793 μωρηθέντες,
702 3714 792 3768 καὶ
856 3714 931 3787 μὴ
1006 3713 1308 3774 πεισθέντες
1369 3713 1522 3765 Θῦσαι
1578 3714 1695 3772 τοῖς
1771 3710 1910 3764 ἀκα-

257 3807 474 3881 θάρτοις
528 3801 801 3876 δαίμοσιν,
860 3803 1250 3875 ἀπετμήθησαν
1307 3802 1404 3862 τὰς
1486 3800 1674 3874 τιμίας
1732 3800 1908 3854 αὐτῶν

258 3893 501 3973 ιεῳαλᾶς
559 3893 847 3968 προστάξει
899 3888 996 3946 τοῦ
1051 3890 1295 3965 Μάγνου,
1379 3889 1467 3945 καὶ
1552 3887 1908 3959 κατετέθησαν

260 3985 306 4039 ἐν
336 3988 408 4059 τῇ
443 3984 610 4059 χώρᾳ
638 3988 739 4051 τῆς
774 3978 1043 4050 Πισιδίας,
1075 3978 1128 4051 ἐξ
1156 3981 1223 4049 ἧς
1252 3977 1341 4033 καὶ
1373 3978 1641 4055 ἐγένοντο.

817 4099 998 4155 MllNl
1037 4100 1123 4174 Τῼ
1163 4101 1357 4173 arra.

1030 4188 1132 4243 Kl"

261 4282 530 4351 Ἀθλησις
578 4283 688 4353 τῷν
748 4278 919 4353 ἆγίων
983 4276 1269 4353 μαρτύρων
1332 4274 1682 4353 Ἀρχίππου,
1726 4285 1911 4353 ’μαθη-

322 4346 435 4409 τοῖἷ
501 4351 725 4407 Παύλου
795 4346 901 4406 ’τοῦ
985 4346 1327 4419 anon-6100,
1406 4346 1503 4403 ’παὶ
1589 4346 1915 4420 Φιλήμονος

322 4430 422 4482 τοῦ
452 4423 813 4500 στρατιώτου.
1232 4456 1235 4459 ς
1882 4459 1889 4466 .

333 4588 504 4646 Οὗτοι
541 4584 793 4660 ὑπῆρχον
854 4581 943 4637 ἐπὶ
1000 4580 1255 4657 Νέρωνος
1312 4584 1412 4636 τοῦ
1467 4577 1758 4655 βασιλέως.
1816 4582 1930 4632 Ma-

273 4677 428 4747 θηταὶ
459 4674 520 4731 δὲ
548 4675 833 4750 γεγονότες
879 4676 976 4727 τοῦ
1033 4670 1189 4746 ἁγίου
1237 4668 1481 4740 Παύλου,
1532 4666 1910 4743 ἐμαρτύρησαν

276 4765 595 4837 ἒνΧιὲνιαις,
628 4762 788 4819 πόλει
845 4768 945 4831 τῆς
1000 4759 1269 4836 Φρυγίας,
1325 4757 1448 4827 ἣτις
1506 4757 1617 4813 ἐστὶ
1675 4755 1912 4826 πλησίον

277 4851 611 4916 Λαοδικείας.
654 4853 882 4925 Ἑορτῆς
936 4850 1035 4926 γάρ
1093 4849 1368 4923 ἀγομένης
1413 4850 1481 4920 τῇ
1535 4849 1746 4920 μυσαρᾷ
1790 4846 1916 4919 Ἀρ·-

271 4940 470 5015 τέμιόι,
532 4940 584 4996 ἐν
642 4944 724 5012 τῷ
780 4938 980 5008 ταύτης
1035 4941 1174 5009 ναῷ,
1229 4940 1308 5008 τῷ
1360 4934 1413 4990 ἐν
1479 4936 1716 5005 Χώναις,
1770 4934 1917 5006 παρά

273 5036 372 5085 τῶν
401 5030 839 5102 πεπλανημένων
871 5025 1180 5098 Ἑλλήνων,
1214 5024 1366 5080 οὗτοι
1397 5024 1451 5078 οἱ
1477 5044 1624 5099 αγιοι
1648 5022 1745 5090 τὴν
1770 5018 1916 5090 δοξο-

276 5118 454 5195 λογίαν
486 5120 801 5192 ἀνέπεμπον
847 5120 928 5188 τῷ
978 5119 1095 5187 Θεῷ
1147 5112 1200 5168 ἐν
1258 5116 1327 5187 τῇ
1382 5112 1654 5188 ἁγιωτάτῃ
1712 5108 1913 5177 ἐκκλη-

279 5210 376 5281 σίᾳ,
409 5211 540 5285 μετὰ
582 5214 694 5265 τῶν
756 5209 1116 5283 Χριστιανῶν.
1172 5202 1307 5260 Εἶτα
1358 5200 1667 5274 ἐπιθέμενοι
1728 5198 1916 5259 αὐτοῖς

277 5301 323 5354 οἱ
350 5299 766 5375 εἰδωλολάτραι,
795 5299 907 5352 τῶν
972 5295 1065 5368 μὶν
1118 5290 1329 5347 λοιπῶν
1380 5291 1686 5367 φυγόντων,
1744 5288 1916 5361 μόνου

279 5384 663 5468 δὲ’Λρχίππου
693 5387 788 5443 καὶ
845 5383 1195 5456 Φιλήμονος,
1252 5381 1341 5436 καὶ
1397 5379 1630 5457 Ἀμφίας
1687 5378 1917 5468 ὑπομει-

278 5479 484 5549 νάντων,
525 5479 900 5556 κρατήσαντες
954 5472 1173 5540 αὐτοὺς,
1231 5468 1438 5544 ἤγαγον
1497 5468 1633 5543 πρὸς
1684 5462 1918 5556 ΑξΑνδρο-

282 5569 401 5625 κλέα
448 5553 570 5627 τὸν-
600 5561 953 5641 σιτοφύλακα
1011 5558 1260 5637 Ἐφέσου.
1312 5558 1583 5615 Τύπτεται
1648 5553 1740 5610 οὗν
1798 5556 1924 5630 παρ’

277 5659 421 5719 αύτοῦ
468 5664 494 5718 6
538 5668 896 5737 Ἄρχιπποςο
938 5651 1028 5708 καὶ
1082 5651 1159 5724 μή
1207 5649 1443 5715 πείσθεῖς
1488 5649 1642 5703 θῦσαι
1682 5649 1801 5708 τοῖς
1845 5644 1923 5699 εἷ-

2022 3271 2321 3327 Christum
2348 3271 2874 3345 abnegarent,oum
2888 3274 3076 3329 altero
3092 3276 3447 3348 cognomine
3462 3278 3677 3347 Marco,

2021 3361 2121 3432 qui
2144 3360 2299 3416 inter
2330 3366 2567 3417 sanctos
2599 3368 2888 3434 martyres
2937 3364 3297 3434 Calyntenos
3346 3366 3678 3438 appellatos

2019 3449 2179 3505 velut
2205 3450 2368 3506 sidus
2400 3451 2713 3519 emicabat,
2746 3452 3001 3508 vinculis
3020 3454 3680 3520 constricti,acerbissi-

2020 3538 2135 3594 mis
2166 3539 2358 3594 omnis
2398 3541 2633 3610 generis
2690 3541 3049 3596 cruciatibus
3107 3548 3410 3597 vexantur.
3466 3544 3681 3598 Verum

2020 3629 2084 3684 in
2115 3628 2331 3683 Christi
2368 3629 2483 3684 ﬁde
2516 3635 2984 3700 perseverantes,
3019 3630 3229 3686 adduci
3254 3648 3375 3686 non
3407 3636 3675 3702 potuere,

2018 3723 2086 3773 ut
2131 3717 2381 3788 impuris
2438 3717 2751 3772 daemoniis
2810 3717 3210 3790 immolarent,
3270 3720 3666 3785 Quamobrem

2021 3805 2207 3862 sacris
2237 3806 2504 3877 ipsorum
2534 3806 2848 3877 capitibus,
2884 3807 3073 3878 Magni
3114 3808 3309 3879 jussu,
3353 3809 3671 3865 obtrunca-

2018 3896 2117 3966 tis,
2150 3895 2212 3950 in
2242 3895 2472 3964 eadem,
2506 3896 2567 3950 in
2597 3912 2715 3967 qua
2752 3896 2877 3951 nati
2910 3902 3100 3968 erant,
3132 3898 3368 3954 Pisidiae
3426 3900 3673 3971 regione

2022 3984 2238 4056 sepulti
2270 3984 2456 4040 fuere.

2722 4094 2965 4151 EODEM

2533 4182 2635 4238 Die
2667 4183 2947 4239 vicesima
2977 4184 3151 4240 tertia

2022 4272 2176 4330 206
2205 4274 2489 4347 Certamen
2517 4280 2834 4347 sanctorum
2881 4280 3188 4347 martyrum
3235 4276 3533 4347 Archippi,
3583 4277 3674 4331 di-

2153 4345 2356 4415 scipuli
2391 4343 2556 4399 Pauli
2584 4345 2845 4416 apostoli,
2876 4351 2928 4400 et
2954 4345 3290 4403 Philemonis
3320 4343 3537 4403 militis».

2053 4578 2143 4644 lli,
2174 4579 2404 4632 Nerone
2435 4577 2789 4648 imperante,
2823 4577 3106 4648 discipuli
3164 4578 3414 4634 fuerunt
3483 4579 3678 4636 sancti

2022 4666 2210 4732 Pauli,
2235 4671 2294 4720 et
2313 4665 2532 4720 Chonis
2555 4665 2615 4719 in
2640 4665 2892 4737 Phrygia
2914 4666 3071 4720 haud
3098 4668 3304 4738 procui
3324 4684 3358 4722 a
3378 4668 3680 4724 Laodiczea

2023 4755 2546 4825 urbe,martyrium
2570 4754 3052 4809 subierunt.Cum
3078 4756 3236 4811 enim
3249 4757 3436 4813 festus
3452 4758 3677 4814 abomi-

2024 4844 2236 4899 nandae
2269 4841 2468 4896 Dianae
2518 4840 2644 4894 dies
2666 4840 2725 4894 in
2757 4841 3022 4912 ejusdem
3050 4844 3269 4916 templo
3284 4846 3500 4901 Chonis
3524 4864 3558 4902 a
3581 4864 3678 4903 su-

2025 4929 2598 5004 perstitiosisGrmcis
2612 4930 3005 5002 ageretur,isti
3023 4932 3219 4988 Sancti
3234 4934 3293 4989 in
3313 4937 3682 4993 sanctissima

2026 5021 2278 5077 ecclesia
2301 5019 2480 5073 simul
2502 5035 2637 5073 cum
2661 5019 3010 5076 Christianis
3032 5022 3240 5079 laudes
3255 5025 3372 5079 Deo
3395 5025 3677 5081 decanta-

2026 5110 2388 5174 bant.Quare
2402 5110 2555 5163 facto
2574 5108 2645 5163 ab
2664 5108 3072 5166 idololatrisin
3089 5112 3225 5168 illos
3246 5113 3492 5185 impetu,
3505 5121 3676 5170 caete-

2026 5200 2229 5269 risque
2254 5198 2313 5251 in
2330 5197 2527 5270 fugam
2541 5199 3222 5273 conversis,Archippus,
3255 5202 3587 5271 Philemon,
3621 5211 3682 5260 et

2026 5290 2314 5362 Amphias
2342 5289 2453 5344 soli
2471 5290 3009 5347 constitere.Vincti
3031 5293 3209 5364 igitur
3228 5294 3303 5349 ad
3318 5295 3680 5368 Audroclem,

2028 5380 2115 5435 rei
2140 5379 2542 5434 frumentarias
2561 5380 2775 5450 Ephesi
2800 5381 3166 5451 praefectum,
3182 5383 3685 5454 perducuntur;et

2032 5469 2366 5540 Archippus
2396 5467 2640 5538 quidem
2670 5468 2945 5540 ﬂagellis,
2982 5471 3110 5542 ejus
3147 5472 3342 5543 jussu,
3401 5474 3682 5529 caaditur:

2033 5574 2288 5628 cumque
2320 5556 2496 5612 idolis
2531 5557 2865 5611 sacriﬁcare
2896 5565 3216 5623 recusaret,
3252 5560 3313 5614 in
3340 5562 3572 5617 foveam
3594 5562 3683 5614 in-

2028 5647 2247 5719 jectus,
2279 5650 2456 5717 atque
2483 5661 2691 5715 aggere
2723 5645 2796 5701 ad
2825 5645 3171 5700 umbilicum
3194 5663 3381 5716 usque
3412 5649 3680 5714 obrutus,
