4114 6306
480 357 595 416 175

1800 353 2230 416 MENOLOGII
2274 355 2479 418 PARS
2525 358 2572 417 Ι.

3783 354 3905 416 176

477 507 801 565 puerorum
859 490 1030 563 stylis
1086 489 1445 560 confoditur,
1504 489 1745 545 demum
1804 489 2120 561 lapidatur.

2249 484 2467 561 Βώλοις,
2502 488 2578 551 εἰς
2611 487 2806 565 βόθρον
2844 484 3207 563 ἐμϐάλλεται,
3264 490 3355 545 καὶ
3402 491 3679 565 χώννυται
3731 492 3907 568 μέχρι

476 582 791 637 Philemon
823 586 1021 635 autem
1050 579 1306 635 fustibus
1356 596 1424 635 eo
1483 596 1673 651 usque
1721 578 2128 650 confunditur,

475 671 619 726 dum
651 670 917 725 animam
950 669 1193 725 efﬂavit.

1045 966 1287 1020 EODEM
1327 966 1578 1021 MENSE.

984 1055 1086 1110 Die
1116 1055 1400 1111 vicesima
1428 1059 1641 1126 quarta

480 1148 627 1204 207
666 1148 953 1203 Certamen
975 1152 1182 1201 sanctae
1218 1144 1479 1214 martyris
1511 1145 1771 1211 Caeciliae,
1816 1150 1867 1197 et
1915 1148 2134 1197 sancto-

755 1233 878 1272 rum
906 1218 1176 1272 sociorum
1216 1213 1491 1272 Valeriani
1514 1223 1565 1271 et
1596 1213 1855 1270 Tiburtii.

550 1333 807 1401 Caecilia,
839 1337 1065 1404 martyr
1096 1335 1313 1398 Romae,
1348 1331 1746 1403 locupletibus
1786 1328 2135 1402 parentibus

481 1431 642 1491 nata,
677 1424 987 1479 Valeriano
1018 1424 1080 1478 in
1117 1424 1565 1479 matrimonium
1624 1422 1930 1487 collocata,
1975 1421 2137 1475 hunc

484 1514 557 1570 ad
578 1513 792 1570 Christi
821 1512 1000 1568 ﬁdem
1026 1513 1099 1567 ob
1130 1514 1325 1586 angeli
1349 1513 2000 1585 apparitionem,quem
2021 1509 2136 1581 ipsi

481 1607 935 1670 monstraverat,
967 1603 1244 1659 traduxit.
1279 1603 1625 1658 Valerianus
1666 1607 1866 1657 autem
1917 1601 2135 1656 Tibur-

486 1695 638 1751 tium
667 1694 915 1749 fratrem
963 1694 1217 1759 induxit,
1269 1700 1335 1748 ut
1382 1694 1743 1765 baptismum
1786 1693 2133 1764 susciperet.

484 1784 639 1848 Quos
662 1800 871 1839 omnes
899 1783 1170 1838 Urbanus
1194 1783 1357 1838 urbis
1381 1784 1694 1855 episcopus
1716 1783 1935 1837 docuit.
1953 1784 2135 1837 Porro

483 1873 784 1927 Tiburtius
816 1889 947 1927 eam
970 1873 1223 1945 gratiam
1246 1873 1671 1945 promeruit.ut
1694 1872 1956 1943 quotidie
1971 1888 2144 1943 ange-

485 1962 682 2017 lorum
712 1968 956 2033 aspectu
985 1967 1043 2017 et
1073 1962 1371 2033 colloquio
1398 1962 1712 2017 frueretur.
1747 1961 1857 2016 Sed
1914 1977 2049 2016 cum
2082 1967 2141 2015 et

486 2052 614 2123 ipse
647 2057 705 2106 et
727 2051 1074 2106 Valerianus
1099 2068 1347 2122 corpora
1362 2058 1691 2123 martyrum
1717 2049 2141 2121 sepelirent,ad

488 2140 834 2212 praefectum
893 2140 1057 2195 urbis
1107 2141 1308 2207 delati,
1364 2140 1795 2210 tormentisque
1863 2139 2138 2210 subjecti,

488 2228 737 2283 Maximo
780 2228 1151 2283 (lubiculario
1210 2229 1542 2295 traduntur,
1577 2246 1611 2283 a
1642 2245 1757 2299 quo
1806 2227 2143 2282 veneranda

488 2335 695 2372 eorum
728 2319 921 2389 capita
950 2318 1211 2373 abscissa
1252 2325 1424 2373 sunt:
1468 2320 1663 2389 ipsum
1715 2324 1911 2373 tamen
1964 2318 2139 2372 cubi-

487 2406 779 2462 cularium
816 2407 1128 2461 Maximum
1162 2406 1235 2461 ad
1266 2407 1480 2461 Christi
1542 2407 1719 2461 ﬁdem
1769 2413 1975 2478 postea
2005 2424 2139 2477 per-

490 2500 816 2559 traxerunt,
851 2496 950 2565 qui
985 2503 1042 2550 et
1072 2496 1329 2567 prznfecti
1355 2496 1529 2566 jussu
1561 2496 1935 2550 excruciatus
1963 2496 2142 2550 vitam

491 2585 699 2639 ﬁnivit.
727 2588 800 2639 At
831 2601 965 2639 vero
997 2585 1231 2639 Caecilia
1262 2584 1321 2638 in
1352 2584 1630 2638 balneum
1654 2584 2142 2639 ardentissimum

488 2677 781 2747 conjecta,
810 2692 944 2731 cum
966 2675 1229 2730 triduum
1262 2674 1345 2729 ibi
1378 2674 1567 2729 illaasa
1588 2675 1925 2741 mansisset,
1950 2674 2142 2746 capite

487 2763 662 2835 plexa
694 2769 802 2819 est.

1147 3060 1369 3115 Eodem
1398 3059 1494 3114 die

497 3149 648 3206 208
691 3150 975 3205 Certamen
1029 3151 1206 3203 sancti
1265 3150 1447 3203 Patris
1484 3150 1663 3203 nostri
1725 3147 2144 3216 sacromartyris

928 3220 1183 3283 Sisinnii,
1214 3221 1453 3289 episcopi
1484 3220 1686 3288 Cyzici.

564 3336 986 3391 Sacrosanctus
1010 3340 1232 3406 martyr
1248 3333 1940 3398 Sisinnius,Diocletiano
1955 3333 2144 3404 impe-

491 3430 708 3489 ratore,
738 3424 924 3496 Cyzici
955 3425 1289 3497 episcopus,
1316 3426 1652 3479 Crtecorum
1673 3422 2142 3488 multitudinem,

491 3515 671 3570 ﬁdem
700 3513 919 3570 Christi
977 3514 1220 3582 docens,
1281 3531 1501 3586 eosque
1533 3532 1567 3570 a
1595 3515 1787 3586 patria
1843 3513 2143 3569 idolorum

489 3604 913 3675 superstitione
952 3604 1027 3660 ad
1084 3605 1402 3660 Dominum
1459 3610 1832 3674 convertens,
1900 3604 1962 3658 in
2015 3603 2145 3676 ejus

488 3694 731 3749 nomine
752 3693 1113 3765 baptizabat;
1143 3694 1349 3750 ﬁdeles
1371 3711 1505 3749 vero
1529 3693 1947 3763 conﬁrmabat,
1988 3692 2144 3747 suis.

488 3799 604 3853 que
629 3782 872 3837 monitis
904 3782 1199 3839 ﬁrmiores
1229 3783 1535 3839 reddebat.
1571 3782 1683 3838 Sed
1717 3788 1777 3837 et
1812 3799 1914 3837 eos
1949 3780 2144 3852 quiob

486 3872 700 3927 Christi
724 3888 945 3927 nomen
964 3874 1400 3945 comprehensi,
1435 3878 1493 3927 et
1526 3873 1585 3927 in
1619 3889 1885 3928 carceres
1922 3869 2142 3926 inclusi

485 3966 676 4027 erant,
710 3967 812 4015 aut
841 3964 1153 4016 tormrntis
1184 3962 1457 4032 subjecti,
1519 3962 1811 4024 visitabat,
1874 3960 2142 4024 curabat,

487 4055 545 4102 et
574 4049 648 4102 ad
680 4050 1029 4119 martyrium
1062 4050 1295 4103 fortiter
1343 4051 1721 4105 subeundum
1771 4049 2123 4120 impellebat

486 4138 677 4200 Quare
708 4137 942 4191 delatus
973 4138 1045 4191 ad
1077 4138 1533 4205 Diocletianum,
1574 4120 2142 4209 comprehenditur;

488 4232 546 4279 et
577 4226 754 4296 virgis
789 4226 1044 4296 primum
1084 4227 1427 4297 gravissime
1482 4228 1766 4281 exeditur:
1820 4243 1956 4281 mox
2010 4243 2140 4281 sus-

484 4330 728 4386 pensus,
760 4315 941 4385 inque
969 4316 1255 4371 lateribus
1281 4316 1627 4380 dilaniatus,
1658 4316 1942 4370 custodiae
1968 4314 2145 4370 tradi-

485 4410 616 4457 tur:
652 4403 752 4458 ubi
802 4404 1084 4459 diuturna
1140 4406 1316 4467 fame,
1378 4405 1475 4459 siti
1536 4412 1596 4459 et
1651 4405 1946 4460 sexcentis
2006 4403 2143 4459 aliis

482 4495 765 4548 aerumnis
798 4495 1101 4549 confectus
1133 4500 1239 4549 est.
1283 4496 1494 4550 Postea
1551 4494 1820 4559 eductus,
1869 4499 2047 4565 atque
2078 4498 2144 4548 ut

2238 581 2336 632 τοῦ
2367 578 2644 654 ὀμφαλοῦ.
2680 577 2782 634 Καὶ
2845 578 2949 633 ὑπὸ
3011 576 3220 633 παίδων
3276 578 3557 654 σχολιτῶν
3619 581 3909 657 γραφείοις

2243 666 2660 737 κατακεντηθεὶς
2691 665 2820 723 ὅλον
2852 667 2915 721 τὸ
2947 670 3106 741 σῶμα
3164 668 3454 743 πρότερον,
3510 666 3731 744 ὕστερον
3784 667 3906 723 ἐλι-

2242 752 2551 828 θοϐολήθη.
2603 758 2734 813 Εἶτα
2789 756 2936 812 καὶὸ
2969 756 3125 832 ’ἅγιος
3183 755 3462 830 Φιλήμων
3528 757 3666 829 μετὰ
3723 757 3902 828 ξύλων

2240 846 2463 923 τυφθεὶς
2495 844 2769 916 ἀνηλεῶς,
2803 843 3131 902 τελειοῦται.

2793 966 2972 1021 MHNI
3013 966 3105 1043 Te
3144 967 3344 1042 Arre.

3022 1054 3121 1107 KA'

2245 1140 2510 1216 Ἀθλησις
2565 1148 2666 1216 τῆς
2707 1141 2882 1216 ,ἁγίας
2954 1141 3228 1216 μάρτυρος
3304 1140 3585 1216 Κικιλίας,
3642 1142 3731 1216 καὶ
3790 1144 3904 1196 τῶν

2401 1208 2493 1267 σὺν
2527 1208 2663 1287 αὐτῇ
2695 1208 2866 1288 ἁγίων
2904 1208 3240 1289 Βαλέριοίνοῦ
3270 1213 3358 1268 καὶ
3392 1208 3743 1289 Τιϐουρτίου.

2315 1328 2377 1383 Ἠ
2414 1326 2618 1402 μάρτυς
2652 1329 2873 1386 Κικιλία
2916 1330 3165 1403 ὗπῆργεν
3225 1327 3285 1383 ἐκ
3339 1335 3439 1397 τῆς
3495 1326 3708 1391 πόλεως
3762 1328 3904 1384 Ῥώ-

2249 1425 2358 1489 μης
2425 1415 2702 1472 πλουσίων
2761 1418 2960 1493 γονέων
3042 1418 3298 1491 θυγάτηρ.
3380 1416 3786 1486 Μνηστευθεῖσα
3844 1411 3906 1471 δὲ

2246 1507 2579 1582 Βαλεριανῷ,
2610 1512 2801 1563 τοῦτον
2835 1507 2923 1562 ἐπὶ
2963 1508 3061 1576 τήν
3114 1507 3191 1569 εἷς
3239 1507 3469 1582 Χριστὸν
3526 1506 3705 1562 πίστιν
3770 1525 3903 1580 μετ-

2246 1597 2472 1671 ήγαγεν,
2530 1596 2580 1669 ἐξ
2639 1596 2952 1675 ἐπιφανείας
2996 1594 3275 1671 ’ἀγγέ).ου,
3332 1596 3390 1651 ’ὸν
3464 1596 3553 1652 καὶ
3633 1593 3905 1666 ὑπέδειξεν

2245 1686 2413 1758 αὐτῷ.
2447 1686 2508 1744 Ὀ
2539 1683 2596 1741 δὲ
2649 1685 2976 1763 Βαλεριανὸς
3031 1682 3211 1741 ἔπεισε
3263 1687 3621 1761 βαπτισθῆναι
3668 1680 3905 1761 Τιϐοῦρ-

2208 1780 2360 1831 ¹τιον
2392 1776 2483 1832 τὸν
2514 1773 2749 1853 ἀδελφὸν
2782 1775 2967 1833 αὐτοῦ.
3031 1777 3099 1834 Οἱ
3146 1780 3295 1851 τρεῖς
3350 1772 3699 1831 ἐδιδάσκοντο
3757 1773 3906 1850 παρὰ

2172 1861 2529 1942 ΒΟὖρϐανοῦ
2615 1866 2916 1922 ἐπισκόπου
2994 1874 3093 1936 τῆς

3180 1865 3415 1928 πόλεως.
3501 1864 3784 1935 Τοσαύτης
3845 1862 3908 1918 δὲ

2244 1960 2455 2030 ἠξιώθη
2488 1958 2716 2033 χάριτος
2749 1957 2777 2011 ὁ
2805 1953 3146 2032 Τιϐοόρτιος,
3204 1956 3280 2015 ὡς
3328 1956 3417 2010 καὶ
3465 1954 3719 2032 άγγέλοις
3766 1965 3906 2018 καθ-

2247 2048 2472 2117 εκάστην
2532 2045 2916 2121 προσομιλεῖν.
2970 2046 3140 2108 Οὗτος
3197 2047 3263 2099 τά
3338 2046 3564 2117 σώματα
3639 2047 3748 2098 τῶν
3817 2042 3908 2097 ἐν-

2247 2136 2558 2202 αθλο·5ντων
2622 2138 2909 2212 μδαρτύρων
2979 2137 3219 2207 θάπτων,
3286 2135 3419 2208 μετὰ
3467 2138 3564 2189 τοῦ
3636 2132 3905 2206 Βαλερια-

2248 2234 2364 2298 νοῦ,
2399 2224 2753 2283 διαϐάλλεται
2788 2232 2869 2299 τῷ
2927 2226 3153 2302 ἐπάρχῳ
3196 2233 3295 2296 τῆς
3339 2223 3573 2288 πόλεως.
3624 2222 3723 2278 Καὶ
3771 2223 3903 2296 παρ’

2250 2318 2413 2373 αὐτοῦ
2466 2318 2893 2390 τιμωρηθὲντες,
2959 2314 3332 2390 παρεδόθησαν
3422 2313 3655 2385 Μαξίμῳ
3733 2333 3903 2367 καπι-

2248 2406 2481 2482 κλαρίῳ·
2514 2406 2603 2461 καὶ
2635 2407 2760 2482 παρ’
2810 2406 2976 2460 αὐτοῦ
3033 2405 3128 2467 τὰς
3182 2404 3367 2477 τιμίας
3426 2403 3602 2458 αὐτῶν
3644 2402 3901 2475 ἀπετμή-

2249 2501 2413 2568 θησαν
2493 2495 2754 2572 κεφαλὰς,
2868 2488 3291 2567 ἐπισπασάμενοι
3384 2494 3471 2548 καὶ
3556 2494 3645 2547 τὸν
3733 2513 3905 2546 καπι-

2246 2589 2477 2664 κλάριον
2520 2589 2767 2660 Μάξιμον
2826 2586 2903 2650 εἷς
2956 2588 3054 2655 τήν
3113 2587 3315 2642 πίστιν.
3372 2587 3581 2653 ”Οατις,
3646 2584 3747 2638 ὑπὸ
3804 2587 3904 2637 τοῦ

2251 2679 2498 2753 ἐπάρχου
2536 2676 2980 2751 τιμωρούμενος,
3030 2674 3348 2745 ἐτελειώθη.
3410 2675 3472 2730 ἸΙ
3537 2671 3595 2728 δὲ
3656 2670 3905 2742 Κικιλία,

2251 2768 2327 2831 εἷς
2362 2767 2594 2842 λουτρὸν
2638 2765 2951 2841 ἐκπυρωθὲν
3008 2759 3372 2838 ἐμϐληθεῖσα,
3426 2761 3519 2818 καὶ
3568 2768 3714 2837 τρεῖς
3760 2760 3905 2834 ἡμέ-

2252 2879 2347 2935 ρας
2381 2855 2689 2927 διανόσασα,
2720 2855 2808 2911 καὶ
2843 2852 3010 2929 μηδὲν
3047 2849 3335 2929 βλαϐεῖσα,
3393 2853 3605 2927 ἐτμήθη
3657 2852 3757 2921 τήν
3806 2871 3907 2907 κε·-

2252 2946 2452 3025 φαλήν.

2836 3064 2921 3136 Τῇ
2961 3061 3097 3136 αὖτῇ
3129 3061 3313 3136 ἡμέρᾳ

2252 3152 2522 3224 Ἀθλησις
2576 3155 2674 3206 τοῦ
2734 3150 2882 3224 ὁσίου
2939 3149 3177 3224 -Πατρρς
3258 3151 3421 3224 ἡμῶν
3504 3146 3904 3223 ἱερομάρτυρος

2605 3222 2902 3290 Σισιννίου,
2934 3221 3239 3277 ἐπισκόπου
3269 3221 3523 3291 Κυζίκου.

2321 3342 2384 3399 Ὀ
2414 3343 2566 3415 ἅγιος
2626 3338 2948 3414 ἱερομάρτυς
3002 3338 3265 3400 Σισίννιος
3323 3338 3569 3412 ὑπῆρχεν
3634 3335 3720 3390 ἐπὶ
3772 3343 3898 3390 Aio-

2250 3430 2548 3502 κλητιανοῦ
2571 3433 2668 3483 τοῦ
2730 3423 3022 3503 βασιλέως,
3072 3427 3364 3489 ἐπίσκοπος
3422 3426 3679 3495 Κυζίκου.
3738 3421 3899 3479 Διδά-

2252 3542 2391 3576 σκων
2422 3516 2480 3574 δὲ
2507 3519 2574 3573 τὰ
2603 3516 2788 3589 πλήθη
2818 3522 2927 3573 τῶν
2953 3515 3243 3587 Ἑλλήνων
3273 3517 3374 3585 τήν
3407 3513 3485 3577 εἷς
3530 3515 3762 3583 Χριστὸν
3806 3514 3906 3568 πί-

2251 3630 2388 3679 στιν,
2457 3606 2545 3662 καὶ
2633 3605 2966 3682 ἐπιστρέφων
3049 3605 3155 3660 ἀπὸ
3240 3608 3338 3674 τῆς
3414 3600 3903 3680 πατροπαραδότου

2251 3696 2462 3768 πλάνης
2488 3700 2597 3752 τῶν
2629 3693 2875 3751 εἲδώλων
2907 3693 2995 3749 ἐπὶ
3043 3695 3134 3750 τὸν
3194 3694 3417 3767 Κύριον,
3476 3693 3565 3749 καὶ
3627 3691 3903 3769 βαπτίζων

2253 3787 2330 3849 εἷς
2357 3786 2421 3841 τὸ
2448 3782 2623 3858 ὄνομα
2645 3784 2836 3855 αὐτοῦ,
2876 3784 3004 3845 τοὺς
3063 3779 3121 3837 δὲ
3175 3781 3405 3845 πίστοὺς
3458 3782 3753 3857 στηρίζων,
3808 3780 3905 3836 καὶ

2252 3872 2625 3951 ἐδραιοτέρους
2687 3877 2861 3928 ποιῶν
2914 3877 3031 3933 ταῖς
3109 3870 3509 3945 παραινέσεσιν,
3559 3866 3636 3925 ἔτι
3697 3868 3754 3924 δὲ
3808 3869 3904 3924 καὶ

2251 3964 2378 4026 τους
2408 3964 2811 4037 κρατουμένους
2842 3959 2931 4016 διὰ
2958 3961 3021 4017 τὸ
3052 3955 3226 4035 ὄνομα
3255 3960 3351 4016 τοῦ
3409 3963 3667 4036 Χριστοῦ,
3723 3957 3811 4013 καὶ
3845 3957 3899 4013 ἐν

2253 4054 2519 4132 φυλακαῖς
2575 4048 2727 4115 ὄντας
2781 4053 2868 4108 καὶ
2935 4051 3186 4123 βασάνοις
3270 4051 3751 4123 ἐπισκεπτόμενος,
3807 4047 3901 4103 καὶ

2253 4143 2582 4215 θεραπεύων,
2610 4143 2699 4199 καὶ
2751 4142 3061 4220 ἐπαλείφων
3118 4142 3256 4217 πρὸς
3312 4142 3375 4195 τὸ
3436 4140 3753 4215 μαρτύριον,
3814 4135 3901 4193 δι-

2253 4230 2463 4304 εϐλήθη
2495 4238 2575 4305 τῷ
2603 4231 2998 4304 Διοκλητιανῷ’
3033 4231 3121 4286 καὶ
3170 4229 3479 4307 κρατηθεὶς,
3526 4232 3742 4303 πρῶτον
3802 4227 3899 4301 μὲν

2256 4328 2632 4399 μαστιγοῦται,
2691 4323 2783 4378 καὶ
2838 4321 3096 4377 τύπτεται
3154 4321 3417 4396 ἰσχυρῶς.
3506 4319 3603 4374 Καὶ
3686 4338 3900 4394 κρεμα-

2252 4414 2418 4481 σθεῖς,
2469 4412 2639 4481 ξέεται
2698 4410 2793 4471 τὰς
2879 4408 3139 4484 πλευράς.
3226 4410 3453 4465 Ἔπειτα
3536 4402 3898 4483 παραδίδοται

2251 4503 2487 4581 φυλακῇ,
2518 4501 2607 4556 καὶ
2639 4498 2793 4571 λιμῷ
2849 4497 3210 4574 προσπαλαίει
3267 4498 3353 4553 καὶ
3416 4493 3580 4571 δίψει,
3637 4494 3726 4581 καὶ
3785 4490 3901 4549 ἑτέ-

479 4584 777 4638 Christum
802 4586 1079 4656 ejuraret,
1105 4584 1319 4640 frustra
1345 4584 1718 4652 sollicitatus,
1736 4583 1930 4655 gladio
1954 4583 2134 4638 ﬁnem

2249 4580 2364 4668 ραις
2398 4592 2616 4667 μυρίαις
2645 4588 2912 4662 θλίψεσιν.
2966 4589 3098 4644 Εἶτα
3142 4594 3244 4657 τῆς
3294 4586 3543 4664 φυλακῆς
3587 4580 3901 4655 ἐκϐληθεὶς,

478 4670 651 4726 laetus
683 4674 929 4745 accepit.

1129 4883 1350 4937 Eodem
1380 4882 1475 4937 die

478 4967 631 5025 209
665 4969 1122 5026 Commemoratio
1151 4974 1333 5025 sancti
1384 4972 1641 5041 Gregorii
1684 4972 1929 5041 episcopi
1967 4971 2130 5040 Agri-

1109 5044 1481 5096 aentinorum.

1107 5058 1481 5111 gemmarum.

540 5158 875 5215 Iustiniano
908 5160 1288 5215 Rhinotmeto
1335 5159 1692 5228 imperante,
1747 5160 2028 5215 Chariten
2068 5164 2128 5214 et

472 5246 772 5302 Theodota
802 5249 931 5318 ejus
969 5263 1137 5311 uxor,
1198 5246 1649 5317 hospitalissimi
1707 5247 2003 5316 homines,
2062 5249 2125 5303 in

471 5336 618 5392 urbe
651 5338 1172 5410 Agrigentinorum
1207 5335 1516 5406 degebant.
1552 5338 1774 5391 Horum
1824 5338 1983 5393 ﬁlius
2013 5339 2126 5394 fuit

472 5426 787 5498 Gregorius
836 5428 967 5492 iste,
1027 5443 1205 5495 quem
1240 5442 1270 5478 e
1303 5442 1471 5479 sacro
1529 5424 1901 5497 baptismatis
1959 5427 2124 5484 fonte

471 5524 813 5587 susceptum
846 5517 1160 5588 episcopus
1191 5515 1479 5581 educavit,
1521 5522 1580 5571 et
1625 5516 1909 5572 clericum
1959 5518 2120 5573 fecit.

470 5605 583 5660 Sed
604 5622 795 5662 annos
816 5606 1220 5677 duodeviginti
1248 5611 1423 5660 natus
1453 5622 1587 5660 cum
1614 5623 1782 5662 sacra
1812 5606 1941 5663 loca
1969 5607 2123 5663 invi-

472 5702 651 5768 seret,
680 5713 715 5754 a
743 5696 995 5755 Macario
1028 5696 1305 5769 episc0po
1337 5695 1871 5768 Hierosolymitano
1920 5696 2118 5753 diaco-

2240 4680 2330 4737 καὶ
2362 4680 2524 4736 πάλιν
2558 4679 2914 4753 ἀναγκασθεὶς
2944 4677 3278 4753 ἀρνήσασθαι
3332 4678 3427 4731 τόν
3488 4674 3746 4751 Χριστὸν,
3805 4674 3900 4729 καὶ

2245 4771 2321 4845 μὴ
2353 4769 2609 4838 πεισθεὶς,
2636 4767 2735 4836 τήν
2769 4763 2859 4821 διά
2888 4765 3072 4843 ξίφους
3098 4765 3307 4842 χαίρων
3341 4762 3555 4835 ἐδέξατο
3608 4762 3896 4833 τελευτήν.

2827 4885 2911 4957 Τῇ
2944 4881 3080 4955 αὖτῇ
3113 4882 3296 4957 ἡμέρᾳ

2240 4976 2453 5048 Μνήμη
2536 4976 2632 5028 τοῦ
2712 4971 2873 5048 ἁγίου
2987 4970 3315 5048 Γρηγορίου,
3401 4967 3700 5024 ἐπισκόπου
3788 4973 3892 5037 τῆς

2711 5040 3138 5119 ’Ᾰκραγαντίνων
3168 5040 3405 5106 πόλεως.

2304 5163 2433 5220 Ἐπὶ
2461 5169 2563 5232 τῆς
2603 5159 2884 5237 βασιλείας
2930 5161 3315 5217 Ἰουστινιανοῦ
3356 5162 3455 5213 τοῦ
3495 5157 3886 5229 Ῥινοτμήτου,

2235 5253 2478 5325 Χαρίτων
2509 5273 2591 5313 τις
2624 5252 2715 5306 καὶ
2748 5247 2984 5319 Θεοδότη
3011 5252 3045 5319 ἡ
3080 5244 3313 5321 σῦμϐιος
3367 5248 3556 5319 αὐτοῦ,
3610 5244 3890 5325 φιλόξενοι

2233 5339 2537 5417 ἅνθρωποι,
2573 5341 2823 5415 ὑπῆρχον
2883 5338 2935 5394 ἐν
2989 5341 3057 5413 τῇ
3116 5339 3280 5392 πόλει
3337 5336 3791 5413 Ἀκραγαντίνων·
3835 5333 3889 5406 ἐξ

2233 5428 2309 5484 ὦν
2366 5431 2625 5504 ἐγεννήθη
2686 5429 2991 5504 Γρηγόριος
3049 5428 3224 5492 οὗτος.
3277 5428 3374 5483 "Ov
3431 5424 3491 5481 ἐκ
3570 5429 3671 5479 τοῦ
3730 5423 3890 5498 ἁγίου

2236 5519 2610 5594 βαπτίσματος
2683 5516 2971 5591 δεξάμενος
3058 5518 3087 5570 ὁ
3170 5514 3491 5583 ἐπίσκοπος,
3575 5512 3887 5588 ἀνέθρεψεν

2231 5609 2348 5663 εἶτα
2402 5608 2491 5663 καὶ
2552 5605 2820 5683 κληρικὸν
2879 5606 3199 5678 πεποίηκεν.
3262 5604 3439 5662 Ὀκτὼ
3495 5602 3585 5658 καὶ
3645 5600 3772 5658 δέκα
3827 5600 3891 5660 δὶ

2230 5695 2364 5752 ἐτῶν
2414 5697 2725 5774 γενόμενος,
2782 5694 2996 5767 ἀπῆλθε
3053 5695 3447 5771 προσκυνήσων
3503 5691 3632 5754 τοὺς
3699 5690 3892 5768 ἁγίους
