4112 6308
261 304 325 366 1¹Π
1812 321 2010 386 ΝονΕ

2119 322 2264 383 BER.

3632 319 3751 381 1'18

252 461 406 533 τοτυεκν
468 447 585 502 καὶ
653 451 935 527 γίνεται
1015 457 1284 522 διάκονος
1340 459 1443 514 ὑπὸ
1496 457 1797 533 Μακαρίου,
1858 458 1979 512 ἐπι-

2119 474 2205 513 ιιιδ
2231 462 2494 513 ereatur:
2521 457 2659 512 hinc
2684 457 3046 528 Byzantium,
3080 455 3296 510 deinde
3320 457 3566 511 Romam
3607 474 3746 527 pro-

256 532 964 624 ηὸπωἹεροο-ολῦμων.
1041 549 1186 605 Εἶτα
1243 547 1564 624 ὑπέστρεψεν
1623 532 1700 609 είς
1754 547 1818 603 τὸ
1873 551 1981 604 Βυ-

258 623 426 693 ζάντιῖνν
468 628 615 682 εἶτα
663 630 768 693 εἷς
844 635 1146 709 Ῥώμην
1200 637 1251 693 ὲν
1301 638 1336 712 ᾖ
1391 623 1481 692 καὶ
1538 639 1984 713 προσχειρίζεται

261 715 513 781 ἒπίτνιατιος
564 720 1169 799 ’Δκγρειγαντίνωι
1208 729 1362 786 Ὅθεν
1424 729 1785 800 φθονήσαντες
1842 727 1988 799 αὐτῷ

271 803 463 871 Σαϐῖνος
506 855 523 877 ,
588 812 702 866 καὶ
766 820 1258 890 Κρισκεντῖνος,
1347 816 1573 893 μυρίους
1654 817 1989 891 πειρασμοὺς

272 898 519 975 ἱπήγιγον
564 945 581 957 .
638 904 765 956 Καὶ
874 908 1397 981 θαυματουργήσας
1474 904 1747 983 διαφόρως
1785 949 1799 974 ,
1856 910 1990 961 Θεοῦ

278 992 458 1067 χάριτι,
511 989 928 1068 κατῄσχυνεν
992 994 1216 1062 αὐτοὺς,
1276 994 1365 1049 καὶ
1426 993 1659 1067 μὲλανας
1715 993 1988 1064 ἐποίησεν,

284 1080 396 1136 ὥστε
440 1081 540 1135 καὶ
603 1084 802 1159 μέχρι
869 1088 990 1154 τῆς
1054 1087 1292 1160 σήμερον
1349 1083 1491 1140 οὕτω
1544 1084 1825 1161 φαίνεσθαι
1855 1084 1992 1138 κατὰ

286 1172 475 1246 γενεὰν.
537 1170 655 1226 Καὶ
726 1170 898 1227 οὕτω
963 1168 1305 1248 παραλαϐὼν
1360 1174 1462 1242 τήν
1517 1172 1864 1247 Ἐκκλησίαν,
1900 1172 1987 1227 καὶ

298 1258 446 1335 μυρία
472 1259 895 1336 ἐργασάμενος
948 1261 1223 1336 θαύματα,
1280 1260 1333 1316 ἐν
1396 1261 1676 1337 βαθυτάτῳ
1730 1263 1875 1338 γήρᾳ
1901 1261 1994 1316 τὸν

301 1350 405 1425 βίον
429 1349 719 1406 ἀπέλιπεν
732 1395 747 1408 .

895 1469 1089 1526 MHNI
1125 1470 1216 1547 Τῼ
1258 1473 1453 1547 ΑΥΤῼ.

1125 1562 1227 1615 KE‘

311 1646 575 1717 Ἀθλησις
664 1652 774 1702 τοῦ
862 1647 1035 1722 ἁγίου
1121 1648 1515 1723 ἱερομάρτυρος

871 1736 1175 1791 ἐπισκόπου
1223 1736 1465 1808 Ῥώμης.

1632 1648 1941 1721 Κλήμεντος
1981 1690 1995 1716 ,

2091 544 2302 613 fectus,
2337 548 2432 601 hic
2463 547 2704 601 demum
2739 546 3261 617 Agrigentinorum
3287 546 3608 617 episcopus
3660 563 3757 600 or-

2094 635 2526 692 dinatur.Unde
2554 636 2774 690 invidia
2800 636 2942 689 moti
2963 636 3213 689 Sabinus
3239 639 3295 689 et
3317 636 3757 702 Crescentinus,

2095 727 2423 781 maximum
2458 727 2509 781 ei
2544 726 2918 781 facessebant
2937 725 3263 796 negotium,
3288 741 3539 794 quorum
3557 730 3755 780 tamen

2095 806 2479 871 insolentiam
2511 816 2716 870 multis
2748 814 2921 868 editis
2953 813 3155 868 divina
3212 814 3403 886 gratia
3451 814 3757 869 miraculis

2097 905 2469 975 ciimpressit,
2505 921 2725 975 eosque
2757 904 2957 975 nigros
2986 902 3265 967 reddidit,
3299 903 3381 957 ita
3411 908 3477 956 ut
3506 903 3579 957 ad
3605 904 3757 957 hanc

2100 995 2259 1050 diem
2290 1010 2495 1049 eorum
2526 994 2843 1065 posteritas
2876 993 2957 1047 ita
2988 996 3292 1063 appareat.
3338 995 3527 1062 Atque
3558 992 3762 1048 Eccle—

2101 1087 2250 1140 siam
2282 1084 2393 1138 hac
2423 1083 2653 1138 ratione
2684 1082 3001 1153 recipiens,
3034 1082 3402 1152 patratisque
3423 1081 3758 1136 innumeris

2098 1172 2405 1245 prodigiis,
2435 1173 2496 1226 in
2530 1176 2795 1227 extrema
2826 1175 3132 1226 senectute
3164 1170 3285 1225 vita
3316 1170 3555 1225 functus
3578 1176 3687 1225 est.

2662 1474 2903 1532 EODEM
2941 1474 3191 1529 MENSE.

2592 1581 2696 1636 Die
2730 1582 3015 1636 vicesima
3044 1581 3254 1651 quinta

2104 1672 2259 1728 2N)
2289 1672 2570 1725 Certamen
2600 1671 2933 1749 sacrosancti
2961 1671 3221 1753 nzartyris
3245 1668 3554 1736 Clementis,
3582 1671 3761 1723 Romae

2797 1756 3061 1810 episcopi.

383 1852 638 1926 Κλήμης
704 1853 735 1906 ὁ
800 1853 1124 1929 σοφώτατος
1177 1852 1396 1927 ὑπῆρχε
1457 1853 1710 1925 μαθητής
1765 1852 1853 1907 καὶ
1886 1850 2005 1908 διά·

2188 1860 2461 1915 Clemens
2492 1858 2969 1930 sapientissimus
2991 1863 3334 1913 sanctorum
3359 1857 3763 1929 apostolorum

321 1941 489 2018 δοχος
544 1947 661 1998 τῶν
721 1943 901 2017 ἁγίων
969 1939 1292 1997 ἀποστόλων
1331 1985 1343 1997 .
1400 1943 1540 1997 Ἀπὸ
1598 1939 1850 1996 κινδύνου
1904 1942 2005 2018 γὰρ

318 2036 603 2104 θιλάσσης
635 2034 778 2089 ποτὶ
823 2032 1134 2104 διασωθεὶς,
1193 2033 1283 2088 καὶ
1333 2038 1414 2105 τῷ
1464 2032 1759 2106 ἆποστόλῳ
1796 2035 2005 2109 -Πέτρῳ

318 2124 569 2201 ἐντυχὼν
607 2169 627 2194 ,
691 2125 786 2178 ὑπ’
850 2122 1054 2178 ἐκείνου
1114 2119 1421 2178 διδάσκεται
1491 2126 1591 2193 τήν
1643 2123 1720 2187 εἷς
1774 2125 2002 2197 Χριστὸν

317 2212 1016 2286 ἆλήθειαν,ἒπιστάμενος
1076 2213 1170 2267 καὶ
1227 2213 1329 2281 τὴν
1392 2209 1729 2283 Ἑλληνικὴν
1782 2217 2000 2287 γνῶσιν.

317 2307 509 2379 Κήρυξ
572 2301 638 2357 δὶ
697 2305 804 2356 τοῦ
862 2298 1210 2377 Εύαγγελίου
1264 2302 1534 2376 γεγονὼς,
1599 2302 1689 2356 καὶ
1745 2302 1840 2365 τὰς
1898 2307 2005 2356 τῶν

314 2392 659 2447 ἀποστόλων
728 2390 1006 2460 Διατὰξεις
1066 2391 1514 2465 συγγραψάμενος
1549 2434 1562 2457 ,
1613 2388 1846 2461 κατέστη
1910 2383 2005 2446 καἱ

316 2485 558 2556 Ῥώμης
592 2481 922 2541 ἐπίσκοπος.
974 2477 1169 2549 Ἀλλὰ,
1202 2480 1347 2555 παρᾶ
1401 2483 1669 2553 Τραϊανοῦ
1732 2474 2007 2557 βασιλέωίἶ

342 2572 654 2646 κρατηθείς,
716 2570 1219 2644 τιμωρεῖται.Εἶτα
1276 2569 1327 2623 ἐν
1386 2569 1622 2645 Ἀγκύρᾳ
1676 2573 1773 2637 τῆς
1834 2569 2004 2626 Γαλα-

336 2659 459 2721 τίας
509 2655 959 2733 παραπέμπεται.
1021 2660 1109 2713 Ἐν
1231 2658 1317 2712 καὶ
1380 2658 1432 2711 ἐν
1482 2659 1659 2733 τοίγῳ
1715 2659 1817 2713 τινὶ
1869 2661 2007 2715 ἀπο-

324 2747 577 2803 κλείεται
628 2746 1030 2823 ἆναφραγείσης
1094 2752 1194 2816 τῆς
1247 2745 1408 2799 αὐτοῦ
1465 2745 1628 2821 θύρας
1689 2745 1748 2801 ἐκ
1804 2746 2006 2803 λίθιυνο

318 2838 487 2893 Ὅθεν
519 2837 613 2891 καὶ
648 2837 903 2911 ὀσπρίοις
944 2834 1135 2908 μόνοις
1183 2834 1518 2911 ἀνετρὰρετο.
1580 2835 1733 2891 Οὕτω
1790 2834 1847 2892 δὲ
1878 2858 2005 2894 στε-

314 2925 606 2997 νούμενας
642 2969 661 2997 ,
716 2923 864 2980 τέλει
923 2922 1047 2999 βίου
1100 2923 1399 2999 ἐχρήσατο.
1453 2926 1712 2999 Ὕστερον
1777 2923 1856 2995 δὲ,
1931 2924 2009 2988 ὣς

320 3036 463 3090 φασι
496 3058 515 3087 ,
575 3014 732 3070 πιστὶ
786 3032 927 3075 τινες
980 3007 1384 3086 ἀναλαϐόμενοι
1460 3013 1523 3067 τὸ
1587 3013 1782 3086 τίμιον
1843 3014 2010 3071 αὐτοῦ

307 3102 588 3178 λείψανον
627 3146 646 3174 ,
704 3103 1046 3176 ἀπεκόμισαν
1102 3100 1156 3156 ἐν
1243 3102 1482 3179 Χερσῶνι
1517 3120 1530 3133 ·
1593 3101 1724 3178 ὅπερ
1779 3102 2008 3181 ἐναπερο

310 3192 461 3269 ῥίφη
512 3197 587 3264 τῇ
645 3190 892 3267 θαλάσσῃ
955 3192 1062 3247 ὑπὸ
1135 3195 1244 3247 τῶν
1300 3191 1721 3267 εἶδωλολατρῶν
1758 3238 1771 3264 ,

312 3285 607 3356 Χριστοῦ.

920 3373 997 3445 τῇ
1056 3370 1193 3444 αὐτῇ
1252 3372 1435 3447 ἡμέρᾳ

312 3461 615 3531 Ἀθλησις
676 3462 773 3516 τοῦ
830 3460 991 3536 ἁγίου
1064 3458 1464 3536 ἱερομάρτυρος
1542 3463 1750 3536 ῐιέτρου
1809 3461 2009 3535 Ἀλεξ-

1032 3546 1283 3623 ανδρείας
1308 3592 1322 3607 .

409 3671 625 3739 Πέτρος
689 3668 719 3722 ὁ
774 3667 1106 3743 ίερομάρτυς
1193 3668 1437 3744 ὑπῆρχεν
1525 3669 1615 3726 ἐπὶ
1673 3672 2013 3745 Μαξιμιανοῦ

335 3763 439 3812 τοῦ
505 3753 795 3834 βασιλέως
880 3753 1176 3818 ἐπίσκοπος
1235 3756 1661 3834 Ἀλεξανδρείας.
1715 3761 2012 3837 Κρατηοεῖς

326 3844 393 3901 δὲ
450 3844 704 3919 ἔμελλεν
760 3845 1283 3923 ἆποκειραλισθῆναι.
1346 3848 1444 3902 Καὶ
1503 3849 1736 3913 ἀκούσας
1787 3855 1949 3905 τοῦτο
1986 3851 2014 3904 ὁ

326 3936 620 4008 αἱρετικὸς
649 3936 893 4011 “Apum,
922 3933 983 3989 ὅν
1032 3937 1178 4010 εἶχεν
1212 3936 1240 3990 ὁ
1273 3936 1422 4011 ἅγιος
1453 3933 1555 4009 ἔξω
1612 3946 1713 4009 τῆς
1774 3939 2015 4010 Ἐκκλη-

326 4024 452 4086 σὶας
492 4069 510 4092 ,
563 4023 713 4092 ἦλθε
773 4023 1126 4098 συγχώρησιν
1195 4023 1537 4099 αἰτούμενος.
1579 4029 1681 4083 Τὸν
1743 4026 1800 4084 δὲ
1859 4030 2016 4103 ἅγιον

327 4116 552 4188 Πὲτρον
640 4112 728 4183 μὴ
807 4119 1166 4188 συγχωρῆσαι
1226 4114 1397 4187 αὐτῷ,
1457 4114 1586 4171 ἀλλ’
1645 4116 1838 4190 εἰπεῖν,
1889 4119 2015 4192 δναρ

332 4200 504 4271 tam,
552 4203 652 4256 τὸν
715 4199 915 4274 Κύριον
970 4200 1124 4256 αὐτὸν
1175 4202 1229 4257 ἐν
1289 4206 1536 4280 σχήματι
1586 4206 1890 4278 νεανίσκου,
1922 4228 2017 4262 πε-

338 4292 666 4366 ρικείμενον
712 4290 926 4365 χιτῶνα
985 4287 1377 4366 διερρηγμένον
1426 4294 1533 4349 ἀπὸ
1591 4293 1833 4374 κεφαλῆς
1886 4295 2018 4371 ἄχρι

339 4378 575 4447 ποδῶν,
635 4379 754 4449 καὶ,
815 4380 899 4433 ὅτι
956 4378 1325 4454 ἐρωτήσαντα,
1385 4381 1567 4459 Κύριε,
1627 4385 1713 4447 τίς
1772 4406 1868 4441 σου
1924 4385 2016 4447 τὸν

342 4473 566 4542 χιτῶνα
597 4465 947 4543 ὂιὲῤῥηξεινς
994 4468 1241 4541 ἀκοῦσαι,
1300 4468 1383 4525 ὅτι
1446 4473 1689 4547 Ἀρειος,
1722 4471 1866 4529 ἀλλὰ
1894 4477 2021 4528 τοῦ-

344 4578 444 4611 τον
478 4557 559 4619 εἲς
588 4556 877 4611 κοινωνίαν
914 4558 989 4629 μὴ
1051 4555 1197 4631 δέξῃ·
1255 4560 1469 4635 ’Λρειος
1517 4562 1620 4637 γὰρ
1681 4562 1803 4617 οὕτε
1860 4562 1910 4617 ἐν
1944 4566 2022 4635 τῷ

346 4647 447 4699 νῦν
506 4647 693 4713 αἲῶνι,
754 4644 879 4700 οὔτε
936 4645 989 4701 ἐν
1041 4652 1121 4720 τῷ
1181 4649 1447 4722 μέλλοντι
1508 4654 2017 4729 συγχωρηθήσεται.

1863 3193 2029 3270 μυρία
2086 3196 2333 3271 θαύματα
2409 3195 2663 3272 ἐνεργοῦν
2748 3194 2917 3269 μέχρι
2985 3192 3074 3246 καὶ

2112 1950 2441 2021 discipulus
2473 1954 2531 2003 et
2561 1964 2889 2016 successor,
2924 1947 3230 2019 naufragio
3263 1953 3319 2001 et
3352 1947 3633 2002 ﬂuctibus
3654 1946 3766 2001 ali-

2113 2039 2350 2110 quando
2374 2043 2631 2109 ereptus,
2658 2043 2715 2091 et
2735 2054 2871 2092 cum
2891 2039 3063 2091 Petro
3086 2037 3355 2107 apostolo
3387 2052 3762 2108 congressus,

2113 2127 2184 2183 ab
2208 2145 2276 2181 eo
2300 2127 2514 2181 Christi
2538 2127 2842 2181 veritatem
2867 2124 3108 2179 edoctus
3132 2130 3238 2192 est,
3273 2142 3407 2180 cum
3439 2126 3567 2196 jam
3602 2125 3760 2178 Grin-

2113 2234 2318 2274 corum
2346 2216 2656 2272 scientiam
2690 2220 2936 2269 teneret.
2971 2216 3177 2269 Factus
3208 2221 3404 2269 autem
3463 2214 3763 2285 Evangelii

2114 2324 2329 2378 praeco,
2361 2305 2818 2378 apostolicarum
2841 2304 3339 2358 Constitutionum
3361 2302 3761 2374 scriptor,epi-

2116 2414 2327 2468 scopus
2362 2398 2557 2451 Romae
2591 2394 2973 2450 constituitur
3026 2394 3135 2448 Sed
3166 2411 3200 2448 a
3229 2395 3478 2465 Trajano
3511 2393 3768 2463 impera-

2118 2494 2242 2542 tore
2274 2486 2758 2556 comprehensus,
2804 2488 3133 2552 tortusque,
3184 2485 3475 2552 Ancyram
3527 2480 3766 2535 Galatia)

2117 2574 2448 2645 relegatur:
2483 2573 2580 2627 ubi
2614 2572 2836 2643 pariete
2858 2570 3125 2624 inclusus
3147 2570 3449 2624 obstructa
3468 2568 3766 2639 lapidibus

2110 2663 2317 2734 janua,
2351 2667 2527 2732 atque
2558 2660 2855 2733 legumine
2883 2665 3113 2713 tantum
3145 2664 3531 2724 sustentatus,
3564 2658 3627 2711 in
3651 2657 3763 2712 hoc

2119 2749 2394 2821 squalore
2426 2755 2485 2803 et
2504 2749 2777 2821 angustia
2799 2764 2827 2801 e
2850 2748 2966 2801 vita
2991 2746 3270 2800 excessit:
3296 2746 3466 2817 cujus
3489 2746 3760 2816 pretiosa:

2118 2839 2410 2913 reliquiae,
2443 2845 2508 2893 ut
2538 2838 2744 2904 fertur,
2764 2854 2797 2892 a
2820 2837 3096 2892 fidelibus
3118 2835 3474 2906 quibusdam
3491 2834 3760 2904 sublatae,

2119 2929 2481 2984 Chersonam
2514 2927 2849 2982 transferun
2859 2931 3109 2995 tur,quaa
3129 2924 3188 2978 in
3201 2923 3562 2995 profundum
3576 2922 3766 2977 maria

2120 3019 2192 3075 ab
2211 3016 2541 3073 idololatris
2559 3018 2837 3088 projectm
2860 3015 3175 3069 innumera
3204 3012 3493 3069 miracula
3517 3011 3579 3066 in
3612 3011 3765 3067 hanc

2119 3124 2309 3179 usque
2339 3107 2497 3163 diem
2530 3105 2607 3161 ad
2635 3104 2851 3161 Christi
2880 3104 3128 3177 gloriam
3161 3108 3504 3175 operantur.

3163 3193 3402 3265 σήμερον
3471 3189 3549 3252 εἴς
3607 3186 3765 3263 δόξαν

2767 3374 2990 3430 Eodem
3021 3373 3117 3429 die

2120 3468 2264 3524 211
2307 3468 2590 3525 Certamen
2620 3466 2949 3522 sacrosancti
3005 3465 3269 3535 martyris
3313 3464 3466 3517 Petri
3521 3462 3770 3517 Alexan—

2852 3536 3023 3590 drini.

2191 3659 2400 3713 Petrus
2423 3659 2840 3725 sacromartyr,
2874 3651 3225 3707 Maximiano
3257 3651 3611 3722 imperatore
3649 3658 3778 3728 epi-

2122 3762 2336 3816 scopus
2368 3743 2760 3804 Alexandriae,
2784 3741 3269 3812 comprehensus,
3296 3740 3593 3811 mortique
3618 3744 3777 3799 addi-

2122 3842 2271 3901 ctus,
2307 3831 2685 3904 exspectabat
2722 3831 2824 3901 qui
2874 3846 3009 3884 eum
3056 3829 3401 3883 decollaret.
3452 3832 3616 3895 Quod
3678 3833 3777 3889 ubi

2121 3925 2360 3981 rescivit
2376 3924 2690 3979 haereticus
2712 3921 2904 3987 Arius,
2922 3937 3097 3992 quem
3123 3926 3362 3975 sanctus
3386 3927 3549 3976 extra
3575 3925 3779 3980 Eccle-

2124 4017 2273 4071 siam
2306 4014 2582 4085 ejecerat,
2615 4012 2686 4067 ad
2721 4027 2849 4065 eum
2875 4010 3143 4070 accessit.
3176 4010 3409 4065 veniam
3456 4012 3774 4082 petiturus.

2124 4106 2227 4159 Cui
2260 4108 2500 4159 sanctus
2531 4104 2739 4156 Petrus
2771 4115 3147 4171 nequaquam
3179 4100 3411 4154 veniam
3444 4101 3627 4170 dedit,
3672 4103 3778 4158 sed

2124 4192 2453 4264 respondit,
2487 4192 2835 4262 apparuisse
2867 4189 2979 4244 sibi
3010 4194 3191 4243 noctu
3220 4190 3538 4245 Dominum
3581 4192 3777 4263 specie

2126 4283 2541 4348 adolescentis,
2568 4288 2725 4337 veste
2761 4298 2795 4336 a
2824 4282 3015 4352 capite
3038 4280 3107 4334 ad
3128 4280 3306 4351 pedes
3328 4297 3516 4351 usque
3531 4282 3779 4337 discissa

2128 4369 2580 4438 circumdatum,
2616 4374 2674 4423 et
2702 4368 3064 4422 sciscitanti:
3109 4366 3373 4435 Domine,
3437 4367 3569 4437 quis
3614 4374 3776 4423 tuam

2128 4465 2349 4515 vestem
2383 4457 2604 4513 scidit?
2634 4456 2892 4511 dixisse:
2928 4456 3123 4523 Arius,
3158 4471 3333 4524 quem
3381 4454 3454 4509 ad
3503 4472 3775 4511 commu-

2128 4549 2373 4603 nionem
2405 4547 2529 4602 noli
2562 4546 2908 4611 admittere;
2944 4544 3115 4598 Arius
3151 4543 3310 4597 enim
3344 4560 3537 4613 neque
3570 4545 3632 4598 in
3663 4546 3775 4601 hoc

2130 4638 2370 4705 saeculo,
2401 4651 2596 4705 neque
2628 4635 2689 4688 in
2719 4634 2916 4688 futuro
2946 4632 3177 4686 veniam
3210 4638 3637 4687 consecuturus
3665 4640 3773 4691 est.

352 4732 602 4805 Ἑόήλου
636 4732 697 4789 δὲ
729 4736 757 4790 ὁ
790 4720 1374 4813 διερῥηγμὲνοςήχιτὼν
1434 4741 1532 4809 τὴν
1565 4720 1653 4804 εἷς.
1834 4720 2010 4816 ⁷ἁγίαν

2130 4727 2388 4782 Discissa
2416 4729 2612 4779 autem
2643 4722 2819 4776 vestis
2869 4720 3241 4792 signiﬁcabat
3286 4721 3639 4777 divisionem
3675 4739 3779 4792 per

356 4821 570 4894 Τριὰδα
599 4820 863 4899 διαίρεσιν
884 4831 984 4893 τῆς
1014 4829 1111 4880 τοῦ
1158 4826 1367 4900 Ἀρείου
1426 4827 1488 4903 βλ
1501 4830 1801 4908 ασφημίας.
1833 4833 2016 4888 Ταῦτα

358 4910 552 4981 εἰπὼν,
583 4912 800 4967 καὶτὸν
861 4909 1121 4990 διάδοχον
1173 4916 1340 4972 αὐτοῦ
1399 4918 1627 4994 φανερὸν
1658 4916 1710 4990 ἐξ
1746 4918 2013 4993 ὀνόματος

357 5003 619 5072 ποιήσας,
653 4999 866 5075 ὁμοίως
921 5002 1010 5057 καὶ
1064 5003 1157 5058 τὸν
1210 5002 1445 5077 ἐκείνου,
1496 5005 1844 5078 ἠκολούθησε
1898 5012 2016 5074 τοῖς

362 5084 608 5160 δημίοις.
646 5089 753 5146 Καὶ
807 5090 943 5145 κατὰ
997 5093 1097 5161 τήν
1148 5096 1247 5148 τοῖ’)
1301 5096 1648 5168 Μαξιμιανοῦ
1703 5095 2015 5170 πρόσταξιν,

357 5179 456 5245 τήν
482 5177 735 5256 κεφαλήν
782 5178 1072 5254 ἀπετμήθη
1086 5223 1098 5236 .

940 5303 1017 5373 τῇ
1078 5297 1213 5374 αὐτῇ
1266 5301 1450 5376 ἡμέρᾳ

502 5386 775 5455 ’Δθλησις
800 5392 900 5444 τοῦ
954 5387 1116 5464 ἁγίου
1176 5389 1450 5466 μάρτυρος
1507 5393 1871 5469 Μερκουρίου.

426 5505 487 5562 Ὁ
559 5508 772 5582 μάρτυς
831 5507 1183 5583 Μερκούριος
1250 5504 1464 5584 γέγονεν
1533 5510 1622 5566 ἐπὶ
1681 5519 1870 5568 Δεκιου
1926 5514 2015 5569 καὶ

360 5593 696 5669 Βαλεριανοὸ
723 5602 834 5653 τῶν
896 5594 1199 5675 βασιλέων,
1230 5594 1291 5652 ἐκ
1343 5604 1442 5669 τῆς
1498 5601 1801 5672 Ἀνατολῆς
1857 5623 2018 5680 στρα-

2128 4816 2247 4873 Arii
2265 4812 2773 4885 blasphemiamin
2797 4815 3062 4866 sanctam
3080 4809 3423 4864 Trinitatem
3444 4810 3770 4867 inductam.

2122 4907 2259 4970 Qum
2286 4919 2417 4958 cum
2454 4901 2722 4965 dixisset,
2747 4914 3267 4970 successoremque
3298 4915 3473 4954 suum
3497 4916 3774 4971 expresso

2122 4993 2364 5050 nomine
2395 4991 2592 5064 palam
2623 4989 3000 5057 instituisset,
3054 5004 3122 5044 ac
3172 4988 3446 5043 similiter
3491 4989 3770 5058 alterum,

2123 5084 2223 5155 qui
2254 5082 2392 5137 huic
2422 5082 2574 5136 foret
2628 5078 3035 5144 sufﬁciendus,
3090 5077 3477 5149 designasset,
3533 5079 3772 5134 lictores

2124 5176 2381 5239 secutus,
2416 5169 2751 5226 Maximiani
2776 5168 2951 5241 jussu
2982 5169 3172 5241 capite
3203 5168 3412 5240 plexus
3441 5168 3572 5224 fuit.

2771 5294 2991 5349 Eodem
3023 5293 3119 5349 die

2311 5386 2464 5443 212
2499 5385 2785 5441 Certamen
2813 5388 2989 5440 sancti
3017 5382 3275 5452 martyris
3299 5381 3581 5439 Mercurii.

2199 5514 2521 5569 Mercurius
2553 5518 2799 5583 martyr,
2838 5511 3006 5566 Decio
3037 5527 3104 5565 ac
3124 5509 3432 5564 Valeriano
3456 5510 3770 5579 imperato-

2128 5602 2313 5670 ribus,
2346 5602 2411 5657 in
2437 5600 2721 5658 Orientali
2752 5600 3019 5655 militans
3050 5598 3331 5664 exercitu,
3364 5613 3499 5651 cum
3538 5596 3771 5649 fortiter
