4114 6306
408 366 523 426 179

1732 368 2165 430 MENOLOGII
2209 366 2406 430 PARS
2449 370 2502 431 Ι.

3706 364 3831 428 180

406 498 727 568 aliquando
759 498 832 555 ab
861 500 1071 574 angelo
1113 501 1352 574 adjutus
1408 520 1536 560 rem
1585 503 1883 577 gessisset,
1934 501 2052 556 dux

2187 501 2368 571 ειώτης
2409 500 2505 571 ὥν,
2564 497 3000 577 Ἀνδραγαθήσας
3059 496 3118 555 δὲ
3170 518 3304 554 ποτε
3332 495 3468 553 κατὰ
3522 500 3630 554 τῶν
3686 500 3832 575 Βσρ-

408 588 668 645 militum
693 590 764 645 ab
788 591 1248 663 imperatoribus
1275 594 1755 651 declaratur.Sed
1773 593 2071 649 Christum

412 678 689 751 diligens,
722 680 1121 737 Christianam
1174 684 1352 738 ﬁdem
1412 685 1692 756 suscepit.
1755 683 1921 749 Quod
1966 682 2067 738 ubi

415 769 654 824 rescivit
683 769 1025 841 imperator,
1061 788 1213 845 aegre
1245 773 1400 828 tulit.
1435 775 1944 847 Comprehensum
1966 773 2062 828 ita.

417 875 554 929 que,
577 858 652 914 ad
674 864 931 931 quatuor
950 862 1118 933 palos
1138 863 1303 918 humi
1325 863 1554 937 alligari
1578 862 2069 936 jussit,etgladiis

420 948 799 1004 membratim
833 951 1087 1019 concidi,
1130 952 1448 1025 ignemque
1496 970 1815 1010 accensum
1846 953 1897 1008 ei
1931 970 2067 1024 sup-

415 1038 596 1108 poni:
631 1038 732 1109 qui
763 1055 834 1093 ex
863 1040 1049 1095 nimio
1083 1043 1369 1115 sanguine
1407 1044 1735 1099 exstinctus
1789 1045 1896 1101 est.
1932 1044 2072 1097 Post

414 1126 541 1180 haec
571 1126 808 1199 alligato
839 1127 915 1183 ad
946 1129 1166 1185 collum
1198 1132 1424 1205 ingenti
1457 1150 1621 1202 saxo,
1650 1133 1711 1188 in
1745 1131 2065 1203 equuleum

413 1214 646 1271 inverso
674 1217 866 1288 capite
906 1220 1174 1290 rapitur:
1208 1221 1589 1294 detractaque
1631 1237 1797 1277 aenea
1842 1221 2068 1292 forcipe

410 1309 568 1373 cute,
599 1305 834 1361 vinctus
866 1310 1192 1364 Caesaream
1224 1311 1607 1382 Cappadociae
1658 1310 1933 1365 ducitur:
1964 1309 2066 1364 ubi

408 1394 671 1448 abscisso
704 1394 895 1466 capite
926 1398 1194 1469 sepultus
1220 1399 1491 1470 quiescit,
1517 1401 1858 1455 curationes
1882 1398 2070 1454 fideli-

410 1481 521 1537 bus
551 1484 829 1540 omnibus
860 1486 933 1542 ad
962 1487 1114 1543 hanc
1145 1506 1332 1560 usque
1362 1490 1520 1545 diem
1552 1490 1852 1561 praebens.

2180 583 2387 663 ϐάρων,
2445 588 2840 665 ἐνδυναμωθεὶς
2895 590 2999 645 ὑπὸ
3078 586 3317 665 ἀγγέλου
3353 631 3367 659 ,
3426 588 3830 662 προ[σιεκλήθη

2177 679 2558 753 στρατηλάτης
2585 681 2732 756 παρᾶ
2758 683 2865 734 τῶν
2920 677 3208 755 βασιλέων.
3268 679 3589 751 Ἀγαπήσας
3652 674 3711 733 δὲ
3732 678 3828 733 τὸν

2177 767 2457 844 Χριστόν,
2516 768 2732 845 ἐγένετο
2784 769 3124 845 Χριστιανός.
3185 767 3290 823 Καὶ
3346 772 3511 823 τοῦτο
3574 769 3760 842 μαθὼν
3804 769 3833 821 ὁ

2183 857 2440 927 βασιλεὺς
2488 857 2783 935 ἐπικράνθη
2817 905 2832 932 ,
2889 858 2977 913 καὶ
3037 858 3315 933 κρατήσας
3395 856 3578 928 αὐτὸν,
3638 853 3830 928 ἔδησεν

2179 948 2267 1003 ἐπὶ
2322 950 2420 1018 τήν
2473 955 2574 1025 γῆν
2636 947 2712 1011 εἷς
2765 947 3023 1023 τέσσαρας
3081 944 3323 1010 πάλους·
3381 945 3472 1000 καὶ
3532 946 3666 1018 μετᾶ
3727 967 3832 1018 μα·

2179 1041 2391 1112 χαιρῶν
2448 1039 2747 1094 κατέκοπτε
2799 1037 2868 1093 τά
2933 1036 3075 1111 μέλη
3157 1037 3361 1091 αὐτοῦ’
3419 1036 3509 1092 καὶ
3571 1036 3832 1092 ὑποκάτω

2181 1126 2344 1183 αὐτοῦ
2373 1127 2482 1202 ἧψε
2513 1126 2778 1202 πῦρρΚαί
2838 1127 2945 1181 ἀπὸ
2995 1130 3092 1181 τοῦ
3144 1124 3362 1181 πολλοῦ
3421 1123 3648 1199 ατίματος
3678 1120 3834 1181 ἐσϐέ-

2181 1229 2282 1288 σθη
2334 1218 2397 1272 τὸ
2449 1220 2578 1293 πῦρ·
2635 1217 2724 1272 καὶ
2783 1216 2919 1289 μετὰ
2989 1219 3151 1269 τοῦτο
3211 1212 3552 1284 προσέδησαν
3611 1213 3687 1275 εἰς
3741 1214 3835 1269 τὸν

2179 1305 2466 1381 τράχηλον
2525 1307 2693 1361 αὐτοῦ
2750 1304 2902 1370 λίθον
2964 1302 3152 1380 βαρὺν,
3184 1303 3276 1358 καὶ
3332 1299 3629 1378 ἐκρέμασαν
3671 1303 3837 1359 αὐτὸν

2179 1395 2315 1451 κατὰ
2362 1393 2631 1470 κεφαλῆς.
2684 1394 2815 1449 Εἶτα
2872 1387 3080 1467 ἔδειραν
3169 1392 3327 1447 αὐτὸν
3427 1394 3560 1466 μετὰ
3621 1392 3836 1469 μαγλα-

2182 1479 2316 1539 ϐίων
2372 1483 2622 1559 χαλκῶν,
2681 1484 2773 1538 καὶ
2829 1480 3091 1553 δήσαντες
3150 1481 3438 1556 ἀπήγαγον
3496 1481 3572 1543 εἰς
3630 1482 3836 1537 Καισά-

414 1588 557 1645 ρειαν
588 1576 688 1640 τῆς
714 1570 1234 1645 Καππαδοκίας,καὶ
1266 1575 1689 1656 ἀπεκεφάλισαν.
1724 1578 1899 1635 Ὃπου
1960 1574 2050 1631 καὶ
2108 1574 2260 1645 ἐτέθη
2316 1574 2380 1629 τὸ
2440 1571 2693 1647 λείψανον
2752 1572 2937 1644 αὐτοῦ,
2998 1571 3202 1644 ἰάματα
3259 1575 3389 1625 πᾶσι
3449 1575 3567 1634 τοῖς
3621 1574 3839 1638 πιστοῖς

414 1656 659 1734 παρέχον
693 1660 861 1737 μέχρι
883 1666 985 1728 τῆς
1008 1666 1073 1736 σή
1084 1686 1266 1739 μερον.

1067 1783 1287 1839 Eodem
1315 1783 1409 1839 die

422 1866 575 1921 213
636 1867 917 1924 Certamen
984 1878 1193 1997 sanctis
1230 1890 1486 1957 .magnaa
1564 1875 1825 1944 martyris
1908 1877 2071 1929 Eca-

1161 1960 1349 1997 eruam.

1161 1960 1349 2000 crine.

488 2056 820 2113 Aicaterina
839 2065 1087 2131 martyr,
1114 2060 1732 2136 Alexandrina,reguli
1759 2061 2075 2135 cujusdam

420 2145 616 2201 divitis
645 2163 713 2202 ac
743 2147 964 2203 nobilis
995 2149 1142 2218 ﬁlia,
1172 2151 1363 2207 forma
1393 2157 1451 2207 et
1480 2152 1722 2225 ingenio
1780 2156 2075 2224 praestan-

422 2234 674 2303 tissima,
707 2252 841 2292 cum
875 2238 1103 2294 Graecas
1144 2239 1374 2296 litteras
1427 2241 1755 2311 didicisset,
1806 2241 2076 2312 philoso—

420 2323 613 2394 phicis
635 2325 812 2380 etiam
838 2327 1102 2383 scientiis
1125 2346 1187 2383 se
1220 2330 1532 2398 addixit,et
1559 2331 1791 2399 linguas
1808 2329 2076 2403 gentium

424 2414 694 2469 omnium
725 2415 949 2472 calluit.
982 2420 1126 2474 Cum
1153 2436 1287 2475 vero
1343 2420 1527 2476 festus
1569 2420 1889 2491 aliquando
1947 2419 2076 2473 dies

426 2501 604 2557 idolis
635 2510 908 2576 ageretur
957 2522 991 2561 a
1049 2508 1264 2563 Grmcis
1322 2509 1666 2580 videretque
1723 2508 2077 2563 animalium

426 2590 873 2648 multitudinem
895 2594 1181 2667 jugulari,
1213 2596 1274 2652 id
1303 2614 1453 2669 aigre
1485 2596 1699 2653 ferens.
1735 2597 1882 2651 adiit
1911 2595 2081 2650 Maxi-

431 2680 660 2735 minum
678 2681 1181 2753 imperatorem,et
1195 2702 1328 2740 cum
1343 2686 1446 2741 illo
1460 2685 2076 2756 disseruit,inquiens:

429 2770 619 2834 Quare
650 2771 767 2826 Deo
820 2773 950 2827 vivo
1003 2774 1230 2843 relicto,
1288 2774 1617 2831 inanimata
1673 2775 1835 2831 idola
1889 2774 2083 2830 colis?

426 2858 778 2914 Maximinus
794 2860 974 2933 igitur
992 2867 1283 2919 retentam
1301 2865 1682 2921 acerbissime
1704 2864 2078 2920 excruciavit.

427 2947 650 3003 Deinde
666 2951 884 3006 accersi
897 2951 968 3006 tis
990 2952 1254 3024 undique
1269 2954 1701 3026 quinquaginta
1712 2954 2048 3009 oratoribus
2064 2969 2078 3008 :

426 3037 783 3110 Disceptate,
818 3040 1032 3112 inquit,
1067 3060 1201 3098 cum
1255 3045 1607 3114 Ecaterina,
1643 3061 1891 3115 eamque
1937 3059 2082 3098 con-

2091 1784 2138 1850 Β

2735 1780 2812 1852 Τῇ
2871 1775 3008 1852 αὐτῇ
3066 1778 3101 1846 ἡ
3112 1775 3249 1850 μέρει

2754 1867 2905 1942 ἁγίας
2990 1865 3201 1940 μεγαλο
3209 1866 3482 1941 μάρτυρος

2923 1955 3100 2031 ρίνης.

2183 1866 2454 1939 Ἀθλησις
2547 1874 2646 1938 τῆς
2754 1867 2905 1939 ἁγίας
2990 1865 3482 1939 μεγαλομάρτυρος
3593 1865 3822 1923 Αἴκατε-

2256 2075 2318 2129 Ἡ
2411 2073 2613 2148 μάρτυς
2700 2072 3027 2146 Αἷκατερίνα
3109 2071 3313 2148 ἐγένετο
3389 2071 3496 2128 ἀπὸ
3572 2070 3830 2146 Ἀλεξαν-

2187 2163 2364 2240 δρείας
2396 2206 2410 2233 ,
2469 2166 2710 2239 θυγάτηρ
2773 2160 3096 2239 βασιλίσκου
3167 2162 3313 2224 τινὸς
3346 2206 3361 2233 ,
3418 2162 3687 2219 πλουσίου
3743 2163 3837 2218 καὶ

2187 2250 2425 2325 ἐνδόξου*
2492 2251 2766 2330 εὔμορφος
2852 2251 3012 2310 πάνυ.
3089 2251 3315 2328 Εὐφυής
3370 2249 3427 2306 δὲ
3486 2252 3829 2327 ὑπάρχουσα,

2186 2339 2380 2416 ἔμαθεν
2465 2340 2773 2412 Ἑλληνικᾶ
2849 2343 3171 2416 γράμματα,
3236 2340 3328 2396 καὶ
3399 2339 3604 2415 ἐγένετο
3664 2341 3831 2417 σοφὴ,

2188 2426 2430 2488 λαϐοῦσα
2485 2430 2573 2485 καὶ
2660 2427 2911 2505 γλώσσας
2961 2432 3171 2484 πάντων
3231 2433 3340 2485 τῶν
3395 2427 3583 2493 ἐθνῶν.
3616 2429 3829 2484 Ἐπετε-

2188 2519 2343 2576 λεῖτο
2376 2515 2433 2574 δὲ
2462 2518 2624 2593 ἐορτή
2655 2524 2774 2582 τοῖς
2803 2515 3056 2580 εἰδώλοις
3089 2518 3237 2590 παρὰ
3263 2521 3370 2571 τῶν
3402 2516 3707 2588 Ἐλλήνων⁸
3739 2518 3838 2572 καὶ

2189 2612 2466 2683 θεωροῦσα
2493 2608 2560 2663 τὰ
2592 2610 2695 2678 ζήα
2727 2607 3060 2682 σφαζόμενα,
3117 2606 3391 2676 ἐλυπήθη⁹
3449 2607 3540 2660 καὶ
3594 2604 3836 2675 ἀπῆλθεν

2189 2698 2264 2759 εἰς
2293 2697 2639 2773 τὸνβασιλέα
2684 2697 3010 2770 Μαξιμῖνον,
3071 2695 3159 2751 καὶ
3213 2694 3616 2773 ἐφιλονείκησεν
3649 2694 3831 2767 αὐτὸν,

2191 2786 2454 2859 εἷ’ποῦσα,
2513 2787 2595 2840 ὅτι
2651 2785 2748 2840 Διὰ
2792 2785 2846 2839 τὶ
2903 2782 3250 2861 ἐγκατέλιπες
3305 2784 3431 2839 Θεὸν
3497 2787 3692 2854 ζῶντα,
3744 2783 3837 2839 καὶ

2189 2881 2511 2951 προσκυνεῖς
2544 2873 2798 2937 εἰδώλοις
2830 2875 3067 2950 ἀψύχοις
3094 2893 3109 2943 ;
3143 2874 3381 2931 Ἐκεῖνος
3439 2870 3495 2928 δὲ
3542 2871 3834 2948 ἐκράτησεν

2190 2965 2385 3035 αὐτὴν,
2437 2964 2529 3019 καὶ
2588 2964 2969 3037 ἐτιμωρήσατο
3029 2961 3292 3037 ἰσχυρῶς.
3339 2962 3443 3018 Καὶ
3506 2962 3642 3035 μετὰ
3666 2966 3830 3017 τοῦτο

2191 3051 2375 3128 ἔφερεν
2434 3055 2463 3109 ὁ
2524 3051 2774 3129 βασιλεὺς
2829 3053 3164 3123 πεντήκοντα
3221 3051 3478 3127 ῥήτορας,
3534 3049 3626 3106 καὶ
3691 3052 3839 3106 εἶπεν

421 3126 675 3183 vincite:
709 3130 823 3185 nisi
856 3132 1013 3185 enim
1046 3132 1212 3187 illam
1258 3134 1655 3199 conviceritis,
1706 3150 1808 3188 vos
1863 3149 2071 3188 omnes

2187 3142 2393 3212 αὐτοῖς,
2436 3142 2543 3212 ὅτι,
2603 3140 2946 3216 Διαλέχθητε
2997 3142 3132 3216 πρὸς
3185 3142 3285 3211 τήν
3334 3139 3706 3216 Αίκατερίναν,
3737 3141 3828 3196 καὶ

423 3215 683 3272 ﬂammis
711 3219 962 3274 tradam.
995 3220 1083 3275 llli
1117 3238 1250 3276 vero
1285 3239 1346 3277 se
1378 3228 1689 3293 superatos
1708 3238 1837 3277 esse
1857 3222 2070 3276 viden-

427 3310 537 3369 tes,
569 3304 844 3376 baptizati
874 3314 1033 3375 sunt,
1092 3314 1268 3381 atque
1317 3311 1400 3366 ita
1444 3311 1564 3380 igni
1610 3311 2072 3383 conﬂagrarunt.

427 3394 757 3457 [Ecaterina
786 3402 986 3490 autem
1015 3398 1205 3469 capite
1228 3398 1580 3455 obtruncata
1611 3405 1719 3455 est.

985 3576 1225 3631 EODEM
1264 3578 1517 3632 MENSE.

953 3664 1056 3719 Die
1087 3666 1367 3723 vicesima
1396 3674 1561 3725 sexta

504 3760 659 3815 214
690 3760 1143 3819 Gommemoratio
1170 3769 1347 3821 sancti
1377 3770 1561 3823 Patris
1588 3770 1767 3825 nostri
1796 3769 2000 3840 Alypii.

502 3886 749 3944 Sanctus
766 3891 939 3945 Pater
959 3893 1418 3966 nosterAlypius
1439 3895 1706 3952 Heraclio
1720 3897 2077 3968 imperatore

426 3977 764 4034 decertavit.
796 3981 929 4036 Fuit
956 3988 1153 4038 autem
1186 4001 1255 4039 ex
1315 3985 1703 4058 Adrianopoli
1749 3987 2074 4061 Paphlago-

427 4069 564 4121 niaa.
597 4074 933 4139 Antequam
964 4088 1099 4126 vero
1152 4080 1515 4140 nasceretur,
1565 4076 1693 4146 ejus
1742 4081 1932 4131 mater
1981 4094 2073 4132 so-

424 4158 654 4211 mnium
689 4158 1029 4228 hujusmodi
1062 4160 1241 4214 vidit:
1280 4162 1597 4217 Videbatur
1623 4164 1732 4218 sibi
1757 4171 1987 4234 gestare
2011 4167 2071 4220 in

422 4247 582 4301 ulnis
604 4246 852 4318 insignis
884 4248 1088 4304 formas
1110 4251 1428 4320 agnum.in
1454 4253 1623 4321 cujus
1648 4253 1930 4307 cornibus
1954 4255 2071 4309 ha)-

424 4343 622 4392 rereut
646 4338 879 4392 accensi
902 4338 1056 4392 cerei
1089 4355 1102 4392 :
1129 4355 1197 4392 ex
1219 4356 1334 4409 quo
1366 4340 1678 4409 intellexit,
1705 4342 2072 4399 nasciturum

419 4442 691 4496 puerum,
733 4426 1048 4481 virtutibus
1079 4427 1305 4482 clarum
1336 4429 1462 4483 fore
1490 4447 1502 4483 :
1532 4430 1689 4501 quod
1714 4436 1772 4485 et
1801 4433 2067 4503 contigit.

2186 3231 2405 3287 πείσατε
2433 3230 2620 3302 αὐτήν·
2678 3229 2767 3287 ἐὰν
2818 3230 2919 3307 γὰρ
2988 3231 3065 3303 μή
3105 3232 3366 3300 νικήσητε
3395 3228 3586 3299 αὐτὴν,
3617 3229 3819 3291 πάντας

2191 3322 2330 3394 ὑμᾶς
2360 3319 2678 3376 κατακαύσω
2735 3318 2884 3395 πυρὶ.
2915 3322 3150 3376 Ἐκεῖνοι
3210 3317 3268 3374 δὲ
3317 3316 3541 3388 ἰδόντες,
3593 3320 3677 3373 ὅτι
3709 3319 3820 3374 ἐνι-

2187 3413 2456 3483 κήθησαν,
2513 3404 2933 3479 ἐϐαπτίσθησαν,
2990 3409 3082 3463 καὶ
3140 3407 3314 3472 οὕτως
3356 3406 3609 3478 ἐκὸίησαν⁸
3639 3407 3840 3464 ἀπεκε-

2189 3498 2430 3577 φαλισθη
2458 3496 2516 3553 δὲ
2542 3498 2632 3553 καὶ
2663 3498 2824 3569 αὐτή.

2757 3589 2935 3644 ΜΠΝΙ
2963 3592 3044 3642 ’ῙῺ
3078 3592 3268 3645 ΑΥΤΩ.

2962 3677 3053 3745 Κζ¹

2332 3768 2541 3839 Μνήμη
2571 3770 2669 3821 τοῦ
2719 3764 2869 3820 ὁσίου
2925 3765 3136 3841 ΙΙατρὸς
3187 3766 3349 3838 ἡμῶν
3394 3763 3685 3822 Ἀλυπίου.

2257 3892 2319 3948 Ὁ
2373 3891 2424 3945 ἐν
2482 3891 2660 3967 άγίοις
2720 3890 2904 3963 Πατὴρ
2962 3892 3123 3962 ἡμῶν
3170 3887 3462 3957 τΑλύπιος,
3527 3888 3837 3965 ἠγωνίζετο

2185 3980 2274 4036 ἐπὶ
2349 3986 2449 4048 τῆς
2532 3977 2809 4055 βασιλείας
2892 3977 3237 4053 Ἡρακλείου.
3314 3978 3556 4052 Ἐγένετο
3616 3975 3673 4033 δὲ
3725 3978 3837 4034 ἀπὸ

2186 4067 2699 4145 Ἀδριανουπόλεως
2730 4074 2831 4137 τῆς
2881 4067 3289 4147 Παφλαγονίας.
3319 4070 3435 4145 Πρὸ
3487 4073 3585 4124 τοῦ
3642 4088 3837 4143 γεννη-

2189 4166 2347 4229 θῆναι
2380 4156 2437 4213 δέ
2489 4157 2673 4227 αὐτον,
2707 4155 2842 4212 εἶδεν
2875 4159 2911 4227 ἡ
2942 4159 3128 4232 μήτηρ
3187 4158 3355 4212 αὐτοῦ
3411 4154 3616 4231 ὄνειρον
3645 4161 3836 4213 τοιοῦ-

2180 4271 2296 4307 τον.
2358 4245 2535 4319 Εἴδεν,
2596 4248 2679 4302 ὅτι
2728 4242 3014 4316 ἐϐάσταζεν
3074 4247 3149 4309 είς
3206 4249 3300 4308 τὰς
3363 4246 3601 4324 ἀγκάλας
3659 4248 3832 4317 αὐτῆς

2736 4331 2866 4412 ἔχον
2923 4336 3000 4398 εἰς
3056 4336 3122 4391 τὰ
3170 4337 3369 4411 κὲρατα
3443 4338 3611 4392 αὐτοῦ
3665 4337 3835 4410 κηρία

2183 4429 2439 4483 ἅπτοντα·
2483 4427 2569 4482 καὶ
2603 4426 2660 4481 ἐκ
2711 4426 2907 4482 τούτου
2964 4425 3263 4496 ἐνενόησεν,
3314 4426 3487 4482 ὅτιτὸ
3517 4424 3756 4493 παιδίον,
3799 4425 3831 4481 ’ὀ

2183 4336 2366 4413 ἀρνίον
2417 4339 2628 4410 ὡμαῖον
2661 4380 2676 4405 ,

417 4514 678 4570 Clericus
712 4514 893 4585 enim,
928 4514 1143 4571 deinde
1175 4516 1462 4574 diaconus
1510 4518 1839 4587 ordinatus,
1884 4521 2066 4577 misso

2187 4515 2374 4592 μέλλει
2431 4522 2713 4591 γεννῆσαι,
2777 4513 3024 4589 ἐνάρετον
3083 4517 3388 4591 γενήσεται·
3440 4516 3469 4570 ’ὁ
3507 4517 3597 4571 καὶ
3653 4515 3830 4590 γέγο-

417 4604 594 4659 rebus
619 4605 797 4675 hujus
829 4604 1031 4659 saeculi
1061 4606 1294 4674 nuntio,
1319 4606 1656 4663 columnam
1684 4609 1984 4665 ascendit:
2009 4616 2068 4665 et

417 4693 620 4764 stylita
647 4693 856 4763 factus,
891 4693 998 4749 sub
1029 4693 1127 4749 dio
1157 4695 1352 4750 nudus
1387 4697 1569 4764 stetit,
1593 4698 1796 4754 multis
1826 4698 2066 4754 interim

416 4781 722 4836 miraculis
749 4782 1102 4847 illustratus,
1137 4790 1196 4840 et
1225 4801 1260 4841 a
1289 4784 1660 4842 dzemonibus
1690 4804 1844 4860 saape
1875 4788 2066 4861 impu-

417 4875 649 4942 gnatus.
686 4872 814 4943 Ipse
845 4889 983 4929 vero
1016 4874 1209 4944 quoad
1240 4876 1451 4946 potuit,
1486 4876 1547 4931 in
1603 4876 1787 4947 pedes
1837 4884 2067 4934 erectus

418 4959 644 5015 orabat.
679 4960 791 5015 Sed
820 4961 1017 5033 lapide
1047 4979 1081 5018 a
1110 4963 1483 5019 dwmonibus
1512 4967 1750 5037 petitus,
1780 4967 2068 5023 inciditin

418 5049 623 5104 lateris
655 5050 948 5119 morbum,
981 5067 1097 5121 quo
1142 5068 1275 5108 cum
1334 5054 1506 5109 annis
1566 5054 1850 5112 tredecim
1900 5056 2067 5112 labo-

419 5144 629 5206 rasset,
665 5155 694 5192 e
732 5139 850 5195 vita
905 5141 1175 5210 excessit,
1237 5157 1425 5197 annos
1482 5148 1656 5198 natus
1713 5150 1953 5201 centum
2011 5151 2070 5203 et

423 5233 573 5282 octo.

972 5407 1211 5463 EODEM
1252 5410 1501 5465 MENSE.

893 5494 996 5551 Die
1025 5496 1301 5554 vicesima
1332 5499 1584 5571 septima

426 5596 575 5653 215
613 5594 892 5651 Certamen
916 5599 1110 5663 sancti,
1144 5598 1437 5669 multisque
1488 5602 1876 5658 certaminibus
1924 5603 2069 5659 clari

887 5671 1149 5738 martyris
1176 5671 1369 5726 Jacobi
1396 5673 1593 5727 Persae.

496 5784 746 5843 Iacobus
765 5785 970 5845 multis
991 5788 1416 5845 certaminibus
1460 5789 1713 5863 insignis
1741 5797 1967 5865 martyr
1994 5810 2066 5850 ex

2172 4626 2281 4662 νεν.
2344 4604 2627 4675 Γεννηθεὶς
2674 4604 2777 4680 γάρ
2838 4603 3048 4678 ἐγένετο
3105 4602 3392 4678 κληρικὸςθ
3460 4605 3577 4660 εἶτα
3633 4601 3821 4659 διάκο-

2176 4720 2289 4761 νος’
2323 4700 2410 4753 καὶ
2446 4698 2624 4776 ἀφῆκε
2679 4699 2770 4753 τὸν
2838 4697 3061 4771 κόσμον
3095 4698 3184 4753 καὶ
3215 4696 3447 4769 ἀνῆλθεν
3510 4698 3587 4761 εἰς
3642 4697 3822 4754 κίοναο

2176 4789 2266 4844 καὶ
2320 4788 2526 4864 ἐγένετο
2593 4787 2873 4858 στυλίτης·
2933 4784 3189 4857 ἄσκεπος,
3247 4789 3455 4864 γυμνὸς
3512 4789 3825 4858 ἱστάμενος,

2174 4878 2264 4934 καὶ
2320 4875 2509 4933 πολλὰ
2560 4879 2808 4950 θαύματα
2864 4875 3059 4941 ποίῶν,
3130 4872 3501 4947 ἐπεϐουλεύθη
3565 4877 3666 4932 ὑπὸ
3716 4880 3825 4932 τῶν

2178 4964 2471 5040 δαιμόνων.
2497 4967 2737 5029 Ἐκεῖνος
2766 4964 2846 5038 δὲ,
2874 4962 2974 5028 ἕως
3026 4965 3089 5022 οῦ
3147 4963 3392 5035 ἐδύνατο,
3450 4965 3825 5042 προσηύχετο,

2176 5058 2332 5130 ὀρθὸς
2393 5057 2717 5129 ἱστάμενος·
2791 5056 2882 5112 ὅτε
2934 5054 2991 5110 δέ
3049 5056 3185 5129 μετὰ
3241 5055 3400 5121 λίθου
3458 5055 3826 5118 ἀπολυθέντος

2174 5142 2383 5217 ἐϐλάϐη
2417 5147 2564 5221 παρὰ
2591 5150 2698 5202 τῶν
2742 5144 3044 5221 δαιμόνων,
3094 5146 3377 5203 κατέπεσεν
3437 5146 3526 5202 ἐπὶ
3581 5144 3824 5219 πλευροῦ

2174 5233 2269 5306 ἔτη
2326 5232 2577 5309 δεκατρία
2612 5279 2626 5303 ,
2682 5231 2786 5298 ἕως
2842 5233 3223 5309 ἐτελεύτησεν,
3284 5236 3548 5312 ὑπάρχων
3604 5230 3824 5310 χρόνων

2176 5321 2363 5379 ἐκατὸν
2396 5324 2562 5379 ὀκτώ.

2735 5416 2915 5471 ΜΗΝΙ
2936 5419 3023 5471 ΤΩ
3051 5418 3258 5473 ΑΥΤΩ.

2949 5506 3049 5561 KZ‘

2173 5591 2440 5662 Ἀθλησις
2468 5596 2567 5647 τοῦ
2597 5591 2749 5668 αγίου
2779 5594 2869 5648 xui
2900 5590 3222 5658 πολυάθλου
3257 5594 3530 5669 μάρτυρος
3558 5585 3822 5650 Ἰακώϐου

2812 5687 2909 5740 τοῦ
2941 5683 3170 5761 ΙΙέρσου.

2245 5798 2302 5854 '0
2359 5796 2682 5866 πολύαθλος
2739 5797 2945 5875 μάρτυς
3001 5794 3261 5866 Ἰάκωϐος
3315 5799 3531 5879 ἐγένετο
3589 5797 3651 5857 ἐκ
3678 5802 3827 5873 Περι
