4114 6306
229 364 333 429 181

1719 354 2175 423 NOVEMBER.

3532 354 3652 417 182

228 497 392 565 οίὸος,
423 496 513 553 ἰπὶ
544 495 873 569 Θεοδοσίου,
939 497 1207 575 βασιλέως
1265 496 1586 570 Ῥωμαίων*
1637 491 1878 568 ἂνδρεῖος

1995 488 2233 546 Perside
2262 487 2396 556 fuit,
2427 484 2753 542 Theodosio
2778 487 3184 541 Romanorum
3206 486 3648 559 imperatore.ls

230 587 282 645 ὂὶ
310 585 383 643 ὢν
410 582 775 659 καὶὲνδοξος,
826 587 1050 661 ἐτιμᾶτο
1106 588 1252 663 παρὰ
1305 587 1402 642 τοῦ
1462 582 1732 661 βασιλέως
1776 584 1885 636 τῶν

229 685 464 757 Περσῶν.
499 686 597 734 Ὧν
651 677 713 735 δὲ
771 680 1038 757 πρότερον
1101 681 1445 755 Χριστιανὸς,
1504 679 1594 733 καὶ
1660 681 1886 753 γυναῖκα

231 767 371 845 ἔχων
421 771 790 843 Χριπιανήν,
857 770 947 824 καὶ
1010 768 1217 844 μητέρα
1269 770 1359 824 καὶ
1415 768 1619 842 πατέρα
1676 764 1883 839 ὁμοίως

231 857 609 933 Χριστιανούς·
667 858 849 930 ὅμως,
908 856 995 913 διὰ
1049 860 1145 926 τήν
1204 862 1306 914 τοῦ
1367 856 1632 933 βασιλέως
1689 856 1882 927 τιμήν,

228 951 503 1023 ἠρνήσατο
533 949 629 1002 τὸν
665 948 924 1021 Χριστὸν,
955 948 1044 1002 καὶ
1075 948 1389 1020 προσεκύνει
1440 968 1520 1019 τῳ
1567 944 1742 1017 Ἡλίῳ
1792 943 1882 998 καὶ

229 1043 303 1110 τῷ
360 1038 523 1113 (lupi,
576 1039 667 1092 καὶ
725 1033 906 1093 ἔσεϐεν
963 1037 1099 1092 αὐτὰ.
1155 1038 1231 1101 ὡς
1288 1036 1462 1100 θεούς.
1527 1037 1786 1092 Μαθοῦσα
1825 1031 1882 1089 δὲ

231 1130 451 1196 τοῦτοὴ
516 1129 704 1200 μήτηρ
760 1114 947 1194 αύτοῦ,
1004 1125 1094 1182 καὶ
1146 1128 1181 1195 ἡ
1234 1127 1394 1201 γυνὴ,
1448 1121 1685 1200 ἔγραψαν
1743 1123 1879 1197 πρὸς

232 1217 385 1272 αὑτὸν
420 1216 561 1289 μετὰ
612 1215 820 1287 Αύπης,
876 1216 965 1271 γαὶ
1024 1212 1239 1270 ἔπεισαν
1296 1214 1454 1270 αὐτὸν
1513 1213 1676 1268 πάλιν
1734 1213 1883 1287 γενέ-

233 1318 343 1370 aea:
377 1305 724 1381 Χριστιανόν.
766 1306 902 1360 Τότε
959 1302 1311 1378 διαγνωσθεὶς
1367 1304 1515 1373 παρά
1568 1305 1665 1356 τοῦ
1726 1301 1881 1376 βασι-

233 1398 386 1467 léwc,
446 1397 541 1451 καὶ
597 1397 909 1471 κρατηθείς,
964 1395 1288 1470 πικρότατον
1369 1392 1571 1463 ὓπέστη
1630 1391 1877 1449 θάνατον.

226 1490 468 1542 Εκοπτον
500 1487 601 1558 γὰρ
633 1482 685 1539 ἔν
721 1479 775 1538 ἕν
828 1482 1018 1556 μελος,
1080 1482 1170 1538 καὶ
1241 1481 1405 1558 μέρος
1462 1486 1558 1536 τοῦ
1620 1480 1874 1554 σώματος

241 1575 366 1647 μετᾶ
426 1579 747 1648 μαχαιρῶν,
804 1570 912 1634 ἓως
960 1570 1291 1649 κατελείφθη
1378 1571 1540 1644 μόνον
1595 1571 1659 1625 τὸ
1717 1574 1877 1643 σῶμα

243 1665 367 1738 μετᾶ
393 1672 500 1735 τῆς
533 1663 780 1742 κεφαλῆς
810 1663 901 1719 καὶ
948 1670 1048 1733 τῆς
1104 1660 1339 1723 κοιλίας.
1389 1663 1495 1718 Καὶ
1552 1660 1687 1716 κατᾶ
1747 1660 1873 1733 μίαν

241 1755 354 1828 μίαν
381 1755 564 1828 τομήν
596 1753 919 1830 ηύχαρίστει
948 1758 1029 1825 τῷ
1088 1757 1224 1824 Θεῷ.
1276 1751 1378 1809 Καὶ
1423 1750 1597 1815 οὕτως
1632 1748 1873 1806 κελεύσει

2000 581 2073 636 ob
2095 578 2388 651 egregiam
2417 576 2887 632 animivirtutem
2903 576 3255 647 generisque
3273 576 3647 633 nobilitatem

1996 669 2060 724 in
2079 684 2310 725 summo
2330 665 2487 737 apud
2502 667 2815 720 Persarum
2830 681 3027 738 regem
3053 665 3277 720 honore
3295 666 3644 723 habebatur.

1996 760 2133 814 Erat
2161 762 2360 812 autem
2390 754 2780 822 Christianus,
2843 759 2901 809 et
2956 754 3351 810 Christianam
3400 772 3647 812 uxorem

1994 847 2287 913 habebat;
2314 850 2564 901 matrem
2588 844 2853 915 insuper,
2878 849 3224 915 patremque
3246 844 3642 915 Christianos;

1996 937 2099 993 sed
2140 937 2213 991 ob
2272 935 2425 1007 regis
2485 935 2791 1001 honorem,
2858 934 3086 1005 ejurato
3138 933 3389 991 Christo.
3452 936 3649 989 Solem

1993 1026 2313 1098 lgnemque
2338 1030 2616 1093 tanquam
2641 1023 2783 1076 deos
2800 1022 3079 1076 adoravit.
3103 1023 3269 1086 Quod
3301 1023 3397 1077 ubi
3434 1031 3643 1090 mater,

1992 1121 2052 1169 et
2068 1131 2213 1169 uxor
2233 1128 2579 1184 cognovere,
2607 1111 2809 1165 dolore
2836 1113 3083 1173 affectaa,
3104 1128 3209 1181 per
3233 1111 3645 1189 litterasillum

1991 1202 2299 1267 induxere,
2331 1206 2397 1255 ut
2426 1199 2499 1255 ad
2530 1200 2922 1255 Christianam
2960 1199 3138 1253 ﬁdem
3178 1200 3417 1255 rediret.
3454 1203 3643 1267 Quare

1990 1292 2259 1362 cognitus
2280 1306 2314 1345 a
2343 1306 2497 1360 rege,
2524 1288 2770 1359 ejusque
2790 1289 2963 1359 jussu
2986 1289 3645 1359 eomprehensus,acer-

1987 1379 2295 1435 bissimam
2329 1384 2579 1433 mortem
2611 1377 2910 1433 sustinuit.
2946 1377 3206 1432 Membra
3244 1379 3403 1433 enim
3436 1380 3488 1433 ei
3519 1380 3644 1434 sin-

1987 1469 2143 1541 gula,
2170 1473 2485 1539 partesque
2503 1466 2769 1537 corporis
2788 1465 2982 1538 gladio
3005 1466 3427 1537 praeciduntur,
3452 1467 3641 1524 donec

1989 1559 2183 1614 solum
2215 1573 2430 1628 corpus
2462 1573 2596 1611 cum
2639 1556 2855 1626 capite,
2914 1572 2981 1610 ac
3026 1560 3226 1610 ventre
3281 1562 3639 1627 superesset,

1986 1666 2123 1705 cum
2146 1647 2383 1702 interim
2416 1646 2541 1717 ipse
2565 1645 2637 1700 ad
2659 1660 3144 1715 unamquamque
3172 1645 3495 1699 sectionem
3517 1663 3642 1719 gra-

1986 1741 2099 1793 tias
2143 1740 2261 1792 Deo
2319 1740 2540 1809 ageret.
2600 1736 2851 1799 Demum
2911 1734 3178 1805 ejusdem
3237 1734 3388 1807 regis
3437 1736 3635 1807 jussu,

235 1848 322 1899 τοῦ
354 1842 649 1919 βασιλέως,
678 1829 815 1916 μετᾶ
867 1842 1140 1918 μαχαίρας
1185 1839 1356 1911 ἐκόπη
1414 1840 1504 1895 καὶ
1569 1842 1604 1910 ἡ
1660 1838 1873 1918 κεφαλὴ
1901 1875 1950 1941 Β
1990 1832 2199 1882 trunco
2231 1831 2409 1897 δειραὶ
2435 1829 2796 1896 ἂΠἸΡυὶδσίιιΡ-

241 1932 413 1988 αὐτοῦ.

784 2049 967 2107 ΜΗΝῙ
1001 2051 1093 2106 ΤΩ
1132 2054 1327 2105 ΑΥΤΩ.

1008 2141 1115 2197 KH'

237 2228 500 2306 Ἀθλῃσις
557 2234 656 2306 τοῦ
714 2228 1108 2306 ὁσιομάρτυρος
1192 2234 1466 2306 Στεφανου
1520 2232 1647 2306 τοῦ
1712 2227 1876 2306 Νέου,

294 2302 411 2376 καὶΔ
439 2305 552 2376 τῶν
608 2301 701 2356 σὺν
758 2300 928 2373 αὐτῷ’
991 2300 1451 2376 μαρτυρησάντων
1512 2301 1717 2374 Πέτρου
1786 2301 1878 2355 καὶ

292 2370 575 2446 Ἀνδρέου,

289 2490 752 2553 Κωνσταντὶνοςὸ
805 2489 1085 2564 βασιλεὺς,
1144 2492 1172 2545 ὁ
1232 2488 1622 2566 ἐπιλεγόμενος
1666 2484 1879 2543 Καϐαλ-

234 2582 397 2646 λῐνος,
430 2580 709 2656 αἱρετικὸς
756 2573 853 2649 ὤν,
912 2580 1002 2633 καὶ
1058 2580 1153 2643 τὰς
1211 2578 1364 2653 ἁγίας
1406 2578 1617 2642 εἷ’κόνας
1683 2581 1880 2652 μισῶν,

234 2667 390 2743 ἔμαθε
442 2668 572 2743 περὶ
625 2667 833 2723 τούτων
888 2672 995 2723 τῶν
1047 2668 1231 2744 ἁγίων,
1293 2666 1590 2746 Στεφάνου,
1650 2668 1880 2742 Πέτρου,

237 2761 323 2813 ναὶ
353 2756 644 2828 Ἀνδρέου,
674 2758 759 2813 ’ὁτι
791 2757 854 2813 ού
883 2762 1105 2812 ποιοῦσι
1134 2759 1198 2812 τὸ
1229 2759 1362 2827 Θέλη
1376 2779 1449 2831 μα
1496 2759 1687 2829 αύτοῦ,
1738 2756 1885 2812 ἀλλὰ

234 2853 596 2922 προσκυνοῦσι
651 2848 746 2908 τὰς
804 2846 1036 2919 εἰκόνας,
1099 2848 1191 2902 καὶ
1269 2846 1637 2903 ἀποκαλοῦσιν
1725 2845 1881 2900 αὐτὸν

233 2938 524 3011 αἱρετικόν.
577 2936 676 2991 Καὶ
735 2934 1060 2998 ἀποστείλας
1118 2933 1332 2991 ἐπίασεν
1388 2935 1582 2997 αὐτοὺς
1640 2935 1729 2990 καὶ
1783 2936 1887 2991 ἐτι⁴

239 3029 534 3101 μωρήσατο
564 3031 783 3100 πρῶτον
819 3025 1083 3101 ἰσχυρῶς.
1117 3026 1253 3081 Εἶτα
1272 3026 1363 3079 τὸν
1399 3026 1492 3098 μὲν
1553 3026 1703 3101 ἅγιον
1755 3025 1880 3080 Στέ-

230 3138 387 3195 Ῠανον
420 3116 721 3193 προσέταξε
781 3114 995 3181 δεθῆναι
1057 3115 1193 3189 μετὰ
1249 3117 1522 3191 σχοινίου·
1586 3118 1674 3171 καὶ
1735 3118 1885 3191 σύρε-

2536 2032 2775 2087 EODEM
2816 2032 3068 2086 MENSE.

2485 2120 2585 2176 Die
2615 2120 2895 2176 vicesima
2924 2125 3128 2175 octava

1983 2213 2138 2269 2l6
2179 2212 2464 2269 Certamen
2502 2212 2679 2265 sancti
2729 2212 2992 2280 martyris
3044 2210 3313 2280 Stephani
3366 2209 3633 2276 Junioris,

2348 2289 2400 2337 et
2427 2284 2697 2338 sociorum
2734 2283 2887 2335 Petri
2916 2287 2970 2336 et
2998 2281 3266 2338 Andreae.

2060 2498 2509 2565 Constantinus,
2528 2502 2922 2571 cognomento
2949 2496 3647 2569 Caballinus.imperator

1986 2587 2304 2642 haereticus
2328 2591 2383 2641 et
2415 2602 2717 2642 sacrarum
2739 2586 3067 2659 imaginum
3090 2585 3486 2652 adversarius,
3508 2602 3646 2640 cum

1990 2676 2297 2732 didicisset
2324 2677 2433 2731 hos
2464 2681 2701 2730 sanctos
2732 2677 3115 2747 Stephanum,
3142 2678 3404 2743 Petrum,
3436 2680 3495 2730 et
3524 2678 3647 2730 An-

1989 2764 2213 2832 dream,
2246 2765 2515 2837 neglecto
2548 2781 2653 2819 suo
2710 2765 2984 2835 imperio,
3032 2765 3325 2837 imagines
3373 2766 3640 2846 adorare,

1988 2872 2170 2925 seque
2200 2853 2272 2909 ab
2306 2854 2379 2908 iis
2409 2854 2756 2908 hasreticum
2810 2854 3121 2925 appellari,
3177 2856 3641 2926 comprehensos

1978 2944 2163 3016 jussit
2194 2943 2453 3014 primum
2485 2942 2828 3015 gravissime
2862 2942 3223 2997 excruciari:
3258 2943 3472 2999 deinde
3505 2959 3640 2997 san.-

1986 3037 2146 3087 ctum
2180 3032 2544 3103 Stephanum
2589 3030 2873 3085 funiculis
2904 3030 3231 3103 alligatum,
3264 3030 3463 3087 media
3494 3031 3640 3087 urbe

1985 3122 2207 3193 raptari
2237 3138 2250 3176 :
2284 3122 2383 3193 qui
2417 3121 2555 3176 dum
2590 3126 2947 3192 raptaretur,
2980 3138 3014 3176 a
3044 3120 3304 3191 quodam
3354 3120 3416 3174 in
3447 3121 3639 3192 capite

228 3218 343 3271 σθαι
380 3209 545 3278 μέσον
575 3213 679 3276 τῆς
730 3205 969 3267 πόλεως.
1029 3206 1131 3261 Καὶ
1178 3206 1475 3281 σκρόμενον
1526 3210 1719 3261 τοῦτον
1780 3208 1878 3261 λα-

1994 3209 2145 3266 fuste
2172 3228 2511 3284 percussus,
2544 3216 2793 3267 contuso
2825 3228 2892 3266 ac
2913 3211 2975 3266 in
3002 3210 3149 3266 duas
3167 3215 3365 3282 partes
3385 3210 3640 3267 dissecto

226 3292 332 3350 εών
364 3319 450 3359 τις
487 3297 626 3369 μέγα
652 3295 836 3367 ξύλον,
897 3294 1098 3368 ἔπληξε
1148 3295 1285 3350 κατᾶ
1324 3302 1425 3365 τῆς
1468 3293 1732 3369 κεφαλῆς.
1783 3293 1883 3352 Καὶ
1916 3287 1957 3307 ⁸⁸

226 3386 446 3462 ἐσχίσθη
494 3389 531 3456 ἡ
591 3384 804 3462 κεφαλὴ
862 3386 1031 3439 αὐτοῦ
1093 3406 1169 3449 εις
1225 3382 1343 3449 δύο,
1398 3384 1487 3439 καὶ
1546 3384 1880 3455 ἐτελεύτησε·

226 3475 513 3553 καῖἐτάσρη
547 3475 599 3531 ἐν
654 3475 831 3546 τόπῳ,
893 3473 943 3529 ἐν
1006 3473 1050 3547 ᾧ
1107 3474 1195 3528 καὶ
1254 3473 1583 3532 κατάκειται.
1642 3473 1883 3546 Ὁμοίως

226 3567 305 3619 καί
361 3566 390 3620 ὁ
423 3565 578 3627 ὅσιος
635 3562 917 3637 Ἀνδρέας,
977 3564 1064 3617 καὶ
1125 3563 1288 3625 αὐτὸς
1345 3561 1515 3627 δεθεὶς
1573 3563 1662 3619 καὶ
1724 3563 1882 3639 συρό-

232 3676 405 3725 μενος,
466 3652 838 3724 ἑτελεύτησεν.
898 3654 960 3710 Ὀ
1016 3650 1074 3707 δὲ
1129 3653 1284 3726 ἅγιος
1369 3651 1593 3729 Πέτρος,
1665 3658 1882 3729 πρῶτον

1994 3301 2183 3372 capite
2215 3301 2463 3367 interiit,
2493 3305 2669 3372 atque
2702 3301 2764 3355 in
2798 3317 2865 3356 eo
2907 3300 3059 3369 loco,
3109 3300 3213 3355 ubi
3261 3317 3421 3356 nunc
3460 3302 3642 3373 jacet,

1994 3391 2263 3462 sepultus
2292 3391 2423 3445 fuit.
2459 3390 2742 3446 Similiter
2765 3395 2822 3445 et
2844 3396 3081 3445 sanctus
3106 3389 3372 3446 Andreas
3392 3391 3643 3457 vinctus,

1995 3487 2397 3553 raptatusque,
2432 3498 2461 3536 e
2493 3481 2608 3537 vita
2653 3482 2924 3536 excessit.
2958 3484 3029 3535 At
3060 3486 3301 3536 sanctus
3345 3482 3554 3536 Petrus
3585 3481 3645 3537 in

1995 3586 2295 3626 carcerem
2325 3571 2489 3642 prius
2520 3571 2845 3641 conjectus,
2881 3569 3097 3624 deinde
3138 3569 3405 3637 eductus,
3439 3570 3647 3625 tandiu

1995 3658 2246 3731 ﬂagellis
2286 3660 2553 3724 cmditur,
2586 3659 2772 3713 donec
2799 3647 3071 3729 spiritum
3104 3658 3220 3712 Deo
3252 3658 3514 3713 tradidit.

232 3744 612 3805 ἀποκλεισθεὶς
693 3743 767 3805 εἷς
824 3741 1095 3822 φυλακὴν,
1154 3741 1245 3797 καὶ
1303 3741 1437 3815 μετὰ
1486 3746 1650 3798 τοῦτο
1731 3738 1999 3815 ἐκϐλθεὶς,
2056 3746 2146 3801 καὶ
2202 3766 2562 3820 τυπτομενος,
2620 3744 2904 3820 παρέδωκε
2956 3744 3020 3798 τὸ
3075 3748 3287 3817 πνεῦμα
3344 3745 3508 3799 αὐτοῦ
3563 3749 3642 3817 τῷ

232 3840 358 3908 Θεῷ.

812 3952 893 4023 Τῇ
934 3946 1069 4023 αὖτῇ
1108 3948 1292 4025 ἡμέρᾳ

232 4040 497 4117 Ἀθλησις
550 4042 659 4117 τῶν
710 4037 910 4117 ῥγίων,
968 4042 1076 4117 τῶν
1110 4038 1228 4117 ,σὺν
1286 4036 1561 4117 τῇηάγίῳ
1620 4036 1878 4117 Στεφάνῳ

289 4109 393 4204 τῇ
426 4110 577 4184 Νὲῳ,
637 4109 775 4187 ὑπὲρ
841 4114 949 4165 τῶν
1029 4111 1223 4185 ἁγίων.
1288 4109 1543 4165 ἀκέων
1598 4109 1881 4186 μαρτῦρηὲ

293 4206 505 4241 σαντων
514 4226 529 4241 .

297 4299 647 4357 Πολλοὶτῶν
702 4302 1047 4375 στρατιωτῶν
1103 4298 1227 4353 τότε
1292 4295 1620 4372 όρθοδόξων,
1680 4293 1876 4370 ὄντων,

235 4391 627 4463 ἁποταξάμενοι
652 4392 735 4461 τῷ
769 4385 897 4462 βίῳ,
928 4387 1171 4464 γεγόνασι
1208 4386 1462 4462 μοναχοί,
1496 4386 1638 4450 Τοὺς
1695 4386 1877 4442 τοιού-

233 4499 350 4542 τους
405 4477 467 4534 δὶ
498 4480 526 4533 ὁ
567 4477 883 4553 παράνομος
936 4476 1189 4552 βασιλεὺς
1235 4477 1713 4552 τιμωρησάμενος,
1763 4476 1884 4554 ἐφό-

237 4590 399 4625 νευσε.
434 4568 535 4623 Καὶ
564 4567 666 4644 γὰρ
719 4567 811 4622 τὸν
867 4563 983 4636 ἕνα,
1042 4564 1327 4623 Βασίλειον
1384 4564 1746 4639 καλούμενον,
1792 4564 1882 4621 ἰκ-

239 4656 540 4733 τνφλώσας,
571 4657 683 4711 εἶτα
708 4656 808 4724 τήν
851 4655 1216 4729 προσκύνησιν
1269 4659 1377 4709 τῶν
1436 4654 1604 4730 ἁγίων
1656 4653 1879 4710 εἰκόνων

244 4744 509 4800 λαλοῦντα
564 4744 814 4810 ἀκούσας,
886 4743 1167 4815 λακτίσας,
1236 4742 1488 4818 ἐξήνεγκε
1553 4744 1619 4798 τὰ
1694 4738 1878 4817 ἔντερα

248 4834 416 4904 αὑτοῦ,
448 4836 539 4890 καὶ
571 4832 743 4897 οὕτως
792 4833 1082 4907 ἐξορισθεὴ
1138 4836 1271 4908 μετᾶ
1333 4830 1525 4902 ὀδύνης
1581 4830 1875 4903 ἐτελεύτη-

248 4944 342 4983 σεν.
373 4924 584 4985 Ἀλλος
637 4921 947 4998 ἔγκλειστος
1009 4922 1060 4979 ἐν
1108 4928 1188 4995 τῷ
1243 4923 1514 4995 σωσθενίῳ
1572 4921 1873 4998 ῥινοκοπη-

252 5015 369 5083 θεὶς,
399 5015 452 5071 ἐν
488 5019 731 5090 Χερσῶνι
760 5014 1044 5088 ἐξωρίσθη,
1094 5014 1183 5069 καὶ
1245 5011 1466 5088 μὲλλων
1525 5021 1874 5091 φονευθῆναι,

251 5102 426 5181 ἶευγεν
478 5104 556 5167 εἷς
607 5106 899 5179 Χαζαρίαν,
958 5103 1010 5158 ἐν
1063 5102 1100 5179 ᾔ
1148 5102 1238 5159 καὶ
1290 5102 1586 5166 ἐπισκοπος
1644 5101 1872 5178 ἐγένετο,

246 5195 569 5270 καὶῧστερον
603 5192 915 5264 ἐτελειώθη.
958 5190 1170 5256 ’Ἄλλος
1220 5189 1279 5247 δὲ
1331 5192 1597 5268 Στέφανος
1646 5193 1873 5266 ὀνόματι

246 5282 312 5347 εἷς
361 5281 625 5361 Σουγόίαν
682 5282 998 5359 ἐξορισθεὶς,
1055 5283 1145 5338 καὶ
1229 5280 1475 5345 πολλοὺς
1558 5281 1870 5357 ὠφελήσας,

245 5371 383 5438 τέλος
410 5374 539 5452 ἔσχε
566 5377 664 5429 τοῦ
694 5372 838 5449 βίου.
870 5370 1112 5445 Ὁμοίως
1156 5370 1248 5426 καὶ
1292 5372 1586 5447 Γρηγόριοι
1634 5368 1731 5427 δύο
1781 5371 1873 5427 σὺν

247 5463 461 5527 πολλοῖς
520 5462 717 5525 ἄλλοις
777 5460 1157 5535 ἐξορισθίωτες,
1215 5460 1497 5516 ἀπέθανον.
1557 5458 1736 5518 Ἀλλὰ
1780 5461 1872 5516 καὶ

250 5553 486 5626 Ἰωάννης
515 5555 622 5611 ἀπὸ
656 5550 1013 5628 λεγαταρίων,
1061 5549 1136 5613 είς
1188 5550 1515 5629 Δαφνουσίαν
1560 5549 1870 5626 ἐξορισθείς,

246 5647 319 5701 καὶ
359 5651 428 5722 τῇ
478 5650 579 5703 τοῦ
639 5641 1028 5723 βασιλεύοντος
1084 5639 1325 5697 κελεύσει
1391 5638 1683 5717 δερόμενος
1737 5641 1873 5697 κατὰ

245 5740 411 5815 καιρὸν
443 5742 682 5818 συχνῶς,
710 5736 805 5792 τὸν
841 5732 959 5811 βίον
987 5731 1272 5790 ἀπέλιπεν.

2645 3952 2866 4007 Eodem
2896 3951 2989 4007 die

1989 4051 2139 4107 211
2202 4053 2486 4107 Certamen
2543 4058 2879 4120 sanctorum,
2936 4052 3035 4121 qui
3087 4068 3208 4106 cum
3270 4058 3458 4107 sancto
3515 4054 3636 4109 Ste-

2050 4124 2245 4194 phano
2260 4125 2488 4194 juniore
2524 4140 2633 4194 pro
2686 4121 2859 4178 sacris
2913 4123 3246 4192 imaginibus
3309 4127 3640 4194 martyrium

2057 4196 2363 4250 subierunt.

2058 4302 2243 4356 Fuere
2274 4307 2416 4357 tunc
2474 4302 2812 4373 complures
2870 4301 3089 4358 milites
3146 4302 3481 4372 orthodoxi,
3540 4303 3641 4373 qui

1987 4390 2171 4445 misso
2189 4391 2368 4463 hujus
2388 4391 2520 4446 vitae
2538 4390 2715 4446 rebus
2746 4391 2979 4458 nuntio,
3008 4390 3284 4446 monachi
3305 4390 3440 4445 freti
3475 4396 3633 4446 sunt.

1989 4480 2102 4533 Eos
2130 4479 2498 4551 impissimus
2558 4481 2883 4551 imperator
2940 4478 3275 4534 durissimis
3324 4480 3636 4534 tormentis

1989 4574 2224 4624 vexatos
2254 4569 2571 4625 interfecit.
2603 4574 2743 4624 Nam
2772 4568 2987 4624 Basilio
3009 4568 3213 4623 oculos
3230 4566 3634 4638 eﬂ‘odit,eique

1989 4656 2181 4713 adhuc
2210 4657 2282 4713 de
2315 4675 2617 4714 sacrarum
2649 4658 2975 4729 imaginum
2998 4656 3162 4712 cultu
3180 4656 3449 4726 loquenti
3471 4656 3631 4711 calce

1987 4744 2243 4817 impacto
2275 4746 2557 4802 intestina
2611 4746 2906 4817 disrupit:
2957 4744 3172 4800 deinde
3220 4745 3567 4818 relegatum,
3600 4762 3630 4801 e

1986 4838 2102 4893 vita
2131 4838 2294 4894 abire
2326 4837 2530 4911 coegit.
2566 4838 2735 4892 Alius
2767 4837 3017 4908 equuleo
3050 4837 3342 4907 inclusus,
3383 4838 3629 4894 naribus

1986 4927 2270 4998 praecisis,
2301 4919 2659 4982 Chersonam
2691 4926 3022 4999 relegatur:
3054 4927 3209 4983 unde
3270 4928 3408 4999 fuga
3455 4928 3631 4984 saluti

1986 5032 2107 5071 sua;
2141 5015 2483 5084 eonsulens,
2529 5016 2591 5071 in
2622 5016 2960 5071 Chazariam
3011 5033 3140 5072 sese
3188 5018 3500 5089 proripuit,
3551 5018 3629 5073 ub

1985 5105 2297 5177 episcopus
2326 5106 2535 5174 factus,
2569 5111 2775 5177 postea
2802 5106 3077 5161 decessit.
3100 5106 3267 5162 Alius
3298 5108 3630 5179 Stephanus

1984 5197 2248 5265 nomine,
2278 5197 2340 5253 in
2368 5197 2641 5271 Sogdiam
2674 5198 2916 5269 ejectus,
2940 5213 3075 5252 cum
3096 5197 3177 5252 ibi
3200 5198 3474 5269 plurimis
3495 5215 3634 5271 pro-

1982 5285 2213 5354 fuisset,
2245 5287 2477 5343 vivendi
2512 5288 2692 5342 finem
2722 5287 2880 5342 fecit.
2922 5287 3207 5342 Similiter
3254 5292 3313 5342 et
3369 5288 3630 5361 Gregorii

1984 5376 2101 5432 duo
2131 5393 2265 5433 cum
2296 5377 2430 5433 aliis
2459 5376 2916 5449 quamplurimis
2946 5382 3171 5431 vertere
3204 5377 3399 5433 solum
3420 5380 3629 5446 coacti,

1983 5466 2204 5522 obiere.
2241 5468 2351 5522 Sed
2381 5468 2635 5523 Joannes
2666 5465 3079 5539 exlegatarius,
3106 5467 3509 5537 Daphnusiam
3535 5485 3629 5523 ex-

1979 5556 2208 5627 pulsus,
2244 5557 2413 5612 statis
2446 5556 2832 5627 temporibus,
2868 5555 3245 5625 imperatoris
3281 5556 3475 5627 jussu,
3510 5556 3627 5609 fre-

1980 5646 2369 5716 quentissime
2401 5662 2608 5712 caesus,
2642 5645 2756 5698 vita
2786 5643 3081 5715 perfectus
3111 5649 3217 5697 est.
