4112 6308
473 259 589 322 183

1122 399 1342 457 Eodem
1378 402 1474 459 die

635 498 790 555 218
822 501 1117 559 Certamen
1147 510 1324 562 sancti
1352 511 1615 581 martyris
1642 515 1947 568 Irenarchi.

544 589 901 647 Irenarchus
928 599 1153 667 martyr
1183 597 1572 668 Sebastensis,
1606 602 1677 657 ab
1721 602 2122 661 adolescentia

473 675 703 733 lictoris
733 680 996 736 ofﬁcium
1026 684 1097 739 ad
1156 688 1498 744 multandos
1546 697 1782 747 sanctos
1831 699 2120 767 martyres

473 767 813 836 praestabat.
849 770 962 824 Sed
992 788 1128 827 cum
1160 775 1383 833 videret
1411 778 1686 850 abreptas
1718 782 1789 836 ad
1832 785 2118 853 quaestio-

471 869 610 908 nem
652 872 686 910 a
746 859 1016 927 Maximo,
1078 862 1348 920 Sebastes
1407 869 1706 938 prazfecto.
1755 873 2120 943 temporibus

468 942 821 1000 Diocletiani
837 947 1608 1021 imperatoris,Christianas
1628 959 1909 1015 mulieres
1932 962 2119 1016 multo

467 1028 745 1089 fortiores
777 1052 929 1105 esse,
962 1056 1141 1109 quam
1174 1059 1348 1098 sexus
1379 1046 1690 1103 muliebris
1718 1048 1873 1104 ferre
1896 1056 2117 1122 posset,

466 1120 763 1193 editisque
799 1126 1104 1183 miraculis
1129 1137 1445 1202 tyrannum
1477 1136 1878 1207 confundere;
1921 1140 2120 1195 divina

463 1210 680 1265 Christi
712 1214 899 1284 gratia
920 1215 1317 1289 illuminatus,
1342 1230 1577 1294 sumpto
1600 1227 1798 1281 animo
1823 1229 2117 1284 Christum

461 1305 664 1369 aperte
685 1303 1013 1371 confessus,
1041 1308 1303 1379 seipsum
1330 1312 1507 1368 etiam
1530 1315 1931 1372 Christianum
1964 1336 2116 1390 pras-

461 1388 694 1446 dicavit.
719 1394 788 1446 Et
808 1394 1065 1464 primum
1092 1400 1333 1469 quidem
1356 1404 1812 1477 prwsidisjussu
1836 1407 1897 1462 in
1922 1388 2116 1464 lacum

460 1477 765 1548 injicitur:
800 1482 1014 1539 deinde
1045 1503 1179 1542 cum
1212 1506 1282 1544 ex
1324 1507 1391 1545 eo
1452 1491 1771 1551 incolumis
1813 1499 2114 1567 evasisset,

456 1565 518 1619 in
539 1568 846 1625 ardentem
869 1572 1170 1630 fornacem
1194 1578 1571 1649 immittitur;
1604 1585 1760 1639 unde
1781 1586 1959 1641 etiam
1986 1588 2114 1642 sine

458 1654 581 1709 ullo
613 1657 968 1716 detrimento
1001 1680 1294 1736 egressus,
1319 1671 1509 1739 capite
1539 1672 1840 1742 plectitur,
1866 1681 1924 1730 et
1947 1678 2117 1748 spiri-

462 1747 558 1796 tus
592 1745 831 1815 quidem
865 1749 995 1820 ejus
1031 1753 1092 1807 in
1124 1755 1303 1811 ccelos
1334 1759 1621 1828 evolavit;
1658 1763 1926 1835 reliquias
1977 1745 2112 1823 vero
2144 1776 2190 1842 Β

455 1829 520 1885 in
555 1836 711 1888 terra
741 1836 989 1907 sepultae
1011 1839 1227 1910 jacent.

1008 2137 1252 2193 EODEM
1291 2142 1542 2199 MENSE.

982 2224 1084 2279 Die
1117 2226 1396 2286 vicesima
1426 2248 1588 2288 nona

462 2333 614 2388 219
662 2336 1117 2397 Commemoratio
1170 2348 1352 2401 sancti
1410 2351 1591 2405 Patris
1646 2355 1823 2407 nostri
1875 2355 2107 2411 Joannis

1108 2415 1449 2472 Damasceni.

525 2513 630 2568 Hic
657 2515 849 2572 Leone
873 2518 1096 2588 Isauro,
1122 2523 1370 2595 ejusque
1403 2526 1526 2582 ﬁlio
1565 2529 1949 2587 Constantino
1981 2535 2102 2589 im-

450 2604 848 2675 peratoribus,
881 2607 1083 2665 ﬂoruit
1103 2611 1163 2666 in
1194 2612 1340 2670 urbe
1367 2616 1673 2687 Damasco,
1697 2623 2105 2694 genere,nobi-

449 2690 614 2747 litate
636 2709 702 2749 ac
723 2695 837 2751 fide
855 2696 1070 2766 clarus,
1094 2707 1260 2771 patre
1295 2705 1606 2763 virtutibus
1632 2690 1847 2783 insigni
1881 2690 2055 2770 natus
2086 2732 2099 2781 ;

451 2797 806 2854 omnemque
837 2786 1171 2844 Grazcorum
1203 2792 1851 2867 disciplinam,necnon
1872 2801 2101 2860 divinas

450 2869 783 2943 Scripturas
806 2880 1225 2936 assecutus.0b
1239 2884 1453 2940 Christi
1467 2893 1665 2944 autem
1679 2891 1857 2946 ﬁdem
1888 2894 2099 2964 patriis

450 2959 661 3031 opibus
693 2962 1015 3036 derelictis,
1048 2973 1377 3031 monachus
1420 2974 1611 3033 factus
1668 2985 1759 3035 est
1799 2959 1919 3037 una
1961 3000 2097 3038 cum

444 3048 675 3117 Cosma,
711 3053 884 3124 cujus
906 3056 1109 3127 plures
1132 3066 1366 3118 exstant
1412 3065 1759 3139 hymni,qui
1786 3070 1846 3125 in
1877 3074 2096 3128 sanctis

1791 271 2223 336 MENOLOGII
2266 273 2474 338 PARS
2518 279 2569 336 Ι.

1737 362 1745 370 ’
2154 409 2210 474 Α
2822 413 2901 483 Τῇ
2941 409 3078 486 αὐτῇ
3109 410 3292 486 ἡμέρηι

3732 291 3840 356 184

2399 494 2669 567 ’Ἂθλησις
2698 497 2795 553 τοῦ
2826 500 2983 574 ἁγίου
3015 502 3288 578 μάρτυρος
3326 503 3689 584 Εἴρηνάρχου.

2306 583 2654 661 Εἰρήναρχος
2708 593 2737 641 ὸ
2800 589 3005 665 μάρτυς
3059 590 3268 667 ἐγένετο
3321 593 3426 649 ἀπὸ
3497 583 3603 662 τῆς
3645 600 3841 667 πόλεως

2229 667 2574 736 Σεϐαστείας.
2611 677 2751 739 Νέος
2801 675 2858 732 δὶ
2915 676 2989 734 ὢν
3048 681 3147 749 τήν
3208 680 3451 752 ἡλικίαν,
3510 683 3702 759 δήμιος
3752 693 3838 760 τὴν

2223 761 2370 831 τάξιν
2456 763 2690 840 ὑπῆρχε,
2771 766 2861 821 καὶ
2958 773 3386 844 τιμωρουμένων
3490 780 3593 829 τῶν
3687 780 3839 853 ἁγίων

2228 852 2540 926 μαρτύρων,
2618 854 2781 918 αὐτὸς
2858 859 3241 934 καθυπούργει.
3328 852 3739 937 Ἐξεταζομένων
3793 867 3845 925 δὲ

2222 947 2492 1015 γυναικῶν
2550 945 2895 1019 Χριστιανῶν
2955 947 3043 1002 ἐπὶ
3106 956 3206 1018 τῆς
3277 952 3547 1025 βασιλείας
3625 956 3844 1029 Διοκληο

2224 1035 2430 1100 τιανοῦ,
2484 1033 2631 1108 παρὰ
2688 1035 2943 1109 Μαξίμου
3000 1034 3269 1112 ἄρχοντος
3340 1048 3440 1110 τῆς
3529 1038 3844 1115 Σεϐαστείας,

2224 1121 2518 1193 φωτίζεται
2549 1124 2647 1191 τήν
2682 1125 2869 1198 ψυχὴν
2931 1126 2959 1179 ὁ
3016 1126 3368 1203 Εἷρήναρχος
3418 1130 3520 1185 ὑπὸ
3570 1138 3664 1203 τῆς
3717 1135 3844 1198 θείας

2222 1207 2449 1283 χάριτος
2497 1214 2593 1264 τοῦ
2653 1217 2907 1287 Χριστοῦ,
2964 1213 3015 1287 ἐξ
3073 1216 3148 1270 ὧν
3208 1211 3405 1274 ἒϐλεπε
3466 1220 3558 1282 τὰς
3611 1228 3840 1298 γυναῖκας

2225 1296 2355 1371 ὑπὲρ
2423 1298 2577 1374 φύσιν
2636 1298 3047 1374 ἀνδριζομένοις,
3105 1304 3193 1358 καὶ
3260 1308 3712 1384 καταισχυνούσας
3758 1313 3840 1367 τὸν

2219 1385 2503 1460 τύραννον,
2537 1388 2621 1443 ἐπὶ
2649 1395 2766 1452 τοῖς
2795 1394 2923 1467 παρ’
2980 1393 3159 1448 αὐτῶν
3214 1396 3521 1470 γινομένοις
3580 1399 3839 1473 θαύμασιν.

2222 1475 2381 1531 Ὅθεν
2411 1476 2687 1553 παῤῥησίᾳ
2738 1479 3099 1556 ὁμολογήσας
3153 1484 3244 1538 τὸν
3305 1488 3556 1560 Χριστὸν,
3605 1490 3687 1544 καὶ
3740 1490 3844 1544 ἑαυ-

2220 1565 2315 1618 τὸν
2392 1564 2726 1639 ἀνακηρύξας
2812 1571 3160 1643 Χριστιανὸν,
3220 1578 3436 1650 πρῶτον
3499 1577 3590 1649 μὲν
3643 1582 3707 1650 τῇ
3756 1582 3842 1632 τοῦ

2221 1650 2490 1727 ἄρχοντος
2521 1658 2804 1730 προστάξει
2835 1659 3106 1738 ἀπερρίφη
3155 1662 3206 1716 ἐν
3260 1667 3328 1737 τῇ
3392 1663 3583 1741 λίμνῃ.
3640 1668 3843 1724 Ἔπειτα

2221 1741 2280 1797 ἐκ
2307 1752 2408 1812 τῆς
2438 1744 2644 1819 λίμνης
2679 1752 2783 1817 ζῶν
2817 1749 3068 1822 ἐξελθὼν,
3114 1752 3191 1815 είς
3245 1755 3474 1827 κάμινον
3531 1753 3841 1830 ἐμϐάλλεται

2216 1833 2406 1907 πυρός.
2440 1836 2544 1891 Καὶ
2578 1835 2636 1891 ἐκ
2688 1837 2889 1909 ταύτης
2947 1837 3230 1906 διασωθεὶς
3285 1843 3624 1920 παραδόξως,
3676 1847 3846 1902 ἀπεκε-

2215 1920 2478 1995 φαλίσθη.
2511 1926 2615 1982 Καὶ
2645 1928 2708 1982 τὸ
2736 1928 2831 2000 μὲν
2891 1934 3103 2002 πνεῦμα
3160 1932 3325 1988 αὐτοῦ
3373 1934 3602 2005 ἀνῆλθεν
3647 1935 3697 1991 ἐν
3737 1939 3840 1998 τοῖς

2216 2010 2488 2086 οὐρανοῖς
2519 2014 2582 2069 τὸ
2613 2012 2671 2070 δὲ
2702 2014 2958 2090 λείψανον
2987 2017 3228 2091 ἀπεδόθη
3261 2026 3327 2097 τῇ
3357 2028 3455 2097 γῇ.

2754 2138 2938 2193 MHNl
2978 2139 3070 2216 Ἰᾪ
3110 2140 3309 2218 ΛΥΤῼ.

2991 2228 3088 2282 ΚΘ¹

2214 2336 2424 2409 Μνήμη
2493 2342 2590 2392 τοῦ
2651 2338 2803 2394 ὁσίου
2855 2343 3100 2429 ’Πατρὸς
3170 2347 3341 2429 ,ᾑμῶν
3432 2348 3683 2429 Ἰωάννου
3761 2354 3847 2405 τοῦ

2843 2420 3221 2487 Δαμασκηνοῦ.

2281 2524 2453 2587 Οὗτος
2511 2526 2755 2602 ὑπῆρχεν
2815 2527 2903 2583 ἐπὶ
2960 2537 3063 2599 τῆς
3122 2532 3397 2606 βασιλείας
3489 2538 3712 2599 Λέοντος
3759 2542 3845 2591 τοῦ

2207 2611 2477 2687 Ἰσαύρου,
2554 2613 2643 2669 καί
2729 2618 3139 2674 Κωνσταντίνου
3249 2626 3346 2677 τοῦ
3464 2625 3582 2680 υἱοῦ
3689 2625 3842 2681 αὐτοῦ

2209 2701 2269 2757 ἐκ
2322 2704 2421 2772 τῆς
2477 2703 2696 2769 πόλεως
2750 2712 3058 2780 Δαμασκοῦ⁶
3119 2710 3310 2784 γένους
3370 2718 3703 2791 περιφανοῦς
3756 2715 3838 2768 καὶ

2208 2789 2425 2864 ἐνδόξου
2481 2791 2569 2847 καὶ
2623 2799 2837 2852 πιστοῦ.
2894 2797 3100 2873 Ἔτυχε
3160 2795 3217 2853 δὲ
3274 2799 3575 2877 φιλαρὲτου
3632 2803 3842 2876 πατρὸς,

2206 2883 2297 2936 καὶ
2363 2879 2710 2955 ἐξεπαιδεύθη
2770 2890 2943 2942 πᾶσαν
3025 2889 3126 2957 τήν
3211 2889 3554 2962 Ἑλληνικὴν
3636 2889 3842 2948 παίδευ-

2206 2991 2311 3040 σιν,
2345 2970 2491 3027 ἀλλᾶ
2546 2973 2633 3028 καὶ
2688 2975 2788 3043 τήν
2848 2976 2989 3040 θείαν
3054 2980 3292 3057 Γραφήν.
3353 2982 3455 3036 Διὰ
3514 2978 3570 3037 δὲ
3621 2982 3717 3051 τὴν
3773 2980 3844 3043 είς

2206 3061 2442 3136 Χριστὸν
2502 3062 2680 3118 πίστιν
2737 3065 2829 3119 τὸν
2889 3068 3150 3142 πατρικὸν
3206 3067 3449 3125 πλοῦτον
3521 3070 3840 3140 καταλιπὼν,

442 3136 632 3209 festis,
665 3156 732 3195 ac
758 3145 1057 3215 praecipue
1089 3147 1149 3202 in
1172 3166 1386 3223 magna
1403 3156 1592 3210 sancti
1615 3159 1917 3215 Paschatis
1939 3161 2086 3216 heb-

457 3224 485 3249 .J
500 3243 584 3249 Α...
600 3245 621 3249 _
642 3228 698 3249 ,1-
748 3229 769 3249 J
790 3247 800 3249 -
935 3239 943 3249 .
1040 3242 1048 3249 ι
1180 3239 1210 3249 η
1340 3247 1345 3249 Α
1627 3247 1647 3249 -

2200 3148 2386 3224 γέγονε
2421 3152 2695 3227 μοναχὸς,
2752 3153 2888 3226 μετὰ
2942 3136 3032 3210 καὶ
3090 3162 3301 3230 Κοσμᾶ,
3348 3157 3561 3223 οὗτινος
3619 3158 3843 3249 πολὺςιξ

452 3224 707 3283 domada
738 3229 1148 3291 decantantur.
1180 3239 1426 3297 Sanctus
1458 3261 1591 3299 vero
1620 3247 1876 3319 Joannes
1907 3251 2096 3307 multa

443 3315 757 3372 verborum
789 3319 1057 3378 ubertate
1096 3330 1647 3405 sententiarumque
1675 3315 1976 3409 gravitate,
2001 3344 2092 3395 at-

449 3419 565 3474 que
588 3420 768 3462 sacras
791 3408 1106 3482 Scriptura;
1133 3420 1482 3475 auctoritate
1500 3422 1773 3480 haeresim
1794 3428 2094 3484 Iconoma-

447 3492 697 3549 chorum
718 3497 1113 3575 confundens,
1144 3522 1298 3578 saepe
1330 3526 1588 3580 carcere,
1620 3531 1776 3586 saepe
1806 3519 2089 3573 mrumnis

445 3580 519 3636 ab
551 3582 848 3643 haereticis
878 3589 1339 3663 imperatoribus
1368 3600 1674 3670 multatus,
1707 3612 2087 3680 vexatusque,

438 3669 502 3725 in
532 3673 759 3743 optima
787 3677 1157 3738 confessione
1188 3685 1462 3757 decessit,
1497 3699 1554 3744 el
1585 3707 1619 3746 a
1652 3692 1945 3767 discipulo
1980 3715 2086 3754 suo

438 3763 708 3834 sepultus
735 3764 868 3824 fuit.

1089 4067 1307 4124 Eodem
1341 4071 1435 4127 die

600 4148 755 4203 220
785 4150 1067 4209 Certamen
1097 4159 1279 4213 sancti
1306 4166 1566 4232 martyris
1596 4168 1922 4225 Philomeni.

508 4254 896 4314 Philomenus
926 4269 1170 4334 martyr,
1204 4269 1525 4327 Aureliano
1582 4274 1959 4348 imperatore,
2014 4298 2083 4337 ex

434 4343 675 4416 regione
707 4347 1033 4419 Lycaonize,
1085 4357 1321 4426 negotia
1369 4374 1671 4428 exercens,
1723 4367 2083 4427 advehendis

2198 3237 2363 3315 λόγος
2406 3244 2512 3295 τῶν
2572 3240 2625 3296 ἐν
2684 3248 2807 3306 ταῖς
2866 3245 3044 3320 ἁγίαις
3105 3247 3320 3322 ἑορταῖς
3386 3251 3721 3324 ποιημάτων
3755 3237 3843 3304 καἰ

2199 3327 2514 3401 μελῳδιῶν,
2536 3332 2625 3386 καὶ
2660 3334 2899 3405 μάλιστα
2928 3334 2980 3390 ἐν
3010 3340 3079 3411 τῇ
3125 3337 3250 3414 ἁγίᾳ
3310 3338 3529 3417 μεγάλῃ
3583 3336 3843 3415 ὲϐδομάδι

2197 3418 2322 3493 περὶ
2381 3424 2476 3474 τοῦ
2533 3422 2749 3497 Πάσχα.
2808 3425 2868 3482 Ὁ
2921 3423 3011 3480 οῦν
3071 3425 3218 3490 ὅσιος
3276 3429 3560 3503 Ἰωάννης,
3625 3434 3693 3505 τῇ
3739 3433 3841 3484 τῶν

2197 3504 2376 3583 λόγων
2406 3509 2570 3565 αὐτοῦ
2601 3508 2850 3586 δυνάμει,
2880 3515 2970 3570 καὶ
3000 3522 3118 3578 ταῖς
3146 3516 3208 3572 ὲκ
3251 3521 3360 3572 τῶν
3414 3519 3585 3595 ἁγίων
3631 3522 3845 3597 Γραφῶν

2194 3593 2518 3671 ἀποδείξεσι,
2568 3600 2879 3677 κατῄσχυνε
2929 3605 3025 3672 τὴν
3078 3609 3188 3660 τῶν
3243 3606 3649 3684 Εἶκονομάχων
3710 3608 3846 3681 αἳρε-

2195 3705 2304 3744 σιν.
2338 3688 2495 3743 Ὅθεν
2525 3689 2615 3743 καὶ
2647 3685 2922 3769 διαφόρως
2970 3692 3262 3769 ἐξορισθείς
3306 3699 3454 3763 παρά
3503 3703 3611 3753 τῶν
3651 3699 3842 3772 αἱρετι-

2198 3778 2308 3829 κῶν
2376 3773 2669 3851 βασιλέων,
2726 3779 2815 3834 καὶ
2873 3781 3142 3858 φυλακαῖς
3225 3783 3579 3860 παραδοθεὶς,
3632 3785 3720 3841 καὶ
3790 3782 3841 3838 ἐν

2193 3863 2381 3927 αὐταῖς
2409 3869 2478 3940 τῇ
2509 3868 2779 3945 κακουχίᾳ
2826 3868 3290 3946 ταλαιπωρηθεὶς,
3342 3871 3395 3928 ὲν
3451 3875 3601 3950 καλῇ
3644 3872 3841 3948 ὁμολο-

2188 3953 2283 4028 γίᾳ
2308 3952 2627 4027 ἐτελειώθη,
2657 3959 2845 4036 ταφεὶς
2878 3961 2980 4016 ὑπὸ
3011 3965 3106 4016 τοῦ
3141 3964 3386 4036 μαθητοῦ
3415 3962 3607 4022 αὐτοῦ.

2782 4080 2862 4149 Τῇ
2899 4078 3036 4151 αὐτῇ
3067 4080 3251 4153 ἡμέρᾳ

2365 4161 2633 4234 ’Ἀθλησις
2658 4161 2757 4219 τοῦ
2789 4167 2948 4241 ἁγίου
2984 4167 3255 4244 μάρτυρος
3290 4168 3665 4243 Φιλουμὲνου.

2261 4275 2608 4350 Φιλούμενος
2641 4281 2669 4333 ὁ
2703 4279 2906 4355 μάρτυς
2935 4282 3003 4351 ἧν
3064 4282 3151 4337 ἐπὶ
3206 4282 3560 4359 Λύρηλιανοῦ
3605 4291 3704 4342 τοῦ
3748 4287 3840 4362 βα-

2188 4360 2411 4433 σιλέως,
2441 4366 2546 4421 ἀπὸ
2594 4367 2784 4443 χώρας
2836 4377 2936 4440 τῆς
2997 4375 3323 4445 Λυκαονίας,
3380 4377 3839 4450 πραγματευόμε-

433 4432 749 4491 frumentis
782 4441 1026 4510 Ancyrae
1058 4441 1117 4497 in
1151 4445 1376 4501 Galatia
1407 4467 1646 4521 operam
1688 4454 1882 4513 dabat.
1916 4459 2080 4524 Quod

2197 4471 2298 4521 νος,
2326 4432 2415 4506 καί
2465 4432 2634 4509 σῖτον.
2668 4432 2933 4535 κομίζων⁵
2971 4461 3023 4515 ἐν
3080 4466 3148 4534 τῇ
3209 4463 3369 4539 χώρᾳ
3417 4432 3519 4534 τῆς
3578 4466 3838 4541 Ἀγκύρας

433 4528 631 4579 autem
662 4526 1034 4586 Christianus
1064 4540 1239 4597 esset.
1271 4538 1426 4608 apud
1458 4542 1800 4611 praefectum
1832 4521 2079 4619 Ancyra}

2197 4547 2288 4609 τῆς
2346 4540 2635 4605 Γαλατίας.
2697 4530 3020 4622 Χριστιανὸς
3077 4548 3134 4605 δὲ
3194 4521 3311 4621 (Ξῖνᾷ
3346 4550 3706 4611 διαϐάλλεται
3760 4559 3838 4625 τῷ

434 4611 685 4680 delatus,
722 4616 850 4686 ejus
883 4618 1164 4677 tribunali
1195 4624 1442 4682 sistitur.
1487 4630 1749 4703 Cumque
1780 4611 2077 4693 Christum

432 4700 699 4755 omnium
724 4704 905 4760 Deum
940 4708 1253 4767 Dominum
1270 4718 1935 4793 proiiteretur,primum
1957 4728 2080 4799 qui-

431 4786 565 4842 dem
596 4789 805 4848 ferreis
831 4794 1009 4852 clavis
1031 4800 1282 4870 pedibus
1312 4808 1709 4882 manibusque
1723 4817 1991 4883 conﬁxis,
2016 4818 2075 4872 in

430 4878 750 4947 equuleum
777 4890 1001 4955 raptus,
1029 4892 1438 4962 scorpionibus
1460 4897 1781 4971 laceratur;
1808 4905 2023 4960 deinde
2045 4924 2075 4961 e

428 4964 587 5037 ligno
619 4967 943 5041 depositus,
977 4975 1038 5030 in
1069 4978 1376 5038 ardentem
1407 4985 1705 5047 fornacem
1729 4994 2073 5065 conjicitur:

426 5054 529 5109 sed
560 5056 885 5153 nullo,-_Dei
918 5063 1150 5134 virtute,
1173 5068 1389 5128 damno
1412 5076 1676 5142 affectus,
1700 5054 1949 5153 pedibus
1966 5085 2074 5139 ite-

423 5158 578 5209 rum,
610 5145 907 5213 manibus,
942 5156 1001 5205 et
1024 5154 1215 5224 capite
1262 5157 1442 5215 clavis
1502 5145 1782 5237 trajectis,
1835 5170 2075 5242 triginta

426 5229 617 5284 stadia
645 5249 824 5289 cursu
855 5239 1150 5297 conﬁcere
1182 5248 1579 5318 compellitur,
1604 5253 1793 5311 donec
1815 5274 1992 5313 cursu
2016 5264 2075 5313 et

423 5316 628 5373 labore
659 5323 983 5387 confectus.
1014 5327 1245 5388 beatam
1278 5337 1539 5392 animam
1573 5357 1739 5396 suam
1763 5346 1879 5400 Deo
1898 5347 2074 5402 tradi-

424 5406 529 5471 dit,
562 5425 667 5479 pro
700 5428 815 5482 quo
848 5419 1195 5488 martyrium
1232 5423 1429 5481 subiit.

427 5492 822 5573 λιποψυχήσας
852 5503 958 5558 ἀπὸ
987 5511 1085 5561 τοῦ
1115 5507 1330 5566 πολλοῦ
1362 5513 1592 5590 δρόμου,
1622 5519 1710 5575 καὶ
1740 5526 1843 5577 τοῦ
1889 5526 2151 5586 τοσοῦτου

420 5587 559 5657 Θεῷ,
593 5582 664 5639 δι’
694 5582 753 5643 ὄν
780 5588 1170 5669 ἐμαρτύρησεν.

2189 4626 2415 4704 ἄρχοντι
2491 4635 2778 4709 ’Λγκύρας.
2861 4638 2966 4692 Καὶ
3050 4642 3328 4713 παραστὰς
3407 4647 3488 4714 τῷ
3572 4643 3837 4719 κριτηρίῳ

2186 4719 2379 4790 αὐτοῦ,
2437 4722 2528 4775 καὶ
2584 4724 2676 4777 τὸν
2731 4727 2963 4798 Χριστὸν
3047 4727 3424 4804 ὁμολογήσας,
3510 4733 3643 4789 Θεὸν
3704 4735 3836 4787 εἶναι

2184 4811 2284 4861 τοῦ
2340 4811 2556 4878 παντὸς,
2634 4813 2724 4866 καὶ
2805 4814 3032 4891 Κύριον,
3121 4823 3340 4893 πρῶτον
3424 4821 3520 4893 μὶν
3603 4819 3835 4890 ἡλοῦται

2182 4896 2311 4959 τοὺς
2342 4896 2514 4961 πόδας
2542 4900 2632 4955 καὶ
2661 4902 2759 4964 τὰς
2789 4909 2981 4978 χεῖρας
3034 4906 3199 4975 ἥλοις
3255 4904 3527 4983 σιδηροῖς,
3585 4910 3678 4965 καὶ
3739 4910 3839 4984 βα-

2186 4987 2475 5054 σανίζεται.
2525 4990 2751 5046 Ἔπειτα
2833 4995 3182 5069 κρεμασθείς,
3245 4997 3381 5069 μετὰ
3433 5001 3536 5052 τοῦ
3606 4997 3836 5053 σπαθίου

2186 5074 2376 5144 ξέεται,
2406 5076 2494 5130 καὶ
2535 5082 2633 5132 τοῦ
2692 5079 2857 5150 ξύλου
2914 5081 3466 5156 ἀποκαταϐιϐασθεὶς,
3525 5085 3604 5150 είς
3673 5090 3839 5164 φοῦρ-

2182 5184 2273 5217 νον
2334 5164 2708 5242 ἐκπυρωθέντα
2769 5165 3127 5244 ὲμὸάλλεται.
3183 5177 3281 5229 Ἐκ
3353 5176 3548 5231 τούτου
3629 5174 3708 5244 δὲ,
3768 5179 3835 5249 τῇ

2180 5261 2277 5312 τοῦ
2317 5265 2454 5315 Θεοῦ
2488 5259 2735 5336 δυνάμει,
2795 5261 3041 5335 ἀϐλαϐὴς
3090 5264 3508 5344 διαφυλαχθεῖς,
3556 5269 3837 5339 καθηλοῦ-

2179 5369 2266 5403 ται
2299 5352 2451 5416 αὖθις
2482 5354 2611 5417 τοὺς
2649 5353 2842 5424 πόδας,
2874 5357 2963 5411 καὶ
3019 5360 3114 5420 τὰς
3163 5364 3378 5436 χεῖρας,
3436 5361 3526 5416 καὶ
3583 5362 3685 5430 τὴν
3746 5382 3834 5416 κε-

2182 5439 2383 5517 φαλήν·
2437 5444 2526 5498 καὶ
2584 5443 2669 5498 ἐπὶ
2724 5445 3012 5522 τριάκοντα
3069 5446 3316 5512 σταδίους
3365 5449 3667 5505 ἐλαύνεται*
3729 5448 3832 5512 ἔως

2204 5530 2398 5604 κόπου,
2454 5536 2554 5603 τήν
2613 5539 2882 5612 μακαρίαν
2938 5537 3102 5592 αὑτοῦ
3170 5541 3357 5617 ψυχήν
3409 5538 3695 5618 παρέδωκε
3751 5545 3833 5614 τῷ
