4114 6306
256 400 369 465 185

791 535 972 592 MIINI
1018 539 1102 587 ΤΩ
1149 535 1357 591 ΔΥΤΩ.

359 715 630 787 ’Άθλησις
652 717 754 787 ,τοῦ
785 711 938 787 ἁγίου
976 712 1066 767 καὶ
1097 711 1457 787 πανευφῄμου
1488 707 1798 787 ἀποστόλου

460 778 747 859 Ἀνδρέου,
777 778 1017 859 ἀξελφοῦ
1058 786 1155 838 τοῦ
1189 778 1429 857 μεγάλου
1460 778 1687 855 Πέτρου.

324 878 519 944 Οὗτος,
575 874 815 949 ἀδελφὸς
888 875 1109 951 γνήσιος
1168 872 1428 948 ὑπάρχων
1480 876 1577 926 τοῦ
1663 869 1904 946 μεγάλου

262 965 567 1022 ἀποστόλου
618 967 845 1039 Πέτρου,
905 965 1040 1037 μετά
1094 964 1193 1031 τὴν
1252 961 1522 1035 ἀνάληψιν
1575 964 1672 1016 τοῦ
1704 959 1904 1035 Κυρίου

261 1060 413 1130 ἡμῶν
447 1058 632 1127 Ἰησοῦ
662 1057 912 1127 Χριστοῦ,
971 1051 1223 1125 ἐκήρυξεν
1283 1050 1357 1114 si:
1412 1057 1584 1106 πᾶσαν
1631 1051 1732 1118 τὴν
1767 1068 1904 1123 παρ-

263 1146 408 1203 άλιον
436 1153 539 1216 τῆς
595 1144 861 1213 Βιθυνίας,
918 1145 1008 1199 καὶ
1064 1147 1161 1197 τοῦ
1215 1142 1445 1211 Πόντου,
1503 1139 1592 1195 καὶ
1630 1146 1732 1210 τῆς
1764 1138 1902 1213 Θρᾴο

264 1257 380 1308 κης,
420 1235 509 1291 καὶ
569 1242 671 1303 τῆς
719 1233 967 1298 Σκυθίας.
1024 1233 1177 1290 Μετά
1234 1229 1292 1287 δὲ
1345 1235 1513 1286 ταῦτα
1570 1227 1813 1299 ἀπῆλθεν
1850 1227 1902 1282 ἐν

270 1322 692 1382 Σεϐαστουπόλει
741 1327 809 1398 τῇ
866 1320 1098 1398 μεγάλῃ’
1157 1321 1208 1376 ἐν
1357 1315 1841 1397 παρεμϐάλλουσιν
1876 1319 1904 1372 ὁ

265 1416 456 1487 Ψάρός,
512 1415 601 1469 καὶ
661 1414 688 1468 ὁ
742 1414 914 1474 Φάσις
971 1413 1022 1467 οἱ
1078 1410 1345 1483 ποταμοί.
1401 1410 1622 1471 Οὗτινος
1664 1404 1902 1469 Φάσιδος

271 1504 512 1578 ἒσώτεροι
569 1505 622 1558 οἱ
680 1501 940 1567 Αἰθίοπες
994 1504 1360 1557 κατοικοῦσιν.
1410 1500 1542 1554 Εἶτα
1573 1498 1817 1567 ἀπῆλθεν
1851 1495 1902 1551 ἐν

276 1595 493 1667 Πάτραις
528 1600 630 1663 τῆς
694 1592 926 1667 Ἀγαῗας
984 1591 1058 1647 εἰς
1110 1590 1553 1660 Πελοπόννησον.
1587 1588 1689 1645 Καὶ
1719 1587 1906 1642 ἐσταυ-

276 1684 409 1759 ρώθη
475 1683 580 1738 ὑπὸ
666 1681 929 1754 Αἷγεάτου
1010 1683 1108 1734 τοῦ
1186 1679 1512 1743 ἀνθυπάτου·
1580 1677 1670 1732 καὶ
1726 1675 1903 1737 οὕτως

270 1770 566 1841 ἐτελειώθη.
629 1771 709 1828 Τὸ
771 1768 828 1825 δὲ
884 1769 1028 1843 ἱερὸν
1101 1769 1265 1824 αὐτοῦ
1320 1766 1576 1841 λείψανον
1627 1768 1751 1822 τότε
1808 1765 1901 1838 μὲν

267 1861 402 1932 ἐτέθη
436 1859 487 1915 ἐν
520 1860 759 1936 Πάτραις
809 1867 910 1929 τῆς
969 1857 1223 1934 Ἀχαΐας·
1275 1858 1495 1933 ὕστερον
1540 1855 1598 1912 δὲ
1640 1857 1898 1927 ἀνακομι-
1936 1899 1981 1963 Β

265 1951 395 2024 σθὶν,
452 1950 739 2025 προστάξει
797 1954 894 2005 τοῦ
954 1946 1223 2024 βασιλέως
1274 1947 1708 2015 Κωνσταντίνου,
1756 1946 1904 2021 παρά

261 2044 348 2095 τοῦ
376 2040 534 2116 ἀγίου
567 2039 865 2114 Ἀρτεμιου
893 2037 945 2094 ἐν
1000 2036 1572 2094 Κωνσταντινουπόλει
1622 2039 1900 2108 κατετέθη,

263 2129 390 2202 μετά
436 2132 549 2183 τῶν
606 2126 771 2204 ἁγίων
832 2127 1153 2183 ἀποστόλων
1214 2133 1397 2183 Λουκᾶ
1463 2129 1554 2183 καὶ
1609 2129 1906 2201 Τιμοθέου,

262 2217 358 2273 ὑπὸ
409 2218 512 2288 τὴν
573 2217 721 2292 ἱεράν
799 2217 1065 2293 τράπεζαν
1150 2221 1257 2273 τῶν
1315 2217 1479 2294 ἁγίων
1558 2216 1905 2288 ἀποστόλων,

261 2309 421 2382 βρύον
457 2306 706 2382 ἰαμάτων
736 2309 903 2384 Χάριν
914 2351 926 2364 .

1725 395 2179 458 NOVEMBER.

1932 531 1988 596 A

3547 388 3667 449 186

2579 530 2819 587 EODEM
2849 526 3101 583 MENSE.

2637 620 2740 675 Die
2772 617 3077 673 tricesima

2016 713 2163 769 22']
2193 713 2477 766 Certamen
2502 712 2683 766 sancti
2711 717 2763 764 et
2796 706 3087 764 clarissimi
3116 701 3365 775 apostoli
3417 701 3665 768 Andreae,

2510 802 2712 869 fratris
2753 799 2943 867 magni
2990 797 3164 850 Petri.

2084 893 2189 947 Hic
2219 908 2535 964 germanus
2566 890 2763 961 magni
2797 887 3049 960 apostoli
3082 885 3237 941 Petri
3295 884 3499 945 frater,
3527 887 3665 954 post

2014 983 2424 1037 ascensionem
2451 980 2681 1035 Domini
2706 979 2893 1034 nostri
2922 978 3059 1032 Jesu
3072 972 3662 1044 Christi,praedicavit

2013 1068 2076 1125 in
2113 1076 2233 1127 tota
2263 1071 2563 1126 maritima
2591 1085 2693 1123 ora
2714 1066 3026 1138 Bithyniae,
3059 1063 3255 1130 Ponti,
3285 1062 3570 1130 Thracias,
3606 1065 3666 1115 et

2014 1165 2264 1238 Scythiaa
2291 1179 2303 1217 :
2338 1161 2551 1217 deinde
2584 1173 2856 1231 magnam
2901 1153 3335 1226 Sebastopolim
3365 1151 3659 1219 lustravit,

2015 1271 2191 1327 quam
2225 1252 2388 1307 ﬂuvii
2420 1251 2535 1305 duo
2578 1246 3039 1311 interscindunt,
3070 1246 3309 1311 Psarus,
3342 1246 3400 1296 et
3428 1239 3658 1307 Phasis,

2013 1344 2184 1416 cujus
2215 1346 2357 1398 sunt
2387 1340 2602 1396 accolae
2633 1337 2947 1392 inferiores
2995 1334 3316 1404 Ethiopes.
3350 1332 3658 1385 Postremo

2012 1438 2218 1490 Patras
2247 1431 2483 1487 Achaiaa
2513 1429 2575 1483 in
2607 1427 3082 1497 Pe10ponnesum
3112 1421 3404 1489 migravit,
3451 1419 3551 1474 ubi
3584 1418 3657 1472 ab

2011 1524 2185 1593 (Egea
2214 1515 2569 1591 proconsule
2600 1515 2661 1568 in
2707 1528 2943 1567 crucem
2994 1508 3262 1564 sublatus
3314 1510 3404 1560 est
3437 1522 3449 1558 :
3484 1509 3661 1574 atque

2012 1609 2095 1664 ita
2118 1612 2366 1661 mortem
2394 1603 2558 1659 obiit.
2593 1602 2783 1655 Sacrae
2841 1616 2977 1654 vero
3032 1597 3161 1668 ejus
3218 1593 3486 1664 reliquiae
3518 1597 3661 1647 tunc

2014 1694 2253 1766 quidem
2285 1691 2475 1747 Patris
2524 1689 2583 1743 in
2633 1687 2847 1741 Achaia
2893 1684 3220 1755 depositae;
3273 1686 3482 1751 postea
3529 1695 3663 1766 vero

2013 1765 2384 1836 Constantini
2444 1774 2820 1847 imperatoris
2851 1773 3027 1843 jussu
3058 1786 3091 1823 a
3116 1774 3321 1823 sancto
3370 1765 3661 1830 Artemio,

2012 1885 2131 1923 una
2161 1884 2295 1923 cum
2329 1865 2550 1920 sanctis
2581 1860 2866 1933 apostolis
2897 1859 3050 1912 Luca
3081 1861 3140 1910 et
3167 1854 3495 1919 Timotheo,
3521 1853 3667 1906 Con-

2014 1953 2464 2026 stantinopolim
2510 1949 2833 2011 translatae,
2866 1945 2974 2000 sub
3036 1958 3207 1998 sacra
3251 1939 3660 2026 apostolorum

2012 2058 2221 2099 mensa
2251 2025 2504 2096 conditae
2533 2037 2796 2101 fuerunt,
2818 2031 3068 2105 gratiam
3092 2028 3468 2083 curationum
3491 2025 3661 2079 emit-

2014 2133 2230 2184 tentes.

258 2521 3660 2568 Μ

726 2759 1863 2914 MENOLOGII
1972 2746 3177 2912 GREGORUM

1463 3015 1777 3110 PARS
1850 3013 2255 3109 SECUN
2266 3014 2430 3106 DA

1186 3227 1231 3284 Δ
1281 3224 1547 3286 MENSE
1593 3222 1991 3284 DECEMBBI
2035 3224 2141 3283 AD
2185 3216 2733 3283 FEBRUARIUM.

505 3622 834 3715 MHNI
917 3617 1651 3715 ΔΕΚΕΜΒΡΙΩ

859 3775 950 3829 Ἐν
981 3776 1050 3847 τῇ
1093 3772 1302 3846 πρώτῃ.

324 3865 447 3933 Μνή
461 3884 539 3936 μη
570 3865 667 3917 τοῦ
700 3861 874 3936 ἁγίου,
923 3861 1013 3916 καὶ
1058 3859 1275 3932 ἐνδόξου
1304 3862 1590 3938 προφήτου
1621 3861 1833 3932 Ναούμ.

321 3954 384 4010 Ὀ
464 3953 635 4026 μὲγας
705 3953 793 4006 καὶ
873 3949 1086 4023 ἔνδοξος
1158 3953 1449 4028 προφήτης
1522 3947 1718 4022 Ναοὺμ
1790 3946 1907 4023 ἐγὲ-

256 4061 365 4095 νετο
423 4041 534 4095 ἀπὸ
592 4046 692 4108 τῆς
747 4039 927 4118 φυλῆς
961 4047 1188 4111 Συμεων
1243 4041 1357 4107 καί,
1417 4046 1520 4109 τῆς
1579 4039 1769 4114 χώρας
1796 4042 1905 4092 τῶν

261 4128 559 4186 Ἰουδαίων.
606 4125 861 4197 Εὐλαϐἠς
919 4127 978 4185 δὲ
1035 4126 1131 4197 ὣν,
1190 4126 1403 4199 ἐδέξατο
1432 4129 1581 4203 παρά
1609 4131 1743 4183 Θεοῦ
1774 4147 1910 4200 προ·

263 4221 480 4295 *θητείας
549 4221 817 4296 χάρισμα·
894 4219 984 4274 καὶ
1059 4219 1431 4292 προεφήτευσε
1499 4218 1635 4273 κατὰ
1706 4215 1908 4282 Νινευὴ

261 4313 351 4378 τῆς
376 4310 620 4373 πόλεως.
686 4312 819 4383 μετά
868 4311 932 4365 τὸ
991 4311 1360 4386 προφητεῦσαι
1415 4309 1533 4362 κατ’
1576 4306 1747 4375 αὐτῆς
1772 4304 1906 4378 πρό-

263 4419 412 4470 τερον
470 4402 565 4456 τὸν
622 4403 826 4457 Ἰωνᾶν.
888 4399 982 4453 Κόῦ
1070 4397 1237 4466 εἶπεν,
1296 4396 1379 4451 ὅτι
1440 4394 1651 4453 Μέλνιει
1717 4398 1752 4464 ἡ
1811 4401 1911 4450 Νι-

267 4490 385 4558 νευή
443 4490 550 4545 ὑπὸ
602 4486 808 4545 ὑδάτων
864 4487 1111 4564 γλυκέων
1167 4485 1258 4541 καὶ
1314 4486 1486 4558 πυρὸς
1530 4485 1909 4562 ἀφανισθῆναι.

265 4578 325 4629 Ὀ
376 4578 468 4633 καὶ
530 4579 737 4653 γέγονε-
800 4582 871 4651 τῇ
931 4580 1033 4651 γάρ
1090 4573 1333 4631 κελεύσει
1388 4577 1483 4628 τοῦ
1514 4577 1668 4643 Θεοῦ,
1703 4570 1792 4628 διὰ
1819 4574 1913 4634 τάς

271 4664 523 4740 ἁμαρτίας
578 4665 755 4721 αὐτῶν
816 4667 850 4735 ἡ
910 4665 1241 4739 περιέχουσα
1303 4664 1403 4732 τὴν
1460 4663 1653 4731 Νινευή
1716 4660 1914 4742 λίμνη,

274 4759 482 4827 σεισμοῦ
537 4756 861 4830 γενομένου,
918 4752 1294 4808 κατεπόντισεν
1355 4750 1544 4820 αὐτήν.
1578 4751 1680 4807 Καὶ
1720 4756 1827 4826 πῦρ
1858 4750 1917 4806 ὲκ

275 4844 363 4905 τῆς
416 4843 627 4917 ἐρήμου
686 4840 933 4913 ἐπελθὸν,
990 4843 1059 4897 τά
1111 4839 1470 4913 ἐναπομεῖναν
1534 4834 1698 4913 μέρος
1746 4840 1916 4909 αὐτῆς

2268 3593 2697 3687 MEMSE
2750 3595 3399 3692 DECEMBHI.

2674 3776 2776 3830 Die
2808 3777 3000 3847 prima

2020 3860 2059 3913 1
2100 3860 2551 3916 Commemoratio
2580 3865 2759 3917 sancti
2788 3870 2839 3917 et
2867 3864 3098 3932 gloriosi
3109 3866 3400 3936 praphetaa
3423 3867 3664 3923 Nahum.

2090 3951 2329 4022 Magnus
2354 3955 2411 4004 et
2451 3951 2744 4023 gloriosus
2797 3955 3086 4024 propheta
3127 3956 3357 4011 Nahum
3401 3956 3473 4011 de
3509 3955 3665 4011 tribu

2020 4038 2279 4107 Simeon,
2314 4055 2383 4094 ex
2412 4041 2654 4113 regione
2683 4041 2920 4108 Iudaea),
2955 4044 3089 4109 fuit,
3121 4046 3210 4100 vir
3257 4046 3545 4119 singulari
3604 4046 3665 4100 in

2019 4128 2204 4181 Deum
2235 4128 2473 4199 pietate.
2507 4129 2649 4184 Cum
2674 4133 2868 4186 autem
2892 4134 3218 4205 prophetiae
3236 4136 3459 4190 donum
3482 4153 3516 4190 a
3545 4137 3662 4190 Deo

2020 4219 2363 4289 accepisset,
2422 4221 2796 4291 prophetavit
2841 4222 3123 4279 adversus
3153 4226 3401 4281 Niniven
3432 4226 3664 4292 urbem,

2022 4314 2154 4380 post
2180 4310 2389 4364 Jonam
2421 4310 2793 4381 prophetam,
2834 4312 3079 4368 dicens:
3140 4316 3343 4371 Ninive
3392 4316 3668 4371 dulcibus

2022 4399 2192 4469 aquis
2224 4399 2464 4471 ignique
2496 4400 2888 4457 subvertetur.
2908 4403 3075 4467 Quod
3099 4406 3414 4477 etcontigit
3437 4423 3448 4459 :
3470 4405 3667 4458 divino

2023 4488 2184 4542 enim
2208 4488 2381 4559 jussu
2413 4494 2656 4560 propter
2677 4506 2880 4544 eorum
2904 4497 3148 4561 peccata
3177 4498 3472 4563 stagnum,
3508 4493 3668 4561 quod

2024 4576 2233 4632 urbem
2262 4577 2452 4648 ipsam
2483 4577 2765 4640 ambibat,
2804 4584 3142 4634 terraemotu
3164 4580 3509 4643 facto,illam
3525 4580 3668 4634 sub-

2025 4667 2249 4731 mersit,
2284 4672 2341 4721 et
2369 4665 2521 4737 ignis
2552 4667 2623 4720 ab
2670 4684 2868 4721 eremo
2922 4669 3155 4724 irruens
3208 4669 3494 4740 reliquias
3538 4669 3668 4741 ejus

2024 4757 2263 4827 penitus
2293 4755 2642 4825 absumpsit.
2675 4757 3059 4825 Postquam?!
3090 4763 3287 4812 autem
3319 4758 3444 4813 haac
3467 4759 3672 4814 omnia

2024 4845 2415 4918 praedixisset,
2436 4844 2710 4908 decessit,
2744 4846 2990 4916 ejusque
3021 4864 3234 4918 corpus
3255 4864 3289 4903 ει
3316 4848 3670 4920 propinquis

277 4931 567 4989 κατέκαυσε.
625 4933 721 4987 Καὶ
789 4932 921 5005 μετά
975 4933 1039 4987 τὸ
1090 4933 1464 5007 προφητεῦσαι
1523 4929 1696 4983 πάντα
1723 4930 1912 5011 ταῦτα,

2024 4935 2083 4991 in
2115 4940 2271 4989 terra
2296 4949 2404 4988 sua
2449 4932 2774 4989 honorifice
2815 4935 3121 4991 conditum
3158 4937 3295 4992 fuit.
3354 4938 3497 4993 Cum
3527 4955 3663 4993 vero

284 5016 506 5090 ἀπέθανε,
558 5021 649 5076 καὶ
710 5021 815 5076 ὑπὸ
887 5025 996 5076 τῶν
1072 5022 1344 5096 συγγενῶν
1402 5016 1565 5072 αὐτοῦ
1622 5014 1791 5094 ἐτάφη
1845 5018 1908 5071 τὸ

285 5102 509 5180 λείψανον
540 5109 706 5166 αὐτοῦ
758 5108 990 5183 ἐντίμως
1046 5108 1099 5164 ἐν
1155 5106 1225 5182 τῇ
1284 5107 1359 5183 γῇ
1389 5105 1576 5163 αὐτοῦ.
1606 5108 1706 5161 Ἦν
1741 5104 1799 5160 δὲ
1826 5104 1915 5161 ὅτε

291 5192 633 5271 ἱτελεύτησεν,
689 5198 824 5255 ἐτῶν
880 5198 1279 5274 τεσσαράκοντα
1327 5195 1415 5251 καὶ
1472 5194 1649 5251 πέντε.
1690 5195 1828 5266 Εἶχε
1858 5192 1916 5252 δὲ

2018 5019 2185 5088 obiit,
2226 5034 2416 5074 annos
2464 5017 2856 5092 quadraginta
2911 5022 3176 5094 quinque
3233 5024 3461 5096 agebat.
3529 5026 3669 5080 Erat

2024 5113 2223 5164 autem
2254 5113 2454 5163 mento
2476 5108 2750 5176 rotundo,
2784 5109 2933 5165 facie
2963 5112 3188 5183 gracili,
3223 5113 3385 5169 tenui
3425 5115 3663 5186 capillo,

2024 5196 2215 5268 capite
2246 5196 2522 5252 subcalvo
2554 5212 2622 5252 ac
2649 5214 2914 5269 procero.

285 5285 461 5358 γένειον
517 5290 610 5362 μὲν
671 5287 1029 5365 στρογγύλον·
1087 5286 1276 5342 ἱσχνὸν
1337 5285 1648 5361 πρόσωπον,
1704 5282 1883 5346 ἁπλᾶς
1937 5282 2157 5359 τρίχας.
2208 5289 2307 5338 Ἢν
2367 5281 2426 5338 δὲ
2498 5284 2589 5339 καὶ
2648 5284 3058 5363 ὁποφάλακρος,
3116 5290 3206 5343 καὶ
3253 5291 3352 5359 τήν
3413 5288 3662 5366 κεφαλὴν

287 5371 344 5448 ἕχ
345 5398 410 5430 ων
439 5377 680 5451 ἐπιμήκη
691 5421 705 5436 .

855 5468 940 5540 Τῇ
972 5464 1107 5539 αὖτῇ
1146 5462 1328 5538 ἡμέρᾳ

464 5559 732 5630 ’Λθλησις
784 5559 879 5611 τοῦ
915 5554 1076 5632 ἀγίου
1111 5555 1383 5630 μάρτυρος
1437 5555 1700 5614 ’Δνανίου.

347 5648 576 5712 ’Δνανίας
632 5651 661 5704 ὁ
722 5645 928 5721 μάρτυς
985 5642 1190 5722 ἐγένετο
1246 5645 1340 5718 μὶν
1410 5644 1515 5701 ἀπὸ
1566 5647 1665 5715 τῆς
1717 5644 1906 5720 Χώρας

2677 5464 2897 5520 Eodem
2919 5466 3013 5522 die

2260 5556 2308 5611 3
2343 5556 2625 5611 Certamen
2649 5558 2830 5610 sancti
2859 5560 3120 5626 martyris
3152 5560 3185 5612 Α
3202 5561 3406 5614 ηαηὶω.

2089 5645 2350 5702 Ananias
2379 5650 2604 5717 martyr
2635 5660 2704 5698 ex
2736 5643 2995 5699 Persidis
3026 5644 3266 5717 regione
3310 5645 3441 5714 fuit,
3475 5645 3659 5700 laicus
