4114 6306
350 451 463 509 187

1679 439 2111 504 MENOLOGII
2156 439 2363 502 PARS
2407 442 2456 502 Ι.

3648 451 3765 513 188

348 582 613 655 quidem,
648 580 753 637 sed
783 582 1153 637 Christianus
1187 600 1201 637 :
1260 588 1438 655 atque
1490 580 1712 635 idcirco
1745 573 1993 631 aPersis

2107 574 2215 626 τῶν
2276 576 2517 647 Περσῶν·
2580 576 2619 645 ἦ
2674 571 2730 628 δε
2791 572 3005 644 λαῖκὸς,
3065 574 3211 632 ἀλλᾶ
3264 580 3611 653 Χριστιανός.
3671 582 3780 638 Καί

350 689 478 727 com
490 671 837 742 prehensus,
863 672 1267 727 acerbissimis
1299 671 1614 727 tormentis
1633 665 2002 723 excruciatus

349 767 459 829 est,
490 767 547 817 et
563 760 636 816 ad
669 776 877 817 necem
907 761 1107 833 ﬂagris
1139 762 1511 829 concisus,ut
1542 760 1637 813 vix
1662 755 2000 826 respiraret.

351 850 611 906 Sublatis
643 850 883 905 tandem
906 850 1096 905 oculis
1125 851 1208 906 ita
1239 867 1361 918 eos,
1395 850 1496 921 qui
1549 847 1821 914 aderant,
1854 842 2004 897 allo—

353 946 526 997 cutus
558 946 676 996 est:
708 941 1075 1014 Consurgite,
1104 947 1163 996 et
1192 943 1378 997 Deum
1409 945 1574 996 orate
1600 954 1613 993 :
1650 952 1786 992 ecce
1844 933 2003 989 enim

349 1030 519 1086 video
568 1031 789 1085 scalam
846 1030 1060 1086 cwlum
1113 1031 1526 1103 attingentem,
1558 1033 1618 1083 et
1664 1041 1843 1097 super
1872 1038 2003 1078 eam

347 1121 620 1175 homines
651 1121 1027 1193 igneos,mihi
1055 1121 1319 1177 dicentes
1348 1137 1359 1174 :
1394 1119 1539 1174 Veni
1572 1115 1909 1178 nobiscum,
1944 1116 2003 1165 et

350 1209 636 1265 ducemus
671 1216 723 1265 te
756 1210 816 1264 in
847 1209 1053 1265 urbem
1079 1210 1322 1277 lmtitiar,
1354 1206 1695 1272 hilaritatis,
1730 1204 2000 1272 lucisque

347 1299 608 1371 plenam.
633 1299 854 1365 Quibus
887 1301 947 1353 in
978 1300 1170 1355 verbis
1202 1299 1553 1370 exspiravit:
1579 1301 1635 1351 et
1654 1298 1860 1349 sancta
1878 1290 2005 1361 qui'

349 1388 482 1443 dem
515 1388 675 1443 illius
706 1389 907 1443 anima
936 1389 997 1443 in
1036 1403 1564 1461 supernam,quam
1585 1384 1834 1451 viderat,
1868 1378 2000 1435 civi-

345 1482 527 1534 tatem
558 1478 969 1533 advolavit:at
1014 1495 1229 1550 corpus
1285 1478 1348 1532 in
1408 1474 1647 1531 Perside
1704 1470 2007 1527 conditum

347 1572 651 1639 exspectat
667 1567 1031 1623 tremendam
1045 1574 1121 1634 ,et
1136 1572 1463 1623 extremam
1478 1560 2001 1623 resurrectionem,

346 1656 585 1727 quando
609 1673 728 1712 una
758 1673 895 1712 cum
927 1657 1205 1712 omnibus
1265 1659 1557 1728 resurget,
1592 1658 1650 1708 et
1676 1646 2003 1706 immortali

343 1746 562 1802 Christi
603 1747 704 1802 Dei
735 1747 921 1802 nostri
954 1763 1135 1817 regno
1167 1746 1535 1818 perfruetur.

2114 656 2204 714 διὰ
2253 665 2413 717 τοῦτο
2465 664 2753 726 πιάσαντες
2815 664 2971 720 αὐτὸν
3033 667 3087 721 οἱ
3163 670 3384 743 Πέρσαι,
3444 665 3766 728 ἐϐασάνισαν

2116 747 2378 824 ἰσχυρῶς.
2428 752 2528 807 Καὶ
2588 753 2692 808 ἀπὸ
2747 757 2844 808 τοῦ
2901 752 3118 809 πολλοῦ
3168 754 3378 830 δαρμοῦ
3429 757 3655 835 ἐγένετο,
3688 762 3771 825 ὡς

2110 839 2322 912 νεκρὸς,
2384 839 2573 915 ὀλίγον
2633 843 2932 901 ἀναπνέων.
2988 845 3092 900 Καὶ
3150 846 3402 919 κείμενος
3429 845 3613 920 ἤνοιξε
3640 852 3772 915 τοὺς

2114 925 2437 1003 ὀφθαλμοὺς
2467 930 2655 1000 αὐτοῦ,
2707 931 2796 986 καὶ
2854 935 2972 988 εἷπε
3027 934 3323 1007 πρὸςτοὺς
3353 941 3772 1013 παρατυχόντας

2112 1016 2243 1073 ἐκεῖ”
2306 1019 2598 1096 Ἐγέρθητε
2679 1021 2770 1077 καὶ
2856 1025 3119 1094 ποιήσατε
3193 1027 3328 1101 πρὸς
3383 1029 3512 1083 Θεὸν
3572 1030 3766 1105 εὐχάς.

2113 1104 2231 1162 ἰδοὺ
2257 1108 2355 1181 γὰρ
2389 1115 2578 1183 θεωρῶ
2639 1109 2840 1167 σκάλαν
2870 1115 3168 1191 φθάνουσαν
3229 1117 3309 1178 εἲς
3363 1117 3454 1172 τὸν
3517 1104 3774 1193 οὐρανὸν,

2110 1196 2199 1252 καὶ
2230 1196 2536 1273 πυροειδεῖς
2588 1198 2671 1255 ἐπ’
2718 1199 2885 1271 αὐτὴν
2938 1201 3129 1278 ἄνδρας
3189 1204 3447 1280 λέγοντάς
3492 1229 3607 1281 μοι’
3643 1208 3772 1266 Ἐλ-

2112 1286 2170 1349 θὲ,
2230 1287 2347 1359 μεθ’
2398 1289 2583 1361 ἡμῶν,
2643 1289 2731 1343 καὶ
2791 1289 3162 1366 εἶσαγάγωμὲν
3219 1314 3278 1348 σε
3335 1294 3412 1358 είς
3469 1296 3633 1351 πόλιν
3679 1319 3775 1354 πε-

2111 1374 2487 1448 πληρωμένην
2536 1383 2712 1452 χαρᾶς
2766 1379 2857 1433 καὶ
2916 1380 3275 1457 εὖφοοσύνης,
3307 1385 3397 1438 καὶ
3440 1386 3641 1454 φωτός.
3673 1387 3774 1442 Καὶ

2111 1468 2280 1519 ταῦτα
2330 1464 2521 1535 εῗπὼν,
2598 1466 2895 1538 ἐξεπνευσε·
2973 1471 3065 1525 καὶ
3138 1474 3174 1542 ἡ
3254 1473 3349 1546 μὲν
3425 1473 3549 1550 ἁγία
3612 1475 3778 1533 αὐτοῦ

2112 1556 2266 1630 ψυχὴ
2322 1555 2551 1625 ἀνῆλθεν
2611 1558 2688 1622 εἰς
2740 1561 2841 1628 τὴν
2880 1560 2991 1614 ἅνω
3047 1560 3236 1630 πόλιν,
3280 1563 3458 1627 καθὼς
3490 1564 3767 1630 ἐθεᾶσατο.

2115 1645 2194 1701 Τὸ
2252 1641 2310 1698 δὲ
2368 1642 2623 1721 λείψανον
2682 1647 2846 1705 αὐτοῦ
2895 1651 3207 1706 κατάκειται
3237 1652 3288 1707 ἐν
3324 1652 3567 1731 Περσίδι,
3616 1655 3772 1712 ἐκδε-

2117 1733 2360 1808 χόμενον
2391 1736 2493 1804 τὴν
2545 1731 2778 1814 φοϐερὰν
2828 1738 2915 1794 καὶ
2954 1737 3267 1796 τελευταίαν
3316 1742 3624 1815 ἆναστασιν,
3674 1746 3767 1802 ὅτε

344 1834 433 1888 καὶ
497 1834 625 1890 αὐτὸ
687 1833 877 1908 μέλλει
934 1834 1224 1902 ἀναστῆναι
1289 1832 1423 1906 μετᾶ
1481 1834 1721 1901 πάντων,
1780 1825 1869 1881 καὶ
1921 1820 2228 1877 ἀπολαῦσαι
2278 1829 2379 1894 τῆς
2434 1823 2699 1882 ἀθανάτου
2778 1827 3053 1902 βασιλείας
3127 1836 3367 1907 Χριστοῦ
3446 1838 3545 1889 τοῦ
3617 1839 3752 1891 Θεοῦ

346 1925 531 1996 ἡμῶι

901 2043 1143 2099 EODEM
1174 2041 1428 2098 MENSE.

986 2159 1088 2214 Die
1121 2157 1383 2214 secunda

351 2283 402 2333 4
459 2277 911 2334 Commemoratio
966 2281 1147 2334 sancti
1203 2279 1464 2362 acnbeati
1521 2274 1792 2331 Philareti
1846 2273 2002 2329 Elec-

1010 2366 1336 2419 mosynarn.

413 2456 749 2526 Imperante
780 2454 1232 2527 religiosissima
1287 2455 1458 2508 Irene
1505 2451 1720 2507 claruit
1752 2450 1897 2516 iste;
1931 2465 2002 2503 ex

344 2543 586 2616 regione
623 2543 1042 2615 Paphlagoniae
1096 2548 1283 2607 ortus.
1316 2542 1528 2614 opibus
1564 2540 1804 2611 quidem
1858 2538 2000 2593 satis

350 2634 589 2705 amplis,
621 2649 769 2704 quas
802 2632 914 2687 sibi
968 2632 1081 2703 ipsi
1139 2631 1467 2688 laborando
1509 2633 1953 2702 comparaverat
1983 2645 1998 2693 ;

352 2724 454 2780 sed
486 2731 691 2797 postea
717 2724 1007 2780 diabolica
1038 2724 1258 2780 invidia
1287 2724 1361 2779 ad
1390 2722 1654 2794 inopiam
1702 2721 1997 2790 redactus,

348 2832 470 2871 non
495 2820 694 2870 tamen
716 2814 936 2870 idcirco
968 2814 1361 2885 eleemosynae
1393 2812 1634 2869 oblitus.
1657 2812 1736 2866 Ex
1758 2826 1875 2866 uno
1895 2827 2001 2866 au-

349 2910 471 2961 tem
495 2905 906 2961 beneﬁcentiae
964 2905 1095 2977 ejus
1131 2905 1404 2977 exemplo
1436 2905 1633 2976 palam
1666 2905 1787 2974 fiet,
1821 2920 1999 2975 quam

349 2994 688 3051 incredibili
713 2995 893 3051 fuerit
913 2997 973 3051 in
986 3012 1277 3068 pauperes
1296 2995 2001 3051 liberalitate.Aberrarat

352 3085 676 3156 aliquando
708 3084 886 3139 vicini
911 3086 1001 3139 sui
1031 3084 1139 3139 bos
1185 3101 1198 3137 :
1253 3084 1352 3155 qui
1411 3084 1777 3138 Philaretum
1830 3082 1996 3150 adiit,

348 3176 695 3245 invenitque
726 3191 861 3229 eum
893 3176 952 3229 in
986 3174 1175 3247 agello
1202 3192 1306 3229 suo
1331 3175 1559 3245 junctis
1586 3174 1696 3230 sub
1719 3174 1862 3247 jugo
1894 3174 1998 3228 bo—

346 3264 459 3319 bus
492 3270 821 3319 sementem
852 3263 1190 3319 facientem.
1222 3266 1297 3317 At
1326 3264 1662 3319 Philaretus
1694 3263 1997 3317 hominem

2025 2027 2075 2093 B

2654 2035 2804 2092 MHN
2812 2036 2833 2091 Ι
2872 2041 2957 2091 ΤΩ
2995 2038 3198 2093 ΛΥΤΩ.

2905 2158 2979 2212 B‘.

2219 2267 2424 2339 Μνήμη
2456 2270 2552 2321 τοῦ
2582 2265 2741 2342 ἁγίου
2766 2267 2873 2347 Δκαὶ
2916 2269 3197 2347 μακαρίου
3229 2270 3539 2347 Φιλαρέτου
3568 2279 3666 2331 τοῦ

2766 2340 2926 2411 Ἐλεή
2938 2340 3127 2413 μονος.

2180 2450 2302 2506 Ἐπὶ
2362 2456 2462 2519 τῆς
2524 2450 2805 2526 βασιλείας
2863 2454 3101 2528 Εἰρήνης
3175 2461 3275 2525 τῆς
3375 2452 3768 2531 εὐσεϐεστάτης

2106 2534 2317 2614 γέγονεν
2352 2539 2535 2611 οὗτος,
2583 2541 2689 2596 ἀπὸ
2742 2546 2842 2608 τῆς
2888 2544 3077 2618 χώρας
3140 2544 3545 2623 Παφλαγονίας.
3581 2548 3766 2605 Πλούο

2108 2648 2223 2689 σιος
2256 2624 2313 2681 δὲ
2343 2623 2417 2682 ὧν
2447 2627 2505 2683 ἐκ
2531 2633 2629 2684 τοῦ
2685 2633 2931 2703 καμάτου
2986 2631 3170 2701 αὐτοῦ,
3204 2633 3308 2689 ὐπὸ
3339 2636 3540 2711 φθόνου
3573 2633 3764 2694 διαϐο-

2109 2718 2268 2772 λικοῦ
2299 2717 2613 2795 ἐπτώχευσε
2672 2722 2788 2792 μὲν·
2846 2728 2948 2791 τῆς
3006 2720 3064 2777 δὲ
3120 2722 3499 2797 ἐλεημεσύνης
3550 2726 3648 2782 οὐκ
3675 2727 3769 2784 ἐπ’

2108 2805 2352 2865 ελάθετο.
2431 2810 2565 2866 Ἀπὸ
2642 2811 2760 2875 ἐνὸς
2838 2808 2894 2868 δὲ
2968 2814 3315 2888 πράγματος,
3382 2814 3412 2870 6'
3485 2815 3759 2890 ἐποίησεν,

2108 2894 2350 2972 δείξομεν
2408 2898 2568 2954 αὐτὸν
2620 2899 2697 2963 εἷς
2754 2902 2928 2957 πάντα
2987 2900 3290 2976 ἐλεήμοναο
3330 2906 3601 2982 ’Λπὲτυχὲ
3630 2929 3773 2965 ποτε

2105 2994 2204 3045 τοῦ
2250 2991 2491 3064 γείτονος
2540 2994 2705 3048 αὐτοῦ
2758 2994 2786 3049 6
2839 2995 2991 3069 βοῦς,
3042 2996 3131 3051 καὶ
3179 2998 3394 3067 ἀπῆλθε
3433 3021 3575 3075 προς
3606 3000 3766 3056 αὐτὸν

2108 3079 2135 3133 6
2185 3078 2404 3154 γείτων,
2448 3082 2534 3135 καὶ
2586 3082 2735 3157 εὗρεν
2790 3083 2949 3138 αὐτὸν
2998 3083 3072 3146 εἷς
3134 3087 3195 3141 τὸ
3249 3089 3532 3166 χωράφιον
3592 3088 3763 3144 αὐτοῦ

2105 3167 2395 3244 σπείρονται
2443 3171 2578 3243 μετά
2624 3176 2721 3226 τοῦ
2782 3174 3068 3247 ζευγαρίου
3118 3174 3299 3231 αὐτοῦ·
3349 3179 3439 3233 καὶ
3490 3175 3623 3234 ίδὼν
3676 3178 3771 3236 αὖ·

2108 3258 2197 3312 νὸν
2249 3256 2617 3332 λυπούμενον,
2677 3260 2838 3317 ἔλυσε
2889 3264 2952 3318 τὸ
3024 3260 3077 3318 ἓν
3135 3264 3365 3339 βοίδιον,
3422 3268 3510 3323 καὶ
3568 3263 3765 3325 ἔδωκεν

343 3368 598 3408 mcerore
629 3352 963 3406 confectum
1019 3350 1246 3419 videns,
1306 3350 1497 3405 soluto
1554 3352 1726 3422 eique
1779 3351 1991 3407 tradito

2111 3344 2278 3418 αὐτῷ.
2329 3347 2425 3403 Καὶ
2470 3348 2631 3413 αὐτὸς
2691 3350 2926 3426 ὑπερϐὰς
2974 3353 3065 3408 τὸν
3114 3355 3270 3428 ζυγὸν
3317 3357 3454 3428 μετά
3496 3362 3593 3411 τοῦ
3647 3358 3764 3420 ἰνὸς

2110 3435 2139 3450 η
2177 3433 2256 3450 -..υ
2415 3438 2429 3450 .
2488 3439 2541 3450 ω.
2728 3438 2743 3450 .
2862 3442 2874 3450 .
3005 3444 3027 3450 _
3226 3443 3240 3450 -
3336 3448 3341 3450 λ
3430 3442 3526 3450 η--
3638 3444 3674 3450 -,
3750 3448 3761 3450 _

343 3441 529 3498 altero
560 3441 729 3501 bove.
763 3442 889 3513 ipse
913 3441 1126 3513 jugum
1183 3457 1319 3496 cum
1378 3440 1565 3496 altero
1600 3440 1863 3511 subiens,
1887 3441 1987 3496 ἀοι

343 3548 509 3588 mum
541 3530 737 3585 rediit.
772 3532 959 3596 Quam
990 3531 1267 3586 virtutem
1301 3532 1455 3585 Deus
1484 3535 1995 3597 remuneraturus,

345 3619 559 3687 effecit,
591 3625 658 3675 ut
686 3620 1032 3693 imperatrix
1097 3619 1339 3675 Mariam
1390 3619 1555 3674 illius
1603 3619 1789 3674 ﬁliam
1856 3621 1999 3674 Con-

344 3710 608 3766 stantino
642 3710 764 3765 filio
795 3726 901 3765 suo
933 3710 996 3765 in
1032 3709 1478 3765 matrimonium
1508 3708 1845 3765 collocaret.
1871 3710 1995 3774 Quo

339 3799 561 3855 factum
594 3803 703 3867 est,
727 3804 793 3854 ut
823 3800 952 3871 ejus
974 3798 1203 3855 familia
1234 3799 1420 3855 ditata
1469 3798 1669 3854 fuerit.
1706 3798 1837 3871 Ipse
1859 3816 1994 3854 vero

341 3890 695 3962 propensior
722 3889 785 3945 in
800 3906 1093 3961 pauperes
1115 3889 1388 3951 factus,et
1413 3905 1600 3961 usque
1620 3888 1694 3944 ad
1717 3894 1993 3945 senectu-

341 3982 461 4034 tem
492 3979 733 4046 ﬂorens,
768 3977 938 4048 obiit,
998 3983 1057 4033 et
1106 3978 1169 4034 in
1227 3979 1460 4034 Criseos
1518 3979 1879 4035 monasterio
1908 3996 1996 4035 se-

340 4067 545 4138 pultus
579 4072 689 4124 est.

1003 4182 1225 4239 Eodem
1256 4185 1355 4240 die

481 4302 525 4360 5
561 4301 1011 4357 Commemoratio
1040 4304 1217 4357 sancti
1260 4304 1544 4373 prophetae
1565 4305 1843 4360 Habacuc.

414 4418 527 4473 Iste
551 4434 622 4473 ex
652 4416 808 4472 tribu
867 4417 1105 4473 Simeon
1134 4417 1247 4472 fuit
1302 4416 1375 4472 de
1435 4417 1674 4490 regione
1723 4418 1937 4475 Judaaea
1969 4438 1984 4477 :

338 4506 711 4580 prophetavit
732 4511 929 4563 autem
962 4506 1034 4563 de
1048 4506 1789 4579 captivitate,eteversione
1820 4510 1988 4565 Jeru-

341 4598 526 4653 salem
561 4597 943 4653 Hebrmorum
973 4597 1159 4662 urbis,
1194 4596 1385 4669 deque
1418 4596 1577 4652 crede
1595 4613 1662 4652 ac
1708 4598 1985 4654 servitute

339 4686 716 4757 pepuli.Cum
745 4703 881 4741 vero
931 4687 1473 4742 Nabuchodonosor
1538 4689 1851 4743 Persarum
1883 4706 1985 4744 rex

342 4779 549 4830 contra
576 4775 901 4830 Jerusalem
924 4776 1283 4843 venisset,ad
1317 4782 1545 4830 exteras
1578 4780 1763 4831 terras
1792 4776 1941 4850 fugit
1965 4795 1978 4845 ;

342 4863 597 4918 etsimul
627 4879 695 4917 ac
740 4866 934 4918 Persae
964 4881 1286 4933 recessere,
1329 4869 1387 4919 et
1437 4865 1535 4936 qui
1570 4872 1983 4921 remanserant

336 4951 521 5007 Judaei
554 4952 615 5007 in
648 4954 953 5025 .‘Egyptum
979 4952 1437 5021 descenderunt,
1470 4953 1647 5009 rediit
1677 4959 1735 5009 et
1763 4954 1889 5026 ipse
1921 4955 1981 5010 in

339 5045 557 5097 terram
582 5057 768 5106 suam,
820 5047 878 5096 et
927 5042 1290 5096 messoribus
1338 5042 1511 5113 agelli
1560 5043 1980 5100 ministrabat:

339 5130 554 5201 quibus
585 5146 719 5185 cum
743 5129 1064 5201 aliquando
1097 5129 1409 5202 prandium
1435 5131 1984 5199 afferret,domesti-

339 5219 424 5275 cis
445 5220 568 5274 suis
599 5220 677 5275 ait
713 5235 725 5273 :
760 5221 875 5291 Ego
904 5219 1147 5291 longum
1209 5219 1343 5274 ineo
1389 5221 1544 5276 iter:
1576 5222 1625 5277 si
1683 5238 1819 5277 vero
1843 5221 1981 5278 lon-

336 5308 563 5381 giorem
612 5323 842 5363 moram
896 5312 1148 5375 traxero,
1200 5310 1562 5365 messoribus
1628 5328 1727 5366 vos
1785 5311 1983 5366 cibum

337 5396 582 5453 deferte.
618 5398 719 5452 His
750 5396 923 5452 dictis
954 5396 1026 5452 ab
1048 5396 1259 5468 angelo
1314 5398 1674 5471 Babylonem
1714 5400 1983 5455 sublatus

337 5491 448 5554 est,
477 5503 608 5557 quae
641 5486 846 5542 aberat
874 5485 1040 5541 mille
1072 5504 1355 5559 passuum
1414 5488 1506 5543 bis
1555 5494 1794 5544 centum
1826 5506 1986 5544 sexa-

338 5576 502 5648 ginta
531 5576 830 5647 quinque:
867 5575 1147 5648 deditque
1180 5577 1376 5632 cibum
1421 5577 1649 5632 Danieli
1680 5578 1983 5650 prophetae

336 5668 398 5722 in
424 5666 555 5722 lacu
588 5665 818 5723 incluso
848 5684 862 5723 :
890 5670 946 5720 et
980 5683 1185 5723 rursus
1234 5666 1477 5721 domum
1538 5667 1793 5735 delatus,
1833 5668 1981 5723 alte-

333 5773 470 5813 rum
501 5756 865 5813 messoribus
892 5755 1211 5828 prandium
1232 5754 1448 5827 attulit,
1484 5772 1545 5811 re
1575 5758 1801 5814 nemini
1831 5756 1981 5814 indi-

2110 3433 2350 3510 βοϊδίου,
2404 3438 2647 3508 ἀπῆλθεν
2700 3438 2775 3503 εἷς
2824 3442 2914 3496 τὸν
2970 3444 3121 3498 οἶκον
3182 3443 3368 3502 αὐτοῦ.
3429 3442 3577 3502 Ἰδὼν
3634 3444 3691 3502 δὲ
3741 3448 3770 3502 6

2104 3524 2234 3589 Θεὸς
2287 3527 2386 3594 τὴν
2443 3526 2640 3602 ἀρετὴν
2721 3530 2909 3599 αὐτοῦ,
2973 3530 3195 3602 ἐποίησε
3250 3535 3349 3603 τήν
3416 3534 3756 3609 βασίλισσαν,

2101 3616 2192 3670 καί
2252 3615 2421 3690 ἐπῆρε
2474 3618 2573 3686 τήν
2636 3617 2863 3695 ὲκγὸνην
2922 3619 3086 3676 αὐτοῦ
3140 3623 3351 3699 Μαρίαν
3409 3623 3623 3702 νύμφην
3683 3625 3763 3689 εἰς

2099 3706 2191 3761 τὸν
2251 3707 2366 3761 υἱὸν
2423 3706 2593 3777 αὐτῆς
2648 3715 3072 3771 Κωνσταντῖνον.
3132 3713 3228 3768 Καὶ
3260 3714 3367 3769 ἀπὸ
3396 3714 3521 3770 τότε
3556 3713 3759 3771 ἐπλού-

2098 3816 2258 3866 τησεν
2288 3797 2321 3865 ἡ
2352 3795 2504 3872 γενεὰ
2533 3796 2717 3854 αὐτοῦ.
2768 3798 2944 3862 Αὐτὸς
2997 3798 3054 3856 δὶ
3103 3799 3269 3858 ἐλεῶν
3313 3824 3442 3867 τους
3472 3804 3756 3881 πτωχοὺς,

2098 3883 2189 3940 καὶ
2246 3883 2481 3961 ῥογεῦων
2545 3887 2712 3962 μέχρι
2763 3890 2970 3963 γήρως,
3027 3888 3274 3962 ἀπέθανε,
3332 3893 3425 3948 καὶ
3491 3893 3642 3964 ἐτέθη
3700 3892 3758 3948 ἐν

2096 3976 2166 4046 τῇ
2203 3978 2345 4048 μονῇ
2376 3976 2476 4039 τῆς
2509 3975 2768 4049 Κρίσεως.

2684 4188 2763 4258 τῇ
2804 4185 2940 4260 αὐτῇ
2969 4186 3170 4262 ἡμέρᾳ-

2305 4297 2425 4366 Μνή
2440 4318 2513 4368 μη
2549 4302 2647 4352 τοῦ
2673 4297 2826 4372 ἁγίου
2865 4302 3157 4378 προφήτου
3190 4297 3536 4378 Ἀμϐακουμ.

2163 4411 2266 4468 Καὶ
2324 4412 2485 4475 οὗτος
2542 4412 2600 4469 ἐκ
2668 4417 2767 4484 τῆς
2823 4420 3007 4491 γενεᾶς
3060 4421 3159 4472 τοῦ
3215 4419 3449 4491 Συμεὼά
3504 4421 3760 4497 γέγονεν,

2091 4502 2197 4560 ἀπὸ
2224 4510 2324 4574 τῆς
2359 4505 2546 4581 χώρας
2595 4510 2703 4560 τῶν
2762 4504 3059 4565 Ἰουδαίων.
3121 4510 3502 4585 Προεφήτευσε
3534 4509 3592 4567 δὲ
3621 4529 3748 4587 περὶ

2087 4599 2188 4662 τῆς
2240 4591 2621 4669 αἷχμαλωσία,
2700 4596 2791 4650 καὶ
2874 4605 3256 4674 καταστροφῆς
3320 4606 3420 4669 τῆς
3475 4601 3745 4677 Ἰερουσα-

2089 4680 2231 4757 λὴμ,
2290 4679 2507 4747 πόλεως
2561 4691 2671 4741 τῶν
2729 4682 3018 4760 Ἐϐραίων,
3079 4688 3168 4743 καὶ
3219 4696 3319 4758 τῆς
3378 4698 3608 4767 σφαγῆς,
3652 4691 3744 4746 καὶ

2090 4769 2337 4834 δουλείας
2367 4778 2464 4828 τοῖ’)
2497 4772 2652 4832 λαοῦ.
2703 4776 2832 4833 ’Ότε
2882 4773 2939 4830 δὲ
2987 4771 3501 4853 Ναϐουχοδονοσορ,
3535 4782 3563 4835 6
3598 4781 3748 4856 βασι-

2096 4859 2223 4923 λεὺς
2272 4866 2379 4916 τῶν
2458 4863 2678 4938 Περσῶν
2758 4863 2897 4933 ἦλθε
2977 4865 3113 4921 κατᾶ
3193 4873 3292 4936 τῆς
3357 4867 3747 4943 Ἰερουσαλὴμ,

2092 4945 2250 5026 ἔφυγε
2281 4951 2366 5003 καὶ
2419 4949 2662 5021 ἀπῆλθεν
2720 4951 2796 5016 εἷς
2852 4954 3001 5026 ξένην
3050 4962 3177 5029 γῆν.
3236 4959 3322 5019 Ὠς
3381 4953 3439 5011 δὲ
3496 4957 3750 5034 ὑπέστρε-

2091 5041 2195 5112 ψαν
2239 5039 2291 5093 οἱ
2350 5040 2574 5116 Ιίὲρσαι,
2627 5042 2716 5096 καὶ
2777 5043 2828 5097 οἱ
2889 5044 3276 5118 ἀπομείναντες
3333 5043 3587 5102 Ἰουδαῖοι
3617 5068 3749 5104 κατι

2092 5121 2289 5197 ἔϐησαν
2349 5128 2426 5190 εἰς
2480 5126 2785 5205 Αἴγυπτον,
2844 5129 2984 5201 ἦλθε
3033 5133 3123 5187 καὶ
3182 5134 3343 5197 αὑτὸς
3404 5134 3481 5198 εἷς
3507 5137 3605 5205 τήν
3639 5142 3745 5212 γῆν

2092 5216 2277 5271 αὑτοῦ·
2351 5217 2441 5272 καὶ
2533 5215 2787 5275 ἐδούλευε
2886 5222 3155 5290 θερισταῖς
3226 5226 3323 5278 τοῦ
3428 5227 3743 5304 χωρανρίου.

2091 5301 2295 5362 Ἔλαϐε
2344 5304 2400 5362 δὲ
2445 5309 2508 5362 τὸ
2553 5306 2766 5383 ἄριστον
2828 5310 3122 5386 ἀπαγαγεῖν
3172 5317 3292 5377 τοῖς
3336 5301 3627 5390 θερισταῖς,
3651 5315 3745 5370 καὶ

2091 5396 2209 5450 εἷπε
2263 5401 2383 5457 τοῖς
2447 5393 2613 5461 ἰδίοις
2670 5399 2857 5453 αὐτοῦ’
2921 5400 3063 5476 Ἐγὼ
3113 5401 3306 5477 ὑπάγω
3364 5404 3596 5476 μακράν·
3655 5404 3747 5458 καὶ

2093 5483 2179 5540 ἐὰν
2263 5484 2535 5560 βραδύνω,
2611 5487 2881 5561 κομίσατε
2955 5492 3163 5568 τροφὴν
3250 5497 3366 5555 τοῖς
3453 5494 3747 5567 θερισταῖς.

2091 5577 2269 5631 Ταῦτα
2318 5574 2505 5646 εἰπὼν,
2560 5577 2664 5632 ὑπὸ
2708 5576 2946 5654 ἀγγέλου
3012 5578 3254 5650 ἀπῆλθεν
3302 5579 3377 5642 εἷς
3425 5577 3742 5655 Βαϐυλῶνα,

2096 5662 2253 5738 μίλια
2310 5661 2558 5720 διακόσια
2615 5666 3055 5739 ἑξήκοντα-πέντε,
3109 5668 3198 5724 καὶ
3251 5666 3421 5725 ἔδωκε
3472 5672 3572 5740 τὴν
3618 5692 3752 5747 τρο-

2093 5756 2198 5834 φὴν
2273 5761 2354 5832 τῷ
2422 5759 2679 5838 προφήτῃ
2757 5758 2986 5835 Δανιὴλ,
3060 5758 3493 5839 ἐγκεκλεισμὲνῳ
3555 5760 3608 5819 ἐν
3667 5770 3751 5839 τῷ
3834 5844 3841 5851 ἢ
