4114 6306
284 402 397 466 189
1745 409 1894 471 DEC

2020 409 2193 471 BER.
3570 406 3691 470 190

275 534 480 608 λακκῳ,
511 536 611 590 Καὶ
643 533 811 592 πάλιν
843 531 1060 615 ἔγθπισε,
1100 538 1189 595 καὶ
1244 541 1546 615 ἀπεκόμισε
1601 546 1719 605 τοῖς
1779 553 1891 613 θερι

2038 566 2186 618 cata.
2213 564 2356 619 Cum
2389 580 2521 620 vero
2551 569 2608 620 et
2660 563 2777 619 alia
2828 562 3017 618 multa
3062 560 3460 634 praedixisset,
3522 560 3685 617 diem

278 631 423 686 σταῖς
449 623 636 702 ἕτερον
666 629 913 702 ἄριστον,
949 626 1140 701 μηδενῖ
1199 630 1366 686 εἰπὼν
1414 632 1476 686 τὸ
1505 631 1749 708 γεγονός.
1786 637 1931 707 Ηρο-
2042 650 2208 721 οδω,
2237 659 2296 708 ει
2326 654 2595 727 sepultus
2622 658 2731 709 est“

276 715 543 794 ᾳητεύσας
574 715 632 772 δὲ
661 718 751 772 καὶ
780 715 944 792 ἕτερα
973 717 1178 792 πολλὰ,
1203 719 1521 793 ἐτελεύτησε
1548 725 1636 778 καὶ
1667 723 1857 801 ἐτάφη.

860 828 946 899 Τῇ
974 827 1108 902 αὐτῇ
1141 825 1344 904 ﬁeiss-

489 931 765 1003 Ἀθλησις
793 937 892 988 106
924 933 1084 1009 ἁγίου
1145 934 1416 1011 μάρτυρος
1463 932 1713 995 Ἀϐίεου.

348 1039 472 1096 Έπὶ
503 1047 607 1108 τῆς
642 1038 925 1114 βασιλείας
973 1041 1256 1097 Λικιννίου
1320 1048 1416 1098 τοῠ
1477 1044 1765 1119 βασιλέως,
1829 1048 1928 1101 ὑπ-

275 1137 447 1203 ῆρχεν
483 1127 644 1191 οὗτος
678 1127 1046 1197 διὰκονος,καὶ
1079 1128 1405 1194 διδάσκαλος
1436 1142 1536 1203 τῆς
1564 1139 1661 1190 106
1694 1139 1929 1210 Χριστοῦ

276 1217 636 1289 Ἐκκλησίας,
678 1216 946 1274 διδάσκων
1004 1221 1208 1283 πάντας
1263 1220 1390 1284 τοὺς
1448 1221 1928 1299 προσερχομένους

276 1307 423 1378 αὐτῷ
455 1308 548 1362 τὸν
585 1307 750 1381 λόγον
780 1315 880 1377 τῆς
914 1306 1192 1378 ἀληθείας.
1249 1314 1418 1366 Τοῦτο
1479 1313 1665 1385 μαθὼν
1700 1315 1728 1368 ὁ
1763 1314 1928 1388 βασι-

273 1395 397 1458 λεὺς
453 1396 548 1450 καὶ
611 1396 906 1472 ὀργισθεὶς,
963 1397 1310 1470 ἀποστείλας,
1390 1399 1682 1475 ἐκράτησεν
1742 1402 1926 1471 αὐτὸν,

270 1485 359 1540 καὶ
402 1480 746 1542 ἐϐασάνισεν.
811 1486 946 1543 Εἶτα
1000 1488 1204 1561 ἀνάψας
1256 1489 1488 1563 κάμινον
1550 1491 1818 1568 μεγάλην,
1875 1491 1925 1547 ἐν

272 1574 406 1641 αὐτῆ
434 1571 715 1632 ἐνέϐαλεν.
744 1577 829 1632 Ἐν
925 1576 1015 1631 καὶ
1057 1576 1288 1650 ψάλλων
1347 1578 1438 1633 καὶ
1501 1580 1842 1657 εὐχαριστῶν
1899 1600 1927 1654 ὁ

270 1665 447 1737 ἅγιος,
479 1665 539 1718 τὸ
578 1662 742 1725 τέλος
773 1661 1010 1734 ἐδέξατο.
1036 1667 1131 1721 "Ov
1186 1668 1239 1721 οἱ
1269 1669 1583 1743 Χριστιανοὶ
1613 1670 1791 1746 κρύφα
1823 1670 1925 1727 λα-

267 1748 478 1821 ϐόντες,
506 1753 601 1807 καὶ
638 1754 775 1824 μετὰ
808 1752 994 1829 μύρων
1025 1755 1115 1810 καὶ
1165 1758 1526 1830 θυμιαμάτων
1585 1757 1926 1834 ἀλείψαντες,

265 1841 316 1899 ἂν
349 1841 606 1915 ψαλμοῖς
634 1843 726 1897 καὶ
756 1842 973 1915 ὕμνοις,
1004 1844 1095 1900 καὶ
1150 1842 1321 1919 ᾠδαῖς
1374 1852 1764 1922 πνεῦματικαῖς
1795 1872 1924 1906 κατ-

266 1932 492 2002 έθηκαν,
528 1932 668 2004 μετὰ
702 1937 810 1987 τῶν
840 1932 1010 2008 ἁγίων
1060 1933 1428 2011 ὁμολογητῶν
1461 1940 1661 2015 Γουρία
1699 1939 1790 1995 καὶ
1823 1947 1924 1997 Σα-

262 2026 441 2094 μωνῖι,
498 2025 614 2076 τῶν
672 2022 765 2077 τὸν
826 2027 1008 2096 θαῦμα
1063 2027 1412 2095 ποιησάντων
1438 2034 1540 2097 τῆς
1596 2030 1791 2105 κόρης,
1849 2030 1915 2100 ἢν

260 2111 521 2173 δΓότθος
552 2110 858 2182 ἀπατήσας,
908 2112 999 2167 καὶ
1045 2116 1333 2185 πλανήσας
1390 2114 1462 2171 δι’
1526 2119 1705 2193 ὅρκων
1766 2119 1914 2197 ἔχειν

257 2206 512 2274 γυναῖκα,
542 2200 817 2270 πεποίηκε
876 2199 1103 2274 δούλην,
1164 2206 1279 2260 εἶτα
1336 2208 1427 2261 καὶ
1484 2206 1536 2270 ἐς
1593 2210 1761 2284 τάφον
1816 2216 1917 2280 ζῶ-

259 2310 348 2344 σαν
381 2284 667 2345 ἐνέϐαλεψ
703 2287 831 2345 ἀλλ’
888 2291 1040 2345 οὗτοι
1090 2293 1143 2346 οἱ
1199 2294 1367 2369 ἅγιοι,
1427 2294 1615 2368 ἐπειδή
1674 2299 1915 2377 ἡντιφώ-

2679 834 2900 889 Eodem
2949 834 3043 889 die

2322 946 2370 1000 6
2400 945 2686 999 Certamen
2722 945 2898 998 sancti
2922 945 3182 1012 martyris
3208 942 3395 998 Abibi.

2109 1053 2331 1108 Licinio
2364 1052 2720 1122 imperatore
2744 1051 2854 1106 fuit
2877 1052 2986 1106 iste
3009 1051 3316 1117 diaconus,
3347 1051 3683 1123 Christique

2036 1141 2315 1197 Ecclesia)
2335 1140 2542 1197 doctor
2567 1158 2579 1194 :
2606 1141 2705 1212 qui
2729 1158 2863 1195 cum
2885 1157 3092 1195 omnes
3110 1140 3185 1194 ad
3231 1156 3293 1194 se
3333 1140 3684 1196 accedentes

2036 1231 2210 1286 verbo
2234 1231 2496 1286 veritatis
2521 1231 2864 1298 instrueret,
2890 1230 2963 1284 ad
2983 1229 3402 1300 imperatorem
3428 1228 3682 1299 delatus,

2037 1321 2086 1392 ej
2098 1337 2285 1391 usque
2299 1321 2473 1391 jussu
2492 1318 3093 1390 retentus,suppliciis
3113 1318 3681 1389 subjicitur.Deinde

2037 1411 2099 1466 in
2121 1427 2397 1483 magnam
2434 1411 2737 1466 fornacem
2772 1410 3079 1464 ardentem
3104 1409 3379 1480 injectus,
3418 1408 3500 1462 ibi
3522 1408 3681 1479 psal—

2034 1500 2187 1570 lens,
2222 1507 2280 1555 et
2299 1500 2518 1572 gratias
2568 1504 2687 1554 Deo
2738 1516 2937 1571 agens,
2982 1500 3163 1553 ﬁnem
3199 1498 3458 1569 accepit:
3504 1514 3681 1568 quem

2033 1589 2238 1645 furtim
2265 1589 2587 1644 Christiani
2620 1590 2942 1655 sublatum,
2974 1588 3415 1659 unguentisque
3447 1604 3515 1642 ac
3547 1587 3681 1657 thy-

2036 1679 2334 1735 miamatis
2367 1678 2719 1745 delibutum,
2779 1694 2913 1733 cum
2981 1677 3248 1748 psalmis,
3308 1677 3573 1747 hymnis,
3626 1680 3685 1730 et

2033 1768 2281 1824 canticis
2313 1768 2722 1839 spiritualibus
2755 1767 3121 1839 sepelierunt
3144 1783 3279 1821 cum
3300 1766 3519 1821 sanctis
3533 1782 3677 1821 con-

2033 1857 2359 1914 fessoribus
2391 1858 2568 1913 Guria
2589 1862 2648 1912 et
2676 1858 2953 1921 Samona,
2986 1873 3054 1911 eo
3095 1854 3383 1911 miraculo
3416 1854 3675 1928 insigni—

2031 1947 2163 2016 bus,
2196 1944 2357 2018 quod
2387 1946 2610 2018 puella,
2643 1945 2739 2002 cui
2788 1947 3034 2002 Gotthus
3082 1945 3324 2016 quidam
3355 1945 3560 2016 jurata
3614 1943 3677 1998 in

2029 2036 2252 2108 templo
2285 2036 2627 2091 eorumdem
2687 2041 3027 2091 sanctorum
3081 2034 3198 2090 fide
3247 2050 3384 2090 suas
3435 2035 3678 2105 nuptias

2028 2125 2448 2198 spoponderat,
2481 2143 2617 2182 mox
2648 2126 2956 2199 deceptam
2979 2132 3037 2182 et
3066 2127 3127 2181 in
3181 2126 3524 2181 servitutem
3577 2141 3679 2181 re-

2025 2214 2282 2282 dactam,
2314 2216 2502 2271 vivam
2528 2215 2774 2287 insuper
2803 2216 2866 2271 in
2896 2215 3236 2288 sepulcrum
3264 2215 3572 2287 injecerat,
3642 2229 3678 2270 θ.

2022 2309 2214 2359 morte
2234 2308 2562 2361 servarunt.

254 2400 417 2449 νησαν
454 2380 635 2448 αὐτὴν
664 2379 760 2452 (εἰς
788 2380 888 2455 γὰρ
916 2382 1007 2435 τὸν
1036 2383 1158 2437 ναὸν
1187 2383 1360 2439 αὐτῶν
1393 2385 1605 2459 ὤμοσεν
1632 2390 1660 2444 ὁ
1690 2391 1914 2462 Γὸτθος,
1942 2392 2035 2447 καὶ
2066 2391 2239 2454 οὕτως
2270 2386 2435 2449 ἔλαϐε
2457 2394 2556 2462 τήν
2616 2392 2834 2467 κόρην),
2895 2393 3275 2469 ἐλυτρώσαντο
3328 2393 3498 2461 αὐτὴν
3557 2396 3660 2447 106

258 2470 509 2532 θανάτου.

806 2562 983 2618 MﬂNl
1030 2564 1123 2641 Tn
1160 2569 1354 2644 ΔῙἼᾨ.

366 2764 640 2837 ’Δθλησις
664 2768 762 2819 106
802 2764 962 2841 ἁγίου
995 2684 1481 2846 μεγΙαλομᾶρτυρος
1513 2772 1798 2852 Θεοδώρου

702 2870 1000 2928 ἐπισκόπου
1032 2873 1458 2952 Ἀλεξανδρείας,

333 3005 481 3063 Οἱὲν
541 3004 916 3080 Ἀλεξανδρείᾳ
968 3016 1069 3079 τῆς
1128 3012 1405 3087 Αἰγύπτου
1456 3015 1753 3092 ἅνθρωποι,
1813 3022 1902 3077 καὶ

267 3094 498 3166 μάλιστα
528 3096 581 3150 οἱ
610 3095 908 3165 ’Έλληνες,
939 3097 1049 3167 καὶ,
1098 3101 1340 3173 ἄπιστοι,
1397 3106 1583 3178 πικροὶ
1640 3108 1728 3163 καὶ
1784 3108 1905 3165 δύσ-
1933 3107 1976 3175 C
2015 3150 2083 3189 ac

261 3181 413 3238 κο).οι
459 3187 550 3240 καὶ
610 3184 754 3258 ὠμοὶ
814 3186 1053 3261 ἐγένοντο
1110 3189 1186 3253 εἰς
1231 3193 1356 3255 τοὺς
1407 3196 1614 3271 ἁγίους,
1675 3201 1759 3254 καὶ
1818 3198 1906 3256 διὰ

258 3277 417 3329 τοῦτο
470 3274 560 3329 καὶ
619 3273 870 3340 πολλοὺς
929 3277 1207 3354 μάρτυρας
1259 3281 1668 3359 ἀπειργάσαντο.
1711 3289 1797 3360 Ἐξ
1829 3292 1902 3345 ὧν

262 3362 419 3438 ἁγίων
453 3362 746 3438 μαρτύρων
800 3364 1010 3441 ἐγένετο
1041 3368 1132 3423 καὶ
1190 3369 1347 3435 οὗτος
1405 3373 1432 3427 ὁ
1491 3376 1641 3449 ἅγιος
1696 3376 1901 3434 Θεόδωο

261 3469 369 3523 ρος.
404 3451 688 3515 Μαθόντες
755 3454 859 3529 γὰρ
920 3456 949 3509 δ
1004 3459 1111 3511 τῶν
1174 3458 1572 3537 Ἀλεξανδρέων
1628 3463 1782 3536 λαὸς,
1816 3467 1898 3523 ὅτι

258 3540 401 3601 οὗτος
433 3542 464 3595 ὁ
498 3543 652 3614 ἅγιος
683 3540 965 3619 Θεόδωρος
1023 3546 1291 3624 ὁμολογεῖ
1342 3550 1436 3605 τὸν
1495 3555 1749 3629 Χριστὸν,
1808 3559 1899 3612 καὶ

254 3627 485 3683 πιστεύει
518 3629 599 3691 εἰς
632 3630 817 3700 αὐτὸν,
846 3631 936 3687 καὶ
969 3631 1208 3691 διδάσκει
1263 3638 1391 3702 τοὺς
1445 3627 1720 3713 Ἕλληνας
1750 3639 1899 3721 ἔχειν

259 3717 413 3772 αὐτὸν
446 3719 605 3789 Θεὸν,
666 3723 799 3793 μετὰ
854 3723 1077 3798 πικρίας
1141 3724 1474 3803 συνέδραμον
1524 3732 1659 3807 πρὸς
1713 3717 1895 3791 αὐτ-όν*

255 3806 340 3860 καὶ
424 3809 719 3871 πιάσαντες
788 3809 969 3882 αὐτὸν,
1022 3818 1240 3888 πρῶτον
1332 3818 1426 3891 μὲν
1484 3806 1896 3896 ἐτιμωρήσαντο

260 3892 522 3987 ίσχυρῶς.
555 3897 781 3987 Ἔπειτα
832 3900 1120 3972 πλέξαντες
1179 3904 1433 3983 στέφανον
1522 3892 1579 3982 ἐξ
1629 3892 1894 3987 ἀκανθῶν,

256 3981 628 4062 ἐστεφάνωσαν
660 3986 845 4044 αὐτόν’
895 3990 985 4044 καὶ
1016 3989 1242 4048 ἔτυπτον
1276 3981 1351 4057 εἰς
1404 3997 1532 4061 τοὺς
1575 3999 1894 4078 ὀφθαλμοὺς

254 4075 432 4147 αὐτοῦ,
495 4079 591 4131 καί
650 4075 930 4154 διεγελᾶτο
984 4082 1077 4136 καὶ
1137 4082 1464 4156 ἐνεπαίζετο.
1522 4075 1653 4147 Εἶτα
1723 4075 1895 4159 δεθεὶς

254 4159 437 4256 ἐρρίφη
466 4163 519 4220 ἐν
643 4166 913 4244 θαλάσσῃ.
946 4172 1047 4226 Καὶ
1111 4172 1161 4245 ἐξ
1218 4174 1384 4244 αότῆς
1452 4178 1611 4252 ὑγιὴς
1640 4180 1892 4256 ἐξελθὼν⁷

250 4253 312 4323 τῇ
347 4255 644 4330 προστάξει
699 4260 799 4311 τοῦ
854 4259 1120 4333 ἁρχοντο,
1181 4262 1612 4342 ἁπεκεφαλίσθη.
1675 4274 1773 4328 Καὶ
1831 4253 1894 4328 τδ

254 4344 341 4414 μὲν
382 4347 534 4418 ἱερὸν
594 4348 682 4402 καὶ
745 4350 1008 4426 μακάριον
1064 4352 1232 4408 αὑτοῦ
1285 4361 1498 4430 πνεῦμα
1552 4361 1784 4432 ἀνῆλθεν
1816 4366 1894 4424 εἰς

246 4432 369 4541 τοὺς
395 4435 681 4547 οᾷρανούῖ-
704 4438 769 4492 τὸ
800 4435 869 4543 δε
884 4440 1069 4544 τίμιον
1104 4440 1363 4517 λείψανον
1393 4450 1652 4521 κατετέθη
1687 4452 1740 4508 ἐν
1772 4456 1909 4533 αὐτῇ
1939 4466 2009 4537 τῇ
2231 4468 2656 4547 Ἀλεξανδρείας,

247 4522 381 4595 αὐτῷ
408 4526 618 4599 ἱαματα
644 4523 752 4589 ¹έως
777 4533 873 4583 106
928 4533 1046 4589 νῦν.

841 4619 926 4691 Τῆ
946 4617 1081 4693 αὖτῇ
1103 4618 1287 4696 ἡμέρᾳ

312 4704 515 4775 κνήμη
577 4709 674 4759 τοῦ
721 4704 881 4780 ἁγίου
937 4708 1026 4762 καὶ
1069 4706 1305 4793 ,ἕνδόξου
1351 4718 1639 4793 προφήτου
1702 4726 1811 4776 Σο-

959 4781 1172 4854 φονίου.

313 4880 407 4936 Καὶ
439 4881 664 4945 οὗτοςὸ
716 4880 893 4956 ἅγιος,
948 4886 1040 4940 καὶ
1105 4883 1319 4960 ἔνδοξος
1356 4896 1646 4971 προφήτης
1707 4905 1882 4978 Σοφο-

248 4966 353 5031 νίας
386 4970 446 5025 ἐκ
496 4971 819 5045 τοῦγένους
876 4975 943 5042 ἦν
994 4979 1091 5029 106
1150 4979 1400 5050 Συμεὼν,
1455 4988 1552 5037 106
1609 4986 1733 5041 υἱοῦ
1788 4966 1884 5045 τοῦ

242 5061 584 5136 πατριάρχου
663 5059 886 5153 Ἰακὼϐ,
947 5062 1187 5145 ἀδελφοῦ
1245 5067 1304 5124 δὲ
1349 5076 1446 5126 τοῦ
1526 5075 1731 5153 Ἰωσὴφ
1788 5084 1884 5136 106

242 5148 541 5224 παγκάλου.
627 5155 807 5207 Ποιῶν
868 5150 927 5208 δὲ
979 5155 1043 5210 τὸ
1123 5156 1344 5232 θέλημα
1423 5167 1521 5217 106
1578 5148 1735 5239 6506,
1791 5171 1881 5225 καὶ

240 5240 600 5311 πορευόμενος
656 5239 708 5294 ἐν
764 5246 887 5303 ταῖς
944 5241 1195 5309 ἐντολαῖς
1253 5247 1443 5318 αὐτοῦ,
1476 5251 1690 5324 ἐδέξατο
1744 5278 1880 5333 προ-

240 5326 449 5398 φητείας
529 5333 804 5404 χάρισμα,
891 5330 983 5387 καί
1094 5339 1469 5411 προεφήτευσε
1524 5336 1525 5339 ¹
1578 5344 1702 5418 περὶ
1785 5355 1882 5417 τῆς

238 5411 501 5489 ἁλώσεως,
583 5418 676 5473 καὶ
764 5418 1099 5494 ἐρημώσεως
1180 5433 1280 5494 τῆς
1346 5411 1733 5506 Ἰερουσαλήμ,
1789 5439 1880 5492 καὶ

237 5506 342 5577 περὶ
393 5510 494 5561 τοῦ
550 5505 771 5579 τέλους,
854 5509 945 5565 καὶ
1002 5514 1125 5587 περὶ
1202 5521 1303 5584 τῆς
1359 5520 1707 5584 καταλύσεως
1768 5531 1879 5582 τῶν

234 5590 516 5651 Ἰουδαίων
580 5596 672 5652 καῖ
732 5596 819 5652 ὅτι
877 5597 1371 5677 ἐξολοθρευθέντων
1432 5612 1539 5663 τῶν
1588 5606 1876 5688 Ἑϐραίων,

232 5684 492 5756 γενήσεται
522 5685 850 5763 περιούσιος
912 5686 1047 5752 λαὸς
1101 5695 1200 5747 106
1266 5699 1402 5749 Θεοῦ
1431 5695 1482 5770 ἐξ
1539 5684 1727 5755 ἐθνῶν·
1786 5684 1877 5762 καῖ

1916 4640 1965 4705 D

2584 2576 2821 2631 EODEM
2855 2576 2999 2631 ΜΕΝ
3008 2576 3108 2630 SE.

2695 2710 2799 2765 Die
2827 2712 3000 2767 tertia

2032 2841 2070 2893 7
2099 2839 2379 2895 Certamen
2399 2844 2578 2897 sancti
2602 2847 2791 2920 magni
2820 2848 3083 2920 martyris
3110 2846 3403 2916 Theodori,
3426 2852 3669 2920 episcopi

2650 2915 3046 2972 Alexandrini.

2089 3045 2461 3101 Alexandria;
2492 3048 2719 3120 Egypti
2752 3048 3028 3120 populus,
3057 3056 3115 3106 et
3148 3053 3447 3127 praecipue
3479 3057 3663 3111 Graeci

2106 3135 2688 3202 inﬁdeles,adversus
2711 3146 2947 3194 sanctos
2970 3141 3105 3194 saevi
3122 3143 3460 3198 etcrudeles
3474 3144 3661 3204 fuere.

2015 3222 2205 3286 Quare
2237 3222 2527 3293 plurimos
2558 3225 2618 3279 in
2650 3242 2720 3280 ea
2775 3225 2920 3283 urbe
2960 3234 3251 3301 martyres
3282 3232 3611 3288 effecerunt
3643 3249 3657 3289 :

2017 3326 2088 3365 ex
2110 3328 2365 3381 quorum
2396 3330 2646 3370 numero
2678 3322 2919 3371 sanctus
2961 3317 3072 3372 iste
3103 3319 3466 3388 Theodorus,
3499 3323 3657 3394 quod

2007 3399 2309 3455 Christum
2342 3404 2744 3470 conﬁteretur,
2779 3410 2837 3459 et
2862 3407 2921 3459 in
2948 3407 3140 3478 ipsum
3163 3410 3449 3477 crederet,
3478 3414 3660 3483 quod-

2010 3505 2123 3559 que
2147 3491 2378 3546 Graacos
2412 3491 2954 3552 docereteumdem
2974 3513 3079 3567 pro
3098 3497 3215 3552 Deo
3242 3499 3653 3568 habere,fact0

2009 3577 2071 3632 in
2104 3580 2503 3651 eumimpetu,
2538 3583 3024 3653 comprehensus,
3060 3587 3471 3643 crudelissime
3496 3590 3655 3646 dila-

2009 3666 2210 3721 niatur
2242 3668 2493 3724 :deinde
2525 3676 2798 3726 contexta
2821 3672 3008 3743 spinis
3050 3691 3270 3729 corona
3316 3677 3492 3749 capiti
3525 3679 3655 3750 ejus

2008 3753 2309 3826 imposita,
2341 3756 2647 3829 oculisque
2688 3760 2943 3831 graviter
2972 3764 3257 3831 contusis,
3309 3769 3652 3824 soommatis

2006 3860 2115 3916 per
2135 3844 2341 3915 jocum
2373 3852 2431 3900 et
2466 3853 2872 3920 contemptum
2903 3850 3185 3907 irridetur
3216 3869 3229 3907 :
3263 3860 3386 3909 tum
3418 3856 3651 3912 vinctus

2007 3933 2067 3987 in
2097 3949 2261 3989 mare
2288 3936 2602 4007 projicitur
2634 3955 2646 3991 :
2680 3937 2785 3993 sed
2814 3940 2952 3995 inde
3008 3941 3324 3999 incolumis
3371 3945 3649 4017 evadens,

1997 4020 2174 4093 jussu
2196 4023 2457 4094 praefecti
2490 4024 2821 4082 decollatur
2852 4046 2866 4084 :
2898 4030 3071 4101 cujus
3127 4048 3294 4089 sacer
3322 4032 3651 4107 beatusque

2006 4109 2248 4181 spiritus
2278 4113 2456 4168 ccelos
2487 4116 2758 4171 ascendit
2794 4135 2807 4185 ;
2841 4122 2900 4173 at
2939 4120 3214 4190 pretiosas
3272 4122 3542 4195 reliquias
3587 4126 3648 4180 in

2005 4198 2209 4254 eadem
2242 4200 2387 4257 urbe
2412 4203 2783 4260 Alexandriae
2812 4207 3117 4278 depositae,
3141 4212 3560 4269 accedentibus
3576 4214 3650 4269 ad

2004 4287 2166 4359 ipsas
2205 4307 2394 4364 usque
2426 4293 2489 4348 in
2520 4301 2878 4366 praesentem
2908 4297 3064 4354 diem
3106 4303 3442 4358 curationes
3474 4305 3652 4359 emit-

2007 4381 2164 4434 tunt.

2714 4474 2954 4548 παρέχον
3010 4482 3125 4539 τοῖς
3176 4478 3646 4553 προσερχομένους

2640 4652 2861 4709 Eodem
2892 4655 2989 4710 die

1996 4733 2043 4788 8
2099 4734 2557 4794 Commemoratio
2608 4745 2784 4820 sancti
2837 4750 2891 4820 et
2937 4744 3166 4813 gloriosi
3213 4750 3501 4820 praphetae
3530 4752 3643 4807 So-

2690 4814 2935 4882 phonix.

2065 4914 2178 4967 Iste
2210 4920 2451 4971 sanctus
2482 4918 2842 4990 etgloriosus
2864 4923 3154 4995 propheta
3184 4926 3534 4999 Sophonias,
3569 4946 3637 4988 ex

1994 5001 2150 5055 tribu
2183 5002 2446 5071 Simeon,
2500 5007 2606 5060 filii
2661 5010 3012 5080 patriarchae
3064 5015 3263 5083 Jacob,
3318 5018 3638 5090 fratrisque

1991 5090 2376 5160 pulcherrimi
2407 5094 2646 5167 Joseph,
2676 5100 2878 5155 omnia
2900 5102 3001 5156 Dei
3033 5105 3314 5161 mandata
3355 5107 3632 5179 implens,

1992 5184 2051 5233 et
2072 5180 2130 5233 in
2154 5182 2465 5252 praeceptis
2498 5184 2625 5257 ejus
2684 5188 3020 5259 ambulans,
3051 5195 3377 5265 prophetiaa
3408 5196 3635 5254 donum

1990 5268 2235 5340 accepit.
2270 5270 2645 5342 PrOphetavit
2676 5282 2871 5331 autem
2896 5277 2967 5331 de
2998 5282 3389 5348 eversione,et
3410 5284 3636 5342 desola-

1992 5357 2151 5411 tione
2163 5359 2712 5434 Jerusalem,deque
2735 5369 3585 5429 exterminationeJuJaeorum
3614 5393 3628 5442 ;

1990 5445 2555 5517 quodque,llebrzeis
2568 5452 2811 5507 omnino
2825 5455 2906 5525 rej
2919 5458 3406 5528 ectis.peculiaris
3421 5460 3519 5515 Dei
3536 5478 3633 5531 po-

1990 5534 2164 5605 pulus
2187 5552 2256 5591 ex
2284 5538 2557 5608 gentibus
2581 5540 2886 5612 eligendus
2919 5552 3093 5611 esset,
3116 5565 3247 5602 cum
3273 5565 3503 5603 summo
3522 5550 3629 5603 im-

1987 5625 2222 5695 piorum
2237 5625 2525 5683 dedecore
2538 5630 3623 5707 etprobro,summaquejustorumglo-

1986 5713 2077 5769 ria
2089 5718 2146 5769 et
2158 5714 2403 5783 honore;
2420 5718 2577 5787 quod
2599 5718 2838 5774 demum
2853 5722 3120 5778 Christus
3134 5725 3416 5779 Dominus
3430 5724 3622 5777 omnis
