4112 6308
374 358 482 419 191

1690 354 2120 418 MENOLOGII
2164 354 2363 414 PARS
2407 352 2455 413 1.

3659 357 3776 417 192

374 494 616 566 spiritus
639 492 825 566 judex
846 510 1066 565 rexque
1088 494 1672 564 futurus,unicuique
1686 492 2016 548 secundum

2140 485 2275 542 ἔσται
2316 487 2552 563 αἰσχύνη
2619 488 2714 561 μὲν
2768 492 2876 543 τῶν
2936 481 3167 560 ἀσεϐῶν,
3229 485 3355 558 δόξα
3415 486 3473 544 ὃὶ
3522 492 3629 544 τῶν
3691 486 3776 543 δι·
3832 538 3841 545 .

375 600 557 655 opera
587 584 715 654 ejus
745 582 1149 638 retributurus
1181 584 1275 638 sit.
1306 585 1439 638 Haec
1498 584 1696 654 itaque
1729 598 1864 637 cum
1915 581 2013 635 So—

376 672 629 743 phonias
660 672 1051 743 prmdixisset,
1086 679 1354 727 mortuus
1386 677 1494 736 est,
1530 671 1774 742 ejusque
1807 686 2022 741 corpus

382 760 543 815 domi
577 778 697 815 suae
729 760 1061 831 depositum
1095 767 1391 833 exspectat
1414 767 1737 815 extremam
1756 775 2020 813 resurre-

389 849 665 904 ctionem.
698 851 1225 922 JoanniTheologo
1280 850 1474 922 efﬁgie
1529 866 1597 904 ac
1644 848 2023 903 lineamentis

382 940 651 1010 corporis
676 943 802 995 erat
842 940 1205 1005 simillimus,
1242 940 1354 994 nisi
1413 939 1569 1010 quod
1629 939 1725 994 hic
1757 942 2020 992 mentum

381 1029 557 1099 paulo
590 1028 904 1084 rotundius
933 1028 1204 1085 habebat.

1032 1208 1251 1263 Eodem
1284 1209 1378 1263 die

676 1300 724 1352 9
759 1298 1205 1353 Commemoratio
1235 1298 1417 1354 sancti
1456 1300 1737 1354 Tlteoduli.

458 1415 707 1470 Sanctus
740 1417 1077 1471 Theodulus
1108 1433 1176 1471 ex
1223 1415 1410 1488 Cypro
1462 1418 1677 1482 insula,
1710 1435 1739 1472 ιι
1775 1417 2030 1487 pueritia

382 1504 633 1559 remisso
666 1505 844 1559 rebus
875 1505 1052 1577 hujus
1083 1505 1283 1560 seaculi
1316 1506 1551 1573 nuntio,
1601 1505 1900 1560 Christum
1959 1522 2029 1560 ex

380 1598 505 1649 tota
534 1595 735 1649 anima
765 1594 1133 1666 complexus,
1161 1595 1490 1649 monachus
1524 1594 1811 1650 efficitur:
1833 1600 2031 1650 tanto-

384 1700 499 1752 que
530 1684 897 1754 paupertatis
927 1684 1167 1750 Christi,
1198 1684 1678 1754 humilitatisque
1718 1684 1912 1739 studio
1942 1690 2025 1737 te-

384 1772 866 1837 nebatur,utloco
891 1772 1088 1827 mollis
1102 1773 1346 1843 straguli
1358 1774 1532 1838 ,saxis
1546 1773 2031 1842 uteretur,iisque

386 1833 701 1931 impositus
733 1878 1009 1916 somnum
1031 1833 1287 1932 caperet.
1314 1833 1405 1915 Sic
1428 1861 1607 1934 igitur
1632 1833 1828 1916 multa.
1848 1833 2030 1916 conti-
2059 1865 2105 1928 B
2281 1833 2313 1889 λ

387 1950 612 2017 nentia,
664 1950 951 2021 humique
1000 1950 1206 2005 cubitu
1237 1969 1451 2023 corpus
1481 1968 1816 2017 macerans,
1842 1951 2033 2007 multa

381 2040 500 2096 alia
530 2039 865 2111 spiritualia
921 2039 1078 2095 dona
1126 2041 1385 2111 accepit;
1439 2046 1564 2095 tum
1608 2040 1757 2096 illud
1787 2041 2027 2113 potissi-

384 2146 569 2198 mum,
601 2134 668 2183 ut
695 2130 963 2184 omnium
1001 2131 1309 2185 hominum
1341 2131 1727 2202 cogitationes
1756 2130 2034 2201 introspi-

382 2220 758 2285 ceret.Quare
792 2220 840 2274 si
873 2220 1007 2289 quis
1038 2220 1127 2273 illi
1160 2220 1333 2274 aliter
1363 2226 1541 2290 atque
1572 2220 1822 2274 sentiret
1842 2218 2033 2290 prolo‘

381 2307 1042 2379 queretur,objurgabat
1056 2314 1279 2375 eum,et
1300 2309 1593 2379 quidquid
1611 2309 1660 2362 is
1674 2309 1875 2364 animo
1890 2325 2029 2364 con-

381 2396 1174 2467 cepisset,exponebat.Quin
1187 2398 1365 2452 etiam
1388 2398 1700 2453 stultitiam
1716 2398 2027 2468 simulans,

381 2485 854 2556 uniuscujusque
885 2502 1065 2556 opera
1086 2486 1579 2557 reprehendebat,
1612 2487 1685 2542 ad
1737 2488 2028 2557 pceniten-

387 2575 528 2629 tiam
560 2579 900 2645 peccatores
927 2580 1296 2630 convertens.
1343 2576 1606 2646 Cumque
1640 2576 1722 2631 ita
1768 2577 2027 2643 vixisset,

386 2662 726 2733 multosque
755 2662 1022 2717 moribus
1066 2668 1244 2734 atque
1298 2664 1569 2719 doctrina
1624 2670 1932 2733 servasset,
1966 2665 2028 2721 in

388 2767 532 2822 pace
552 2750 1081 2822 decessit,ejusque
1108 2752 1377 2823 reliquiw
1409 2753 1470 2807 in
1503 2752 1692 2825 Cypro
1723 2753 2025 2825 depositae,

382 2840 721 2896 curationes
753 2840 1085 2896 effundunt.

941 3026 1182 3081 EODEM
1213 3027 1354 3080 MEN
1364 3027 1462 3082 SE.

1032 3116 1133 3169 Die
1194 3121 1405 3186 quarta

562 3223 664 3277 10
688 3217 971 3277 Certamen
1000 3229 1203 3278 sancte
1233 3223 1514 3293 Barbam,
1561 3228 1844 3295 martyris.

458 3348 672 3403 Sancta
686 3347 1295 3421 Barbara,martyr,ex
1309 3350 1546 3407 Oriente
1558 3351 1691 3421 fuit,
1712 3351 1836 3406 ﬁlia
1858 3351 2024 3405 Dios-

382 3438 503 3495 cori
519 3438 828 3509 cujusdam
841 3438 1473 3511 gentilis,temporibus
1487 3441 1652 3513 impii
1667 3441 2028 3513 imperatoris

382 3528 740 3585 Maximiani.
775 3530 1006 3583 Veritus
1034 3533 1233 3584 autem
1261 3529 1389 3601 ejus
1437 3536 1623 3602 pater,
1658 3547 1733 3585 ne
1782 3530 1907 3585 {ilia
1953 3530 2026 3585 ob

383 3616 662 3672 eximiam
692 3615 942 3670 formam
972 3622 1300 3687 raperetur,
1335 3617 1397 3672 in
1427 3617 1878 3674 altissimaturri
1902 3634 1937 3673 a
1966 3633 2028 3671 se

385 3705 638 3759 excitata
655 3702 820 3757 illam
834 3703 1382 3776 inclusit,deditque
1396 3705 1447 3759 ei
1460 3705 1773 3777 idola,qua3
1786 3704 2027 3761 coleret.

389 3792 605 3845 Verum
630 3790 734 3845 illa
771 3791 1042 3847 contritis
1071 3791 1268 3860 idolis,
1293 3793 1505 3848 Christi
1540 3810 1740 3849 amore
1763 3793 2028 3859 incensa,

385 3881 557 3934 illum
573 3879 1046 3935 adorabat.Unde
1065 3881 1241 3936 etiam
1256 3898 1389 3935 cum
1411 3882 1689 3937 balneum
1711 3883 2029 3955 patermdi-

388 3970 576 4035 ﬁcari,
609 3985 910 4039 unamque
942 3969 1004 4023 in
1054 3986 1121 4024 co
1153 3970 1474 4025 fenestram
1510 3973 1635 4027 ﬁeri
1657 3973 1842 4027 fabris
1863 3988 2028 4027 man-

388 4057 608 4122 dasset,
642 4057 771 4127 ipsa
801 4062 936 4127 post
955 4058 1140 4127 patris
1171 4059 1525 4125 discessum,
1560 4079 1589 4116 e
1619 4062 1767 4116 turri
1799 4062 2030 4133 prospi-

388 4146 696 4210 ciens,tres
722 4146 939 4216 aperiri
958 4146 1274 4219 fenestrasj
1288 4149 1438 4202 ussit
1465 4150 1525 4203 in
1556 4151 1796 4205 nomine
1818 4151 2030 4219 Patris,

391 4239 451 4289 et
479 4233 690 4302 Filii,et
724 4234 975 4305 Spiritus
1008 4236 1218 4290 sancti.
1248 4237 1491 4310 Cognita
1549 4239 1726 4310 igitur
1777 4257 1812 4295 a
1844 4244 2031 4310 patre,

390 4323 549 4394 quod
581 4324 916 4379 Christiana
934 4327 1392 4396 esset,praafecto
1414 4328 1746 4399 torquenda
1760 4328 2030 4384 traditur.

389 4413 611 4468 Deinde
639 4419 876 4486 arrepta
904 4414 1053 4487 fugaa
1070 4416 1469 4487 occasionc,in
1494 4422 1755 4474 montem
1777 4435 1837 4473 se
1852 4419 2035 4489 prori-

388 4504 937 4576 puitzquampater
967 4505 1092 4576 ipse
1138 4512 1416 4562 contento
1476 4524 1653 4562 cursu
1703 4513 2029 4572 assecutus,

2127 574 2318 631 καίων·
2402 576 2491 632 καὶ
2550 578 2830 651 γενήσεται
2878 577 3071 651 κριτὴς
3141 577 3229 631 καὶ
3291 576 3545 652 βασιλεὺς
3603 577 3779 648 πάσης

2126 673 2301 735 πνοῆς
2361 666 2591 739 Χριστὸς
2641 668 2667 720 ὁ
2724 667 2944 738 Κύριος,
3001 664 3090 719 καὶ
3149 664 3521 720 ἀνταποδώσει
3572 666 3780 739 ἑκάστῳ

2125 756 2261 810 κατὰ
2309 756 2375 809 τὰ
2433 753 2563 829 ἔργα
2608 754 2793 812 αὐτοῦ.
2848 755 3021 816 Οὗτος
3087 756 3220 828 μετᾶ
3274 757 3336 809 τὸ
3394 757 3567 810 πάντα
3612 760 3783 811 ταῦτα

2126 849 2522 921 προφητεῦσαι,
2573 844 2881 908 ἀποθανὼν,
2941 841 3108 918 ἐτάφη
3170 844 3220 897 ἐν
3275 848 3352 914 τῷ
3400 846 3531 916 οἴκῳ
3588 846 3776 900 αὐτοῦ·

2127 933 2216 989 καὶ
2274 933 2583 989 κατάκειται
2634 934 2696 988 τὸ
2758 937 2917 1005 σῶμα
3001 934 3191 1002 αὐτοῦ,
3258 930 3622 1006 ἐκδεχόμενον
3677 936 3780 1001 τὴν

2127 1022 2443 1079 τελευταίαν
2503 1023 2810 1078 ἀνάστασιν.
2861 1024 2961 1076 Ἦν
3045 1019 3102 1076 δὲ
3156 1022 3355 1095 ὅμοιος
3414 1022 3639 1097 Ἰωάννῃ
3702 1028 3783 1095 τῷ

2130 1110 2411 1186 Θεολόγῳ·
2449 1113 2641 1188 μικρὸν
2667 1112 2730 1167 τὸ
2759 1112 2962 1186 γὲνειον
2996 1111 3478 1188 προγγυλώτερον
3531 1108 3703 1187 ἔχων.

2727 1203 2808 1273 Tii
2838 1199 2973 1273 αὐτῇ
3005 1201 3188 1273 ἡμέρᾳ

2521 1291 2635 1358 Μνή
2649 1310 2723 1361 μη
2749 1292 2847 1342 τοῦ
2880 1286 3034 1342 ὁσίου
3063 1285 3395 1345 Θεοδούλου.

2202 1390 2263 1445 Ὀ
2291 1388 2438 1449 ὅσιος
2470 1385 2776 1450 Θεόδουλος
2804 1389 3025 1461 γέγονεν
3057 1387 3163 1441 ἀπὸ
3194 1387 3417 1458 Κύπρου
3447 1394 3546 1457 τῆς
3586 1390 3781 1462 νήσου,

2130 1475 2406 1533 παιδιόθεν
2441 1473 2498 1530 δὶ
2525 1476 2615 1531 τὸν
2641 1476 2846 1547 κόσμον
2875 1474 3214 1545 καταλιπὼν,
3244 1475 3333 1530 καὶ
3391 1477 3480 1530 τὸν
3543 1479 3780 1551 Χριστὸν

2131 1568 2417 1642 ἀγαπήσας
2448 1566 2553 1620 ἀπὸ
2607 1568 2815 1640 ψυχῆς,
2850 1563 3055 1639 ἐγένετο
3115 1564 3493 1639 μοναχός.Καὶ
3522 1564 3785 1621 τοσοῦτον

2130 1661 2226 1711 τοῦ
2258 1658 2493 1729 Χριστοῦ
2523 1656 2622 1723 τὴν
2652 1655 2927 1729 πτωχείαν
2959 1655 3330 1728 ἠγάπησε,καὶ
3370 1657 3468 1724 τήν
3517 1656 3781 1711 ταπείνω-

2135 1745 2335 1812 σιν,καὶ
2357 1745 2457 1811 τὴν
2491 1744 2901 1815 ἀκτημοσύνην,
2936 1742 3073 1798 ὥστε
3102 1743 3217 1797 ἀντὶ
3277 1742 3609 1817 στρωμάτων
3638 1744 3781 1800 ἀπα-

2323 1834 2462 1896 ίθους
2498 1832 2771 1909 ἔχειν,καὶ
2804 1832 2857 1888 ἐν
2885 1833 3074 1896 αὐτοῖς
3125 1833 3572 1899 ὲπαναπαύεσθαισ
3632 1835 3781 1891 οὕτω

2140 1920 2198 1978 δὲ
2225 1920 2613 1977 καταδαπανῶν
2644 1923 2704 1977 τὸ
2735 1928 2896 1995 σῶμα
2924 1922 3087 1977 αὐτοῦ
3118 1922 3224 1977 ἀπὸ
3260 1930 3360 1992 τῆς
3418 1923 3636 1994 πολλῆς
3692 1925 3783 1999 ἐγω

2136 2013 2384 2089 κρατείας
2441 2015 2532 2069 καὶ
2576 2020 2676 2081 τῆς
2716 2013 3017 2085 χαμευνίας
3067 2010 3284 2083 ἐδέξατο
3346 2014 3435 2069 καὶ
3469 2015 3785 2089 χαρίσματα

2136 2104 2494 2175 πνευματικά.
2548 2102 2648 2160 Καὶ
2705 2107 2921 2177 πρῶτον
2982 2104 3230 2178 χάρισμα
3281 2103 3344 2158 τὸ
3391 2106 3785 2177 προγινώσκειν

2136 2194 2350 2249 πάντων
2408 2196 2515 2246 τῶν
2570 2193 2871 2265 ἀνθρώπων
2931 2191 3061 2254 τοὺς
3122 2190 3458 2267 λογισμούς.
3494 2193 3614 2249 Ἐάν
3673 2196 3781 2270 γάρ

2134 2304 2217 2345 τις
2249 2280 2557 2357 προσῆλθεν
2588 2281 2756 2352 αὐτῷ,
2790 2280 2935 2345 ἄλλα
2964 2281 3082 2336 ἀντὶ
3111 2281 3295 2337 ἄλλων
3357 2281 3555 2357 λέγων,
3609 2281 3785 2361 ἤλεγ-

2136 2393 2234 2447 χεν
2264 2370 2479 2441 αὐτοὺς,
2510 2370 2600 2426 καὶ
2656 2371 2718 2425 τὸ
2766 2370 3077 2447 ἀπόκρυφον
3137 2376 3233 2426 τοῦ
3292 2370 3567 2447 λογισμοῦ
3615 2373 3784 2428 αὐτοῦ

2136 2461 2314 2536 ἔλεγεν
2400 2460 2567 2533 αὐτῷ·
2659 2463 3145 2535 σχηματισάμενος
3202 2460 3259 2516 δὲ
3324 2463 3495 2534 ἑαυτῷ
3554 2463 3786 2539 μωρίαν,

2135 2550 2375 2626 ἤλεγχεν
2426 2550 2652 2604 ἑκάστου
2708 2550 2804 2611 τας
2862 2550 3099 2622 πράξεις,
3160 2550 3248 2604 καὶ
3298 2549 3589 2627 ἐπέστρεφε
3647 2557 3788 2625 πρὸς

2139 2642 2446 2713 μετάνοιαν.
2480 2637 2638 2695 Οὕτω
2674 2638 2897 2713 βιώσας,
2930 2639 3019 2693 καὶ
3056 2636 3309 2701 πολλοὺς
3340 2641 3518 2705 σώσας
3548 2638 3637 2695 διὰ
3681 2646 3783 2696 τοῦ

2131 2730 2362 2799 τρόπου,
2391 2728 2480 2783 καὶ
2534 2735 2635 2797 τῆς
2692 2725 3042 2790 διδασκαλίας
3103 2727 3287 2799 αὐτοῦ,
3346 2729 3398 2784 ἐν
3428 2730 3620 2804 εἲρήνῃ
3676 2729 3783 2785 ἀπο

2134 2816 2304 2882 ἑθανε.
2336 2817 2433 2872 Καὶ
2463 2815 2617 2887 ἐτέθη
2678 2818 2741 2871 τὸ
2800 2815 3056 2891 λείψανον
3117 2817 3282 2873 αὐτοῦ
3340 2818 3390 2874 ἐν
3440 2823 3509 2893 τῇ
3546 2818 3785 2895 Κύπρῳ,

2136 2906 2299 2983 βρύον
2334 2906 2556 2980 ἰάματα.

2684 3025 2868 3082 MHNI
2910 3027 3001 3102 Τῼ
3039 3027 3237 3103 Αγτᾳ.

2340 3211 2609 3282 ’Ἀθλησις
2636 3215 2733 3281 τῆς
2762 3213 2921 3287 ἁγίας
2933 3131 3230 3288 ῒιᾶρτυρος
3262 3209 3560 3289 Βαρϐάρας.

2205 3343 2267 3400 Ἣ
2301 3341 2422 3419 ἁγία
2450 3343 2654 3417 μάρτυς
2694 3336 2945 3418 Βαρϐάρα
3000 3337 3210 3417 ἐγὲνετο
3272 3343 3378 3398 ἀπὸ
3431 3350 3529 3414 τῆς
3561 3346 3792 3403 Ἀνατο-

2135 3430 2265 3501 λῆς,
2298 3431 2534 3506 θυγάτηρ
2566 3429 2862 3506 Διοσκόρου
2917 3430 3065 3494 τινὸς
3114 3430 3415 3506 Ἕλληνος,
3460 3432 3547 3488 ἐπὶ
3605 3435 3789 3506 Magi-

2139 3524 2333 3593 μιανοῦ
2362 3524 2459 3574 τοῦ
2488 3518 2808 3594 παρανόμου
2842 3518 3135 3595 βασιλέως.
3166 3522 3226 3578 Ὁ
3258 3517 3315 3576 δὲ
3365 3524 3543 3595 πατὴρ
3583 3523 3783 3595 αὐτῆς,

2138 3607 2227 3664 διὰ
2256 3609 2318 3664 τὸ
2349 3609 2482 3663 εἷνάι
2514 3608 2680 3677 αὐτὴν
2714 3605 3013 3686 εὔμορφον,
3074 3608 3161 3664 ἵνα
3212 3612 3289 3684 μὴ
3322 3610 3534 3686 ἁρπάσῃ
3566 3633 3649 3673 τις
3679 3612 3790 3668 αύ-

2133 3705 2257 3771 τὴν,
2288 3697 2517 3769 ἐποίησε
2540 3698 2747 3773 πύργον
2808 3698 3042 3772 ὑψηλὸν,
3097 3700 3185 3755 καὶ
3244 3694 3556 3757 ἀπέκλεισεν
3612 3702 3790 3773 αὐτὴν

2138 3789 2190 3845 ἐν
2243 3788 2408 3861 αὐτῷ’
2470 3788 2559 3843 καὶ
2617 3783 2814 3843 ἔδωκεν
2876 3788 3014 3863 αὐτῇ
3069 3790 3160 3844 καὶ
3219 3786 3443 3859 εἴδωλα,
3472 3792 3564 3846 ἳνα
3611 3812 3793 3866 προσ-

2136 3883 2293 3954 κυνῇ.
2328 3878 2539 3949 Ἐκείνη
2601 3875 2680 3948 δί,
2735 3877 2802 3933 τὰ
2858 3875 3062 3935 ε’ίδωλα
3113 3880 3465 3953 συντρίψασα,
3522 3882 3612 3935 τὸν
3645 3885 3795 3957 Χρι-

2140 3971 2262 4025 στὸν
2288 3968 2491 4039 ἐπόθει,
2524 3968 2615 4024 καὶ
2647 3963 2882 4025 ἐσέϐετο.
2917 3971 3003 4041 Ἐξ
3036 3970 3098 4024 οὗ
3156 3970 3246 4024 καὶ
3306 3968 3534 4045 λουτρὸν
3562 3973 3791 4041 κτίζον-

2136 4080 2229 4121 τος
2253 4063 2351 4114 τοῦ
2380 4059 2584 4134 πατρὸς
2617 4058 2809 4128 αὐτῆς,
2839 4057 2929 4112 καὶ
2968 4056 3360 4132 ’διαταξαμένου
3418 4066 3535 4123 τοῖς
3591 4061 3794 4137 τεχνί-

2136 4168 2254 4209 ταις
2318 4146 2442 4220 μίαν
2502 4143 2693 4220 θυρίδα
2749 4153 2998 4216 ποιῆσαι,
3073 4148 3537 4222 ὑποχωρήσαντος
3596 4149 3792 4221 αὐτοῦ,

2139 4235 2313 4306 ἐκείνη
2347 4235 2454 4291 ἀπὸ
2500 4240 2597 4290 τοῦ
2653 4235 2865 4311 πύργου
2922 4235 3303 4309 παρακύψασα,
3362 4244 3508 4313 τρεῖς
3564 4238 3793 4313 θυρίδας

2141 4325 2417 4396 διετάξατο
2473 4325 2742 4401 γενέσθαι,
2797 4323 2874 4386 εἷς
2928 4325 2989 4379 τὸ
3042 4321 3220 4398 ὄνομα
3248 4330 3346 4381 τοῦ
3406 4329 3636 4403 Πατρὸς,
3695 4331 3792 4388 καὶ

2138 4419 2234 4471 τοῦ
2265 4415 2417 4483 Υἱοῦ,
2478 4416 2564 4468 καὶ
2625 4418 2722 4467 τοῦ
2781 4414 2935 4489 ἁγίου
2990 4414 3326 4487 Πνεύματος.
3386 4420 3796 4493 Διαγνωσθεῖσα

2143 4505 2237 4560 οὗν
2267 4503 2413 4579 παρά
2452 4507 2549 4558 τοῦ
2605 4503 2808 4578 πατρὸς
2869 4502 2945 4565 ὠς
3003 4506 3321 4578 Χριπιανὴ,
3379 4504 3648 4579 παρεδόθη
3711 4515 3795 4582 τῷ

387 4594 642 4663 propriis
666 4593 940 4647 manibus
972 4593 1322 4662 decollavit;
1353 4595 1457 4651 sed
1483 4613 1618 4651 cum
1642 4613 1671 4651 e
1708 4601 1908 4651 monte
1941 4596 2029 4651 de«

2143 4593 2396 4669 ἄρχοντι,
2426 4592 2518 4647 καὶ
2549 4590 2894 4666 ἐτιμωρήθη.
2956 4593 3084 4649 Εἶτα
3142 4598 3401 4670 φυγοῦσα,
3453 4597 3683 4666 ἀνῆλθεν
3714 4599 3797 4665 εἷς

386 4683 716 4749 scenderet,
749 4682 988 4755 delapso
1024 4702 1053 4739 e
1086 4685 1231 4740 cwlo
1260 4686 1393 4758 igne
1427 4686 1829 4759 conﬂagravit.

2136 4682 2199 4738 τὸ
2228 4678 2377 4758 ὅρος.
2413 4681 2510 4736 Καὶ
2536 4678 2898 4756 καταδραμὼν
2932 4680 3099 4750 αὐτὴν
3133 4682 3161 4735 ὁ
3218 4684 3398 4758 πατὴρ
3451 4686 3645 4757 αὐτῆς,
3701 4689 3796 4743 καὶ

384 4770 574 4844 εὑρὼν,
610 4770 836 4830 οἴκείαις
869 4772 1055 4845 χερσὶν
1101 4772 1485 4851 ἁπεκεφάλισε.
1540 4772 1947 4851 Κατερχόμενος
2007 4769 2066 4828 δὲ
2151 4770 2212 4827 ἐκ
2261 4775 2359 4826 τοῦ
2416 4768 2600 4845 ὅρους,
2648 4771 2881 4840 κατεκάη
2946 4770 3049 4824 ὑπὸ
3106 4772 3275 4845 πυρὸς
3331 4770 3391 4827 ἐκ
3428 4777 3523 4828 τοῦ
3553 4775 3798 4847 ούρανοῦ

384 4857 761 4923 κατελθόντος.

957 4981 1197 5036 EODEM
1232 4982 1461 5036 MENSE

1067 5087 1170 5142 Die
1190 5089 1400 5159 quinta

501 5197 540 5248 1
558 5196 595 5248 I
639 5192 1089 5250 Commemoratio
1118 5199 1296 5251 sancti
1324 5199 1505 5253 Patris
1534 5202 1707 5255 nostri
1742 5201 1924 5257 Sabaa.

456 5301 784 5358 Theodosio
811 5302 1051 5356 Juniore
1082 5303 1411 5375 imperante
1443 5306 1659 5363 claruit
1679 5308 1775 5363 hic
1799 5313 2038 5363 sanctus

384 5391 553 5448 Saba.
565 5408 633 5446 ex
648 5391 885 5463 regione
898 5393 1331 5464 Cappadocia-13,1
1338 5412 1528 5452 oanne
1542 5401 1599 5451 et
1615 5395 1831 5468 Sophia
1842 5402 2038 5453 natus.

390 5484 437 5537 A
459 5482 651 5553 prima
672 5487 869 5535 autem
903 5488 1073 5538 aetate
1102 5486 1545 5555 parentibus,et
1572 5486 1795 5541 mundo
1828 5487 2041 5542 valedi-

392 5589 556 5636 cens,
588 5571 754 5639 abiit,
787 5577 845 5626 et
866 5574 1192 5629 monachus
1226 5575 1414 5631 factus
1445 5582 1553 5630 est.
1606 5577 1717 5632 Sed
1747 5576 2043 5648 majorum

392 5661 809 5733 certaminum,
842 5663 1206 5737 majorisque
1234 5665 1466 5721 virtutis
1496 5665 1692 5723 studio
1739 5666 2044 5739 incensus,

2707 4976 2889 5031 MIINI
2919 4977 3009 5052 To
3039 4979 3238 5055 ΔΥΤῼ.

2393 5212 2603 5283 Μνήμη
2634 5214 2732 5265 τοῦ
2764 5210 2920 5266 οσίου
2943 5211 3154 5287 Πατρὸς
3184 5213 3345 5285 ἡμῶν
3373 5209 3543 5274 Σάϐα.

2224 5309 2347 5366 Ἐπὶ
2401 5313 2501 5375 τῆς
2561 5307 2839 5385 βασιλείας
2898 5307 3189 5365 Θεοδοσίου
3248 5317 3344 5367 τοῦ
3415 5319 3627 5389 Μικροῦ
3681 5314 3798 5390 ἐγέ.

2149 5418 2268 5454 νετο
2336 5399 2493 5462 οὗτος
2550 5400 2577 5454 ὁ
2630 5399 2783 5474 ἅγιος
2838 5392 3038 5467 Σάϐας,
3097 5399 3203 5454 ἀπὸ
3250 5407 3350 5470 τῆς
3402 5402 3591 5477 Χώρας
3647 5411 3801 5459 Καπ-

2151 5486 2435 5555 παδοκίας,
2469 5489 2585 5550 υἱὸς
2626 5490 2877 5545 Ἰωάννου
2905 5487 2996 5543 καὶ
3061 5490 3283 5568 Σοφίας’
3349 5493 3542 5565 μικρὸς
3601 5491 3660 5548 δὲ
3718 5492 3797 5551 ὢν

2153 5571 2230 5631 ἔτι
2260 5577 2359 5646 τὴν
2392 5574 2636 5648 ἡλικίαν,
2660 5574 2975 5633 καταλιπὼν
3006 5577 3097 5632 καὶ
3134 5577 3263 5641 τοὺς
3322 5585 3503 5654 γονεῖς
3556 5582 3642 5636 καὶ
3704 5582 3799 5638 τὸν

2155 5667 2385 5743 κόσμον,
2444 5666 2719 5742 ἀπελθὼν,

2804 5664 3013 5745 ἐγένετο
3073 5668 3337 5745 μοναχός.
3388 5671 3703 5747 Ἐπιθυμῶν
3737 5670 3799 5730 δὲ
3856 5702 3879 5749 ,τ
