4114 6306
315 352 429 416 193

1798 348 2246 413 DECEMBER.

3605 356 3717 421 194

308 488 589 545 πλειώνων
622 486 877 561 ἀγώνων,
916 484 1006 541 καὶ
1041 484 1289 560 μείζονος
1346 482 1564 559 ἀρετῆς,
1623 480 1835 551 ἀπῆλθε
1859 481 1952 535 καὶ

2077 484 2142 539 ad
2176 502 2455 558 magnum
2481 488 2861 559 Euthymium
2894 506 2955 544 se
2986 489 3257 556 contulit,
3294 505 3462 561 aquo
3494 492 3556 546 in
3591 508 3716 547 mo-

308 579 383 640 εἷς
411 578 503 632 τὸν
531 578 701 652 μεγαν
743 576 1047 648 Εὗθόμιον;
1106 574 1211 631 Καὶ
1238 575 1365 650 παρ’
1425 571 1631 628 ἐκείνου
1686 570 1957 643 πὲμπεται

311 669 385 733 εἷς
411 669 475 723 τὸ
505 666 653 723 κάτω
680 668 1069 741 μοναστήριον,
1101 666 1238 741 πρὸς
1264 665 1357 720 τὸν
1403 665 1557 739 ἅγιον
1619 662 1961 717 Θεόκτιστον.

310 759 411 816 Καὶ
451 760 713 812 τοσοῦτον
744 755 1054 832 ἠγωνίσατο
1095 755 1170 818 εἷς
1224 753 1443 830 ἀρε-τήν,
1479 750 1618 807 ὣστε
1679 751 1755 824 μή
1794 749 1962 822 μόνον

309 854 527 917 νικῆσαι
558 845 763 908 πάντας
818 845 946 907 τοὺς
1002 844 1356 918 μονάζοντας,
1427 840 1572 897 ἀλλᾶ
1617 840 1708 895 καὶ
1763 839 1967 913 γνώρι-

312 957 410 1013 μος
440 930 684 1010 γενέσθαι
712 940 831 998 τοῖς
862 931 1172 1011 βασιλεῦσιν
1205 931 1542 1004 Ἀναστασίῳ
1588 930 1681 985 καὶ
1737 930 1963 983 Ἰουστι-

312 1030 497 1098 νιανῷ.
554 1026 655 1081 Καὶ
718 1025 822 1103 γὰρ
879 1024 969 1080 καὶ
1027 1025 1104 1087 εἴς
1150 1022 1349 1086 αὐτοὺς
1397 1019 1675 1089 ἀπεστάλη
1741 1017 1965 1093 μεσίτης

313 1116 461 1192 παρὰ
530 1119 641 1171 τῶν
696 1118 1056 1191 πατριαρχῶν
1113 1111 1534 1189 Ἱεροσολύμων.
1592 1106 1851 1169 Πολλοὺς
1909 1103 1968 1160 δὲ

312 1203 530 1276 διδάξας
568 1206 669 1275 τὴν
725 1205 945 1280 ἀρετὴν,
977 1202 1065 1259 καὶ
1132 1201 1319 1258 πολλὰ
1373 1200 1712 1275 μοναστήρια
1767 1216 1963 1266 συστη-

314 1297 567 1369 σάμενος,
617 1294 706 1349 καὶ
783 1294 1030 1366 θαύματα
1083 1292 1182 1347 οὐκ
1233 1290 1395 1367 ὀλίγα
1445 1286 1833 1365 ἐργασάμενος,
1892 1285 1966 1347 ὡς

310 1384 396 1438 καὶ
428 1380 581 1460 ὕδωρ
627 1390 726 1453 τῆς
754 1385 855 1457 γῆς
909 1381 1206 1458 ἐξαγαγεῖν,
1267 1375 1771 1457 ὀγδοηκονταπέντε
1830 1373 1963 1428 ἐτῶν

308 1476 625 1548 γενόμενος,
657 1474 794 1547 πρὸς
824 1472 1021 1548 Κύριον
1052 1469 1403 1545 ἐξεδήμησεν.

868 1592 1170 1667 MHNI‘TQ
1203 1590 1407 1665 ΑΥΤῼ.

312 1825 513 1895 Μνημη
547 1827 647 1878 τοῦ
677 1824 833 1879 ὁσίου
866 1822 1073 1895 Ιιστρὸς
1106 1823 1267 1894 ἡμῶν
1308 1814 1625 1895 Νικωλάου,
1675 1813 1965 1889 ἀρχιεπισ-

740 1897 915 1950 κόπου
956 1889 1162 1968 Μύρων
1185 1896 1282 1961 τῆς
1316 1889 1537 1949 Λυκίας.

382 2012 509 2068 Ἐπὶ
576 2018 678 2083 τῆς
732 2010 1009 2087 βασιλείας
1067 2014 1163 2065 τοῦ
1220 2006 1477 2084 Μεγάλου
1560 2001 1960 2061 Κωνσταντίνου

312 2100 522 2178 ἐγένετο
555 2102 714 2162 οὗτος
754 2101 783 2155 ὁ
846 2098 1013 2175 μέγας
1067 2096 1355 2174 ἀρχιερεὺς
1406 2096 1495 2151 καὶ
1554 2092 1962 2166 θαυματουργὸς

311 2189 611 2252 ἐπίσκοπος
665 2191 744 2254 είς
796 2191 862 2244 τα
919 2188 1073 2264 Μύρα
1130 2187 1351 2249 Λυκίας’
1411 2185 1675 2261 πρότερον
1732 2180 1960 2256 γενόμε-

310 2301 398 2344 νος
455 2281 726 2355 μοναχὸς,
784 2278 874 2334 καὶ
926 2278 1111 2334 πολλᾶ
1152 2277 1555 2353 ἀγωνισάμενος
1612 2273 1687 2335 εἶς
1741 2270 1957 2346 ἀρετήν.

316 2371 462 2425 Ἐπεὶ
526 2367 586 2424 δὲ
644 2369 936 2433 ἐπίσκοπος
992 2367 1404 2445 προεχειρίσθη,
1463 2362 1650 2418 πολλὰ
1716 2360 1962 2434 θαύματα

314 2458 591 2529 ἐποίησεν·
652 2458 996 2533 ἠλευθέρωσε
1051 2454 1109 2511 δὲ
1165 2456 1255 2511 καὶ
1312 2459 1457 2530 τρεῖς
1512 2451 1706 2526 ἄνδρας
1762 2449 1820 2504 ἐκ
1864 2453 1961 2503 τοῦ

314 2550 567 2603 θανάτοψ
657 2545 1091 2622 ἐλοιδορήθησαν
1151 2546 1251 2620 γὰρ
1311 2543 1486 2613 οὗτοι,
1531 2543 1622 2597 καὶ
1680 2538 1961 2606 ἐδέθησαν,

311 2641 397 2694 καὶ
439 2634 680 2711 ἔμελλον
741 2636 1252 2715 ἀποκεφαλίζεσθαι.
1306 2633 1464 2691 Ἀλλ’
1519 2632 1679 2693 αὐτὸς
1738 2627 1962 2703 ἔδραμε,

312 2731 399 2784 καὶ
432 2729 702 2803 ἐκράτησε
749 2728 810 2783 τὸ
869 2739 1116 2798 σπαθιον,
1165 2727 1256 2781 καὶ
1312 2724 1508 2799 ἐπῆρεν
1556 2721 1687 2776 αὐτὸ
1743 2719 1803 2774 ἐκ
1857 2722 1963 2773 τῶν

315 2823 515 2895 χειρῶν
542 2823 641 2873 τοῦ
690 2815 919 2891 δημίου,
958 2817 1048 2872 καὶ
1075 2814 1336 2872 ἀπέλυσεν
1366 2811 1581 2876 αὐτοὺς.
1615 2808 1718 2866 Καὶ
1761 2805 1965 2862 ἄλλοτε

314 2908 476 2964 πάλιν
506 2905 944 2982 ἐλοιδορήθησαν
968 2905 1131 2962 ἄλλοι
1152 2910 1296 2980 τρεῖς
1321 2904 1395 2968 εἷς
1422 2902 1517 2957 τὸν
1554 2898 1777 2976 βασιλέα
1806 2903 1965 2982 Κᾉων-

318 3004 593 3052 σταντῖνον
633 2980 738 3051 ὑπὸ
793 3001 894 3051 τοῦ
951 2994 1195 3072 ἐπάρχου
1244 2986 1570 3059 ’Λϐλαϐίου,
1619 2990 1694 3052 ὡς
1739 2980 1966 3043 ἐπίϐου-

319 3086 547 3158 λοι,καὶ
582 3086 1017 3156 ἀπεκλείσθησαν
1077 3085 1152 3147 εἰς
1208 3084 1270 3138 τὸ
1326 3082 1686 3158 πραιτώριον.
1749 3075 1845 3132 Καὶ
1877 3073 1966 3130 ὅτε

316 3174 551 3249 ἔμελλον
618 3176 1113 3244 ἀποκεθαλισθῆναι
1152 3219 1164 3242 ,
1224 3169 1594 3248 παρεκάλεσαν
1662 3169 1753 3222 τὸν
1815 3166 1965 3240 ἅγιον

962 3228 1027 3319 νέν
1079 3228 1620 3319 Κωνστατινουπόλει
1652 3259 1707 3313 ἐν
1765 3228 1962 3329 ὀνείρῳ
1995 3228 2037 3294 C

316 3354 404 3408 καὶ
436 3352 781 3429 παρήγγειλε
808 3357 890 3425 τῷ
924 3351 1160 3428 βασιλεῖ,
1197 3351 1285 3407 καὶ
1342 3355 1422 3423 τῷ
1451 3349 1703 3426 ἐπάρχῳ,
1754 3353 1843 3406 καὶ
1866 3349 1940 3404 ἀπ

318 3441 505 3499 ἔλυσαν
536 3444 756 3505 αὐτοὺς.
787 3442 889 3500 Καὶ
918 3441 1061 3498 ἄλλα
1091 3439 1275 3498 πολλὰ
1304 3441 1551 3514 θαύματα
1605 3443 1861 3513 ποιήσας,
1897 3439 1949 3495 ἐν

326 3542 513 3617 εἰρήνῃ
547 3541 864 3612 ἐτελείώθη.

849 3660 1025 3716 mum
1081 3664 1165 3736 τᾳ
1226 3661 1426 3737 ΔΥΤῼ.

1120 3776 1168 3829 Ζ,

322 3894 530 3966 Μνήμη
560 3896 660 3947 τοῦ
690 3891 843 3946 ὁσίου
878 3891 1086 3966 Πατρὸς
1133 3892 1292 3963 ἡμῶν
1352 3883 1712 3965 ³Αμ6ροσίου,
1746 3888 1967 3946 ἐπισκό-

879 4001 983 4035 που
1024 3977 1401 4037 Μεδιολάνων.

383 4094 721 4174 Ἀμϐρόσιος
779 4099 806 4151 ὁ
860 4098 1167 4171 θαυμαστὸς
1223 4096 1435 4172 ἐγένετο,
1477 4097 1536 4152 ἐκ
1593 4104 1690 4166 τῆς
1744 4097 1963 4165 πόλεως

313 4192 552 4263 Ῥώμης,
586 4189 973 4264 συγκλητικὸς,
1007 4188 1093 4243 ἐπὶ
1150 4192 1258 4243 τῶν
1320 4188 1534 4263 χρόνων
1563 4191 1670 4242 τῶν
1705 4188 1833 4241 υἱῶν
1865 4190 1962 4241 τοῦ

313 4278 565 4355 Μεγαλου
612 4286 1051 4347 Κωνσταντινου,
1098 4277 1471 4334 Κωνσταντίου
1536 4277 1623 4331 καὶ
1684 4275 1962 4330 Κώνσταν-

313 4389 423 4431 τος.
459 4369 559 4423 Διὰ
592 4365 651 4422 δὲ
679 4370 777 4437 τήν
809 4366 1029 4436 πολλὴν
1063 4367 1225 4421 αὐτοῦ
1283 4368 1476 4441 ἀρετήν
1534 4367 1624 4421 καὶ
1683 4362 1962 4420 δικαιοσῦ-

314 4480 429 4527 νην,
463 4458 783 4526 ἐπίσκοπος,
825 4457 1031 4533 ἐγένετο
1090 4454 1466 4513 Μεδιολάνωνσ
1522 4457 1612 4510 καὶ
1681 4453 1959 4528 διήρκεσεν

2072 576 2398 631 nasterium
2423 577 2668 632 inferius
2691 577 2763 632 ad
2787 585 3057 634 sanctum
3073 580 3472 634 Theoctistum
3499 581 3716 636 missus

2074 683 2142 720 ea
2173 667 2551 723 contentione
2584 668 2827 724 virtutes
2860 674 3206 740 persecutus
3233 675 3341 735 est,
3376 676 3440 724 ut
3469 687 3587 725 non
3622 688 3717 726 so-

2074 754 2196 809 lum
2228 757 2550 812 monachos
2581 774 2789 813 omnes
2848 760 3228 829 superaverit,
3265 760 3367 817 sed
3399 761 3578 816 etiam
3606 778 3717 815 no-

2074 845 2253 899 minis
2284 846 2689 902 celebritatem
2722 848 2878 919 apud
2898 849 3288 920 imperatores
3316 851 3716 917 Anastasium,

2075 938 2133 987 et
2159 934 2558 990 Justinianum
2590 936 2701 991 sibi
2736 940 3163 1009 comparaverit
3189 941 3441 994 :etenim
3480 940 3554 995 ad
3586 940 3720 995 illos

2076 1023 2148 1078 ab
2177 1024 2720 1097 Hierosolymorum
2744 1027 3098 1099 patriarcnis
3122 1034 3406 1100 tanquam
3431 1029 3720 1085 mediator

2075 1112 2293 1168 missus
2323 1113 2452 1169 fuit.
2487 1115 2594 1180 Qui
2626 1133 2753 1171 cum
2786 1113 3008 1172 multos
3036 1118 3355 1173 virtutibus
3385 1118 3719 1188 imbuisset,

2077 1209 2129 1257 et
2164 1203 2350 1259 multa
2379 1206 2743 1262 monasteria
2783 1208 3200 1279 contraxisset,
3234 1208 3492 1279 plurima
3541 1210 3721 1264 etiam

2077 1294 2365 1348 miracula
2394 1294 2696 1363 edidisset,
2732 1313 2761 1350 e
2793 1297 3007 1367 quibus
3048 1298 3158 1352 hoc
3196 1314 3381 1352 unum
3434 1314 3722 1353 memora-

2078 1388 2191 1452 tur,
2225 1384 2383 1455 quod
2415 1400 2445 1438 e
2480 1389 2634 1440 terra
2655 1402 2869 1456 aquam
2902 1387 3125 1454 eduxit,
3153 1403 3342 1443 annos
3369 1394 3544 1444 natus
3563 1392 3718 1442 octo-

2077 1471 2243 1538 ginta
2274 1474 2560 1544 quinque,
2592 1474 2665 1530 ad
2689 1476 3005 1531 Dominum
3036 1477 3324 1550 migravit.

2628 1593 2867 1647 EODEM
2917 1595 3165 1648 MENSE.

2741 1708 2843 1762 Die
2892 1714 3053 1765 sexta

1999 1865 2044 1930 Β
2077 1823 2177 1879 12
2241 1823 2693 1879 Commemoratio
2766 1825 2946 1879 sancti
3006 1828 3191 1895 patris
3245 1826 3426 1882 nostri
3484 1828 3720 1898 Nz'colai,

2422 1912 2825 1983 archiepiscopi
2868 1916 3039 1984 Myra:
3083 1917 3140 1969 in
3190 1918 3371 1985 Lycia.

2143 2030 2530 2085 Constantino
2563 2032 2765 2102 Magno
2824 2032 3179 2102 imperatore
3207 2033 3409 2088 ﬂoruit
3465 2041 3573 2089 istc
3601 2052 3721 2092 ma-

2071 2137 2222 2192 gnus
2253 2120 2518 2192 pontifex
2550 2126 2609 2175 et
2636 2121 3105 2194 'l‘haumaturgus
3133 2124 3444 2195 episcopus
3471 2125 3531 2178 in
3564 2127 3724 2196 Myra

2075 2210 2261 2281 Lycias
2281 2209 2428 2264 urbe
2453 2229 2466 2266 :
2492 2216 2551 2264 et
2572 2212 2830 2280 primum
2855 2211 3096 2281 quidem
3130 2213 3521 2268 monasticam
3540 2231 3721 2286 agens

2071 2300 2269 2367 vitam,
2303 2306 2424 2355 toto
2482 2301 2683 2356 animo
2731 2302 2793 2355 in
2851 2303 3094 2358 virtutes
3136 2303 3462 2359 contendit.
3496 2304 3720 2359 Deinde

2073 2391 2385 2461 episc0pus
2415 2392 2742 2459 ordinatus,
2769 2391 2955 2446 multa
2983 2392 3268 2448 miracula
3290 2394 3557 2464 patravit.
3583 2396 3720 2449 Tres

2074 2480 2230 2535 enim
2261 2481 2533 2534 homines
2564 2496 2598 2535 a
2624 2486 2815 2535 morte
2860 2480 3149 2550 liberavit,
3182 2483 3281 2553 qui
3336 2482 3484 2538 falso
3515 2483 3716 2553 delati,

2074 2576 2133 2624 et
2162 2571 2222 2624 in
2254 2570 2488 2625 vincula
2518 2570 2793 2641 conjecti,
2816 2570 2889 2624 ad
2921 2571 3274 2641 supplicium
3310 2571 3678 2627 ducebantur
3703 2589 3715 2625 :

2074 2660 2178 2715 sed
2206 2676 2528 2715 accurrens
2560 2659 2682 2722 ille,
2714 2659 3030 2731 gladioque
3070 2661 3199 2732 jam
3248 2662 3577 2717 cervicibus
3609 2663 3723 2717 im-

2074 2749 2360 2815 minente,
2397 2767 2426 2803 e
2459 2748 2757 2803 carniﬁcis
2804 2749 3080 2803 manibus
3138 2755 3362 2821 erepto,
3396 2768 3497 2806 eos
3528 2751 3719 2806 solvit.

2072 2837 2339 2892 Totidem
2373 2837 2476 2892 alii
2503 2838 2933 2909 conjurationis
2964 2838 3024 2891 in
3046 2839 3501 2895 Constantinum
3533 2840 3718 2911 impe-

2073 2932 2332 2982 ratorem
2365 2944 2399 2981 a
2428 2925 2704 2998 praefecto
2733 2925 2980 2982 Ablabio
3012 2927 3161 2981 falso
3194 2927 3543 2998 insimulati,
3573 2928 3717 2982 etin

2074 3015 2349 3087 praetorio
2407 3015 2644 3085 inclusi,
2704 3032 2839 3070 cum
2889 3015 3081 3088 capite
3139 3016 3438 3087 plectendi
3496 3022 3717 3082 essent,

2077 3111 2347 3162 sanctum
2379 3104 2685 3160 Nicolaum
2723 3105 3105 3162 invocarunt:
3162 3106 3262 3176 qui
3322 3122 3427 3176 per
3456 3106 3717 3177 quietem

2075 3195 2651 3266 Constantinopolim
2686 3194 3027 3263 adveniens,
3082 3194 3449 3266 imperatori,
3485 3200 3542 3249 et
3570 3213 3721 3267 prai-

2078 3284 2230 3340 fecto
2263 3285 2561 3357 prmcepit,
2594 3292 2662 3340 ut
2690 3285 2828 3339 illos
2876 3284 3265 3340 dimitterent.
3300 3285 3558 3341 Tandem
3591 3290 3726 3356 post

2080 3374 2266 3430 multa
2295 3374 2413 3429 alia
2442 3373 2728 3429 miracula
2757 3374 2818 3430 in
2846 3390 2989 3443 pace
3017 3373 3289 3429 decessit.

2632 3672 2871 3727 EODEM
2912 3671 3161 3725 MENSE.

2704 3789 2806 3841 Die
2838 3787 3090 3858 septima

2075 3904 2175 3959 I3
2239 3903 2692 3959 Commemoratio
2741 3905 2920 3959 sancti
2947 3904 3128 3957 Patris
3186 3904 3361 3956 nostri
3419 3900 3720 3969 Ambrosii,

2597 3993 2840 4064 episc0pi
2872 3991 3189 4049 Mediolani.

2127 4108 2474 4164 Ambrosius
2487 4108 2855 4163 admirabilis
2868 4124 2936 4164 ex
2950 4108 3093 4164 urbe
3119 4107 3719 4164 Romafuitsenatorii

2073 4196 2318 4272 ordinis,
2352 4197 2715 4268 temporibus
2738 4197 3084 4265 Constantii,
3120 4202 3175 4253 et
3207 4197 3543 4252 Constantis
3564 4197 3719 4251 ﬁlio-

2072 4303 2203 4340 rum
2235 4285 2603 4340 Constantini
2662 4286 2869 4357 Magni.
2915 4286 2997 4341 Ob
3032 4286 3246 4341 multas
3278 4292 3476 4341 autem
3529 4285 3715 4356 ipsius

2069 4375 2319 4430 virtutes
2349 4375 2844 4447 atquejustitiam
2887 4376 3201 4446 episcopus
3259 4373 3714 4443 Mediolanensis

2069 4464 2280 4532 factus,
2309 4464 2451 4518 vixit
2480 4481 2667 4535 usque
2720 4464 2793 4519 ad
2854 4470 3115 4536 tempora
3165 4463 3477 4517 Theodosii
3515 4462 3720 4532 Magni.

315 4545 414 4612 ἓως
443 4554 553 4604 τῶν
588 4549 803 4625 χρόνων
829 4552 928 4603 τοῦ
987 4548 1242 4622 Μεγάλου
1301 4546 1611 4605 Θεοδοσίου.
1665 4549 1842 4617 Ζῆλον
1905 4544 1962 4608 δὲ

320 4636 342 4651 ν
495 4650 511 4654 -
551 4644 574 4654 ν
618 4639 631 4654 ι
798 4637 811 4654 \
847 4636 892 4654 ’Ἇ
972 4638 1020 4654 ΔΙ
1196 4640 1205 4654 Ι
1316 4638 1328 4654 \
1429 4636 1454 4654 θ’
1493 4644 1496 4648 λ
1599 4636 1649 4654 ἿἏ
1771 4637 1783 4653 \
1857 4634 1926 4654 ..Ι

2077 4555 2213 4612 Cum
2247 4574 2380 4612 vero
2413 4558 2613 4613 divino
2644 4557 2765 4612 zelo
2791 4557 3070 4611 incensus
3119 4560 3295 4617 esset,
3334 4555 3721 4624 animumque

319 4636 460 4712 ἔχων
489 4639 691 4707 θεῖκὸν,
723 4637 815 4693 καὶ
843 4636 1124 4712 ἐλευθέραν
1182 4638 1391 4713 ψυχὴν,
1425 4636 1515 4691 ὅτε
1571 4636 1679 4691 εἶδε
1731 4637 1823 4691 τὸν
1854 4634 1961 4692 Με-

320 4747 414 4800 γαν
443 4724 733 4782 Θεοδόσιον
777 4723 1152 4801 πικρανθέντα,
1211 4728 1299 4781 καὶ
1360 4724 1756 4781 ἀποστείλαντα
1802 4745 1964 4800 στρα-

319 4815 551 4884 τὸν,καὶ
582 4815 851 4892 σφάξαντα
872 4815 963 4870 τὸν
1020 4814 1071 4869 ἐν
1133 4814 1501 4889 Θεσσαλονίκῃ
1562 4813 1716 4886 λαὸν,
1776 4811 1963 4883 ἐπειδὴ

321 4900 571 4959 ἔπταισαν
614 4904 691 4965 ε’ίς
720 4904 813 4959 τὸν
846 4901 1095 4980 βασιλέα,
1128 4905 1239 4959 εἶτα
1300 4903 1530 4960 ἐλθόντα
1579 4903 1655 4966 εἷς
1713 4905 1813 4973 τήν
1843 4904 1965 4979 top-

319 4993 414 5061 την
438 4994 548 5048 τῶν
598 4995 844 5069 Χριστοῦ
873 4994 1101 5069 γεννων,
1147 4991 1239 5049 ’ίνα
1296 4991 1600 5068 εἷσοδεΰσῃ,
1659 4993 1749 5048 καὶ
1807 4989 1965 5063 εὔξη-

317 5103 423 5155 ται,
453 5084 542 5139 καὶ
574 5084 890 5157 κοινωνήσῃ
921 5087 1026 5136 τῶν
1057 5082 1345 5159 ἀχράντων
1382 5083 1714 5159 μυστηρίων,
1757 5080 1969 5137 ἐκώλυ-

324 5192 404 5227 σεν
436 5173 620 5243 αὐτὸν,
652 5172 742 5227 καὶ
796 5171 899 5226 οὐκ
952 5171 1153 5249 ἀφῆκεν
1214 5171 1473 5237 εἰσελθεῖν
1534 5173 1610 5235 εἷς
1666 5172 1729 5227 τὸ
1791 5174 1965 5246 βῆμα,

325 5261 503 5331 εἰπὼν,
535 5262 622 5317 ὅτι
656 5262 886 5327 Φονέας,
935 5260 1024 5315 καὶ
1067 5260 1303 5333 μάλιστα
1356 5263 1632 5318 τοσούτων
1666 5261 1965 5339 ὁμοφύλων

324 5351 680 5425 Χριστιανῶν,
714 5353 750 5419 ἡ
783 5346 1082 5420 Ἐκκλησία
1108 5355 1204 5405 τοῦ
1237 5355 1371 5406 Θεοῦ
1402 5351 1463 5406 οὐ
1495 5349 1734 5425 δέχεται.
1768 5352 1876 5408 Τὸν
1910 5349 1968 5405 δὲ

324 5439 467 5514 ἄγίον
521 5441 825 5514 ἐθαυμασεν
857 5439 885 5492 ὁ
922 5436 1195 5513 βασιλεὺς,
1254 5441 1341 5495 καὶ
1419 5440 1665 5514 ἐτίμησε,
1724 5441 1813 5496 καὶ
1867 5442 1967 5495 ὑπ-

320 5532 617 5605 εχώρησεν,
645 5530 842 5597 εἰπὼν,
876 5526 960 5584 ὅτι
995 5527 1248 5598 Ἀληθῶς
1279 5529 1568 5605 ἀρχιερεύς
1607 5530 1738 5585 ἐστι.
1775 5530 1968 5585 Πολλὰ

321 5615 373 5674 δὲ
399 5621 485 5675 καὶ
517 5619 668 5677 ἄλλα
704 5620 934 5693 μνήμης
969 5616 1089 5689 ἄξια
1114 5620 1371 5689 ποιήσας,
1397 5620 1568 5675 Θανὼν
1602 5618 1786 5694 ἐτέφη.

2072 4646 2326 4703 liberum
2355 4647 3028 4713 haberet,’l‘heodosium
3056 4647 3324 4717 Magnum
3358 4642 3517 4715 quod
3546 4642 3720 4697 vehe-

2077 4737 2308 4787 menter
2337 4736 2667 4786 commotus
2682 4732 3004 4785 exercitum
3029 4729 3381 4797 misisset,ac
3411 4726 3722 4783 Thessalo-

2076 4822 2380 4876 nicensem
2412 4821 2832 4892 populum,qui
2881 4820 2942 4874 in
2985 4819 3111 4890 ipse
3142 4819 3564 4890 imperatorem
3584 4833 3719 4887 pec-

2077 4915 2309 4966 caverat
2353 4910 2632 4964 trucidari
2656 4910 2956 4981 jussisset,
2986 4909 3046 4964 in
3077 4908 3226 4964 festo
3258 4908 3476 4964 natalis
3506 4906 3723 4962 Christi

2079 4999 2365 5070 templum
2389 4998 2615 5071 ingredi
2638 4998 2951 5063 volentem,
2978 5003 3041 5053 ut
3062 5002 3259 5053 oraret
3288 5013 3571 5067 sacraque
3596 5012 3727 5066 my—

2079 5089 2260 5143 steria
2301 5088 2656 5159 perciperet,
2707 5088 2983 5161 ingressu
3012 5086 3216 5159 templi
3250 5085 3554 5158 prohibuit
3582 5102 3595 5137 :
3627 5086 3735 5138 Ec-

2077 5178 2259 5234 clesia
2288 5178 2411 5245 Dei,
2444 5178 2743 5249 inquiens,
2788 5196 2907 5233 non
2970 5178 3229 5233 admittit
3277 5174 3625 5239 homicidas,
3660 5190 3728 5227 ac

2079 5283 2177 5321 eos
2209 5267 2560 5338 przrsertim;
2584 5268 2684 5339 qui
2717 5267 2983 5339 ejusdem
3017 5283 3214 5322 secum
3239 5265 3428 5337 gentis
3450 5262 3731 5321 Christia-

2077 5373 2185 5411 nos
2210 5358 2591 5411 trucidarent.
2628 5361 2700 5412 At
2722 5359 3042 5429 imperator
3073 5363 3341 5412 sanctum
3374 5353 3723 5420 admiratus;

2078 5444 2373 5516 simulque
2403 5446 2628 5500 honore
2643 5451 3015 5517 prosecutus,
3047 5445 3313 5509 recessit,
3346 5441 3727 5497 Ambrosium

2075 5552 2278 5589 verum
2307 5551 2437 5589 esse
2487 5535 2829 5607 episc0pum
2886 5536 3214 5590 afﬁrmans.
3276 5533 3381 5586 Ille
3404 5547 3560 5595 vero,
3593 5545 3728 5583 cum

2076 5625 2264 5679 multa
2286 5624 2403 5680 alia
2432 5630 2763 5679 memoratu
2795 5624 2972 5694 digna
3025 5623 3287 5687 fecisset,
3318 5619 3484 5684 obiit;
3525 5615 3733 5685 sepul-

2082 5719 2297 5784 tusque
2330 5712 2462 5767 fuit.
