4114 6306
456 305 569 365 195

994 434 1235 490 EODEM
1275 434 1525 490 MENSE.

1101 524 1203 578 Die
1235 530 1439 579 octava

587 616 690 670 14
722 614 1004 670 Certamen
1059 613 1237 667 sancti
1283 613 1544 683 martyris
1594 608 1948 666 Athenodori.

515 733 630 787 Iste
643 740 881 786 sanctus
908 749 937 785 e
960 730 1383 802 Mesopotamia
1424 728 1749 801 Syriaefuit,
1767 724 2094 781 monachus

441 824 576 895 pius
607 823 912 891 Deumque
944 821 1178 885 timens,
1210 819 1578 891 temporibus
1601 815 1950 872 Diocletiani
1978 814 2090 868 im-

441 910 751 983 peratoris.
804 909 1039 964 Delatus
1079 914 1278 963 autem
1309 907 1380 962 ab
1409 907 1701 974 idolatris,
1734 902 1893 975 quod
1922 901 2090 958 Chri-

441 1005 599 1055 stum
620 1016 725 1071 pro
758 1000 875 1053 Deo
907 998 1171 1064 haberet,
1197 994 1721 1067 comprehenditur
1750 993 1822 1048 ab
1854 991 2089 1046 Eleusio

441 1088 717 1161 prmside,
751 1092 827 1153 et,
861 1086 936 1141 ad
966 1086 1112 1141 duas
1142 1085 1453 1140 columnas
1508 1083 1752 1139 funibus
1786 1081 2085 1153 alligatus,

436 1177 783 1234 ardentibus
803 1175 1030 1231 facibus
1050 1175 1337 1231 aduritur.
1354 1177 1498 1229 Tum
1520 1174 1745 1228 ferreos
1762 1171 2087 1227 candentes

433 1266 706 1339 globulos
735 1266 899 1319 illius
921 1264 1115 1320 axillis
1140 1264 1484 1335 subjiciunt,
1510 1278 1763 1333 eumque
1796 1276 1973 1331 super
1993 1260 2082 1313 in-

429 1362 668 1429 gentem
698 1355 985 1410 laminam
1036 1355 1291 1427 igneam,
1320 1352 1717 1430 amplitudine
1736 1352 1939 1422 januaa
1979 1365 2081 1420 pa-

426 1461 574 1514 rem,
604 1444 968 1499 extendunt:
998 1460 1135 1497 mox
1164 1443 1311 1497 bove
1343 1458 1508 1497 aeneo
1542 1440 1809 1512 subjecta
1838 1439 2084 1494 ﬂamma

426 1534 762 1589 includunt.
793 1532 898 1588 Ille
924 1548 1059 1586 vero
1091 1532 1357 1603 angelico
1390 1530 1721 1585 ministerio
1754 1529 1826 1584 ab
1859 1529 1933 1582 iis
1963 1545 2083 1582 om-

428 1623 604 1677 nibus
645 1622 950 1681 liberatus.
985 1621 1281 1692 octoginta
1309 1620 1465 1675 viros
1494 1619 1568 1674 ad
1621 1618 1839 1673 Christi
1900 1616 2079 1671 fidem

422 1720 772 1786 pertractos,
792 1713 1157 1767 Christianos
1174 1712 1385 1766 effecit.
1406 1711 1907 1781 Praecepititaque
1927 1725 2079 1778 prae-

1773 292 2222 361 MENOLOGII
2265 293 2486 358 PARS.
2520 297 2568 359 Ι.

2121 429 2172 495 Α
2768 432 2945 488 ΜΗΝΙ
2973 437 3061 487 ΤΩ
3092 435 3285 488 ΑΥΤΩ.

3742 301 3862 362 196

2998 522 3045 579 Η

2342 608 2614 679 ’Ἀθλησις
2640 613 2737 665 τοῦ
2786 609 2939 683 ἆγίου
2972 611 3242 687 μάρτυρος
3293 608 3702 687 Ἀθηνοδώρου.

2271 724 2443 787 Οὗτος
2518 727 2546 780 ὁ
2602 728 2751 802 ἅγιος
2817 727 3022 803 ἐγένετο
3104 728 3209 782 άπὸ
3269 729 3695 802 Μεσοποταμίας
3743 735 3846 799 τῆς

2199 814 2444 889 Συρίας,
2505 815 2748 891 μοναχὸς
2833 811 3069 884 εὐλαϐὴς
3156 817 3247 872 καὶ
3333 811 3674 894 φοϐούμενος
3749 818 3844 873 τὸν

2196 903 2346 967 Θεὸν,
2407 902 2495 958 ἐπὶ
2556 903 2953 974 Διοκλητιανοῦ
3007 910 3104 961 τοῦ
3167 905 3462 981 βασιλέως,
3521 901 3849 977 Διαϐληθείς

2195 986 2253 1043 δὲ
2282 990 2427 1065 παρὰ
2453 994 2554 1045 τῶν
2583 988 3028 1067 εἷδωλολατρῶν,
3057 991 3141 1048 ὅτι
3161 993 3253 1047 τὸν
3280 994 3511 1068 Χριστὸν
3538 990 3653 1068 ἔχει
3686 993 3841 1064 Θεὸν,

2191 1076 2464 1151 ἐκρατήθη
2497 1080 2643 1152 παρὰ
2672 1077 2955 1138 Ἐλευσίου
3005 1080 3297 1157 ἄρχοντοςο
3357 1082 3448 1137 καὶ
3496 1079 3669 1143 δεθεὶς
3707 1081 3848 1155 μετὰ

2193 1168 2473 1241 σχοινίων,
2509 1168 2668 1241 μέσον
2700 1167 2795 1224 δύο
2853 1167 3094 1243 στύλων,
3154 1169 3260 1225 ὐπὸ
3316 1170 3524 1245 κηρίων
3557 1170 3840 1226 άπτόντων

2188 1261 2444 1330 κατεκάη.
2501 1262 2633 1318 Εἶτα
2698 1259 2897 1337 σιδηρᾶ
2955 1261 3262 1337 στρογγύλα
3316 1263 3686 1337 πυρώσαντες,
3740 1262 3840 1318 ὑπ·

2188 1344 2386 1405 ἔϐαλον
2447 1350 2522 1412 εἷς
2574 1351 2669 1414 τάς
2725 1350 3015 1426 μασχάλας
3072 1351 3257 1407 αὐτοῦ.
3318 1352 3414 1407 Καὶ
3472 1352 3607 1426 μετᾶ
3670 1355 3832 1407 τοῦτο

2188 1438 2468 1514 ἐπόρωσαν
2527 1441 2761 1496 πέταλον
2826 1439 3068 1516 χαλκοῦν
3146 1443 3303 1517 μέγα,
3358 1440 3473 1497 ἴσον
3530 1441 3685 1516 θύρᾳ,
3744 1444 3836 1497 καὶ

2186 1527 2451 1597 ἥπλωσαν
2494 1528 2651 1584 αὐτὸν
2684 1527 2765 1583 ἐπ’
2796 1530 2967 1601 αὐτῷ.
3002 1529 3104 1585 Καὶ
3136 1528 3288 1594 αὖθις
3320 1528 3370 1584 ἐν
3411 1527 3608 1605 βοϊδίῳ
3641 1528 3838 1605 χαλκῷ

2183 1620 2591 1693 πυρακτωθεντι
2638 1613 2995 1692 ἐμϐάλλεται.
3058 1620 3364 1695 Λυτρωθεὶς
3396 1617 3454 1674 δὲ
3501 1618 3562 1674 ἐκ
3612 1619 3833 1674 πάντων

2181 1709 2390 1763 τούτων
2449 1708 2553 1763 ὑπὸ
2629 1712 2766 1763 Θεοῦ
2821 1707 3093 1782 ἀγγέλων,
3151 1708 3486 1764 ἐπεσπάσατο
3537 1710 3674 1782 πρὸς
3727 1710 3830 1777 τήν

420 1803 630 1867 fectus,
665 1806 730 1855 ut
759 1801 1174 1856 decollaretur.
1208 1802 1470 1870 Cumque
1504 1798 1769 1854 carnifex
1802 1798 2059 1851 districtc

2175 1800 2274 1852 τοῦ
2301 1801 2541 1873 Χριστοῦ
2590 1798 2773 1852 πίστιν
2805 1795 3144 1872 ἀγδοήκοντα
3192 1795 3406 1871 ἄνδρας,
3462 1798 3553 1853 καὶ
3603 1796 3830 1868 ἐποίησε

421 1891 616 1963 gladio
648 1891 859 1946 cervici
890 1891 1251 1955 immineret,
1284 1906 1495 1945 manus
1526 1905 1657 1960 qua:
1687 1888 1951 1960 gladium
1982 1892 2071 1942 te-

420 1981 621 2047 nebat,
656 1986 901 2052 repente
949 1980 1025 2035 ab
1068 1981 1316 2034 humero
1361 1978 1585 2047 avulsa,
1618 1994 1737 2033 una
1766 1993 1901 2031 cum
1933 1993 2072 2031 ense

421 2071 482 2125 in
515 2075 733 2125 terram
767 2070 1006 2125 decidit.
1042 2070 1231 2135 Quare
1254 2084 1428 2123 nemo
1460 2067 1613 2123 alius
1643 2066 1717 2121 ad
1749 2067 1945 2138 ipsum
1976 2082 2073 2120 ac-

419 2159 627 2215 cedere
661 2176 841 2215 ausus
869 2164 977 2214 est.
1006 2159 1254 2214 Sanctus
1282 2174 1418 2213 vero
1437 2155 1667 2211 vivendi
1702 2156 1880 2211 ﬁnem
1910 2154 2069 2211 fecit.

974 2425 1215 2481 EODEM
1264 2424 1515 2480 MENSE.

1098 2541 1201 2595 Die
1233 2557 1394 2596 nona

517 2659 618 2717 15
655 2659 1205 2729 Conceptiosancta?
1234 2656 1429 2725 Annua,
1462 2659 1655 2711 matris
1687 2655 1960 2726 Deiparae.

488 2868 773 2922 Dominus
789 2871 847 2921 et
868 2868 1020 2922 Deus
1043 2870 1246 2921 noster
1271 2881 1405 2921 cum
1436 2866 1759 2920 animatum
1785 2863 1894 2919 sibi
1920 2869 2071 2919 tem-

411 2957 579 3029 plum
613 2954 975 3026 domumque
1008 2960 1269 3009 sanctam
1324 2954 1385 3007 in
1439 2971 1613 3009 suum
1662 2952 2067 3009 habitaculum

407 3062 745 3117 praeparare
768 3044 966 3112 vellet,
994 3044 1158 3097 misit
1186 3043 1462 3115 angelum
1495 3060 1669 3098 suum
1700 3042 1773 3097 ad
1800 3041 2067 3097 Joachim

408 3139 463 3187 et
498 3137 729 3189 Annam
756 3134 973 3205 justos,
1009 3149 1077 3187 ex
1109 3132 1325 3202 quibus
1359 3148 1527 3185 suam
1558 3130 1885 3187 secundum
1919 3147 2054 3184 car-

405 3311 489 3364 vit
517 3310 970 3381 conceptionem
994 3308 1326 3363 infecundae
1348 3324 1416 3363 ac
1441 3308 1681 3365 sterilis.
1710 3313 1778 3363 ut
1805 3308 2059 3380 Virginis

402 3399 751 3454 fecunditati
790 3398 967 3453 ﬁdem
1002 3398 1239 3453 faceret.
1273 3398 1569 3469 Concepta
1600 3403 1690 3452 est
1719 3397 1916 3469 igitur,
1951 3413 2057 3451 na-

400 3492 580 3559 taque
614 3493 817 3543 sancta
848 3487 1018 3560 Virgo
1057 3487 1259 3551 Maria,
1321 3503 1462 3548 non.
1496 3492 1563 3541 ut
1592 3486 1834 3558 quidam
1866 3486 2052 3555 aiunt,

402 3578 814 3649 septimestris,
845 3582 949 3633 aut
977 3578 1105 3632 sine
1137 3577 1243 3631 viri
1301 3593 1499 3648 opera,
1562 3575 1665 3631 sed
1698 3576 1917 3631 exactis
1948 3592 2055 3630 no-

400 3684 529 3722 vem
563 3667 809 3739 integris
858 3667 1185 3736 mensibus,
1220 3684 1290 3721 ex
1349 3666 1745 3737 promissione
1787 3665 2051 3736 quidem,

398 3763 660 3813 attamen
683 3774 753 3812 ex
780 3757 886 3812 viri
915 3756 1369 3828 conjunctione:
1397 3756 1557 3811 solus
1581 3755 1738 3809 enim
1766 3756 2053 3810 Dominus

397 3855 454 3903 et
484 3850 637 3904 Deus
687 3854 891 3903 noster
944 3849 1111 3902 Jesus
1171 3847 1439 3901 Christus
1487 3847 1617 3901 sine
1647 3846 1792 3913 viro,
1826 3863 1892 3901 ac
1923 3846 2051 3901 sine

397 3938 811 3992 commistione
840 3942 899 3991 et
930 3952 1156 3990 semine
1190 3952 1257 3989 ex
1318 3941 1523 3990 sancta
1582 3935 1816 4006 Virgine
1874 3939 2050 3990 natus

395 4030 502 4085 est.
541 4023 714 4079 modo
736 4023 991 4094 quodam
1024 4023 1137 4093 ipsi
1169 4022 1277 4077 soli
1300 4028 1461 4085 noto.
1481 4022 1655 4077 nobis
1677 4028 1875 4077 autem
1899 4023 2047 4077 inef-

392 4112 557 4166 fabili
589 4116 648 4166 et
677 4110 1080 4181 inexplicabili
1107 4128 1120 4177 ;
1168 4127 1423 4181 cumque
1446 4102 1744 4181 perfectus
1766 4112 1920 4166 Deus
1952 4128 2049 4166 es-

390 4206 499 4266 set,
533 4200 735 4254 omnia
765 4199 875 4253 sibi
907 4216 1038 4269 qua)
1087 4198 1161 4253 ad
1213 4198 1410 4253 carnis
1440 4200 1831 4254 uaconomiam
1865 4201 2046 4270 perti-

388 4294 553 4354 nent,
580 4288 836 4359 perfecte
859 4286 1201 4358 assumpsit,
1222 4292 1398 4357 prout
1423 4287 1745 4342 humanam
1772 4293 2047 4343 naturam

392 4378 465 4432 ab
500 4377 669 4433 initio
701 4376 967 4433 condidit
994 4382 1171 4447 atque
1204 4376 1453 4431 efﬂuxit.

1046 4492 1266 4547 Eodem
1299 4491 1392 4547 die

2072 4540 2120 4606 D

392 4614 428 4666 I
444 4612 491 4667 ϐ
515 4609 967 4667 Commemoratio
1013 4611 1193 4665 sancti
1217 4611 1398 4665 Patris
1421 4612 1599 4683 nostri
1624 4610 1875 4683 Joannis.
1907 4615 2034 4683 epi-

460 4688 630 4754 scopi,
662 4685 761 4753 qui
784 4690 979 4753 postea
1008 4684 1065 4737 in
1087 4683 1300 4737 (auram
1330 4680 1510 4737 sancti
1539 4681 1697 4737 Sabce
1726 4680 1959 4738 secessit.

457 4860 713 4914 Joannes
743 4858 954 4913 Christi
987 4874 1185 4913 servus
1219 4856 1485 4929 Nicopoli
1506 4858 1805 4915 Armenia:
1836 4867 2034 4934 natus,

387 4947 641 5005 mortuis
655 4947 1001 5019 parentibus
1021 4947 1313 5002 Marciano
1335 4947 1689 5018 imperante,
1707 4951 2033 5023 erogatisin

387 5053 683 5111 pauperes
736 5036 1115 5092 facultatibus
1168 5036 1310 5102 suis,
1345 5038 1670 5093 monachus
1702 5037 1892 5095 factus
1922 5048 2030 5099 est.

387 5128 469 5183 Ob
505 5143 673 5182 suam
699 5131 895 5182 autem
927 5125 1201 5179 virtutem
1234 5140 1266 5178 a
1296 5122 1567 5181 Sebastes
1587 5128 2031 5204 archiepiscopo

385 5216 696 5271 ordinatus
727 5212 985 5268 Colonia:
1004 5212 1337 5283 episcopus,
1359 5214 1578 5269 exactis
1602 5215 1663 5270 in
1689 5218 2033 5290 episcopatu

384 5304 591 5359 decem
626 5303 819 5369 annis,
855 5319 922 5357 eo
950 5301 1241 5368 abdicato,
1295 5302 1702 5374 Hierosolyma
1737 5307 2033 5377 profectus

380 5400 490 5459 est,
512 5400 571 5448 et
598 5394 656 5448 in
688 5393 919 5448 lauram
953 5391 1140 5446 sancti
1163 5391 1326 5447 Sabze
1354 5394 1628 5448 secessit:
1664 5395 1762 5449 ubi
1796 5396 1944 5453 adeo
1970 5400 2031 5454 in

378 5482 698 5537 virtutibus
720 5481 987 5553 profecit,
1015 5486 1079 5535 ut
1100 5480 1421 5553 aliquando
1449 5481 1840 5539 deambulans
1859 5492 1916 5540 et
1939 5487 2034 5541 iti-

378 5573 537 5628 neris
568 5572 772 5627 labore
827 5570 1205 5642 defatigatus,
1261 5570 1459 5625 divina
1490 5576 1765 5641 arreptus
1798 5572 2030 5647 virtute,

381 5662 456 5719 ad
487 5662 702 5717 cellam
733 5677 922 5729 suam,
958 5676 1089 5731 quae
1120 5659 1287 5716 mille
1315 5675 1599 5730 passuum
1632 5661 1897 5736 quinque
1929 5674 2034 5730 ab.

2177 1887 2379 1949 πάντας
2439 1887 2812 1961 Χριστιανούς.
2878 1888 3173 1962 Προσέταξε
3230 1884 3347 1949 δέίὸ
3378 1889 3588 1963 ἄρχων,
3620 1887 3827 1943 ἀποκε-

2179 1975 2509 2054 φαλισθῆναι
2566 1977 2752 2047 αὐτὸν,
2807 1978 2899 2032 καὶ
2956 1981 3053 2032 τοῦ
3104 1974 3307 2051 δημίου
3358 1978 3422 2033 τὸ
3471 1978 3695 2042 σπαθίον
3727 1999 3827 2052 γυ-

2183 2068 2524 2139 μνώσαντος,
2553 2065 2644 2121 καὶ
2682 2063 2936 2129 Θέλοντος
2987 2065 3146 2123 αὐτὸν
3180 2065 3599 2144 ἀποκεφαλίσαι,
3631 2069 3667 2136 ἡ
3701 2065 3825 2143 χεὶρ

2176 2154 2341 2211 αὐτοῦ
2396 2154 2502 2210 ὰπὸ
2549 2159 2646 2211 τοῦ
2703 2152 2861 2230 ὤμου
2918 2162 3166 2227 κοπεῖσα,
3198 2159 3234 2227 ἡ
3264 2157 3536 2230 κρατοῦσα
3588 2157 3652 2212 τὸ
3683 2177 3822 2211 σπα-

2177 2245 2313 2314 θίον,
2351 2244 2486 2318 μετὰ
2511 2248 2610 2299 τοῦ
2639 2244 2870 2309 σπαθίου
2909 2239 3091 2300 ἔπεσεν
3119 2243 3208 2300 ἐπὶ
3259 2247 3362 2316 τήν
3417 2252 3543 2321 γῆν.
3603 2245 3826 2319 Ἐτὲρου

2176 2332 2235 2389 δὲ
2263 2335 2340 2407 μὴ
2370 2332 2755 2407 τολμήσαντος
2782 2334 2989 2411 ἐγγίσαι
3047 2334 3218 2408 αὐτῷ,
3277 2332 3439 2399 αὐτὸς
3493 2333 3814 2407 ἐτελειώθη.
3916 2379 3933 2389 .

2737 2452 2915 2509 MliNI
2941 2454 3028 2509 ΤΩ
3054 2453 3252 2509 ΑΥΤΩ.

2977 2568 3032 2622 Θ,

2175 2689 2241 2740 Ἥ
2294 2682 2569 2757 σύλληψις
2625 2688 2725 2752 τῆς
2813 2681 3010 2826 ἁγίαιςό
3047 2684 3246 2754 ’Ἄννης
3299 2686 3399 2749 τῆς
3463 2686 3673 2762 μητρὸς
3718 2693 3827 2757 τῆς

2845 2777 2975 2826 Θεοτ
3014 2793 3112 2826 κου
3145 2816 3158 2826 .

2845 2777 3112 2828 Θεοτόκου
3145 2816 3158 2829 .

2246 2892 2307 2947 Ὀ
2350 2888 2545 2963 Κύριος
2571 2889 2731 2960 ἡμῶν
2781 2888 2869 2942 καὶ
2904 2889 3054 2955 Θεὸς,
3097 2886 3270 2953 θὲλων
3318 2889 3606 2963 ἑτοιμάσαι
3649 2892 3825 2966 ἑαυτῴ

2174 2981 2296 3035 ναὸν
2322 2973 2600 3053 ἔμψυχον,
2657 2976 2748 3031 καὶ
2800 2978 2951 3031 οἶκον
3009 2979 3179 3052 ἅγιον,
3234 2978 3313 3042 εἲς
3370 2980 3645 3036 κατοικίαν
3700 2982 3825 3037 ἑαυ-

2172 3074 2309 3141 τοῦ,
2361 3068 2455 3123 τὸν
2515 3064 2751 3141 ἄγγελον
2809 3066 2976 3120 αὐτοῦ
3024 3066 3308 3123 ἀπέστειλε
3360 3070 3498 3143 πρὸς
3554 3070 3681 3135 τοὺς
3736 3068 3823 3127 δι-

408 3155 463 3187 Bl
498 3155 729 3189 annum
756 3155 973 3205 JUSLOS.
1009 3155 1077 3187 ex
1109 3155 1325 3202 quUUS
1359 3155 1527 3185 δυιιω
1558 3155 1885 3187 δευυιιυυιιι
1919 3155 2054 3184 ιλιι*-

407 3238 546 3277 nem
574 3224 813 3277 Matrem
833 3220 1149 3291 procedere
1177 3220 1593 3286 destinaverat,
1624 3225 1682 3275 et
1702 3220 2059 3290 praenuntia-

2171 3160 2358 3222 καίους
2388 3155 2641 3228 Ἰωακεῖμ
2695 3156 2785 3210 καὶ
2824 3156 3042 3225 Ἅνναν,
3101 3155 3150 3230 ἐξ
3195 3155 3268 3211 ὧν
3316 3156 3557 3228 ἠθέλησε
3609 3171 3818 3234 προελ-

2171 3256 2272 3291 ιςῗυ
2303 3249 2402 3291 φολν
2430 3245 2564 3291 θυιτᾶ
2598 3243 2767 3291 adora
2807 3247 3033 3291 Μαι.τὲοα
3085 3246 3267 3291 αὐτοῦ.
3334 3246 3434 3291 παῖ
3466 3254 3816 3291 πηηςη-Ᾱνηηρ

2160 3256 2272 3322 θεῖν
2303 3249 2402 3316 τήν
2430 3245 2566 3301 κατὰ
2598 3243 2768 3319 σάρκα
2807 3247 3034 3319 Μητέρα
3085 3246 3269 3301 αὐτοῦ.
3330 3246 3435 3304 Καί
3466 3254 3817 3323 προεμήνυσε

2158 3343 2261 3411 τήν
2295 3336 2571 3410 σύλληψιν
2599 3341 2701 3405 τῆς
2745 3335 2946 3410 ἀγόνου
2992 3335 3081 3391 καὶ
3138 3337 3368 3410 στείρας,
3415 3336 3508 3393 ’ίνα
3540 3334 3816 3415 βεϐαιώσῃ

2158 3438 2259 3502 τῆς
2289 3428 2563 3500 Παρτένου
2591 3426 2691 3495 τὴν
2742 3425 3008 3498 γέννησιν.
3063 3427 3222 3484 ’Όθεν
3282 3430 3589 3503 συνεκήφθη
3622 3431 3657 3499 ἡ
3690 3429 3816 3505 ἁγία

2159 3520 2434 3595 Ηαρθὲνος
2493 3513 2699 3590 Μαρία,
2759 3515 2849 3569 καὶ
2907 3511 3194 3589 ἐγεννήθη,
3251 3515 3402 3592 οὐχὶ,
3460 3516 3536 3580 ὠς
3590 3517 3814 3592 λέγουσί

2158 3629 2325 3675 τινες,
2355 3607 2439 3660 δτι
2467 3604 2602 3658 ἒπτᾶ
2658 3607 2871 3676 μηνῶν,
2928 3602 2964 3672 ἢ
3024 3605 3107 3658 ὅτι
3167 3604 3341 3680 χωρὶς
3398 3602 3613 3681 ἀνδρὸς,
3666 3605 3814 3664 ἀλλὰ

2156 3694 2381 3756 τελείως
2441 3691 2589 3747 ἐννέα
2648 3695 2837 3764 μηνῶν
2894 3691 3155 3765 ἐγεννήθη
3238 3694 3327 3749 καὶ
3375 3693 3424 3768 ἐξ
3484 3695 3811 3772 ἐπαγγελίας

2160 3786 2279 3860 μὶν,
2341 3782 2402 3839 ἐκ
2460 3782 2745 3858 συναφείας
2802 3778 2860 3835 δί
2913 3779 3126 3856 ἀνδρός.
3174 3782 3350 3845 Μόνος
3405 3785 3510 3859 γὰρ
3543 3786 3570 3840 ὁ
3617 3786 3812 3862 Κύριος

2162 3875 2314 3946 ἡμῶν
2347 3871 2437 3927 καὶ
2468 3870 2598 3931 Θεὸς
2654 3869 2867 3941 Ἰησοῦς
2926 3871 2954 3924 ὁ
3003 3872 3242 3946 Χριστὸς
3299 3872 3423 3928 ἄνευ
3469 3872 3685 3947 ἀνδρὸς,
3717 3875 3811 3931 καὶ

2156 3961 2333 4036 χωρὶς
2371 3958 2659 4036 συναφείας
2716 3959 2805 4013 καὶ
2857 3963 3062 4035 σπορᾶς
3117 3960 3379 4034 ἐγεννήθη
3413 3959 3472 4017 ἔκ
3501 3969 3600 4033 τῆς
3656 3964 3812 4038 άγιας

2155 4050 2454 4125 Παρθένου,
2505 4046 2831 4124 ἀπορῥήτως
2887 4048 2976 4103 καὶ
3035 4047 3468 4125 ἆνερμηνεύτως,
3530 4053 3604 4117 ὡς
3652 4050 3801 4109 οἶδεν

2151 4136 2355 4201 ἐκεῖνος
2391 4138 2575 4211 μόνος·
2607 4135 2697 4191 καὶ
2745 4134 2955 4201 τέλειος
3011 4138 3274 4215 ὑπάρχων
3328 4140 3480 4210 Θεὸς,
3535 4145 3708 4197 πάντα
3734 4144 3805 4199 τὰ

2151 4229 2318 4283 αὐτοῦ
2349 4235 2447 4297 τῆς
2502 4228 2639 4282 κατὰ
2695 4228 2864 4304 σάρκα
2923 4228 3240 4304 οἰκονομίας
3288 4229 3472 4287 τέλεια
3526 4230 3801 4306 προσελά-

2150 4311 2296 4372 ϐετο·
2339 4318 2517 4380 καθὼς
2545 4317 2636 4371 καὶ
2678 4317 2777 4386 τὴν
2805 4320 2914 4371 τῶν
2954 4316 3250 4392 ἀνθρώπων
3284 4318 3441 4398 φύσιν
3498 4319 3803 4399 ἐδημιούρ-

2148 4427 2299 4478 νησε,
2329 4406 2418 4461 καὶ
2446 4401 2650 4462 ἔπλασε
2678 4406 2740 4461 τὸ
2783 4406 3084 4484 καταχράς.

2719 4525 2799 4596 τῇ
2856 4522 2993 4598 αὐτῇ
3052 4525 3234 4599 ἡμέρᾳ

2146 4638 2351 4720 Μνήμη
2436 4642 2558 4720 τοῦ.
2593 4637 2746 4693 ὁσίου
2802 4640 3032 4720 ιηατρὸς
3088 4642 3251 4720 ἡμᾶζν
3305 4641 3582 4720 Ἰωάννου,
3640 4665 3800 4720 γενο-

2218 4709 2386 4837 μὲγου
2455 4709 2718 4785 πρότερον
2798 4709 3144 4782 ἐπισκόπου,’
3181 4714 3293 4769 εἶτα
3346 4709 3663 4792 ήπχαστοῦ
3691 4724 3794 4789 τῆς

2259 4802 2425 4837 αυοας
2451 4786 2547 4836 τοῦ
2581 4782 2735 4837 ἁγίου
2768 4777 2940 4837 Σάϐα.

2259 4780 2425 4855 αύρας
2451 4777 2547 4836 τοῦ
2581 4777 2735 4857 ἁγίου
2768 4777 2940 4842 Σάϐα.

2216 4870 2496 4940 Ἰωάννης,
2557 4870 2585 4924 ὁ
2636 4874 2735 4926 τοῦ
2820 4874 3055 4946 Χριστοῦ
3112 4874 3381 4950 θεράπων,
3442 4876 3648 4954 ἐγένετο
3688 4879 3795 4934 ἀπὸ

2144 4956 2502 5021 Νικοπόλεως
2546 4965 2645 5028 τῆς
2712 4960 3025 5034 Ἀρμενίας.
3088 4963 3241 5019 Μετὰ
3290 4961 3349 5020 δὲ
3405 4967 3628 5023 θάνατον
3682 4973 3789 5025 τῶν

2140 5047 2335 5125 γενὲων
2375 5048 2558 5120 αὐτοῦ,
2594 5049 2678 5105 ἐπὶ
2729 5056 2830 5121 τῆς
2890 5051 3170 5126 βασιλείας
3229 5061 3560 5132 Μαρκιανοῦ,
3623 5057 3795 5117 ἔδωκε

2139 5140 2231 5195 τὸν
2284 5139 2523 5196 πλοῦτον
2586 5140 2749 5197 αὐτοῦ
2786 5148 2907 5207 τοῖς
2932 5151 3201 5221 πτωχοῖς,
3232 5146 3323 5203 καὶ
3380 5148 3587 5225 ἐγένετο
3621 5172 3791 5225 μονα-

2140 5228 2262 5305 χόςο
2297 5226 2476 5285 διὰδὲ
2523 5237 2624 5302 τὴν
2682 5232 2877 5305 ἀρετὴν
2933 5235 3122 5308 αὐτοῦ,
3178 5234 3427 5309 ἐποίησεν
3477 5240 3638 5296 αὐτὸν
3673 5240 3793 5296 ἐπί-

2143 5340 2342 5376 σκοπον
2397 5321 2707 5385 Κολωνείας
2758 5323 2785 5377 ὁ
2846 5324 3273 5399 άρχιεπίσκοπος
3330 5324 3670 5393 Σεϐαστείας’
3703 5331 3796 5387 καὶ

2142 5408 2509 5481 ἐπεσκόπησεν
2565 5410 2661 5483 ἓτη
2727 5410 2873 5470 δέκα.
2932 5416 3059 5472 Εἶτα
3112 5417 3265 5496 άφεές
3321 5420 3422 5490 τὴν
3490 5418 3792 5491 ἐπισκοπὴν

2142 5498 2330 5571 αὐτοῦ,
2383 5500 2622 5570 ἀπῆλθεν
2681 5502 2759 5566 εἷς
2810 5504 2877 5558 τὰ
2932 5505 3311 5581 Ἱεροσύλυμα,
3367 5508 3457 5565 καὶ
3512 5509 3789 5585 ἡσύχασεν

2143 5589 2221 5654 εἷς
2246 5589 2342 5658 τὴν
2379 5586 2581 5665 λαύραν
2604 5595 2702 5647 τοῦ
2732 5592 2888 5668 ἁγίου
2940 5591 3108 5653 Σάϐα.
3165 5600 3435 5655 Τοσοῦτον
3469 5596 3526 5654 δὲ
3583 5599 3791 5675 ἐγένετο

2143 5677 2417 5755 ἐνάρετος,
2448 5679 2530 5735 ὅτι
2579 5682 2711 5738 ποτὶ
2750 5689 3083 5757 περιπατῶν,
3114 5687 3204 5742 καὶ
3257 5688 3545 5761 κοπιάσας,
3579 5688 3789 5765 ἐπήρθη
