4112 6308
297 277 398 337 197

1758 266 1768 280 ⁸
1787 261 2235 327 DECEMBER.

3600 272 3721 334 198

305 410 383 466 6:6
436 405 721 481 δυνάμεως
780 410 967 479 Θεοῦ,
1024 404 1120 461 καὶ
1181 403 1372 479 εὑρέθη
1449 397 1699 475 ἐξαίφνης
1758 395 1833 457 εἷς
1889 396 1952 450 τὸ

2071 397 2510 469 erat,temporis
2539 403 2843 455 momento
2875 398 3345 458 deferretur.Sed
3373 419 3506 459 cum
3525 404 3720 460 Persae

299 496 494 554 γελλίον
542 494 738 564 αὐτοῦ,
803 502 918 565 τῆς
986 494 1043 551 ἐν
1103 495 1251 567 μέσῳ
1313 488 1445 547 ὁδοῦ
1504 487 1749 563 ἐχούσης
1805 483 1963 559 μίλια

292 590 447 644 πέντε.
482 584 662 642 Ἀλλᾶ
693 585 791 639 καὶ
837 584 939 639 ὅτε
969 583 1145 654 ἦλθον
1175 583 1227 637 οἱ
1258 579 1454 653 Πέρσαι
1513 578 1650 633 κατά
1699 582 1797 645 τῆς
1843 576 1961 650 χώ-

298 697 378 752 ρας
402 674 641 744 ἐκείνης,
673 674 770 729 καὶ
803 673 1071 743 ἀπῆλθον
1107 672 1197 727 καὶ
1257 670 1336 731 εἰς
1391 670 1492 737 τήν
1553 666 1780 741 λαύραν,
1840 666 1959 720 ἐτυ-

295 767 607 843 φλώθησαν,
637 763 739 818 καὶ
782 762 894 818 οὐκ
922 757 1163 817 ἔϐλεπον
1218 760 1281 814 τὸ
1338 755 1563 813 κελλίον
1601 755 1785 810 αὐτοῦ·
1818 753 1957 829 ᾐτή-

298 841 413 910 σατο
443 851 501 908 δί
528 853 625 908 τὸν
652 854 793 908 Θεὸν
825 850 996 919 tam,
1046 855 1164 912 πῶς
1220 846 1515 922 χωρίζεται
1545 847 1580 914 ἡ
1641 845 1794 917 ψυχὴ
1855 841 1960 896 ἀπὸ

292 943 698 1015 τοῦσώματος,
731 942 829 995 καὶ
878 937 1081 1012 ἔδειξεν
1127 937 1294 1010 αὐτῷ.
1327 939 1503 1008 Ζήσας
1559 931 1616 988 δὲ
1666 933 1733 987 τὰ
1786 932 1961 987 πάντα

292 1030 378 1104 ἔτη
410 1034 603 1089 ἑκατὸν
636 1033 884 1106 τέσσαρα
924 1027 1244 1099 ἐτελειώθη.

881 1151 967 1224 Τῇ
1017 1148 1156 1221 αὐτῇ
1207 1146 1392 1219 ἡμέρᾳ

298 1242 504 1313 Μνημη
538 1237 652 1294 τῶν
694 1240 871 1334 ἁγίων
906 1233 1229 1292 ἀποστόλων
1281 1233 1341 1289 έκ
1394 1235 1502 1287 τῶν
1552 1225 1958 1302 ἑϐδομήκοντα,

366 1320 401 1334 τι
467 1311 543 1334 γης
593 1332 607 1334 _
775 1308 1009 1334 ._-\\.\.
1086 1312 1241 1334 v_..:-.
1315 1307 1564 1334 ηιμ-...ηεξ
1621 1297 1955 1334 ἰν---.ΑΑΑΧΙΑ

366 1297 707 1380 Σωσθένους,
741 1297 1036 1385 θΔπολλῲ,
1086 1312 1262 1385 Κηφᾷ,
1315 1307 1586 1378 Τυχικοῦ,
1621 1297 1956 1377 Ἐπαφροδίο

360 1405 478 1453 του,
512 1378 819 1459 Καίσαρος,
845 1380 936 1437 καὶ
969 1378 1352 1456 Ὀνησιιρόρου.

369 1490 599 1549 Τούτων
635 1495 748 1545 τῶν
798 1488 970 1566 ἁγίων
1008 1485 1357 1554 ἀποστόλων,
1416 1484 1444 1538 6
1504 1483 1598 1556 μὲν
1651 1479 1956 1549 Σωσθένης,

300 1581 509 1644 οὗτινος
568 1582 598 1634 6
648 1580 808 1654 ἅγιος
872 1575 1184 1638 ἀπόστολος
1239 1571 1458 1634 Παῦλος
1518 1573 1811 1646 μέμνηται,
1844 1567 1957 1623 έπί-

301 1690 503 1732 σκοπος
536 1669 872 1747 Κολιφῶνος
923 1666 1150 1745 ἐγένετο·
1212 1666 1239 1720 6
1299 1661 1355 1719 δὲ
1406 1660 1695 1729 Ἀπολλὼ,
1746 1658 1958 1747 οὗτινος

2074 485 2456 542 excursiones
2486 488 2547 543 in
2579 488 2745 544 illam
2775 490 3079 562 regionem
3109 491 3394 558 facerent,
3414 499 3473 548 et
3501 494 3574 549 ad
3596 494 3720 550 lau-

2072 588 2201 627 ram
2233 576 2953 649 pervenissent,exca:cati
2986 586 3142 647 sunt,
3170 599 3283 636 nec
3312 582 3525 638 cellam
3557 584 3720 639 illius

2074 662 2273 718 videre
2303 671 2647 737 potuerunt.
2682 670 2923 741 Rogavit
2951 676 3149 726 autem
3178 672 3456 739 Deum,ut
3474 672 3719 741 videret,

2074 752 2374 820 quomodo
2437 756 2641 812 anima
2698 773 2728 811 e
2767 775 3016 829 corpore
3064 760 3420 829 excederet;
3483 762 3719 832 votique

2076 853 2321 910 compos
2342 841 2534 899 factus
2565 850 2671 900 est.
2701 846 2845 901 Cum
2871 863 3003 902 vero
3034 864 3227 904 annos
3258 855 3512 920 quatuor
3539 865 3720 919 supra

2071 932 2309 983 centum
2341 931 2600 1002 vixisset,
2624 935 2897 1005 migravit
2926 937 3000 992 ad
3028 937 3368 993 Dominum.

2717 1089 2935 1144 Eodem
2968 1089 3065 1146 die

2067 1170 2162 1223 17
2190 1247 2197 1249 Α
2230 1170 2681 1249 ϐοηιτηετηοναιίο
2730 1185 3043 1233 sanctorum
3098 1180 3472 1249 apostolorum
3520 1197 3589 1235 ea:
3644 1197 3720 1235 se-

2130 1244 2789 1323 ptuaginta,_Sostltenis,
2822 1251 3051 1323 Apollo,
3082 1244 3292 1323 Céphae,
3312 1252 3720 1322 Tychici,Epa-

2131 1311 2408 1383 phroditi,
2444 1318 2686 1386 Czsm‘is,
2717 1311 2785 1373 et.
2800 1311 3150 1391 Ott-esiphori;

2139 1485 2221 1539 Ex
2247 1486 2339 1541 his
2371 1491 2592 1546 sanctis
2622 1494 2906 1564 apOstolis
2928 1496 3247 1550 Sosthenes
3274 1496 3718 1567 quidem,cujus

2070 1578 2310 1630 sanctus
2340 1580 2643 1649 apostolus
2675 1583 2892 1638 Paulus
2916 1584 3527 1656 meminit,episcopus
3552 1586 3722 1639 Colo-

2069 1661 2284 1733 phonis
2313 1664 2459 1734 fuit;
2493 1669 2703 1739 Apollo
2734 1677 2954 1739 autem,
2983 1673 3155 1744 cujus
3187 1675 3552 1729 mentionem
3582 1673 3724 1729 facit

301 1758 389 1813 καὶ
418 1758 587 1811 αὐτοῦ
649 1758 680 1811 6
706 1746 709 1747 ν
740 1755 900 1817 αὐτὸς
955 1752 1258 1815 ἀπόστολος
1294 1750 1565 1825 μέμνηται
1606 1747 1657 1802 έν
1724 1746 1793 1820 τῇ
1824 1746 1953 1821 πρὸς

2071 1749 2227 1806 idem
2257 1756 2646 1824 apostolusin
2676 1761 2869 1831 prima
2920 1763 2994 1817 ad
3041 1762 3378 1816 Corinthios
3428 1764 3719 1833 Epistola,

301 1846 620 1918 Κορινθίους
682 1847 879 1921 πρώτῃ
944 1841 1229 1917 ἐπιστολῇ,
1288 1841 1580 1902 ἐπίσκοπος
1635 1834 1957 1909 Καισαρείας

294 1934 533 2009 ἐγένετο.
566 1936 631 1992 Ὁ
654 1933 713 1989 δὲ
745 1935 1009 2008 Τυχικὸς,
1077 1933 1139 1988 οὗ
1195 1932 1280 1987 καὶ
1346 1928 1508 1985 αὐτοῦ
1539 1929 1566 1981 6
1621 1926 1784 1987 αὐτὸς
1816 1923 1954 1979 ἀπό-

295 2022 494 2085 στολος
547 2025 847 2097 μέμνηται,
910 2021 1159 2098 δεύτερος
1210 2021 1506 2081 ἐπίσκοπος
1560 2016 1693 2090 μετὰ
1745 2012 1955 2069 Σωσθέ-

298 2136 395 2182 νην
428 2095 777 2192 Κολοφῶνος
819 2095 1113 2188 ἐγένετο·τὸ
1171 2109 1228 2166 δὲ
1283 2105 1708 2194 Ἐπαερρόδιτος,
1742 2106 1954 2168 οὗτινος

298 2207 389 2262 καὶ
420 2208 595 2261 αὐτοῦ
647 2207 675 2260 6
733 2206 896 2267 αὐτὸς
949 2201 1255 2265 ἀπόστολος
1317 2203 1611 2275 μέμνηται,
1661 2196 1955 2261 ἐπίσκοπος

300 2294 599 2371 Ἀδριάκης
656 2293 886 2370 ἐγένετο·
976 2295 1004 2348 6
1049 2290 1107 2348 δὲ
1169 2295 1399 2366 Καῖσαρ,
1476 2287 1539 2344 οὗ
1617 2286 1707 2344 καὶ
1793 2286 1957 2341 αὐτοῦ

303 2388 332 2441 6
389 2384 731 2446 Ἀπόστολος
783 2381 1081 2458 μέμνηται,
1138 2382 1433 2443 ἐπίσκοπος
1490 2380 1746 2454 Κορώνης
1795 2376 1957 2452 γέγο⁴

304 2496 410 2530 νεν.
443 2475 615 2532 Οὗτοι
647 2475 842 2535 πάντες
872 2471 1061 2537 καλῶς
1116 2469 1597 2543 πολιτευσάμενοι,
1655 2466 1744 2520 καὶ
1794 2463 1956 2526 ὁσίως

308 2564 694 2636 ποιμάναντες,
756 2563 848 2618 καὶ
905 2558 1332 2637 κυϐερνήσαντες
1384 2560 1478 2622 τὰς
1530 2557 1831 2631 λαχούσας-
1862 2552 1958 2609 αὖ·

308 2660 420 2716 τοῖς
462 2652 822 2723 Ἐκκλησίας,
860 2652 951 2707 καὶ
1007 2653 1099 2707 τὸν
1153 2650 1313 2718 λαὸν,
1370 2648 1463 2704 καὶ
1494 2644 1746 2702 πολλοὺς
1776 2663 1963 2718 πειρα-

312 2742 476 2815 aruo-3;
555 2742 649 2797 καί
710 2742 979 2817 βασάνους
1066 2738 1448 2813 ὑπομείναντες
1538 2735 1672 2807 ὑπὲρ
1723 2735 1960 2807 Χριστοῦ

2068 1839 2380 1914 episcopus
2408 1849 2689 1903 Caesarea)
2723 1869 2737 1917 ;
2770 1852 3056 1922 Tychicus
3086 1869 3246 1917 vero,
3303 1853 3374 1906 de
3408 1870 3523 1924 quo
3556 1852 3721 1907 idem

2064 1931 2308 2000 Paulus,
2341 1936 2613 1993 Sostheni
2645 1940 2705 1995 in
2738 1942 3080 2014 episcopatu
3102 1943 3461 2015 Colophonis
3484 1961 3724 1998 succes-

2067 2023 2145 2078 sit
2175 2043 2189 2089 ;
2222 2025 2679 2096 Epaphroditus,
2714 2047 2891 2101 quem
2922 2031 3080 2086 idem
3130 2032 3432 2104 apostolus
3490 2032 3719 2097 laudat,

2066 2111 2488 2170 Adriacensem
2518 2118 2843 2174 Ecclesiam
2877 2121 3190 2192 episcopus
3210 2122 3365 2177 rexit
3389 2122 3612 2191 gCaasar
3626 2122 3725 2176 de-

2066 2217 2253 2270 mum,
2288 2203 2459 2274 cujus
2512 2205 2671 2262 idem
2727 2210 2947 2264 Paulus
3004 2210 3300 2278 meminit,
3362 2210 3720 2265 Coronensis

2068 2291 2381 2364 episcopus
2410 2293 2542 2350 fuit.
2579 2297 2685 2361 Qui
2746 2315 2953 2354 omnes
3008 2301 3127 2355 vita
3178 2304 3338 2355 recte
3403 2306 3721 2368 transacta,

2068 2395 2308 2450 easque,
2341 2398 2472 2452 qua:
2499 2384 2611 2439 sibi
2635 2385 2987 2460 obtigerant,
3020 2387 3315 2444 Ecclesias
3348 2393 3405 2444 et
3432 2389 3721 2460 populum

2071 2475 2274 2524 sancte
2306 2471 2699 2546 religioseque
2724 2476 3125 2549 gubernantes
3157 2484 3333 2549 atque
3385 2485 3718 2549 pascentes,

2070 2556 2290 2614 multas
2315 2577 2611 2619 {erumnas
2644 2581 2710 2619 ac
2742 2566 3040 2622 formenta
3066 2583 3170 2638 pro
3201 2567 3432 2622 Christo
3470 2566 3542 2621 ab
3588 2568 3720 2621 ido-

2068 2644 2301 2702 lolatris
2359 2653 2517 2720 passi
2577 2653 2982 2724 decesserunt,
3024 2657 3256 2711 animas
3287 2673 3423 2712 suas
3471 2656 3720 2711 Domino

2075 2735 2395 2805 tradentes,
2428 2756 2535 2810 pro
2568 2759 2684 2812 quo
2716 2749 2990 2815 prompto
3020 2745 3220 2800 animo
3252 2745 3390 2800 caesi
3422 2751 3583 2800 sunt.

313 2835 451 2907 παρὰ
506 2837 617 2887 τῶν
679 2830 1132 2905 εἷδωλολατρῶν,
1188 2829 1607 2899 ἐτελειώθησαν,
1663 2820 1993 2898 παραδόντες
2050 2820 2145 2884 τὰς
2200 2824 2381 2899 ψυχὰς
2440 2827 2617 2884 αὐτῶν
2674 2834 2753 2902 τῷ
2812 2832 3024 2906 Κυρίῳ,
3088 2834 3220 2908 ὑπὲρ
3294 2833 3356 2887 οὗ
3417 2832 3718 2908 προθύμως

312 2921 605 2999 ἐσφάγησαν
616 2966 629 2978 .

878 3043 958 3115 τῇ
1009 3039 1143 3113 αὐτῇ
1201 3039 1385 3116 ἡμέρᾳ

477 3132 692 3204 Μνήμη
718 3133 816 3185 τοῦ
849 3130 1006 3184 όσίυυ
1030 3130 1241 3204 Πατρὸς
1271 3130 1432 3202 ἡμῶν
1465 3125 1771 3183 Ηαταπίου.

371 3313 431 3367 Ὀ
466 3309 620 3373 ὅσιος
677 3312 859 3385 πατὴρ
920 3311 1084 3382 ἡμῶν
1143 3308 1416 3371 Πατάπιος
1471 3309 1538 3378 ἦν
1597 3306 1703 3362 ἀπὸ
1758 3300 1953 3376 Θηϐῶν

311 3407 404 3470 τῆς
431 3400 735 3475 Αἰγύπτου·
781 3401 1075 3474 γενόμενος
1135 3396 1192 3454 δὲ
1251 3397 1517 3473 μοναχὸς,
1586 3396 1825 3466 ἀπῆλθεν
1877 3393 1954 3456 εἷς

309 3491 401 3558 τὴν
480 3486 710 3565 ἔρημον·
771 3489 860 3544 καὶ
920 3486 1170 3563 ἡσύχασε
1215 3485 1463 3549 πολλοὺς
1531 3486 1786 3562 χρόνους·
1843 3485 1954 3539 εἶτα

306 3581 400 3649 τὴν
456 3576 667 3654 ἔρημον
749 3578 1093 3648 καταλιπὼν,
1150 3579 1472 3655 παρεγένετο
1532 3576 1607 3640 εἷς
1674 3582 1956 3633 Κωνσταν-

308 3669 643 3738 τινούπολιν,
723 3664 849 3733 ἔνθα
931 3666 1119 3723 πολλὰ
1213 3665 1598 3744 κατειργάσατο
1683 3665 1948 3739 θαύματα·

304 3757 543 3836 τυνξολοῦς
599 3753 900 3831 ἀναϐλέψαι
969 3754 1061 3811 διὰ
1142 3757 1456 3831 προσευίῆς
1532 3754 1775 3826 ἐποίησε,
1860 3761 1949 3815 καὶ

306 3846 614 3923 ὑδρωπικὸν
673 3844 765 3901 διὰ
828 3846 1067 3922 χρίσεως
1154 3847 1306 3920 ἁγίου
1364 3844 1551 3901 ἐλαίου
1608 3843 1946 3919 ἐθεράπευσε·

302 3939 386 3991 καί
419 3933 605 4012 ἕτερον
635 3934 836 4011 ἔχοντα
864 3941 1119 4010 καρκῖνον
1145 3935 1350 4005 ἰάσατο,
1412 3933 1567 4009 ὅπερ,
1622 3935 1695 3996 ὡς
1751 3933 1803 3988 οἱ
1864 3932 1948 3986 ἰα-

303 4027 418 4099 τροὶ
497 4025 777 4098 λέγουσιν,
825 4020 937 4079 ἔστι
1013 4023 1182 4088 πάθος
1241 4025 1477 4079 ἀνίατον.
1531 4023 1628 4077 Καὶ
1688 4020 1949 4095 δαίμονας

302 4115 359 4170 οὗ
393 4116 563 4188 μόνον
592 4113 647 4185 ἐξ
679 4116 1005 4190 ἀνθρώπων,
1039 4112 1183 4169 ἀλλὰ
1229 4114 1317 4169 καὶ
1366 4113 1425 4168 ἐκ
1479 4113 1660 4168 τόπων
1714 4109 1945 4166 πολλῶν

309 4204 651 4279 βλάπτοντας
705 4202 831 4266 τοὺς
888 4203 1230 4279 ἀνθρώπους,
1270 4202 1538 4272 ἀπήλασε,
1598 4203 1686 4256 καὶ
1742 4199 1944 4271 ἐδίωξε.

307 4297 401 4349 Καὶ
432 4292 582 4349 ἅὶλα
613 4292 800 4348 πολλά
850 4294 1096 4365 θαύματα
1152 4291 1376 4363 ἐποίησε
1419 4293 1645 4365 μνήμης
1685 4291 1774 4345 καὶ
1822 4312 1949 4363 συγ-

2710 3041 2931 3097 Eodem
2954 3041 3049 3096 die

2141 3130 2241 3186 18
2273 3130 2721 3185 Commemoratio
2754 3132 2936 3186 sancti
2964 3132 3147 3186 Patris
3176 3134 3354 3187 nostri
3397 3134 3643 3203 Patapz'i.

2136 3322 2385 3377 Sanctus
2417 3326 2584 3392 pater
2612 3327 2816 3377 noster
2844 3324 3120 3394 Patapius
3145 3324 3358 3379 Thebis
3389 3325 3450 3379 in
3473 3326 3715 3397 Egypto

2064 3416 2262 3478 natus,
2295 3416 2532 3482 sumpto
2565 3413 2995 3468 monachorum
3026 3414 3321 3484 instituto,
3354 3413 3415 3468 in
3450 3430 3716 3469 eremum

2066 3501 2334 3569 secessit,
2367 3500 2465 3554 ubi
2502 3501 2603 3556 diu
2628 3502 2891 3572 quietam
2907 3503 3087 3558 vitam
3119 3504 3254 3575 egit.
3280 3505 3491 3558 Postea
3510 3504 3719 3558 relicta

2066 3605 2264 3644 eremo
2295 3590 2873 3662 Constantinopolim
2902 3591 3499 3663 profectus,plurima
3519 3598 3719 3663 patra-

2062 3680 2146 3733 vit
2173 3678 2462 3734 miracula
2496 3696 2508 3732 :
2543 3680 2714 3733 caecis
2747 3680 2904 3734 enim
2964 3680 3156 3734 visum
3214 3680 3492 3751 precibus
3544 3681 3715 3735 adhi-

2060 3766 2199 3821 bitis
2237 3767 2533 3821 restituit:
2567 3768 2860 3823 intercute
2919 3784 3073 3838 aqua
3129 3769 3521 3837 laborantem,
3582 3769 3714 3824 oleo

2059 3861 2262 3909 sancto
2290 3872 2518 3926 ungens
2551 3857 2775 3910 curavit
2804 3872 2817 3911 :
2860 3857 3177 3927 quemdam
3220 3873 3460 3924 cancro,
3490 3857 3710 3925 morbo,

2058 3950 2123 3998 ut
2153 3944 2369 3998 medici
2403 3944 3710 4017 aiunt,immedicabili,correptumliberavit:

2059 4033 2359 4088 dmmones
2391 4051 2512 4089 non
2544 4034 2737 4089 solum
2768 4035 2840 4089 ab
2876 4036 3154 4091 humanis
3181 4036 3714 4109 corporibus,seda

2056 4126 2261 4180 multis
2291 4126 2470 4181 etiam
2504 4126 2778 4196 locis,ubi
2807 4128 3153 4183 hominibus
3182 4127 3497 4196 nocebant,
3532 4145 3714 4199 expu-

2054 4215 2125 4270 lit
2152 4217 2487 4289 fugavitque
2512 4235 2524 4271 :
2546 4217 2735 4272 multa
2760 4219 3015 4289 denique
3044 4219 3161 4276 alia
3178 4225 3510 4275 memoratu
3533 4219 3713 4291 digna

2055 4303 2324 4377 prodigia
2352 4306 2510 4361 fecit.
2544 4306 2808 4377 Cumque
2834 4306 2969 4362 talis
2996 4313 3315 4379 tantusque
3347 4313 3708 4379 esset,atque

307 4388 518 4461 γραφῆς
554 4381 696 4454 ἄξια.
728 4386 991 4444 Τοιοῦτος
1023 4378 1081 4436 δὲ
1130 4383 1449 4456 γενόμενος,
1505 4381 1593 4435 καὶ
1654 4381 1799 4456 παρᾶ
1860 4380 1951 4455 βα-

2071 4394 2123 4448 in
2155 4411 2385 4450 summo
2418 4395 2643 4450 honore
2676 4395 2747 4451 ab
2777 4397 3237 4468 imperatoribus
3271 4403 3329 4451 et
3356 4397 3711 4469 patriarchis

304 4471 497 4527 σιλέων
530 4472 622 4526 καὶ
653 4475 1008 4547 πατριαρχῶν
1040 4472 1375 4543 τιμώμενος,
1432 4468 1521 4525 καὶ
1578 4469 1681 4524 ὑπὸ
1731 4467 1945 4524 πάντων

311 4557 394 4615 διὰ
420 4561 524 4630 τήν
558 4561 756 4635 ἀρετήν
788 4560 953 4615 αὑτοῦ
977 4560 1364 4635 ἀγαπώμενος,
1422 4557 1475 4613 ἐν
1535 4558 1724 4635 εἰρήνῃ
1784 4557 1946 4620 τέλος

301 4655 392 4705 τοῦ
420 4652 697 4725 παρόντος
729 4650 850 4726 βίου
906 4650 1146 4724 ἐδέξατο,
1178 4652 1269 4705 καὶ
1327 4646 1611 4724 παρέδωκε
1638 4650 1740 4720 τήν
1776 4670 1949 4722 μακα-

305 4738 414 4814 ρίαν
447 4738 618 4794 αὐτοῦ
671 4740 856 4814 ψυχήν
914 4744 993 4812 τῷ
1053 4738 1260 4815 Κυρίῳ.
1317 4737 1387 4793 Τὸ
1418 4736 1475 4792 δὲ
1531 4735 1717 4810 τίμιον
1779 4738 1950 4792 αὐτοῦ

311 4829 558 4903 λείψανον
590 4832 848 4901 κατετέθη
882 4830 936 4885 έν
980 4825 1574 4905 Κωνσταντινουπρλει.

899 4955 975 5025 Τῇ
1016 4949 1151 5025 αὐτῇ
1178 4953 1360 5025 ἡμέρᾳ

375 5066 582 5138 Μνήμη
616 5069 718 5142 τοῐξ
747 5065 901 5142 ὁσίου
928 5066 1139 5141 Πατρὸς
1162 5068 1332 5142 Δἡμῶν
1364 5065 1704 5142 Σωςρρονίσυ,
1763 5065 1878 5120 ἐπι-

624 5138 830 5193 σκόπου
862 5136 1240 5201 Κωνσταντίας
1266 5144 1366 5207 τῆς
1397 5136 1636 5213 Κύπρου.

367 5237 427 5291 ’0
482 5236 639 5298 ὅσιος
717 5237 899 5310 Πατὴρ
960 5238 1122 5309 ἡμῶν
1183 5236 1500 5313 Σωφρόνιος
1581 5235 1788 5311 ἐγένετο
1843 5235 1951 5291 ἀπὸ

306 5329 396 5391 τῆς
449 5324 680 5398 Κύπρου
736 5331 837 5394 τῆς
897 5322 1148 5399 μεγάλης
1198 5326 1387 5395 νήσου,
1465 5328 1803 5401 Χριστιανῶν
1859 5324 1949 5379 καὶ

302 5408 544 5468 εύλαϐὡν
576 5412 784 5485 γονέων
820 5413 959 5475 υἱός.
992 5413 1095 5469 Ἦν
1123 5408 1181 5467 δὲ
1215 5410 1284 5466 δι’
1316 5411 1536 5487 εὐφυΐαν
1590 5411 1948 5486 πολυμαθής,

302 5500 554 5579 ἀναγνοὺς
585 5500 870 5575 ἐπιμελῶς
893 5503 996 5571 τὴν
1067 5500 1224 5576 ἁγίαν
1275 5503 1517 5576 Γραφήν,
1566 5503 1656 5557 καὶ
1717 5501 1948 5574 μελετή-

293 5611 381 5655 σας
406 5594 473 5650 τᾶ
521 5590 699 5668 λόγια
758 5591 966 5666 Κυρίου
1023 5589 1211 5652 νυκτὸς
1263 5591 1352 5646 καὶ
1410 5591 1644 5665 ἡμέρας.
1679 5594 1948 5646 Τοσοῦτον

287 5679 342 5740 δί
370 5682 592 5764 ἐγένετο
645 5681 921 5756 ἐνάρετος,
968 5680 1062 5734 καὶ
1121 5676 1385 5750 εὐλαϐὴς,
1444 5678 1583 5734 ὥστε
1637 5680 1726 5734 καὶ
1786 5686 1952 5762 μεγά-

2062 4483 2135 4538 ob
2165 4501 2300 4539 suas
2314 4485 2557 4540 virtutes
2579 4486 2985 4554 haberetur,in
3012 4503 3156 4558 pace
3191 4486 3373 4541 ﬁnem
3391 4487 3705 4556 praesentis

2058 4573 2188 4627 vitae
2219 4575 2462 4646 accepit,
2503 4575 2736 4631 beatam
2768 4575 3029 4630 animam
3083 4591 3249 4629 suam
3289 4573 3540 4629 Domino
3574 4579 3703 4629 tra-

2059 4663 2207 4719 deus
2242 4682 2255 4731 ;
2289 4665 2561 4735 pretiosae
2584 4681 2717 4718 vero
2753 4665 2879 4735 ejus
2901 4664 3168 4733 reliquiae
3195 4663 3706 4734 Constantinopoli

2062 4753 2391 4822 quiescunt.

2701 4921 2920 4976 Eodem
2971 4922 3065 4977 die

2062 5012 2160 5066 I9
2200 5010 2651 5066 Commemoratio
2706 5013 2882 5083 sancti
2932 5013 3116 5068 Patris
3174 5014 3352 5067 nostri
3378 5012 3704 5083 Sophronii,

2454 5083 2695 5152 episcopi
2736 5082 3067 5138 Constantia:
3121 5083 3302 5154 Cypri.

2132 5230 2380 5284 Sanctus
2403 5229 2575 5282 Pater
2627 5233 2829 5283 noster
2875 5227 3241 5300 SOphronius
3273 5231 3333 5285 in
3365 5231 3552 5301 Cypro
3586 5245 3710 5284 ma-

2064 5335 2179 5389 gna
2209 5317 2408 5373 insula
2436 5317 2790 5373 Christianis
2846 5318 3080 5389 piisque
3130 5318 3479 5391 parentibus
3511 5323 3709 5384 natus,

2059 5409 2346 5465 felicitate
2364 5407 2584 5480 ingenii
2601 5408 2818 5463 multas
2833 5409 3109 5464 scientias
3122 5415 3713 5475 assecutus,sacram-

2062 5514 2178 5569 que
2210 5497 2574 5569 Scripturam
2604 5496 2949 5562 versans,in
2981 5497 3237 5568 eloquiis
3272 5496 3500 5550 Domini
3530 5500 3711 5550 noctu

2063 5588 2285 5658 diuque
2315 5584 2734 5641 meditabatur.
2758 5587 2836 5640 Eo
2865 5591 3062 5641 autem
3093 5584 3326 5640 virtutis
3355 5584 3710 5655 pietatisque

2060 5676 2371 5758 processit,
2403 5679 2470 5729 ut
2500 5678 2557 5727 et
2585 5673 2909 5729 multorum
2936 5674 3225 5728 donorum
3254 5672 3464 5743 dignus
3512 5672 3705 5737 fuerit,
