4114 6306
372 355 487 417 199

1690 341 2131 411 MENOLOGII
2172 345 2372 407 PARS
2413 344 2462 407 Ι.

3665 339 3786 403 200

372 499 431 548 et
462 491 722 564 plurima
743 489 998 546 ediderit
1025 487 1330 545 miracula.
1358 488 1548 552 Quare
1577 488 1713 558 post
1746 480 2005 538 Damian?

2133 476 2244 533 λων
2304 477 2664 554 Χαρισμάτων
2719 478 3041 549 ἀξιωθῆναι,
3101 476 3191 532 καὶ
3263 476 3451 534 πολλὰ
3529 476 3782 551 θαύματα

373 580 736 636 sanctissimi
758 578 931 651 Cypri
963 575 1394 649 archiepiscopi
1427 573 1675 639 obitum,
1708 571 1889 626 totius
1912 586 2019 641 po-

374 669 500 742 puli
534 670 1067 740 episcoporumque
1099 665 1395 737 suffragiis
1427 663 1736 719 ordinatur
1765 657 2013 715 sanctis-

373 759 540 813 simae
571 758 846 813 Ecclesim
872 756 1044 827 Cypri
1068 754 1570 825 archiepiscopus.
1607 751 1887 820 Suscepto
1913 763 2020 801 au-

378 852 498 903 tem
528 846 804 902 Ecclesia:
819 845 1463 917 regimine.pauperum
1482 838 2016 909 ducem,orphano-

367 954 500 992 rum
515 935 1187 1009 adjutorem,viduarum
1202 929 1761 998 defensorem,male
1776 927 2014 982 affecto-

367 1043 501 1082 rum
528 1023 1235 1090 liberatorem,nudorum
1268 1027 1502 1093 tegmen
1520 1036 1581 1075 se
1604 1016 2017 1091 praestitit.Per

366 1115 527 1170 hunc
548 1114 790 1170 modum
821 1128 954 1169 cum
992 1117 1177 1167 totum
1208 1113 1339 1165 vitai
1367 1126 1487 1165 suae
1514 1115 1749 1179 tempus
1780 1106 1909 1161 sine
1927 1104 2013 1158 of-

358 1206 661 1263 fendicula
693 1212 752 1262 et
782 1206 912 1261 sine
941 1205 1076 1261 labe
1107 1202 1713 1272 traduxisset,Deique
1736 1196 2016 1254 mandata

360 1313 465 1369 pro
495 1296 721 1352 viribus
752 1295 1139 1367 implevisset,
1174 1295 1235 1348 in
1266 1291 1564 1365 profunda
1595 1293 1898 1345 senectute
1938 1285 2012 1341 ad

363 1386 678 1441 Dominum
713 1385 1005 1457 migravit.

929 1472 1171 1528 EODEM
1189 1471 1441 1526 MENSE.

1006 1562 1110 1617 Die
1141 1560 1375 1616 decima

359 1655 461 1712 20
489 1654 787 1711 Certamen
840 1657 1152 1707 sanctorum
1209 1655 1518 1718 martyrum
1558 1649 1751 1716 Mene,
1783 1646 2009 1699 Hanno-

860 1724 1035 1793 gem's,
1092 1727 1148 1776 et
1198 1719 1511 1790 Eugraphi.

438 1889 687 1944 Sanctus
740 1888 965 1956 martyr
994 1886 1195 1939 Menas
1252 1880 1619 1953 temporibus
1677 1877 2014 1933 Maximiani

344 1995 403 2032 m
448 1975 745 2049 peratoris
774 1974 905 2030 fuit.
936 1973 1080 2027 Cum
1111 1977 1310 2027 autem
1342 1970 1404 2025 in
1448 1968 1595 2025 urbe
1651 1966 2015 2023 Alexandria

348 2082 453 2120 res
480 2064 751 2136 quaedam
783 2064 845 2118 in
865 2058 2013 2133 disceptationem,quaestionemquevo-

359 2158 656 2217 carentur,
684 2151 902 2207 missus
932 2156 1023 2206 est
1042 2150 1115 2204 ab
1146 2150 1505 2220 imperatore
1536 2146 1610 2202 ad
1633 2145 1831 2217 jurgia
1847 2161 2010 2199 com-

358 2242 728 2314 ponenda,ut
740 2242 788 2293 is
803 2240 904 2311 qui
931 2239 1224 2311 sapientia
1240 2244 1299 2292 et
1328 2236 1672 2307 eloquentia
1684 2234 2009 2306 plurimum

353 2336 575 2403 posset.
613 2328 1035 2384 Alexandriam
1068 2329 1268 2398 itaque
1297 2326 1616 2397 profectus,
1652 2323 1887 2379 sublata
1915 2338 2009 2377 se-

353 2422 608 2491 dataque
637 2418 801 2474 omni
828 2416 1250 2483 controversia,
1284 2414 1652 2471 Christianos
1681 2412 2010 2484 promptio-

354 2528 451 2565 res
481 2509 922 2578 erectioresque
978 2506 1257 2570 reddidit,
1320 2521 1560 2575 eosque.
1616 2503 1716 2574 qui
1800 2501 2009 2556 morbo

358 2600 563 2670 aliquo
595 2598 963 2664 laborarent,
995 2596 1237 2650 curavit.
1275 2594 1440 2659 Quod
1472 2593 1573 2647 ubi
1604 2590 2009 2663 cognovitim-

356 2694 614 2760 perator,
648 2686 815 2742 misit
870 2687 1301 2756 Hermogenem
1332 2680 1819 2754 prmfectum,qui
1845 2679 2008 2734 omni

356 2781 797 2831 tormentorum
830 2790 1048 2847 genere
1080 2773 1347 2828 studeret
1392 2777 1665 2827 sanctum
1697 2772 1926 2825 Menam
1975 2785 2011 2824 a

354 2867 689 2922 Christiana
719 2865 836 2920 fide
865 2864 1178 2919 abducere.
1213 2864 1286 2917 At
1315 2862 1416 2917 ille
1447 2863 1631 2917 Meum
1661 2859 1865 2915 oculos
1888 2858 2006 2930 pri-

356 2972 519 3011 mum
550 2954 778 3022 effodit,
810 2953 1026 3009 deinde
1084 2952 1351 3024 linguam
1410 2949 1697 3022 praecidit.
1730 2948 1841 3003 Sed
1872 2963 2008 3002 cum

357 3044 596 3101 sanitati
629 3044 970 3100 restitutum
1002 3042 1176 3099 illum
1207 3045 1497 3107 cerneret,
1531 3038 1784 3095 credidit
1804 3036 2007 3109 etipse

362 3136 781 3207 Hermogenes,
818 3138 876 3187 et
901 3150 931 3187 a
966 3137 1168 3187 sancto
1200 3134 1369 3186 Mena
1397 3130 1742 3201 baptizatus,
1778 3143 1914 3181 mox
1934 3124 2006 3180 ab

353 3226 448 3294 iis,
479 3226 580 3296 qui
613 3229 1010 3280 convenerant
1040 3223 1353 3293 episc0pis,
1386 3221 1694 3276 ordinatus
1725 3223 1815 3273 est
1869 3216 1995 3287 epi-
2027 3219 2072 3284 ρ

356 3331 592 3386 scopus.
616 3315 681 3369 Id
708 3328 844 3367 vero
871 3329 1005 3367 cum
1036 3311 1380 3382 imperatori
1402 3310 1806 3365 renuntiatum
1824 3310 2000 3372 esset,

355 3402 519 3458 venit
542 3403 692 3473 ipse,
718 3417 938 3471 eosque
969 3416 1105 3455 cum
1136 3399 1445 3471 Eugrapho
1504 3415 1609 3453 suo
1640 3395 1871 3451 notario
1930 3394 2001 3449 ﬁ-

351 3492 488 3547 dem
501 3491 772 3563 amplexo
793 3489 1136 3562 gravissime
1158 3486 1743 3560 excruciatos,gladio
1760 3484 2002 3540 demum

349 3580 496 3636 cssdi
510 3582 712 3654 jussit.

996 3670 1216 3725 Eodem
1264 3668 1359 3723 die

348 3762 445 3818 21
484 3760 777 3817 Certamen
833 3762 1015 3816 sancti
1066 3761 1360 3830 multisque
1415 3756 1804 3815 certaminibus
1861 3755 2003 3810 clari

841 3832 1068 3888 Gemelli
1110 3832 1505 3902 Paphlagonis.

418 3996 536 4050 Iste
579 3998 821 4049 sanctus
853 4009 922 4048 ex
964 3994 1206 4065 regione
1237 3992 1656 4066 Paphlagonia:
1686 3992 1815 4045 fuit.
1852 3991 1996 4045 Cum

342 4089 547 4139 autem
579 4083 867 4145 audisset.
908 4083 1211 4137 lulianum
1244 4085 1585 4153 Apostatam
1633 4085 1878 4151 Ancyrm
1937 4080 1999 4133 in

344 4172 571 4227 Galatia
611 4188 764 4235 esse,
789 4170 937 4224 adiit
992 4188 1152 4238 eum,
1184 4170 1673 4241 exprobravitque
1708 4170 1782 4239 ei,
1842 4154 2005 4239 quod.

345 4266 615 4332 apostata
647 4265 822 4313 esset.
858 4259 1197 4329 Christique
1251 4259 1551 4314 inimicus.
1605 4257 1999 4323 Quamobrem

346 4350 693 4421 indignatus
718 4348 1013 4412 Julianus,
1035 4354 1311 4419 torquere
1344 4348 1673 4403 Gemellum
1705 4346 1881 4418 cmpit
1904 4363 1916 4399 :
1942 4350 2002 4400 et

348 4439 606 4510 primum
637 4438 830 4493 ferrea
862 4443 919 4493 et
948 4438 1238 4493 candente
1269 4454 1415 4493 zona
1437 4434 2000 4501 constrictum,mul-

2126 573 2376 638 ποιῆσαι.
2412 569 2505 623 Διὸ
2536 569 2626 624 καὶ
2661 569 2799 643 μετὰ
2829 569 3054 632 θάνατον
3107 570 3407 639 Δαμιανοῦ,
3456 570 3564 623 τοῦ
3619 568 3785 642 ἁγιω-

2122 657 2287 712 τάτου
2318 657 2758 734 ἀρχιεπισκόπου
2789 660 3031 736 Κύπρου,
3084 657 3189 713 ὑπὸ
3242 658 3340 712 τοῦ
3391 655 3529 713 λαοῦ
3576 657 3784 721 παντὸς

2123 747 2213 803 καὶ
2268 754 2380 803 τῶν
2466 749 2776 805 ἐπισκόπων
2836 748 3251 825 προχειρίζεται
3336 746 3778 823 ἀρχιεπίσκοπος

2120 844 2223 906 τῆς
2279 837 2329 892 ἐν
2382 837 2590 915 Κύπρῳ
2644 840 2953 915 ἁγιωτάτης
3026 836 3380 907 Ἐκκλησίας’
3443 832 3781 911 παραλαϐὼν

2123 923 2181 982 δὲ
2207 928 2308 996 τήν
2340 927 2688 999 Ἐκκλησίαν,
2720 927 2931 1004 ἐγένετο
2984 929 3232 999 πενήτων
3277 926 3545 1002 χορηγὸς,
3607 925 3777 1004 ὀρφα-

2119 1021 2226 1071 νῶν
2317 1018 2541 1091 βοηθὸς,
2596 1018 2790 1091 χηρῶν
2851 1018 3189 1094 προστάτης,
3275 1017 3776 1089 καταπονουμένων

2122 1104 2434 1180 λυτρωτὴς,
2464 1111 2686 1181 γυμνῶν
2714 1108 2910 1176 σκέπη.
2957 1105 3150 1168 Οὕτως
3183 1102 3241 1160 δέ
3296 1104 3352 1160 έν
3388 1104 3504 1178 ολῳ
3561 1109 3639 1177 τῷ
3669 1104 3777 1181 βίῳ

2118 1196 2293 1258 αὐτοῦ
2350 1196 2698 1271 ἀπρόσκοπος
2760 1197 2849 1251 καὶ
2908 1193 3199 1270 ἄμεμπτος
3256 1193 3439 1272 φανεὶς
3497 1198 3579 1267 τῷ
3636 1198 3774 1266 Θεῷ,

2117 1287 2206 1341 καὶ
2240 1287 2413 1348 πάσας
2444 1286 2541 1349 τὰς
2583 1286 2805 1348 έντολᾶς
2862 1285 3027 1341 αὐτοῦ
3082 1286 3219 1341 κατὰ
3275 1282 3503 1357 δύναμιν
3562 1282 3770 1356 ἐκπλη-

2119 1376 2317 1452 ρώσας,
2347 1375 2399 1432 ἐν
2436 1378 2717 1453 βαθυτάτῳ
2743 1378 2889 1454 γήρᾳ
2917 1378 3054 1450 πρὸς
3083 1376 3285 1452 Κύριον
3343 1372 3696 1449 ἐξεδήμησεν.

2660 1494 2843 1551 MHNI
2883 1495 2975 1570 T9
3015 1497 3210 1571 Αγτᾳ.

2115 1655 2382 1728 ’Ἀθλησις
2411 1660 2520 1712 τῶν
2552 1655 2722 1732 ἁγίων
2783 1655 3071 1732 μαρτύρων
3129 1661 3313 1725 Μηνᾶ,
3380 1653 3772 1731 Ἑρμογένους,

2724 1727 2815 1783 καὶ
2850 1727 3159 1806 Εὔγράφου.

2045 1862 2092 1927 Β
2133 1925 2147 1927 _
2195 1834 2271 1927 Ὀ.
2304 1834 2473 1927 Δόίγιος
2535 1835 2740 1909 μάρτυς
2785 1838 2976 1927 θίηνᾶς
3031 1833 3099 1903 ἦν
3140 1832 3227 1888 ἐπὶ
3281 1830 3623 1905 Μαξιμιανοῦ
3669 1831 3769 1888 τοῦ

2126 1922 2422 1999 βασιλέως.
2483 1923 2726 1997 Ἐγένετο
2788 1920 2845 1977 δὲ
2898 1922 2977 1985 εἷς
3052 1919 3462 1996 Ἀλεξάνδρειαν
3545 1921 3772 1992 ζήτησίς

2121 2018 2283 2067 τινῶν
2338 2014 2697 2089 πραγμάτων,
2756 2010 2850 2067 καὶ
2922 2009 3202 2081 ἀπεστάλη
3260 2011 3407 2086 παρᾶ
3454 2014 3551 2066 τοῦ
3612 2010 3764 2086 βασι-

2120 2101 2284 2172 λέως,
2311 2103 2405 2157 ἳνα
2435 2101 2574 2176 λύσῃ
2605 2102 2707 2170 τήν
2737 2099 3098 2179 φιλονεικίαν,
3156 2100 3233 2162 ὡς
3297 2098 3465 2178 σοφὰς
3525 2099 3616 2153 καὶ
3662 2098 3769 2175 ῥή-

2115 2211 2252 2267 τωρ.
2286 2190 2565 2255 ’Λπελθὼν
2597 2188 2655 2245 δὲ
2714 2189 2792 2255 εἷς
2850 2187 3275 2264 Ἀλεξάνδρειαν,
3333 2188 3423 2244 καὶ
3461 2189 3562 2258 τὴν
3604 2185 3760 2265 φιλο-

2116 2279 2316 2335 νεικίαν
2376 2276 2611 2348 διέλυσε,
2669 2277 2761 2333 καὶ
2825 2276 2953 2340 τοὺς
3010 2275 3368 2350 Χριστιανοὺς
3422 2275 3765 2352 προθυμοςέ-

2118 2390 2247 2441 ρους
2276 2367 2524 2439 ἐποίησε,
2555 2368 2643 2423 καὶ
2702 2365 2951 2431 πολλοὺς
2988 2371 3098 2420 τῶν
3141 2365 3503 2430 ἀσθενούντων
3555 2365 3764 2424 ἰάσατο.

2118 2458 2383 2522 Ἀκούσας
2443 2455 2501 2512 δὲ
2549 2461 2717 2512 ταῦτα
2770 2458 2799 2511 6
2861 2455 3135 2532 βασιλεὺς,
3193 2453 3519 2510 ἀποστέλλει
3567 2457 3768 2530 Ἑρμο-

2113 2552 2275 2625 γένην
2306 2550 2396 2604 τὸν
2429 2545 2693 2625 ἔπαρχον,
2749 2548 2837 2602 ἳνα
2898 2547 3155 2623 βασανίσῃ
3210 2547 3301 2602 τὸν
3350 2543 3499 2623 ἅγιον
3551 2547 3762 2617 Μηνᾶν,

2114 2641 2203 2696 καὶ
2282 2641 2591 2714 μεταστήσῃ
2649 2637 2807 2693 αὐτὸν
2893 2638 2999 2692 ἀπὸ
3061 2645 3162 2707 τῆς
3241 2642 3345 2692 τῶν
3418 2642 3761 2711 Χριστιανῶν

2114 2728 2463 2791 πίστεως.Ὀ
2495 2726 2552 2783 δὲ
2618 2726 2894 2795 ἀπελθὼν,
2951 2724 3232 2804 ἐτύφλωσε
3287 2725 3381 2782 τόν
3431 2728 3610 2801 ἅγιον,
3669 2726 3761 2782 καὶ

2112 2819 2212 2887 τὴν
2243 2817 2493 2893 γλῶσσαν
2541 2815 2705 2872 αὐτοῦ
2753 2813 2961 2890 ἔκοψεν.
3010 2817 3100 2878 Ὦς
3161 2813 3219 2870 δὲ
3276 2813 3413 2870 εἶδεν
3444 2815 3607 2870 αὐτὸν
3666 2814 3764 2871 πά-

2115 2906 2203 2963 λιν
2233 2908 2550 2982 ὑγιάναντα,
2608 2906 2886 2961 έπίστευσε
2935 2905 3025 2961 καὶ
3084 2905 3268 2972 αὐτὸς,
3326 2904 3415 2960 καὶ
3461 2907 3607 2979 παρὰ
3664 2905 3759 2978 μὲν

2111 3002 2209 3052 τοῦ
2241 2996 2397 3072 ἁγίου
2433 3000 2591 3067 Μηνᾶ
2620 2992 2941 3066 ἐϐαπτίσθηο
2999 2995 3145 3069 παρὰ
3202 2993 3261 3049 δὲ
3313 2999 3421 3049 τῶν
3479 2993 3766 3057 συνελθόν-

2113 3109 2219 3143 των
2307 3086 2617 3141 ἐπισκόπων
2677 3084 3067 3160 ἐχειροτονήθη
3124 3083 3438 3146 ἐπίσκοπος.
3491 3082 3760 3145 Ἀκούσας

2114 3173 2172 3231 δὲ
2202 3177 2229 3231 ὁ
2265 3173 2541 3251 βασιλεὺς,
2575 3174 2735 3236 αὐτὸς
2786 3173 3037 3229 ἀπελθὼν
3097 3173 3478 3249 ἐτιμωρήσατο
3537 3170 3756 3234 αὐτοὺς,

2117 3267 2229 3338 ἅμα
2257 3269 2335 3337 τῷ
2362 3262 2600 3339 νοταρίῳ
2671 3262 2834 3317 αὐτοῦ
2895 3262 3167 3337 Εὖγράφῳ
3225 3262 3589 3319 πιστεύσαντι.
3652 3261 3758 3317 Καὶ

2111 3353 2272 3417 τέλος
2308 3352 2606 3429 μαχαίραις
2638 3352 2946 3427 κατακόψας
2981 3350 3179 3415 αὐτοὺς
3211 3350 3443 3409 ἀνεῖλεν.

2705 3571 2790 3643 Τῇ
2816 3568 2953 3643 αὖτῇ
2984 3565 3164 3642 ἡμέρᾳ

2111 3659 2383 3731 ’Δθλησις
2430 3663 2527 3714 τοῦ
2581 3658 2742 3734 ἁγίου
2792 3658 2893 3734 καὶ.
2936 3657 3256 3734 πολυάθλου
3324 3657 3605 3732 Γεμέλλου
3663 3663 3761 3714 τοῦ

2752 3728 3128 3808 Παφλαγόνος.

2182 3821 2277 3877 Ἐκ
2322 3826 2421 3890 τῆς
2471 3819 2659 3895 χώρας
2718 3817 3102 3895 Παφλαγονίας
3158 3817 3227 3887 ἦν
3287 3816 3446 3881 οὗτος
3505 3819 3533 3873 ὁ
3587 3817 3763 3893 ἅγιος·

2110 3909 2200 3964 καὶ
2231 3909 2464 3970 ἀκούσας
2495 3907 2578 3963 ὅτι
2631 3906 2931 3969 Ἰουλιανὸς
2989 3908 3017 3961 6
3052 3901 3377 3982 Παραιϐάτης
3424 3906 3505 3971 εἲς
3559 3909 3762 3982 Ἀγκυ-

2112 4018 2206 4073 ραν
2240 3995 2314 4054 ἔνι
2347 4003 2447 4067 τῆς
2478 3995 2767 4065 Γαλατίας,
2833 3993 3048 4065 ἀπῆλθε
3097 3996 3236 4070 πρὸς
3290 3994 3475 4065 αὐτὸν,
3513 3996 3602 4050 καὶ
3629 4016 3757 4051 οτα-

2110 4087 2221 4148 οεἱς
2263 4083 2567 4158 ἔμπροσθεν
2627 4085 2818 4157 αὐτοῦ,
2875 4081 3127 4139 ἐκάλεσεν
3183 4083 3346 4139 αὐτὸν
3411 4079 3757 4159 παραϐάτην,

2108 4175 2197 4230 καὶ
2229 4174 2428 4252 ἐχθρὸν
2458 4177 2555 4229 τοῦ
2586 4177 2842 4247 Χριστοῦ.
2880 4172 2983 4228 Καὶ
3039 4173 3164 4228 τότε
3211 4172 3504 4249 ἐπικράνθη
3539 4174 3567 4229 6
3624 4174 3759 4230 Ἰου-

2109 4266 2318 4335 λιανὸς,
2349 4265 2439 4321 καὶ
2470 4266 2671 4339 ¹ἤρξατο
2705 4268 2970 4338 τιμωρεῖν
3004 4263 3181 4320 αὐτόν.
3216 4263 3312 4318 Καὶ
3364 4268 3579 4338 πρῶτον
3653 4262 3749 4335 μὲν

2108 4353 2303 4425 ἕζωσεν
2364 4353 2525 4410 αὐτὸν
2589 4353 2721 4427 μετὰ
2770 4349 2994 4427 σιδηρᾶς
3073 4353 3251 4421 ζώνης
3316 4351 3757 4427 πεπυρακτωμέ-

2108 4466 2226 4516 νης.
2262 4443 2365 4499 Καὶ
2397 4442 2713 4515 καιόμενος,
2745 4440 2835 4495 καὶ
2865 4442 2928 4496 τὸ
2972 4441 3108 4514 αἱμα
3165 4440 3302 4519 ῥέων
3333 4440 3630 4511 ἠκολούθει
3677 4444 3758 4497 τῶ

348 4536 524 4599 toque
559 4527 861 4600 perfusum
892 4528 1198 4601 sanguine,
1234 4545 1437 4582 secum
1486 4528 1547 4581 in
1578 4526 1787 4581 urbem
1818 4524 1997 4579 Edes-

520 4618 533 4633 ι
626 4618 659 4633 ..
779 4617 832 4633 ι.
943 4618 955 4633 .
1026 4618 1061 4633 ..
1252 4618 1266 4633 ς
1534 4617 1547 4633 .
1694 4632 1703 4633 ,
1836 4613 1993 4633 ηις---

2117 4527 2402 4609 [Ιαραϐάτῃ
2435 4534 2844 4607 περιπατοῦντι.
2905 4528 3008 4586 Καὶ
3057 4530 3146 4584 ὅτε
3197 4525 3422 4607 ἔφθασεν
3454 4529 3530 4592 εἷς
3559 4525 3754 4587 Ἔδεσ-

2311 4616 2347 4633 I‘
2553 4620 2592 4633 ις
2724 4618 2738 4633 9
2802 4627 2810 4633 .
3129 4612 3185 4633 Ως
3210 4618 3223 4633 1
3408 4619 3422 4633 ι
3490 4616 3505 4633 ο
3593 4617 3606 4633 Ι

346 4635 470 4672 sam
502 4618 703 4686 duxit;
736 4617 836 4672 ubi
869 4618 1098 4673 subulis
1120 4616 1511 4673 candentibus
1534 4617 1813 4671 humeros
1834 4613 1998 4669 illius

342 4706 700 4778 perforavit:
755 4713 879 4762 tum
924 4707 1105 4763 clavis
1153 4707 1361 4762 ferreis
1406 4707 1469 4761 in
1529 4706 1719 4778 capite
1759 4704 1992 4770 defixis,

347 4801 661 4851 extensum
693 4796 861 4850 humi
895 4802 1267 4867 sanctum,ex
1297 4803 1551 4870 quatuor
1573 4794 1839 4867 partibus
1864 4792 1993 4850 alli-

346 4884 864 4956 gavit,pellemque
881 4903 914 4941 a
930 4887 1180 4957 pedibus
1201 4905 1388 4958 usque
1420 4887 1493 4942 ad
1526 4883 1987 4957 caputdetraxit.

347 4974 596 5028 Demum
629 4974 689 5026 in
722 4990 957 5029 crucem
977 4976 1394 5048 egit,manibus
1424 4975 1793 5046 pedibusque
1811 4973 1989 5029 clavis

346 5062 634 5117 confixis:
672 5068 849 5133 atque
882 5064 963 5119 ita
992 5065 1078 5119 vir
1107 5071 1349 5119 sanctus
1386 5066 1502 5119 Deo
1529 5064 1601 5119 ad
1657 5069 1987 5119 extremum

346 5152 620 5221 spiritum
647 5153 865 5222 gratias
892 5168 1091 5224 agens,
1125 5154 1400 5208 decessit.

2109 4645 2203 4679 σαν
2251 4616 2439 4694 πόλιν,
2493 4620 2659 4676 πάλιν
2720 4618 2967 4695 ἐπὺρωσε
3025 4612 3280 4691 σουϐλία,
3337 4619 3425 4673 καὶ
3485 4616 3757 4694 ἐτρύπησε

2103 4712 2232 4774 τοὺς
2265 4711 2455 4785 ὤμους
2489 4710 2677 4766 αὐτοῦ·
2734 4708 2823 4763 καὶ
2887 4707 3023 4781 μετὰ
3065 4711 3231 4764 τοῦτο
3290 4706 3544 4778 ἐποίησεν
3574 4704 3750 4778 ἥλους

2104 4798 2384 4877 σιδηροῦς
2444 4800 2531 4855 καὶ
2592 4793 2889 4869 κατέπηξεν
2977 4796 3176 4862 αὐτοὺς
3228 4796 3304 4861 εἷς
3360 4798 3459 4867 τὴν
3512 4795 3754 4874 κεφαλὴν

2100 4895 2199 4946 τοῦ
2242 4890 2421 4965 ἁγίου.
2482 4891 2618 4947 Εἶτα
2667 4885 2926 4957 ἥπλωσεν
2982 4886 3143 4943 αὐτὸν
3188 4886 3276 4942 ἐπὶ
3330 4887 3429 4956 τὴν
3481 4890 3602 4962 γῆν·
3664 4885 3758 4942 καὶ

2101 4978 2289 5052 ἔδησεν
2347 4977 2406 5034 ἐκ
2461 4978 2758 5054 τεσσάρων,
2798 4977 2886 5032 καὶ
2945 4974 3174 5053 ἐξέδειρε
3239 4977 3303 5032 τὸ
3361 4974 3534 5054 δέρμα
3591 4976 3758 5033 αὐτοῦ

347 5238 455 5291 ἀπὸ
484 5242 592 5291 τῶν
626 5236 812 5293 ποδῶν
865 5235 968 5301 ἕως
1002 5248 1123 5311 ,τῆς
1180 5241 1446 5319 κεφαλῆς.
1507 5244 1605 5298 Καὶ
1660 5245 1793 5317 μετᾶ
1846 5243 2015 5296 ταῦτα
2072 5224 2423 5304 σταυρωθεὶς,
2487 5219 2577 5275 καὶ
2635 5215 2799 5287 ἥλοις
2861 5215 2982 5279 τοὺς
3040 5213 3210 5279 πόδας
3263 5217 3350 5271 καὶ
3408 5216 3503 5279 τὰς
3561 5220 3757 5290 χεῖρας

351 5334 619 5406 ἡλωθεῖς,
656 5334 943 5407 ἐτελειώθη
979 5338 1316 5414 εὐχαριστῶν
1343 5347 1422 5415 τῷ
1451 5347 1565 5414 Θεῷ
1591 5344 1755 5418 μέχρι
1785 5347 1885 5409 τῆς
1903 5328 2213 5393 τελευταίας
2238 5326 2538 5390 ἀναπνοῆς·

910 5458 1148 5513 EODEM
1186 5462 1433 5517 MENSE.

957 5547 1059 5601 Die
1089 5551 1404 5607 undecima

349 5634 450 5690 22
544 5634 823 5689 Certamen
881 5645 1195 5767 sanctogum
1241 5651 1560 5726 pmrlymm
1644 5647 1877 5703 Aithalae
1946 5654 1998 5703 et

1116 5728 1271 5767 nswz.

1110 5728 1271 5783 pswz.

416 5793 519 5849 Isti
554 5795 743 5851 sancti
776 5812 845 5853 ex
873 5799 1113 5873 regione
1134 5804 1448 5862 Persarum
1475 5806 1640 5864 fuere
1674 5813 1766 5866 :et
1793 5811 2000 5871 Aitha-

2663 5435 2711 5490 Μ
2727 5434 2843 5491 ΗΝΙ
2882 5437 2970 5486 ΤΩ
3012 5437 3200 5492 ΑΥΤΩ.

2862 5550 2970 5607 IA'.

2211 5643 2481 5715 νλθλησις
2537 5643 2647 5695 τῶν
2704 5637 3211 5783 άγίωλψμῗρτύρων
3246 5637 3503 5695 Ἀειθαλᾶ
3558 5636 3649 5692 καὶ

2935 5731 2958 5764 ε
2990 5755 3002 5768 .

2180 5809 2276 5866 Ἐκ
2331 5811 2430 5876 τῆς
2489 5801 2681 5879 χώρας
2727 5803 2836 5857 τῶν
2896 5755 3115 5875 ίῐερσῶν
3185 5797 3433 5875 ιγένοντο
3491 5798 3642 5855 οὗτοι
3704 5799 3760 5853 οἱ
