4114 6306
222 386 320 448 201

1657 380 2096 442 DECEMBER.

3513 391 3635 452 202

229 521 379 597 ἅγιοι.
406 520 471 578 '0
503 517 565 575 δέ
624 519 874 583 meum;
903 518 1079 596 ἱερεὺς
1131 522 1244 574 τῶν
1302 514 1551 574 εἰδώλων
1604 515 1870 591 ὑπάρχων

1986 514 2076 571 las
2104 517 2349 587 quidem
2377 518 2674 578 idolorum
2705 523 2983 581 sacerdos
3019 523 3198 581 ﬁdem
3230 524 3445 580 Christi
3477 524 3639 580 hunc

230 611 563 687 ἐπιγινώσκει
623 612 724 679 τήν
787 610 864 674 εἷς
920 610 1152 686 Χριστὸν
1240 608 1422 665 πίστιν
1504 607 1609 663 ἀπὸ
1702 606 1877 670 αίτίας

228 699 473 769 τοιαύτης
510 720 524 731 ·
586 698 877 769 Ἠσθὲνησε
929 700 1021 754 καὶ
1105 697 1412 771 ἐνεθυμήθη
1482 693 1739 751 ἀπελθεῖν
1797 694 1876 756 ιίς

228 791 308 845 τὸν
337 788 639 846 ἐπισκοπον
686 795 795 846 τῶν
840 791 1203 864 Χριστιανῶν,
1254 786 1347 842 ’ίνα
1403 789 1738 863 θαραπευθῇ.
1773 784 1876 842 Καὶ

231 880 414 944 stata;
450 881 689 957 ὖγίανεν.
725 882 862 939 Εἶτα
889 881 1174 955 ἁπήρχετο
1204 878 1281 941 εἷς
1337 880 1439 948 τήν
1494 873 1636 932 ⁴ίδίαν
1686 875 1875 946 πόλιν,

228 974 308 1025 ἳνα
344 971 473 1033 τοὺς
533 975 811 1046 συγγενεῖς
867 969 1030 1024 αὑτοῦ
1083 965 1270 1042 διδάξῃ
1323 964 1567 1042 γενέσθαι
1620 985 1875 1040 Χριστια-

232 1061 369 1123 νοὺς,
435 1059 541 1117 Καὶ
604 1059 791 1133 μαθὼν
843 1063 1004 1114 τοῦτο
1063 1060 1091 1113 ὁ
1147 1054 1374 1133 ἄρχων,
1429 1055 1649 1111 ἐπίασεν.
1689 1054 1870 1111 αὐτὸν·

230 1154 308 1209 καὶ
336 1151 516 1225 κόψας
543 1151 612 1205 τὰ
642 1148 778 1204 ὠτία
826 1148 1013 1217 αὐτοῦ,
1066 1143 1316 1203 ἐνέῦαλεν
1378 1146 1456 1208 εἷς
1512 1143 1783 1224 φυλακήν.
1814 1146 1877 1203 Ὁ

231 1240 281 1297 δὶ
308 1239 463 1315 ἅγιος
521 1241 714 1313 Ἅψεῖς
756 1239 976 1313 ὑπῆρχε
1032 1234 1296 1297 διάκονος·
1332 1235 1420 1291 καὶ
1469 1235 1760 1309 κρατηθεὶς
1787 1235 1878 1289 καὶ

232 1332 385 1392 αὐτος
419 1375 434 1399 ,
487 1330 579 1384 καὶ
644 1329 737 1383 τὸν
794 1327 1023 1403 Χριστὸν
1086 1324 1445 1399 ὁμολογήσας
1480 1368 1495 1395 ,
1551 1328 1876 1400 τιμωρεῖται

230 1421 472 1496 ἰσχυρῶς
505 1463 520 1477 .
581 1420 714 1472 Εἶτα
782 1415 1204 1492 παραπέμπεται
1258 1418 1338 1486 τῷ
1394 1413 1697 1488 ἀρχιμάγῳ
1745 1413 1879 1484 μετᾶ

224 1515 314 1566 τοῦ
347 1508 511 1584 ἁγίου
539 1506 816 1572 ’Λειθαλςὶ
848 1508 909 1565 Ὁ
950 1504 1006 1561 δὲ
1056 1504 1368 1581 ἆρχιμάγος
1424 1501 1622 1578 εἷ’σάγει
1681 1501 1875 1566 αὐτοὺς

226 1601 356 1675 πρὸς
404 1598 503 1652 τὸν
563 1594 810 1673 βασιλέα.
872 1593 976 1652 Καὶ
1030 1595 1395 1668 ἠρωτήθησαν
1456 1591 1724 1667 παρόντος
1780 1593 1877 1646 τοῦ

230 1691 572 1764 ἇρχιμσὶγου,
608 1685 698 1741 καὶ
749 1685 900 1761 παρὰ
954 1687 1051 1738 τοῦ
1098 1678 1389 1756 βασιλέως,
1449 1680 1541 1736 καὶ
1597 1700 1874 1755 κατηναγ-

228 1780 503 1848 κάσθησάν
538 1775 869 1850 ἀρνήσασθαι
894 1773 986 1829 τὸν
1018 1772 1279 1847 Χριστόν.
1339 1770 1444 1828 Καὶ
1502 1767 1632 1825 ἰδὼν
1682 1768 1877 1831 αὐτοὺς

230 1870 255 1924 ὁ
285 1864 546 1945 βασιλεὺς
578 1866 662 1920 δτι
704 1862 805 1918 οὐκ
835 1863 1119 1939 ἀρνοῦνται
1162 1861 1253 1916 τὸν
1313 1859 1573 1931 Χφιστὸν,
1608 1857 1876 1937 ἀπεκεφά-
1905 1870 1954 1932 Β

228 1957 367 2013 λισεν
401 1955 629 2018 αὐτοὺς.
660 1951 765 2012 Καὶ
787 1952 961 2015 οὕτως
985 1950 1400 2022 ἐτελειώθησαν.

789 2072 876 2144 Tii
928 2068 1066 2143 αδτῇ
1120 2064 1304 2143 ἡμέρᾳ

234 2195 433 2265 Πνήμη
466 2194 567 2247 τοῦ
599 2188 750 2245 ὁσίου
780 2182 1418 2281 ΙῙ-αιξρὸς-ἡμῷζέρνιὴλ
1478 2181 1575 2240 τοῦ
1608 2183 1873 2240 Στυλίτου

751 2265 851 2315 τοῦ
878 2257 932 2317 ἐν
964 2264 1043 2332 τῷ
1069 2257 1347 2331 Ἀνάπλῳ.

294 2378 469 2441 Οὗτος
524 2378 745 2452 ὑπῆρχε
776 2378 871 2449 μὲν
898 2374 987 2431 ἐπὶ
1028 2379 1129 2444 τῆς
1181 2369 1461 2449 βασιλείας
1516 2371 1746 2434 Λέοντος
1775 2374 1871 2427 τοῦ

233 2468 493 2543 μεγάλουο
553 2466 768 2543 ἐγενετο
854 2462 913 2520 δὲ
985 2462 1091 2519 ἀπὸ
1146 2460 1566 2536 Μεσοποταμίας
1606 2467 1706 2531 τῆς
1764 2467 1868 2516 Συ-

232 2559 362 2632 ρίας.
395 2555 699 2627 Πεπαέτης
757 2552 815 2610 δὶ
860 2554 1176 2630 γενόμενος,
1208 2549 1451 2621 ἀπῆλθεν
1504 2551 1560 2606 ἐν
1596 2571 1869 2623 μοναστη-

233 2649 372 2724 ρίῳ,
426 2645 520 2701 καὶ
580 2644 788 2721 ἐγένετο
851 2641 1114 2717 μοναχός·
1173 2639 1275 2698 Καὶ
1330 2641 1464 2713 μετὰ
1509 2644 1671 2696 τοῦτο
1727 2660 1871 2716 παρ-

233 2738 431 2810 εγένετο
460 2735 553 2791 καὶ
584 2734 719 2809 πρὸς
772 2734 866 2788 τὸν
925 2732 1088 2807 μέγαν
1143 2730 1367 2803 Συμεὼν
1426 2730 1517 2784 τὸν
1574 2727 1866 2798 Στυλίτην·

231 2826 312 2879 καὶ
369 2824 645 2899 εὐλογήοη
706 2823 834 2897 παρ’
884 2820 1108 2876 ἐκείνου*
1166 2818 1226 2874 ἐκ
1283 2822 1415 2873 Θεοῦ
1473 2814 1532 2872 δὲ
1590 2815 1872 2873 ἂποκαλύ-

231 2921 365 2990 ψεως
398 2914 567 2983 ἦλθεν
599 2912 652 2967 ἐν
700 2916 782 2984 τῷ
826 2908 1106 2981 Ἀνάπλῳ.
1166 2910 1265 2963 Καὶ
1313 2905 1628 2963 ἀπέκλεισεν
1683 2907 1871 2961 ἑαυτὸν

230 3005 410 3076 ἐνναῷ
446 3007 555 3059 τῶν
615 2999 889 3068 εἷδὼλων,
946 2997 1194 3060 πολλοὺς
1248 2994 1586 3073 πειρασμοὺς
1642 2996 1868 3069 ὑπομεί-

232 3119 319 3161 νας
372 3096 478 3150 ὖπὸ
534 3097 647 3150 τῶν
706 3090 1006 3165 δαιμόνων.
1066 3090 1171 3147 Καὶ
1233 3090 1365 3162 μετὰ
1418 3093 1581 3143 τοῦτο
1635 3088 1867 3154 ἀνῆλθεν

228 3187 299 3248 είς
352 3184 532 3253 κίονα,
584 3183 673 3237 καὶ
731 3181 943 3257 ἐγένετο
1001 3177 1277 3248 στυλίτης,
1342 3177 1433 3232 καὶ
1487 3176 1609 3233 οὕτε
1665 3182 1867 3254 ψῦχος,

227 3274 343 3331 οὕτε
369 3277 578 3345 καῦμα,
636 3271 763 3327 οὔτε
810 3268 1011 3343 ἄνεμος
1037 3267 1280 3338 ἐνίκησεν
1311 3265 1476 3323 αὐτοῦ
1531 3269 1631 3337 τὴν
1684 3289 1870 3343 καρτε-

228 3365 364 3441 ρίαν.
425 3362 718 3434 Ἐποίησεν
791 3362 882 3417 οὗν
944 3359 1133 3416 πολλᾶ
1178 3359 1447 3433 θαύματα·
1489 3358 1580 3414 καὶ
1644 3364 1871 3432 προεῖπε

226 3457 311 3510 καὶ
384 3451 753 3527 ἐμπρησμοὺς
826 3454 927 3520 τῆς
1010 3447 1226 3512 πόλεως
1310 3448 1397 3503 καὶ
1485 3445 1828 3523 μεταλλαγάς
1853 3491 1864 3503 .

229 3545 507 3620 Ἠγαπήθη
587 3539 646 3596 δὲ
700 3541 848 3616 παρᾶ
901 3538 1138 3593 πάντων*
1203 3537 1294 3592 καὶ
1349 3536 1606 3592 τοσοῦτον
1661 3536 1869 3612 ἐγένετο

230 3633 553 3707 θαυμαστὸς,
582 3630 658 3692 ὡς
685 3630 775 3684 καὶ
824 3630 916 3684 τὸν
968 3625 1194 3704 βασιλέα
1250 3626 1455 3681 Λέοντα
1508 3626 1646 3701 πρὸς
1704 3626 1866 3681 αὐτὸν

234 3723 559 3799 ἀπέρχεσθαι
610 3719 770 3795 χάριν
828 3716 1024 3787 εὐχῆς.
1082 3716 1185 3773 Καὶ
1237 3718 1364 3791 παρ’
1421 3714 1628 3771 ἐκείνου
1684 3713 1871 3771 πολλὰ

233 3812 301 3875 εἷς
352 3811 546 3885 ψυχὴν
620 3806 946 3886 ὡφελεῖσθαι
977 3849 991 3874 ,
1048 3804 1140 3860 καὶ
1188 3801 1576 3881 φιλάνθρωπον
1630 3803 1868 3878 γίνεσθαι

232 3908 336 3967 τοῖς
362 3898 675 3958 πταίουσιν.
706 3897 860 3953 Οὕτω
885 3894 944 3952 δέ
973 3891 1178 3960 ϐιώσας
1198 3892 1511 3967 ἐτελειώθη.

785 4015 967 4074 MHNI
993 4014 1085 4071 ΤΩ
1110 4017 1308 4071 ᾹΥΤΩ.

1004 4134 1090 4191 IB‘

236 4257 436 4330 Μνήμη
466 4277 569 4312 του
597 4255 773 4330 Δὁσίου
829 4253 1040 4330 lla-cpe;
1085 4254 1245 4325 ἡμῶν
1310 4249 1660 4330 Σπυρίδωνος
1714 4249 1867 4305 ἐπισ-

544 4327 720 4383 κόπου
754 4322 1145 4402 Τριμιθοῦντος
1174 4330 1274 4393 τῆς
1305 4322 1545 4398 Κύπρου.

292 4449 353 4505 Ὁ
439 4445 597 4508 ὅσιος
674 4445 860 4519 Πατὴρ
932 4444 1095 4515 ἡμῶν
1150 4439 1466 4514 Σπυρίδων,
1522 4440 1734 4517 ἐγένετο
1782 4440 1869 4496 ἐπὶ

233 4536 649 4593 Κωνσταντίνου
701 4537 804 4589 τοῦ
883 4531 1173 4607 βασιλέως,
1243 4530 1337 4586 τὸν
1389 4526 1591 4606 τρόπον
1639 4529 1870 4602 ἁπλοῦς,

229 4628 321 4696 τήν
353 4625 583 4702 καρδίαν
636 4605 910 4685 ταπεινός.
970 4619 1268 4694 Ἐποίμανε
1326 4617 1385 4675 δὲ
1426 4605 1702 4693 πρόϐατα.
1764 4618 1867 4674 Καὶ
1900 4605 1944 4669 Ι)

229 4721 451 4789 γυναῖκα
478 4709 689 4781 λαϐὼν,
714 4712 803 4767 καὶ
858 4709 1119 4786 θυγατέρα
1173 4711 1453 4784 γεννήσας,
1515 4706 1628 4763 ἐπεὶ
1687 4707 1864 4779 ἐκείνη

230 4804 481 4869 ἀπέθανεν
517 4849 532 4873 ,
581 4802 790 4877 ἐγένετο
848 4799 1143 4863 ἐπίσκοπος
1175 4818 1189 4833 ⁸
1246 4799 1429 4874 γέγονε
1486 4794 1545 4852 δὲ
1594 4796 1683 4852 καὶ
1740 4799 1866 4853 θαυ-

233 4892 535 4972 ματουργός
568 4940 583 4954 .
676 4893 779 4949 Καὶ
831 4892 939 4968 γὰρ
988 4891 1041 4946 ὲν
1091 4884 1333 4966 ἀϐροχία
1388 4888 1734 4964 προσηύξατο
1777 4889 1868 4943 καὶ

226 4979 421 5058 ἔϐρεξε.
454 4984 556 5039 Καὶ
610 4982 716 5037 ἀπὸ
777 4980 949 5055 λιμοῦ
997 4978 1245 5050 εὐθηνίαν
1304 4977 1546 5051 ἐποίησε,
1606 4978 1695 5033 καὶ
1747 4973 1868 5054 ὅφιν

232 5070 524 5146 μετέϐαλεν
583 5071 661 5136 εἷς
689 5074 949 5149 χρυσοῦν*
984 5070 1075 5126 καὶ
1106 5069 1271 5125 πάλιν
1322 5089 1413 5124 τον
1474 5069 1678 5144 χρυσὸν
1738 5069 1873 5142 μετᾶ

226 5160 285 5215 τὸ
315 5158 539 5230 δοθῆναι
568 5159 846 5234 ἐνέχυρον,
876 5157 967 5213 καὶ
999 5154 1334 5212 δανείσασθαι
1378 5155 1470 5210 τὸν
1502 5156 1749 5229 πτωχὸν,
1781 5154 1870 5210 καὶ

231 5253 405 5319 ζῆσαι,
416 5269 545 5323 μετε
575 5247 801 5317 ποίησεν
832 5246 908 5309 εἷς
933 5242 1074 5324 ὄφιν,
1095 5246 1183 5301 καὶ
1221 5241 1474 5300 ἀπέλυσε
1505 5243 1594 5299 καὶ
1623 5244 1869 5316 ποταμὸν

229 5333 493 5413 τρέχοντα
520 5332 764 5407 ἔστησεν*
795 5334 935 5404 ἦλθε
973 5332 1031 5389 δὲ
1085 5333 1161 5396 εἷς
1212 5333 1310 5403 τὴν
1345 5331 1397 5388 ἐν
1432 5331 1630 5404 Νικαίᾳ
1650 5329 1869 5387 σύνοδον

230 5427 311 5481 καὶ
365 5425 681 5501 κατῄσχυνε
732 5423 863 5485 τοὺς
919 5424 1210 5498 αἱρετικοςο
1272 5423 1408 5497 γυνὴ
1469 5418 1528 5476 δέ
1580 5442 1661 5483 τις
1704 5418 1874 5476 ἔδωκε

231 5516 293 5587 τῇ
347 5514 575 5591 θυγατρὶ
642 5512 809 5569 αὐτοῦ
894 5512 1367 5589 παρακαταθήκην·
1448 5511 1563 5565 εἶτα
1619 5510 1874 5564 ἀπέθανεν

234 5603 537 5680 ἧθυγᾶτηρ
581 5604 770 5672 αὐτοῦ,
822 5601 913 5657 καὶ
972 5602 1048 5675 μὴ
1108 5600 1494 5677 εὐρισκομὲνης
1543 5604 1642 5669 τῆς
1698 5619 1871 5674 παρα-

236 5700 562 5766 ιαταθῆκης,
634 5693 925 5769 ἠρώτησεν
980 5690 1009 5745 ὁ
1063 5691 1234 5768 γέρων
1297 5690 1400 5759 τήν
1485 5689 1699 5764 νεκρὰν,
1784 5686 1873 5743 καὶ

541 5821 811 5885 Pauor.
857 5819 971 5881 Gn.
1018 5819 1256 5882 CXVII.

1984 606 2046 659 in
2079 607 2324 662 modum
2346 612 2634 681 cognovit.
2658 612 2803 668 Cum
2821 614 3028 670 morbo
3050 613 3641 682 laboraret,decrevit

1984 698 2328 771 episcopum
2385 703 2861 762 Christianorum
2917 708 3103 776 adire,
3161 713 3230 763 ut
3284 713 3639 763 curaretur:

1984 804 2100 857 quo
2124 787 2278 843 facto
2312 792 2513 847 statim
2555 795 2890 852 convaluit:
2928 802 3051 851 tum
3086 797 3147 852 in
3178 797 3429 869 patriam
3464 797 3643 852 rediit

1983 882 2050 932 ut
2068 881 2438 951 propinquos
2463 883 2537 938 ad
2560 884 2954 941 Christianam
2980 887 3331 959 religionem
3354 887 3635 942 traheret.

1985 967 2150 1031 Quod
2181 968 2282 1023 ubi
2314 972 2587 1043 cognovit
2615 974 2951 1044 praefectus,
2983 976 3504 1047 comprehensum,
3538 991 3641 1030 au-

1985 1057 2267 1129 ribusque
2298 1061 2658 1130 mutilatum,
2680 1064 2738 1117 in
2759 1081 3059 1120 carcerem
3087 1065 3637 1121 detruisit.Sanctus

1984 1164 2118 1203 vero
2142 1151 2387 1220 Apsmus
2409 1150 2700 1207 diaconus
2721 1154 3187 1225 comprehensus
3221 1161 3277 1210 et
3308 1157 3455 1227 ipse,
3478 1157 3648 1212 Chri-

1984 1241 2264 1308 stumque
2295 1239 2620 1310 professus,
2669 1247 2980 1313 postquam
3015 1244 3396 1300 acerbissime
3429 1263 3640 1304 excru—

1984 1326 2174 1382 ciatus
2206 1328 2435 1398 fuisset,
2463 1332 2719 1386 mittitur
2739 1333 2810 1388 ad
2833 1351 3139 1408 magorum
3167 1337 3500 1409 principem
3521 1354 3644 1394 una

1985 1433 2119 1472 cum
2153 1423 2357 1474 sancto
2387 1420 2640 1477 Aithala.
2676 1422 2754 1477 At
2784 1440 3086 1496 magorum
3111 1426 3387 1498 princeps
3410 1427 3545 1483 illos
3567 1428 3641 1483 ad

1983 1522 2183 1579 regem
2215 1508 2581 1564 intromisit:
2611 1528 2726 1582 quo
2770 1520 3087 1584 praesente,
3133 1531 3266 1570 cum
3300 1532 3335 1571 a
3363 1532 3497 1588 rege
3547 1517 3639 1572 in-

1984 1600 2432 1669 terrogarentur
2463 1604 2640 1670 atque
2672 1600 3056 1672 adigerentur
3104 1604 3401 1658 Christum
3447 1605 3639 1661 abne-

1984 1701 2144 1756 gare,
2187 1703 2296 1741 nec
2356 1692 2554 1743 tamen
2609 1690 2681 1744 ad
2740 1690 2798 1744 id
2860 1692 3058 1746 induci
3122 1697 3384 1763 possent,
3446 1694 3638 1765 capite

1984 1774 2324 1831 obtruncati
2360 1777 2666 1835 ﬁnierunt.

2631 2077 2853 2133 Eodem
2885 2078 2981 2135 die

1984 2190 2085 2248 2³
2141 2193 2595 2251 Commemoratio
2643 2199 2823 2252 sancti
2882 2198 3062 2253 Patris
3137 2201 3315 2255 nostri
3389 2200 3630 2256 Danielis

2512 2267 2728 2337 Stylitw
2756 2269 2815 2322 in
2844 2269 3085 2339 Anaplo.

2052 2380 2154 2436 Hic
2185 2381 2247 2437 in
2279 2383 2702 2455 Mesopotamia
2740 2385 2919 2456 Syriae
2951 2389 3147 2456 natus,
3181 2386 3372 2442 Leone
3411 2404 3630 2460 magno

1980 2471 2497 2543 imperatore,cum
2524 2489 2713 2530 annos
2731 2475 2996 2546 quinque
3018 2480 3236 2548 ageret,
3255 2477 3318 2531 in
3332 2482 3633 2533 monaste-

1978 2562 2134 2617 rium
2166 2562 2486 2633 profectus,
2519 2564 2850 2620 monachus
2878 2565 3068 2621 factus
3099 2572 3207 2621 est.
3251 2569 3463 2623 Postea
3493 2584 3629 2639 per-

1977 2651 2132 2706 rexit
2161 2652 2233 2706 ad
2263 2668 2543 2725 magnum
2571 2653 2908 2710 Simeonem
2934 2655 3226 2727 Stylitam,
3260 2657 3361 2727 qui
3412 2662 3469 2711 et
3516 2658 3629 2715 Da-

1981 2740 2125 2794 nieli
2159 2739 2482 2796 benedixit.
2516 2744 2662 2797 Tum
2695 2760 2762 2798 ex
2782 2744 2979 2799 divina
2997 2745 3358 2801 revelatione
3380 2748 3439 2801 in
3471 2752 3626 2803 Ana-

1979 2829 2142 2901 plum
2185 2829 2502 2901 profectus,
2567 2849 2628 2887 se
2688 2832 2751 2887 in
2807 2833 3105 2889 idolorum
3160 2835 3298 2891 fano
3359 2836 3624 2907 inclusit,

1981 2918 2184 2975 multis
2214 2921 2504 2975 molestiis
2534 2937 2568 2975 a
2598 2922 2970 2977 daamonibus
2996 2924 3261 2979 affectus.
3318 2927 3623 2979 Postremo

1979 3025 2307 3067 conscensa
2336 3010 2617 3066 columna
2644 3010 2833 3065 factus
2864 3016 2954 3066 est
2983 3012 3192 3083 Stylita
3224 3029 3237 3066 :
3270 3014 3441 3084 cujus
3471 3030 3622 3069 con-

1981 3098 2285 3161 stantiam.
2318 3104 2495 3170 atque
2526 3099 2710 3155 animi
2754 3100 3097 3156 ﬁrmitatem
3149 3101 3316 3156 nulla
3367 3102 3626 3172 frigoris,

1982 3188 2150 3243 nulla
2179 3194 2379 3256 iustus,
2414 3189 2582 3244 nulla
2608 3194 2915 3244 ventorum
2943 3191 3031 3245 vis
3060 3190 3332 3263 frangere
3362 3209 3628 3263 unquam

1981 3280 2190 3350 potuit.
2227 3279 2404 3334 Multa
2434 3280 2612 3352 igitur
2662 3279 2951 3335 miracula
3004 3281 3275 3351 patravit,
3336 3281 3629 3354 Urbisque

1979 3366 2255 3423 incendia
2283 3368 2765 3439 mutationesque
2798 3368 3088 3439 praedixit,
3111 3375 3168 3423 et
3188 3370 3465 3425 omnibus
3488 3371 3629 3426 cha-

1976 3475 2078 3513 rus
2106 3457 2237 3527 fuit,
2271 3462 2448 3528 atque
2479 3458 2563 3513 ita
2592 3456 2985 3526 admirabilis,
3044 3464 3110 3513 ut
3140 3459 3252 3513 Leo
3302 3460 3630 3531 imperator

1976 3547 2049 3602 ad
2081 3564 2215 3602 eum
2247 3546 2576 3613 accederet,
2626 3551 2692 3601 ut
2750 3546 2878 3617 ejus
2935 3563 3142 3618 preces
3191 3547 3557 3618 deposceret,
3593 3565 3628 3603 a

1976 3653 2093 3708 quo
2124 3635 2314 3691 multa
2335 3636 2452 3691 alia
2482 3636 2697 3690 animai
2727 3635 2900 3689 utilia
2929 3634 3158 3699 didicit,
3220 3640 3343 3689 tum
3388 3637 3535 3691 illud
3566 3637 3626 3691 in

1975 3725 2206 3796 primis,
2236 3730 2303 3778 ut
2332 3723 2778 3779 misericordem
2803 3740 2863 3778 se
2890 3739 3028 3794 erga
3048 3723 3466 3795 delinquentes
3488 3742 3631 3795 proa-

1975 3816 2162 3871 heret.
2196 3814 2363 3868 Hunc
2394 3813 2454 3868 in
2487 3812 2732 3868 modum
2766 3817 2970 3869 exacta
2997 3813 3117 3869 vita
3147 3812 3418 3870 decessit.

2521 4021 2761 4077 EODEM
2800 4021 3051 4077 MENSE.

2552 4137 2658 4194 Die
2686 4137 3041 4194 duodecima

1977 4256 2079 4312 24
2110 4256 2563 4326 Commemoratio
2591 4256 2769 4309 sancti
2816 4256 3000 4310 Patris
3046 4258 3224 4310 nostri
3277 4257 3637 4326 Spyridionis

2300 4324 2545 4397 episcopi
2576 4326 2961 4381 Trimithuntis
2990 4328 3050 4381 in
3082 4327 3280 4398 Cypro.
3308 4372 3311 4373 ν

2048 4443 2296 4497 Sanctus
2325 4442 2499 4495 Pater
2529 4445 2734 4496 noster
2753 4441 3073 4512 Spiridion,
3101 4442 3490 4496 Constantino
3516 4441 3626 4495 im-

1977 4536 2269 4603 peratore,
2302 4530 2391 4584 vir
2446 4529 2708 4584 moribus
2759 4530 3031 4601 simplex,
3082 4530 3257 4584 corde
3307 4529 3624 4596 demissus,

1977 4637 2113 4676 oves
2154 4620 2454 4691 pascebat.
2517 4619 2811 4674 Defuncta
2867 4635 3071 4683 uxore,
3134 4634 3202 4671 ex
3263 4634 3379 4689 qua
3436 4617 3625 4674 ﬁliam

1976 4716 2339 4783 susceperat,
2371 4710 2683 4780 episcopus
2715 4708 3044 4775 ordinatus,
3087 4709 3336 4781 insignis
3367 4709 3629 4764 miracu-

1979 4802 2172 4857 lorum
2201 4803 2465 4871 patrator
2518 4797 2675 4852 fuit:
2727 4814 2866 4852 nam
2920 4799 2983 4852 in
3025 4799 3284 4854 maxima
3341 4798 3631 4865 siccitate,

1976 4886 2252 4960 precibus
2284 4885 2407 4940 suis
2437 4884 2697 4955 pluviam
2728 4882 3101 4955 impetravit:
3155 4884 3217 4939 in
3265 4900 3501 4942 summa
3544 4884 3627 4940 rei

1979 4972 2384 5030 frumentarias
2411 4972 2936 5039 caritate,annonaa
2950 4971 3629 5027 abundantiamintulit:

1981 5066 2321 5136 serpentem
2349 5062 2409 5116 in
2443 5077 2653 5116 aurum
2681 5062 2988 5129 convertit,
3019 5078 3348 5133 rursusque
3394 5078 3632 5130 aurum,

1979 5156 2297 5224 postquam
2340 5166 2567 5222 pauper
2620 5166 2687 5205 eo
2745 5151 3130 5223 oppignerato
3181 5151 3468 5207 alimenta
3517 5151 3630 5206 sibi

1982 5239 2363 5312 comparavit,
2398 5238 2472 5293 ad
2501 5238 2814 5310 pristinam
2842 5241 3136 5311 serpentis
3166 5245 3441 5296 naturam
3466 5256 3633 5295 revo—

1982 5330 2151 5397 cavit,
2184 5333 2362 5401 atque
2393 5328 2662 5383 dimisit:
2710 5328 2935 5384 flumen
2983 5329 3431 5400 rapidissimum
3477 5345 3627 5384 con-

1982 5420 2193 5475 sistere
2222 5417 2380 5473 fecit.
2412 5417 2687 5474 Interfuit
2716 5423 2773 5472 et
2801 5418 3062 5473 Concilio
3117 5419 3373 5485 Nicaeno,
3428 5422 3487 5472 et
3510 5418 3630 5472 hae-

1982 5511 2198 5566 reticos
2227 5508 2512 5564 confudit.
2546 5508 2755 5563 Mulier
2785 5508 3056 5578 quaedam
3083 5509 3214 5579 ejus
3247 5509 3384 5563 ﬁlia:
3405 5507 3635 5579 deposi-

1984 5605 2108 5654 tum
2139 5597 2466 5653 tradiderat
2496 5614 2509 5651 :
2543 5611 2730 5668 eaque
2761 5595 3074 5665 exstincta,
3108 5611 3243 5649 cum
3266 5599 3633 5666 quaareretur

1983 5687 2342 5760 depositum,
2375 5684 2758 5757 interrogavit
2787 5688 3026 5739 sanctus
3078 5697 3259 5737 senex
3316 5688 3630 5749 mortuam,

3314 5812 3350 5866 7
