4114 6306
498 340 620 402 203

1820 335 2245 398 MENOLOGII
2289 335 2493 396 PARS
2535 322 2623 396 11.;

3793 340 3914 400 204

500 493 633 549 quae
663 470 1053 545 respondens,
1078 468 1299 538 locum,
1331 465 1433 521 ubi
1465 470 1592 522 erat
1646 466 2005 539 depositum,
2050 469 2137 525 in-

2259 467 2465 543 ἀποκρι
2518 470 2669 530 θεῖσα
2722 466 2890 538 εἶπεν,
2948 464 3039 522 ὅτε
3088 464 3242 539 Τῷδέ
3295 464 3405 523 ἐστι
3459 471 3542 542 τῷ
3594 468 3771 543 τόπφ’
3822 466 3915 525 καὶ

501 565 737 622 dicavit.
772 564 906 619 Haec
936 560 1173 632 aliaque
1198 558 1373 631 plura
1403 572 1537 612 cum
1587 555 1846 627 fecisset,
1897 557 1958 613 in
2010 574 2153 628 pace

500 655 774 713 decessit.

1147 764 1370 819 Eodem
1400 762 1497 817 die

747 888 844 946 25
883 888 1169 944 Certamen
1198 884 1378 938 sancti
1403 883 1671 950 martyris
1695 881 1904 950 Syneti.

569 1006 821 1077 Synetus
843 1007 1071 1072 martyr
1097 1017 1163 1055 ex
1188 998 1437 1067 antiqua
1453 994 1782 1051 Romafuit.
1802 995 1889 1050 Ab
1915 995 2155 1051 ineunte

493 1104 692 1154 autem
712 1101 883 1151 aetate
897 1111 931 1149 a
942 1091 1290 1165 parentibus
1303 1089 1581 1161 episcopo
1600 1088 1864 1142 Romano
1878 1086 2027 1142 tradi
2038 1093 2150 1151 tus,

491 1193 559 1243 ut
579 1203 776 1242 sacras
804 1185 1036 1240 litteras
1061 1181 1134 1237 ab
1159 1197 1227 1235 eo
1255 1179 1530 1245 disceret,
1558 1176 1746 1231 lector
1761 1175 2153 1231 sanctissimae

492 1279 772 1332 Romanae
804 1272 1087 1329 Ecclesiaa
1147 1268 1480 1325 ordinatur.
1530 1265 1796 1335 Cumque
1839 1264 2155 1320 virtutibus

492 1365 829 1431 excelleret,
862 1360 1201 1431 multosque
1260 1357 1539 1429 pietatem
1595 1370 1663 1409 ac
1719 1369 1917 1408 veram
1974 1352 2149 1408 fidem

491 1453 1200 1521 docens,Graacorumque
1213 1447 1357 1501 deos
1372 1442 1735 1501 contumelia
1746 1447 1803 1497 et
1813 1447 2150 1515 contemptu

491 1543 782 1611 afﬁciens,
816 1541 1114 1597 idolorum
1175 1537 1432 1592 cultores
1475 1533 1729 1588 miseros
1769 1535 1829 1585 et
1876 1530 2150 1588 seductos

493 1632 904 1706 compellaret,
939 1627 1098 1700 apud
1128 1624 1517 1682 Aurelianum
1550 1622 1972 1692 imperatorem
1995 1620 2152 1676 dela-

489 1727 605 1791 tus,
627 1716 1586 1793 comprehenditur.lnterrogatus
1607 1710 1806 1783 igitur,
1823 1708 2151 1765 Christum-

489 1828 603 1883 que
647 1810 835 1866 libere
896 1808 1227 1872 confessus,
1290 1820 1424 1859 cum
1484 1800 1652 1856 nulla
1707 1803 2146 1856 tormentorum

485 1899 830 1968 acerbitate,
878 1897 1096 1962 quibus
1152 1894 1311 1950 varie
1365 1892 1561 1947 fuerat
1615 1889 2006 1958 excruciatus,
2064 1889 2140 1945 ad

484 1990 785 2044 Christum
811 1986 1170 2060 ejurandum
1191 1982 1395 2039 induci
1417 1978 2138 2053 potuisset,postplurima

484 2078 796 2151 supplicia,
832 2093 998 2132 sacro
1026 2075 1218 2147 capite
1258 2072 1665 2137 obtruncatus,
1714 2069 1948 2124 beatam
2004 2069 2134 2124 ani-

481 2183 644 2224 mam
670 2182 840 2223 suam
865 2165 1116 2221 Domino
1146 2161 1425 2219 reddidit.

2257 550 2412 631 ἓτερα
2441 554 2627 613 πολλά
2656 558 2915 629 ποιήσας,
2949 556 3003 613 ἐν
3034 557 3223 635 εἰρήνῃ
3251 555 3566 629 ἐτελειώθη.

2855 767 2937 838 Τῇ
2967 763 3103 837 αὐτῇ
3134 763 3316 839 ἡμέρᾳ

2473 878 2740 951 Ἀθλησις
2771 885 2869 936 τοῦ
2900 881 3055 956 ἁγίου
3108 902 3381 957 μαρτυρος
3433 887 3688 940 Συνετοῦ.

2331 995 2391 1052 Ὁ
2453 994 2656 1072 μάρτυς
2716 998 2947 1061 Συνετὸς
2981 1040 2996 1067 ,
3052 999 3276 1074 γέγονεν
3365 996 3424 1054 ἐκ
3504 1006 3606 1068 τῆς
3678 1001 3917 1064 παλαιᾶς

2258 1083 2500 1158 Ῥώμης
2559 1082 2677 1148 νέος
2736 1082 2794 1141 δὲ
2850 1085 3111 1164 ὑπάρχων
3168 1089 3268 1159 τήν
3323 1086 3571 1159 ἠλικίαν,
3631 1087 3911 1165 παρεδόθη

2256 1177 2336 1244 τῷ
2366 1170 2647 1247 ἐπισκόπῳ
2702 1175 2928 1248 Ῥώμης
2986 1176 3091 1232 ὑπὸ
3143 1181 3251 1231 τῶν
3307 1178 3512 1253 γονέων
3574 1177 3765 1248 αὐτοῦ,
3823 1178 3915 1233 ἳνα

2262 1260 2409 1336 μάθῃ
2440 1262 2567 1338 παρ’
2598 1261 2763 1318 αὐτοῦ
2806 1264 2874 1318 τὰ
2906 1265 3024 1339 ἱερά
3052 1264 3373 1341 γράμματα.
3409 1267 3505 1322 Καὶ
3567 1268 3701 1341 μετὰ
3746 1271 3914 1323 ταῦτα

2256 1350 2459 1426 γίνεται
2519 1352 2611 1407 καὶ
2671 1354 3025 1431 ἀναγνώστης
3074 1360 3175 1427 τῆς
3232 1357 3285 1413 ἐν
3341 1363 3531 1434 Ῥωμῃ
3593 1361 3909 1434 ἁγιωτάτης

2259 1439 2609 1512 Ἐκκλησίας.
2668 1442 2952 1520 Ἐνάρετος
3011 1441 3068 1501 δὲ
3133 1446 3441 1521 γενόμενος,
3492 1446 3581 1502 καὶ
3640 1444 3909 1504 διδάσκων

2255 1529 2502 1594 πολλοὺς
2522 1532 2619 1602 τήν
2653 1528 2948 1605 εὐσέϐειαν,
2987 1536 3078 1591 καὶ
3132 1538 3231 1608 τὴν
3292 1536 3473 1608 ἀληθῆ
3534 1538 3736 1593 πίστιν’
3770 1539 3908 1604 τοὺς

2258 1615 2315 1674 δὲ
2343 1624 2449 1674 τῶν
2483 1619 2765 1691 Ἐλλήνων
2809 1623 2961 1687 θεοὺς
3012 1619 3327 1681 διαϐάλλων
3385 1627 3475 1681 καὶ
3535 1622 3904 1703 καθυϐρίζων,

2257 1709 2346 1765 καὶ
2377 1709 2505 1772 τοὺς
2543 1711 2610 1766 τὰ
2662 1708 2867 1767 εἴδωλα
2922 1718 3356 1789 προσκυνοῦντας
3413 1716 3634 1780 ἀθλίους
3684 1717 3775 1773 καὶ
3814 1738 3908 1774 πε-

2255 1796 2641 1872 πλανημένους
2683 1799 3001 1874 ἀποκαλῶν,
3052 1798 3317 1876 διεϐλήθη
3375 1808 3454 1877 τῷ
3515 1805 3733 1881 βασιλεῖ
3789 1806 3905 1864 A6-

2249 1886 2521 1963 ρηλιανῷ.
2556 1888 2657 1945 Καὶ
2688 1891 2974 1965 κρατηθεὶς
3026 1893 3152 1966 παρ’
3212 1893 3401 1964 αὐτοῦ,
3434 1894 3523 1948 καὶ
3584 1893 3904 1969 ἐρωτηθεὶς,

2245 1974 2335 2030 καὶ
2365 1974 2724 2050 ὁμολογήσας
2754 1979 2846 2033 τὸν
2901 1980 3142 2055 Χριστὸν
3199 1980 3497 2058 παρρησίᾳ,
3561 1984 3905 2058 βασανίζεται

2248 2063 2514 2140 ἰσχυρῶς,
2544 2066 2637 2120 καὶ
2665 2073 2995 2141 τιμωρεῖται
3043 2068 3422 2144 ἀπανθρώπως
3480 2073 3571 2127 καὶ
3630 2071 3905 2144 ἀνηλεως.

2243 2147 2330 2215 Ὠς
2362 2151 2421 2208 δὲ
2474 2152 2574 2209 οὐκ
2626 2153 2847 2226 ἐπείσθη
2905 2158 3237 2231 ἀρνήσασθαι
3303 2161 3395 2215 τὸν
3451 2162 3711 2236 Χριστὸν,
3769 2165 3911 2235 μετά

489 2252 706 2316 πολλάς
735 2253 831 2317 τὰς
859 2250 1127 2327 τιμωρίας
1154 2250 1254 2319 τὴν
1289 2247 1434 2324 ἰερὰν
1466 2247 1632 2302 αὐτοῦ
1663 2242 1908 2320 κεφαλὴν
1938 2244 2250 2316 ἀπετμήθη,
2282 2242 2370 2297 καὶ
2403 2241 2546 2298 οὕτω
2602 2242 2936 2316 τελειωθεὶς,
2990 2245 3273 2322 παρέδωκε
3303 2249 3402 2318 τὴν
3438 2249 3706 2327 μακαρίαν
3738 2251 3909 2307 αὐτοῦ

494 2343 682 2418 ψυχὴν
704 2345 786 2414 τῷ
815 2339 1023 2416 Κυρίῳ.

1050 2459 1291 2516 EODEM
1329 2458 1473 2513 ΜΕΝ
1481 2456 1585 2511 SE.

1032 2580 1132 2635 Die
1164 2578 1396 2634 decima
1426 2577 1603 2631 tertia

492 2697 594 2755 26
681 2699 965 2753 Certamen
1051 2702 1367 2751 sanctorum
1449 2698 1755 2761 martyrum
1846 2691 2140 2756 Eustratii,

693 2767 988 2835 Aumentii,
1021 2768 1275 2838 Eugenii,
1308 2764 1601 2828 Mardarii,
1633 2769 1685 2818 et
1715 2764 1935 2819 Orestis.

559 2887 683 2952 Quo
712 2890 978 2959 tempore
1001 2884 1409 2948 Maximianus,
1443 2887 1500 2938 et
1523 2881 1924 2937 Diocletianus
1953 2880 2145 2952 impe-

2814 2454 2996 2513 MHNI
3025 2460 3108 2535 Τῼ
3141 2463 3336 2537 arra.

3038 2574 3118 2628 Il“

2256 2683 2526 2767 Ἀθλησις
2551 2692 2688 2767 τῶνΔ
2714 2688 2883 2767 ἁγίων
2944 2691 3259 2767 μαρτύρων,
3314 2693 3672 2767 Εὐέστρατίου,
3707 2696 3909 2767 A655»:-

2445 2758 2589 2829 τίου,
2622 2758 2907 2836 Εὖγενίου,
2938 2758 3280 2839 Μαρδαρίου,
3313 2765 3402 2820 καὶ
3437 2758 3708 2841 Ὀρέστου.

2331 2876 2453 2931 Ἐπὶ
2473 2884 2573 2947 τῆς
2632 2876 2914 2953 βασιλείας
2965 2881 3312 2956 Μαξιμιανοῦ
3364 2884 3454 2940 καὶ
3509 2886 3917 2956 Διοκλητιανοῦ

492 2980 723 3031 ratores
747 2976 1227 3046 persecutionem
1250 2973 1529 3028 adversus
1542 2969 1909 3026 Christianos
1924 2969 2137 3024 excita-

2258 2961 2507 3041 διωγμὸς
2534 2970 2602 3037 ἦν
2651 2973 2761 3025 τῶν
2815 2972 3173 3046 Χριστιανῶν,
3226 2974 3317 3030 καὶ
3374 2977 3662 3051 κρατηθεὶς
3696 2979 3724 3033 ὁ
3756 2979 3919 3053 ἅγιος

490 3069 655 3131 runt,
678 3068 921 3120 sanctus
943 3062 1275 3118 Eustratius
1305 3078 1339 3116 a
1370 3061 1540 3132 Lysia
1570 3059 1719 3114 duce
1751 3058 2144 3129 comprehen-

2256 3053 2587 3129 Εὐπράτιος
2613 3059 2759 3134 παρᾶ
2790 3060 2992 3115 Λυσίου
3039 3066 3137 3117 τοῦ
3168 3059 3387 3135 δουκὸς,
3413 3064 3505 3120 καὶ
3568 3066 3914 3139 βασανισθεὶς

504 3170 625 3221 sus,
657 3153 1050 3224 pluribusque
1105 3150 1465 3207 cruciatibus
1508 3150 1774 3216 allectus,
1826 3152 1886 3202 et
1931 3147 2137 3203 calceis

2251 3141 2502 3217 πλεῖστα,
2532 3147 2622 3202 καὶ
2659 3146 2987 3224 ὑπὸδήματα
3017 3149 3217 3228 σιδηρᾶ
3249 3156 3383 3228 μετά
3426 3155 3516 3211 καὶ
3547 3155 3701 3226 ἥλων
3733 3157 3906 3228 ὀξέων

492 3241 704 3297 terreis
727 3258 863 3297 cum
885 3241 1074 3296 acutis
1091 3239 1270 3294 clavis
1301 3238 1464 3292 illius
1489 3237 1738 3309 pedibus
1751 3235 1965 3303 afﬁxis,
1982 3236 2143 3308 cogi-

492 3334 588 3384 tur
607 3329 1079 3395 ambulare,cum
1101 3327 1344 3384 interim
1361 3327 1537 3399 virgis
1551 3326 2141 3381 cmderelur.Auxen-

490 3417 610 3473 tius
640 3423 840 3474 autem
869 3417 1253 3474 acerbissime
1315 3419 1505 3471 tortus
1553 3414 1921 3470 decollatur:
1971 3414 2144 3487 cujus

488 3512 667 3579 caput
687 3524 822 3564 cum
846 3506 949 3562 diu
968 3505 1508 3574 latuisset,tandem
1528 3503 1589 3558 in
1609 3503 1816 3559 arbore
1832 3504 2141 3559 inventum

488 3600 597 3665 est,
629 3598 865 3653 cornice
895 3613 1074 3668 super
1111 3612 1241 3651 eam
1273 3599 1486 3662 stante,
1521 3599 1580 3649 et
1607 3594 1831 3665 garritu
1852 3592 2139 3648 indicium

479 3688 758 3746 faciente.
786 3688 899 3744 Sed
920 3693 979 3743 et
1008 3693 1248 3743 sanctus
1280 3685 1605 3742 Mardarius
1633 3684 1969 3740 innumeris
1999 3683 2139 3739 sub-

474 3780 671 3850 jectus
702 3778 1030 3845 tormentis,
1058 3777 1207 3832 nihil
1233 3775 1397 3832 aliud
1426 3776 1489 3830 in
1520 3792 1620 3830 ore
1653 3774 1928 3843 habebat,
1961 3790 2139 3846 quam

483 3868 854 3923 Christianus
894 3884 1046 3922 sum.
1083 3865 1403 3921 Perforatis
1449 3865 1648 3935 itaque
1698 3864 1855 3934 talis,
1906 3864 2138 3919 inverso

486 3957 678 4027 capite
701 3972 1044 4027 suspensus,
1070 3954 1501 4025 posterioribus
1525 3955 1654 4024 ejus
1675 3953 1959 4008 membris
1972 3958 2139 4008 ustu-

487 4044 647 4109 latis,
682 4044 913 4099 vivendi
949 4045 1129 4098 linem
1161 4043 1319 4097 fecit.
1358 4044 1537 4096 Porro
1571 4048 1811 4097 sanctus
1841 4042 2137 4113 Eugenius

487 4133 710 4204 lingua,
747 4139 806 4187 et
835 4132 1123 4187 ambabus
1154 4130 1429 4185 manibus
1463 4131 1772 4198 mutilatis,
1821 4135 2135 4201 postquam

486 4238 661 4279 crura
690 4220 864 4293 virgis
894 4220 1197 4275 confracta
1216 4224 1434 4281 essent.
1463 4218 1879 4290 exspiravit.At
1895 4225 2134 4275 sanctus

2251 3231 2554 3305 ὐποδεθεὶς,
2585 3239 2896 3312 περιεπάτει
2929 3243 3291 3316 τυπτόμενος.
3347 3245 3406 3301 Ὀ
3438 3242 3495 3300 δὲ
3527 3247 3676 3322 ἅγιος
3706 3246 3913 3320 Αὗξέν-

2246 3341 2362 3385 τιος
2391 3326 2728 3401 τιμωρηθεὶς
2759 3327 3001 3404 ἰσχυρῶς
3035 3330 3464 3409 ἀπεκεφαλίσθη.
3500 3335 3565 3391 Ἡ
3598 3331 3656 3390 δὲ
3685 3336 3905 3414 κεφαλὴ

2250 3415 2417 3471 αὐτοῦ
2457 3416 2567 3492 οὐχ
2594 3417 2892 3494 εὐρίσκετο’
2949 3421 3060 3477 εἶτα
3120 3417 3312 3497 εὑρέθη
3373 3422 3450 3488 ἐίς
3509 3422 3727 3500 δένδρον
3790 3447 3911 3482 κει-

2251 3506 2428 3578 μένη,
2509 3509 2762 3584 κορώνης
2846 3511 3088 3583 ἑστώσης
3175 3512 3356 3570 ἐπάνω
3429 3517 3520 3572 καὶ
3569 3516 3909 3593 κραζούσης.

2246 3592 2422 3654 Ἀλλὰ
2467 3597 2558 3652 καὶ
2589 3599 2617 3652 6
2649 3599 2802 3674 ἅγιος
2859 3597 3175 3677 Μαρδάριος
3227 3603 3499 3680 τιμωρίας
3535 3592 3719 3681 μυρία,
3763 3607 3911 3662 ὑπο-

2245 3689 2405 3761 στάς,
2453 3691 2562 3769 ρῦκ
2625 3689 2808 3767 ἔλεγεν
2863 3690 3067 3770 ἓνερον,
3128 3694 3173 3750 εἰ
3236 3697 3338 3769 μὴ,
3386 3698 3706 3773 Χριστιανὸς
3757 3700 3907 3773 εἰμι.

2244 3773 2379 3828 Εἶτα
2458 3773 2585 3837 τοὺς
2673 3775 3044 3851 ἀστραγάλους
3123 3775 3533 3855 διατρυπηθεὶς,
3609 3782 3901 3839 καὶκατᾶ

2242 3859 2485 3938 κεφαλῆς
2515 3866 2862 3939 κρεμασθεὶς,
2893 3867 2984 3920 καὶ
3033 3869 3100 3923 τὰ
3133 3867 3352 3933 ὀπίσθια
3410 3871 3549 3947 μέρη
3607 3892 3778 3928 κατακ
3809 3873 3895 3938 εἰς

2240 3948 2586 4023 ἐτελεύτησεν
2647 3998 2660 4012 .
2719 3956 2780 4011 Ὁ
2838 3952 2895 4010 δὲ
2952 3955 3108 4031 ἃγιος
3168 3957 3424 4034 Εὐγένιος
3478 3962 3577 4030 τήν
3637 3961 3898 4036 γλῶτταν

2239 4042 2328 4096 καὶ
2382 4043 2478 4106 τὰς
2555 4041 2651 4099 δύο
2739 4050 2930 4120 χεῖρας
2984 4045 3234 4111 ἐκκοπεὶς
3295 4049 3638 4115 συνθλασθεῖς
3694 4049 3751 4106 δὲ
3797 4056 3898 4109 καὶ

2237 4132 2303 4185 τὰ
2357 4131 2522 4203 σκέλη
2583 4128 2829 4209 ῥάϐδοις,
2889 4133 3218 4205 ἐξέπνευσεν.
3281 4136 3457 4194 Ἀλλά
3506 4140 3594 4194 καὶ
3649 4142 3677 4194 6
3733 4142 3894 4218 ἅγιος

2240 4219 2497 4294 Ὀρέστης
2529 4263 2544 4289 ,
2598 4226 2695 4276 τοῦ
2748 4225 3128 4298 κεκρυμμένου
3189 4226 3445 4303 σταυρίου
3502 4230 3691 4299 αὐτοῦ,
3751 4233 3893 4307 ὅπερ

485 4312 720 4367 Orestes
750 4311 1001 4377 detecta,
1035 4326 1215 4380 quam
1271 4308 1563 4364 occultam
1611 4309 1898 4381 gestabat,
1955 4326 2128 4365 cruce

2250 4308 2463 4404 ἐφέρει,
2520 4308 2926 4388 ἀναφανέντος,
2988 4311 3259 4389 ἐκρατήθη
3298 4335 3311 4348 ·
3392 4320 3482 4372 καὶ
3550 4321 3721 4383 τεθεὶς
3797 4306 3895 4377 ἐπὶ

481 4400 969 4471 comprehensus,
1004 4404 1062 4453 et
1091 4414 1270 4468 super
1310 4396 1552 4470 grabato
1601 4398 1793 4453 ferreo
1837 4397 2126 4454 candente

478 4491 814 4564 impositus,
846 4490 921 4547 ad
974 4489 1292 4545 Dominum
1350 4489 1639 4559 migravit,
1692 4490 1939 4545 Sanctus
1990 4506 2125 4545 vero

474 4583 807 4639 Eustratius
840 4586 976 4653 post
1004 4581 1177 4653 plura
1208 4578 1501 4651 supplicia
1525 4580 1586 4634 in
1618 4579 1919 4636 caminum
1976 4581 2130 4651 inje—

475 4675 627 4739 ctus,
659 4670 938 4727 decessit.

1130 4786 1353 4844 Eodem
1385 4786 1479 4842 die

730 4909 826 4965 27
858 4911 1142 4964 Certamen
1171 4898 1373 4964 sanctm
1404 4909 1585 4962 Luciae
1613 4906 1871 4978 virginis.

545 5025 723 5082 Lucia
758 5030 984 5096 martyr
1009 5025 1319 5096 Syracusis
1351 5024 1411 5078 in
1443 5039 1656 5096 magna
1686 5023 1900 5079 Sicilia;
1931 5022 2128 5078 insula

476 5119 638 5180 nata,
672 5119 925 5170 matrem
970 5113 1275 5185 sanguinis
1318 5112 1603 5184 proﬂuvio
1653 5112 2020 5168 laborantem
2053 5111 2127 5167 ad

476 5204 688 5259 urbem
709 5205 990 5260 Catanam
1015 5203 1201 5269 duxit,
1225 5208 1345 5257 uta
1376 5208 1583 5258 sancta
1615 5208 1872 5274 martyre
1901 5202 2127 5275 Agatha

475 5300 804 5349 curaretur.
840 5296 914 5347 At
945 5299 1151 5348 sancta
1182 5297 1409 5364 martyr
1434 5292 1661 5364 Agatha
1687 5298 1746 5347 et
1774 5291 1964 5347 Lucias
1994 5307 2122 5347 ma-

471 5387 623 5438 trem
656 5382 904 5441 sanavit.
938 5387 997 5438 et
1026 5382 1097 5437 de
1132 5381 1337 5437 eadem
1372 5382 1547 5437 Lucia
1578 5381 1869 5453 praedixit,
1900 5381 2026 5436 fore
2058 5386 2125 5435 ut

467 5489 574 5545 pro
607 5473 837 5528 Christo
869 5472 1219 5543 martyrium
1251 5471 1496 5527 subiret.
1531 5472 1721 5535 Quare
1752 5469 1995 5525 domum
2027 5485 2123 5524 re-

464 5580 670 5631 versae,
703 5563 1013 5619 facultates
1071 5580 1208 5620 suas
1252 5562 1615 5634 pauperibus
1664 5560 2118 5617 distribuerunt.

469 5651 583 5709 Sed
613 5653 897 5724 quoniam
927 5653 1322 5725 virginitatem
1353 5666 1585 5707 servare
1616 5648 1912 5717 studebat,
1932 5650 2005 5705 ab
2023 5666 2114 5719 eo,

465 5741 568 5812 qui
597 5742 763 5799 illam
794 5759 901 5814 per
928 5743 1044 5798 vim
1075 5741 1188 5797 sibi
1214 5742 1468 5813 jungere
1501 5756 1744 5797 uxorem
1765 5739 2017 5810 videbat,
2041 5742 2116 5798 ad

2236 4394 2465 4472 σιδηροῦ
2538 4402 3036 4475 πεπυρακτωμένου
3115 4399 3433 4478 κραϐάτου,
3494 4408 3631 4481 πρὸς
3685 4408 3895 4485 Κύριον

2236 4484 2590 4561 ἐξεδήμησεν.
2631 4489 2956 4559 Ἐτελείώθη
3013 4489 3069 4547 δὲ
3125 4494 3211 4549 καὶ
3269 4495 3297 4549 ὁ
3357 4495 3510 4571 ἆγιος
3555 4484 3892 4573 Εὐστράτιος

2240 4577 2375 4651 μετὰ
2405 4574 2618 4640 πολλάς
2645 4579 2742 4640 τὰς
2768 4580 3041 4656 τιμωρίας
3074 4582 3355 4658 εἰσαχθεὶς
3377 4585 3457 4648 εἷς
3486 4590 3738 4660 κάμινον.

2806 4788 2889 4860 Τῇ
2940 4786 3076 4862 αὐτῇ
3133 4789 3316 4865 ἡμέρᾳ

2378 4900 2646 4971 Ἀθλησις
2676 4905 2776 4969 τῆς
2824 4903 2979 4980 ἁγίας
3030 4906 3266 4972 Λουκίας
3315 4915 3416 4979 τῆς
3448 4910 3736 4985 παρθένου.

2306 5015 2368 5103 Ἦ
2403 5014 2605 5093 μάρτυς
2636 5018 2858 5089 Λουκία,
2890 5017 3097 5097 ἐγένετο
3154 5022 3261 5078 ἀπο
3321 5023 3577 5090 Σικελίας
3623 5034 3724 5098 τῆς
3786 5052 3888 5103 με-

2232 5101 2411 5195 γάλης
2435 5106 2625 5176 νήσου,
2655 5105 2715 5162 ἐκ
2742 5105 2959 5172 πόλεως
2993 5111 3367 5186 Συρακούσης.
3401 5117 3540 5191 Εἶχε
3570 5113 3628 5171 δὲ
3673 5101 3892 5195 μητέρα

2235 5193 2556 5257 ἀσθενοῦσαν
2608 5195 2671 5249 τὸ
2730 5202 2831 5266 τῆς
2885 5198 3209 5275 αἱμορῥοίας
3256 5203 3450 5266 πάθος.
3511 5205 3615 5261 Καὶ
3671 5193 3887 5262 ἀναλα-

2233 5275 2402 5337 ϐοὖσα
2431 5282 2599 5351 αὖτὴν
2644 5282 2886 5353 ἀπῆλθεν
2944 5285 3022 5350 εἰς
3074 5282 3172 5356 τήν
3234 5290 3398 5347 πόλιν
3457 5296 3733 5366 Κατάνης,
3786 5295 3889 5353 ἳνα

2229 5370 2580 5448 παρακαλέσῃ
2632 5374 2733 5444 τήν
2815 5375 2967 5449 ἁγίαν
3027 5377 3273 5453 μάρτυρα
3324 5381 3579 5458 Ἀγαθην,
3636 5385 3729 5440 καὶ
3788 5397 3887 5450 θε-

2229 5461 2472 5537 ραπεύσῃ
2556 5462 2745 5533 αὐτήν.
2804 5464 2867 5520 Ἦ
2952 5462 3011 5521 δὲ
3066 5468 3198 5541 ἁγία
3254 5471 3460 5546 μάρτυς
3521 5475 3730 5550 Ἀγάθη
3782 5477 3888 5532 καὶ

2224 5551 2325 5642 την
2387 5549 2596 5627 μητέρα
2677 5558 2779 5622 τῆς
2862 5554 3097 5619 Λουκίας
3175 5557 3527 5636 ἐπεσκέψατο,
3603 5549 3693 5619 καὶ
3753 5568 3881 5642 περὶ

2224 5640 2393 5711 αὐτῆς
2450 5642 2889 5718 προεφήτευσεν,
2950 5644 3033 5701 ὅτι
3089 5644 3283 5720 μέλλει
3340 5658 3683 5727 μαρτυρῆσαι
3740 5640 3883 5733 ὑπέρ

2225 5737 2484 5811 Χριστοῦ.
2558 5732 2982 5808 ’Υποστρὲψασαι
3068 5733 3236 5800 δεδεις
3292 5741 3382 5796 τὸν
3442 5741 3593 5798 οἷκον
3650 5732 3884 5821 ἑαυτῶν,
