4112 6308
250 425 327 485 ιω
1743 381 2178 480 usususus.

3593 433 3711 494 206

246 560 305 613 τὸν
323 559 558 611 πλοῦτον
628 554 855 611 αὐτῶν
926 555 1157 614 ἔδωκαν
1215 560 1334 619 τοῖς
1386 556 1656 630 πτωχοῖςο
1718 549 1833 607 ὶπεὶ
1894 547 1941 604 Si

2066 555 2411 623 praefectum
2441 559 2638 615 delata
2667 565 2774 617 est.
2807 561 3248 635 Comprehensa
3301 565 3523 637 itaque,
3579 581 3712 622 cum

245 645 537 719 υρθενεόειν
609 643 1045 719 ἐσπούδαζεν,
1106 649 1135 701 6
1199 643 1517 721 βιαζόμενος
1570 639 1737 710 αὐτὴν
1813 639 1952 715 πρὸς

242 736 386 813 τάμον,
443 736 868 808 κατεμήνυσε
932 742 1027 810 τῷ
1085 733 1314 811 ἄρχοντι
1389 739 1490 803 τῆς
1546 729 1787 792 πόλεως.
1850 726 1950 783 Καὶ

248 826 535 903 ιρστηθεῖσα
598 825 1016 900 ἠναγκάζετο
1104 824 1432 901 ἀρνήσασθαι
1512 821 1605 876 τὸν
1694 817 1949 894 Χριστόν.

250 915 378 982 Ὦςδέ
406 916 511 971 οὐκ
575 914 906 987 ἐπείθετο,
958 914 1243 972 ἐκέλευσεν
1275 914 1303 968 6
1332 913 1522 988 ἄρχων
1575 909 1652 973 εἰς
1698 908 1764 966 τὸ
1815 927 1951 982 πορ-

245 1013 351 1063 νεῖον
379 1006 563 1076 αὐτὴν
601 1005 1069 1082 ἀπενεχθῆναι.
1132 1002 1290 1060 Ἀλλ’
1344 998 1525 1075 ἔμεινε
1582 1003 1716 1055 Θεοῦ
1763 998 1950 1073 χάριτι

239 1097 412 1172 καθαρᾶ
439 1097 542 1151 καὶ
584 1095 650 1151 ἰν
686 1094 793 1169 τῷ
863 1094 1121 1168 τοιούτῳ
1171 1091 1345 1165 τόπῳ·
1404 1094 1501 1147 τοῦ
1557 1092 1692 1145 Θεοῦ
1749 1085 1953 1166 φυλάτ-

232 1207 391 1250 τοντος
441 1184 671 1257 αὐτήν.
749 1185 920 1244 Εἶτα
982 1185 1193 1258 ἀνῆψαν
1252 1178 1499 1257 μεγάλην
1552 1180 1809 1253 κάμινον,
1858 1178 1947 1232 καὶ

578 1272 796 1345 αὐτὴν
874 1274 963 1336 εἷς
1022 1274 1126 1342 τὴν
1174 1272 1370 1348 πυράν.
1458 1268 1558 1324 Καὶ
1620 1267 1696 1341 μή
1754 1262 1950 1334 ἀδικη-

222 1367 369 1434 θεῖσα,
401 1362 908 1442 ἆπεκεφαλῑσθη
943 1363 1075 1438 παρ’
1105 1362 1302 1417 αὐτῶν.

831 1481 1033 1539 ΜΗΝΙ
1071 1486 1160 1538 TD
1196 1479 1396 1536 ΑΥΤΩ.

1086 1598 1165 1650 ΙΔ¹

220 1716 490 1786 ’Δθλησις
587 1717 734 1768 τῶν
836 1711 1045 1836 ἁγίωνὶ
1134 1707 1419 1836 μαρτύρων
1522 1705 1759 1780 Θύρσου,
1861 1703 1951 1760 καὶ

1051 1802 1145 1836 ευκ
1170 1801 1255 1836 ου.

1051 1801 1255 1841 ευκιου.

2062 643 2363 703 Christum
2385 648 2677 724 abnegare
2703 653 3297 725 compelleretur,nec
3319 654 3391 709 ad
3409 653 3470 708 id
3490 654 3715 710 facien-

2061 731 2202 790 dum
2224 736 2435 793 adduci
2453 746 2676 810 posset,
2686 741 2873 813 jussit
2891 743 3204 814 praafectus
3225 759 3355 799 eam
3377 743 3451 799 ad
3465 743 3720 814 lupanar

2062 821 2236 879 duci:
2270 827 2375 881 sed
2403 826 2605 883 divino
2639 832 2918 901 praesidio
2962 849 3112 903 pura
3156 833 3496 904 intactaque
3551 833 3612 887 in
3645 848 3714 887 eo

2060 910 2189 967 loco
2220 916 2460 984 mansit,
2493 923 2612 974 Deo
2646 919 2814 975 illam
2845 921 3235 976 custodiente.
3296 923 3602 977 Postremo
3650 921 3710 975 in

2060 1015 2372 1059 accensam
2402 1005 2703 1078 ingentem
2735 1007 3036 1065 fornacem
3070 1009 3309 1082 injecta,
3343 1014 3521 1081 atque
3570 1009 3711 1065 inde

2060 1092 2190 1234 1sine
2218 1092 2341 1149 ullo
2375 1093 2731 1153 detrimento
2779 1115 3036 1171 egressa,
3091 1100 3164 1155 ab
3209 1100 3354 1172 ipsis
3407 1099 3700 1156 decollata

2084 1181 2189 1234 uit.

2084 1181 2189 1236 'uit.

2619 1482 2861 1537 EODEM
2901 1485 3039 1539 MEN
3049 1485 3149 1539 SE.

2576 1597 2678 1652 Die
2709 1599 2940 1655 decima
2970 1606 3198 1671 quarta.

2061 1709 2162 1767 28
2220 1711 2501 1767 Certamen
2584 1721 2895 1841 sanctmium
2928 1723 3272 1801 "martyrum
3352 1718 3570 1788 Thyrsi,
3655 1726 3707 1775 et

2818 1803 2983 1841 eucu.

2818 1803 2983 1843 eucn.

272 1903 397 1960 Ἐπὶ
452 1901 689 1958 Δεκίου
758 1904 881 1956 τοῦ
948 1897 1220 1976 βασιλέως
1275 1892 1615 1971 Κομϐρίκιος
1647 1895 1676 1949 6
1718 1892 1941 1969 ἡγεμὼν

2130 1899 2304 1955 Decio
2334 1899 2687 1972 imperante,
2745 1920 2880 1958 cum
2938 1905 3305 1961 Combricius
3364 1908 3698 1978 praefectus,

219 1992 455 2067 διωγμὸν
499 1993 700 2069 μέγαν
731 1990 982 2061 ἐκίνησε
1008 1989 1146 2044 κατᾶ
1189 1991 1298 2042 τῶν
1345 1988 1702 2062 Χριστιανῶν,
1753 1983 1805 2039 ἐν
1832 1988 1949 2045 τοῖς

229 2086 401 2155 μέρεσι
464 2077 948 2153 Νικομηδείας,
1026 2078 1208 2153 χύνων
1285 2076 1355 2131 τὰ
1420 2077 1530 2131 τῶν
1614 2076 1945 2150 Χριστιανῶν

226 2169 419 2245 εἵματα
450 2173 591 2234 καθ’
648 2170 927 2238 ἱκάστην
980 2167 1055 2230 ὡς
1113 2166 1281 2242 ὕδωρ.
1339 2164 1613 2235 Λυπηθεὶς
1662 2161 1719 2218 δὲ
1748 2163 1777 2217 6
1808 2160 1948 2216 Λεύ-

215 2282 345 2329 κιος,
378 2257 774 2335 Χριστιανὸς
807 2257 1109 2332 ὑπάρχων,
1138 2255 1227 2312 καὶ
1260 2248 1601 2332 φοϐούμενος
1657 2251 1747 2307 τὸν
1796 2251 1947 2322 Θεὸν,

224 2350 465 2420 ἀπῆλθεν
520 2349 610 2411 εἷς
678 2346 794 2403 τὸν
851 2345 1130 2420 ἡγεμόνα,
1178 2343 1376 2420 λέγων·
1446 2341 1608 2399 Κύων
1669 2342 1945 2415 ἀκόρεστε,

206 2449 302 2506 {me
356 2436 505 2494 τότε
571 2435 831 2511 ἱκχὲεις
883 2434 951 2489 τὸ
1004 2437 1115 2489 τῶν
1206 2432 1516 2507 ἀνθρώπων
1567 2432 1705 2503 αἷμα
1763 2428 1945 2502 ὣσπερ

215 2525 383 2602 ῧόωρ,
420 2524 899 2600 καταναγκάζων
965 2521 1166 2585 αὐτοὺς
1223 2525 1548 2598 προσκυνεῖν
1606 2517 1799 2582 λίθους
1854 2517 1945 2573 καὶ

221 2615 355 2689 ξῦλα
378 2620 589 2693 ἄψυχα
618 2617 728 2672 καὶ
792 2614 1139 2684 ἀναίσθητα;
1197 2613 1500 2690 Ὀργισθεὶς
1546 2609 1605 2667 δὲ
1634 2612 1662 2666 6
1692 2610 1946 2685 ἡγεμὼν,

222 2704 526 2781 ἒιξιὲμασεν
564 2705 753 2762 αὐτὸν
802 2703 900 2759 καὶ
958 2697 1104 2774 ἔξεσε
1155 2704 1261 2764 τὰς
1317 2703 1518 2777 σάρκας
1574 2699 1759 2755 αὐτοῦ.
1821 2699 1949 2755 Εἶτα

231 2796 643 2874 ἀπεκεφάλισεν
712 2792 911 2849 αὐτόν.
975 2793 1081 2848 Καὶ
1143 2792 1439 2862 ὑπήντησε
1495 2795 1576 2862 τῷ
1633 2789 1861 2863 ἡγεμόνι
1919 2789 1947 2843 6

246 2888 399 2962 ἅγιος
428 2887 682 2963 Θῦρσος,
742 2884 844 2939 καὶ
901 2879 1173 2937 ὠνείδισεν
1232 2880 1403 2953 αὐτῷ,
1467 2881 1545 2943 ὡς
1603 2878 1946 2954 ἐπιχαίροντι

252 2981 373 3037 τοῖς
424 2977 634 3049 αἵμασι
710 2978 829 3030 τῶν
916 2971 1242 3048 ἀνθρώπων,
1320 2969 1412 3025 καὶ
1496 2967 1769 3043 ἐκρατήθη
1857 2967 1948 3022 καὶ

278 3065 466 3134 αὐτὸς,
491 3064 590 3120 καὶ
622 3061 796 3132 ἐδέθη
844 3065 1038 3137 χεῖρας
1093 3059 1185 3115 καὶ
1233 3055 1427 3129 πόδας,
1482 3057 1573 3113 καὶ
1631 3055 1944 3128 ἑξεκεντήθη

263 3155 394 3216 τοὺς
445 3152 811 3231 ὀφθαλμοὺς,
902 3150 993 3206 καὶ
1080 3144 1368 3224 συνετρίϐη
1443 3147 1510 3202 τὰ
1580 3146 1772 3218 σκέληο
1833 3147 1948 3201 εἶτα

254 3239 447 3313 ἐδέθη,
501 3243 606 3296 ἳνα
662 3241 879 3315 σχισθῇ
946 3238 1111 3312 μέσον
1138 3237 1306 3341 ιἱμετὰ
1360 3239 1459 3291 τοῦ
1540 3233 1944 3341 πρίονοςλΚαὶ
1974 3270 2018 3341 C

428 3334 531 3385 τοῦ
584 3329 915 3404 σχισθῆναι,
961 3325 1053 3381 καὶ
1135 3321 1600 3399 διχοτομηθῆναι,
1654 3320 1936 3397 παρέδωκε

259 3420 364 3487 τῆν
393 3421 612 3495 ψυχήν.

879 3535 960 3606 Τῇ
991 3531 1132 3605 αὖτῇ
1161 3531 1344 3606 ἡμέρᾳ

272 3652 553 3722 ’Ἃθλησις
580 3654 712 3739 τῶν,
726 3647 892 3726 ἁγίων
907 3647 1592 3739 ⁸μαηρτύριιονδξιηλήμογος,
1640 3646 1926 3704 ’Δπολλωο

658 3716 804 3790 νίοιῖ,
837 3716 1054 3790 καῖτῆς
1082 3716 1331 3781 συνοδίας
1360 3716 1558 3775 αὖτῶν.

341 3841 515 3896 Οὗτοι
547 3841 606 3894 οἱ
631 3840 783 3913 ἅγιοι
810 3837 1054 3913 ἐγένοντο
1087 3835 1194 3891 ἀπὸ
1241 3830 1434 3906 Θηϐῶν
1484 3842 1608 3923 τῆς,
1629 3835 1934 3923 Αἰγύπτου,

276 3928 365 3984 ἰπὶ
398 3930 817 4000 Διοκλητιανοῦ
859 3930 958 3982 τοῦ
1014 3925 1303 4001 βασιλέως.
1363 3926 1533 3981 Ἦσαν
1592 3921 1651 3979 δὲ
1709 3921 1937 3987 ἅπαντες

271 4020 662 4093 τριακονταὲξ.
724 4017 871 4073 Ἐπεὶ
930 4014 988 4071 δὲ
1070 4014 1461 4089 ἐκρατήθησαν,
1518 4016 1594 4077 εἷς
1656 4013 1708 4085 ἐξ
1759 4013 1933 4070 αὐτῶν

277 4108 642 4182 καλούμενος
702 4103 1100 4173 Ἀπολλώνιος,
1150 4101 1419 4179 κληρικὸς
1474 4100 1572 4171 ὢν,
1630 4098 1799 4158 ἔδωκε
1844 4124 1934 4159 νο-

280 4221 538 4274 μισμστα
566 4203 652 4272 τῷ
691 4196 1017 4276 φυλάττοντι
1068 4195 1261 4259 αὐτοὺς
1320 4192 1606 4268 Φιλήμονι
1659 4199 1738 4267 τῷ
1784 4206 1936 4259 κιθα-

276 4293 465 4363 ριστῇ,
523 4289 622 4342 καὶ
678 4283 1042 4361 παρεκάλεσεν
1096 4284 1257 4339 αὐτὸν
1317 4282 1540 4360 φορέσαι
1623 4284 1692 4339 τὰ
1745 4285 1939 4357 ἱμάτια

270 4375 470 4446 αὐτοῦ,
496 4377 595 4432 καὶ
635 4374 755 4429 ἀντὶ
811 4375 980 4429 αὑτοῦ
1037 4379 1408 4448 προσκυνῆσαι
1450 4372 1549 4427 καὶ
1609 4373 1764 4426 θῦσαι
1818 4377 1935 4434 τοῖς

274 4463 567 4528 εἰδώλοις.
628 4466 692 4522 Ὀ
750 4460 807 4519 δὲ
860 4461 1134 4536 Φιλήμων
1189 4460 1417 4540 φορέσας
1471 4460 1540 4515 τὰ
1592 4461 1785 4534 ἱμάτια
1840 4464 1938 4516 τοῦ

268 4554 705 4626 ’Δπολλωνίου,
764 4553 855 4608 ὅτε
908 4551 1124 4622 ἀπῆλθε
1195 4553 1374 4621 θῦσαι,
1459 4547 1790 4624 ὡμολόγησε
1841 4550 1934 4604 τὸν

2058 2003 2273 2060 magna
2300 1988 2580 2045 adversus
2601 1992 2966 2048 Christianos
2996 1998 3158 2048 mota
3178 1998 3611 2065 persecutione,
3640 1997 3701 2051 in

2058 2077 2325 2148 partibus
2356 2078 2709 2135 Nicomediae
2742 2083 3092 2153 sanguinem
3140 2083 3609 2139 Christianorum
3640 2086 3702 2139 in

2057 2164 2185 2220 dies
2205 2166 2367 2221 velut
2385 2183 2601 2239 aquam
2627 2170 3137 2244 etTunderet,a9gre
3160 2172 3221 2226 id
3239 2172 3436 2227 ferens
3456 2174 3703 2228 Leucius

2057 2255 2144 2308 vir
2165 2256 2536 2313 Christianus
2558 2259 2860 2330 Deumque
2894 2260 3132 2328 timens,
3166 2261 3311 2316 adiit
3338 2262 3703 2333 praefectum,

2058 2348 2136 2407 et,
2170 2344 2343 2400 Canis
2373 2345 2774 2417 inexplebilis,
2808 2349 3022 2419 inquit,
3054 2366 3362 2421 usquequo
3394 2351 3703 2406 hominum

2057 2434 2407 2505 sanguinem
2437 2434 2597 2490 velut
2626 2452 2841 2507 aquam
2864 2438 3152 2507 effundes,
3183 2440 3547 2511 compellens
3568 2441 3704 2496 illos

2058 2522 2305 2578 adorare
2332 2523 2559 2595 lapides
2580 2530 2639 2579 et
2659 2524 2838 2597 ligna,
2862 2526 3060 2581 animo
3082 2544 3380 2599 sensuque
3402 2529 3705 2584 carentia?

2060 2612 2147 2666 Ad
2177 2613 2303 2668 haec
2333 2613 2649 2669 excanduit
2676 2615 3010 2686 praefectus,
3043 2622 3399 2689 raptumque
3429 2619 3490 2674 in
3516 2635 3705 2690 equu-

2057 2700 2239 2770 leum,
2275 2707 2333 2756 et
2362 2704 2844 2759 excarniﬁcatum
2875 2705 3157 2761 decollari
3191 2706 3392 2777 jussit.
3444 2708 3700 2780 Thyrsus

2058 2807 2195 2845 vero
2226 2790 2456 2846 obviam
2486 2792 2675 2847 factus
2707 2792 2900 2848 eidem
2956 2794 3256 2864 praefecto,
3307 2797 3697 2867 exprobravit,

2059 2879 2216 2950 quod
2236 2880 2422 2935 multo
2436 2881 2780 2936 mortalium
2804 2883 3090 2956 sanguine
3120 2884 3699 2955 exhausto,nondum

2057 2971 2259 3023 tamen
2290 2969 2556 3024 animum
2587 2985 2761 3024 suum
2807 2970 3120 3042 explesset.
3181 2973 3370 3036 Quare
3428 2978 3486 3027 et
3541 2974 3699 3028 hunc

2057 3057 2578 3129 comprehensum,
2621 3058 2918 3129 manibus,
2969 3058 3340 3131 pedibusque
3398 3062 3698 3129 revinctis,

2057 3145 2245 3201 oculis
2277 3147 2601 3217 transfixis,
2632 3147 3022 3219 cruribusque
3075 3150 3358 3216 contusis,
3405 3151 3705 3206 mandavit

2059 3251 2224 3291 serra
2248 3236 2510 3292 medium
2543 3237 2750 3292 secari.
2785 3236 2897 3292 Sed
2944 3242 3263 3309 antequam
3311 3239 3701 3310 scinderetur,

2061 3331 2243 3402 inque
2273 3330 2420 3388 duas
2449 3337 2648 3404 partes
2678 3331 3057 3400 divideretur,
3091 3332 3351 3388 animam
3382 3334 3647 3393 tradidit.

2698 3539 2919 3595 Eodem
2951 3539 3045 3595 die

2046 3654 2144 3711 29
2204 3654 2489 3710 Certamen
2557 3661 2869 3711 sanctorum
2948 3661 3253 3724 martyrum
3335 3657 3691 3724 Philemonis,

2512 3726 2812 3796 Apollonii,
2846 3733 2897 3781 ct
2924 3728 3215 3780 sociorum.

2115 3839 2220 3895 Isti
2251 3840 2462 3908 sancti,
2519 3839 2885 3896 Diocletiano
2937 3841 3291 3912 imperante,
3350 3859 3420 3897 ex
3475 3843 3688 3898 Thebis

2044 3928 2269 4000 [Egypti
2302 3928 2448 3984 urbe
2479 3928 2614 3994 orti,
2647 3945 2748 3983 sex
2782 3934 2840 3985 et
2872 3929 3112 4003 triginta
3150 3945 3398 3985 numero
3423 3932 3685 3988 fuerunt.

2045 4020 2188 4074 Cum
2219 4022 2417 4073 autem
2471 4019 2885 4089 comprehensi
2934 4018 3206 4085 fuissent,
3259 4037 3413 4075 unus
3463 4037 3533 4076 ex
3583 4022 3692 4090 eis,

2048 4106 2396 4178 Apollonius
2412 4106 2676 4176 nomine,
2702 4107 2974 4176 clericus,
3001 4108 3137 4163 data
3153 4108 3486 4164 Philemoni
3510 4110 3693 4165 citha-

2045 4196 2205 4251 ristze
2238 4213 2445 4251 eorum
2477 4196 2706 4252 custodi
2738 4197 3011 4269 pecunia,
3043 4198 3285 4271 rogavit,
3330 4204 3395 4254 ut
3444 4199 3695 4272 sumptis

2049 4287 2171 4341 suis
2200 4286 2463 4342 vestibus
2495 4288 2628 4355 iret,
2662 4303 2729 4343 ac
2758 4304 2864 4359 pro
2905 4304 2967 4343 se
2999 4287 3158 4344 idola
3214 4289 3457 4355 coleret,
3507 4290 3699 4360 iisque

2046 4376 2424 4431 sacrificaret.
2450 4376 2564 4433 Sed
2585 4376 2900 4433 Philemon
2926 4379 3178 4449 sumptis
3202 4379 3500 4450 Apollonii
3521 4378 3697 4432 vesti-

2046 4465 2178 4533 bus,
2210 4466 2350 4522 dum
2381 4482 2553 4522 sacra
2576 4466 2840 4524 facturus
2872 4467 3006 4537 iret,
3046 4467 3347 4523 Christum
3395 4466 3701 4522 confessus

2046 4560 2154 4610 est.
2187 4555 2376 4621 Quare
2407 4555 2719 4626 praefectus
2770 4556 2948 4627 hujus
2994 4556 3078 4610 rei
3127 4556 3407 4627 ignarus:
3463 4557 3692 4621 Vocate,

276 4644 554 4720 Χριστόν.
587 4643 651 4700 Ὀ
682 4640 744 4696 δὲ
770 4641 1020 4719 ἡγεμὼν,
1071 4640 1147 4714 μή
1207 4638 1479 4716 γνωρίσας
1539 4638 1726 4707 αὐτὸν,
1785 4639 1941 4702 εἶπεν⁴

2061 4642 2162 4708 ait,
2194 4642 2563 4698 citharistam
2595 4643 3030 4712 Philemonem,
3050 4648 3116 4696 ut
3137 4642 3425 4698 citharam
3448 4641 3694 4713 pulsans

276 4731 571 4789 Καλέσατε
626 4731 721 4785 τὸν
777 4729 1093 4805 κιθαριστὴν
1153 4727 1470 4800 Φιλήμονα,
1528 4726 1619 4781 ἳνα
1687 4725 1940 4803 κιθαρίσῃ

272 4820 476 4895 καὶτῇ
508 4816 760 4895 μελῳδίᾳ
800 4819 962 4894 πείσῃ
1022 4816 1149 4879 τοὺς
1205 4814 1558 4890 Χριστιανοὺς
1609 4816 1784 4873 θῦσαι.
1845 4815 1943 4870 Καὶ

280 4908 411 4964 τότε
464 4906 790 4984 γνωρισθεὶς
841 4907 868 4961 6
922 4904 1198 4978 Φιλήμων
1253 4902 1571 4978 ἐτιμωρήθη
1644 4903 1782 4976 μετὰ
1835 4906 1942 4958 τῶν

279 4994 477 5054 ἄλλων
521 4997 677 5069 παρά
732 4999 832 5051 τοῦ
884 4994 1182 5069 ἡγεμόνος.
1241 4993 1495 5068 Ὕστερον
1556 4989 1614 5046 δὲ
1668 4990 1947 5047 ἐπίστευσε

286 5088 380 5142 καὶ
408 5089 438 5142 6
468 5086 728 5164 ἡγεμὼν,
757 5085 850 5140 καὶ
880 5085 934 5139 οἱ
991 5082 1085 5138 σὺν
1132 5080 1281 5155 αὐτῷ
1333 5083 1549 5153 παντες,
1607 5083 1694 5136 καὶ
1756 5081 1945 5156 μαθὼν

281 5179 451 5231 ταῦτα
481 5177 511 5230 6
542 5173 945 5246 Διοκλητιανὸς
994 5171 1376 5248 ἐτιμωρήσατο
1433 5169 1615 5239 αὐτὸν,
1677 5170 1811 5244 μετὰ
1855 5170 1943 5226 καὶ

275 5265 566 5341 Ἀῤῥιανοῦ
617 5284 774 5327 τινος
833 5259 1128 5320 πλουσίου.
1199 5258 1332 5317 Εἶτα
1410 5254 1684 5331 δεσμήσας
1740 5259 1943 5323 πάντας

276 5353 365 5408 καὶ
393 5348 665 5429 ἐμϐαλὼν
715 5351 795 5416 εἴς
855 5352 1113 5420 σάκκους,
1171 5345 1385 5426 ἔῤῥιψεν
1443 5346 1499 5403 ἐν
1549 5349 1619 5422 τῇ
1678 5346 1942 5426 θαλάσσῃ,

886 5471 966 5540 Τῇ
1001 5466 1141 5539 αὖ»τῇ
1168 5462 1351 5539 ἡμέρᾳ

276 5579 494 5660 Εὗρεσις
540 5586 656 5642 τῶν
692 5581 981 5657 λειψάνων
1040 5578 1356 5660 τοῖ’),ἁγίου
1407 5575 1694 5653 ’Δρῤιανοῦ
1744 5583 1942 5636 καιτῶν

910 5649 1312 5727 προτικτόρων.

335 5775 485 5832 Πιτᾶ
508 5774 576 5831 τὸ
636 5770 944 5848 βασανίσαι
1001 5765 1129 5829 τοὺς
1186 5763 1368 5841 ἁγίους
1425 5760 1707 5841 διαφόροις
1769 5769 1945 5845 βασά-

2051 4747 2257 4786 vocum
2288 4732 2573 4786 suavitate
2617 4731 2897 4786 delinitos
2941 4731 3307 4787 Christianos
3353 4731 3426 4786 ad
3474 4730 3700 4786 sacriﬁ-

2054 4818 2311 4873 candum
2342 4818 2517 4874 idolis
2554 4818 2815 4874 inducat.
2846 4818 3095 4890 Agnitus
3121 4820 3299 4891 igitur
3315 4820 3647 4888 Philemon,
3672 4837 3707 4875 a

2053 4907 2330 4978 praefecto
2356 4923 2478 4962 una
2496 4922 2631 4961 cum
2660 4905 2794 4962 aliis
2822 4911 3130 4977 torquetur
3154 4924 3167 4962 :
3202 4907 3439 4965 demum
3463 4910 3708 4981 przefec-

2055 5000 2149 5051 tus
2181 4995 2305 5067 ipse
2339 5011 2474 5050 eum
2503 4994 2782 5050 omnibus
2810 4996 2932 5051 suis
2964 4996 3144 5053 ﬁdem
3175 4998 3390 5053 Christi
3417 4999 3702 5070 suscepit.

2055 5084 2221 5150 Quod
2277 5084 2379 5140 ubi
2436 5083 2677 5139 rescivit
2735 5085 3154 5155 Diocletianus,
3223 5088 3476 5143 cruciari
3529 5087 3700 5142 illum

2047 5173 2232 5245 jussit
2265 5189 2401 5228 cum
2459 5173 2711 5229 Arriano
2761 5174 3019 5245 quodam
3078 5176 3358 5248 opulento
3415 5177 3700 5232 homine:

2056 5267 2354 5335 postremo
2383 5262 2613 5318 vinetos
2651 5279 2883 5332 omnes,
2943 5269 3001 5319 et
3057 5281 3226 5321 sacco
3287 5266 3573 5334 inclusos,
3633 5265 3697 5319 in

2055 5367 2219 5408 mare
2248 5352 2457 5424 projici
2489 5352 2808 5408 mandavit.

2704 5466 2925 5524 Eodem
2958 5469 3054 5525 die

2054 5584 2157 5640 80
2185 5586 2438 5640 Iuventio
2489 5583 2859 5654 reliquiarum
2904 5589 3083 5641 sancti
3128 5589 3382 5657 Arriani,
3429 5593 3479 5642 et
3518 5593 3707 5658 prote-

2760 5663 2994 5714 ctorum.

2126 5778 2449 5848 Postquam
2473 5773 2653 5832 variis
2683 5773 3111 5845 suppliciorum
3139 5776 3455 5848 generibus
3481 5776 3543 5830 in
3572 5791 3711 5830 san-
