4114 6306
470 341 592 401 207

1780 322 2208 387 MENOLOGII
2249 324 2457 388 PARS
2504 324 2578 386 ll.

3777 321 3899 381 208

473 478 596 529 ctos
619 470 1020 527 Diocletianus
1046 459 1833 529 animadvertisset,demisit
1853 460 2126 514 sanctum

2253 475 2350 518 mu;
2380 456 2408 511 6
2440 453 2854 527 Διοκλητιανὸς,
2883 450 3131 529 ἐνέρριψε
3169 450 3260 508 καὶ
3311 452 3403 507 τὸν
3460 450 3628 527 ἅγιον
3676 449 3902 527 Ἀῤῥιαο

472 563 789 618 Arrianum
821 558 1047 615 catenis
1082 555 1471 613 constrictum
1524 553 1585 606 in
1637 548 1990 604 altissimam
2041 545 2127 600 fo-

2236 545 2331 599 νὸν
2357 544 2436 606 είς
2473 543 2638 620 βαθὺν
2697 543 2894 619 βόθρον
2940 549 3042 613 τῆς
3088 543 3191 617 γῆς
3246 538 3553 615 δεδεμένον
3617 540 3708 595 καὶ
3748 538 3904 595 ἐσκέ-

473 668 662 719 veam,
683 649 993 720 multoque
1024 646 1188 701 illam
1213 650 1384 698 terrae
1410 656 1620 713 aggere
1673 636 2001 693 obstruxit:
2039 649 2134 689 se—

2253 654 2376 687 πασε
2405 634 2494 688 τὸν
2549 633 2744 709 βόθρον
2809 631 2947 705 μετά
3002 635 3101 687 τοῦ
3158 631 3448 706 χώματος.
3502 628 3607 684 Καὶ
3677 627 3900 700 ἔστησεν

472 742 741 811 densque
768 755 874 810 pro
912 734 1221 802 tribunali,
1268 733 1443 803 coepit
1501 746 1607 802 per
1648 729 1851 801 jocum
1912 723 2133 780 milites

467 830 847 902 compellare,
910 831 968 880 et
1019 824 1258 879 dicere:
1322 821 1654 884 Videamus,
1711 833 1787 872 an
1847 814 2133 869 Christus

470 919 704 977 Arriani
734 916 950 981 veniat,
984 929 1237 984 eumque
1269 928 1341 966 ex
1380 910 1494 964 hac
1524 908 1691 962 fovea
1744 905 1976 960 educat.
2031 900 2137 955 Vix

475 1015 675 1066 autem
707 1023 834 1062 sese
866 1005 927 1059 in
980 1001 1205 1074 regiam
1262 1002 1585 1070 receperat,
1643 1000 1702 1051 et
1757 993 2134 1057 accubuerat,

476 1116 611 1155 cum
631 1095 915 1168 lapidem,
943 1097 1003 1147 et
1032 1096 1302 1153 catenas,
1327 1104 1475 1158 quas
1496 1089 1757 1159 gestarat
1775 1082 2082 1149 Arrianus,
2105 1095 2136 1134 e

475 1188 695 1245 lectulo
720 1180 1512 1256 suspensas,Arrianumque
1536 1177 1730 1247 ipsum
1754 1173 1815 1227 in
1837 1189 1905 1227 eo
1930 1171 2140 1242 jacen-

479 1283 596 1332 tem
620 1274 784 1330 vidit.
811 1274 1005 1338 Quare
1029 1268 1379 1341 perterritus
1402 1266 1745 1335 imperator,
1767 1259 2139 1331 ratusipsum

479 1383 607 1423 esse
642 1378 904 1435 magum,
944 1364 1004 1415 et
1035 1375 1192 1426 eum,
1241 1362 1299 1411 et
1359 1355 1603 1419 milites,
1661 1351 1763 1422 qui
1822 1365 1955 1404 cum
2012 1347 2141 1419 ipso

476 1453 874 1514 crediderant,
909 1450 972 1503 in
999 1463 1162 1503 mare
1220 1443 1505 1517 projecit:
1560 1454 1813 1511 quorum
1857 1436 2142 1504 reliquias

477 1544 665 1601 saccis
698 1541 974 1613 quinque
1006 1538 1240 1592 insutas
1301 1532 1613 1605 delphines
1662 1530 1723 1583 in
1771 1524 2143 1582 Alexandriae

475 1635 647 1691 littus
680 1632 1251 1703 deportarunt,quas
1283 1623 1355 1679 ab
1386 1621 1622 1677 Arriani
1652 1618 1834 1674 servis
1873 1615 2145 1689 cognitm,

476 1722 806 1780 honorifice
838 1720 901 1774 in
939 1717 1084 1773 urbe
1116 1713 1475 1770 Alexandria
1504 1708 1782 1781 repositaa
1813 1706 1999 1761 fuere.

1038 1922 1282 1979 EODEM
1324 1917 1579 1974 MENSE.

1014 2039 1118 2094 Die
1149 2036 1381 2093 decima
1409 2033 1620 2105 quinta

602 2162 696 2217 81
738 2159 1027 2215 Certamen
1055 2154 1389 2211 sacrosancti
1418 2150 1677 2219 martyris
1701 2141 2025 2201 Eleutherii.

557 2279 980 2334 Sacrosanctus
1003 2276 1230 2343 martyr
1252 2266 1632 2324 Eleutherius
1656 2280 1726 2319 ex
1755 2276 1970 2333 magna
1996 2256 2143 2312 urbe

478 2371 665 2424 Roma
680 2365 813 2432 fuit,
837 2368 1003 2436 patre
1029 2378 1063 2416 a
1083 2359 1340 2432 pueritia
1381 2356 1656 2421 orbatus;
1679 2351 1752 2407 ab
1789 2347 2010 2405 Anthia
2037 2361 2145 2401 au-

475 2458 810 2512 temmatre
833 2452 1011 2507 ﬁdem
1035 2448 1249 2504 Christi
1274 2446 1541 2511 edoctus,
1565 2457 1743 2513 quam
1759 2439 1909 2494 illaa
1930 2450 2142 2508 magno

471 2544 739 2619 apostolo
761 2541 944 2598 Paulo
966 2542 1297 2609 acceperat.
1335 2537 1485 2589 Eum
1516 2532 1802 2587 Anicetus
1824 2528 2144 2599 episcopus

479 2614 761 2708 suscepit,
787 2631 1307 2699 Christianumque
1356 2623 1573 2680 litteris
1609 2622 1973 2685 institutum,
2021 2614 2145 2671 cle-

474 2727 666 2781 ricum
698 2723 859 2778 fecit.
895 2722 1024 2775 Mox
1056 2718 1347 2772 diaconus
1378 2720 1437 2769 et
1465 2710 1775 2784 presbyter
1801 2707 2131 2775 ordinatur,

477 2812 696 2869 deinde
722 2809 946 2882 Illyrici
968 2802 1571 2878 episcopus.Adriano
1593 2804 1790 2855 autem
1816 2797 2146 2867 imperante

479 2900 975 2973 comprehensus,
1001 2901 1059 2950 et
1088 2892 1437 2967 gravissime
1472 2893 1687 2957 tortus,
1720 2887 1783 2942 in
1840 2883 2149 2941 ardentem

479 2992 725 3046 furnum
757 2985 1022 3060 praefecti
1047 2985 1227 3061 jussu
1260 2979 1622 3036 detruditur.
1656 2975 1768 3031 Sed
1825 2990 1961 3031 cum
2009 2989 2147 3029 eum

476 3080 615 3136 inde
639 3077 985 3133 incolumen
1011 3072 1269 3128 evasisse
1291 3073 1565 3124 cerneret
1586 3064 1922 3137 praefectus,
1955 3062 2145 3117 credi-

2240 720 2421 777 ἐπάνω
2452 722 2543 778 τὸν
2586 722 2778 797 θρόνον
2803 720 2996 791 αὐτοῦ,
3056 719 3150 775 καὶ
3210 717 3469 794 ἐπέτρεψε
3520 716 3731 787 παίζειν
3775 718 3905 781 τοὺς

2239 812 2593 886 στρατιώτας,
2647 811 2838 885 Λέγων·
2900 807 3133 882 Ἲδωμεν
3186 807 3231 862 εἰ
3282 802 3432 862 ἔλθοι
3467 806 3763 881 ὁΧριστὸς
3803 810 3901 861 τοῦ

2243 898 2550 975 Ἀῤῥιανοῦ,
2582 898 2671 954 καὶ
2700 894 2905 972 ἐκϐάλῃ
2932 898 3094 953 αὐτὸν
3146 895 3207 952 ἐκ
3260 900 3361 951 τοῦ
3426 897 3629 971 βόθρου
3677 895 3897 953 τούτου.

2241 986 2347 1044 Καί
2379 987 2627 1043 ἀπελθὼν
2662 987 2738 1051 εἰς
2777 988 2845 1042 τὰ
2896 985 3170 1064 βασίλεια,
3221 982 3452 1059 ἔδραμεν
3503 983 3579 1047 εἰς
3627 985 3726 1053 τήν
3769 981 3906 1039 κλί-

2241 1099 2339 1148 νην
2372 1076 2559 1149 αύτοῦ,
2590 1077 2682 1133 καὶ
2718 1075 2909 1151 βλέπει
2975 1078 3042 1131 τα
3100 1073 3319 1151 σίδηρα,
3366 1074 3457 1129 καὶ
3506 1075 3597 1129 τὸν
3656 1071 3834 1141 λίθον,
3870 1073 3904 1127 ἄ

2243 1164 2429 1243 ἐφορει
2464 1168 2491 1222 6
2534 1166 2838 1243 Ἀρριανὸς,
2896 1165 3226 1242 κρεμώμενα
3274 1163 3350 1225 εἰς
3397 1164 3496 1232 τὴν
3546 1162 3760 1235 κλίνην,
3812 1161 3903 1217 καὶ

2242 1257 2334 1312 τὸν
2395 1255 2680 1332 Ἀῤῥιανὸν
2738 1256 2987 1327 κείμενον
3043 1252 3126 1309 ἐπ’
3180 1252 3368 1323 αὐτῆς·
3455 1251 3545 1307 καὶ
3628 1246 3907 1329 ἐφοϐήθη,

2248 1340 2542 1400 ὑπολαϐὼν
2577 1345 2737 1400 αὐτὸν
2769 1343 2938 1418 μάγον
2999 1345 3154 1397 εἶναι’
3212 1342 3334 1397 τότε
3390 1339 3605 1418 ἔρῥιψεν
3657 1341 3817 1396 αὐτὸν
3853 1341 3908 1396 ἐν

2244 1438 2313 1508 τῇ
2348 1432 2588 1506 θαλάσσῃ
2630 1432 2764 1506 μετά
2819 1436 2928 1487 τῶν
2987 1433 3497 1504 συμπιστευσάντων
3547 1429 3691 1502 αὐτῷ
3729 1450 3903 1506 στρα-

2246 1527 2482 1578 τιωτῶν.
2539 1523 2637 1576 Καὶ
2696 1523 2748 1576 οἱ
2807 1519 3053 1599 δελφῖνες
3113 1515 3373 1583 λαϐόντες
3429 1519 3495 1575 τὰ
3536 1518 3766 1594 λείψανα
3824 1520 3904 1582 εἷς

2248 1613 2407 1667 πέντε
2434 1609 2667 1673 σάκκους
2697 1606 3044 1683 ἐμϐληθέντα
3073 1609 3330 1685 ἐξήγαγον
3383 1608 3458 1671 εἰς
3502 1609 3594 1664 τὸν
3646 1606 3898 1684 αἰγιαλὸν

2251 1698 2684 1776 Ἀλεξανδρείας.
2719 1700 2820 1757 Καὶ
2878 1700 3231 1775 γνωρίσαντες
3282 1700 3418 1755 αὖτά
3464 1699 3514 1754 οἱ
3569 1696 3762 1755 δοῦλοι
3803 1703 3900 1754 τοῦ

2159 1812 2208 1876 Β
2252 1789 2547 1868 Ἀῤῥιανοῦ
2576 1789 2875 1861 κατέθηκαν
2910 1788 3045 1844 αύτά
3073 1788 3127 1844 ἐν
3155 1785 3541 1864 Ἀλεξανδρείᾳ
3570 1786 3830 1861 ἐντίμως.

2794 1907 2977 1965 ΜΗΝΙ
3020 1906 3111 1963 ΤΩ
3152 1907 3353 1962 ΑΥΤΩ.

3033 2025 3116 2080 lE'

2375 2140 2637 2212 Ἀθλησις
2668 2146 2765 2198 τοῦ
2795 2142 2950 2220 ἁγίου
2975 2142 3372 2219 ἱερομάρτυρος
3402 2140 3767 2216 Ἐλευθερίου.

2323 2257 2384 2314 Ὀ
2415 2258 2565 2334 ἅγιος
2611 2259 2940 2334 ἱερομάρτυς
2995 2256 3336 2333 Ἐλευθέριος
3383 2255 3452 2325 ἦν
3502 2257 3605 2312 ἀπὸ
3651 2264 3752 2327 τῆς
3807 2277 3912 2330 με-

2249 2345 2608 2425 γαλοπόλεως
2637 2351 2875 2421 Ῥώμης.
2924 2349 3057 2410 Νέος
3109 2344 3167 2402 δὲ
3219 2348 3321 2417 τὴν
3369 2344 3597 2417 ἡλικίαν
3644 2347 3914 2423 ὑπάρχων

2252 2420 2466 2514 ἐγένετο
2495 2438 2557 2495 ἐκ
2580 2440 2782 2516 πατρὸς
2815 2439 3069 2519 ὀρφανός
3107 2439 3318 2514 μητέρα
3375 2435 3432 2494 δὲ
3480 2431 3626 2512 ἔχων
3681 2420 3915 2509 όνόματι

2251 2528 2493 2599 ’Λνθίαν,
2552 2531 2676 2604 παρ’
2734 2527 2947 2600 ἐκείνης
2996 2525 3261 2604 ἐδιδάχθη
3325 2528 3427 2597 τὴν
3510 2530 3609 2582 τοῦ
3674 2529 3917 2602 Χριστοῦ

2251 2616 2455 2686 πίστιν,
2512 2614 2981 2693 προδιδαχθείσης
3041 2617 3210 2687 αὐτῆς
3300 2616 3404 2671 ὑπὸ
3483 2619 3580 2671 τοῦ
3663 2614 3916 2690 μεγάλου

2256 2706 2474 2763 Παύλου
2503 2710 2600 2762 τοῦ
2630 2704 2965 2764 ἀποστόλου.
3023 2707 3087 2764 Ὁ
3145 2703 3203 2761 δὲ
3260 2704 3557 2767 ἐπίσκοπος
3613 2707 3913 2774 Ἀνίκητος

2251 2800 2444 2852 τοῦτον
2478 2793 2787 2869 δεξάμενος,
2816 2797 2885 2851 τὰ
2916 2800 3021 2850 τῶν
3071 2798 3416 2870 Χριστιανῶν
3472 2792 3681 2867 ἐδίδαξε
3722 2795 3913 2868 γράμ-

2258 2905 2419 2959 ματα,
2475 2884 2567 2938 καὶ
2625 2882 2849 2954 ἐποίησε
2928 2881 3218 2960 κληρικόνο
3313 2884 3427 2938 εἶτα
3507 2888 3916 2958 χειροτονεῖται

2254 2972 2507 3037 διάκονος
2535 2973 2626 3029 καὶ
2661 2968 3043 3050 πρεσϐύτερος,
3077 2975 3195 3028 εἷτα
3222 2972 3518 3035 ἐπίσκοπος
3574 2975 3672 3027 τοῦ
3723 2971 3915 3029 Ἰλλυ-

2253 3067 2429 3139 ρικοῦ·
2491 3063 2580 3118 ἐπὶ
2639 3062 2697 3118 δὲ
2748 3061 3034 3137 Ἀδριανοῦ
3096 3061 3366 3139 βασιλέως
3436 3061 3751 3137 κρατηθεὶς,
3816 3083 3910 3117 τι-

481 3169 566 3224 dit
594 3174 653 3224 et
689 3167 839 3238 ipse,
874 3170 934 3219 et
965 3164 1027 3217 in
1058 3161 1301 3216 furnum
1326 3159 1649 3229 ingressus,
1684 3171 1753 3208 ex
1804 3169 1872 3207 eo
1922 3151 2144 3207 illaesus

2257 3157 2520 3228 μωρεῖται
2553 3151 2815 3228 ἰσχυρῶς.
2868 3153 3000 3209 Εἶτα
3048 3151 3498 3229 ἐναπορῥίπτεται
3548 3150 3624 3213 εἷς
3671 3156 3913 3229 φοῦρνον

484 3256 681 3312 exivit.
714 3255 860 3309 Tum
912 3266 1049 3305 vero
1104 3246 1419 3319 prasfectus
1469 3241 1799 3298 decollatur
1844 3255 1966 3319 una
2007 3256 2143 3294 cum

486 3344 717 3402 caeteris
757 3340 1057 3408 omnibus,
1113 3336 1214 3407 qui
1269 3336 1331 3389 in
1389 3333 1689 3388 Christum
1747 3315 2141 3385 crediderant.

481 3437 733 3490 Sanctus
786 3435 984 3487 autem
1030 3424 1407 3481 Eleutherius
1440 3439 1474 3477 a
1523 3418 1903 3477 carniﬁcibus
1949 3418 2143 3490 gladio

479 3523 779 3590 concisus,
814 3519 1092 3593 spiritum
1127 3512 1392 3571 tradidit.

2253 3240 2652 3319 ἐκπυρωθέντα,
2686 3240 2919 3314 διατάξει
2944 3246 3042 3299 τοῦ
3074 3242 3346 3318 ἐπάρχου.
3401 3240 3506 3298 Καὶ
3558 3238 3688 3296 ἰδὼν
3741 3242 3912 3297 αὐτὸν

2254 3331 2282 3384 6
2314 3326 2581 3408 ἔπαρχος,
2612 3331 2694 3387 δτι
2723 3330 2947 3401 ἐξῆλθεν
3010 3331 3194 3406 ὑγιὴς,
3253 3329 3530 3385 ἐπίστευσε
3583 3331 3675 3385 καί
3719 3328 3914 3411 αὐτὸς,

2253 3420 2343 3475 καὶ
2373 3419 2622 3490 εἰσῆλθεν
2655 3419 2731 3483 εἰς
2764 3424 3019 3498 φοῦρνον,
3075 3420 3164 3474 καὶ
3232 3418 3427 3490 ἐξῆλθε
3480 3416 3648 3491 μηδὲν
3708 3415 3917 3490 ἀδικη-

2254 3508 2384 3570 θείς.
2417 3509 2612 3566 Τότεὸ
2646 3510 2741 3583 μὲν
2801 3507 3042 3586 ἔπαρχος
3100 3507 3579 3583 ἀποκεφαλίζεται,
3638 3508 3729 3562 καὶ
3788 3508 3917 3570 ὅσοι

479 3609 646 3668 ἄλλοι
676 3608 1013 3665 ἐπίστευσαν.
1037 3606 1100 3663 ⁸0
1131 3604 1188 3659 δὲ
1217 3601 1377 3677 ἅγιος
1410 3598 1753 3674 Ἐλευθέριος
1783 3596 2058 3668 κατεκόπη
2091 3602 2210 3661 τοῖς
2259 3598 2510 3662 σπαθίοις
2544 3600 2649 3655 ὑπὸ
2702 3605 2810 3654 τῶν
2861 3597 3099 3673 δημίων,
3149 3600 3236 3654 καὶ
3289 3597 3461 3660 οὕτως
3511 3595 3800 3671 παρέδωκε
3852 3593 3916 3654 τὸ

476 3704 713 3774 πνεῦμα.

1033 3811 1271 3868 EODEM
1313 3808 1566 3863 MENSE.
1614 3772 1625 3775 ’

1027 3927 1130 3983 Die
1161 3925 1392 3981 decima
1421 3927 1586 3978 sexta

724 4047 823 4104 82
859 4046 1146 4101 Certamen
1175 4042 1355 4097 sancti
1379 4038 1643 4107 martyris
1669 4034 1899 4092 Marini.

555 4170 799 4228 Macrini
829 4166 1208 4240 imperatoris
1230 4161 1607 4233 temporibus
1631 4160 1773 4213 vixit
1792 4159 1904 4212 iste
1925 4156 2146 4212 nobilis

487 4267 748 4320 senator.
782 4260 928 4314 Cum
957 4261 1159 4312 autem
1207 4251 1448 4308 ﬂorenti
1500 4249 1696 4305 adhuc
1742 4252 1915 4303 aetate
1967 4251 2143 4315 esset,

485 4349 840 4408 Christianae
871 4345 1012 4402 fidei
1043 4360 1224 4400 causa
1252 4338 1741 4411 comprehensus,
1800 4335 2150 4408 adigebatur

491 4456 660 4499 sacra
697 4437 875 4494 idolis
904 4436 1124 4492 facere.
1183 4430 1350 4498 Quod
1386 4428 1617 4485 facinus
1668 4431 2032 4493 exsecratus,
2085 4426 2147 4480 in

493 4532 749 4605 equuleo
781 4527 1187 4601 suspenditur,
1221 4529 1280 4579 et
1330 4520 1543 4595 gladiis
1594 4517 1971 4588 discerpitur.
2022 4518 2151 4572 Mox
2182 4565 2226 4630 Β

491 4622 614 4694 igni
641 4620 933 4684 aduritur,
956 4617 1017 4671 in
1043 4614 1405 4687 sartaginem
1428 4608 1737 4665 ardentem
1771 4605 2061 4678 injicitur,
2092 4610 2152 4661 et

497 4714 560 4766 in
581 4712 908 4766 ferventem
928 4708 1185 4763 lebetem
1207 4701 1569 4760 immittitur.
1598 4696 1711 4753 Sed
1732 4696 1835 4751 Dei
1860 4695 2148 4751 beneficio

497 4817 568 4855 ex
598 4800 691 4854 his
733 4797 1009 4853 omnibus
1067 4792 1386 4850 incolumis
1445 4788 1722 4847 evadens.
1776 4785 1850 4841 ad
1906 4784 2148 4852 bestias,

498 4886 734 4943 emissis
755 4886 818 4941 in
837 4901 973 4941 eum
998 4884 1272 4940 leonibus
1297 4886 1356 4934 et
1369 4879 1545 4941 ursis,
1581 4875 1928 4931 damnatur:
1954 4872 2151 4928 nullo-

500 4994 615 5048 que
638 4976 711 5031 ab
735 4976 818 5030 eis
840 4978 1079 5044 accepto
1102 4973 1341 5036 damno,
1362 4969 1567 5022 fanum
1594 4964 1889 5018 idolorum
1923 4961 2150 5035 ingredi

500 5063 902 5136 compellitur,
934 5068 1001 5115 ut
1030 5059 1343 5114 sacrificet.
1377 5057 1450 5109 At
1476 5053 1576 5107 ille
1607 5051 1679 5106 ad
1734 5052 2152 5122 imperatorem

501 5155 618 5210 ait:
642 5155 857 5207 Eamus
876 5149 949 5204 ad
983 5148 1269 5219 templum
1296 5141 1755 5204 idolorum.Quo
1779 5138 1934 5194 dicto
1990 5138 2150 5193 lmta-

498 5250 594 5298 tus
627 5243 972 5313 imperator,
1007 5236 1153 5291 abiit
1183 5250 1318 5289 cum
1343 5236 1462 5285 toto
1486 5228 1725 5301 populo.
1749 5228 1997 5282 Sanctus
2018 5242 2152 5281 vero

498 5333 708 5401 oravit,
737 5329 1087 5400 dejectaque
1111 5322 1337 5379 orando
1361 5319 1681 5375 simulacra
1695 5316 2154 5371 contrivit.’l‘unc

497 5420 840 5492 indignatus
872 5417 1220 5486 imperator,
1245 5410 1429 5483 jussit
1457 5409 1629 5462 illum
1678 5406 1871 5476 capite
1928 5405 2150 5474 plecti;

495 5518 673 5581 atque
700 5509 783 5563 ita
814 5506 1095 5577 spiritum
1127 5501 1377 5557 Domino
1412 5497 1674 5561 tradidit,
1710 5511 1815 5566 pro
1849 5510 1964 5564 quo
1999 5510 2153 5550 mar-

493 5598 715 5673 tyrium
746 5594 1030 5652 alacriter
1059 5590 1263 5648 subiit.

2796 3806 2979 3862 MIINI
3016 3808 3101 3863 ΤΩ
3143 3807 3346 3863 ΑΥΤΩ.

3038 3925 3111 3994 lC‘

2478 4038 2747 4112 ’Άθλησις
2774 4044 2875 4096 τοῦ
2905 4039 3061 4114 ἁγίου
3096 4040 3368 4115 μάρτυρος
3396 4036 3664 4114 Μαρίνου.

2325 4158 2446 4214 Ἐπὶ
2476 4166 2578 4229 τῆς
2603 4158 2880 4232 βασιλείας
2921 4156 3200 4233 Μακρίνου
3256 4160 3352 4211 τοῦ
3413 4153 3687 4231 βασιλέως
3742 4153 3909 4229 γέγο-

2252 4268 2339 4303 νεν
2368 4246 2544 4312 οὗτος
2597 4247 2817 4323 εὐγενὴς
2866 4245 2924 4302 δὲ
2985 4246 3266 4322 ὑπάρχῶν,
3324 4240 3544 4320 ἐγένετο
3604 4240 3913 4318 συγκλητι-

2254 4337 2371 4400 κός*
2406 4336 2523 4393 νέαν
2559 4334 2617 4391 δὲ
2674 4335 2822 4413 ἄγων
2876 4337 2976 4406 τὴν
3027 4335 3275 4406 ἡλικίαν,
3327 4333 3604 4409 ἐκρατήθη
3640 4334 3716 4396 ὡς
3766 4335 3913 4406 Χρι-

2257 4426 2493 4491 στιανός.
2549 4427 2653 4483 Καὶ
2715 4427 3043 4501 ἠναγκάζετο
3097 4429 3250 4490 θῦσαι
3305 4427 3422 4485 τοῖς
3479 4420 3753 4482 εἰδώλοις.
3814 4421 3909 4483 Ὧς

2260 4514 2318 4571 δὲ
2348 4516 2447 4572 οὐκ
2475 4514 2734 4585 ἐπείθετο,
2793 4515 3122 4591 ἐκρεμάσθη⁹
3184 4512 3273 4568 καὶ
3316 4513 3450 4586 μετά
3495 4516 3604 4567 τῶν
3663 4508 3906 4564 σπαθίων

2258 4605 2451 4678 ἐξέετο.
2502 4607 2635 4660 Εἶτα
2691 4604 2844 4675 ἐτέθη
2906 4603 2993 4659 ἐπὶ
3047 4607 3146 4658 τοῦ
3201 4602 3392 4677 πυρὸς,
3454 4600 3567 4656 εἶτα
3628 4594 3904 4669 ἐνεϐλήθη

2257 4693 2335 4755 εἰς
2364 4694 2600 4768 τήγανον
2633 4691 2946 4764 καιόμενον,
2977 4689 3065 4745 καὶ
3100 4688 3251 4754 αὗθις
3310 4689 3386 4752 εἷς
3432 4684 3643 4758 λέϐητα
3687 4685 3907 4761 κοχλά-

2260 4788 2439 4853 ζοντα,
2473 4781 2562 4836 καὶ
2596 4780 2655 4835 ἐκ
2683 4782 2893 4835 πάντων
2940 4779 3172 4847 τούτων,
3224 4782 3294 4852 τῇ
3350 4782 3447 4833 τοῦ
3502 4780 3635 4832 Θεοῦ
3692 4775 3908 4850 χάριτι,

2256 4871 2477 4943 ἐξῆλθεν
2532 4871 2712 4946 ὑγιής.
2772 4870 2900 4924 Εἶτα
2957 4866 3302 4939 ἀπελύθησαν
3361 4866 3446 4922 ἐπ’
3499 4865 3657 4921 αὐτὸν
3716 4864 3906 4939 θηρία,

2258 4955 2470 5022 λέοντες
2496 4960 2586 5014 καὶ
2625 4957 2840 5033 ἄρκτοι·
2904 4958 2995 5013 καὶ
3052 4957 3335 5031 ἐλυτρώθη
3368 4956 3421 5026 ἐξ
3450 4955 3649 5011 αὐτῶν.
3706 4955 3910 5026 Ἀναγ-

2257 5049 2559 5122 καζόμενος
2587 5046 2644 5102 δὲ
2703 5046 2956 5113 ἀπελθεῖν
3012 5046 3089 5109 εἰς
3146 5047 3237 5101 τὸν
3292 5045 3417 5100 ναὸν
3474 5049 3583 5100 τῶν
3637 5039 3911 5106 εἰδώλων,

2259 5138 2348 5193 καὶ
2409 5139 2586 5205 θῦσαι,
2646 5138 2765 5192 εἷπε
2821 5139 2956 5212 πρὸς
3008 5136 3099 5191 τὸν
3165 5135 3412 5211 βασιλέα·
3502 5139 3760 5206 ’Ἀγωμεν
3829 5128 3909 5190 εἰς

2258 5229 2349 5283 τὸν
2382 5228 2506 5282 ναὸν
2536 5231 2642 5281 τῶν
2698 5223 2966 5281 εἰδώλων.
3014 5225 3225 5300 Ἐχάρη
3283 5221 3341 5278 δὲ
3371 5225 3399 5278 ὁ
3435 5219 3692 5299 βασιλεὺς
3748 5222 3911 5273 τοῦτο

2261 5318 2511 5379 ἀκούσας·
2536 5317 2625 5372 καὶ
2657 5315 2904 5371 ἀπελθὼν
2968 5318 3102 5387 μετά
3146 5318 3243 5368 τοῦ
3287 5311 3423 5368 λαοῦ
3469 5312 3689 5379 παντὸς,
3738 5328 3910 5383 προσ-

2261 5406 2461 5477 ηύξατο
2516 5406 2605 5459 καὶ
2665 5406 2957 5459 κατέπεσον
3017 5403 3084 5457 τά
3143 5400 3369 5474 εἶ’δωλα,
3449 5399 3540 5455 καὶ
3598 5392 3913 5466 συνετρίϐη-

2262 5515 2376 5552 σαν.
2426 5495 2559 5549 Τότε
2650 5492 2961 5567 πικρανθεὶς
3048 5493 3076 5547 6
3156 5489 3432 5566 βασιλεὺς,
3519 5483 3914 5562 ἀπεκεφάλισεν

2260 5583 2444 5656 αὐτὸν,
2499 5583 2592 5638 καὶ
2651 5579 2795 5639 οὕτω
2848 5580 3132 5659 παρέδωκε
3222 5582 3285 5636 τὸ
3341 5584 3556 5654 πνεῦμα
3611 5577 3777 5634 αὐτοῦ
3830 5577 3915 5649 τῷ

2262 5671 2468 5748 Κυρίῳ,
2502 5666 2550 5724 δ’
2580 5667 2637 5725 ὅν
2670 5670 2973 5747 προθύμως
3003 5667 3364 5746 ἐμαρτύρησε.
