4114 6306
817 459 900 530 Tii
930 454 1069 530 αὖτῇ
1098 455 1281 532 ἡμέρᾳ

450 572 574 642 Πνή
588 592 667 643 μη
700 576 810 627 τοῦ
836 573 993 648 ἁγίου
1023 575 1312 652 προφήτου
1343 574 1619 651 ’Δγγαίου.

280 688 452 750 Οὗτος
508 686 727 763 ἐγένετο
788 689 849 744 ἐκ
922 696 1022 760 τῆς
1078 690 1260 766 φυλῆς
1331 694 1432 746 τοῦ
1508 689 1658 746 Λευίο
1721 689 1873 764 ἐγεν-

223 780 352 848 νήθη
385 775 447 832 δὲ
484 776 566 839 εἷς
626 773 939 833 Βαϐυλῶνα
1003 777 1091 834 ἐπὶ
1149 781 1248 850 τῆς
1307 778 1723 855 αἰχμαλωσίας*
1784 778 1875 833 ὅτε

227 865 575 941 αἰχμάλωτοι
600 866 939 943 ἀπήχθησαν
970 869 1023 923 οἱ
1054 867 1311 925 Ἰουδαῖοι
1369 869 1517 944 παρὰ
1553 873 1662 923 τῶν
1726 873 1871 944 Περ-

229 961 323 1011 σῶν
354 956 432 1018 εἰς
462 957 568 1025 τήν
600 956 771 1025 αὐτὴν
831 953 1157 1028 Βαϐυλῶνα,
1205 962 1306 1012 τοῦ
1365 963 1503 1013 Θεοῦ
1551 956 1714 1014 τοῦτο
1747 978 1870 1031 συγ-

226 1048 587 1122 χωρήσαντος
617 1044 710 1101 διᾶ
736 1045 805 1102 τὰ
851 1046 929 1109 εἷς
979 1048 1143 1103 αὐτὸν
1186 1049 1557 1123 ἁμαρτήματα
1584 1052 1681 1102 τοῦ
1715 1052 1867 1104 Λαοῦ.

225 1136 323 1193 Καί
350 1138 474 1197 νέος
507 1133 609 1205 ὢν,
639 1136 808 1205 ἦλθεν
831 1136 940 1191 ἀπὸ
996 1131 1329 1201 Βαϐυλῶνος
1376 1136 1453 1199 εἷς
1484 1136 1869 1212 Ἰερουσαλήμ⁸

224 1224 304 1279 καὶ
360 1226 740 1301 προεφήτευσε
794 1224 930 1297 μετᾶ
998 1226 1277 1300 Ζαχαρίου
1340 1224 1433 1295 ἔτη
1504 1225 1871 1301 τριακονταέξ,

223 1309 533 1388 Προέλαϐον
565 1313 625 1369 δὲ
656 1312 804 1368 οὗτοι
837 1316 894 1368 οἱ
923 1321 1202 1392 προφῆται
1234 1313 1264 1369 δ
1311 1335 1370 1368 τε
1429 1315 1680 1389 Ἀγγαῖος
1708 1314 1872 1370 καὶ-ὁ

220 1403 491 1479 Ζαχαρίας
516 1404 621 1471 τήν
647 1402 1054 1478 ένανθρώπησιν
1111 1409 1213 1459 τοῦ
1246 1405 1497 1477 Χριστοῦ,
1543 1402 1637 1475 ἔτη
1690 1423 1871 1479 τετρα-

217 1495 366 1548 κόσια
412 1488 815 1566 ἑϐδομήκοντα.
871 1494 933 1551 Ὀ
988 1491 1047 1548 δὲ
1106 1494 1367 1568 ’Δγγαῖος
1447 1498 1694 1570 φανερῶς
1746 1493 1871 1567 περὶ

221 1585 313 1650 τῆς
390 1581 733 1659 ἐπιστροφῆς
788 1586 888 1637 τοῦ
936 1582 1072 1637 λαοῦ
1133 1584 1532 1659 προεφήτευσε.
1584 1582 1682 1638 Καὶ
1736 1580 1875 1638 εἶδεν

226 1671 526 1745 ἀρξαμένην
558 1672 650 1726 καὶ
679 1673 782 1741 τήν
813 1669 1120 1745 οἰκοδομὴν
1172 1676 1272 1727 τοῦ
1330 1676 1463 1727 ναοῦ
1510 1669 1607 1727 τοῦ
1664 1671 1719 1728 ἐν
1772 1675 1873 1731 Ἰε-

226 1761 540 1834 ρουσαλήμ.
602 1762 700 1817 Καὶ
748 1760 907 1838 ’ἐτερα
988 1761 1177 1817 πολλά
1243 1762 1521 1837 προειπὼν
1619 1763 1867 1819 ἀπέθανε·

1696 323 2137 385 DECEMBEB.

1894 462 1953 527 A

3511 321 3632 383 210

2630 457 2851 514 Eodem
2882 457 2979 514 die

2089 574 2190 630 88
2241 574 2695 630 Commemoratio
2749 577 2926 630 sancti
2973 575 3265 646 prophetae
3313 574 3518 645 Aggaei.

2055 693 2161 748 Hic
2192 710 2261 749 ex
2294 694 2449 748 tribu
2500 695 2628 749 Levi
2684 695 2815 763 fuit,
2852 694 3151 766 Babylone
3201 695 3261 749 in
3292 695 3629 766 captivitate

1985 786 2183 849 natus,
2215 799 2352 837 cum
2384 782 2566 838 Judaai
2598 799 2633 839 a
2664 784 2859 839 Persis
2909 785 2971 839 in
3003 784 3211 838 urbem
3244 783 3630 855 Babylonem,

1984 871 2199 942 captivi
2251 871 2489 926 abducti
2524 877 2685 937 sunt,
2721 875 2838 928 Deo
2869 872 2927 927 id
2968 872 3352 944 permittente
3406 872 3480 926 ob
3538 888 3629 938 ea,

1985 976 2116 1031 quas
2149 960 2208 1015 in
2232 960 2427 1032 ipsum
2477 962 2734 1033 populus
2766 962 2868 1017 ille
2926 961 3250 1017 admiserat
3279 962 3524 1017 scelera.
3586 963 3629 1015 A

1985 1050 2177 1121 prima
2207 1054 2404 1105 autem
2458 1055 2630 1106 aitate
2662 1051 2963 1123 Babylone
2994 1050 3402 1123 Hierosolyma
3450 1051 3634 1119 venit,

1984 1139 2477 1211 prophetavitque
2508 1157 2630 1196 una
2669 1157 2804 1196 cum
2858 1140 3140 1195 Zacharia
3196 1156 3385 1195 annos
3442 1156 3545 1195 sex
3577 1144 3637 1195 et

1983 1228 2241 1300 triginta.
2274 1228 2462 1283 Ambo
2494 1230 2591 1283 isti
2622 1230 2946 1302 prophetas,
2999 1236 3265 1302 Aggaaus,
3295 1228 3543 1296 scilicet,
3578 1234 3638 1283 et

1982 1318 2314 1386 Zacharias,
2371 1320 2843 1375 incarnationem
2912 1319 3125 1373 Christi
3185 1323 3636 1375 antecesserunt

1983 1408 2157 1463 annis
2190 1408 2642 1481 quadringentis
2700 1414 2759 1463 ct
2815 1410 3206 1480 septuaginta.
3265 1409 3336 1463 Et
3388 1410 3633 1482 Aggaaus

1984 1496 2226 1567 quidem
2256 1498 2632 1569 apertissime
2644 1497 2919 1568 prmdixit
2938 1497 3197 1553 reditum
3230 1496 3632 1569 populi,vidit-

1983 1604 2097 1658 que
2130 1587 2257 1658 ipse
2281 1587 2444 1659 jacta
2466 1586 2592 1658 jam
2624 1587 2831 1658 templi
2864 1586 3385 1658 Hierosolymitani
3420 1585 3635 1642 funda-

1983 1681 2205 1731 menta.
2240 1676 2506 1748 Cumque
2536 1676 2656 1731 alia
2683 1676 2871 1732 multa
2901 1676 3337 1748 prophetasset,
3362 1680 3633 1731 mortuus

1983 1770 2093 1832 est,
2124 1770 2183 1820 et
2211 1766 2478 1836 sepultus
2501 1767 2657 1838 apud
2690 1766 3029 1838 sepulcrum
3063 1765 3436 1821 sacerdotum
3495 1782 3631 1820 cum

225 1832 309 1906 καί
349 1832 525 1927 ξτάιρη
587 1832 851 1922 πλησίον.
879 1854 977 1906 τοῦ
1021 1852 1195 1928 τάφου
1240 1832 1349 1906 τῶν
1396 1850 1584 1927 ἱερέων
1642 1849 1870 1926 ἐνδόξως

1987 1871 2197 1926 pompa
2225 1832 2556 1923 et—honore,
2613 1832 3120 1927 quemadmodum
3143 1859 3204 1910 et
3237 1854 3347 1924 illi,
3380 1870 3514 1909 cum
3574 1859 3635 1910 et

222 1943 303 1998 καὶ
334 1941 802 2019 μεγαλοπρεπῶς,
848 1943 923 2005 ὡς
979 1941 1201 2013 ἐκεῖνοι,
1257 1940 1446 2012 ἐπειδή
1475 1943 1566 1998 καὶ
1596 1942 1760 2006 αὐτὸς
1808 1942 1869 2000 ἐκ

224 2037 311 2087 τοῦ
337 2033 625 2108 ἱερατικοῦ
657 2033 847 2108 γένους
904 2033 1192 2109 κατήγετο.
1251 2033 1498 2107 Ὑπῆρχε
1555 2029 1614 2087 δὲ
1668 2030 1867 2097 πολιὸς

226 2122 316 2190 τὴν
343 2121 539 2197 τρίχα,
568 2119 907 2197 στρογγύλον
940 2120 1087 2197 ἔχων
1148 2122 1214 2177 τὸ
1268 2122 1494 2197 γένειον·
1549 2120 1869 2196 τιμώμενος

230 2212 324 2267 ὑπὸ
351 2210 575 2267 πάντων
605 2209 677 2267 δι’
713 2211 932 2284 ἀρετὴν,
963 2211 1037 2273 ὡς
1088 2215 1223 2267 Θεοῦ
1279 2208 1489 2282 ἔνδοξος
1543 2210 1635 2265 καὶ
1701 2209 1867 2288 μέγας

229 2304 479 2379 προφήτῃ
490 2323 538 2363 ς.

796 2422 879 2493 Τῇ
927 2417 1063 2491 αὐτῇ
1113 2418 1299 2494 ἡμέρᾳ

230 2511 422 2587 κνήμη
455 2514 606 2587 τῆς..
626 2507 893 2587 μακαρίας
949 2513 1271 2587 Θεοφανοῦς,
1323 2510 1577 2587 γυναικθς
1631 2510 1865 2587 Λέοντος

291 2578 417 2635 τοῦθ
457 2578 719 2659 ᾁοιδίμου
775 2578 865 2635 καὶ
951 2578 1269 2659 σοφωτάτου
1336 2578 1627 2657 ’βασιλέως
1707 2584 1870 2654 ἡμῶν

296 2653 617 2725 γενομένου.

292 2771 356 2825 Ἡ
439 2769 692 2844 Μακαρία
762 2768 1020 2826 δέσποινα
1109 2778 1400 2849 Θεοφανω,
1488 2772 1709 2847 ὑπῆρχε
1767 2777 1867 2842 τῆς

234 2855 856 2923 Κωνσταντινουπόλεως
933 2860 1022 2915 καὶ
1094 2862 1315 2935 θρέμμα
1394 2860 1486 2916 καὶ
1545 2859 1860 2936 βασίλισσαο

235 2947 432 3025 ἕγένετο
492 2950 598 3026 γὰρ
676 2947 915 3025 θυγᾶτηρ
973 2949 1381 3008 Κωνσταντίνου
1464 2949 1818 3025 ἰλλουστρίου
1853 2990 1869 3018 ,

236 3043 515 3112 συγγενοῦς
550 3037 822 3114 βασιλέων
847 3043 1034 3115 τριῶν.
1064 3040 1127 3096 ἸΙ
1173 3036 1231 3094 δὲ
1279 3040 1465 3112 μήτηρ
1523 3038 1688 3108 αὐτῆς
1743 3038 1869 3094 ἰκα-

234 3126 377 3183 λεῖτο
406 3131 600 3195 νΑεινα,
630 3128 699 3198 ἦν
730 3125 788 3183 δὶ
819 3127 907 3184 καὶ
939 3129 1075 3197 αύτή
1107 3133 1312 3202 στεῖρα,
1368 3128 1459 3184 καὶ
1517 3126 1732 3204 ἄγονος,
1792 3127 1867 3190 ὠς

1977 1943 2103 2014 ipse
2134 1960 2204 1999 ex
2232 1960 2450 2015 genere
2481 1944 2832 1999 sacerdotali
2869 1949 3044 1999 esset.
3093 1945 3232 1999 Erat
3287 1947 3487 1999 autem
3518 1945 3633 2015 Ag-

1975 2049 2136 2104 gaaus
2164 2032 2331 2088 canis
2360 2033 2617 2104 capillis,
2677 2038 2880 2089 mento
2937 2033 3217 2102 rotundo,
3274 2032 3348 2087 ob
3374 2032 3619 2086 virtutes

1976 2138 2114 2177 suas
2140 2121 2213 2177 ab
2244 2121 2522 2178 omnibus
2555 2123 2615 2177 in
2649 2139 2881 2178 summa
2912 2121 3347 2178 existimatione
3361 2120 3621 2189 habitus,

1976 2211 2136 2266 velut
2160 2211 2413 2284 insignis
2444 2216 2503 2267 et
2532 2227 2784 2283 magnus
2816 2212 2919 2267 Dei
2953 2212 3262 2283 propheta.

2627 2420 2847 2476 Eodem
2879 2420 2974 2476 die

1976 2522 2079 2576 34
2110 2522 2563 2577 Commemoratio
2620 2521 2801 2575 Beata;
2851 2521 3216 2592 Theophanus
3244 2521 3435 2575 uxoris
3483 2521 3619 2574 Leo-

2047 2594 2132 2647 nis
2216 2593 2506 2648 clarissimi
2560 2608 2624 2646 ac
2680 2594 3067 2662 sapientissimi
3115 2592 3467 2661 imperatoris
3522 2606 3619 2643 no-

2046 2666 2170 2719 stri.

2049 2768 2221 2819 Beata
2242 2764 2487 2819 domina
2530 2764 2890 2835 Theophano
2946 2760 3620 2833 Constantinopolitanae

1978 2852 2141 2910 urbis
2172 2859 2231 2908 et
2254 2853 2497 2909 alumna
2518 2857 2576 2908 et
2601 2852 2967 2924 imperatrix,
2990 2849 3625 2906 Constantiniillustris

1977 2945 2105 3013 viri,
2136 2961 2204 3000 ac
2244 2961 2379 3000 cum
2410 2943 2599 2999 tribus
2650 2941 3110 3013 imperatoribus
3175 2940 3620 3012 propinquitate

1977 3034 2282 3106 conjuncti
2316 3032 2458 3097 filia,
2492 3035 2744 3086 matrem
2775 3029 2982 3086 habuit
3028 3032 3281 3093 Annam,
3316 3044 3447 3099 quae
3504 3032 3623 3082 ste-

1978 3123 2104 3179 rilis
2136 3128 2281 3191 erat,
2316 3127 2375 3177 et
2432 3120 2771 3189 infecunda,
2831 3126 2897 3175 ut
2953 3121 3125 3174 Anna
3174 3118 3279 3173 illa
3334 3115 3624 3172 Samuelis

232 3218 487 3291 ἡπρώην
544 3219 713 3272 Ἀννα
762 3218 797 3286 ἡ
860 3218 1046 3291 μήτηρ
1086 3221 1184 3272 τοῦ
1228 3220 1516 3294 προφήτου
1564 3202 1865 3290 ήΣαμουήΛ.

1987 3214 2285 3285 prophetas
2319 3215 2527 3267 mater.
2563 3211 2674 3266 Sed
2704 3227 2840 3266 cum
2865 3209 3123 3265 assiduis
3167 3222 3288 3263 una
3316 3222 3451 3263 cum
3501 3206 3625 3260 viro

232 3303 386 3363 Δλλὶ
415 3309 637 3367 πυκνῶς
677 3304 1059 3381 ἀπερχομένη,
1116 3307 1206 3360 καὶ
1261 3305 1677 3379 παρακαλοῦσα,
1736 3307 1873 3379 μετὰ

229 3400 317 3449 τοῦ
344 3392 542 3469 ἀνδρὸς
570 3395 671 3463 τὴν
696 3396 855 3471 ἁγίαν
918 3392 1198 3450 δέσποιναν
1226 3397 1390 3469 ἡμῶν
1423 3396 1711 3466 Θεοτόκον,
1770 3396 1870 3464 τήν

234 3481 422 3547 ἐντοῖς
456 3484 673 3541 Βάσσου
718 3486 1042 3559 τιμωμένην
1098 3480 1388 3540 συνέλαϐεν
1447 3485 1499 3540 ὲν
1532 3485 1723 3561 γαστρὶ
1775 3489 1876 3557 τήν

237 3575 378 3650 ἁγίαν
455 3576 741 3654 Θεοφανώ·
804 3575 894 3630 καὶ
955 3578 1249 3650 γεννήσασα
1334 3575 1608 3652 ἐξέθρεψεν
1693 3575 1874 3651 ἐναρέ-

228 3661 632 3735 τως,διδάξασα
661 3663 831 3733 αὐτὴν
857 3664 948 3719 καὶ
1004 3667 1325 3739 γράμματα,
1393 3665 1482 3721 καὶ
1538 3664 1653 3721 ἐπεὶ
1717 3666 1872 3724 Βασί-

230 3752 368 3816 λειος
397 3755 427 3809 ὁ
488 3748 823 3829 περιϐόητος
885 3753 1137 3829 βασιλεὺς
1226 3759 1457 3830 γυναῖκα
1514 3751 1876 3815 ἐϐουλεύσατο

234 3840 408 3897 δοῦναι
432 3846 521 3916 τῷ
546 3843 649 3915 υἱῷ
698 3842 865 3897 αὐτοῦ
910 3843 1096 3898 Λέοντι
1138 3847 1220 3915 τῷ
1272 3845 1575 3918 σοφωτάτῳ
1635 3844 1872 3921 βασιλεῖ,

233 3936 367 4010 παρὰ
420 3935 630 4005 ταύτην
684 3933 968 4009 κρείττονα
1028 3935 1105 4007 μὴ
1175 3935 1375 4011 εὑρὼν,
1437 3932 1669 3992 δέδωκεν
1732 3937 1879 4011 αύτῷ

232 4022 445 4095 ταύτην.
511 4024 809 4101 Στεφθεῖσα
866 4019 924 4077 Si:
974 4023 1064 4078 καὶ
1126 4022 1512 4100 βασιλεύσασα,
1561 4026 1714 4099 ὅμως
1765 4030 1874 4082 τῶν

233 4118 464 4189 πτωχῶν
489 4111 590 4168 οῦκ
618 4110 935 4167 έπελάθετο·
970 4112 1118 4167 ἀλλᾶ
1171 4119 1272 4183 τῆς
1334 4114 1603 4185 συνήθους
1632 4112 1874 4191 ἐχομένη

236 4202 417 4277 ἀρετῆς
443 4201 536 4258 καὶ
570 4200 698 4272 ἐλεη
711 4201 975 4274 μοσύνης,
1008 4201 1297 4276 ἐθεράπευε
1324 4205 1418 4259 τὸν
1450 4205 1581 4260 Θεὸν
1610 4205 1703 4259 τὸν
1735 4205 1876 4279 αὐτῇ

236 4288 615 4365 δωρησάμενον
646 4292 747 4361 τὴν
792 4289 1071 4368 βασιλείαν
1110 4292 1385 4365 οὐρανῶν.

782 4409 966 4466 ΜΗΝΙ
997 4410 1092 4466 ΤΩ
1121 4410 1318 4466 ΑΥΤΩ.

762 4527 853 4583 Ἐν
886 4526 1071 4601 ἡμέρᾳ
1092 4527 1341 4601 Κυριακῇ

296 4619 421 4673 Ὅτε
453 4613 609 4689 λάκῃ
647 4616 839 4692 μνήμη
882 4619 998 4692 ’τῶν
1025 4614 1193 4692 ἁγίων
1225 4613 1499 4692 Πατέρων,
1523 4611 1801 4692 Ἀϐραὰμ,

761 4681 960 4750 Ἰσαὰκ.
990 4681 1085 4742 καῖ
1120 4681 1339 4745 Ἰακώϐ.

300 4805 429 4879 Περί
461 4802 672 4857 τούτων
701 4806 808 4857 τῶν
868 4801 1038 4876 ἁγίων
1084 4802 1333 4877 [Ιατέρων
1390 4804 1552 4874 ἡμῶν
1613 4805 1641 4859 ὁ
1703 4806 1873 4879 μέγας

232 4896 466 4961 Μωυσῆς
499 4890 553 4944 ἐν
585 4897 652 4959 τῆ
715 4884 896 4967 βίϐλῳ
918 4896 1019 4959 τῆς
1081 4890 1362 4961 Γενέσεως,
1422 4885 1660 4967 ἀκριϐῶς
1715 4890 1873 4967 ἔγρα-

234 4985 343 5054 im.
376 4979 585 5055 Ὀλίγα
617 4977 675 5034 δὲ
727 4979 817 5033 καὶ
875 4978 1028 5035 αὐτοὶ
1081 4977 1133 5052 ἐξ
1181 4977 1350 5048 αὐτῆς
1404 4986 1504 5049 τῆς
1562 4975 1761 5055 βίϐλου
1792 4980 1874 5037 δι-

233 5069 571 5144 ηγησόμεθα.
619 5068 789 5130 Οὗτος
838 5066 947 5121 ἀπὸ
1000 5063 1275 5129 Χαλδαίας
1314 5066 1555 5143 γέγονεν,
1604 5069 1872 5143 ἀστρονό-

236 5178 329 5228 μος
382 5155 575 5223 ἄκρος
633 5156 755 5229 εἶχε
824 5150 883 5208 δὲ
938 5152 1143 5229 πατέρα
1201 5152 1637 5230 εἶδωλολάτρην.
1698 5157 1873 5220 Αὐτὸς

234 5243 283 5299 δι
310 5247 680 5315 κατανοήσας,
741 5242 825 5298 ὅτι
858 5241 986 5297 οὐδὲ
1040 5240 1095 5297 ’έν
1156 5241 1216 5298 ἐκ
1267 5247 1378 5299 τῶν
1427 5241 1675 5300 εἰδώλων
1761 5245 1871 5300 ἐστὶ

232 5338 372 5406 Θεὸς,
405 5334 744 5397 κατακαύσας
774 5333 927 5403 αὐτὰ,
987 5332 1189 5403 ἤκουσε
1248 5337 1394 5410 παρά
1445 5340 1542 5390 τοῦ
1607 5336 1873 5406 ἀληθινοῦ

233 5431 376 5481 θεοῦ.
410 5452 438 5477 α
476 5419 750 5498 Ἀϐραὰμ,
785 5420 968 5494 ἔξελθε
996 5422 1057 5477 ἐκ
1084 5430 1185 5492 τῆς
1214 5430 1318 5499 γῆς
1350 5445 1469 5494 σου,
1526 5424 1617 5481 καὶ
1665 5426 1727 5481 ἐκ
1770 5429 1870 5496 τῆς

230 5515 529 5590 συγγενείας
562 5534 681 5586 σου,
712 5513 805 5567 καὶ
854 5509 922 5567 ⁸ἐκ
977 5510 1073 5567 τοῦ
1132 5509 1287 5567 οἷίκου
1342 5517 1440 5568 τοῦ
1498 5515 1704 5591 πατρός
1751 5536 1870 5588 σου,

230 5603 311 5659 καὶ
339 5604 467 5661 έλθὶ
495 5603 572 5667 εἷς
603 5609 736 5679 γῆν,
763 5600 831 5670 ἣν
892 5599 1002 5675 ἐγώ
1032 5621 1117 5655 σοι
1173 5597 1350 5672 δείξω.
1404 5626 1434 5654 »
1484 5604 1719 5681 Ἀφῆκεν
1778 5602 1868 5659 οῦν

232 5691 411 5765 πάντα,
495 5693 588 5750 καὶ
645 5683 951 5749 ἀνελάϐετο
999 5691 1101 5761 τήν
1150 5696 1383 5769 γυναῖκα
1439 5692 1609 5749 αὐτοῦ
1667 5693 1866 5771 Σάραν,

1905 4566 1953 4631 Ι)

1980 3319 2085 3358 suo
2099 3300 2373 3374 precibus
2396 3305 2660 3356 sanctam
2678 3299 2982 3355 dominam
3007 3303 3279 3354 nostram
3296 3296 3628 3368 Deiparam,

1981 3408 2112 3463 quae
2144 3392 2205 3446 in
2237 3390 2364 3446 uade
2387 3391 2548 3445 Bassi
2580 3386 3631 3459 colitur,sollicitaret,concepitsan-

1980 3485 2135 3535 ctam
2169 3479 2943 3552 Theophano,genitamque
2967 3479 3223 3549 ingenue
3256 3474 3548 3541 educavit,
3575 3478 3635 3528 et

1979 3568 2331 3624 liberalibus
2360 3567 2695 3639 disciplinis
2726 3567 3004 3622 instituit.
3038 3570 3181 3621 Cum
3210 3582 3344 3619 vero
3378 3563 3630 3619 Basilius

1980 3658 2585 3729 celebrisimperator
2609 3656 2733 3710 filio
2792 3672 2897 3710 suo
2958 3655 3134 3710 Leoni
3185 3652 3628 3724 sapientissimo

1981 3747 2326 3819 imperatori
2349 3762 2591 3801 uxorem
2627 3750 2941 3815 quaereret,
2982 3743 3091 3798 hac
3150 3742 3459 3798 meliorem
3506 3756 3628 3794 non

1980 3833 2487 3904 inveniens,illam
2518 3834 2570 3888 ei
2602 3832 2663 3887 in
2694 3831 3143 3887 matrimonium
3165 3829 3488 3886 collocavit.
3519 3828 3626 3883 Co~

1982 3928 2194 3981 ronata
2217 3923 2439 3993 itaque,
2474 3928 2533 3977 et
2563 3921 2907 3993 imperatrix
2938 3920 3255 3989 declarata,
3275 3935 3396 3974 non
3427 3923 3627 3973 tamen

1984 4029 2314 4086 pauperum
2344 4028 2546 4068 curam
2578 4010 2837 4084 abjecit;
2871 4010 2975 4065 sed
3024 4013 3337 4066 consuetas
3382 4007 3629 4063 virtutes

1984 4110 2043 4160 et
2073 4102 2467 4176 eleemosynaa
2501 4101 2763 4157 studium
2795 4100 3211 4170 retinens,Deo
3244 4097 3565 4165 inservivit,
3597 4114 3633 4153 a

1983 4211 2100 4265 quo
2132 4193 2370 4249 cmleste
2395 4207 2641 4266 regnum
2673 4196 2993 4247 consecuta
3022 4195 3130 4245 est.

2544 4398 2789 4455 EODEM
2830 4399 3064 4453 MENSE

2586 4515 2691 4570 Die
2719 4514 3022 4569 dominica

1983 4607 2080 4664 ιδ
2111 4606 2343 4672 Quando
2398 4605 2639 4660 occurrit
2696 4604 3143 4658 commemoratio
3171 4605 3482 4656 sanctorum
3514 4601 3625 4653 Pa-

2305 4683 2449 4731 trum
2478 4674 2784 4741 Abraham,
2827 4675 3002 4740 Isaac,
3034 4680 3087 4728 et
3116 4672 3303 4728 Iacob.

2055 4802 2135 4855 De
2155 4799 2249 4853 bis
2282 4797 2503 4853 sanctis
2533 4796 2799 4868 patribus
2850 4796 3068 4850 nostris
3112 4810 3362 4868 magnus
3393 4795 3622 4866 Moyses

1982 4889 2043 4944 in
2075 4889 2332 4945 Geneseos
2360 4885 2512 4940 libro
2543 4890 2816 4940 accurate
2861 4884 3119 4956 scripsit.
3154 4886 3269 4939 Nos
3301 4889 3500 4939 tamen
3555 4898 3627 4936 ex

1982 4981 2190 5038 eodem
2223 4980 2375 5035 libro
2405 4995 2592 5050 pauca
2613 4977 2686 5033 de
2709 4978 2920 5033 iisdem
2954 4977 3546 5033 dicemus.Abraham
3560 4992 3630 5030 ex

1981 5070 2255 5127 Chaldasa
2283 5069 2416 5138 fuit,
2442 5068 2820 5124 astronomia)
2851 5067 3269 5140 peritissimus,
3300 5072 3469 5138 patre
3498 5064 3630 5120 ido—

1981 5161 2195 5216 lolatra
2226 5165 2402 5215 natus
2436 5176 2448 5212 :
2481 5175 2615 5213 cum
2639 5162 2837 5213 autem
2868 5157 3238 5230 cognovisset
3292 5156 3520 5212 nullam
3570 5155 3631 5209 in

1982 5250 2159 5305 idolis
2192 5265 2321 5304 esse
2353 5248 2741 5314 divinitatem,
2798 5252 2974 5318 atque
3028 5246 3251 5302 idcirco
3310 5244 3633 5301 simulacra

1982 5337 2662 5403 combussisset,audivit
2690 5337 2880 5393 Deum
2912 5352 3117 5392 verum
3151 5335 3263 5391 sibi
3287 5335 3584 5391 dicentem
3618 5351 3632 5387 :

1985 5450 2009 5480 ι
2046 5427 2363 5492 Abraham,
2386 5426 2665 5499 egredere
2683 5425 2754 5481 de
2788 5430 2945 5480 terra
2966 5429 3152 5491 tua,et
3181 5422 3253 5479 de
3283 5423 3632 5496 cognatione

1983 5523 2102 5583 tua,
2137 5521 2194 5572 et
2225 5515 2295 5571 de
2314 5515 2489 5571 domo
2522 5516 2705 5587 patris
2731 5514 2834 5580 tui,
2864 5518 2923 5568 et
2944 5512 3077 5567 veni
3109 5513 3168 5566 in
3202 5518 3420 5567 terram
3451 5526 3630 5581 quam

1980 5610 2385 5661 monstravero
2418 5604 2544 5659 tibi.
2597 5626 2624 5653 ι)
2683 5603 2790 5668 Qui
2843 5602 3042 5657 statim
3102 5601 3380 5655 omnibus
3434 5598 3627 5653 valere

1973 5695 2184 5769 jussis,
2216 5698 2640 5766 assumptaque
2674 5706 2857 5747 uxore
2884 5704 2993 5746 sua
3020 5690 3181 5755 Sara,
3206 5692 3266 5742 et
3293 5689 3399 5743 Lot
3424 5685 3624 5741 fratris
