4114 6306
430 280 544 340 211

1711 279 2147 339 MENOLOGII
2185 275 2395 339 PARS
2438 274 2515 335 ΙΙ.

3718 276 3835 338 212

429 415 826 488 ﬁlio,peregre
847 415 1147 487 profectus
1178 421 1555 487 est,sequens
1577 414 1789 482 Deum,
1819 427 2076 486 eumque

2195 411 2281 466 καὶ
2336 412 2398 465 τὸ
2452 408 2671 483 ἀνεψιὸν
2715 407 2881 464 αὐτοῦ
2965 410 3113 478 Λὼτ,
3170 409 3259 466 καὶ
3320 407 3645 483 ἑξενίτευσεν
3720 410 3843 465 ἀκο-

426 505 632 560 videns
664 523 779 576 quo
810 510 1043 577 poterat
1071 505 1270 574 modo,
1302 505 1550 578 ejusque
1583 503 1865 561 mandata
1916 503 2073 558 exci-

430 594 623 666 piens.
649 594 863 649 Genuit
919 599 1118 649 autem
1174 595 1441 649 Isaacum
1488 594 1617 665 jam
1670 608 1870 647 senex.
1895 592 2079 657 Quem

430 688 667 738 tentans
695 682 1440 753 Deus.przecepit,utillum
1463 681 1830 737 immolaret:
1850 680 2083 736 videns-

430 786 546 840 que
577 770 707 841 ejus
765 769 1189 835 obedientiam,
1238 787 1273 825 a
1321 769 1481 825 caede
1531 769 1718 824 Isaaci
1779 768 2080 824 abstinere

422 858 622 930 jussit.
655 860 819 913 Isaac
842 862 1042 913 autem
1090 858 1297 931 genuit
1323 857 1524 913 Jacob.
1557 859 1819 923 Quorum
1850 874 2076 913 memo-

429 949 579 1003 riam
609 948 863 1003 facimus
892 953 1030 1004 ante
1056 949 1427 1004 nativitatem
1450 947 1691 1013 Christi,
1722 945 1879 1019 quod
1904 963 1975 1002 ex
2005 946 2081 1002 iis

434 1036 701 1092 Christus
732 1038 1060 1093 secundum
1091 1053 1333 1093 carnem
1363 1042 1538 1093 natus
1580 1042 1689 1092 est.

1004 1156 1245 1210 EODEM
1275 1154 1515 1212 MENSE

968 1273 1071 1328 Die
1111 1273 1341 1329 decima
1368 1273 1622 1346 septima

433 1390 534 1443 36
565 1391 846 1445 Certamen
888 1397 1203 1445 sanctorum
1256 1393 1423 1444 trium
1471 1406 1796 1460 puerorum,
1829 1390 2078 1457 Ananiw,

927 1463 1167 1529 Azarize,
1211 1468 1264 1516 et
1319 1464 1376 1517 Μ
1379 1461 1577 1517 isaelis.

510 1577 703 1632 Sancti
739 1582 855 1632 tres
888 1577 1059 1648 pueri
1092 1594 1161 1632 ex
1192 1578 1336 1633 urbe
1382 1577 1715 1633 Jerusalem
1746 1577 1932 1648 fuere,
1972 1579 2081 1634 filii

438 1666 694 1721 Ezechias
723 1667 878 1738 regis
905 1665 1374 1737 Judaeorum,qui
1406 1684 1585 1722 ausus
1608 1674 1698 1722 est
1717 1667 1915 1723 dicere
1938 1670 2080 1737 Deo,

2186 499 2404 565 λουθῶν
2449 505 2530 572 τῷ
2586 504 2732 572 Θεῷ,
2805 499 3025 574 βλέπων
3081 500 3244 555 αὐτὸν
3302 499 3377 562 ὡς
3429 495 3693 569 ἠδύνατο,
3748 500 3839 554 καὶ

2185 588 2664 664 προστασσόμενος
2731 587 2819 643 ὑπ’
2881 587 3067 643 αὐτοῦ.
3126 588 3415 664 Ἐγέννησε
3452 584 3509 642 δὲ
3536 588 3628 642 τὸν
3660 589 3846 645 Ἰσαὰκ

2185 679 2237 734 ἐν
2285 680 2448 754 γήρᾳ.
2512 678 2610 734 Καὶ
2666 674 2977 750 δοκιμάζων
3037 677 3196 733 αὐτὸν
3253 677 3283 732 6
3341 678 3493 745 Θεὸς,
3547 676 3841 753 προσέταξε

2186 767 2378 845 σφάξαι
2411 766 2593 825 αὐτόν.
2626 767 2732 823 Καὶ
2774 764 2903 822 ἰδὼν
2949 766 3112 822 αὐτὸν
3147 765 3508 836 ὑπακούοντα,
3541 764 3835 825 ἐκώλυσεν.

2184 852 2246 914 Ὁ
2276 854 2334 912 δὶ
2366 856 2547 913 Ἰσαὰκ
2576 852 2829 933 ἐγέννησε
2876 858 2970 912 τὸν
3017 851 3235 914 Ἰακώϐ.
3293 861 3388 912 Ὧν
3446 858 3549 926 τὴν
3609 859 3836 932 μνήμην

2185 945 2565 1019 ἐπιτελοῦμεν,
2595 947 2821 1023 πρὸτῆς
2851 948 3090 1019 Χριστοῦ
3120 949 3450 1022 γεννήσεως,
3482 943 3573 1001 διὰ
3625 946 3690 1001 τὸ
3716 966 3840 1021 γεν-

2184 1043 2419 1108 νηθῆναι
2447 1035 2586 1092 κατᾶ
2613 1034 2782 1109 σάρκα
2809 1036 2901 1091 τὸν
2933 1037 3165 1113 Χριστὸν
3199 1034 3252 1107 ἐξ
3281 1035 3480 1092 αὐτῶν.

2735 1156 2919 1212 MHNI
2956 1157 3046 1213 ΤΩ
3084 1156 3288 1213 ΔΥΤΩ.

2975 1280 3051 1331 IZ‘

2328 1389 2599 1463 ’Ἃθλησις
2757 1388 2957 1484 ’,ἁγίων
2997 1394 3165 1484 τριῶν
3192 1387 3426 1484 παίδων,
3460 1389 3692 1456 ’Δνανία,

2686 1460 2933 1541 Ἀζαρία,
2965 1460 3056 1519 καὶ
3087 1460 3335 1533 Μισαήλ.

2256 1580 2324 1636 Οἱ
2355 1579 2500 1655 ἅγιοι
2552 1584 2699 1655 τρεῖς
2755 1577 2945 1642 παῖδες
3003 1578 3244 1655 ἐγένοντο
3301 1578 3408 1634 ἀπὸ
3466 1576 3836 1651 Ἰερουσαλὴμ

2186 1677 2286 1740 τῆς
2317 1668 2555 1741 πόλεως,
2616 1671 2727 1726 υἱοὶ
2774 1671 3022 1740 Ἐζεκίου
3078 1674 3176 1725 τοῦ
3237 1667 3508 1738 βασιλέως
3536 1663 3841 1722 Ἰουδαίων.

445 1772 505 1810 se
538 1755 866 1811 custodisse
899 1773 1031 1826 qum
1062 1755 1281 1826 placita
1306 1762 1477 1810 erant
1504 1757 1566 1811 in
1596 1762 1916 1829 conspectu
1931 1758 2081 1829 ejus;

2195 1763 2378 1823 Ὅστις
2412 1760 2653 1830 Ἐζεκίας
2683 1760 2988 1835 ἐτόλμησεν
3047 1760 3220 1816 εἰπεῖν
3275 1762 3547 1833 τῷθεῶ,
3607 1755 3845 1835 φυλάξαι

445 1862 700 1915 cumque
732 1845 807 1900 ad
837 1850 1091 1900 mortem
1114 1850 1510 1917 aegrotaret,et
1528 1846 1937 1917 paenitentiam
1952 1863 2087 1919 age-

444 1938 557 2001 ret,
588 1933 769 1989 vitam
799 1934 913 1989 sibi
942 1934 1017 1989 ad
1038 1934 1381 2005 quindecim
1410 1951 1599 1990 annos
1630 1937 1931 2009 prorogari
1975 1936 2087 1992 im-

443 2022 713 2093 petravit.
748 2023 849 2078 Isti
877 2023 1076 2095 igitur,
1109 2023 1458 2095 expugnatis
1490 2041 1526 2079 a
1554 2023 2092 2082 Nabuchodonosor

448 2111 825 2180 Assyriorum
849 2127 985 2182 rege
1016 2111 1715 2183 Hierosolymis,abducti
1745 2120 1885 2168 sunt
1904 2114 2088 2186 Baby-

446 2198 644 2253 lonem
676 2200 886 2271 captivi
914 2200 1042 2254 :ubi
1065 2200 1138 2255 ob
1172 2201 1446 2255 virtutem
1469 2200 1606 2257 facti
1637 2203 2088 2275 suntprincipes

440 2288 701 2359 regionis
729 2288 912 2343 illius.
947 2288 1060 2343 Sed
1089 2296 1296 2360 postea
1314 2296 1656 2346 recusantes
1677 2297 1932 2347 statuam
1979 2309 2086 2348 au-

439 2392 622 2443 ream,
654 2394 834 2447 quam
860 2393 965 2433 rex
984 2378 1223 2445 fecerat,
1260 2378 1529 2446 adorare,
1565 2381 1627 2433 in
1659 2381 1963 2436 caminum
1994 2382 2087 2435 in-

430 2465 577 2537 jecti
607 2466 866 2530 fuerunt,
901 2484 1050 2538 quos
1083 2467 1452 2523 descendens
1483 2469 1730 2541 angelus
1761 2470 2089 2525 incolumet

440 2554 707 2613 servavit.
734 2555 1126 2620 Quamobrem
1157 2573 1260 2612 rex
1318 2562 1376 2611 et
1403 2574 1620 2628 pueros
1663 2557 1992 2628 honoravit,
2024 2576 2086 2614 es

440 2643 625 2697 Deum
658 2643 788 2698 euali
822 2660 1103 2716 magnum
1134 2645 1442 2701 confessus
1473 2647 1700 2702 est.Sed
1723 2664 1975 2703 cumrex
2004 2648 2088 2705 al-

440 2735 530 2786 ter
558 2733 1171 2802 successisset,videns
1191 2740 1309 2790 tres
1339 2742 1573 2791 sanctos
1595 2737 1885 2808 puerosin
1899 2740 2085 2794 Deum

439 2822 1077 2891 credentes,mandavit
1096 2823 1232 2879 illos
1253 2825 1538 2880 decollari
1575 2842 1588 2879 :
1621 2843 1878 2900 cumque
1895 2827 2089 2883 decol-

440 2910 730 2979 larentur,
751 2912 902 2967 alter
921 2911 1169 2968 alterius
1185 2918 1364 2985 caput
1389 2915 1638 2986 excepit,
1673 2920 1731 2970 et
1747 2923 2083 2988 postremus

440 3000 645 3055 Daniel
673 3007 1046 3073 amputatum
1084 3003 1333 3058 Ananiae
1364 3010 1541 3074 caput
1572 3007 1833 3077 suscepit
1859 3023 1872 3060 :
1906 3012 2084 3078 atque

438 3088 520 3145 ita
547 3090 727 3146 vitam
759 3092 1062 3145 ﬁnierunt.

1086 3285 1305 3342 Eodem
1337 3287 1432 3343 die

650 3416 745 3471 31
782 3416 1066 3471 Certamen
1086 3418 1271 3473 sancti
1294 3418 1540 3475 Danielis
1561 3421 1863 3490 praphelz.

507 3536 622 3589 Iste
655 3540 895 3590 sanctus
925 3534 1136 3589 Daniel
1167 3535 1440 3591 eamdem
1489 3552 1625 3592 cum
1670 3537 1859 3594 tribus
1881 3539 2082 3611 pueris

437 3624 792 3694 captivitatis
813 3624 1115 3680 fortunam
1139 3642 1368 3696 passus,
1386 3626 1809 3699 Hierosolymis
1830 3629 2047 3701 Babylo
2063 3660 2078 3670 -

437 3730 577 3769 nem
633 3713 795 3768 abiit.
856 3714 1235 3785 Prophetavit
1287 3720 1487 3770 autem
1537 3717 1712 3772 annis
1757 3718 2080 3790 sexaginta,

438 3802 775 3874 Christique
822 3803 1189 3859 nativitatem
1230 3805 1551 3860 antecessit
1601 3806 1775 3862 annis
1797 3807 2082 3878 quadrin-

439 3889 631 3962 gentis
667 3891 989 3962 sexaginta,
1025 3892 1112 3944 vir
1167 3893 1504 3960 continens,
1538 3894 1914 3966 etjejunans,
1947 3895 2076 3950 nul-

437 3979 682 4049 lumque
713 3978 912 4033 cibum
944 3984 1163 4051 praeter
1188 3979 1492 4051 legumina
1523 3982 1861 4053 degustans.
1891 3985 2081 4050 Quare

436 4067 540 4121 Dei
572 4083 838 4121 amorem
869 4067 979 4121 sibi
1007 4068 1402 4139 conciliavit,a
1431 4086 1547 4139 quo
1580 4071 1798 4126 missus
1812 4072 2081 4144 angelus,

436 4155 668 4209 occulta
692 4154 862 4209 illum
885 4155 1169 4225 mysteria
1193 4155 1700 4214 edocuit.Somnia
1717 4160 1915 4231 itaque
1930 4161 2083 4233 regis

439 4244 613 4297 solvit
634 4260 701 4298 ac
722 4244 1143 4314 interpretatus
1170 4251 1277 4314 est,
1311 4245 1502 4317 deque
1549 4248 1918 4319 singularum
1939 4267 2081 4319 gen-

442 4331 591 4385 tium
623 4330 841 4402 regnis,
873 4332 1196 4401 Medorum,
1224 4333 1471 4401 scilicet,
1506 4337 1905 4407 Assyriorum,
1942 4341 2081 4393 Per-

440 4437 663 4492 sarum,
690 4420 1094 4491 Macedonum,
1126 4427 1183 4477 et
1214 4424 1636 4488 Romanorum,
1666 4428 2036 4498 prophetavit
2066 4445 2082 4496 ;

2191 1851 2258 1906 τᾶ
2285 1850 2484 1925 ἀρεστὰ
2513 1850 2747 1908 ἐνώπιον
2774 1854 2964 1921 αὐτοῦ,
3003 1853 3095 1907 καὶ
3152 1852 3453 1921 ἀσθενήσας
3514 1850 3685 1923 μέχρι
3744 1858 3844 1910 θα-

2191 1941 2377 2009 νάτου,
2411 1943 2527 1998 εἶτα
2557 1945 2921 2016 μετανοήσας,
2963 1937 3127 1999 ἔλαϐε
3178 1943 3499 2019 προσθήκην
3558 1939 3695 1995 ἑτῶν
3752 1934 3847 1992 δε-

2190 2034 2435 2090 καπέντε.
2493 2036 2608 2101 Τῆς
2672 2032 2731 2090 δὲ
2793 2031 3160 2108 Ἰερουσαλὴμ
3225 2034 3329 2088 ὑπὸ
3382 2035 3480 2088 τοῦ
3565 2028 3842 2105 βασιλέως

2192 2123 2250 2180 ’Δ
2263 2122 2493 2196 σσυρίων
2524 2118 3024 2199 Ναϐουχοδονόσορ
3075 2120 3562 2197 πολιορκηθείσης,
3589 2117 3844 2186 ἀπῆλθον

2193 2213 2550 2290 αἰχμάλωτοι
2601 2213 2680 2278 εἷς
2746 2210 3058 2270 Βαϐυλῶνα.
3153 2213 3251 2268 Καὶ
3310 2210 3399 2267 διὰ
3452 2211 3553 2279 τὴν
3639 2207 3847 2283 ἀρετὴν

2192 2304 2392 2375 αὐτῶν,
2424 2304 2670 2380 ἐγένοντο
2722 2305 2987 2382 ἄρχοντες
3044 2312 3145 2375 τῆς
3190 2304 3377 2380 χώρας
3432 2300 3667 2370 ἐκείνης.
3701 2299 3846 2354 Εἶτα

2194 2396 2270 2467 μὴ
2295 2394 2599 2460 πεισθέντες
2639 2399 3013 2472 προσκυῆσαι
3064 2397 3163 2464 τήν
3225 2400 3435 2469 χρυσῆν
3494 2390 3698 2459 εἰκόνα,
3765 2386 3838 2457 ἢν

2189 2484 2440 2556 ἒποίησεν
2471 2487 2499 2540 ὁ
2534 2484 2811 2561 βασιλεὺς,
2843 2481 3215 2556 ἐνεϐλήθησαν
3274 2484 3353 2546 εἰς
3411 2482 3665 2554 κάμινον.
3726 2477 3841 2533 Καὶ

2186 2569 2387 2645 κατέϐη
2420 2571 2674 2651 ἅγγελος,
2703 2575 2792 2631 καὶ
2824 2572 3138 2652 διεφύλαξεν
3171 2571 3364 2634 αὐτοὺς
3425 2572 3616 2646 ὑγιεῖς.
3668 2565 3770 2625 Καὶ
3807 2567 3838 2621 6

2192 2661 2446 2738 βασιλεὺς
2474 2661 2698 2738 ἐτίμησε
2751 2663 2841 2719 καὶ
2896 2663 3022 2725 τοὺς
3077 2659 3295 2725 παῖδας
3349 2659 3440 2715 καὶ
3498 2653 3841 2731 ὡμολόγησε

2186 2754 2277 2810 καὶ
2304 2752 2394 2808 τὸν
2429 2755 2559 2811 Θεὸν
2590 2759 2686 2812 τοῦ
2715 2753 2951 2830 ούρανοῦ
2982 2752 3152 2828 μέγαν
3207 2751 3361 2807 εἶναι.
3418 2745 3594 2813 ’Πλθε
3619 2743 3676 2801 δὲ
3734 2745 3840 2820 βα-

2188 2847 2370 2912 σιλεὺς
2401 2846 2606 2923 ἔτερος,
2663 2847 2752 2901 καὶ
2801 2847 2971 2921 εὑρὼν
3017 2843 3144 2907 τοὺς
3201 2842 3384 2919 ἁγίους
3438 2842 3585 2914 τρεῖς
3630 2830 3837 2923 παῖδας

2185 2936 2534 3000 πιστεύοντας
2583 2937 2658 2999 εἷς
2700 2937 2794 2993 τὸν
2852 2936 3003 3005 Θεὸν,
3061 2930 3569 3010 ἀποκεφαλισθῆναι
3627 2920 3830 2985 αὐτοὺς

2184 3027 2492 3103 προσέταξε.
2530 3028 2628 3085 Καὶ
2671 3024 2959 3101 δεξάμενος
2998 3023 3177 3101 ἔτερος
3233 3020 3332 3079 τοῦ
3388 3020 3572 3094 ἕτερου
3601 3017 3702 3103 τὴν
3728 3032 3828 3103 κε-

2107 3136 2152 3202 C,
2191 3117 2393 3195 φαλῆνν
2426 3115 2656 3193 ἔ(τχατοις
2690 3113 2748 3172 δὲ
2778 3118 2806 3172 ὁ
2863 3114 3069 3185 Δανιὴλ
3126 3118 3224 3169 τοῦ
3281 3110 3522 3179 Ἀνανία,
3577 3102 3846 3161 ἐτελειώ-

2190 3208 2380 3278 θησαν.

2757 3299 2837 3370 Τῇ
2896 3298 3036 3369 αὐτῇ
3083 3295 3268 3368 ἡμέρᾳ

2252 3462 2255 3463 ,
2331 3411 2604 3481 ’Άθλησις
2630 3417 2728 3468 τοῦ
2760 3411 2916 3488 ἁγίου
2965 3407 3166 3480 Δανιὴλ
3222 3411 3321 3465 τοῦ
3376 3406 3686 3483 προφήτου.

2261 3531 2429 3592 Οὗτος
2486 3531 2515 3585 ὁ
2574 3531 2726 3606 ἅγιος
2777 3525 2983 3600 Δανιὴλ
3048 3526 3184 3602 μετὰ
3228 3529 3336 3581 τῶν
3394 3525 3559 3599 τριῶν
3620 3516 3842 3576 παίδων

2190 3617 2622 3696 ᾐχμαλωτίσθη.
2684 3617 2782 3674 Καὶ
2861 3616 3100 3687 ἀπῆλθεν
3171 3615 3281 3671 ἀπὸ
3344 3609 3708 3689 Ἰερουσαλὴμ
3760 3606 3849 3669 εἷς

2191 3703 2511 3766 Βαϐυλῶνω
2572 3707 2661 3763 καὶ
2715 3708 3115 3783 προεφήτευσεν
3187 3704 3280 3775 ἔτη
3339 3703 3618 3774 ἑξήκοντα.
3683 3705 3841 3773 Προ-

2191 3793 2356 3855 ἐλαϐε
2386 3795 2445 3854 δί
2473 3799 2570 3867 τὴν
2619 3800 2866 3872 γέννησιν
2914 3801 3013 3852 τοῦ
3068 3798 3304 3871 Χριστοῦ
3360 3789 3454 3865 ἔτη
3513 3791 3847 3867 τετρακόσια

2189 3888 2469 3959 ἐξήκοντα.
2501 3888 2744 3963 Ἐγένετο
2805 3885 2861 3942 δὲ
2918 3886 3056 3962 ἀνὴρ
3108 3887 3338 3962 σώφρων
3388 3881 3478 3939 καὶ
3517 3881 3841 3952 νηστευτὴς·

2194 3979 2270 4051 μή
2299 3976 2593 4054 γευόμενος
2647 3983 2859 4052 τροφῆς
2917 3973 3120 4045 ἄλλης,
3180 3975 3224 4030 εἰ
3300 3971 3685 4055 μήἲόσπρίωνο
3745 3969 3846 4029 διὰ

2188 4071 2350 4122 τοῦτο
2383 4068 2644 4142 ἠγαπήθη
2679 4067 2828 4137 παρά
2848 4069 2946 4122 τοῦ
2978 4061 3133 4122 Θεοῦ.
3194 4063 3298 4120 Καὶ
3360 4061 3639 4134 ἀπεστάλη
3671 4059 3842 4139 ἃγγε-

2192 4154 2313 4226 λος,
2346 4155 2436 4211 καὶ
2467 4153 2704 4230 ἐδίδαξεν
2738 4154 2896 4210 αὐτὸν
2926 4156 2995 4211 τὰ
3022 4153 3329 4231 ἁπόκρυιρα.
3359 4155 3516 4217 Ὃθεν
3567 4152 3655 4207 καὶ
3706 4151 3846 4218 τοὺς

2192 4243 2436 4321 ὂνείρους
2461 4250 2562 4301 τοῦ
2598 4244 2873 4322 βασιλέως
2930 4240 3109 4313 ἔλυσε,
3171 4244 3260 4299 καὶ
3318 4246 3681 4321 ἡρμήνευσεν.
3734 4247 3841 4301 Καὶ

2193 4335 2317 4409 περὶ
2374 4340 2482 4390 τῶν
2523 4333 2816 4410 βασιλειῶν
2876 4335 3103 4390 ἑκάστου
3152 4332 3356 4401 ἔθνους,
3437 4330 3667 4404 Μήδων,
3711 4335 3842 4393 Ἀσ-

2194 4423 2418 4500 συρίων,
2477 4428 2719 4497 Περσῶν,
2780 4421 3129 4493 Μακεδόνων,
3193 4423 3505 4496 Ῥωμαίων,
3589 4427 3840 4501 προεφή-

443 4512 720 4582 quodque
751 4512 953 4567 omnia
980 4527 1162 4581 regna
1181 4512 1558 4569 dissolvenda
1576 4512 1859 4580 forent,et
1886 4518 2082 4572 Roma-

2195 4533 2367 4572 τευσε·
2437 4515 2526 4569 καὶ
2585 4512 2669 4569 ὅτι
2721 4513 3192 4584 καταλυθήσονται
3221 4520 3388 4569 πᾶσαι
3441 4513 3498 4568 αἱ
3540 4512 3838 4589 βασιλεῖαι,

443 4616 679 4667 norum,
712 4600 1300 4672 Christianorumque
1329 4602 1650 4674 imperium
1680 4603 2082 4676 obtenturum,

445 4689 675 4743 Christo
707 4689 767 4743 in
800 4695 1085 4745 aeternum
1116 4697 1420 4764 regnante.
1446 4692 1751 4749 Demissus
1780 4699 1979 4749 autem
2021 4695 2083 4750 in

445 4777 640 4831 lacum
672 4778 933 4847 leonum,
966 4778 1189 4835 illaesus
1220 4781 1359 4837 inde
1409 4783 1608 4849 evasit,
1646 4787 1705 4837 et
1732 4799 1767 4838 a
1797 4799 1931 4857 rege
1956 4784 2082 4840 Bal-

446 4866 677 4921 thasare
710 4867 817 4921 filii
877 4868 1006 4922 loco
1055 4870 1401 4926 honoratus.
1460 4872 1767 4927 Postremo
1797 4872 1870 4928 ab
1894 4874 2083 4930 Attico

440 4971 577 5027 rege
608 4971 745 5010 cum
778 4956 964 5013 tribus
1000 4958 1202 5029 pueris
1232 4958 1562 5016 decollatus
1591 4961 1727 5017 fuit.

1075 5134 1297 5191 Eodem
1337 5136 1434 5192 die

542 5249 643 5306 38
675 5251 961 5307 Certamen
981 5252 1161 5305 sancti
1187 5250 1453 5322 martyris
1481 5255 1685 5312 Bacchi
1707 5258 1975 5312 Junioris.

511 5368 591 5420 Ex
622 5365 863 5437 regione
884 5365 1217 5422 Palaestinae
1246 5367 1360 5423 fuit
1379 5368 1510 5437 iste,
1527 5372 1693 5427 [rene
1716 5377 1775 5427 et
1795 5373 2084 5428 Constan-

442 5454 567 5509 tino
601 5454 1052 5525 imperantibus,
1084 5457 1449 5514 Christianos
1468 5465 1766 5532 parentes,
1817 5477 2086 5532 proavos-

447 5560 561 5614 que
588 5543 835 5612 habens,
858 5545 961 5600 sed
992 5546 1121 5618 ejus
1150 5552 1318 5618 pater
1350 5564 1384 5603 a
1412 5547 1783 5604 daamonibus
1806 5548 2085 5604 seductus

445 5632 521 5689 ad
549 5633 845 5705 impuram
877 5635 1301 5692 Saracenorum
1346 5642 1567 5692 sectam
1599 5637 1853 5710 transiit,
1884 5643 1943 5693 et
1972 5639 2082 5694 Ha-

2193 4605 2282 4659 καὶ
2327 4604 2583 4680 κρατήσει
2636 4606 2671 4674 ἡ
2726 4602 2976 4680 βασιλεία
3029 4608 3139 4658 τῶν
3199 4602 3512 4675 Ῥωμαίων,
3578 4602 3668 4658 καὶ
3722 4606 3834 4658 τῶν

2192 4694 2528 4768 Χριστιανῶν
2563 4739 2580 4765 ,
2690 4694 2859 4749 αὐτοῦ
2940 4694 3176 4769 Χριστοῦ
3269 4690 3650 4768 βασιλεύοντος
3730 4688 3838 4757 ἕως

2191 4781 2410 4844 αἰῶνος.
2461 4776 2702 4853 Ἐϐλήθη
2764 4779 2820 4836 δὲ
2877 4779 2952 4843 εἷς
3009 4780 3208 4837 λάκκον
3265 4784 3375 4836 τῶν
3426 4779 3679 4837 λεόντων·
3738 4781 3831 4835 καὶ

2193 4871 2415 4945 ἐξῆλθεν
2444 4871 2629 4949 ὑγιής⁶
2684 4872 2775 4926 καὶ
2823 4871 3061 4945 ἐτιμήθη
3121 4870 3213 4926 ἴσα
3265 4875 3367 4926 τοῦ
3404 4871 3527 4926 υἱοῦ
3553 4869 3659 4926 ὑπὸ
3734 4873 3836 4925 τοῦ

2198 4960 2465 5037 βασιλέως
2496 4959 2806 5030 Βαλτάσαρ.
2857 4964 3110 5036 Ὕστερον
3145 4959 3205 5016 δὲ
3253 4959 3661 5039 ἀπεκεφαλίσθη
3692 4957 3842 5034 παρᾶ

2194 5052 2444 5109 Ἀττικοῦ
2473 5049 2746 5127 βασιλέως
2779 5049 2916 5125 μετᾶ
2942 5054 3054 5106 τῶν
3080 5054 3250 5127 τριῶν
3282 5046 3513 5107 παίδων.

2782 5143 2869 5215 Τῇ
2900 5140 3038 5215 αὐτῇ
3068 5142 3255 5214 ἡμέρᾳ

2262 5256 2532 5328 ’Ἃθλησις
2558 5262 2657 5315 τοῦ
2686 5256 2843 5334 ἁγίου
2878 5258 3150 5335 μάρτυρος
3189 5258 3414 5334 Βάκχου
3459 5260 3557 5313 τοῦ
3603 5252 3763 5314 Νέου.

2265 5375 2361 5429 Ἐκ
2387 5381 2486 5443 τῆς
2521 5375 2711 5451 χώρας
2766 5382 2866 5446 τῆς
2925 5373 3292 5447 Παλαιστίνης
3352 5376 3599 5451 ὑπῆρχεν
3653 5374 3837 5443 οὗτος,

2192 5460 2282 5517 ἐπὶ
2311 5469 2409 5532 τῆς
2443 5464 2724 5539 βασιλείας
2764 5464 3007 5541 Εἰρήνης
3056 5465 3147 5520 καὶ
3207 5464 3631 5522 Κωνσταντίνου.
3662 5465 3837 5520 Ἦσαν

2195 5549 2253 5606 δὲ
2283 5552 2335 5606 οἱ
2363 5558 2536 5628 γονεῖς
2564 5553 2729 5609 αὐτοῦ
2786 5554 2845 5609 ἐκ
2901 5555 3185 5632 προγόνων
3241 5551 3585 5631 Χριστιανοί”
3644 5548 3771 5606 ἀλλ’
3802 5550 3832 5604 6

2192 5640 2373 5717 πατὴρ
2404 5639 2568 5697 αὐτοῦ
2596 5642 2698 5699 ὑπὸ
2729 5639 3005 5718 δαιμόνων
3052 5641 3347 5715 πλανηθεὶς
3402 5643 3536 5719 πρὸς
3588 5642 3688 5711 τὴν
3720 5644 3830 5696 τῶν
