4114 6306
273 306 384 364 213

1766 310 2204 371 DECEMBER.

3568 307 3688 365 214

267 442 599 510 Σαρακηνῶν
667 439 924 512 μετετέθη
1010 439 1241 516 αἰσχράν
1323 442 1498 498 πίστιν
1567 443 1658 498 καὶ
1717 440 1896 516 ἐμαγά

2036 443 2324 516 garenicaa
2340 441 2749 514 superstitioni
2764 441 3290 512 addictus,septem
3306 440 3682 512 pueris,quos

260 548 392 604 ρισε.
476 529 744 598 Ἐποίησε
825 527 883 586 δὲ
966 528 1154 586 παιδία
1233 531 1386 587 ἑπτά

264 617 394 671 αὑτά
477 617 564 672 ἐπὶ
625 622 696 691 τῇ
779 619 944 692 ὁμοία
1008 623 1148 693 κακῇ
1226 621 1421 675 πίστει*
1499 623 1611 676 εἶτα
1666 622 1919 676 ἀπέθανε.

267 709 366 763 Καὶ
454 707 896 786 κατελείφθησαν
966 710 1034 764 τά
1090 707 1278 764 παιδία
1338 710 1470 783 μετὰ
1525 718 1623 780 τῆς
1688 711 1923 785 μητέρος

261 797 444 850 αὐτῶν
485 841 498 854 .
565 799 650 870 Ἐξ
708 798 781 852 ὧν
838 799 867 852 ὁ
945 800 1018 859 εἷς
1087 797 1342 861 Γελάσιος
1417 798 1752 871 καλούμενος
1786 844 1800 868 ,
1858 800 1923 853 τὰ

257 883 632 959 Ἱεροσόλυμα
659 883 978 944 κατέλαϐεν.
1042 891 1174 945 Εἶτα
1227 887 1392 958 ἦλθεν
1454 889 1528 950 είς
1584 890 1685 957 τήν
1717 887 1918 961 λαύραν

256 979 354 1030 τοῦ
383 975 548 1050 άγίου
586 971 760 1045 Σάῦα,
787 977 879 1030 καὶ
933 980 1155 1051 γίνεται,
1191 980 1456 1053 μοναχὸς.
1515 977 1732 1052 Βάκχος
1794 977 1918 1032 ὀνο·

265 1077 485 1137 μασθεις
519 1109 532 1122 .
602 1068 796 1128 Καλῶς
855 1068 1316 1140 πολιτευσάμενος
1351 1113 1364 1137 ,
1421 1068 1697 1137 ἀπεστάλη
1776 1068 1922 1142 παρά

258 1159 353 1209 τοῦ
384 1156 709 1230 ἡγουμένου
767 1161 979 1232 φυγεῖν,
1006 1155 1093 1211 ’ίνα
1126 1164 1202 1229 μή
1232 1158 1428 1231 νοηθῇ,
1462 1158 1545 1212 δτι
1606 1156 1921 1231 Σαρακηνὸν

266 1239 590 1301 ἐπὸάπτισε.
624 1243 720 1298 Καὶ
777 1244 948 1308 ἐλθὼν
1001 1245 1076 1308 εἷς
1104 1247 1172 1302 τὰ
1229 1246 1424 1316 οἳκεῖα,
1453 1245 1583 1309 τοὺς
1641 1247 1734 1320 μὲν
1767 1247 1920 1301 πέντε

256 1333 540 1408 ἀδελφοὺς
590 1330 893 1390 ἐϐάπτισεν·
930 1336 1063 1398 ὁεῖς
1124 1334 1180 1391 δὲ
1239 1339 1314 1410 μὴ
1378 1337 1710 1408 βαπτισθεὶς,
1770 1336 1913 1391 ἐλοι-

263 1420 492 1498 δόρησεν
550 1425 629 1486 εἷς
687 1424 778 1480 τὸν
838 1426 1054 1500 Βάκχον
1112 1425 1188 1489 εἷς
1249 1427 1340 1480 τὸν
1401 1427 1659 1500 ἀμηρᾶν.
1726 1428 1824 1484 Καὶ
1889 1427 1915 1480 ὁ

262 1512 484 1586 ἀμηρᾶς
516 1511 910 1590 ἀπεκεφάλισεν
945 1513 1122 1571 αὐτόν.
1162 1516 1263 1571 Καὶ
1295 1515 1466 1578 οὕτως
1499 1513 1812 1586 ἐτελειώθη.

825 1631 1001 1686 ΜΗΝΙ
1025 1635 1110 1685 ΤΩ
1142 1634 1341 1687 ΛΥΤΩ.

1043 1722 1131 1776 ΙΗ¹

1470 533 1560 588 καὶ
1636 530 1920 609 ἀνέτρεφεν

602 1063 796 1128 Καλῶς
855 1065 1316 1140 πολιτευσάμενος
1351 1113 1364 1137 ,
1421 1066 1697 1137 ἀπεστάλη

264 1807 470 1877 Uvam

955 1877 1218 1954 Φλώρου.

324 1964 453 2022 Ἐπί
484 1973 586 2034 τῆς
617 1966 897 2040 βασιλείας
945 1968 1236 2024 Ἱουστίνου
1291 1974 1389 2024 τοῦ
1449 1971 1611 2039 Νέου,
1640 1971 1727 2026 καὶ
1757 1967 1918 2029 Τιϐε-

257 2056 395 2130 ρίου,
433 2057 527 2110 καὶ
562 2057 862 2132 Μαυρικίου
913 2059 979 2128 ἦν
1032 2056 1192 2122 οὗτος
1224 2060 1252 2114 ὁ
1284 2061 1435 2134 ἅγιος
1487 2058 1739 2134 Φλῶρος·
1774 2059 1918 2138 ἔχων

255 2146 459 2220 πατέρα
492 2146 730 2221 Φλῶρον
762 2148 853 2202 καὶ
911 2148 1070 2204 αὐτὸν
1133 2149 1498 2222 καλούμενον,
1558 2150 1647 2204 καὶ
1709 2151 1917 2225 μητέρα

253 2233 674 2308 ὀνομαζομένην
705 2236 1007 2311 Εὐφηρίαψ
1069 2235 1309 2311 ἐδίδαξαν
1372 2237 1430 2293 δὲ
1464 2239 1624 2294 αὐτὸν
1655 2242 1706 2295 οἱ
1736 2247 1917 2314 γονεῖς

253 2323 418 2379 αὐτοῦ
455 2325 543 2378 καὶ
577 2326 675 2393 τήν
734 2329 842 2380 τῶν
894 2324 1178 2396 Ἐλλήνων
1239 2329 1478 2404 γραφὴν,
1538 2328 1628 2382 καὶ
1675 2330 1776 2397 τήν
1806 2334 1914 2384 τῶν

253 2418 646 2487 Χριστιανῶν’
690 2415 803 2470 εἶτα
859 2413 1071 2489 ἐγένετο
1131 2417 1380 2482 νοτάριος
1447 2421 1554 2470 τῶν
1621 2417 1914 2491 βασιλέων⁶

256 2505 370 2557 εἶτα
439 2503 766 2578 πατρίκιος.
829 2503 925 2558 Καὶ
985 2499 1170 2559 λαϐὼν
1225 2511 1490 2579 γυναῖκα,
1551 2505 1772 2577 ἐποίησε
1826 2509 1915 2562 καὶ

252 2591 475 2655 παῖδας.
540 2591 946 2664 ’Λποθανούσης
979 2591 1036 2648 δε
1067 2599 1283 2664 καὶτῆς
1344 2595 1616 2669 γυναικὸς,
1663 2597 1752 2651 καὶ
1805 2602 1912 2652 τῶν

254 2678 487 2735 παιδίων
522 2681 582 2736 ἐκ
609 2689 711 2750 τῆς
750 2681 1017 2755 λοιμικῆς
1071 2684 1254 2754 νόσου,
1308 2683 1468 2746 αὐτὸς
1511 2684 1793 2755 λυπηθεῖς,
1824 2686 1914 2740 καί

256 2771 512 2846 ἀφορμὴν
551 2769 743 2842 εὑρὼν,
781 2767 874 2824 ἵνα
932 2772 1104 2844 σωθῇ,
1155 2773 1387 2840 ἀπῆνθεν
1421 2773 1498 2834 εἷς
1529 2771 1582 2828 ἔν
1607 2779 1715 2828 τῶν
1772 2796 1909 2846 κτη-

263 2860 448 2929 μάτων
477 2858 647 2914 αὐτοῦ
678 2858 730 2914 ἐν
761 2863 842 2932 τῷ
890 2857 1142 2932 ἀνάπλῳ,
1198 2861 1288 2915 καὶ
1348 2859 1631 2933 ἐκαθέσθη.
1667 2865 1794 2920 Εἶτα
1824 2862 1914 2919 διὰ

255 2949 355 3015 τήν
395 2947 617 3016 πολλὴν
679 2949 876 3024 ἀρετὴν
931 2951 1098 3005 αὐτοῦ
1151 2950 1444 3015 ἐπίσκοπος
1498 2955 1909 3029 προχειρίζιται

259 3043 505 3111 Ἀμισοῦ.
545 3041 632 3096 Ἐν
672 3039 809 3114 αὐτῇ
843 3039 903 3095 δὲ
929 3043 998 3114 τῇ
1034 3043 1244 3114 Ἀμισῷ
1281 3041 1553 3114 ἀπελθῶν,
1591 3044 1679 3099 καὶ
1726 3044 1912 3110 καλῶς

256 3129 314 3182 τὸ
337 3128 753 3191 καταπιστευθὲν
775 3127 925 3200 αὐτῷ
954 3129 1235 3201 ποίμενιον
1267 3129 1539 3202 ποιμάνας
1569 3131 1660 3186 καὶ
1691 3129 1904 3204 διδάξας

255 3218 339 3271 τὸν
365 3217 497 3270 λαὸν
538 3216 716 3289 ὀρθῶς
750 3222 1063 3292 περιπατεῖν
1090 3219 1180 3272 καὶ
1213 3217 1555 3294 ὁρθοδόξους,
1585 3221 1672 3276 καὶ
1723 3229 1898 3277 ποιεῖν

258 3311 346 3361 τοῦ
375 3311 512 3362 Θεοῦ
539 3307 608 3362 τά
665 3304 955 3380 θελήματα
1010 3308 1098 3362 καὶ
1143 3308 1240 3370 τὰς
1297 3308 1541 3382 ἐντολὰς,
1601 3308 1898 3384 ἐκοιμήθηο

259 3397 676 3472 θαυματουργὼν
705 3390 807 3460 ἕως
833 3403 934 3466 τῆς
961 3398 1201 3470 σήμερον
1234 3396 1286 3452 ἐν
1317 3403 1396 3470 τῷ
1424 3397 1577 3476 τάφῳ
1606 3399 1790 3458 αὐτοῦ.

812 3514 995 3570 ΜΗΝΙ
1024 3515 1113 3571 ΤΩ
1151 3517 1347 3572 ΑΥΤΩ.

1037 3604 1114 3658 ΙΘ“

255 3691 516 3758 νΑθλησις
575 3696 681 3745 τῶν
739 3691 907 3766 ἀγίων
971 3711 1258 3770 μαρτρρων
1319 3694 1550 3767 Πρόμου
1585 3736 1599 3762 ,
1658 3697 1893 3770 "Apsum,

918 3763 1006 3818 καὶ
1049 3763 1227 3820 Ἦλία.

320 3852 482 3909 Οὗτοι
520 3853 619 3926 μὲν
649 3853 937 3925 Αἰγύπτιοι
1001 3855 1256 3929 ὑπῆρχον
1283 3854 1346 3908 τὸ
1377 3853 1552 3928 γένος,
1585 3856 1894 3929 Χρίστιανοὶ

256 3939 324 3997 δέ.
378 3943 558 4011 Ζῆλον
615 3939 672 3997 δὲ
727 3938 948 4017 ἔχοντες
1018 3944 1221 4014 θεῖκὸν,
1279 3942 1605 4020 ἀπήρχοντα
1664 3944 1742 4008 εἰς
1798 3945 1893 4006 τὰς

252 4029 486 4106 φυλακὰς
524 4075 538 4099 ,
610 4031 698 4086 καὶ
785 4032 1172 4087 ἐπεσκέπτοντο
1251 4031 1378 4093 τοὺς
1439 4033 1570 4106 ὑπὲρ
1654 4038 1893 4107 Χριστοῦ

249 4119 541 4181 ἀθλοῦντας
619 4119 807 4195 ἁγίους
901 4118 1174 4196 μάρτυρας
1209 4165 1223 4190 ,
1346 4122 1432 4176 καὶ
1549 4121 1886 4198 ἐθεράπευον.

249 4207 518 4278 Ἀπῆλθον
554 4205 612 4264 δὲ
662 4209 752 4263 καὶ
809 4209 886 4272 εἰς
938 4210 1036 4276 τήν
1091 4211 1276 4284 χώραν
1333 4216 1432 4280 τῆς
1492 4209 1766 4279 Κιλικίας,
1799 4212 1889 4266 καὶ

251 4297 543 4369 μέλλοντες
576 4297 834 4362 εἰσελθεῖν
868 4298 944 4362 εἷς
1002 4299 1322 4355 Ἀσκάλωνα
1369 4301 1468 4369 τὴν
1513 4300 1698 4372 πόλιν,
1733 4301 1891 4376 ἐκρα-

248 4391 485 4459 θήθησαν
546 4387 621 4450 εἷς
696 4388 794 4457 τήν
854 4387 1035 4459 πύλην
1094 4387 1240 4462 παρὰ
1291 4392 1398 4442 τῶν
1459 4387 1739 4466 φυλάκων,
1797 4391 1888 4445 ἀν-

245 4475 380 4551 δρῶν
438 4472 727 4553 βαρϐάρων
784 4477 872 4532 καὶ
929 4475 1155 4552 ἀγρίων,
1206 4479 1568 4550 νομισάντων,
1620 4480 1704 4535 ὅτι
1753 4500 1890 4556 προ-

246 4565 392 4622 δόται
426 4567 552 4625 εἱσι,
586 4565 688 4622 Καὶ
731 4563 1103 4641 παρεδόθησαν
1147 4570 1226 4638 τῷ
1254 4567 1481 4642 ἄρχοντι
1515 4567 1885 4642 Φιρμιλιανῷ.

247 4653 466 4724 Ἐπειδὴ
501 4653 558 4710 δὲ
602 4655 938 4730 παρέστησαν
1006 4655 1170 4727 αὐτῷ,
1219 4655 1309 4710 καὶ
1365 4654 1725 4731 ἐρωτηθέντες
1761 4664 1890 4732 Χρι-

247 4746 488 4809 στιανοὺς
529 4745 747 4806 ἑαυτοὺς
778 4744 1172 4820 ὡμολόγησαν,
1206 4750 1570 4820 τιμωροῦνται
1600 4747 1688 4801 καὶ
1723 4747 1890 4822 βασαο

245 4835 473 4904 νίζονται
506 4835 769 4909 ἰσχυρῶς.
824 4833 920 4890 Καὶ
947 4834 974 4888 ὁ
1007 4835 1100 4906 μὲν
1130 4835 1304 4908 Ἀρης
1353 4833 1614 4910 πρότερον
1675 4835 1889 4911 μυρίοις

247 4926 498 4999 βασάνοις
529 4922 888 4997 τιμωρηθεὶς,
941 4919 1158 4998 ὕστερνν
1194 4920 1284 4977 διὰ
1340 4925 1510 4997 πυρὸς
1567 4921 1884 4995 ἐτελειώθη·

241 5015 267 5068 ὁ
319 5011 377 5068 δέ
439 5014 591 5088 ἅγιος
653 5010 896 5087 Πρόμος,
954 5011 1044 5066 καὶ
1103 5013 1266 5074 αὐτὸς
1328 5010 1515 5067 πολλά
1572 5011 1888 5085 ἐξετασθείς,

240 5104 323 5158 καὶ
381 5104 474 5157 τὸν
531 5101 765 5177 Χριστὸν
828 5101 903 5173 μή
974 5100 1367 5175 ἀρνησάμενος,
1451 5101 1884 5176 ἀπεκεφαλίσθη.

242 5193 385 5252 Μετᾶ
412 5197 577 5247 τοῦτο
609 5189 667 5246 δὲ
716 5190 805 5244 καὶ
839 5191 865 5245 ὁ
897 5191 1050 5265 ἅγιος
1078 5189 1275 5254 Ἠλίας
1305 5188 1492 5246 πολλά
1548 5192 1889 5267 βασανισθεὶς

239 5285 366 5362 ξίφει
399 5287 498 5353 τὴν
530 5280 780 5359 κεφαλὴν
813 5281 1125 5352 ἀπετμήθη,

831 5372 914 5443 Τῇ
947 5369 1082 5444 αὖτῇ
1118 5369 1300 5446 ἡμέρᾳ
1435 5441 1470 5450 ρ

239 5456 498 5534 Ἃθλησις
554 5466 655 5516 τοῦ
719 5457 880 5533 ἀγίου
939 5459 1212 5535 μάρτυρος
1297 5461 1567 5535 Τιμοθέου
1624 5468 1721 5518 τοῦ
1775 5461 1895 5520 δια-

979 5532 1161 5587 κόνου.

296 5624 620 5701 Τιμόθεοςὸ
690 5619 1019 5695 ἱερομάρτυς
1086 5621 1302 5698 ὑπῆρχε
1359 5622 1455 5696 μὲν
1515 5621 1568 5679 ἐν
1617 5629 1893 5703 Μαυριτα-

556 1811 655 1860 τοῦ
730 1806 881 1861 ὁσίου
961 1809 1166 1885 πατρὸς
1241 1811 1426 1881 ήμῶν,
1485 1811 1572 1864 καὶ
1651 1810 1992 1885 ἱεράρχουΒ

2033 537 2394 602 susceperat,
2415 530 2622 585 eadem
2659 547 2832 601 prava
2856 529 2970 584 ﬁde
3004 529 3268 594 imbutis,
3303 529 3550 598 interiit,
3583 546 3680 584 re-

2029 621 2185 676 lictis
2215 621 2416 692 pueris
2446 637 2581 674 cum
2613 636 2818 674 eorum
2842 625 3145 674 matrezex
3175 618 3389 689 quibus
3411 617 3677 674 Gelasius

2032 711 2439 781 Hierosolyma
2465 709 2781 781 profectus,
2801 709 3027 764 lauram
3061 707 3257 762 Sancti
3290 707 3453 762 Sabze
3484 709 3675 778 petiit,

2029 804 2089 855 et
2118 801 2442 854 monachus
2465 802 2651 854 factus
2688 804 2796 864 est,
2829 804 3131 869 assumpto
3165 797 3375 852 Bacchi
3410 799 3676 853 nomine.

2028 890 2290 960 Cumque
2324 894 2524 944 sancte
2555 889 2815 952 vixisset,
2840 903 2873 942 a
2907 887 3251 941 monasterii
3284 887 3560 958 praefecto
3583 887 3678 942 di-

2028 978 2245 1033 missus
2275 978 2407 1044 fuit,
2461 995 2534 1032 ne
2592 978 2883 1032 rescirent
2941 977 3240 1044 Saraceni,
3300 976 3457 1046 quod
3509 976 3679 1032 illum

2027 1067 2396 1138 baptizasset.
2423 1067 2529 1132 Qui
2565 1066 2809 1121 domum
2841 1082 3135 1131 reversus,
3171 1066 3439 1136 quinque
3467 1065 3680 1121 fratres

2027 1155 2355 1227 baptizavit.
2389 1156 2501 1211 Sed
2527 1158 2626 1227 qui
2660 1172 2818 1211 unus
2852 1172 3057 1210 eorum
3092 1155 3461 1226 Baptismum
3492 1157 3684 1212 susci-

2027 1261 2165 1316 pere
2198 1250 2590 1317 recusaverat,
2624 1245 2697 1301 ad
2758 1248 3035 1300 Ameram
3095 1245 3388 1300 Bacchum
3447 1245 3679 1300 detulit.

2027 1339 2271 1389 Ameras
2303 1341 2498 1390 autem
2529 1335 2696 1389 illum
2729 1334 3014 1389 decollari
3040 1334 3244 1405 jussit,
3273 1337 3450 1404 atque
3479 1333 3560 1389 ita
3575 1333 3678 1388 de-

2024 1426 2220 1479 cessit.

2579 1611 2816 1669 EODEM
2862 1613 3110 1668 MENSE.

2524 1709 2626 1765 Die
2669 1710 2901 1765 decima
2947 1716 3170 1764 octava.

2130 1801 2229 1855 89
2263 1801 2712 1857 Commemoratio
2744 1803 2921 1855 sancti
2973 1802 3156 1855 Patris
3202 1802 3379 1854 nostri
3415 1799 3569 1854 Flori

2696 1873 2996 1941 pontiﬁcis.

2091 1970 2476 2042 Temporibus
2506 1970 2722 2025 Justini
2753 1971 3282 2040 Junioris,Tiberii,
3315 1976 3374 2025 et
3406 1972 3669 2026 Mauricii

2021 2059 2468 2130 imperatorum,
2519 2060 2734 2114 claruit
2788 2060 2898 2114 iste
2959 2065 3198 2114 sanctus
3247 2060 3478 2128 Florus,
3510 2065 3674 2131 patre

2020 2148 2226 2204 itidem
2258 2149 2450 2216 Floro,
2487 2154 2544 2204 et
2574 2153 2760 2203 matre
2807 2148 3135 2219 Euphemia
3166 2153 3360 2216 natus,
3394 2166 3428 2204 a
3460 2149 3676 2219 quibus

2019 2242 2144 2292 tum
2194 2239 2554 2303 Graacorum,
2618 2244 2740 2292 tum
2800 2238 3272 2293 Christianorum
3333 2238 3670 2309 disciplinis

2021 2327 2622 2393 institutus,notarius
2652 2328 3079 2398 imperatorum
3095 2327 3283 2382 factus
3305 2332 3395 2381 est
3424 2327 3671 2382 :deinde

2019 2417 2080 2472 in
2113 2419 2499 2488 patriciorum
2532 2419 2805 2474 ordinem
2838 2424 3169 2489 cooptatus,
3205 2435 3449 2473 uxorem
3483 2418 3668 2488 duxit,

2020 2507 2295 2578 ﬁliosque
2326 2509 2672 2579 procreavit.
2713 2508 2824 2562 Sed
2853 2525 3132 2575 uxore,ac
3167 2508 3306 2562 filiis
3335 2512 3497 2579 peste
3523 2525 3667 2562 con-

2019 2598 2292 2668 sumptis,
2316 2598 2441 2669 ipse
2473 2598 2878 2664 contristatus,
2908 2599 3280 2652 occasionem
3314 2596 3664 2653 consulendi

2018 2686 2193 2740 saluti
2231 2703 2352 2740 sua)
2395 2687 2712 2758 arripiens,
2771 2704 2898 2741 sese
2963 2687 3022 2741 in
3082 2687 3402 2758 quemdam
3459 2703 3665 2758 agrum

2017 2775 2321 2846 suum,qui
2354 2777 2414 2829 in
2447 2776 2673 2846 Anaplo
2710 2781 2856 2842 erat,
2887 2776 3130 2846 recepit.
3165 2775 3388 2830 Deinde
3434 2775 3506 2829 ob
3539 2776 3670 2830 vitae

2015 2866 2391 2920 sanctitatem
2427 2865 2741 2935 epiSCOpus
2794 2865 2977 2918 Amisi
3039 2865 3368 2929 ordinatus,
3403 2881 3538 2919 cum
3590 2865 3670 2917 ibi

2015 2952 2305 3007 creditum
2351 2953 2462 3007 sibi
2521 2969 2760 3025 gregem
2827 2957 2985 3008 recte
3043 2952 3450 3024 gubernasset,
3485 2969 3676 3023 pOpu-

2013 3040 2258 3113 lumque
2287 3042 2549 3114 optimos
2586 3058 2805 3106 mores,
2840 3045 3182 3112 rectamque
3215 3039 3394 3095 ﬁdem
3440 3039 3674 3094 docuis-

2019 3136 2126 3197 set,
2161 3137 2341 3203 atque
2373 3131 2444 3186 ad
2496 3130 2791 3202 explenda
2851 3130 2952 3184 Dei
3005 3129 3284 3186 mandata
3335 3129 3669 3198 excitasset,

2017 3220 2394 3288 obdormivit,
2429 3220 2733 3275 miraculis
2765 3237 2834 3274 ex
2891 3220 3021 3292 ejus
3072 3220 3344 3291 sepulcro
3389 3235 3574 3289 usque
3606 3217 3667 3273 in

2009 3315 2363 3380 praesentem
2394 3310 2554 3365 diem
2580 3309 2985 3364 manantibus.

2567 3515 2806 3568 EODEM
2846 3515 3095 3569 MENSE.

2562 3603 2662 3657 Die
2690 3601 2920 3657 decima
2945 3618 3103 3658 nona

2007 3702 2109 3756 40
2149 3701 2430 3755 Certamen
2460 3706 3107 3824 sanctorumEyiartyrum
3156 3703 3364 3770 Promi,
3417 3701 3552 3754 Arei
3599 3709 3650 3756 et

2828 3787 2912 3824 tae.

2828 3787 2912 3825 ιω.

2077 3871 2178 3926 Isti
2225 3886 2442 3943 genere
2495 3869 2736 3939 quidem
2794 3869 3068 3942 Egyptii,
3106 3870 3208 3923 sed
3286 3870 3653 3940 professione

2003 3959 2340 4022 Christiani,
2373 3959 2570 4013 divino
2599 3957 2721 4012 zelo
2755 3957 3004 4025 incensi,
3038 3974 3140 4012 eos
3177 3959 3278 4028 qui
3307 3959 3368 4012 in
3402 3961 3655 4015 carceri-

2002 4049 2114 4104 bus
2140 4066 2243 4120 pro
2291 4049 2522 4103 Christo
2579 4048 3021 4116 detinebantur,
3071 4053 3308 4103 sanctos
3357 4054 3654 4120 martyres

2001 4139 2264 4206 adibant,
2299 4140 2502 4209 eisque
2534 4155 2664 4209 quas
2697 4138 2772 4194 ad
2791 4138 3072 4193 tuendam
3104 4139 3282 4194 vitam
3310 4143 3656 4196 necessaria

2001 4233 2188 4294 erant,
2220 4228 2698 4300 suppeditabant.
2734 4227 2982 4283 Profecti
3030 4228 3209 4300 igitur
3242 4228 3301 4282 in
3355 4229 3651 4300 Ciliciam,

1998 4319 2352 4374 Ascalonam
2369 4324 2574 4390 postea
2594 4319 2803 4373 urbem
2827 4319 3173 4391 ingressuri,
3189 4337 3223 4373 a
3249 4324 3434 4390 portaa
3452 4326 3646 4375 custo-

1998 4407 2191 4475 dibus,
2226 4407 2474 4463 barbaro
2505 4408 2812 4462 hominum
2843 4407 3175 4479 agrestique
3198 4424 3434 4479 genere,
3468 4424 3638 4464 com-

1999 4495 2450 4567 prehenduntur
2481 4503 2764 4566 tanquam
2799 4497 3228 4566 proditores,et
3257 4495 3331 4550 ad
3364 4496 3658 4552 Firmilia-

2002 4601 2145 4640 num
2203 4585 2517 4656 praesidem
2572 4583 2839 4649 adducti,
2897 4585 2967 4638 ab
3038 4600 3226 4654 eoque
3287 4585 3653 4657 interrogati,

1999 4673 2365 4728 Christianos
2393 4689 2454 4728 se
2513 4690 2642 4729 esse
2699 4672 2951 4743 professi
3011 4677 3171 4727 sunt.
3206 4673 3400 4738 Quare
3455 4674 3655 4746 ﬂagris

2001 4762 2324 4817 suavissime
2349 4761 2660 4816 caeduntur
2693 4777 2705 4814 :
2740 4767 2798 4815 et
2827 4765 3014 4816 Areus
3045 4761 3286 4831 quidem
3324 4763 3655 4820 innumeris

2000 4851 2260 4923 primum
2280 4852 2590 4905 tormentis
2614 4850 3132 4922 excruciatus,igni
3146 4850 3385 4906 demum
3401 4853 3653 4909 traditus

2001 4938 2273 4994 decessit.
2309 4939 2558 4994 Sanctus
2605 4955 2740 4992 vero
2774 4940 3022 4993 Promus
3067 4939 3334 5010 pluribus
3366 4945 3648 5011 tentatus,

2001 5043 2353 5099 semperque
2384 5028 2445 5081 in
2474 5028 2689 5083 Christi
2726 5028 2841 5083 fide
2865 5033 3165 5095 constans,
3197 5030 3390 5100 capite
3440 5031 3650 5102 plexus

2001 5123 2110 5173 est.
2146 5121 2448 5174 Postremo
2473 5125 2714 5174 sanctus
2772 5118 2929 5173 Elias
2988 5119 3375 5175 multifariam
3435 5127 3646 5190 tortus,

2001 5207 2194 5279 gladio
2217 5214 2275 5264 et
2305 5209 2429 5280 ipse
2461 5209 2652 5279 capite
2691 5208 3084 5264 obtruncatus
3116 5209 3247 5267 fuit.

2639 5388 2861 5442 Eodem
2917 5387 3011 5443 die

2075 5479 2166 5532 ΔΙ
2208 5479 2491 5532 Certamen
2535 5479 2711 5532 sancti
2743 5479 2999 5545 martyris
3031 5478 3300 5531 Timothei
3329 5477 3569 5532 diaconi.

2074 5629 2414 5686 Timotheus
2445 5634 2842 5700 sacromartyr
2895 5629 2956 5684 in
3011 5627 3370 5684 Mauritania)
3403 5627 3642 5696 regione
