4112 6308
402 266 519 326 215

1654 263 2095 324 MENOLOGII
2140 264 2337 327 PARS
2383 264 2462 325 II.

3694 267 3814 327 2M

399 405 584 469 ortus,
616 403 798 470 atque
823 397 894 453 ab
927 396 1196 468 ejusdem
1250 396 1364 451 loci
1425 396 1701 468 episcopo
1760 396 2045 452 diaconus

2196 392 2249 469 ίᾳ
2324 399 2392 471 τῇ
2471 398 2649 472 χώρᾳ’
2712 397 3110 475 ἐχειροτονήθη
3180 396 3238 453 δὶ
3290 397 3438 473 παρᾶ
3484 403 3581 453 τοῦ
3639 396 3813 455 ἐκεῖσε

398 490 559 544 illius
591 488 866 543 Ecclesiae
890 486 1361 550 ordinatus,cum
1393 485 1608 540 Christi
1640 483 1839 552 ﬁdem,
1865 483 2043 540 caelo-

400 595 650 649 rumque
674 593 921 648 regnum
954 576 1243 647 populum
1276 574 1535 640 doceret,
1565 574 1903 645 multosque
1933 574 2046 628 ba-

402 668 617 740 ptizare
628 672 663 733 t,
673 668 1130 735 Graecorumque
1160 681 1422 719 errorem
1441 663 1718 720 falsitatis
1735 663 2016 719 convince
2030 694 2051 707 -

400 754 1042 827 ret,comprehenditur
1055 753 1128 809 ab
1148 753 1463 808 idololatra
1482 751 1739 824 regionis
1753 752 2049 824 praefecto:

399 847 775 916 multumque
806 849 990 900 tortus
1016 849 1075 897 et
1105 843 1565 910 excruciatus,in
1590 859 1885 898 carcerem
1911 860 2052 906 con-

393 936 625 1007 jicitur,
654 934 811 989 fame
844 934 1064 1002 sitique
1096 930 1526 987 conﬁciendus.
1559 934 1822 1003 Cumque
1853 931 2053 987 induci

2154 483 2452 539 ἐπισκόπου
2538 483 2787 548 διάκονος
2863 492 2963 556 τῆς
3044 486 3095 540 ἐν
3144 490 3211 560 τῇ
3272 488 3432 563 χώρᾳ
3488 486 3812 558 ἐκκλησίας.

2163 572 2439 629 Διδάσκων
2476 572 2533 629 δὲ
2586 576 2678 631 τὸν
2738 574 2869 632 λαὸν
2921 576 3018 645 τήν
3077 576 3154 640 εἷς
3204 577 3434 652 Χριστὸν
3490 576 3816 647 πίστιν,καὶ

2160 664 2398 733 τὴντῶν
2432 663 2674 739 οὐρανῶν
2738 663 3042 741 βασιλείαν,
3101 664 3191 720 καὶ
3241 663 3331 721 διὰ
3383 669 3546 721 τοῦτο
3570 664 3818 729 πολλοὺς

2167 752 2465 829 βαπτίζων,
2512 753 2603 808 καὶ
2639 755 2739 821 τὴν
2793 758 2903 808 τῶν
2959 751 3245 825 Ἑλλήνων
3296 754 3510 826 πλάνην
3541 756 3617 819 ὡς
3644 753 3818 830 ψεύδη

2163 835 2505 909 διαϐάλλων,
2559 841 2829 916 ἐκρατήθη
2888 843 3034 917 παρᾶ
3077 847 3175 898 τοῦ
3229 850 3329 913 τῆς
3391 844 3579 919 χώρας
3611 842 3824 919 ἄρχον-

2162 951 2255 993 τος
2288 973 2302 999 ,
2362 926 2771 1006 είδωλολάτρου
2828 928 3022 992 ὄντος.
3057 932 3160 987 Καὶ
3216 929 3406 985 πολλᾶ
3459 931 3825 1005 τιμωρηθεὶς,

401 1023 696 1094 nequiret,
726 1027 812 1089 ut,
860 1022 1093 1076 Christo
1154 1021 1406 1092 ejurato,
1441 1021 1694 1091 impuris
1743 1020 2056 1076 daemoniis

2188 1017 2253 1073 ιαὶ
2317 1017 2674 1093 βασανισθεὶς,
2723 1019 2811 1073 καὶ
2869 1017 2921 1073 ἐν
2971 1018 3239 1093 φυλακαῖς
3298 1018 3699 1091 ἀποκλεισθεὶς,
3731 1019 3824 1074 καὶ

404 1112 786 1178 sacriﬁcaret,
820 1111 883 1165 in
915 1126 1270 1166 succensum
1302 1110 1605 1181 ingentem
1630 1126 1836 1182 rogum
1860 1110 2059 1182 injici-

400 1206 498 1256 tur
525 1217 537 1256 :
572 1200 673 1255 ubi
705 1216 840 1255 cum
872 1199 1195 1268 gratiarum
1220 1196 1453 1253 actione
1476 1197 1835 1268 psallens,et
1855 1214 2059 1266 orans,

404 1289 680 1359 spiritum
703 1288 949 1342 Domino
984 1287 1190 1342 tradit.
1228 1286 1509 1342 Pretiosae
1543 1291 1740 1340 autem
1764 1285 1892 1357 ejus
1923 1285 2061 1340 reli-

405 1377 560 1448 quias
591 1377 652 1431 in
683 1376 813 1447 ipsa
833 1375 1196 1431 Mauritaniae
1218 1375 1458 1447 regione
1478 1391 1512 1430 a
1530 1374 1805 1430 ﬁdelibus
1828 1374 2060 1446 piisque

407 1466 546 1522 viris
578 1465 650 1520 ad
688 1464 937 1538 gloriam
985 1465 1201 1519 Christi
1236 1464 1335 1520 Dei
1368 1464 1555 1519 nostri
1613 1463 1899 1535 depositaa
1930 1463 2060 1518 fue-

410 1560 571 1612 runt.

2171 1105 2324 1180 λιμῷ
2379 1107 2469 1162 καὶ
2521 1105 2663 1181 δίψει
2712 1107 3155 1185 ταλαιπωρηθεὶς
3205 1110 3406 1183 καὶμὴ
3467 1108 3677 1174 πισθεὶς
3713 1111 3822 1183 ἂρ·-

2167 1197 2433 1266 νήσασθαι
2485 1197 2579 1251 τὸν
2630 1197 2861 1272 Χριστὸν
2900 1240 2915 1267 ,
2972 1198 3063 1252 καὶ
3121 1200 3275 1261 θῦσαι
3326 1204 3444 1262 τοῖς
3498 1198 3827 1273 ἀκαθάρτοις

2169 1281 2440 1357 δαίμοσι,
2498 1283 2656 1349 τέλος
2690 1330 2706 1357 ,
2769 1285 3066 1362 γενομένης
3123 1291 3294 1361 πυρᾶς
3373 1287 3631 1364 μεγάλης,
3709 1287 3828 1344 ἐκεῖ

2171 1368 2464 1446 ἐνεϐλήθη·
2549 1378 2718 1441 Ἔνθα
2779 1376 2869 1431 καὶ
2950 1372 3207 1432 εἰσελθὼν
3243 1421 3257 1434 .
3315 1377 3407 1432 καὶ
3485 1377 3830 1453 εὐχαρίστως

2172 1461 2401 1536 ψάλλων
2439 1508 2453 1533 ,
2503 1464 2593 1520 καὶ
2644 1464 3107 1540 προσευχόμενος,
3163 1462 3447 1541 παρέδωκε
3492 1467 3553 1522 τὸ
3609 1471 3832 1540 πνεῦμα

2172 1556 2252 1624 τῷ
2283 1551 2482 1627 Κυρίῳ.
2517 1554 2599 1610 Τὰ
2629 1552 2687 1609 δὲ
2744 1552 3137 1632 ὑπολειφθέντα
3177 1554 3332 1629 τίμια
3378 1555 3611 1631 λείψανα
3661 1557 3832 1612 αὐτοῦ⁹

408 1639 767 1713 κατετέθησαν
798 1640 852 1697 ἐν
884 1640 1018 1715 αὐτῇ
1047 1644 1116 1715 τῇ
1150 1642 1312 1715 χώρᾳ
1357 1639 1749 1714 Μαυριτανίας,
1810 1640 1913 1695 ὑπὸ
1969 1643 2177 1695 πιστῶν
2231 1640 2319 1696 καὶ
2380 1639 2601 1699 ὗλαϐῶν
2659 1640 2888 1719 ἀνδρων,
2947 1642 3026 1706 εἲς
3084 1641 3238 1718 δόξαν
3287 1647 3522 1720 Χριστοῦ
3568 1650 3665 1701 τοῦ
3690 1649 3830 1702 Θεοῦ

412 1736 592 1805 ήμῶἉ

1053 1846 1275 1902 Eodem
1322 1846 1418 1902 die

521 1938 623 1994 42
664 1939 945 1993 Certamen
1001 1939 1177 1992 sancti
1234 1938 1517 2006 Polyeucti
1569 1935 1944 1992 Caesareensis.

483 2099 837 2171 Polyeuctus
869 2102 1093 2169 martyr
1113 2099 1400 2153 Cassareae
1423 2096 1654 2152 claruit.
1688 2096 1855 2161 Quod
1869 2101 2067 2151 autem

417 2188 787 2244 Christianus
820 2187 1420 2257 esset,Christumque
1434 2185 1785 2257 praedicans,
1811 2185 1940 2257 ejus
1953 2185 2069 2240 ﬁde

421 2294 631 2333 omnes
662 2277 974 2343 imbueret,
1007 2277 1328 2347 pluresque
1388 2278 1722 2330 Graecorum
1763 2276 1837 2330 ab
1870 2292 2069 2333 errore

423 2366 498 2423 ad
526 2367 809 2438 pietatem
840 2365 1195 2428 traduceret,
1227 2364 1383 2435 apud
1414 2363 1760 2435 prmfectum
1789 2369 2070 2422 Caesarem

424 2455 754 2523 delatus,ab
786 2473 853 2510 eo
881 2455 1081 2509 missis
1112 2454 1403 2509 militibus
1434 2455 1981 2525 comprehenditur,
2014 2459 2073 2510 et

427 2545 486 2599 in
521 2544 853 2599 custodiam
877 2543 1232 2609 detruditur,
1265 2542 1465 2597 addito
1487 2542 1560 2596 ad
1590 2544 1844 2598 carceris
1883 2549 2074 2599 custo-

424 2634 561 2689 dem
593 2630 894 2700 mandato,
942 2637 1010 2687 ut
1064 2633 1259 2704 ipsum
1315 2638 1473 2686 arcte
1531 2632 1875 2687 custodiret.
1927 2634 2072 2687 Cum

424 2739 559 2778 vero
592 2722 906 2793 praefectus
938 2739 972 2775 a
1023 2720 1278 2792 publicis
1326 2721 1576 2793 negotiis
1623 2726 1877 2791 vacaret,
1909 2721 2075 2777 misit

426 2811 525 2882 qui
553 2816 825 2865 sanctum
853 2827 882 2865 e
912 2826 1146 2864 carcere
1180 2809 1455 2864 eductum
1477 2826 1580 2863 suo
1600 2809 1882 2865 tribunali
1900 2810 2075 2864 siste-

423 2904 515 2954 ret
546 2915 558 2952 :
593 2915 1024 2972 aggressusque
1047 2914 1180 2953 eum
1214 2897 1287 2953 ad
1308 2897 1605 2952 Christum
1631 2898 2075 2970 ejurandum,et

424 2986 599 3041 idolis
632 2986 1089 3042 sacriﬁcandum
1112 2986 1417 3053 inducere,
1442 3003 1578 3041 cum
1609 3002 1850 3058 operam
1872 2985 2071 3058 perdi-

426 3076 627 3143 disset,
656 3077 915 3148 primum
945 3076 1187 3146 quidem
1213 3076 1400 3147 jussit
1446 3081 1634 3131 totum
1665 3076 1828 3132 illius
1858 3092 2074 3147 corpus

426 3165 723 3237 unguibus
744 3165 953 3219 ferreis
985 3165 1547 3231 excarniﬁcari,tum
1563 3165 1771 3220 dentes
1793 3165 1847 3220 ei
1871 3164 2071 3219 evelli:

431 3270 458 3272 Α
484 3269 498 3272 _
518 3257 683 3272 _n_-__
707 3269 722 3272 _
762 3252 813 3272 3.-
865 3268 923 3272 μ--
946 3269 957 3272 -
980 3268 1066 3272 -ᾼ..
1087 3269 1197 3272 ---.-
1245 3252 1293 3272 Ξ..
1316 3269 1407 3272 _,_
1427 3258 1535 3272 n-__
1574 3252 1621 3272 1'-
1639 3268 1733 3272 --Α
1757 3270 1771 3272 -
1792 3269 1867 3272 ___
1908 3251 2072 3272 21I_____

2190 3186 2359 3256 ξέεται
2424 3183 2554 3240 ὅλον
2589 3186 2653 3241 τὸ
2709 3190 2870 3258 σῶμα
2927 3186 3060 3259 μετὰ

429 3257 731 3324 postremo
762 3252 823 3306 in
860 3268 1207 3307 succensam
1240 3252 1542 3324 ingentem
1574 3252 1875 3308 fornacem
1906 3251 2080 3306 illum

431 3339 646 3412 projici
670 3339 801 3396 :ubi
831 3339 1095 3411 gaudens
1125 3345 1182 3394 et
1206 3339 1378 3394 laatus
1405 3339 1679 3410 spiritum
1702 3339 1951 3394 Domino
1966 3344 2087 3394 tra-

436 3428 606 3484 didit.

990 3616 1228 3671 EODEM
1269 3616 1521 3670 MENSE.

1048 3743 1152 3798 Die
1185 3742 1462 3797 vicesima

445 3870 547 3925 4³
580 3871 863 3926 Certamen
894 3872 1233 3925 sacrosancti
1257 3870 1522 3942 martyris
1568 3871 1787 3942 Ignatii
1836 3870 2089 3938 patriar—

897 3942 1011 3996 cha
1041 3940 1356 3996 Antiochiae
1387 3940 1620 4009 magna.

509 4126 794 4196 Trajanus
827 4126 1152 4195 imperator
1178 4130 1454 4196 suscepta
1484 4125 1545 4179 in
1572 4126 1822 4180 Parthos
1846 4124 2090 4195 expedi-

441 4216 622 4279 tione,
654 4231 787 4268 cum
830 4214 894 4268 in
924 4213 1071 4267 urbe
1130 4214 1310 4284 Syriae
1361 4213 1678 4268 Antiochia
1735 4218 2090 4280 versaretur,

446 4306 718 4377 cognovit
748 4305 969 4360 multos
999 4307 1337 4359 Graecorum
1371 4321 1404 4359 a
1433 4310 1636 4359 sancto
1667 4304 1894 4376 Ignatio
1934 4303 2094 4359 Chri-

449 4395 678 4452 stianos
712 4394 1027 4450 ﬁeri.Misit
1057 4396 1285 4465 ergo,et
1304 4392 1759 4463 comprehendit
1780 4398 2003 4461 eum,et
2031 4392 2092 4445 in

451 4500 749 4540 carcerem
781 4482 1066 4538 detrusit:
1090 4497 1223 4536 mox
1258 4498 1288 4536 e
1318 4481 1588 4537 custodia
1617 4481 2094 4541 eductumman-

2090 1849 2142 1912 B

2773 1852 2853 1924 Τῇ
2881 1849 3016 1924 αὖτῆ
3038 1851 3221 1926 ἡμέρᾳ

2179 1934 2447 2009 Ἀθλησις
2530 1942 2626 1994 τοῦ
2675 1936 2830 2014 ἁγίου
2880 1940 3163 2015 ’μάρτυρος
3222 1938 3568 1996 Πολυεύκτου
3621 1944 3719 1995 τοῦ
3772 1939 3831 1994 ἐν

2840 2028 3160 2104 Καισαρείᾳ.

2248 2115 2310 2172 Ὁ
2364 2117 2567 2191 μάρτυς
2657 2115 2997 2179 Πολύευκτος
3084 2118 3330 2193 ὑπῆρχεν
3399 2118 3451 2174 ἐν
3517 2117 3838 2193 Καισαρείᾳο

2178 2204 2503 2277 Χριπιανὸς
2535 2203 2593 2261 δὲ
2647 2202 2746 2275 ὢν,
2806 2208 2896 2262 καὶ
2954 2206 3044 2262 τὸν
3106 2207 3344 2282 Χριστὸν
3401 2208 3840 2284 κηρύττων,καὶ

2179 2295 2383 2355 πάντας
2414 2290 2683 2349 διδάσκων
2713 2296 2813 2364 τὴν
2864 2295 2941 2360 εἷς
2991 2294 3151 2352 αὐτὸν
3212 2298 3415 2368 πίστιν,
3456 2298 3543 2351 καὶ
3577 2293 3844 2360 πολλοὺς

2177 2386 2284 2438 τῶν
2321 2381 2604 2454 Ἐλλήνων
2637 2385 2743 2439 ἀπὸ
2788 2391 2888 2455 τῆς
2942 2384 3153 2456 πλάνης
3214 2385 3547 2461 ἐπιστρέφων
3606 2385 3697 2441 ἐπὶ
3724 2386 3833 2455 τήν

2181 2468 2475 2545 εὐσέϐειαν,
2519 2472 2850 2551 ἐλοιδορήθη
2884 2475 2959 2538 εἰς
3013 2476 3105 2531 τὸν
3163 2474 3401 2552 ἄρχοντα
3454 2483 3556 2547 τῆς
3609 2476 3839 2541 πόλεως

2183 2562 2519 2638 Καισαρείας.
2577 2564 2641 2621 Ὀ
2698 2561 2756 2618 δὲ
2834 2562 3019 2640 ἅρχων
3093 2564 3420 2630 ἀποστείλας
3494 2569 3836 2643 στρατιώτας

2181 2650 2469 2725 ἐκράτησεν
2528 2650 2722 2722 αὐτὸν,
2777 2652 2867 2707 καὶ
2924 2647 3113 2708 ἔϐαλεν
3168 2652 3245 2715 εἷς
3298 2651 3573 2730 φυλακὴν,
3624 2675 3838 2731 παραγ-

2178 2737 2362 2812 γείλας
2389 2744 2470 2812 τῷ
2489 2738 2863 2817 δεσμοφύλακι
2910 2741 3166 2819 ἀσφαλῶς
3221 2747 3406 2815 τηρεῖν
3460 2742 3642 2800 αύτόν.
3698 2748 3838 2802 ’Ότε

2181 2825 2240 2882 δὲ
2268 2827 2582 2903 εόκαίρησεν
2610 2829 2718 2883 ἀπὸ
2745 2832 2853 2883 τῶν
2902 2829 3256 2905 πραγμάτων,
3312 2832 3532 2907 πέμψας
3589 2833 3666 2896 εὶς
3720 2836 3829 2905 τὴν

2182 2918 2431 2997 φυλακὴν
2466 2963 2480 2987 ,
2534 2917 2707 2993 ἤγαγε
2777 2918 2870 2974 τὸν
2928 2919 3080 2995 ἅγιον
3130 2918 3436 2996 ’ἔμπροσθεν
3497 2923 3686 2992 αὐτοῦ,
3735 2928 3834 2982 καὶ

2181 3008 2584 3083 κατηνάγκασεν
2646 3007 2804 3062 αὐτὸν
2885 3009 3214 3081 ἀρνήσασθαι
3269 3011 3361 3065 τὸν
3418 3012 3681 3087 Χριστὸν,
3739 3012 3835 3066 καὶ

2183 3098 2336 3151 θῦσαι
2362 3102 2479 3158 τοῖς
2538 3093 2816 3158 εἰδώλοις.
2870 3097 2931 3154 ’0
2970 3094 3028 3152 δὶ
3062 3099 3136 3171 μή
3197 3098 3454 3163 πεισθεὶς.
3485 3104 3702 3175 πρῶτον
3737 3101 3837 3173 μὶν

3110 3184 3231 3257 σιδη
3242 3192 3351 3261 ρῶν
3409 3188 3647 3264 ὀνύχων.
3706 3190 3840 3246 Εἶτα

2190 3272 2494 3349 ἐκριζοῦται
2523 3272 2652 3338 τοὺς
2708 3272 2950 3338 ὀδόντας·
3010 3276 3098 3330 καὶ
3154 3276 3277 3331 τότε
3330 3280 3632 3352 γενομένης
3662 3275 3835 3351 καμέ-

2189 3384 2283 3418 νου
2318 3362 2580 3437 μεγάλης,
2614 3359 2880 3434 ἐνεϐλήθη
2931 3363 3008 3428 εἰς
3052 3364 3219 3434 αὐτὴν
3273 3367 3512 3441 χαίρων,
3540 3366 3631 3423 καὶ
3661 3365 3835 3444 ἀγαλ-

2191 3451 2425 3526 λόμενος
2455 3451 2545 3507 καὶ
2592 3451 2764 3515 οὕτως
2822 3450 3105 3529 παρέδωκε
3157 3455 3220 3510 τὸ
3269 3459 3482 3529 πνεῦμα
3537 3454 3701 3511 αὐτοῦ
3753 3462 3838 3530 τῷ

2190 3541 2403 3617 Κυρίῳ.

2748 3631 2929 3688 ΜΗΝΙ
2957 3636 3041 3686 ΤΩ
3077 3633 3276 3689 ΑΥΤΩ.

2984 3748 3037 3804 Κ,

2189 3864 2461 3935 ’Ἃθλησις
2489 3867 2590 3920 τοῦ
2626 3864 2781 3941 ἆγίου
2827 3863 3223 3942 ἱερομάρτυρος
3279 3866 3541 3943 Ἰγνατίου
3572 3869 3841 3942 πατριάρ-

2548 3972 2653 4028 χου
2683 3959 2783 4025 τῆς
2836 3953 3085 4030 μεγάλης
3120 3955 3482 4032 ’Δντιοχείας.

2263 4140 2523 4214 Τραϊανὸς
2578 4142 2606 4195 ὁ
2668 4140 2921 4217 βασιλεὺς
2969 4140 3255 4218 ἆπήρχετο
3286 4143 3423 4219 πρὸς
3479 4142 3543 4197 τὸ
3599 4142 3860 4217 πολεμῇ.

2195 4227 2430 4290 σαιτοὺς
2463 4230 2727 4303 Πάρθους.
2786 4230 2883 4284 Καὶ
2944 4228 3298 4305 διερχόμενος
3360 4230 3436 4293 είς
3496 4233 3851 4308 Ἀντιόχειαν

2193 4320 2293 4383 τῆς
2373 4317 2571 4394 Συρίας
2630 4317 2795 4391 ἔμαθε
2879 4319 3002 4392 περὶ
3049 4325 3146 4376 τοῦ
3203 4320 3359 4397 ἁγίου
3415 4322 3696 4396 Ἰγνατίου,
3758 4322 3853 4379 ὅτι

2195 4406 2442 4470 πολλοὺς
2469 4412 2577 4464 τῶν
2635 4406 2920 4480 Ἑλλήνων
2974 4415 3124 4464 ποιεῖ
3163 4410 3543 4487 Χριστιανούς,
3577 4411 3675 4468 Καὶ
3705 4412 3853 4467 ἀπο-

2201 4494 2413 4558 στείλας
2448 4541 2460 4563 ,
2522 4495 2673 4560 εὐθὺς
2730 4496 3018 4572 ἐκράτησεν
3074 4497 3230 4554 αὐτὸν
3270 4542 3283 4568 ,
3337 4499 3428 4555 καὶ
3487 4498 3803 4556 ἀπέκλεισεν
3838 4546 3850 4557 .

454 4575 613 4629 davit
642 4577 886 4628 Romam
918 4571 1182 4643 perduci,
1218 4576 1278 4625 ut
1340 4588 1375 4626 a
1432 4570 1637 4626 bestiis
1697 4570 2075 4625 devoraretur

2208 4584 2333 4641 Εἶτα
2387 4581 2631 4641 ἐκϐαλὼν
2691 4584 3032 4642 κατεδίκασεν
3086 4587 3244 4643 αὐτὸν
3287 4587 3538 4653 ἀπελθεῖν
3596 4589 3672 4652 εἲς
3715 4590 3857 4644 Ῥώ-

451 4666 642 4728 Quare
673 4662 926 4716 decurias
953 4660 1209 4716 militum
1233 4660 1758 4726 traditur,Romam
1786 4659 2098 4730 deportan-

450 4753 596 4808 dus:
630 4768 663 4805 a
695 4750 908 4821 quibus
939 4750 1226 4805 initinere
1258 4752 1516 4821 pessime
1548 4750 2095 4820 acceptusltomam

448 4839 687 4896 tandem
720 4838 1054 4900 adducitur,
1088 4854 1157 4893 ac
1190 4838 1430 4892 Senatui
1463 4838 1712 4893 sistitur.
1746 4840 1820 4892 At
1849 4838 2098 4893 Senatus

444 4929 517 4983 de
550 4927 926 4999 imperatoris
951 4927 1229 4981 mandato
1248 4926 1418 4981 illum
1435 4927 1509 4982 ad
1526 4927 1746 4982 bestias
1775 4926 2093 4982 damnavit.

443 5018 506 5072 ld
537 5021 734 5070 autem
762 5021 821 5069 et
850 5019 1090 5069 sanctus
1123 5019 1448 5084 optaverat,
1483 5016 1670 5070 Deum
1704 5030 1939 5088 rogans,
1971 5020 2038 5069 ut
2066 5030 2100 5069 a

440 5106 645 5163 bestiis
677 5106 1076 5171 devoraretur,
1110 5120 1178 5160 ac
1219 5104 1379 5160 velut
1442 5106 1615 5177 panis
1673 5107 1933 5162 mundus
1980 5108 2098 5162 Deo

441 5200 791 5268 appareret;
818 5194 977 5265 quod
1008 5198 1066 5248 et
1095 5194 1361 5266 contigit.
1394 5195 1527 5249 Fuit
1574 5196 1839 5268 Ignatius
1872 5201 2100 5251 sancto-

442 5305 581 5343 rum
639 5285 1049 5357 apostolorum
1112 5301 1443 5354 successor,
1502 5291 1561 5340 et
1616 5286 1803 5340 sancti
1858 5286 2102 5341 Joannis

454 5375 732 5448 Theologi
760 5373 1106 5445 discipulus.

2207 4695 2334 4747 μην,
2366 4675 2457 4730 ἳνα
2485 4678 2867 4751 καταφάγωσιν
2926 4676 3085 4733 αὐτὸν
3141 4679 3209 4732 τὰ
3259 4678 3440 4754 θηρία.
3498 4682 3657 4744 ’Όθεν
3707 4700 3854 4755 παρ-

2205 4767 2403 4824 έδωκεν
2463 4765 2621 4821 αὐτὸν
2676 4763 2832 4839 ξδὲκα
2888 4766 3279 4842 στρατιώταις,
3332 4767 3423 4821 ἳνα
3503 4767 3853 4843 ἀπαγάγωσιν

2205 4857 2364 4912 αὐτὸν
2401 4854 2475 4914 είς
2504 4855 2749 4927 Ῥώμην·
2784 4854 2978 4917 οἳτινες
3014 4856 3149 4910 κατὰ
3174 4856 3274 4923 τήν
3329 4854 3453 4911 ὁδὸν
3482 4857 3668 4912 πολλὰ
3712 4858 3859 4912 κακά

2206 4943 2529 5017 ἐνεδείξαντο
2588 4942 2663 5005 είς
2721 4941 2904 5002 αὐτόν.
2972 4943 3068 4998 Καὶ
3109 4942 3418 5000 τελευταῖον
3480 4944 3855 5020 ἀπαγαγόντες

2206 5033 2283 5097 εἷς
2337 5034 2553 5108 Ρ’ώμην
2589 5076 2603 5101 ,
2662 5029 2979 5107 παρέδωκαν
3027 5036 3094 5104 τῇ
3153 5032 3465 5108 συγκλήτῳ,
3519 5036 3579 5089 Ἦ
3614 5031 3670 5089 δὲ
3720 5031 3859 5107 σύγ-

2206 5120 2437 5193 κλητος,
2468 5122 2606 5176 κατᾶ
2634 5121 2731 5189 τὴν
2773 5121 2989 5195 γραφὴν
3032 5126 3129 5177 τοῦ
3192 5119 3481 5196 βασιλέως,
3540 5119 3855 5194 παρέδωκεν

2209 5211 2368 5266 αὐτὸν
2424 5211 2657 5285 θηρίοις·
2707 5215 2867 5265 τοῦτο
2923 5212 3023 5287 γάρ
3081 5208 3287 5286 ηὔχετο
3338 5212 3429 5266 καὶ
3486 5212 3514 5266 ὁ
3573 5213 3725 5288 ἅγιος
3754 5211 3864 5267 ὑπὸ

2213 5299 2418 5373 θηρίων
2466 5301 2768 5372 βρωθῆναι,
2825 5298 2917 5353 ἳνα
2973 5299 3047 5361 ὡς
3096 5297 3258 5373 ἄρτος
3307 5300 3543 5376 καθαρὸς
3581 5303 3721 5375 φανῇ
3778 5303 3863 5373 τῷ

2210 5393 2349 5461 Θεῷ.
2406 5390 2575 5461 Ὅπερ
2633 5388 2723 5443 καὶ
2774 5388 3019 5463 γὲγονεν.
3087 5393 3183 5443 Ἦν
3236 5386 3294 5444 δὶ
3333 5386 3647 5462 διάδοχοςὸ
3705 5389 3861 5461 ἅγιος

2221 5483 2331 5533 τῶν
2364 5478 2531 5553 ἁγίων
2564 5476 2911 5550 ἀποστόλων,
2971 5479 3221 5552 μαθητὴς
3248 5478 3346 5533 τοῦ
3398 5479 3559 5554 ἁγίου
3615 5475 3871 5535 Ἰωάννου

2206 5571 2304 5624 τοῦ
2351 5566 2643 5646 Θεολόγου.
