4112 6308
231 339 311 397 217
1744 345 1966 408 ΒΕΟΕᾹ

2083 348 2196 406 ER.
3605 353 3723 411 218

894 484 994 554 Τῇ
1032 482 1172 556 αὐτῇ
1197 483 1378 557 ἡμέρᾳ

2715 479 2929 534 Eodem
2961 478 3074 534 die.

327 587 630 657 ’Ᾱθλτισις
669 595 818 648 τῶν
863 595 1067 672 ἁγίων
1104 617 1386 674 μαρτυρων
1416 595 1702 672 Εὐγενίου,
1733 594 1822 649 καὶ

2155 602 2255 652 44
2287 599 2571 651 Certamen
2602 605 2912 674 sanctoram
2963 604 3268 674 martyrum
3316 601 3571 670 Eugenii,
3605 611 3654 656 et

975 671 1293 744 Μακαρίουζ
1512 671 1517 672 ⁷

2786 671 3019 723 Macarii

275 771 396 825 Ἐπῖ
450 778 565 835 τῆς
665 775 1020 850 βασιλείας
1106 779 1405 836 Ἰουλιανοῦ
1474 783 1572 834 τοῦ
1642 772 1963 854 Παραϐἀτου

229 859 379 928 illiw
417 861 583 915 οὗτοι
625 864 694 916 οἱ
756 865 974 940 ἆγιοι,
1039 871 1126 923 καὶ
1187 865 1411 937 ἔστησαν
1445 862 1746 943 ἔμπροσθεν
1775 864 1962 936 αὐτοῦ,

238 950 313 1005 χαὶ
367 951 523 1004 εἶπον
599 952 800 1027 αὖτῷ’
879 953 1245 1014 Ἀσεῦέστατε
1300 958 1389 1010 καὶ
1447 957 1747 1028 παράνομα,
1779 952 1868 1009 διὰ
1911 954 1962 1007 τί

246 1040 522 1102 ιιτὲλιπες
585 1043 691 1096 τὸν
768 1045 1065 1116 ἀληθινὸν
1129 1047 1282 1112 Θεὸν,
1335 1047 1425 1100 καὶ
1484 1043 1793 1116 προσῆλθες
1844 1048 1962 1104 τοῖς

261 1132 570 1206 iamiam:
606 1131 950 1209 δαίμοσινς
985 1139 1049 1195 Ὀ
1099 1135 1156 1192 δὲ
1202 1136 1540 1213 πικρανθεὶς,
1574 1130 1822 1190 ἐνέϐαλεν
1856 1134 1960 1188 αὐ-

272 1223 382 1285 τους
413 1222 490 1286 εἷς
514 1222 774 1295 λάκκον,
811 1225 966 1280 ὅπου
1025 1227 1162 1296 ἦσαν
1225 1226 1424 1298 ἑρπετὰ
1459 1223 1668 1290 πολλὰ,
1699 1219 1848 1300 ὄφεις
1871 1220 1960 1276 καὶ

2147 788 2480 857 Imperante
2508 784 2738 839 Juliano
2774 787 3074 856 Apostata,
3099 792 3390 842 venerunt
3421 789 3477 842 hi
3513 791 3723 858 sancti,

2079 881 2134 928 et
2164 891 2359 928 coram
2390 874 2491 927 illo
2533 879 2758 928 stantes
2818 873 3128 928 dixerunt:
3191 876 3372 946 lmpie
3407 882 3463 930 et
3495 878 3722 948 inique,

2077 981 2181 1019 cur
2210 979 2409 1017 verum
2447 965 2626 1016 Deum
2659 963 2996 1029 deseruisti,
3022 964 3174 1018 etad
3207 965 3472 1036 impuros
3504 967 3725 1022 daemo-

2078 1070 2182 1108 nes
2217 1059 2268 1107 te
2291 1052 2614 1122 adjunxisti
2634 1053 2659 1106 ?
2679 1053 2901 1118 Quibus
2928 1053 3118 1107 verbis
3147 1053 3246 1107 ille
3269 1057 3723 1126 excandescens,

2078 1144 2138 1197 in
2172 1143 2366 1197 lacum
2397 1160 2498 1197 eos
2530 1143 2737 1214 projici
2763 1143 2962 1213 jussit,
2998 1144 3202 1199 multis
3251 1149 3626 1217 serpentibus
3658 1165 3725 1203 ac

2075 1231 2250 1284 variis
2278 1230 2538 1285 ferarum
2587 1230 2895 1300 speciebus
2945 1230 3209 1301 plenum.
3263 1233 3370 1286 Sed
3421 1251 3555 1288 cum
3586 1234 3724 1289 inde

283 1313 572 1384 παῦληκες,
621 1317 722 1368 καὶ
780 1313 969 1370 λοιπὰ
1009 1313 1126 1385 εἶ’δη
1161 1315 1390 1388 θηρίων.
1425 1313 1521 1368 Καὶ
1556 1311 1962 1390 διαφυλαχθένη

283 1425 362 1465 τας
411 1403 462 1473 ἐξ
519 1404 713 1458 αὐτῶν
779 1399 1078 1474 ἀϐλαϐεῖς,
1161 1402 1414 1476 δεσμίους
1473 1404 1822 1475 παρέπεμψεν
1885 1399 1959 1462 εἰς

289 1495 373 1561 τὴν
433 1493 626 1568 χώραν
690 1500 803 1563 τῆς
859 1494 1232 1566 Μαυριτανίας
1293 1492 1367 1553 εἰς
1435 1488 1600 1546 πόλιν
1659 1489 1963 1565 λεγομένην

294 1579 610 1652 ’Δνδηδὸνα.
647 1581 842 1637 Ἀλλὰ
898 1582 1031 1644 τοὺς
1087 1582 1139 1638 ἐν
1196 1585 1265 1655 τῇ
1319 1580 1481 1636 πόλει
1538 1579 1710 1650 ἐκείνῃ
1749 1579 1960 1650 ἀνθρώ-

301 1693 417 1734 πους
459 1669 890 1745 εἶδωλολὰτρας
952 1667 1109 1732 ὄντας
1161 1668 1650 1744 καταφωτίσαντες,
1708 1669 1800 1722 καὶ
1832 1667 1958 1721 διά-

301 1781 428 1836 φορα
483 1762 831 1830 ποιήσαντες
891 1759 1160 1832 Θαύματα,
1209 1759 1298 1813 καὶ
1359 1757 1589 1833 ἔσχατον
1629 1757 1843 1810 πάντων
1870 1755 1961 1838 Iov

2077 1318 2249 1373 illaesi
2277 1321 2623 1384 evasissent,
2678 1321 2899 1373 vinctos
2933 1319 2990 1373 in
3023 1321 3325 1390 regionem
3360 1324 3725 1377 Mauritania)

2077 1409 2360 1480 relegavit
2391 1409 2450 1462 in
2485 1409 2689 1463 urbem
2720 1407 3096 1463 Andedonem
3126 1427 3137 1462 :
3164 1411 3262 1463 ubi
3291 1411 3516 1466 incolas
3550 1412 3740 1466 idolo-

2078 1498 2260 1554 latras
2304 1499 2744 1564 illuminarunt,
2791 1500 3022 1554 diversa
3070 1501 3360 1555 miracula
3392 1507 3734 1572 patrantes:

2078 1605 2144 1643 ac
2189 1589 2507 1643 novissime
2541 1588 2884 1655 draconem,
2936 1590 3036 1660 qui
3087 1590 3149 1644 in
3200 1596 3401 1646 monte
3434 1592 3731 1662 manebat,

2082 1677 2406 1747 multisque
2429 1677 2712 1731 damnum
2740 1677 3050 1739 inferebat,
3069 1680 3342 1748 precibus
3365 1680 3734 1735 interficien-

2085 1771 2194 1832 tes,
2228 1765 2564 1836 complures
2595 1764 2669 1819 ad
2699 1765 2912 1819 Christi
2963 1765 3140 1820 ﬁdem
3183 1767 3592 1824 traduxerunt.
3626 1772 3736 1824 Po-

295 1849 440 1920 ἐντῷ
486 1845 607 1924 ὄρει
638 1849 1022 1922 καταμένοντα
1080 1846 1370 1924 δράκοντα,
1423 1847 1514 1900 καὶ
1570 1843 1816 1906 πολλοὺς
1871 1865 1966 1898 κα-

2083 1858 2300 1907 stremo
2359 1852 2620 1922 quietam
2682 1857 2738 1906 et
2797 1853 3181 1923 tranquillam
3213 1855 3388 1910 vitam
3431 1855 3732 1928 degentes,

295 1934 712 2008 ταόλάπτοντα,
792 1935 884 1992 διὰ
955 1941 1270 2012 προσευχῆς
1329 1934 1764 2003 ἀποκτείναντες,
1824 1931 1968 1988 πολ-

296 2027 420 2090 λοὺς
480 2025 709 2082 ἔπεισαν
765 2030 1043 2081 πιστεῦσαι
1100 2030 1178 2097 τῷ
1239 2029 1477 2099 Χριστῷ.
1539 2025 1672 2080 Είτα
1713 2022 1765 2077 ἐν
1792 2021 1967 2076 ἀνέσει

298 2113 604 2189 διάγοντες,
663 2115 804 2168 κατὰ
865 2111 1158 2189 διαφόρους
1214 2112 1460 2188 καιροὺς,
1519 2111 1572 2166 ἐν
1625 2111 1816 2184 εἰρήνῃ
1872 2111 1968 2171 τὰς

296 2205 470 2260 αὐτῶν
526 2201 858 2278 παρέδωκαν
912 2202 1116 2277 ψυχὰς,
1177 2197 1548 2263 ἀπολαϐόντες
1578 2201 1671 2255 τὸν
1706 2200 1838 2274 ὑπὶρ
1869 2206 1967 2269 τῆς

297 2295 608 2368 ὁμολογίας
638 2297 743 2349 τοῦ
774 2296 1014 2368 Χριστοῦ
1044 2291 1324 2368 στέφανον.

903 2411 989 2482 Τῇ
1020 2406 1157 2481 αὐτῇ
1187 2407 1370 2484 ἡμέρᾳ

437 2527 723 2596 ἈΘΛησις
778 2528 875 2578 τοῦ
933 2523 1091 2599 ἁγίου
1154 2525 1426 2598 μάρτυρος
1477 2521 1816 2602 Βονιφατίου.

368 2644 539 2705 Οὗτος
601 2640 692 2695 ἐπὶ
748 2647 848 2708 τῆς
934 2639 1209 2714 βασιλείας
1293 2638 1690 2709 Διοκλητιανοῦ
1769 2635 1967 2700 δοῦλος

308 2732 525 2805 ὑπῆρχε
566 2730 833 2804 γυναικός
881 2749 1030 2790 τινος
1079 2726 1305 2798 ὀνόματι
1354 2724 1668 2802 Ἀγλαΐδοςν
1702 2727 1965 2800 θυγατρὸς

307 2820 556 2877 ’Δῑακίου
615 2823 715 2872 τοῦ
772 2818 1086 2872 ἀνθυπάτου
1142 2815 1382 2888 Ῥώμης.
1441 2823 1630 2889 ’Ὁμως
1679 2813 1736 2870 δὲ
1768 2813 1967 2876 δοῦλος

316 2906 414 2977 ὧν,
463 2913 530 2981 τῇ
586 2907 753 2982 κυρίᾳ
805 2907 971 2961 αὐτοῦ
1053 2907 1425 2982 συνεφθείρετο
1504 2904 1578 2966 εἷς
1644 2906 1964 2977 σωματικὴν

311 2997 475 3068 μίξιν.
506 2999 606 3052 Ἢν
665 2993 726 3050 δὲ
785 2996 1038 3066 μέθυσος,
1099 2994 1243 3049 ἀλλὰ
1299 2994 1576 3066 ἐλεήμων·
1633 2993 1842 3066 ὁμοίως
1875 2993 1964 3049 καὶ

301 3089 334 3154 ἠ
366 3087 526 3158 κυρία
559 3084 731 3139 αὐτοῦ
764 3084 852 3138 καὶ
886 3083 1139 3154 ἐλεήμων
1201 3083 1290 3137 καὶ
1347 3082 1712 3160 φιλομάρτυς.
1748 3084 1835 3138 Ἐν
1868 3083 1965 3154 μέᾷ

299 3175 388 3230 οὖν
441 3180 554 3228 τῶν
617 3177 842 3248 ἡμερῶν
904 3175 1023 3227 εἷπε
1096 3177 1174 3244 τῷ
1235 3173 1564 3243 Βονιφατίῳ·
1627 3170 1689 3227 Εἰ
1745 3169 1956 3240 ἤθελες,

298 3265 444 3339 εἶχες
485 3261 746 3326 ἀπελθεῖι
776 3262 852 3322 εἷς
909 3263 1008 3328 τὴν
1072 3260 1387 3329 Ἀνατολὴν,
1422 3261 1558 3314 ὃπου
1593 3263 1956 3332 μαρτυροῦσιν

301 3356 352 3407 οἳ
382 3356 555 3429 ἅγιοι,
590 3352 679 3404 καὶ
712 3350 937 3424 κομίσαι
970 3348 1200 3420 λείψανα
1231 3349 1424 3423 ἁγίων,
1454 3348 1545 3402 ἳνα
1574 3347 1790 3422 ἔχωμεν
1835 3347 1969 3402 αὐτὰ

301 3447 374 3507 εἷς
407 3445 662 3520 ψυχικὴν
721 3444 1020 3519 σωτηρίαν,
1078 3443 1140 3498 Ὀ
1197 3440 1254 3496 δὲ
1312 3441 1634 3512 Βονιφᾶτιος
1686 3438 1861 3512 λέγων
1895 3441 1966 3494 εῖ-

301 3553 416 3590 πενο
451 3535 581 3590 Ἐὰν
617 3533 764 3607 φέρω
793 3532 854 3586 τὸ
886 3531 1019 3603 ἐμὸν
1055 3529 1330 3602 λείψανον,
1356 3529 1410 3583 τί
1441 3550 1453 3598 ;
1485 3531 1548 3585 Ἡ
1583 3526 1641 3583 δὶ
1677 3525 1966 3603 γελάσασα,

301 3625 389 3679 καὶ
450 3623 692 3697 μέθυσον
745 3620 902 3675 αὐτὸν
965 3619 1215 3692 εἰποῦσα,
1274 3617 1578 3676 ἀπέστειλε.
1637 3618 1744 3674 Καὶ
1796 3616 1966 3672 ἀπελ-

302 3714 407 3768 θὼν
445 3713 592 3786 μετὰ
651 3707 865 3765 δούλων
924 3705 1157 3779 δώδεκα,
1214 3708 1304 3762 καὶ
1354 3707 1586 3784 χρυσίου
1643 3705 1861 3762 πολλοῦ
1890 3705 1968 3769 εἷς

305 3800 584 3869 Κιλικίαν,
617 3797 757 3853 ὅπου
789 3791 1170 3866 ἐϐασανίζοντο
1229 3797 1286 3850 οἱ
1343 3796 1515 3870 ἅγιοι,
1547 3789 1674 3866 ἔστη
1725 3791 1966 3868 ἔμπροσ-

299 3901 382 3952 Θεν
414 3893 519 3942 τοῦ
548 3887 853 3963 ἡγεμόνος,
911 3884 1001 3939 καὶ
1063 3883 1398 3958 ὡμολόγησε
1454 3885 1545 3938 τὸν
1581 3885 1837 3959 Χριστόν.
1869 3882 1967 3937 Καὶ

300 3975 671 4044 Βισανισθεῖς,
733 3975 1162 4052 ἀπεκεφαλίσθη.
1221 3975 1296 4032 Τὸ
1381 3971 1439 4028 δὲ
1497 3973 1749 4048 λείψανον
1802 3973 1968 4028 αὐτοῦ

303 4066 670 4140 ὂνακομισθέν
724 4065 871 4139 παρὰ
924 4068 1032 4118 τῶν
1111 4061 1423 4118 συνδούλων
1477 4061 1668 4134 αὐτοῦ,
1724 4059 1964 4131 ἀπεδόθη

301 4161 368 4230 τῇ
397 4156 561 4232 κυρίᾳ
592 4153 784 4225 αὐτοῦ,
816 4153 905 4206 καὶ
937 4153 1108 4230 ἐτάφη
1142 4153 1268 4227 παρ’
1299 4151 1466 4221 αὐτῆς
1497 4149 1753 4224 ἐντίμως.

875 4267 1049 4326 ΜΗΝΙ
1080 4269 1170 4324 ΤΩ
1209 4269 1404 4325 ΑΥΤΩ.

511 4474 788 4543 ’Λθλησις
816 4479 913 4543 τῆς
946 4386 1410 4547 ἀγίαςΚεῖάρτυρος
1457 4471 1758 4540 Ιουλιανῆς.

373 4589 661 4657 Ἰουλιανή
721 4591 757 4658 ἡ
818 4590 1022 4663 μάρτυς
1080 4587 1326 4663 ὑπῆρχεν
1381 4587 1467 4640 ἐπὶ
1501 4589 1842 4659 Μαξιμιανοῦ
1872 4591 1968 4641 τοῦ
2002 4574 2044 4636 D

310 4681 608 4754 βασιλέως,
662 4677 772 4750 ἀμὸ
828 4684 926 4746 τῆς
981 4675 1196 4739 πόλεως
1257 4673 1646 4748 Νικομηδείας.
1681 4675 1967 4730 Πλουσίων

308 4769 362 4824 δὲ
420 4766 600 4823 ὄντων
656 4771 764 4820 τῶν
825 4767 1029 4839 γονέων
1090 4765 1279 4835 αὐτῆς,
1337 4765 1676 4837 ἐμνηστεύθη
1711 4764 1974 4838 Ἐλευσίῳ

307 4864 382 4929 τῷ
439 4855 823 4932 συγκλητικῷ,
879 4856 1026 4916 ὅστις
1083 4849 1342 4908 ἐϐούλετο
1396 4857 1618 4919 ποιῆσαι
1651 4854 1742 4908 τὸν
1774 4855 1970 4927 γάμον.

306 4948 471 5005 Ἀλλ’
503 4951 538 5016 ἡ
576 4945 700 5021 ἂγία
755 4944 815 4999 οὐ
875 4942 1215 5016 κατεδέξατο,
1267 4945 1510 5010 εἰποῦσα,
1544 4945 1668 5000 Ἐὰν
1705 4946 1780 5016 μὴ
1812 4945 1966 5018 γένηυ

306 5060 390 5092 ται
451 5045 556 5105 τῆς
617 5033 833 5094 πόλεως
891 5028 1160 5108 ἔπαρχος,
1217 5031 1383 5107 ἄνδρα
1442 5034 1601 5088 αὐτὸν
1685 5033 1782 5087 οὐκ
1834 5031 1969 5107 ἔχω.

306 5127 484 5185 Ἀλλὰ
540 5125 634 5178 καὶ
688 5123 888 5177 τούτου
945 5121 1264 5196 γενομένου,
1322 5121 1486 5176 πάλιν
1533 5123 1698 5189 εἶπεν,
1732 5123 1812 5176 ὅτι
1846 5122 1970 5178 Ἐὰν

309 5218 382 5288 μή
437 5217 666 5289 γένηται
729 5210 1075 5285 Χριστιανὸς,
1133 5211 1196 5265 οὐ
1257 5207 1525 5283 λαμϐάνω
1557 5211 1741 5268 αὐτόν.
1775 5210 1938 5266 Ἀκοῦ

305 5331 395 5369 σας
456 5304 515 5360 δὲ
571 5309 745 5358 ταῦτα
802 5303 832 5356 ὁ
888 5303 1069 5373 πατὴρ
1129 5302 1320 5370 αὐτῆς,
1381 5302 1652 5372 ἐλυπήθη,
1708 5300 1796 5356 καὶ
1845 5322 1970 5354 κατ-

304 5397 579 5472 ηνάγκασε
638 5390 855 5466 μᾶλλον
932 5388 1098 5457 αὐτὴν
1177 5392 1508 5464 ἀρνήσασθαι
1564 5392 1655 5444 τὸν
1716 5391 1970 5463 Χριστὸν,

303 5492 385 5545 καὶ
420 5483 614 5543 λαϐεῖν
645 5486 738 5539 τὸν
781 5479 954 5556 ἄνδρα
1012 5480 1199 5550 αὐτῆς.
1260 5483 1348 5545 Ὠς
1407 5480 1463 5536 δὲ
1495 5482 1592 5536 οὐκ
1623 5479 1821 5548 ἔπεισε,
1850 5475 1973 5534 τότε

303 5575 586 5653 παρέδωκε
639 5573 780 5630 κατά
834 5571 965 5633 τοὺς
1021 5570 1224 5641 νόμους
1281 5569 1355 5632 εἰς
1413 5569 1646 5641 ἐξέτασιν
1679 5569 1766 5622 καὶ
1804 5569 1968 5643 βάτα.

307 5690 394 5725 νον
447 5671 529 5741 τῷ
587 5664 870 5740 μνηστῆρι
927 5657 1124 5729 αὐτῆς,
1179 5657 1268 5714 καὶ
1326 5658 1578 5735 ἐπάρχῳ,
1610 5659 1672 5716 Ὀ
1718 5655 1776 5714 δὲ
1805 5655 1969 5733 ἔπαρ.

2080 1941 2329 1996 diversis
2361 1941 2727 2011 temporibus
2785 1941 2846 1995 in
2900 1959 3042 2012 pace
3100 1943 3332 1999 animas
3374 1961 3510 2000 suas
3551 1945 3737 2001 tradi-

2080 2025 2317 2093 derunt,
2350 2042 2631 2082 coronam
2663 2044 2767 2098 pro
2800 2028 3014 2082 Christi
3044 2030 3417 2086 confessione
3448 2032 3734 2102 recipien-

2079 2119 2188 2169 tes.

2729 2411 2947 2467 Eodem
2980 2413 3074 2467 die

2283 2529 2376 2585 45
2415 2531 2698 2583 Certamen
2722 2529 2904 2584 sancti
2931 2531 3192 2599 martyris
3225 2531 3526 2598 Bonifacii.

2153 2645 2273 2712 Hic,
2310 2645 2672 2698 Diocletiano
2706 2645 3085 2715 imperatore,
3121 2664 3321 2701 servus
3353 2647 3612 2717 Aglaidis
3645 2648 3720 2701 ﬁ-

2077 2733 2171 2787 lim
2202 2734 2396 2787 Acacii
2425 2735 2798 2804 proconsulis
2831 2737 3029 2789 Roma:
3084 2736 3214 2802 fuit,
3246 2736 3543 2807 simulque
3573 2738 3729 2791 hera}

2078 2839 2198 2876 sua)
2231 2821 2659 2876 consuetudine
2682 2823 3140 2893 concubituque,
3167 2823 3326 2878 velut
3347 2825 3733 2892 ebrius,frue-

2075 2910 2266 2964 batur.
2303 2912 2485 2964 Erant
2516 2916 2713 2965 tamen
2747 2911 2920 2964 ambo
2953 2911 3150 2965 animo
3179 2912 3238 2965 in
3270 2929 3558 2982 pauperes
3590 2932 3726 2984 pro-

2075 2998 2433 3069 pensissimo
2460 3019 2474 3064 ;
2507 3014 2574 3053 ac
2606 2999 2934 3068 praesertim
2957 2999 3152 3070 Aglais
3175 3017 3407 3054 summo
3439 3007 3729 3072 martyres

2075 3103 2277 3142 amore
2308 3087 2796 3158 prosequebatur.
2830 3087 3092 3152 Quadam
3123 3089 3299 3160 igitur
3325 3089 3418 3143 die
3451 3089 3600 3144 dixit
3630 3092 3732 3144 Bo-

2021 3215 2038 3235 ι
2083 3176 2318 3245 nifacio,
2351 3181 2436 3243 ut,
2468 3177 2515 3231 si
2548 3177 2630 3230 ita
2661 3177 2980 3244 videretur,
3032 3178 3147 3232 iret
3187 3178 3247 3232 in
3280 3177 3601 3244 Orientem,
3630 3164 3730 3234 ubi

2084 3265 2270 3320 sancti
2303 3265 2652 3335 martyrium
2677 3265 3238 3336 subibant,indeque
3269 3274 3608 3324 sanctorum
3643 3287 3735 3324 re-

2075 3354 2293 3425 liquias
2324 3355 2600 3422 deferret,
2629 3372 2776 3425 quas
2812 3356 2968 3426 apud
3017 3373 3078 3410 se
3129 3357 3202 3411 ad
3233 3358 3446 3412 animm
3481 3359 3729 3413 salutem

2078 3445 2380 3498 retineret.
2412 3444 2514 3498 Cui
2550 3444 2887 3498 Bonifacius
2915 3461 2927 3497 :
2952 3445 3099 3508 Quid
3123 3445 3150 3500 ?
3177 3446 3223 3499 si
3249 3464 3409 3501 meas
3432 3447 3556 3517 ipse
3589 3449 3730 3502 reli-

2077 3533 2246 3603 quias
2263 3531 2566 3587 deferam?
2587 3533 2735 3588 Risit
2756 3533 2829 3587 ad
2852 3533 2977 3587 hinc
2998 3534 3476 3605 Aglais,eumque
3500 3535 3724 3589 ebrium

2078 3621 2448 3692 compellans
2471 3621 2716 3675 dimisit.
2733 3620 2838 3675 Ille
2857 3621 3036 3691 igitur
3052 3637 3187 3675 cum
3210 3621 3523 3677 duodecim
3547 3623 3730 3678 servis

2079 3709 2387 3779 multoque
2412 3725 2556 3763 auro
2583 3709 2643 3762 in
2665 3707 2931 3763 Ciliciam
2951 3708 3268 3778 profectus,
3283 3709 3384 3763 ubi
3404 3711 3591 3764 sancti
3618 3716 3732 3764 tor-

2077 3797 2434 3869 quebantur,
2487 3798 2642 3852 ultro
2703 3813 2764 3852 se
2823 3797 3100 3868 preafecto
3159 3798 3398 3864 sistens,
3431 3800 3729 3854 Christum

2077 3886 2376 3957 professus
2408 3891 2515 3940 est.
2568 3887 2757 3950 Quare
2814 3885 3196 3941 acerbissime
3228 3892 3438 3953 tortus,
3470 3887 3728 3944 decolla-

2077 3980 2205 4028 tur:
2239 3974 2410 4044 cujus
2441 3973 2710 4044 reliquiaa
2767 3973 2839 4029 ab
2891 3974 3019 4046 ejus
3070 3976 3368 4030 conservis
3400 3977 3726 4046 translatae,

2077 4063 2452 4133 dominaeque
2503 4063 2690 4133 ipsius
2731 4063 2981 4130 traditas,
3029 4064 3356 4120 honoriﬁce
3404 4065 3477 4120 ab
3517 4065 3724 4121 eadem

2079 4153 2325 4224 sepultae
2357 4158 2514 4208 sunt.

2637 4269 2876 4324 EODEM
2917 4270 3165 4324 MENSE.

2577 4384 2680 4437 Die
2725 4385 3002 4440 vicesima
3041 4386 3234 4456 prima

2289 4475 2390 4529 46
2422 4478 2704 4529 Certa-men
2734 4481 2933 4529 sanctae
2968 4477 3226 4544 martyris
3253 4476 3507 4529 Iulianum

2146 4589 2378 4643 Juliana
2406 4595 2650 4658 martyr,
2684 4588 3032 4643 Maximiano
3064 4589 3440 4658 imperatore,
3475 4606 3546 4643 ex
3576 4589 3719 4644 urbe

2082 4678 2420 4732 Nicomedia
2448 4677 2577 4742 fuit,
2603 4676 2998 4747 locupletibus
3023 4677 3368 4747 parentibus
3395 4684 3551 4732 nata.
3577 4680 3721 4733 Cum

2082 4773 2278 4822 autem
2297 4765 2530 4820 Eleusio
2549 4766 2828 4819 senatorii
2849 4765 3075 4818 ordinis
3094 4766 3216 4819 viro
3236 4766 3530 4836 desponsa
3548 4773 3723 4835 esset,

2073 4858 2320 4928 jamque
2351 4854 2570 4925 nuptiae
2598 4871 2631 4909 a
2653 4871 2868 4924 sponso
2893 4853 3345 4922 adornarentur,
3365 4856 3598 4912 Juliana
3630 4874 3728 4911 nec

2082 4945 2255 5017 gabat
2285 4961 2345 4998 se
2377 4960 2511 4997 eum
2541 4942 2710 5009 velle,
2747 4943 2859 4996 nisi
2893 4943 3054 4997 urbis
3088 4944 3501 5014 praefecturam
3533 4946 3724 5018 adipi-

2083 5039 2347 5089 sceretur
2371 5048 2384 5087 :
2417 5049 2594 5103 quam
2625 5049 2759 5088 cum
2783 5032 2884 5087 ille
2908 5039 3216 5090 assecutus
3238 5040 3626 5104 esset,rursus
3647 5036 3730 5092 ait

2079 5123 2350 5177 Juliana:
2385 5121 2504 5176 Nisi
2536 5122 2904 5176 Christianus
2939 5123 3056 5190 ﬁat,
3093 5140 3186 5178 me
3218 5141 3596 5196 nequaquam
3629 5125 3734 5180 du-

2083 5218 2176 5267 cet
2203 5227 2468 5266 uxorem.
2521 5211 2916 5276 Quamobrem
2975 5218 3142 5283 pater
3197 5214 3256 5267 id
3304 5231 3457 5283 aegre
3509 5215 3728 5283 ferens,

2083 5302 2259 5372 coepit
2283 5300 2600 5355 sollicitare
2633 5300 2839 5368 filiam,
2882 5306 2946 5354 ut
3004 5319 3037 5356 a
3090 5303 3320 5358 Christo
3352 5303 3728 5370 descisceret,

2082 5392 2320 5460 viroque
2355 5407 2460 5445 suo
2491 5390 2762 5445 nuberet.
2818 5393 3204 5446 Becusantem
3248 5393 3488 5447 tradidit
3513 5410 3729 5463 sponso

2082 5497 2187 5534 suo
2219 5485 2278 5534 et
2306 5478 2602 5550 praefecto,
2628 5483 2692 5531 ut
2711 5495 2780 5532 ex
2806 5477 3030 5550 legibus
3053 5481 3364 5550 quaestioni
3393 5482 3730 5536 tormentis-

2082 5585 2195 5640 que
2226 5569 2636 5640 subjiceretur.
2662 5567 2980 5622 Praefectus
3011 5567 3187 5636 igitur
3218 5574 3404 5625 totum
3437 5570 3565 5640 ejus
3596 5585 3724 5624 cor-

2081 5674 2192 5729 pus
2222 5675 2251 5714 e
2285 5657 2517 5728 capillis
2544 5671 2902 5727 suspensum
2921 5655 3170 5714 lacerari
3184 5657 3388 5728 jussit,
3415 5665 3730 5728 cutemque
