4114 6306
349 346 466 404 219

1687 341 2101 405 ΜΕΝΟΕΟΟΗ
2148 341 2350 400 PARS
2394 341 2474 402 ΙΙ.

3633 338 3778 401 220

349 476 559 548 capitis
583 476 850 532 detrahi:
879 494 1011 532 mox
1036 477 1200 533 illam
1223 479 1283 533 in
1307 479 1504 551 ignem
1527 479 1691 551 injici
1717 497 1732 546 ;
1759 477 1999 532 demum

2118 489 2214 544 χος
2247 467 2414 540 ἔξεσεν
2446 469 2575 525 ὅλον
2605 468 2667 524 τὸ
2698 474 2855 542 σῶμα
2887 468 3074 538 αὐτῆς,
3133 468 3224 523 καὶ
3283 468 3389 524 ἀπὸ
3415 473 3520 523 τῶν
3553 475 3773 545 τριχῶν

351 568 631 622 decollari
659 585 795 624 cum
818 569 1022 624 multis
1045 570 1306 641 aliis,qui
1327 571 1455 641 ejus
1474 587 1651 626 causa
1669 569 1847 625 ﬁdem
1871 584 1998 623 sus-

354 663 658 728 ceperant.

989 837 1206 891 Eodcm
1267 837 1362 891 die

494 957 589 1009 47
632 953 913 1009 Certamen
943 956 1122 1008 sancti
1164 955 1424 1024 martyris
1474 954 1861 1008 Themistoclis.

425 1071 675 1126 Sanctus
707 1069 817 1124 iste
843 1069 1288 1137 Themistocles,
1320 1071 1495 1124 Decio
1528 1071 1904 1140 imperatore,
1939 1084 2009 1122 ex

356 1161 596 1232 regione
621 1161 828 1232 Lyciae,
853 1175 986 1214 oves
1013 1160 1293 1230 pascebat
1322 1161 1381 1214 in
1413 1177 1481 1214 eo
1507 1165 1730 1225 monte,
1754 1159 1852 1213 ubi
1874 1175 2008 1229 per-

358 1249 682 1304 secutionis
712 1249 963 1303 vitandas
991 1265 1171 1304 causa
1199 1254 1436 1304 sanctus
1468 1247 1836 1304 Dioscorides
1863 1248 2013 1301 late—

351 1338 474 1394 bat.
508 1339 772 1408 Cumque
803 1337 1025 1392 milites
1055 1339 1222 1392 missi
1263 1355 1296 1393 a
1341 1338 1599 1408 regionis
1629 1337 1906 1409 praefecto
1937 1336 2011 1391 ad

348 1425 979 1496 comprehendendum
995 1433 1265 1482 sanctum
1285 1425 1874 1492 Dioscoridem,hunc
1890 1441 2010 1478 non

349 1514 736 1584 invenissent,
770 1514 1112 1569 inciderunt
1153 1516 1215 1569 in
1247 1514 1704 1570 Themistoclem
1732 1530 1871 1568 oves
1901 1529 2010 1584 pa-

351 1609 638 1671 scentem,
672 1621 927 1674 eumque
958 1603 1030 1658 de
1063 1603 1403 1659 Dioscoride
1436 1604 1906 1675 interrogarunt.
1938 1604 2012 1656 At

347 1693 472 1759 ille,
499 1695 599 1762 qui
633 1692 813 1763 probe
840 1698 1104 1760 noverat,
1140 1693 1241 1748 ubi
1287 1693 1337 1747 is
1389 1693 1624 1760 lateret,
1659 1707 1778 1747 non
1809 1697 2006 1747 tamen

347 1781 533 1836 voluit
564 1781 733 1835 illum
769 1782 1038 1853 prodere,
1075 1781 1177 1836 sed
1209 1783 1471 1853 seipsum
1503 1798 1610 1852 pro
1643 1799 1710 1837 eo
1741 1781 2005 1847 tradidit,

2110 559 2393 635 ἐκρέμασε.
2455 561 2552 614 Καὶ
2607 557 2836 634 ἐξέδειρε
2885 560 2947 613 τὸ
3007 557 3182 634 δέρμα
3238 566 3340 630 τῆς
3399 559 3646 637 κεφαλῆς
3683 561 3780 616 αὐ-

2108 657 2232 718 τῆς.
2267 652 2402 705 Εἶτα
2433 645 2685 706 ἐνέϐαλεν
2751 648 2826 712 εἷς
2883 653 3009 724 πῦρ·
3070 649 3158 704 καὶ
3189 647 3348 710 τὲλος
3380 647 3773 726 ἀπεκεφάλισεν

2114 739 2280 807 αὐτὴν
2318 739 2452 812 μετὰ
2481 740 2571 793 καὶ
2623 736 2806 794 ἄλλων
2862 742 2969 793 τῶν
3029 735 3097 793 δι’
3147 738 3311 806 αὐτὴν
3346 739 3772 797 πιστευσάντων.

2682 829 2764 900 Τῇ
2811 827 2946 901 αὖτῇ
2992 826 3192 902 ἡμέρᾳ-

2258 941 2523 1014 ’Άθλησις
2555 947 2651 998 τοῦ
2685 944 2839 1018 ἁγίου
2869 945 3141 1020 μάρτυρος
3171 944 3622 1017 Θεμιστοκλέους.

2188 1061 2293 1117 Επὶ
2324 1069 2424 1131 τῆς
2461 1061 2739 1136 βασιλείας
2797 1064 2990 1117 Δεκίου
3047 1063 3113 1131 ἦν
3169 1063 3328 1126 οὗτος
3364 1065 3390 1118 6
3423 1065 3572 1139 ἅγιος
3604 1071 3773 1139 Θεμι-

2119 1151 2376 1220 στοκλῆς,
2427 1151 2532 1206 ἀπὸ
2576 1159 2676 1222 τῆς
2726 1152 2914 1228 χώρας
2963 1151 3183 1216 Λυκίας.
3245 1150 3478 1210 Ἔϐοσκε
3530 1153 3587 1210 δὲ
3641 1155 3776 1231 πρό-

2119 1234 2256 1295 ϐατα
2285 1239 2336 1294 ἐν
2365 1245 2446 1312 τῷ
2471 1238 2606 1316 ὄρει,
2663 1240 2802 1296 ὅπου
2855 1241 3146 1318 ἐκρύπτετο
3207 1245 3234 1297 6
3284 1245 3438 1317 ἅγιος
3485 1243 3776 1320 Διοσκορί-

2122 1327 2242 1400 δης,
2297 1328 2385 1385 διὰ
2441 1332 2532 1385 τὸν
2594 1328 2864 1406 διωγμόν.
2923 1323 3419 1404 Ἀπεστάλησανδὲ
3451 1338 3774 1410 στρατιῶται

2119 1420 2266 1494 παρὰ
2293 1424 2389 1475 τοῦ
2419 1423 2520 1489 τῆς
2557 1422 2746 1496 χώρας
2800 1419 3090 1497 ἄρχοντος,
3117 1421 3209 1478 ’ίνα
3237 1423 3473 1478 πιάσωσι
3497 1424 3588 1480 τὸν
3621 1425 3774 1501 ἅγιον

2121 1508 2508 1586 Διοσκορίδην.
2545 1511 2639 1566 Καὶ
2705 1513 2780 1584 μή
2841 1510 3178 1586 εὑρίσκοντες
3236 1512 3459 1583 ἐκεῖνον,
3493 1515 3646 1589 εὗρον
3677 1513 3773 1568 τὸν

2120 1597 2492 1672 Θεμιστοκλέα
2550 1599 2816 1676 βόσκοντα
2887 1601 2952 1655 τὰ
3006 1597 3276 1676 πρόϐατα,
3333 1602 3422 1657 καὶ
3481 1604 3776 1678 ἠρώτησαν

2119 1688 2241 1764 περὶ
2298 1693 2396 1743 τοῦ
2445 1687 2820 1765 Διοσκορίδου.
2883 1692 3122 1753 Ἐκεῖνος
3176 1689 3233 1746 δὲ
3288 1693 3595 1767 γινώσκων,
3634 1693 3776 1749 ὅπου

2117 1777 2436 1852 κρύπτεται,
2497 1781 2650 1852 ὅμως
2709 1778 2808 1834 οὐκ
2862 1778 3131 1850 ήθέλησεν
3189 1780 3536 1855 ὁμολογῆσαι
3590 1781 3777 1853 αὑτὸν,

351 1872 659 1926 confessus
684 1888 746 1926 se
765 1872 1168 1928 Christianum
1196 1887 1345 1928 esse.
1371 1873 1561 1937 Quare
1591 1872 1844 1927 vinculis
1875 1887 2005 1925 con-

2121 1868 2307 1922 ἑαυτὸν
2355 1866 2414 1922 δὲ
2461 1851 2568 1924 ἀντ’
2618 1868 2825 1924 ἐκείνου
2880 1851 3614 1946 παρέδωκεν,ἰὸμολογήσας
3648 1851 3782 1945 Χριξ

351 1961 610 2029 strictus,
670 1962 743 2016 ad
802 1962 1148 2034 praefectum
1201 1962 2010 2032 adducitur:Christumque

344 2068 548 2106 coram
581 2052 708 2123 ipso
739 2053 1066 2124 professus,
1108 2054 1358 2124 supinus
1405 2053 1572 2107 humi
1606 2053 1910 2121 sternitur,
1943 2069 2010 2106 ac

349 2140 557 2196 tandiu
589 2143 650 2196 in
674 2147 875 2197 ventre
897 2143 1164 2211 caeditur,
1191 2143 1332 2198 dum
1361 2144 1422 2197 in
1451 2144 1597 2198 duas
1625 2148 1821 2214 partes
1854 2144 2010 2198 scin-

348 2229 420 2283 de
431 2234 680 2296 retur,et
697 2231 980 2286 intestina
996 2230 1590 2286 difﬂuerent.Deinde
1608 2231 1668 2284 in
1689 2231 2006 2302 equuleum

350 2323 539 2387 actus,
576 2323 634 2373 et
684 2324 889 2390 postea
932 2321 1258 2392 depositus,
1307 2337 1486 2391 super
1531 2319 1742 2374 ferreis
1775 2318 2014 2375 tribulis

348 2411 653 2478 raptatur:
684 2413 864 2479 atque
896 2409 978 2463 ita
1005 2409 1278 2478 spiritum
1319 2409 1570 2463 Domino
1603 2409 1865 2464 tradidit.

989 2674 1210 2730 Eodem
1243 2674 1363 2730 die.

348 2763 447 2818 48
492 2763 951 2820 Commemoratio
999 2762 1183 2817 sancti
1233 2764 1416 2817 Patris
1467 2765 1645 2818 nostri
1692 2750 2013 2832 Philogonii

849 2851 917 2889 ex
939 2834 1222 2890 causidico
1244 2837 1504 2903 episcopi.

417 2926 666 2979 Sanctus
688 2924 797 2978 iste
820 2923 1206 2996 Philogonius
1235 2923 1307 2978 ab
1340 2923 1594 2979 infantia
1619 2924 1858 2995 pietatis
1883 2925 2015 2979 cul-

345 3019 456 3080 tor,
493 3013 695 3068 adulta
726 3011 942 3066 deinde
975 3017 1147 3067 astate
1193 3028 1435 3066 uxorem
1468 3012 1658 3080 duxit,
1693 3013 2015 3084 filiumque

343 3101 712 3174 procreavit:
747 3101 1061 3172 factusque
1118 3101 1456 3170 advocatus,
1493 3103 1540 3156 si
1575 3118 1752 3172 quem
1787 3103 2010 3173 injuste

2117 1958 2330 2012 στιανὸν
2364 1960 2522 2017 εἶναι.
2578 1958 2683 2014 Καὶ
2737 1956 2908 2022 δεθεὶς
2963 1957 3236 2034 παρεδόθη
3283 1965 3362 2033 τῷ
3392 1960 3642 2035 ἄρχοντιο
3675 1963 3766 2017 καὶ

2115 2047 2205 2100 τὸν
2267 2048 2498 2123 Χριστὸν
2557 2047 2792 2120 κηρύξας
2850 2048 3076 2104 ἐνώπιον
3145 2049 3329 2120 αὐτοῦ,
3390 2049 3624 2121 ἡπλώθη
3685 2051 3778 2110 ἐπὶ

2115 2138 2213 2204 τὴν
2263 2139 2385 2211 γῆν·
2446 2137 2536 2192 καὶ
2615 2137 2818 2212 ἐτυφθη
2898 2141 3036 2193 κατᾶ
3103 2145 3204 2208 τῆς
3260 2139 3495 2206 κοιλίας,
3544 2138 3649 2203 ἓως
3709 2143 3773 2196 οὗ

2119 2224 2468 2302 διαρῥαγεῖσα
2520 2225 2749 2300 ἐσχίσθη
2813 2226 2889 2289 εἷς
2949 2226 3070 2281 δύο·
3126 2229 3217 2283 καὶ
3273 2228 3338 2283 τὰ
3386 2225 3573 2306 ἔντερα
3602 2229 3774 2285 αὐτοῦ

2117 2314 2465 2389 ἐξεχύθησαν.
2543 2317 2676 2371 Εἶτα
2757 2315 3062 2390 ἐκρεμάσθη
3126 2316 3214 2372 ἐπὶ
3280 2316 3377 2372 τοῦ
3435 2319 3620 2390 ξύλουο
3680 2321 3772 2374 καὶ

2115 2397 2554 2475 καταϐιϐασθεῖς,
2611 2402 2826 2480 σύρεται
2911 2403 3091 2460 ἐπάνω
3170 2401 3445 2482 τριϐόλων
3505 2406 3774 2481 σιδηρῶν.

2119 2493 2217 2547 Καὶ
2275 2490 2450 2554 οὕτως
2537 2493 2854 2568 συρόμενος,
2939 2493 3222 2571 παρέδωκε
3271 2501 3372 2565 τὴν
3448 2499 3633 2573 ψυχὴν
3691 2503 3772 2570 τῷ

2119 2580 2322 2656 Κυρίῳ.

2716 2676 2801 2747 Τῇ
2834 2673 2968 2747 αὐτῇ
3001 2675 3183 2748 ἡμέρᾳ

2120 2761 2328 2833 Μνήμη
2389 2761 2485 2815 τοῦ
2550 2762 2704 2816 ὁσίου
2775 2764 2988 2837 Πατρὸς
3065 2766 3228 2834 ἡμῶν
3287 2761 3627 2841 Φιλογονίου
3681 2768 3777 2820 τοῦ

2359 2850 2680 2926 γενομένου,
2713 2851 2819 2906 ἀπὸ
2861 2849 3177 2929 δικολογου,
3211 2852 3529 2910 ἐπισκόπου.

2191 2941 2365 3004 Οὗτος
2412 2941 2438 2994 6
2498 2940 2652 3015 ἃγιος
2713 2940 3068 3016 Φιλογόνιος,
3110 2944 3366 3013 νηπιόθεν
3400 2938 3637 3011 εὐλαϐὴς
3669 2943 3783 3019 ἐγὲ-

2120 3049 2262 3098 νετο,
2321 3029 2410 3084 καὶ
2469 3028 2641 3094 ἐλθὼν
2694 3029 2774 3092 εἷς
2846 3031 3093 3103 ἠλικίαν,
3147 3027 3310 3086 ἔλαϐε
3381 3033 3471 3086 καὶ
3526 3037 3778 3108 γυναῖκα,

2119 3121 2354 3188 ποιήσας
2408 3121 2496 3174 καὶ
2556 3118 2794 3175 παιδίον.
2856 3123 2992 3177 Εἴτά
3049 3120 3257 3196 ἐγένετο
3316 3124 3635 3198 συνήγορος.
3669 3123 3778 3178 Καὶ

343 3206 696 3262 oppressum
728 3189 1220 3260 laborantemque
1269 3189 1532 3258 vidisset,
1564 3197 1839 3262 suscepta
1867 3192 1997 3263 ejus

2119 3208 2208 3264 ὅτε
2267 3207 2506 3282 εὕρισκεν
2564 3207 2924 3282 ἀδικούμενον
2998 3208 3308 3286 ἄνθρωπον,
3365 3215 3780 3287 καταπονούμε-

344 3294 524 3334 causa
574 3278 856 3348 injuriam
914 3278 1318 3349 propulsabat.
1352 3281 1578 3334 Mortua
1622 3296 1757 3334 vero
1791 3297 1996 3350 uxore,

344 3369 418 3423 ob
452 3367 1015 3422 excellentissimam
1040 3367 1322 3422 virtutem
1351 3384 1521 3422 suam
1551 3372 1728 3439 atque
1750 3368 2002 3439 justitiaa

345 3473 632 3523 amorem,
692 3472 762 3510 ex
820 3456 1101 3511 advocato
1161 3457 1458 3529 suffragiis
1499 3457 1679 3512 totius
1711 3459 1913 3530 p0puli
1945 3463 2004 3513 et

345 3548 761 3619 episcoporum
815 3544 1128 3600 ordinatur
1194 3546 1532 3617 episcopus,
1596 3547 2000 3618 virtutumque

346 3638 612 3692 omnium
646 3640 924 3705 recteque
955 3633 1245 3690 factorum
1278 3634 1597 3706 splendore
1624 3635 1825 3690 lumen
1858 3636 2001 3692 solis

345 3725 661 3796 superavit.
695 3724 828 3778 Fuit
857 3729 1053 3779 autem
1085 3729 1145 3779 et
1175 3723 1489 3795 sapientia,
1521 3729 1579 3778 et
1598 3723 1869 3779 doctrina
1899 3724 2001 3779 ad-

349 3815 660 3870 mirabilis.
686 3815 865 3870 Multa
889 3815 1050 3869 enim
1073 3819 1215 3868 tunc
1236 3819 1363 3868 erat
1383 3830 1618 3868 morum
1641 3813 1998 3884 corruptela,

345 3910 615 3959 cessante
636 3920 827 3973 nuper
847 3903 1282 3974 persecutione,
1307 3908 1367 3957 et
1394 3903 1606 3957 hmresi
1631 3903 1869 3957 initium
1892 3902 2002 3958 du—

351 4000 540 4049 cente.
566 3992 674 4047 Sed
707 3993 859 4046 hanc
885 3993 1081 4046 divino
1109 3992 1399 4047 beneflcio
1426 3992 1705 4047 coercuit.
1734 3993 2002 4063 Cumque

351 4083 644 4138 creditum
678 4081 790 4134 sibi
828 4096 1064 4152 gregem
1122 4081 1342 4151 optime
1399 4081 1667 4147 rexisset,
1701 4082 2000 4152 vitamque

349 4171 677 4243 angelicam
709 4169 772 4224 in
814 4174 969 4223 terra
1016 4169 1299 4235 duxisset,
1332 4169 1393 4224 in
1423 4187 1564 4240 pace
1597 4171 1839 4240 quievit,
1871 4171 2003 4226 ani-

353 4278 513 4317 mam
546 4276 714 4315 suam
744 4259 995 4314 Domino
1027 4258 1289 4314 tradens.

905 4527 1146 4582 EODEM
1200 4527 1451 4584 MENSE.

817 4644 919 4698 Die
948 4642 1228 4698 vicesima
1259 4643 1537 4698 secunda.

354 4763 453 4817 49
491 4762 774 4816 Certamen
825 4765 1024 4815 sanctce
1084 4761 1342 4829 martyris
1392 4761 1722 4831 Anastasiaa,
1769 4768 1821 4815 et
1873 4777 2000 4816 san-

744 4839 958 4886 ctarum
997 4834 1268 4886 sociarum
1300 4831 1609 4888 mulierum.

421 4948 735 5004 Anastasia
756 4952 1000 5019 martyr,
1025 4949 1388 5004 Diocletiano
1411 4950 1788 5021 imperatore,
1805 4952 2002 5005 Romae

355 5038 588 5105 claruit,
649 5037 926 5092 divitibus
985 5054 1052 5093 ac
1109 5037 1410 5093 nobilibus
1466 5040 1811 5110 parentibus
1842 5046 2004 5112 nata,

353 5133 529 5198 atque
560 5143 595 5182 a
623 5130 812 5181 matre
844 5127 1022 5182 ﬁdem
1053 5125 1268 5181 Christi
1302 5125 1529 5192 edocta,
1562 5144 1595 5182 a
1624 5128 2001 5202 Chrysogono

352 5244 488 5282 vero
513 5225 978 5281 Christianorum
1005 5225 1242 5280 doctore
1268 5225 1450 5280 sacris
1472 5225 1686 5282 litteris
1709 5229 1999 5286 instituta.

356 5317 556 5372 Virum
588 5318 786 5370 autem
836 5314 1104 5378 duxerat,
1149 5313 1425 5369 Publium
1469 5316 1730 5384 nomine,
1762 5318 2003 5375 divitem

354 5407 616 5476 quidem,
637 5403 741 5459 sed
765 5403 1088 5458 ethnicum.
1114 5404 1278 5468 Quod
1296 5404 1473 5476 igitur
1492 5406 1859 5464 Christianus
1880 5427 2000 5465 non

355 5503 531 5562 esset,
567 5513 700 5550 eum
735 5494 1047 5550 Anastasia
1066 5494 1291 5562 oderat,
1316 5512 1428 5551 nec
1448 5497 1632 5552 ullam
1655 5499 1708 5554 ei
1737 5502 2000 5571 corporis

355 5587 444 5642 sui
473 5589 826 5658 potestatem
884 5582 1173 5639 faciebat:
1234 5591 1360 5640 erat
1414 5591 1611 5640 autem
1663 5587 1920 5661 benigna
1945 5595 2003 5644 et

355 5675 588 5732 liberali
620 5675 680 5729 in
712 5690 1024 5748 pauperes,
1071 5690 1311 5746 eosque,
1345 5675 1446 5748 qui
1475 5677 1538 5731 in
1567 5677 1818 5733 vinculis
1849 5678 2002 5734 deti-

2107 3319 2217 3368 νον,
2281 3295 2558 3367 ἐδικάζετο
2639 3299 2771 3374 ὑπὲρ
2851 3299 3079 3368 ἐκείνου,
3152 3301 3241 3356 καὶ
3314 3300 3534 3373 ἐξεδίκει
3591 3303 3775 3360 αὐτόν.

2105 3386 2407 3461 Προϊόντος
2441 3385 2499 3442 δὲ
2526 3386 2623 3442 τοῦ
2681 3388 2907 3463 χρόνου,
2961 3387 3305 3461 ἐτελεύτησεν
3335 3393 3368 3459 ἡ
3401 3395 3534 3469 γυνὴ
3587 3394 3773 3451 αὐτοῦ.

2107 3479 2348 3538 Ἐκεῖνος
2405 3473 2466 3530 δὲ
2524 3473 2612 3531 διὰ
2668 3479 2766 3546 τήν
2829 3476 3282 3554 ὑπερϐάλλουσαν
3331 3481 3527 3556 ἀρετὴν
3578 3483 3772 3555 αὐτοῦ,

2105 3566 2196 3619 καὶ
2224 3567 2325 3634 τὴν
2361 3563 2739 3637 δικαιοσύνην,
2788 3567 2907 3622 ἀντὶ
2957 3569 3280 3645 συνηγόρου,
3313 3571 3460 3646 παρά
3506 3576 3602 3627 τοῦ
3633 3571 3774 3629 λαοῦ

2105 3655 2303 3716 παντὸς
2334 3657 2423 3709 καί
2481 3659 2590 3710 τῶν
2647 3655 2958 3711 ἐπισκόπων
3011 3658 3404 3733 ἐχειροτονήθη
3441 3660 3758 3724 ἐπίσκοπος.

2107 3744 2205 3798 Καὶ
2239 3740 2480 3818 ἔλαμψεν
2533 3743 2610 3806 εἷς
2669 3747 2864 3820 ἀρετὴν
2922 3746 3012 3802 καὶ
3060 3747 3126 3802 τὰ
3170 3748 3339 3803 λοιπά
3368 3752 3764 3826 κατορθώματα

2110 3834 2243 3908 ὑπὲρ
2271 3834 2362 3888 τὸν
2397 3833 2580 3902 ἥλιον.
2616 3834 2859 3908 Ἐγένετο
2909 3833 2967 3890 δὶ
3015 3838 3322 3910 θαυμαστὸς
3360 3840 3448 3893 καί
3483 3838 3569 3894 ἐπὶ
3601 3840 3766 3918 σοφίᾳ

2105 3925 2192 3979 καὶ
2227 3923 2312 3979 ἐπὶ
2348 3921 2690 3996 διδασκαλίᾳ.
2751 3924 2939 3994 πολλή
2995 3926 3096 4001 γάρ
3161 3927 3229 3996 ἦν
3260 3927 3383 3982 τότε
3412 3931 3446 3998 ἡ
3483 3926 3764 4001 δυσκολία,

2103 4013 2297 4068 νεωστὶ
2344 4017 2440 4068 τοῦ
2495 4011 2748 4087 διωγμοῦ
2778 4015 3148 4086 παυσαμένου,
3204 4019 3295 4072 καὶ
3357 4025 3459 4088 τῆς
3511 4020 3770 4094 αἱρέσεως

2107 4103 2431 4174 ἀρξαμένης.
2469 4101 2647 4158 Ἀλλά
2701 4103 2792 4157 καὶ
2844 4107 2878 4173 ἡ
2941 4105 3168 4180 αἳρεσις,
3224 4111 3358 4162 Θεοῦ
3409 4107 3617 4183 χάριτι,
3661 4109 3766 4164 ὑπὸ

2103 4191 2299 4246 τούτου
2365 4192 2660 4262 κατελύθη.
2721 4190 2908 4255 Οὕτως
2967 4193 3155 4257 καλῶς
3203 4195 3476 4269 ποιμάνας
3504 4197 3568 4252 τὸ
3599 4198 3766 4270 ἐμπί-

2108 4283 2319 4345 στευθὲν
2381 4282 2527 4354 αὐτῷ
2581 4281 2867 4356 ποίμνιον,
2949 4284 3040 4339 καὶ
3119 4285 3237 4362 βίον
3299 4289 3462 4358 ζήσας
3514 4287 3602 4343 ἐπὶ
3659 4296 3762 4364 γῆς

2107 4369 2378 4446 ἀγγέλων,
2411 4371 2463 4426 ἐν
2512 4371 2704 4447 εἷ’ρήνῃ
2754 4373 3111 4443 ἀνεπαύσατο,
3163 4373 3288 4438 δοὺς
3335 4378 3435 4446 τὴν
3468 4379 3652 4452 ψυχήν
3683 4383 3762 4450 τῷ

2108 4461 2318 4532 Κυρίῳ.

2666 4553 2848 4609 MHNI
2887 4557 2971 4605 ΤΩ
3010 4558 3206 4608 ΑΥΤΩ.

2890 4671 2994 4725 KB‘

2181 4785 2444 4854 Ἀθλησις
2472 4791 2581 4862 τῆςΔ
2606 4784 2757 4862 ἁγία-ς
2783 4786 3091 4862 Μμάρ-τυρος
3147 4789 3499 4852 Ἀναστασίας
3530 4793 3617 4847 καὶ
3650 4797 3759 4846 τῶν

2537 4855 2628 4911 σὺν
2651 4855 2826 4930 ἀὐτῇ
2845 4855 3010 4931 ἁγίων
3040 4865 3331 4934 γυναικῶν.

2180 4973 2240 5022 ’Π
2303 4969 2506 5041 μάρτυς
2561 4968 2885 5025 Ἀναστασία
2942 4969 3189 5046 ὑπῆρχεν
3235 4970 3324 5027 ἐπὶ
3365 4973 3759 5046 Διοκλητιανοῦ

2115 5054 2382 5130 βασιλέως
2414 5055 2465 5112 ἐν
2496 5057 2682 5130 Ῥώμῃ
2736 5060 2804 5130 τῇ
2845 5055 3028 5129 πόλει,
3089 5061 3326 5137 θυγάτηρ
3360 5061 3636 5119 πλουσίων
3667 5065 3758 5120 καί

2111 5145 2342 5220 εὐγενῶν
2368 5142 2592 5221 γονέων.
2622 5145 2726 5201 Καὶ
2786 5146 2890 5201 ὑπὸ
2949 5148 3044 5220 μὲν
3103 5155 3203 5219 τῆς
3239 5153 3475 5226 μητέρος
3509 5152 3759 5225 μανθάνει

2108 5233 2209 5302 τὴν
2267 5233 2343 5295 εἷς
2399 5234 2631 5309 Χριστὸν
2684 5233 2887 5289 πίστιν
2960 5235 3064 5290 ὑπὸ
3123 5233 3180 5290 δέ
3235 5239 3609 5313 Χρυσογόνου,
3665 5245 3762 5296 τοῦ

2110 5326 2446 5395 Χριστιανῶν
2509 5319 2862 5394 διδασκάλου,
2915 5322 2984 5377 τὰ
3031 5324 3151 5400 ἱερά
3201 5325 3514 5402 γράμματα.
3557 5326 3762 5386 Ἐλαϐε

2111 5408 2168 5467 δέ
2197 5409 2364 5486 ἄνδρα
2391 5409 2636 5466 Πόπλιον
2680 5411 2995 5488 λεγόμενον,
3040 5411 3305 5470 πλούσιον
3360 5417 3478 5490 μὲν,
3509 5416 3764 5491 Ἕλληνα

2111 5498 2186 5556 δέ.
2214 5501 2373 5556 Ὅθεν
2405 5499 2493 5554 καὶ
2526 5497 2617 5555 διὰ
2661 5501 2723 5556 τὸ
2760 5502 2837 5574 μὴ
2882 5503 3017 5557 εἶναι
3067 5505 3423 5575 Χριστιανὸν,
3456 5505 3629 5579 ἐμίσει
3663 5509 3760 5564 αὐ-

2107 5588 2340 5657 τυν,καὶ
2397 5589 2458 5644 οὐ
2519 5591 2822 5666 συνήρχετο
2877 5591 3022 5662 αὐτῷ
3077 5591 3152 5654 εἷς
3211 5594 3515 5671 συνάφειαν.
3579 5595 3756 5653 Ἦλέει

2110 5675 2167 5732 δὲ
2195 5677 2320 5740 τοὺς
2367 5680 2648 5754 πτωχοὺς,
2705 5680 2794 5736 καὶ
2856 5676 3210 5738 ἐπεσκέπτετο
3256 5681 3386 5745 τοὺς
3430 5681 3483 5738 ἐν
3511 5682 3757 5763 φυλακῇ.
